4060 6442
484 397 507 461 1
519 397 622 464 179

1677 380 2037 445 ᾸῧΑΤΗΙΞ
2074 374 2573 443 SCHOLASTICI

3594 382 3703 449 1480

482 509 740 581 ψευδέσι
769 522 832 562 τε
866 504 1128 576 χρῆσθαι
1183 503 1472 573 πρότερον
1502 498 1655 553 κατά
1684 494 1986 556 Γουϐάζου
2024 492 2333 559 διαϐολαῖς
2371 492 2810 561 τετολμηκότες
2851 490 2949 545 καὶ
2986 490 3272 545 τάναντία
3297 488 3408 544 τῶν
3452 489 3515 550 εὖ
3544 495 3712 558 διατε..

482 605 796 675 ταγμένων
826 594 1320 671 αὐτεπαγγέλτως
1355 593 1824 665 ἐξειργασμένοι,
1862 591 1981 657 καὶ,
2016 589 2085 644 τὸ
2127 588 2204 658 δὴ
2244 589 2489 642 πάντων
2528 586 3063 655 παρανομώτερον,
3121 587 3260 640 οὔτε
3284 585 3393 656 τὴν
3419 588 3716 666 ἐπιστολὴν

484 697 918 761 ἐπιδείξαντες.
956 693 1038 764 ιΡ.
1077 690 1204 763 115]
1237 689 1393 743 ὥστε
1430 685 1551 740 τῶν
1581 682 2076 756 ἐγγεγραμμένων
2104 678 2499 750 γνωσθέντων
2533 676 2603 731 τὸ
2643 677 2942 746 πρακτέον
2988 676 3256 732 ἑλέσθαι.

559 792 613 844 6.
691 789 807 854 Quo
854 790 1011 858 pacto
1059 787 1223 856 igitur
1278 801 1382 839 non
1414 782 1632 837 illorum
1661 778 1830 835 scelus
1856 778 2075 850 quodvis

2255 782 2329 840 ςι,
2373 774 2506 838 Πῶς
2533 769 2650 829 οὖν
2676 775 2749 828 οὐ
2794 772 3024 839 παντὸς
3072 773 3323 842 ὀλέθρου
3352 776 3448 831 και
3475 785 3723 852 τιμωρίας

491 886 632 942 necis
681 887 773 938 aut
825 883 1073 953 supplicii
1116 897 1276 952 genus
1333 894 1647 949 exsuperare
1676 875 2076 932 censuerimus.’

489 976 703 1046 injuria
754 977 894 1030 enim
945 975 1108 1028 cuivis
1165 971 1321 1026 alteri
1376 972 1553 1038 illata,
1589 987 1671 1024 res
1724 977 1800 1023 est
1825 966 2077 1038 fugienda

487 1072 742 1139 vetitaque
794 1065 1014 1137 legibus,
1073 1067 1336 1136 prtecipue
1361 1065 1411 1119 si
1443 1062 1676 1118 amicum
1702 1072 1751 1116 et
1776 1054 2073 1115 benevolum

484 1161 671 1232 quique
738 1150 1038 1228 frequenter
1098 1156 1335 1227 pericula
1366 1172 1461 1225 pro
1489 1144 1648 1208 sociis
1699 1152 1913 1216 adierit,
1945 1166 2073 1203 con-

484 1254 655 1321 tingat
684 1268 795 1305 esse
824 1269 963 1315 eum,
997 1252 1087 1321 qui
1106 1242 1269 1320 217
1304 1248 1505 1317 injuria
1538 1256 1613 1300 est
1642 1241 1884 1314 affectus.
1944 1241 2077 1307 Quis

481 1344 621 1395 enim
651 1351 728 1396 est
757 1336 846 1412 qui
865 1382 879 1407 ,
915 1338 1143 1395 Persicis
1170 1328 1356 1409 opibus
1383 1336 1723 1406 omnibusque
1748 1328 1897 1388 rebus
1933 1324 2082 1385 obla—

498 1434 590 1495 tis,
627 1431 1038 1485 benevolentiam
1088 1447 1213 1500 erga
1270 1440 1359 1483 vos
1388 1422 1765 1481 commutavit?
1802 1422 1954 1489 Quis,
1987 1422 2079 1492 qui

483 1524 735 1580 Chosrois
801 1516 1096 1577 amicitiam
1161 1530 1500 1591 aspernatus,
1534 1519 1676 1590 apud
1728 1532 1881 1588 quem
1939 1512 2078 1587 faci-

484 1616 551 1669 lis
590 1617 638 1670 ei
673 1616 743 1668 ad
781 1631 1019 1669 summas
1075 1610 1292 1668 divitias
1329 1614 1510 1667 aditus
1554 1611 1832 1678 patuisset,
1877 1608 2079 1662 minore

484 1708 629 1777 apud
674 1723 761 1762 vos
784 1707 898 1760 loco
930 1722 1041 1761 esse
1067 1705 1300 1761 maluit?
1330 1704 1460 1770 Quis
1512 1712 1669 1757 antea
1729 1702 1937 1773 regione
1992 1716 2079 1755 ve-

483 1807 599 1852 stra
628 1797 932 1868 longissimo
964 1802 1193 1865 tempore
1224 1812 1257 1847 a
1288 1793 1457 1848 Medis
1475 1795 1765 1863 :oppressa,
1821 1800 2078 1845 cunctan-

486 1891 727 1960 tibusque
788 1890 960 1943 adhuc
1006 1887 1192 1960 vestris
1249 1882 1492 1949 auxiliis,
1539 1880 1816 1952 confestim
1855 1881 2078 1935 mutatis

485 1954 865 2049 translatisque
898 1954 1132 2043 sedibus,
1186 1974 1453 2028 altissima
1509 1971 1738 2027 Caucasi
1780 1970 2081 2041 jugainse-

482 2070 586 2137 dit,
617 2082 773 2143 atque
800 2071 872 2124 ibi
903 2070 1127 2140 ferinam
1162 2069 1339 2139 potius
1368 2067 1656 2137 quamdam
1706 2066 1869 2118 vitam
1922 2070 2078 2132 agere

2174 869 2469 936 ὑπέρτερα
2506 866 2716 935 πάσης
2740 867 2815 921 τὰ
2854 864 3266 935 τετολμημένα
3301 865 3527 933 δόξοιεν
3551 872 3593 904 ⁸ο
3617 874 3687 928 ἄν
3711 894 3726 941 ,-

2187 959 2408 1013 Ἀδικία
2434 958 2548 1029 γὰρ
2602 959 2703 1013 καὶ
2748 960 2875 1012 κατ’
2905 956 3101 1013 ἄλλου
3139 976 3247 1012 του
3280 960 3579 1032 γιγνομένη
3604 983 3727 1034 φευ-

2175 1051 2323 1104 κτόν
2364 1067 2419 1103 τι
2456 1050 2557 1102 καὶ
2604 1048 3028 1118 ἀπειρημένον,
3071 1044 3335 1118 μάλιστα
3361 1049 3429 1104 δὲ
3466 1055 3517 1106 ει
3568 1057 3730 1124 φίλον

2176 1141 2276 1196 καὶ
2305 1143 2531 1197 εὔνουν
2563 1143 2661 1196 καὶ
2690 1142 2990 1209 πολλάκις
3045 1144 3093 1175 ⁷⁸
3142 1138 3731 1211 προκεκινδυνευκότα

2175 1233 2296 1289 τῶν
2327 1233 2520 1301 πέλας
2549 1222 2703 1288 εἶναι
2734 1235 3000 1305 συμϐαίη
3063 1234 3172 1288 τὸν
3219 1233 3590 1306 ἠδικημένον.
3650 1238 3734 1307 Τίς

2176 1328 2288 1399 γάρ
2322 1330 2355 1381 ό
2385 1327 2491 1382 τοῦ
2522 1326 2771 1398 Περσῶν
2795 1327 3069 1382 πλούτου
3133 1327 3232 1382 καὶ
3291 1327 3409 1382 τῶν
3461 1345 3737 1396 προτεινο-

2170 1417 2374 1488 μένων
2423 1416 2709 1473 άπάντων
2730 1415 2845 1486 τὴν
2883 1418 3027 1486 πρὸς
3082 1416 3241 1487 ὑμᾶς
3273 1418 3514 1473 εὔνοιαν
3566 1419 3736 1475 ἀλλα-

2178 1509 2439 1578 ξάμενος
2461 1525 2480 1573 ;
2520 1510 2615 1576 Τίς
2639 1512 2674 1564 ό
2696 1509 2813 1579 τὴν
2839 1506 3112 1578 Χοσρόου
3136 1510 3179 1540 ⁷¹
3208 1509 3417 1578 φιλίαν
3440 1511 3733 1579 ὑπεριδὼν,

2178 1601 2297 1663 καὶ,
2359 1602 2555 1669 παρὸν
2598 1596 2799 1656 ἐκεῖσε
2827 1601 2980 1669 πρὸς
3025 1601 3328 1671 μεγίστην
3379 1598 3740 1672 εὐδαιμονίαν

2178 1692 2471 1762 χωρῆσαι,
2502 1694 2571 1748 τὸ
2622 1685 2758 1764 παρδ
2788 1688 2934 1765 ὑμῖν
2965 1694 3226 1749 ἔλαττον
3257 1692 3577 1763 ἀγαπήσας
3603 1711 3623 1762 ;
3657 1696 3741 1763 Τίς

2179 1788 2213 1838 ό
2266 1788 2559 1855 πρότερον
2590 1785 2704 1855 τῆς
2758 1785 2957 1856 χώρας
3006 1784 3126 1842 ὑπὸ
3159 1785 3383 1854 Μήδων
3442 1784 3539 1840 ἐπὶ
3589 1784 3742 1841 πλεῖ-

2178 1871 2332 1929 στον
2364 1879 2591 1945 χρόνον
2621 1868 2993 1947 πιεζομένης,
3021 1875 3271 1944 καὶτῆς
3296 1878 3433 1945 παρ’
3458 1876 3618 1946 ὑμῶν
3636 1879 3743 1932 ἐπι-

2181 1968 2429 2035 κουρίας
2474 1969 2563 2022 έτι
2604 1971 2987 2038 μελλούσης,
3026 1969 3335 2038 μεταστὰς
3394 1969 3608 2036 ἀθρόον
3656 1970 3746 2026 και

2177 2061 2680 2132 μετοιρκισάμενος
2709 2061 2755 2095 ’³
2797 2063 2892 2116 ἐπ’
2930 2062 3119 2130 αὐτὰς
3175 2062 3380 2133 δήπου
3430 2062 3537 2129 τὰς
3584 2058 3745 2132 ὐπερ-

482 2165 759 2226 sustinuit,
789 2181 947 2234 quam
981 2163 1211 2216 hostium
1236 2160 1615 2230 muniﬁcentia,
1662 2156 1878 2211 domum
1904 2171 2075 2209 rever-

2180 2156 2364 2222 ϐολὰς
2392 2154 2499 2211 τοῦ
2529 2154 2878 2221 Καυκάσου,
2924 2152 3183 2209 ἐνταῦθά
3231 2171 3295 2208 τε
3331 2154 3583 2224 θηριώδη
3628 2172 3747 2208 τινα

481 2273 592 2321 sus,
612 2256 845 2311 molliter
867 2264 915 2310 et
944 2255 1167 2310 delicate
1198 2254 1409 2309 vivere?
1432 2250 1564 2317 Quis
1586 2249 1791 2305 tandem
1814 2250 1837 2303 ?
1862 2246 1966 2302 Ille
1990 2247 2078 2300 cui

481 2348 617 2402 nihil
641 2348 769 2402 adeo
792 2356 905 2402 erat
932 2347 1159 2400 arduum
1183 2356 1231 2400 et
1266 2360 1441 2416 grave,
1460 2342 1621 2414 quod,
1645 2344 1690 2396 si
1712 2350 1887 2396 vestra
1911 2352 2077 2393 causa

481 2440 815 2493 tolerandum
839 2447 992 2504 esset,
1047 2437 1437 2509 reformidant,
1474 2434 1739 2499 Gubazes,
1790 2450 1820 2487 ο
1854 2433 2015 2503 leges,
2046 2449 2081 2489 o.

481 2531 732 2596 iustitia!
754 2532 865 2595 ille,
894 2532 1131 2601 inquam,
1157 2526 1395 2584 Gubazes
1420 2526 1768 2596 deiectionem
1789 2522 1859 2578 ad
1893 2523 2075 2578 Medos

488 2634 724 2687 tentans,
756 2623 847 2677 ille
880 2634 1160 2694 tyrannus,
1196 2621 1287 2675 ille
1329 2618 1687 2673 Romanorum
1712 2618 1956 2687 proditor
1979 2633 1999 2682 ;
2026 2625 2076 2671 et

479 2730 646 2771 ccesus
670 2725 747 2769 est
769 2732 799 2769 a
815 2714 1034 2769 Rustico
1052 2724 1101 2769 et
1117 2709 1348 2779 Joanne,
1366 2712 1496 2766 adeo
1514 2710 1737 2781 nefariis
1759 2708 2078 2780 abjectisque

480 2808 801 2873 hominibus,
860 2807 940 2862 vir
999 2818 1090 2860 rex
1142 2807 1334 2859 ductas
1388 2820 1408 2859 :
1460 2806 1551 2875 qui
1622 2804 1835 2859 etiamsi
1898 2819 2078 2856 revera

481 2902 799 2971 ejuscemodi
833 2898 1046 2954 crimini
1093 2899 1274 2969 fuisset
1300 2898 1585 2961 obnoxius,
1634 2913 1735 2950 non
1781 2906 1957 2950 tamen
2007 2896 2077 2950 il-

481 2994 591 3048 lum
622 2994 808 3048 statim
840 2994 903 3047 ab
928 2994 1010 3047 his
1041 3009 1067 3046 e
1107 2994 1278 3046 medio
1300 2991 1420 3045 tolli
1449 2986 1741 3060 oportebat,
1777 2989 1868 3043 sed
1897 2990 2076 3060 potius

482 3098 542 3143 ut
608 3105 727 3142 reus
784 3096 1028 3157 peractus
1088 3086 1426 3140 cunctantius
1454 3102 1487 3138 a
1521 3084 1788 3139 communi
1815 3082 2081 3138 Romano-

483 3198 602 3235 rum
645 3182 851 3251 pariter
895 3191 942 3236 et
974 3180 1287 3236 Colchorum
1320 3179 1659 3247 imperatore,
1702 3186 1882 3249 utpote
1904 3179 2080 3232 maxi-

483 3291 569 3326 mo
594 3274 931 3343 omniumque
958 3268 1395 3333 eminentissimo,
1429 3271 1616 3325 merito
1659 3268 1916 3338 supplicio
1961 3269 2075 3340 aﬁi-

482 3378 707 3423 ceretur.
748 3360 939 3420 Verum
979 3382 1097 3420 rum
1127 3366 1277 3419 nulla
1304 3362 1411 3419 illis
1443 3365 1680 3434 legitima
1708 3360 1865 3434 hujus
1919 3359 2076 3418 cwdis

2178 2244 2416 2302 δίαιταν
2456 2246 2703 2318 μᾶλλον
2763 2247 3040 2315 ὑποστὰς
3102 2245 3394 2318 μετιέναι,
3442 2247 3480 2315 ἢ
3544 2263 3746 2316 προση-

2179 2338 2444 2410 κάμενος
2472 2339 2590 2408 τὴν
2622 2334 2743 2394 τῶν
2797 2324 3104 2410 πολεμίων
3145 2341 3610 2409 φιλοφροσύνην
3662 2341 3748 2393 καὶ

2177 2433 2442 2500 καταϐὰς
2476 2426 2633 2487 οἴκοι
2659 2432 2867 2503 μένειν
2883 2433 2952 2486 ἐν
2972 2433 3294 2501 εὐπαθείᾳ;
3332 2433 3430 2498 Τίς
3450 2422 3748 2501 δὴόὗνοῦ-

2178 2540 2320 2591 τος;
2348 2523 2618 2589 Ἐκεῖνος
2640 2518 2674 2578 δ
2699 2514 2899 2595 μηδὲν
2912 2523 3032 2578 τῶν
3046 2524 3280 2590 δεινῶν,
3297 2520 3430 2594 ἧν⁷³
3473 2542 3529 2579 τι
3563 2525 3750 2580 παθεῖν

2177 2615 2333 2687 ὑπὲρ
2348 2608 2515 2687 ὑμῶν
2538 2614 2684 2681 ἔδει,
2706 2610 3584 2686 κατορῤωδήσας.Γουϐάζης,ὦ
3601 2617 3749 2686 νόμοι

2178 2708 2279 2764 καὶ
2310 2710 2451 2779 δίκη
2474 2704 2496 2764 !
2518 2713 2552 2765 ό
2562 2701 2850 2780 μηδίσας,
2883 2713 2916 2764 ό
2938 2711 3254 2778 τύραννος,
3292 2712 3330 2765 ό
3366 2710 3441 2765 τὰ
3478 2709 3751 2780 Ῥωμαίων

2179 2819 2332 2857 κατα
2342 2802 2670 2871 προέμενος
2695 2819 2711 2835 ο
2735 2803 2834 2857 καὶ
2867 2801 3156 2868 τέθνηκεν
3177 2802 3302 2858 ὑπὸ
3331 2800 3678 2858 Ῥουστίκου
3699 2815 3751 2857 τε

2179 2895 2279 2948 καὶ
2322 2892 2630 2959 Ἰωάννου,
2667 2893 2989 2965 ,ϐδελυρῶν
3012 2894 3167 2949 οὕτω
3202 2888 3308 2949 καὶ
3340 2895 3751 2949 καταπτύστων

2179 2985 2525 3056 ἀνθρώπων,
2570 2985 2728 3057 ἀνὴρ
2761 2986 3068 3052 ,βασιλεύς
3091 3001 3105 3014 ·
3142 2979 3308 3055 ᾧπερ
3337 2986 3393 3040 ει
3440 2983 3540 3039 καὶ
3582 2984 3752 3038 τοιού-

2178 3097 2287 3134 του
2314 3077 2511 3149 μετῆν
2533 3079 2615 3144 ὡς
2668 3068 2909 3144 ἀληθῶς
2978 3069 3417 3146 ἐπικλήματος,
3464 3075 3599 3131 ἀλλ’
3654 3075 3752 3143 οὐχ

2177 3172 2301 3229 ὑπὸ
2344 3173 2575 3226 τούτων
2604 3170 2792 3225 αὐτὸν
2832 3159 3023 3238 ἐχρῆν
3066 3167 3252 3237 εὐθὺς
3276 3170 3331 3203 ⁷⁸
3365 3167 3751 3239 ἀνηρπάσθαι,

2179 3264 2456 3335 κριθέντα
2482 3263 2551 3317 δὲ
2574 3259 2821 3333 μᾶλλον
2853 3261 3256 3330 σχολαίτερον
3288 3261 3414 3317 ὑπὸ
3442 3262 3550 3316 τοῦ
3571 3259 3753 3315 κοινοῦ

2190 3355 2495 3427 Ῥωμαίων
2535 3370 2602 3408 τε
2638 3348 2739 3407 καὶ
2766 3352 3019 3422 Κόλχων
3036 3351 3354 3418 ,βασιλέως
3378 3352 3486 3409 ἅτε
3510 3348 3584 3421 δὴ
3606 3351 3751 3422 μεγί-

481 3460 847 3531 perpetranda:
875 3476 1036 3512 causa
1067 3459 1248 3529 fuerit,
1282 3459 1371 3513 sed
1406 3459 1583 3527 potius
1610 3462 1859 3513 vesanum
1904 3457 2075 3527 quod-

2180 3463 2334 3501 στου
2376 3446 2474 3500 καὶ
2526 3445 2610 3510 τῷ
2679 3448 2860 3499 παντὶ
2913 3444 3278 3515 κρείττονος,
3345 3446 3753 3517 προσηκόντως

483 3551 840 3607 άαιιιοοὰἱιιιη
858 3569 922 3606 ex
946 3551 1111 3622 218
1140 3550 1431 3605 invidentia
1462 3561 1633 3604 ortum
1655 3566 1713 3605 eo
1751 3550 2070 3621 provexerit,

483 3643 845 3698 uerisimiliter
889 3654 1029 3696 recto
1077 3642 1299 3696 consilio
1342 3653 1391 3697 et
1419 3645 1706 3715 moderatae
1738 3641 2070 3711 cogitationi,

482 3735 701 3806 ejusque
756 3736 895 3807 quod
941 3737 1170 3789 maxime
1224 3733 1554 3789 conducibile
1603 3746 1735 3789 esset
1785 3733 2073 3805 cognitioni

485 3816 691 3883 nullum
731 3838 930 3899 tempus
971 3830 1317 3899 reliquerunt,
1345 3828 1433 3883 sed
1457 3826 1562 3882 soli
1596 3828 1774 3882 animo
1825 3827 2073 3897 superbia

484 3922 623 3975 elato
666 3921 888 3992 odioque
935 3921 1191 3991 ﬂagranti
1232 3921 1465 3975 habenas
1487 3920 1731 3975 laxantes
1765 3934 2074 3990 omnemque

485 4009 844 4077 permittentes
897 4009 1213 4075 libertatem,
1277 4011 1516 4081 quodque
1573 4009 1741 4064 multo
1772 4020 1894 4064 ante
1943 4018 2074 4065 tem-

484 4120 609 4176 pore
639 4105 994 4173 praemeditati
1022 4116 1172 4160 erant
1203 4114 1252 4160 et
1316 4108 1700 4176 parturierant,
1755 4107 1851 4161 hoc
1893 4116 2069 4178 pacto,

485 4198 814 4251 occasionem
850 4197 1012 4263 nacti,
1046 4206 1168 4251 sunt
1201 4198 1454 4263 exsecuti,
1488 4198 1620 4252 adeo
1647 4207 1704 4251 ut
1746 4213 1908 4268 neque
1934 4212 2074 4266 pra:-

484 4291 647 4345 sentis
690 4290 940 4359 temporis
969 4298 1172 4344 statum
1208 4290 1556 4355 observarint,
1597 4288 1689 4343 sed
1745 4304 1808 4343 ne
1867 4290 2075 4359 cogita-

485 4383 593 4437 rint
637 4381 885 4452 quidem.
954 4382 1096 4434 Adeo
1147 4382 1310 4448 enim,
1356 4380 1558 4451 difﬁcili
1618 4379 1752 4434 bello
1785 4390 2070 4451 premente,

484 4472 826 4543 prudentium
873 4471 1106 4525 virorum
1173 4479 1285 4526 erat
1337 4473 1501 4526 etiam
1549 4472 1852 4542 peregrinas
1909 4489 2074 4544 neque

485 4568 660 4622 adhuc
713 4574 864 4621 notas
919 4568 1160 4622 nationes
1210 4568 1314 4623 sibi
1372 4568 1705 4623 humanitate
1764 4569 2071 4624 conciliare.

488 4657 564 4714 Hi
594 4674 714 4713 vero
740 4660 900 4713 etiam
923 4675 1032 4722 eos,
1056 4658 1150 4731 qui
1164 4659 1490 4729 jampridem
1544 4668 1694 4713 erant
1745 4659 2074 4729 conjunctis-

487 4753 611 4808 simi
630 4751 902 4821 Romanis,
934 4754 1197 4808 debellare
1222 4754 1445 4808 maximi
1475 4753 1751 4823 fecerunt,
1778 4764 1827 4809 et
1861 4753 2074 4825 quidem

2179 3536 2603 3609 τιμωρηθῆναι.
2700 3536 2864 3593 Ἀλλ’
2941 3536 3150 3607 ἐπειδὴ
3225 3534 3462 3607 ταύτης
3537 3533 3610 3605 δὴ
3661 3534 3756 3603 τῆς

2173 3630 2525 3702 μιαιφονίας
2551 3631 2713 3684 alsia
2733 3627 2852 3700 μέν
2883 3629 3089 3696 αὐτοῖς
3127 3628 3376 3698 ἔνδικος
3428 3633 3541 3700 οὐχ
3584 3624 3750 3698 ὑπῆν,

2179 3724 2507 3795 δυσμένεια
2535 3714 2604 3777 δὲ
2622 3720 2865 3809 μᾶλλον
2908 3715 3253 3793 παράλογος
3286 3725 3415 3780 ὑπὸ
3429 3723 3755 3813 ,ϐασκανίας

2178 3818 2267 3883 εὶς
2320 3815 2499 3871 τοῦτο
2540 3813 2732 3869 κακοῦ
2768 3815 3139 3884 προηγμένη,
3181 3814 3438 3883 εἰκότως
3490 3813 3755 3881 εὐϐουλίᾳ

2172 3908 2291 3980 μέν
2321 3909 2420 3965 καὶ
2463 3906 2734 3979 λογισμῷ
2763 3907 3027 3976 σώφρονι
3073 3902 3173 3961 καὶ
3207 3902 3288 3978 τῇ
3320 3906 3433 3962 τοῦ
3455 3907 3755 3961 συνοίσον-

2177 4019 2274 4068 tot;
2325 3999 2646 4071 ἐπιγνώσει
2700 3996 2923 4052 οὐδένα
2981 3992 3262 4066 παρῆκαν
3313 3998 3548 4065 καιρὸν,
3608 3997 3752 4065 μόνῳ

2177 4092 2247 4146 δὲ
2279 4091 2361 4157 τῷ
2409 4083 2884 4158 αύθαδιιιζομένῳ
2934 4084 3045 4156 τῆς
3075 4083 3291 4157 ψυχῆς
3326 4090 3429 4143 καὶ
3482 4087 3753 4158 χαλεπαίο

2177 4201 2345 4239 νοντι
2364 4176 2612 4250 πολλὴν
2626 4181 2939 4252 παρέσχον
2953 4181 3327 4250 αὐτονομίαν
3349 4197 3362 4210 ο
3383 4181 3482 4235 καὶ
3515 4176 3576 4235 τὸ
3590 4180 3751 4250 μελεο

2177 4273 2362 4342 τηθὲν
2376 4273 2587 4328 ἐκπολεί
2589 4289 2740 4328 στου
2756 4271 2856 4326 καὶ
2875 4269 3242 4340 ὠδινόμενον
3261 4271 3425 4325 οὔτω
3442 4287 3568 4337 πως
3578 4271 3644 4323 ἐκ
3662 4266 3753 4322 τοῦ

2179 4365 2571 4434 παρείκοντος
2608 4364 2654 4395 ⁷⁸
2712 4362 2981 4432 ἔδρασαν
3006 4406 3022 4431 ,
3055 4358 3131 4430 ὡς
3180 4363 3343 4432 μήτε
3398 4360 3518 4432 τὴν
3580 4359 3753 4430 ἀκμὴν

2178 4455 2287 4512 τοῦ
2335 4457 2635 4525 παρόντος
2692 4450 2916 4525 χρόνου
2968 4448 3387 4525 φυλάξασθαι,
3444 4455 3601 4526 μήτε
3641 4452 3756 4523 μὴν

2179 4542 2592 4617 διανοηθῆναι.
2624 4542 2901 4617 Πολέμου
2941 4546 3052 4617 γὰρ
3091 4548 3394 4602 τοσούτου
3464 4559 3754 4615 περιεστη-

2180 4642 2379 4708 κότος,
2417 4639 2731 4711 ἐμφρόνων
2759 4639 2879 4710 μέν
2929 4632 3166 4708 ἀνδρῶν
3212 4639 3398 4711 ἔργον
3438 4638 3519 4694 ἂν
3557 4635 3634 4709 ἦν
3668 4635 3754 4690 καὶ

2179 4732 2254 4786 τὰ
2301 4731 2447 4797 ξένα
2492 4732 2593 4786 καὶ
2647 4733 2812 4789 οὔπω
2849 4731 3111 4803 γνώριμα
3165 4731 3287 4787 τῶν
3323 4730 3523 4786 ἐθνῶν
3567 4728 3753 4796 εὐνοίᾳ

485 4833 745 4918 quantum
788 4848 842 4902 in
887 4814 1031 4916 ipsis
1086 4849 1246 4903 situm
1270 4857 1369 4914 est,
1399 4814 1635 4901 hostibus
1668 4814 1836 4903 dediti
1867 4814 2071 4914 sumus,

2185 4823 2616 4892 προσάγεσθαι.
2675 4814 2852 4879 Οὗτοι
2878 4821 2947 4877 δὲ
2986 4822 3087 4877 καὶ
3135 4822 3280 4890 τοὺς
3320 4824 3370 4856 ⁷⁸
3422 4823 3629 4892 πρώην
3680 4823 3753 4874 ol-

483 4936 810 4991 insidiamur
832 4935 949 5007 jam
980 4938 1110 4992 olim
1136 4939 1497 5003 amicissimis,
1541 4939 1685 5010 regio
1735 4948 1920 4994 nostra
1946 4937 2075 4992 Per~

2177 4927 2516 4995 κειοτάτους
2577 4926 2995 4998 ἐκπολεμῶσαι
3052 4930 3363 4999 Ῥωμαίοις
3405 4932 3543 4998 περὶ
3601 4928 3752 4981 πλεί-

484 5026 667 5084 sah‘tm
701 5040 806 5092 est.
831 5039 881 5085 et
908 5032 1086 5100 patria
1118 5031 1367 5084 instituta
1394 5047 1609 5100 prorsus
1638 5030 1838 5085 abolita
1866 5049 1886 5098 ;
1915 5047 2075 5102 quan-

2177 5048 2331 5087 στου
2378 5033 2736 5101 πεποίηνται
2762 5050 2775 5065 ·
2830 5032 2952 5098 καὶ,
2995 5034 3066 5087 τό
3102 5050 3169 5103 γε
3195 5015 3371 5104 ’ἧκον
3416 5036 3504 5099 είς
3525 5029 3749 5094 αὐτοὺς,

486 5131 543 5177 ta
570 5123 845 5178 seditionis
878 5134 1031 5194 atque
1064 5124 1323 5179 tumultus
1354 5124 1593 5178 intestini
1614 5125 1820 5194 furiosa
1842 5124 2075 5194 judicia.

2177 5106 2773 5197 προσκεχωρήκαμεν
2829 5127 2954 5193 τοῖς
3000 5128 3322 5194 ἐναντίοις,
3381 5124 3747 5180 ἐπιϐουλεύοι

487 5213 754 5280 Quocirca
782 5232 901 5272 cum
927 5219 1038 5272 hac
1061 5219 1241 5271 omnia
1274 5218 1351 5272 ita
1380 5233 1436 5272 se
1471 5217 1718 5283 habeant,
1758 5227 1807 5271 et
1839 5233 1919 5271 res
1981 5233 2075 5271 no-

2177 5237 2292 5291 μεν
2339 5220 2466 5288 τοῖς
2514 5221 2705 5276 πάλαι
2762 5220 3091 5291 φιλτάτοις,
3120 5220 3159 5287 ἠ
3205 5218 3372 5288 χώρα
3404 5216 3670 5287 Περσῶν,
3690 5217 3749 5266 τὰ

487 5318 614 5361 stra:
668 5309 800 5364 adeo
850 5310 995 5364 omni
1027 5326 1092 5363 ex
1119 5319 1271 5380 parte
1295 5310 1402 5363 sint
1438 5309 1708 5377 collapsa,
1738 5312 1818 5365 ita
1842 5311 2004 5381 digna
2033 5311 2075 5365 si

2187 5310 2431 5381 πατρῷα
2513 5311 2736 5381 νόμιμα
2782 5309 3037 5380 φροῦδα,
3111 5309 3308 5363 πάντα
3393 5307 3742 5377 συμϐέϐηκεν

485 5411 604 5465 qua:
631 5400 925 5470 excogitari
959 5403 1163 5470 possint
1191 5400 1452 5470 supplicia
1479 5400 1598 5454 istis
1623 5411 1747 5455 sunt
1780 5401 2074 5473 inferenda.

2186 5401 2476 5472 ἀτεχνῶς,
2519 5402 2719 5456 ὁπόσα
2746 5400 3024 5467 στάσεώς
3069 5415 3135 5453 τε
3183 5397 3281 5454 καὶ
3349 5396 3619 5467 ταραχῆς
3660 5394 3749 5461 ἐμ·

488 5485 550 5541 Si
577 5490 715 5543 enim
738 5491 900 5545 etiam
931 5507 1024 5546 nos
1053 5492 1152 5562 ﬁdi
1188 5508 1314 5562 erga
1354 5489 1618 5546 Romanos
1682 5502 1734 5547 et
1780 5503 2075 5548 constantes

2185 5495 2414 5564 φυλίας
2452 5477 2835 5565 γνωρίσματα
2876 5489 3166 5564 μανιώδη.
3229 5491 3318 5563 [Ρ.
3356 5488 3485 5561 114]
3533 5481 3746 5567 οὐκοῇν

1784 5645 2023 5702 ἾΑΒΙΛΕ
2051 5641 2466 5703 LECTIONES.

558 5738 606 5771 ⁶⁹
645 5736 847 5802 δόξαιεν
876 5737 945 5807 R,
979 5738 1184 5802 δόξειεν
1218 5738 1367 5810 vulg.
1415 5741 1512 5794 καὶ
1545 5754 1656 5795 om.
1696 5739 1763 5793 R.
1840 5742 1887 5773 ὀ
1914 5740 2011 5793 καὶ
2046 5750 2173 5797 ante
2196 5737 2459 5804 πολλᾶκις
2487 5755 2598 5795 om.
2622 5738 2690 5793 R.
2766 5741 2810 5772 ’ί
2854 5740 3099 5864 Κοσεόου
3137 5740 3265 5812 Sph.
3298 5740 3429 5795 Par.
3475 5724 3552 5779 ’τί
3577 5746 3743 5803 μετοι-

558 5806 786 5864 σάμενος
815 5807 883 5864 R.
924 5808 1396 5864 μετοικησάιιενος
1421 5811 1569 5864 vuln.
1646 5811 1691 5842 ⁷³
1717 5807 1784 5864 iw
1813 5826 1909 5864 nro
1931 5806 2025 5863 οὖν
2060 5806 2125 5864 R.
2204 5810 2251 5842 ⁷⁸
2283 5809 2447 5864 αὐτὸν
2475 5812 2595 5864 ὲγο.
2625 5808 2787 5864 εὐθὺς
2813 5810 2877 5864 Β.
2904 5812 2965 5864 εὑ
3009 5851 3024 5864 .
3057 5812 3178 5864 tua.
3206 5811 3332 5864 αὐτ.
3366 5809 3513 5864 vulg.
3586 5804 3630 5836 "
3651 5814 3740 5854 ιη·

490 5806 883 5885 κηάμενος-11,
924 5804 1396 5885 μετρικησάμεῦος
1421 5811 1569 5885 vulg,
1618 5807 1784 5885 _"’_i1v
1813 5826 1909 5880 pro
1931 5806 2025 5885 οὖν
2060 5806 2125 5867 ιι.
2184 5810 2251 5885 »⁷⁸
2283 5809 2447 5866 αὐτὸν
2475 5812 2595 5882 ὲχρ.
2625 5808 2787 5874 εὐθὺς
2813 5810 2878 5879 Β,
2904 5804 3024 5868 εὑθ.
3057 5804 3193 5883 exp:
3206 5811 3332 5867 αὐτ.
3366 5809 3513 5879 vulg.
3586 5804 3630 5836 "
3651 5814 3740 5854 ιη·

494 5885 769 5953 ρεικοντος
800 5880 867 5947 Β,
895 5878 1244 5951 «summm:
1266 5882 1415 5954 vulg.
1496 5878 1541 5913 ⁷³
1574 5881 1642 5937 τὰ
1676 5880 1721 5935 Β
1742 5878 1844 5954 pri)
1862 5880 2007 5946 τούς.
