4060 6448
351 415 486 487 ιιδι

1514 419 2057 481 HISTORIARUM
2087 419 2322 481 LIBER
2356 421 2454 484 IV.

3481 417 3619 482 1482

337 533 421 595 ὡς
446 527 674 584 τούτων
712 522 995 582 ἁπάντων
1005 520 1159 594 ἔργῳ
1183 518 1625 592 προελθόντων,
1657 534 1755 579 καὶ
1781 542 1931 579 παν-

2039 540 2235 594 sumus,
2255 542 2359 579 non
2387 535 2464 581 est
2496 534 2668 581 tamen
2695 541 2923 595 (equum,
2951 541 2982 579 o
3010 524 3199 596 judex,
3229 534 3284 578 ut
3317 525 3370 577 lii
3403 526 3618 579 lenitate

336 622 594 692 ταχόθεν
620 617 765 689 ἡμῖν
787 615 907 671 τῶν
928 615 1315 685 πραγμάτων,
1338 602 1756 693 διαρρυέντων,
1776 616 1929 669 οὕτω

336 711 550 777 ποινὰς
562 710 740 775 ἀξίας
753 705 1148 773 αὑτοῖς-,εἴπερ
1164 704 1277 772 ἄρα
1291 704 1388 758 καὶ
1400 702 1600 772 εὑρεῖν
1607 704 1847 759 ἔνεστιν
1859 706 1903 737 ⁷⁷
1911 745 1928 772 ,

2035 625 2216 669 nostra
2236 617 2546 682 abutantur,
2580 618 2854 689 minusque
2885 617 3091 688 aliquid
3128 617 3421 686 patiantur,
3456 630 3617 686 quant

2037 708 2295 778 facinoris
2321 711 2580 764 atrocitas
2608 711 2866 781 postulat.

334 801 649 858 ἐπακτέον.
683 802 755 855 El
788 797 899 869 γὰρ
930 798 1029 852 καὶ
1054 795 1228 866 ’ἡμεῖς
1257 795 1459 850 πιστοὶ
1490 795 1643 866 πρὸς
1667 797 1994 866 Ῥωμαίους
2025 800 2124 854 καὶ
2153 800 2382 865 βέϐαιοι
2412 803 2789 873 τυγχάνομεν
2830 805 3035 870 ὄντες,
3077 804 3215 858 ἀλλ’
3252 803 3324 856 οὐ
3358 801 3614 857 δίκαιον.

333 893 382 952 ὧ
412 895 667 950 δικαστά
699 894 768 960 ⁷⁸,
803 891 913 961 τῆς
936 893 1223 963 ἡμετέρας
1267 891 1588 955 ἐπιεικείας
1664 891 1916 959 τούτους
1949 896 2311 960 ἀπόνασθαι,
2350 896 2447 950 καὶ
2474 892 2659 967 ἧττόν
2692 916 2745 951 τι
2786 899 3016 963 παθεῖν,
3063 897 3101 965 ἣ
3134 897 3401 950 καθόσον
3430 896 3468 962 ἠ
3508 892 3617 945 τοῦ

335 987 759 1060 ἐγχειρήματος
790 984 1081 1049 ,βούλεται
1108 984 1317 1052 φύσις.

407 1080 474 1145 ζ’.
509 1078 671 1133 Οὕτω
726 1077 785 1131 δὲ
831 1075 942 1129 τῶν
1027 1076 1359 1146 κατηγόρων
1425 1077 1536 1138 τοῖς
1585 1074 1927 1146 ὲπικλὴμασι

336 1169 722 1245 χρησαμένων,
749 1168 819 1221 τὰ
868 1166 1051 1239 πλήθη
1119 1169 1229 1220 τῶν
1296 1166 1526 1236 Κόλχων
1574 1164 1763 1235 (αὑτοῦ
1817 1167 1928 1237 γὰρ

339 1260 719 1332 συνήθροιστο)
770 1257 989 1312 ἐπαΐειν
1041 1256 1141 1327 μὲν
1189 1256 1251 1310 οὐ
1301 1256 1450 1327 μάλα
1519 1254 1782 1326 ἠδύναντο
1827 1257 1928 1327 τῆς

336 1351 444 1407 τῶν
473 1351 650 1420 λόγων
675 1348 1021 1418 ἀπαγγελίας
1066 1348 1100 1418 ἢ
1134 1348 1234 1418 τῆς
1266 1348 1314 1380 ⁷⁵
1342 1347 1457 1401 τῶν
1487 1346 1779 1419 νοημάτων
1817 1347 1928 1400 δειέ

338 1442 580 1512 νότητος·
603 1441 754 1509 ὅμως
769 1440 827 1493 δὲ
844 1439 903 1493 τὸ
929 1438 1117 1511 χρῆμα
1140 1438 1566 1508 γιγνώσκοντες,
1604 1438 1689 1506 ἐφ’
1709 1433 1863 1510 ᾧπερ
1879 1438 1927 1470 ⁸ο

335 1536 546 1589 ἕκαστα
613 1533 882 1603 ἐτύγχανε
939 1531 1285 1604 προηγμένα,
1380 1533 1808 1606 ἀγωνιζομένοις
1866 1538 1927 1586 τε

332 1626 522 1688 αὐτοῖς
574 1624 656 1676 ἔτι
694 1623 1070 1695 συνεμόχθουν
1123 1624 1191 1695 τῇ
1251 1622 1561 1694 προθυμίᾳ,
1628 1625 1724 1679 καὶ⁵
1783 1640 1927 1691 συμ-

334 1717 670 1789 περιήγοντο
721 1717 842 1779 ταῖς
887 1713 1213 1786 μεταϐολαῖς
1246 1713 1358 1768 τῶν
1388 1714 1688 1787 σχημάτων
1713 1732 1727 1746 ’
1783 1713 1927 1767 οὕτω

331 1826 393 1862 τε
425 1810 524 1869 τὰς
573 1808 754 1879 ψυχὰς
783 1808 1068 1871 διέκειντο,
1101 1806 1176 1870 ὡς
1209 1807 1275 1862 ἂν
1305 1806 1490 1870 αὐτοῖς
1553 1808 1754 1859 ἐκεῖνοι
1796 1822 1929 1875 φρο-

332 1904 579 1972 νήματος
615 1899 763 1970 ἔχειν
812 1900 846 1970 ἦ
881 1899 1065 1952 οἴκτου
1116 1896 1357 1952 ἐδόκουν.
1393 1897 1505 1952 Καὶ
1561 1894 1681 1952 εἶτα
1740 1897 1926 1968 ἐπειδὴ

331 1992 431 2048 τοῦ
467 1990 786 2063 ῥητορεύειν
812 1991 1143 2053 ἐπέπαυντο,
1188 1989 1393 2043 αὐτίκα
1422 1990 1564 2058 οἵγε,
1604 1989 1927 2060 ἐπισχόντος

339 2084 517 2153 βραχὺ
548 2081 644 2137 τοῦ
711 2078 973 2134 δικαστοῦ
1029 2080 1129 2134 καὶ
1184 2079 1596 2150 βουλευομένου,
1642 2079 1926 2150 κατεμέμ-

342 2188 507 2240 φοντο
540 2171 720 2242 ἡσυχῆ
761 2171 858 2225 καὶ
897 2172 1243 2243 ἠγανάκτουν
1286 2172 1368 2225 ὅτι
1404 2172 1468 2242 δὴ
1540 2170 1615 2243 μὴ
1668 2170 1831 2236 εὐθὺς
1878 2170 1929 2223 oi

340 2261 577 2315 ἐναντίοι
604 2263 873 2334 ἀνῄρηντο
896 2278 912 2293 ’
958 2262 1054 2315 τοῦ
1105 2261 1164 2314 δὲ
1219 2261 1776 2332 παρακελευσαμένου
1834 2261 1929 2315 καὶ

340 2353 524 2421 λέγειν
553 2355 737 2417 αὐτοῖς
763 2353 902 2407 ἅττα
934 2353 1001 2407 ἂν
1052 2353 1393 2424 ἐθελήσαιεν,
1469 2353 1590 2407 τότε
1641 2353 1708 2424 δὴ
1756 2369 1929 2406 κατα-

340 2443 474 2513 ϐοᾷν
497 2444 554 2506 ὲς
584 2444 646 2496 τὸ
676 2445 919 2514 ἐμφανὲς
979 2444 1124 2498 ἵεντο
1151 2442 1223 2511 ⁸³,
1260 2445 1356 2498 καὶ
1413 2444 1515 2517 ἤδη
1568 2444 1931 2515 ὑπετονθόρυ-

340 2535 457 2598 ζον,
487 2534 581 2587 καὶ
601 2534 704 2606 ἤδη
751 2537 785 2605 ή
834 2535 988 2606 φωνὴ
1021 2537 1081 2601 ὲς
1128 2535 1191 2589 τὸ
1227 2536 1563 2608 σαφέστερον
1603 2536 1927 2607 διεκρίνετο.

359 2625 497 2678 Ἀλλ’
525 2626 579 2678 οἱ
626 2626 763 2698 πρὸς
808 2627 869 2680 τὸ
899 2631 1228 2701 κατηγορεῖν
1256 2629 1742 2699 τεταγμένοι,ταῖς
1771 2630 1933 2701 χερσὶ

341 2715 781 2782 καταπαύοντες,
829 2718 1231 2792 ἀνέκοψαντὴν
1266 2722 1583 2794 περαιτέρω
1619 2720 1794 2794 φορὰν
1833 2721 1933 2775 τοῦ

338 2809 599 2880 Θορύὸου.
655 2811 766 2865 Καὶ
819 2810 1003 2865 τοίνυν
1058 2815 1218 2882 σιγῆς
1273 2814 1671 2886 γεγενημένης,
1730 2815 1936 2887 παρελ-

338 2901 455 2955 θὼν
485 2902 582 2955 καὶ
623 2902 941 2967 Ῥούστικος
968 2904 1028 2958 ὲν
1061 2907 1213 2976 μέσῳ
1236 2906 1354 2975 ἅμα
1388 2906 1613 2980 Ἰωάννῃ
1644 2907 1725 2978 τῷ
1776 2907 1936 2961 ἀδελ-

339 2992 453 3063 φῷ,
492 2992 639 3060 ἔλεξε
668 2993 848 3077 τοιάδε
877 2993 1239 3068 {Maturare
1295 2995 1413 3065 μὲν
1505 2997 1647 3066 ἡμῖν
1716 2998 1937 3066 ἀθρόον

338 3085 449 3140 καὶ
503 3086 910 3154 περιέστησεν
965 3088 1053 3153 είς
1093 3088 1453 3141 τούναντίον
1483 3088 1590 3153 τὰς
1609 3087 1729 3140 τῶν
1758 3087 1937 3156 δοκη-

2056 1046 2094 1055 ρ

2110 1081 2159 1134 7.
2236 1082 2372 1138 Cum
2437 1098 2564 1139 vero
2629 1092 2974 1140 accusatores
3037 1083 3109 1138 ita
3173 1080 3613 1136 criminationem

2035 1184 2191 1224 suam
2255 1172 2610 1242 peregissent,
2676 1172 2842 1243 219
2886 1173 3215 1227 Colchorum
3262 1171 3432 1241 c0piae
3490 1169 3613 1240 (eo

2032 1260 2179 1315 enim
2225 1266 2634 1334 convenerant)
2680 1265 2969 1319 verborum
3025 1262 3457 1316 enuntiationem
3502 1275 3611 1314 non

2034 1350 2169 1405 satis
2231 1350 2494 1407 exaudire
2545 1360 2816 1422 poterant,
2863 1366 3040 1421 neque
3062 1349 3452 1405 sententiarum
3482 1362 3614 1418 pon-

2035 1441 2199 1495 dera:
2244 1456 2357 1496 rem
2389 1449 2568 1496 tamen
2597 1443 2770 1512 ipsam
2795 1441 3176 1510 intelligentcs,
3226 1439 3386 1508 cujus
3447 1453 3613 1493 causa

2035 1532 2248 1602 singula
2290 1534 2343 1587 in
2391 1534 2630 1590 medium
2684 1542 2840 1588 erant
2873 1533 3159 1604 producta,
3216 1531 3620 1586 deccrtantilms

2035 1624 2169 1694 ipsis
2216 1625 2383 1681 animi
2409 1624 2773 1697 propensioue
2808 1623 3239 1687 collaborabant,
3265 1622 3616 1689 eosdemque.

2033 1732 2172 1786 quos
2194 1728 2564 1783 accusatores,
2593 1725 2780 1788 gestus
2802 1731 2913 1786 pra:
2949 1730 3007 1770 se
3039 1714 3307 1779 ferebant,
3355 1719 3519 1783 atque
3546 1712 3621 1765 ita

1962 1832 2001 1886 Β
2033 1809 2232 1864 animis
2292 1809 2469 1866 ati‘ecti
2520 1817 2698 1876 erant,
2757 1815 2922 1879 prout
2986 1808 3063 1862 illi
3130 1807 3216 1862 vel
3250 1807 3504 1861 ﬁduciam
3535 1806 3622 1859 vel

2032 1900 2571 1955 commiserationem
2629 1900 2779 1954 vultu
2830 1897 3229 1969 exprimebant.
3285 1897 3365 1950 Ac
3426 1895 3624 1951 deinde

2030 1992 2124 2048 ubi
2162 1988 2379 2047 dicendi
2437 1992 2598 2048 linem
2665 1990 2946 2053 fecissent,
3001 1991 3183 2046 statim
3214 1990 3293 2055 hi,
3338 1990 3624 2045 restitante

2033 2084 2283 2140 nonnihil
2308 2084 2494 2156 judice
2534 2093 2591 2141 et
2641 2083 3008 2150 consultante,
3066 2084 3231 2138 tacite
3276 2082 3622 2150 incusabant,

2034 2179 2370 2249 molesteque
2424 2176 2672 2232 ferebant
2739 2170 3083 2231 adversarios
3130 2189 3240 2229 non
3309 2173 3494 2228 statim
3552 2172 3626 2226 ad

2033 2279 2221 2319 necem
2267 2263 2409 2335 rapi.
2465 2264 2757 2319 Mandante
2795 2279 2924 2319 vero
2985 2262 3190 2331 judice,
3244 2270 3379 2316 utet
3400 2261 3475 2316 illi
3502 2276 3626 2333 qua!

2032 2356 2231 2412 vellent
2276 2372 2376 2427 pro
2423 2372 2544 2413 sese
2589 2356 2855 2421 dicerent,
2904 2363 3019 2409 tum
3079 2364 3264 2425 aperte
3320 2353 3626 2408 reclamare

2035 2457 2343 2519 coeperunt,
2396 2457 2452 2505 et
2469 2449 2583 2518 jam
2613 2448 3155 2513 submurmurabant,
3201 2442 3472 2516 vocesque
3496 2445 3628 2514 ipsae

2030 2541 2146 2611 jam
2203 2539 2553 2596 manifestius
2593 2528 3050 2594 eraudiebantur.
3117 2535 3222 2592 Sed
3248 2548 3624 2601 accusatores,

2037 2633 2257 2688 silentio
2294 2632 2554 2687 manibus
2583 2631 2809 2695 indicto,
2851 2630 3080 2698 majoris
3133 2629 3406 2684 tumultus
3433 2641 3625 2681 ansam

2037 2725 2426 2795 prazciderunt.
2474 2723 2709 2779 Silentia
2775 2723 2962 2792 itaque
3012 2719 3176 2784 facto.
3227 2720 3627 2792 Progressusiu

2039 2816 2279 2874 medium
2336 2819 2598 2874 Rusticus
2636 2831 2761 2872 cum
2800 2816 2967 2871 fratre
2996 2830 3098 2870 suo
3134 2812 3364 2881 Joanne,
3397 2814 3452 2867 iu
3480 2812 3629 2866 hunc

2039 2911 2261 2965 modum
2313 2910 2477 2965 verba
2530 2909 2696 2965 fecit:
2752 2906 2980 2962 Mutavit
3020 2908 3169 2962 nobis
3239 2906 3428 2971 subito,
3475 2903 3628 2974 judi-

2039 3010 2144 3065 ces,
2215 3008 2265 3053 et
2305 3000 2359 3053 in
2390 2999 2716 3053 contrarium
2747 2999 2899 3052 vertit
2926 2996 3270 3052 consiliorum
3324 3006 3629 3051 nostrorum

2039 3102 2277 3147 eventum
2333 3091 2618 3146 Fortuna:
2670 3107 2889 3161 cumque
2948 3092 3187 3144 maxima
3236 3088 3382 3143 nobis
3406 3088 3630 3158 prtemia

339 3179 573 3234 θέντων
600 3177 879 3245 ἐκϐάσεις
914 3180 953 3248 η
983 3179 1156 3249 τύχη,
1197 3179 1317 3239 καὶ,
1346 3177 1488 3233 δέον
1513 3180 1817 3251 μεγίστων
1843 3198 1935 3251 γε-

2043 3185 2151 3238 sint
2229 3183 2440 3248 debita,
2513 3184 2702 3253 capitis
2770 3183 3113 3236 accersimur.
3175 3177 3631 3233 Vermnenimrero

334 3269 471 3338 ρῶν
528 3270 897 3335 ἀπόνασθαι,
988 3264 1300 3340 πάρεσμεν
1347 3268 1609 3325 θανάτου
1680 3270 1938 3339 φευξού-

333 3379 516 3433 μενοι
591 3361 773 3429 δίκην
799 3378 814 3392 ·
893 3361 1066 3431 πλὴν
1119 3362 1258 3416 ἀλλ’
1347 3361 1598 3430 ἥδιστος
1690 3361 1838 3432 ἡμῖν
1907 3367 1939 3416 ὁ

341 3452 513 3524 ἀγὼν
575 3451 1004 3522 καταφαίνεται
1062 3453 1162 3506 καὶ
1246 3453 1547 3519 πλείστης
1611 3451 1766 3520 ὅσης
1824 3468 1924 3518 με·

339 3544 685 3613 γανῑαυχίας
747 3542 1064 3608 ἀνάπλεως
1115 3544 1163 3576 ⁸³
1186 3587 1202 3600 .
1288 3542 1622 3611 Γενήσεται
1645 3543 1757 3612 γὰρ
1784 3541 1939 3598 ἄπα·-

340 3653 417 3690 σι
520 3635 997 3706 γνωριμώτερον,
1070 3635 1152 3701 ὡς
1213 3636 1428 3704 μόνοις
1514 3634 1661 3704 ἡμῖν
1736 3634 1939 3701 διήνυ-

341 3743 493 3782 σται
524 3728 593 3783 τὸ
617 3727 924 3802 προδότην
954 3726 1147 3794 ἄνδρα
1192 3726 1290 3782 καὶ
1333 3727 1635 3794 τύραννον
1700 3728 1941 3793 ἀπολω-

341 3826 549 3889 λέναι,
573 3827 672 3879 καὶ
704 3824 1109 3890 τὰβασιλέως
1135 3824 1453 3894 πράγματα
1497 3824 1566 3878 τὸ
1605 3825 1789 3893 μέρος
1816 3823 1942 3877 δια-

236 3953 241 3956 ›
348 3915 662 3970 σεσῶσθαι
681 3932 695 3946 ·
725 3915 881 3971 ὥστε
905 3918 961 3969 ει
988 3914 1089 3970 καὶ
1119 3914 1399 3969 τεθνάναι
1447 3915 1736 3984 συμϐαίη,
1766 3915 1938 3985 στέρ-

352 4007 562 4077 ξοιμεν
586 4008 662 4062 ἂν
704 4008 803 4062 καὶ
827 4007 905 4072 ὣς
927 4007 1181 4077 ἅσμενοι
1209 4006 1474 4076 καθάπερ
1520 4024 1576 4060 τι
1605 4005 1942 4076 προσφιλὲς

348 4100 456 4154 καὶ
481 4100 833 4169 αὐθαίρετον
856 4101 925 4155 τὸ
965 4099 1216 4168 ἀνιαρὸν
1270 4098 1371 4153 καὶ
1428 4099 1900 4168 ἠναγκασμένον
1921 4115 1937 4128 ·

346 4191 456 4246 καὶ
500 4193 867 4262 οὶχησόμεθα
914 4192 962 4224 ⁸³
1004 4190 1345 4245 κάλλιστον
1364 4189 1548 4244 τοῦτο
1608 4189 1764 4258 πρὸς
1838 4191 1940 4243 εὐ-

342 4286 573 4354 θυμίαν
596 4284 841 4354 ἑφοδιον
863 4284 1131 4354 ἔχοντες,
1161 4283 1228 4338 τὸ
1252 4282 1610 4353 γιγνώσκειν
1640 4283 1688 4316 ⁸⁵
1717 4280 1943 4352 emittite

340 4378 576 4443 αὐτοῖς,
632 4377 733 4445 ὡς,
755 4375 902 4443 τοὺς
934 4375 1266 4444 Ῥωμαίους
1303 4373 1677 4442 κρατοῦντας
1703 4372 1793 4426 ἔτι
1823 4370 1942 4424 τῶν

346 4467 605 4535 Κόλχων
647 4469 1194 4537 καταλελοίπαμεν,
1234 4467 1336 4522 καὶ
1355 4467 1522 4521 οὔπω
1553 4467 1692 4534 παρ’
1721 4464 1942 4532 ἐτέρων

2036 3273 2489 3349 jucundissimum
2539 3270 2690 3326 nobis
2731 3272 2827 3326 hoc
2851 3280 3112 3326 certamen
3130 3268 3393 3338 jadiciale
3428 3268 3633 3320 ridetur

2046 3366 2377 3436 maximeque
2431 3365 2767 3436 gloriosum;
2830 3365 2918 3431 ﬁet
2973 3361 3112 3416 enim
3137 3362 3379 3415 omnibus
3413 3359 3634 3429 perspi-

2047 3477 2224 3528 cuum,
2255 3460 2387 3515 solis
2420 3458 2567 3514 nobis
2597 3458 2694 3513 hoc
2744 3457 2939 3524 deberi,
2986 3457 3126 3528 quod
3189 3457 3342 3510 homo
3393 3453 3636 3525 proditor

2047 3564 2097 3607 et
2135 3563 2390 3624 tyrannus
2420 3553 2489 3608 sit
2519 3552 2848 3622 interfectus,
2880 3560 2929 3605 et
2974 3549 3137 3620 220
3164 3548 3498 3619 imperatoris
3537 3562 3637 3600 no-

2047 3648 2148 3701 stri
2199 3662 2282 3700 res
2308 3656 2374 3699 ea:
2429 3653 2580 3716 parte
2624 3652 2985 3710 conservatae;
3014 3644 3145 3696 adeo
3170 3653 3223 3697 ut
3253 3641 3465 3696 etiamsi
3498 3638 3637 3693 mori

2048 3755 2141 3793 nos
2194 3740 2490 3810 contigerit,
2527 3737 2741 3792 libentes
2777 3737 2854 3791 vel
2887 3738 2967 3791 sic
2993 3737 3159 3790 simus
3199 3734 3497 3805 amplexari
3530 3729 3638 3786 vel-

2047 3831 2127 3885 uti
2185 3832 2416 3884 amicum
2476 3837 2527 3884 et
2581 3829 2939 3884 voluntarium
2981 3829 3057 3892 id,
3110 3833 3249 3898 quod
3280 3836 3357 3881 est
3390 3826 3637 3879 acerbum

2046 3931 2096 3977 et
2126 3932 2387 3986 coactum,
2415 3930 2466 3976 et
2500 3923 2788 3976 moriemur
2834 3920 3249 3991 pulcherrimum
3284 3918 3380 3971 hoc
3414 3921 3484 3970 ad
3513 3917 3637 3971 ala-

2048 4014 2291 4067 critatem
2331 4011 2871 4082 tranquillitatemque
2900 4011 3069 4064 animi
3133 4010 3385 4064 viaticum
3438 4008 3636 4062 baben-

2050 4114 2147 4167 tes,
2205 4104 2436 4159 conscire
2492 4102 2639 4156 nobis
2696 4102 2848 4171 ipsis,
2912 4101 3051 4171 quod
3078 4100 3343 4155 Romanos
3379 4098 3550 4151 adhuc
3578 4099 3637 4151 in

2050 4195 2270 4251 Colchos
2320 4181 2600 4265 imperium
2670 4195 2960 4247 obtinentes
3021 4192 3406 4263 reliquerimus,
3474 4206 3636 4260 neque

2047 4287 2182 4340 illud
2209 4289 2341 4357 ipsis
2366 4286 2431 4340 ab
2471 4286 2592 4339 aliis
2620 4295 2872 4354 ereptum.
2912 4282 2973 4340 Si
3002 4285 3142 4340 enim
3174 4283 3447 4337 Persicum
3500 4290 3637 4335 esset

2048 4380 2191 4433 istud
2256 4377 2508 4441 tribunal,
2580 4393 2864 4444 eorumque
2924 4376 3131 4445 judicio
3199 4374 3346 4428 nobis
3388 4373 3638 4427 standum

2047 4481 2204 4537 esset,
2260 4471 2473 4524 cumino
2530 4469 2677 4525 nobis
2736 4468 3011 4540 negatione
3065 4481 3267 4529 eorum,
3333 4480 3451 4533 qum
3492 4462 3639 4525 facta

345 4556 798 4625 ἀφῃρημένους.
824 4561 896 4614 El
915 4558 1165 4629 μὲνγὰρ
1199 4558 1502 4627 Περσικὸν
1530 4554 1612 4629 ἦν
1652 4558 1719 4611 τὸ
1748 4557 1935 4624 παρὸν

2044 4570 2187 4625 sunt,
2214 4561 2348 4631 foret
2382 4579 2533 4633 apus,
2581 4559 3082 4630 extimescenda'que
3135 4565 3305 4612 essent
3361 4554 3634 4622 probatio-

346 4648 770 4717 δικαστήριον,
799 4652 899 4704 καὶ
929 4654 1069 4721 παρ’
1103 4653 1362 4718 ἐκείνοις
1398 4652 1773 4721 ἐκρινόμεθα,
1789 4649 1941 4704 πάν-

346 4756 472 4805 τως
513 4739 590 4794 ἂν
640 4739 786 4809 ἡμῖν
827 4739 1142 4809 ἀρνήσεως
1174 4759 1240 4796 τε
1286 4740 1570 4810 προσέδει
1598 4738 1716 4794 τῶν
1745 4741 1941 4808 εἰργα-

347 4831 616 4900 σμένων,
689 4831 791 4885 καὶ
843 4831 1099 4885 δεδιέναι
1160 4831 1365 4901 παρῆν
1417 4830 1561 4897 τοὺς
1628 4830 1942 4901 ἐλέγχους,

347 4921 458 4976 καὶ
486 4921 884 4992 δεδειγμένοις
916 4924 962 4956 ⁸⁸
997 4923 1187 4992 τυχὸν
1239 4922 1548 4992 διαπορεῖν
1589 4921 1822 4988 ὁποίοις
1868 4920 1946 4976 ἂν

348 5014 456 5069 καὶ
504 5015 879 5085 χρησαίμεθα
915 5017 1121 5083 λόγοις
1158 5013 1278 5070 ὑπὸ
1307 5014 1622 5079 δικασταῖς
1656 5015 1951 5082 πολεμιωεο

353 5109 559 5176 τάτοις
582 5149 599 5174 ,
632 5111 733 5165 καὶ
794 5109 873 5176 τῷ
903 5109 1229 5180 πραχθέντι
1259 5110 1406 5164 λίαν
1450 5108 1807 5178 ἀχθομένοις
1871 5107 1952 5172 τῷ

2047 4669 2167 4717 nes;
2224 4671 2535 4724 magnopere
2576 4656 2734 4715 etiam
2770 4652 3153 4713 laboraremus,
3219 4647 3407 4719 quibus
3463 4647 3633 4700 verbis

2047 4761 2136 4799 eas
2190 4747 2543 4816 refutaremus
2598 4744 2739 4814 apud
2788 4742 2996 4813 judices
3036 4739 3428 4794 inimicissimos
3460 4737 3637 4809 gravi-

2050 4848 2226 4906 terque
2280 4837 2376 4890 Itoc
2434 4836 2577 4906 facto
2630 4834 2881 4904 o/fensos,
2943 4832 3070 4902 quia
3096 4846 3187 4900 spe
3207 4846 3307 4883 sua
3331 4837 3500 4881 essent
3528 4830 3637 4898 fru-

2049 4932 2229 4983 strati.
2266 4928 2400 4985 Cum
2425 4946 2545 4984 vero
2564 4929 2732 4999 judea:
2755 4928 2826 4981 δξι
2865 4925 3159 4989 Romanus,
3192 4936 3351 4992 quam
3393 4923 3457 4974 ob
3505 4934 3636 4971 cau-

2051 5037 2165 5075 sam
2194 5037 2227 5074 a
2258 5019 2406 5075 nobis
2437 5021 2636 5089 factum
2663 5029 2895 5087 negetur,
2928 5024 3021 5069 aut
3054 5013 3180 5084 quid
3210 5027 3339 5080 opus
3370 5021 3448 5063 est
3476 5022 3639 5061 επα-

2054 5127 2173 5165 sare
2211 5111 2352 5180 apud
2375 5127 2462 5166 vos
2493 5112 2570 5176 id,
2607 5125 2710 5181 quo
2739 5110 2851 5178 ipso
2890 5106 3015 5161 bene
3049 5105 3116 5159 de
3146 5103 3290 5158 vobis
3315 5114 3497 5154 sumus
3524 5113 3635 5151 me-

349 5203 472 5274 τῆς
499 5204 753 5271 ἐλπίδος
787 5206 1213 5274 ἡμαρτηκέναι.
1267 5203 1561 5273 Ῥωμαίου
1608 5200 1678 5254 δὲ
1730 5198 1935 5270 ἀνδρὸς

2056 5203 2167 5264 rili,
2217 5204 2308 5271 qui
2348 5211 2633 5273 tyrannum
2674 5199 3029 5269 interfecimus
3054 5198 3080 5252 ῖ
3138 5193 3319 5263 Neque
3363 5191 3502 5244 enin
3536 5188 3635 5241 tri-

352 5298 449 5374 [P.
500 5297 627 5371 “5]
658 5297 1025 5366 διαιτᾶηιτος,
1074 5299 1242 5364 τίνος
1269 5296 1346 5352 ἂν
1371 5297 1550 5366 χάριν
1576 5294 1724 5364 ἡμῖν
1763 5294 1830 5347 τὸ
1849 5310 1951 5362 γε-

2062 5293 2323 5348 baendum
2383 5294 2432 5346 ei
2463 5301 2538 5346 est
2578 5293 2930 5347 venerandum
2962 5289 3099 5357 regis
3126 5299 3336 5345 nomen,
3368 5282 3458 5351 qui
3486 5280 3551 5333 ab
3579 5295 3640 5333 eo

1670 5481 1906 5539 VABUE
1930 5482 2344 5538 LECTIONES.

435 5640 481 5673 τ’
514 5640 661 5722 ἔστιν
699 5641 765 5697 Β.
842 5642 888 5674 ⁷⁸
928 5642 1158 5696 δικαστά
1191 5640 1258 5703 Ρι,
1295 5641 1551 5695 δικασταὶ
1590 5641 1739 5712 vulg.
1776 5648 1832 5695 ct
1877 5641 2047 5711 impr.
2084 5638 2377 5701 τοσούτους
2420 5636 2487 5691 R.
2562 5636 2609 5668 ⁷⁹
2646 5635 2804 5718 ἦτῆς
2833 5660 2898 5672 ——

435 5720 544 5772 tur,
580 5721 749 5772 tutor.
820 5714 868 5747 ⁸ο
907 5715 1048 5772 ὅπερ
1072 5712 1138 5766 R.
1213 5712 1257 5745 ⁸¹
1296 5713 1442 5765 ἵεντο
1480 5711 1524 5763 R
1547 5722 1600 5765 et
1638 5713 1765 5772 vulg
1862 5709 1909 5744 "
1932 5711 2224 5772 ἀνάπλεως
2251 5708 2378 5762 add.
2410 5722 2475 5762 ex
2513 5707 2630 5761 Ret
2664 5717 2832 5772 llllpl‘.
2869 5720 2898 5772 g

1971 5722 2224 5774 ναπλεως
2251 5722 2378 5762 auu.
2410 5722 2475 5762 ex
2513 5722 2554 5760 ιι
2574 5722 2630 5761 et
2664 5722 2832 5776 mipr.

352 5714 544 5785 detur,
580 5711 756 5785 intum
820 5714 868 5747 ³ο
907 5715 1048 5785 ὅπερ
1072 5712 1138 5766 Β.
1167 5782 1179 5785 Α
1213 5712 1257 5745 ἰ
1296 5713 1442 5785 ἵεντο
1475 5711 1524 5785 ,Β
1547 5722 1615 5785 et_
1638 5711 1765 5782 vulg

354 5776 1517 5868 abitegailltetimpr;et‘zmoriemur‘lCl.),
1557 5776 1615 5835 οἷ
1647 5776 1970 5868 χρῇσόμεθα
2031 5782 2179 5851 vulg.

352 5849 782 5920 ὃεόειδιγμένοις
815 5849 961 5919 eunj.
982 5853 1090 5915 CL,
1130 5855 1294 5927 iutpr.
1336 5856 1527 5911 timore
1553 5849 1811 5917 perculsi.

656 5967 930 6029 Ρηιιοι..
972 5965 1090 6026 Gn.
1122 5965 1498 6028 LXXXVIII.

2704 5638 2804 5706 τῆς
2833 5630 3261 5706 -Αχρξῆμαιοηι
3302 5625 3350 5679 R
3375 5635 3450 5706 θ),
3477 5633 3537 5706 ιιι
3560 5626 3640 5679 τί..

2902 5695 3053 5779 lagae
3086 5699 3322 5779 plenum.
3399 5696 3446 5727 ⁸³
3485 5695 3642 5779 olm.

2258 5780 2305 5812 ⁸⁸
2343 5781 2635 5848 γινώσκειν
2677 5770 2764 5831 ΒΣ
2818 5770 3288 5841 ⁸³1⁵δεδιττομένοις
3354 5781 3400 5820 s.
3464 5770 3643 5834 potius

3204 5951 3276 6014 A7
