4060 6438
458 457 599 522 1483

1664 448 2017 510 AGATIILE
2058 447 2550 509 SCHOLASTICI

3586 458 3705 533 1484

463 571 826 628 alienissimus
884 586 937 623 re
983 570 1098 640 ipsa
1155 576 1232 621 est
1281 566 1657 637 deprehensus,
1718 562 2055 634 quantumvis

2176 561 2498 630 γενημένον
2550 563 2964 634 ἀπαρνηθειή;
2995 565 3055 621 Τί
3102 563 3172 619 δὲ
3201 565 3298 620 καὶ
3322 568 3707 641 ἀπολογεῖσθαι

458 664 730 719 clamitent
754 672 1110 725 accusatores,
1140 670 1188 715 et
1228 669 1386 715 atrox
1414 677 1446 714 a
1480 658 1630 714 nobis
1690 657 1901 728 facinus
1946 672 2059 725 per-

459 768 724 827 petramm
773 755 973 817 dicant,
1030 760 1208 823 utpote
1271 769 1387 823 rege
1446 750 1749 823 interfecto.
1836 747 2056 819 Oportet

461 853 598 903 enim
623 864 725 902 non
755 845 934 918 ﬁbulce
972 856 1021 898 et
1073 841 1340 915 cltlamydi
1390 842 1844 912 exterioribusque
1897 856 2057 893 orna~

464 941 651 994 mentis
682 940 817 993 hanc
865 936 1271 1007 appellationem
1312 936 1564 1001 tribuere,
1594 933 1687 989 sed
1709 934 1757 987 ei
1787 933 1876 1003 qui
1896 932 2059 1002 justi—

464 1033 594 1087 tiam
631 1038 855 1094 exercet,
884 1036 935 1083 et
978 1026 1363 1098 cupiditatibus
1392 1028 1506 1080 suis
1540 1024 1754 1079 modum
1813 1038 1917 1079 non
1966 1038 2059 1076 em-

464 1122 599 1178 cedit
619 1120 778 1191 221
816 1119 1257 1191 cogitationesque
1280 1133 1406 1173 suas
1434 1116 1548 1173 solo
1573 1115 1789 1169 honesto
1821 1114 2054 1167 metitur.

467 1213 620 1280 Quod
677 1214 724 1267 si
771 1214 949 1284 itaque
1003 1210 1167 1265 talem
1227 1211 1401 1263 virum
1434 1209 1821 1278 interfecimus,
1872 1215 2058 1259 contra

465 1306 601 1375 leges
656 1304 903 1375 fecimus,
945 1302 1102 1373 justa
1158 1311 1235 1355 est
1260 1299 1557 1365 accusatio,
1606 1298 1792 1352 merito
1822 1296 2056 1363 violenti,

466 1395 677 1468 superbi
724 1405 773 1451 et
835 1394 1022 1449 sicarii
1078 1410 1110 1447 a
1161 1392 1372 1448 Colchis
1436 1392 1789 1463 appellamur.
1850 1389 1912 1446 Si
1943 1407 2060 1444 vero

472 1487 621 1541 illius
658 1503 828 1540 mores
864 1485 928 1539 ab
958 1485 1100 1538 Itisce
1126 1484 1409 1539 virtutibus
1431 1500 1599 1554 quam
1638 1482 1941 1554 longissime
1970 1481 2064 1536 ab~

464 1590 642 1645 erant,
665 1579 797 1633 nihil
814 1594 930 1632 vero
958 1585 1286 1631 moderatum
1305 1578 1488 1631 anima
1509 1576 1767 1646 agitabat,
1790 1576 1879 1629 sed
1908 1574 1985 1629 vel
2007 1583 2061 1628 ut

471 1672 665 1725 Persas
692 1672 744 1726 in
773 1687 865 1725 nos
883 1670 1019 1723 clam
1039 1670 1325 1724 adduceret
1346 1670 1524 1739 eisque
1540 1668 1793 1723 ditionem
1825 1678 2063 1722 nostram

470 1765 736 1833 proderet,
763 1779 857 1817 cur
885 1779 987 1817 non
1003 1763 1179 1831 potius
1208 1762 1438 1830 oportuit
1465 1761 1791 1815 imminentis
1821 1761 1953 1815 mali
1977 1777 2065 1814 oc-

474 1858 740 1910 casionem
760 1857 857 1908 hoc
883 1853 1143 1924 prazclaro
1171 1852 1404 1922 facinore
1429 1860 1769 1918 antevertere,
1791 1868 1951 1922 quam
1981 1867 2065 1906 re-

2160 651 2355 721 χρεὼν
2390 654 2526 722 παρ’
2562 652 2706 724 ὑμῖν
2745 655 2972 723 αὐτοῖς,
3019 656 3151 713 ἀνθ’
3201 649 3287 713 ὧν
3322 660 3469 730 ὑμᾶς
3517 658 3580 720 εὖ
3625 687 3714 725 πε.

2162 743 2496 814 ποιήκαμεν
2516 744 2623 799 τὸν
2659 747 2959 815 τύραννον
2986 749 3342 817 ἀνελόντες;
3382 753 3526 809 Οὐδὲ
3552 759 3593 795 ⁸ο
3620 764 3716 832 γὰρ

2154 834 2521 903 μεταδοτέον
2551 834 2714 902 αὐτῷ
2747 838 2855 892 τοῦ
2881 840 3115 907 σεμνοῦ
3134 839 3246 909 τῆς
3267 842 3578 915 ,ϐασιλείας
3599 852 3720 906 ὀνό-

2156 944 2366 997 ματος,
2421 927 2874 998 ἀλλοτριωτάτῳ
2904 928 3003 986 διὰ
3044 931 3167 986 τῶν
3221 931 3408 1004 ἔργων
3463 941 3719 1006 φανέντι·

2162 1019 2355 1073 καίτοι
2386 1018 2544 1089 μέγα
2567 1019 2941 1091 κεκράγασιν
2959 1026 3014 1078 οἱ
3055 1024 3393 1099 κατήγοροι,
3434 1030 3527 1083 καὶ
3578 1031 3726 1089 δεινὰ

2161 1112 2571 1182 τετολμῆσθαι
2603 1125 2818 1182 φασιν,
2876 1115 2953 1180 ὡς
2986 1115 3065 1185 δὴ
3089 1118 3400 1184 ,βασιλέως
3458 1121 3727 1194 ἀνῃρημέ-

2161 1224 2273 1261 νου
2296 1223 2308 1236 σ
2369 1205 2487 1276 χρὴ
2515 1205 2587 1260 δὲ
2621 1209 2695 1261 οὐ
2745 1206 2821 1278 τῇ
2874 1210 3082 1281 πόρπῃ
3134 1211 3238 1270 καὶ
3284 1210 3364 1278 τῷ
3447 1216 3734 1286 χλαμυδίῳ

2163 1304 2262 1360 καὶ
2312 1304 2441 1373 τοῖς
2516 1305 2694 1372 ἐκτὸς
2777 1304 3164 1375 φαινομένοις
3222 1303 3735 1376 ἐγκαλλωπίσμαοτι

2163 1398 2393 1467 ταύτην
2444 1397 2817 1468 προσνέμειν
2840 1395 2960 1467 τὴν
3000 1396 3372 1467 ἐπωνυμίαν,
3426 1398 3561 1453 ἀλλ’
3605 1400 3739 1458 ἔνθα

2162 1490 2232 1544 τὸ
2295 1489 2533 1545 δίκαιον
2586 1490 2860 1562 ἐνεργὸν,
2911 1489 3145 1545 καὶτοῦ
3206 1489 3613 1559 προσήκοντος
3661 1494 3738 1563 μὴ

2165 1579 2572 1649 ὺπερςορονοίη
2634 1580 2702 1634 τὸ
2740 1578 3079 1651 ἐφιέμενον,
3112 1579 3209 1633 καὶ
3236 1581 3446 1650 μόνοις
3481 1582 3598 1646 τοῖς
3623 1588 3743 1638 καθ-

2165 1669 2389 1727 εστῶσι
2477 1672 2545 1729 τὸ
2592 1672 2872 1743 φρόνημα
2936 1670 3046 1741 τῆς
3095 1671 3307 1742 ψυχῆς
3357 1673 3740 1745 ἀναμετροῑτο.

2169 1766 2238 1818 Et
2277 1764 2395 1834 μὲν
2428 1759 2544 1820 οὖν
2572 1764 2851 1820 τοιοῦτον
2879 1764 2925 1798 ⁸⁷
2960 1765 3382 1835 ἀπεκτόναμεν
3418 1766 3622 1836 ἄνδρα,
3645 1785 3745 1822 πα-

2159 1855 2397 1927 ράνομα
2424 1856 2897 1927 τετολμήκαμεν,
2929 1857 3171 1923 ἔνδικος
3217 1858 3258 1926 ἡ
3307 1860 3645 1928 κατηγορία,
3677 1864 3746 1915 ει-

472 1947 614 2014 gium
647 1944 887 1999 habitum
914 1942 1136 1997 verendo
1164 1943 1219 1995 in
1260 1942 1493 1996 hostium
1519 1948 1828 2011 potestatem
1851 1941 2066 1995 venire?

2176 1949 2363 2013 κότως
2379 1947 2571 2014 ,βίαιοι
2600 1949 2699 2003 καὶ
2737 1948 3027 2016 ἀλαζόνες
3059 1949 3107 1981 ⁸⁸
3126 1950 3229 2004 καὶ
3252 1953 3562 2019 μιαιφόνοι
3609 1952 3752 2020 παρὰ

475 2038 582 2105 Qui
608 2039 747 2091 enim
777 2034 1071 2106 periculum
1103 2033 1323 2104 aliquod
1376 2049 1408 2086 a
1438 2033 1686 2102 quopiam
1734 2032 2073 2102 praemedita-

473 2140 585 2181 tum
634 2127 1050 2197 prtesciverunt,
1108 2140 1327 2197 cumque
1381 2123 1624 2193 protinus
1677 2133 1890 2192 possent
1941 2124 2074 2178 insi-

470 2218 589 2271 dias
621 2218 910 2280 declinare,
941 2227 989 2269 et
1030 2192 1262 2284 prtvs'ens
1314 2213 1604 2268 discrimen
1651 2225 1917 2286 utcunque
1954 2230 2076 2284 pro-

475 2309 741 2379 pulsanda
804 2307 1141 2361 cunctantius
1193 2321 1304 2359 sese
1364 2306 1422 2358 in
1482 2314 1750 2375 posterum
1824 2306 2073 2361 adversus

469 2411 655 2456 eventa
680 2415 1011 2470 comparare,
1046 2414 1254 2468 magna:
1316 2397 1652 2451 crudelitatis
1678 2398 1840 2467 fuerit
1903 2400 2081 2453 multo

475 2503 598 2546 ante
632 2493 698 2545 iis
721 2490 1040 2562 supplicium
1080 2489 1300 2559 inferre,
1342 2499 1391 2544 et
1430 2505 1536 2541 non
1578 2490 1753 2557 potius
1801 2499 2071 2545 contentos

471 2602 583 2639 esse
601 2585 857 2655 facultate
882 2599 1043 2654 quam
1076 2580 1266 2637 habent
1292 2581 1517 2635 insidias
1536 2583 1824 2636 contrariis
1858 2583 2070 2637 insidiis

471 2678 842 2748 propulsandi.
880 2674 1128 2755 Ubivero
1163 2676 1645 2731 machinationibus
1664 2677 1783 2747 jam
1808 2679 1863 2730 in
1893 2687 2072 2731 actum

472 2772 712 2826 deductis
731 2770 862 2825 nihil
883 2770 952 2823 ad
983 2769 1273 2824 remedium
1290 2769 1351 2840 ﬁt
1371 2770 1584 2840 reliqui,
1600 2771 1688 2825 sed
1700 2770 1937 2839 jamiam
1959 2788 2074 2826 om—

475 2865 565 2917 nia
579 2880 785 2934 pessum
808 2873 955 2928 eunt,
970 2862 1182 2915 sublata
1197 2878 1303 2916 una
1324 2878 1441 2915 cum
1455 2863 1719 2915 communi
1740 2863 1913 2916 salute
1929 2865 2071 2917 omni

473 2957 635 3012 etiam
671 2957 785 3026 ejus
829 2971 940 3026 spe,
984 2954 1058 3008 ibi
1108 2964 1218 3007 tum
1256 2952 1604 3024 prudentibus
1646 2956 1772 3009 viris
1803 2956 2070 3010 accelera-

475 3050 616 3103 tione
637 3056 714 3102 est
733 3047 1004 3111 utendum,
1031 3058 1172 3101 et.ne
1197 3045 1585 3101 irremediabile
1610 3048 1829 3118 aliquod
1865 3049 2067 3104 malum

476 3141 768 3212 accipiant,
801 3140 1226 3211 prtecavendum.

2172 2035 2294 2090 τῶν
2354 2039 2609 2109 Κόλχων
2639 2038 3065 2111 ὀνομαζόμεθα.
3120 2042 3191 2095 Et
3236 2039 3307 2094 δὲ
3376 2042 3600 2095 τούτων
3649 2047 3753 2111 μὲν

2172 2131 2255 2198 ὡς
2289 2128 2648 2202 πορρωτάτω
2718 2134 2844 2202 τοῖς
2890 2136 3137 2204 τρόποις
3171 2134 3504 2201 ἀπῴκιστο,
3532 2136 3754 2206 μέτριον

2177 2220 2249 2275 δὲ
2277 2222 2461 2276 οὐδὲν
2507 2222 2590 2293 ἦν
2639 2222 2804 2291 αὐτῷ
2829 2225 3354 2294 βεϐουλευμένον,
3397 2225 3538 2279 ἀλλ’
3564 2225 3603 2294 ἢ
3630 2226 3755 2291 τοὺς

2177 2312 2421 2381 Πέρσας
2449 2315 2580 2369 καθ’
2611 2313 2784 2386 ἡμῶν
2813 2315 3114 2385 λαθραίως
3169 2314 3447 2385 ἐπάγειν,
3507 2315 3603 2369 καὶ
3667 2330 3755 2370 ua-

2182 2403 2551 2473 ταπροέσθαι
2587 2404 2706 2477 τὴν
2745 2405 2948 2477 χώραν
2977 2406 3241 2472 ἐκείνοις
3264 2423 3278 2437 ·
3321 2405 3452 2474 πῶς
3507 2409 3579 2463 οὐ
3620 2407 3759 2477 μᾶλ-

2179 2502 2297 2554 λον
2334 2498 2528 2571 ἐχρῆν
2572 2501 2805 2570 φθάσαι
2861 2503 2972 2558 τὸν
3009 2502 3117 2558 τοῦ
3175 2501 3388 2558 δεινοῦ
3444 2502 3652 2571 καιρὸν
3692 2501 3759 2568 τῷ

2182 2590 2603 2664 προτερήματι,
2659 2591 2723 2662 ἢ,
2753 2592 2871 2663 τὴν
2915 2593 3247 2659 ,βασίλειον
3299 2592 3550 2662 στολὴν
3621 2592 3759 2647 αἰδε-

2193 2686 2477 2754 σθέντας.
2503 2686 2625 2743 ὑπὸ
2656 2687 2783 2754 τοῖς
2825 2688 3139 2757 πολεμίοις
3161 2688 3451 2757 ’γενέσθαι
3477 2702 3496 2751 ;
3525 2685 3649 2753 Τοῖς
3666 2684 3762 2756 γὰρ

2182 2782 2474 2837 κίνδυνόν
2506 2800 2646 2837 τινα
2679 2781 3099 2853 μελετώμενον
3132 2782 3257 2838 ὑπό
3332 2797 3445 2835 του
3498 2797 3765 2850 προεγνω-

2182 2876 2384 2940 κόσιν,
2444 2876 2587 2929 ἐνὸν
2639 2875 2760 2944 μὲν
2807 2874 3084 2930 ἐκκλῖναι
3136 2873 3205 2927 τὸ
3255 2873 3605 2944 παραυτίκα
3669 2871 3767 2940 τὴν

2180 2965 2538 3034 ἐπιϐουλὴν,
2572 2966 2691 3030 καὶ,
2724 2966 2793 3021 τὸ
2828 2965 3028 3035 παρὸν
3052 2965 3436 3036 ἀμωσγέπως
3457 2980 3767 3032 παρακρου-

2177 3058 2488 3128 σαμένοις,
2506 3060 2910 3128 σχολαίτερον
2923 3059 2992 3112 ἐν
3004 3058 3238 3126 ὑστέρῳ
3261 3057 3394 3125 τοῖς
3409 3055 3768 3127 προσπεσοῦ-

2193 3166 2297 3203 σιν
2318 3150 2718 3219 ἁρμόσασθαι,
2750 3150 2954 3218 πολλὴ
2976 3149 3212 3219 ὠμότης
3230 3149 3657 3219 προεπιςρέρειν
3672 3146 3771 3215 τὴν

473 3232 779 3303 τιμωρίαν,
803 3230 903 3285 καὶ
921 3229 1007 3301 μὴ
1031 3228 1276 3300 μᾶλλον
1299 3229 1607 3299 ἀρκεῖσθαι
1629 3230 1706 3301 τῇ
1730 3232 1835 3287 τοῦ
1865 3234 2390 3295 ἀντεπιϐουλεύειν
2424 3242 2613 3312 τυχὸν
2638 3242 2913 3309 ἐξουσίᾳ.
2943 3243 3125 3296 Ἔνθα
3169 3240 3260 3305 δὲ,
3318 3240 3441 3296 τῶν
3462 3242 3769 3306 ,ϐεϐουλευ-

471 3326 676 3398 μένων
698 3325 745 3358 ⁸⁹
782 3326 871 3391 εὶς
897 3323 1076 3395 ἔργον
1100 3323 1424 3392 ἀχθέντων,
1448 3323 1630 3377 οὐδὲν
1660 3324 1748 3379 ἔτι
1779 3327 2049 3381 λείπεται
2083 3332 2233 3400 πρὸς
2259 3332 2630 3403 ἐπικουρίαν,
2663 3335 2802 3390 ἀλλ’
2842 3333 3034 3404 ἄρδην
3055 3332 3238 3399 εὐθὺς
3265 3332 3519 3388 ἅπαντα
3545 3332 3768 3401 οἴχεται,

478 3419 1061 3491 συν-ἀφαιρουμένων
1103 3419 1176 3488 τῇ
1210 3416 1381 3487 κοινῇ
1419 3420 1691 3489 σωτηρίᾳ.
1731 3422 1831 3475 καὶ
1855 3423 2054 3477 αὐτῶν
2079 3425 2276 3494 δήπου
2302 3428 2424 3482 τῶν
2455 3428 2605 3498 ὑπὲρ
2633 3430 2855 3495 ταύτης
2874 3427 3161 3492 ἐλπίδων,
3201 3426 3478 3482 ἐνταῦθα
3500 3428 3569 3480 τι)
3609 3425 3767 3492 τάχος

480 3514 746 3585 αίρετέον
772 3512 899 3577 τοῖς
924 3512 1202 3582 ἔμφροσι,
1246 3512 1345 3568 καὶ
1371 3512 1532 3579 ὅπως
1555 3511 1753 3582 μηδὲν
1795 3515 2004 3572 ὁτιοῦν
2032 3517 2153 3574 τῶν
2178 3521 2532 3590 ἀνηκέστων
2561 3521 2877 3576 πείσονται
2924 3520 2971 3552 ’⁸
3000 3518 3577 3591 παρασκευαστέον.

553 3605 609 3661 8.
644 3604 875 3661 Etiamsi
907 3606 1084 3677 itaque
1109 3607 1521 3677 disrumpantur
1559 3622 1918 3675 accusatores,
1955 3612 2072 3681 pia-

2248 3621 2320 3685 η’.
2353 3618 2423 3670 Ei
2463 3615 2677 3671 τοίνυν
2708 3615 2810 3669 καὶ
2847 3612 3225 3686 διαρραγεῖεν
3264 3614 3317 3648 ’⁸
3351 3616 3413 3669 οἱ
3442 3610 3766 3683 κατήγοροι,

484 3700 668 3757 culare
697 3699 866 3754 scelus
901 3707 1143 3754 vocantes
1178 3699 1341 3772 222
1372 3710 1420 3754 et
1454 3699 1822 3764 latrocinium,
1854 3704 2080 3775 aliisque

484 3794 541 3848 id
564 3809 729 3866 genus
753 3791 1207 3863 appellationibus
1239 3795 1397 3862 plane
1428 3793 1648 3865 tragicis
1689 3793 1892 3863 factum
1928 3809 2077 3851 atro-

486 3888 605 3941 cius
638 3885 940 3951 retldentes,
986 3886 1142 3957 idque
1168 3901 1379 3940 summa
1418 3887 1466 3940 vi
1513 3898 1747 3957 agentes,
1782 3900 1838 3943 ut
1871 3898 2078 3945 tantum

485 3977 555 4030 ad
586 3977 789 4031 nudum
837 3977 1041 4047 factum
1091 3977 1456 4046 respiciatur:
1494 3990 1645 4031 tuum
1693 3987 1869 4033 tamen
1916 3992 2016 4047 est,
2051 3997 2080 4034 ο

476 4068 673 4139 judex,
704 4065 1061 4137 prwcedentes
1089 4082 1281 4121 causas
1311 4076 1560 4121 accurate
1587 4068 1879 4137 expendere
1900 4110 1917 4133 ,
1964 4086 2082 4141 qua:

487 4177 579 4214 nos
610 4162 681 4214 ad
719 4162 816 4215 hoc
850 4160 1053 4230 factum
1100 4158 1446 4229 impulerunt,
1481 4169 1529 4213 et
1565 4176 1630 4217 ex
1658 4160 1791 4233 facti
1831 4163 2083 4233 aequitate

486 4254 654 4307 animi
682 4254 856 4307 nostri
885 4251 1253 4306 rectitudinem
1287 4268 1619 4323 cognoscere.
1667 4251 1940 4325 Siquidem
1963 4273 2081 4310 cum

486 4345 688 4416 passim
722 4360 815 4413 per
841 4344 1080 4397 civitates
1108 4344 1420 4415 impostores
1444 4346 1707 4416 quosdam
1736 4355 1785 4400 et
1821 4348 1967 4417 fures
1989 4359 2082 4402 aut

485 4441 577 4511 qui
610 4440 763 4495 aliud
790 4440 1007 4511 aliquod
1040 4439 1210 4495 scelus
1249 4448 1623 4511 perpetrarunt
1652 4442 1885 4496 videmus
1929 4444 2082 4497 modo

487 4535 664 4601 capite
715 4532 978 4596 truncari,
1033 4533 1189 4587 modo
1244 4533 1399 4602 pedes
1448 4533 1713 4597 discindi;
1767 4535 2083 4605 supplicium

486 4628 685 4692 ipsum,
719 4627 860 4696 quod
889 4625 1061 4680 oculis
1087 4626 1283 4681 nostris
1312 4626 1597 4694 cernimus,
1618 4642 1723 4680 non
1754 4627 2082 4692 incusamus,

485 4718 828 4787 quantumvis
857 4717 1210 4773 inhumanum
1246 4729 1403 4788 atque
1434 4727 1594 4771 atrox
1625 4718 1891 4785 videatur,
1924 4736 2085 4791 neque

489 4824 605 4862 eam
658 4810 720 4865 ob
769 4826 990 4865 causam
1045 4811 1390 4881 magistratui
1440 4810 1765 4879 ejuscemodi
1820 4814 2084 4883 supplicia

488 4902 750 4973 irroganti
799 4903 1184 4973 indignamur,
1232 4901 1535 4971 piaculares
1593 4912 1643 4957 et
1707 4904 1945 4973 nefarios
1995 4923 2083 4961 eos

489 5008 733 5052 vocantes
763 5013 782 5051 :
810 4997 900 5051 sed
927 5013 1049 5050 cum
1078 5012 1197 5068 qua:
1228 4996 1292 5049 ab
1326 4996 1437 5050 illis
1468 5007 1773 5065 perpetrata
1805 5010 1928 5054 sunt
1956 5017 2083 5053 con—

488 5090 810 5154 sideramus,
860 5092 1101 5160 quodque
1142 5088 1397 5143 scelerum
1443 5105 1662 5143 suorum
1709 5106 1890 5158 pinnas
1929 5091 2080 5147 luant

490 5181 762 5238 nobiscum
791 5191 1123 5252 reputamus,
1157 5181 1449 5252 gaudemus
1486 5198 1551 5237 ea
1582 5183 1919 5237 crudelitate.
1966 5182 2081 5238 Ne-

489 5289 588 5345 que
619 5277 761 5329 enim
789 5275 995 5345 frustra
1022 5275 1346 5345 supplicium
1389 5284 1468 5329 est
1504 5273 1869 5340 adinventum,
1913 5277 2078 5331 scele-

490 5367 635 5422 ribus
664 5383 997 5438 nequaquam
1034 5367 1383 5421 cessantibus.
1434 5365 1754 5436 lnterfectus
1796 5370 1977 5440 itaque
2002 5381 2078 5423 est

2119 4969 2161 5023 D

2177 3709 2415 3778 μίασμα
2436 3707 2708 3776 βοῶντες
2729 3709 2829 3765 καὶ
2851 3709 3000 3780 ἄγος
3019 3708 3119 3765 καὶ
3135 3707 3529 3779 μιαιφονίαν,
3550 3703 3770 3767 καὶτοῖς

2181 3803 2476 3867 τοιούτοις
2524 3802 2825 3873 ὀνόμασιν
2874 3799 3408 3872 ἐκτραγφδοῦντες
3445 3799 3516 3856 τὸ
3545 3813 3770 3869 rursm-

2177 3879 2392 3964 μένον,
2422 3894 2522 3949 καὶ
2548 3894 2704 3963 πρὸς
2721 3896 2919 3966 μόνον
2942 3895 3010 3950 τὸ
3034 3892 3317 3964 πραχθὲν
3330 3892 3578 3964 ἀφορᾷν
3595 3892 3771 3946 ἐκϐια-

2183 3984 2413 4057 ζῖἰμενοι
2440 4002 2455 4018 ⁸
2495 3986 2660 4043 ἀλλὰ
2688 3987 2808 4043 σὸν
2834 3988 3015 4058 ἔργον
3038 3987 3108 4052 ’⁸,
3137 3981 3184 4042 ὦ
3212 3984 3508 4053 δικαστὰ,
3541 3983 3771 4056 μνήμην

2191 4076 2496 4135 ποιεῖσθαι
2532 4077 2656 4133 τῶν
2704 4077 3243 4148 προϋπαρξάντων,
3264 4078 3381 4144 τὰς
3409 4078 3610 4143 αἰτίας
3641 4076 3769 4130 ἀνα-

2183 4170 2426 4238 θεωρεῖν
2485 4170 2561 4225 δι’
2597 4164 2688 4225 ὧν
2735 4169 2838 4225 ἐπὶ
2867 4170 2986 4240 τὴν
3008 4168 3237 4239 πρᾶξιν
3276 4168 3660 4241 ὡρμήθημεν,
3688 4162 3769 4217 καί

2184 4261 2264 4332 τῷ
2293 4263 2523 4332 εὐλόγῳ
2560 4263 2671 4319 τοῦ
2717 4262 3148 4334 ἐγχειρήματος
3201 4264 3272 4317 τὸ
3329 4264 3564 4319 εὔνουν
3605 4260 3773 4327 διαγι-

2185 4355 2484 4425 γνώσκειν
2509 4355 2620 4425 τῆς
2647 4354 2913 4428 γνώμης.
2956 4354 3114 4411 Ἐπεὶ
3141 4354 3244 4411 καὶ
3274 4353 3605 4425 πολλαχοῦ
3641 4348 3771 4406 κατὰ

2184 4447 2293 4513 τὰς
2333 4450 2545 4516 πόλεις
2577 4449 2844 4519 ἀγύρτας
2878 4449 3049 4516 τινὰς
3093 4448 3290 4518 τυχὸν
3312 4448 3355 4519 ἢ
3384 4450 3489 4505 καὶ
3521 4441 3771 4504 λωποδύ-

2183 4557 2315 4606 τας,
2357 4538 2398 4609 ἣ
2437 4541 2536 4594 καὶ
2591 4539 2753 4596 ἀλλο
2801 4557 2858 4594 τι
2914 4538 3037 4595 τῶν
3068 4541 3349 4597 ἀνοσίων
3377 4541 3578 4611 ἔργων
3593 4535 3641 4576 οι
3675 4545 3768 4586 πε-

2187 4631 2720 4700 πλημμεληκότας,
2764 4631 3019 4702 ὁρῶντες
3056 4632 3178 4688 νῦν
3205 4631 3329 4703 μὲν
3369 4627 3487 4699 τῆς
3518 4623 3773 4697 κεφαλῆς

2187 4723 2696 4793 ἀφαιρουμένους,
2719 4724 2839 4779 νῦν
2863 4723 2934 4778 δὲ
2958 4724 3040 4778 τὼ
3059 4721 3208 4776 πόδε
3251 4719 3767 4791 δεατεμνομένους,

2186 4819 2258 4871 οὐ
2283 4815 2393 4870 τοῦ
2405 4815 2774 4885 φαινομένου
2804 4812 3278 4885 κατηγοροῦμεν,
3308 4812 3625 4868 καὶταῦτα
3646 4810 3772 4865 λίαν

2187 4907 2594 4976 ἀπάνθρωπον
2619 4904 2777 4962 εἷναι
2806 4905 3052 4972 δοκοῦν,
3098 4903 3246 4961 οὐδὲ
3284 4904 3418 4972 τοῖς
3462 4903 3766 4974 ἄρχουσιν,

2188 4994 2277 5065 οἷς
2299 4999 2373 5054 τὰ
2398 4999 2516 5053 τῶν
2571 4998 2865 5070 τιμωριῶν
2894 4997 2981 5072 [Ρ.
3011 4995 3138 5071 H6]
3176 4998 3417 5052 τούτων
3466 4994 3689 5051 ἀνεῖται
3710 4990 3770 5053 ’δν

2187 5091 2559 5162 νεμεσιῑψεν,
2590 5092 2828 5163 ἐναγεῖς
2850 5092 3078 5161 αὐτοὺς
3091 5090 3193 5147 καὶ
3209 5089 3474 5163 μιαροὺς
3495 5087 3770 5143 statuario-

2189 5182 2479 5253 δαίμονας
2510 5185 2969 5253 ἀποκαλοῦντες
2991 5201 3009 5218 °
3037 5184 3203 5241 ἀλλὰ
3233 5184 3307 5240 τὰ
3326 5184 3629 5254 πρότερον
3648 5174 3770 5245 παρ’

2184 5277 2435 5331 ἐκείνων
2469 5279 2883 5349 τετολμημένα
2901 5277 3290 5350 λογιζόμενοι,
3320 5279 3423 5332 καὶ
3466 5277 3548 5343 ὡς
3574 5271 3768 5331 ποινὰς

2187 5372 2423 5424 τίνουσι
2453 5372 2498 5403 ⁵⁵⁵
2536 5369 2653 5424 τῶν
2674 5372 3060 5443 ἀδικημάτων
3102 5372 3609 5444 ἐπιμνησθέντες.
3641 5362 3766 5434 ἡδέ’

1791 5546 2032 5603 unus
2068 5548 2472 5609 LECTIONES.
2584 5516 2589 5520 ⁷

557 5666 758 5746 ⁸⁸-οὺδὲ
792 5666 935 5746 map
962 5669 1130 5746 vulg._
1147 5668 1467 5746 2οκπόρςπῃ.
1499 5665 1653 5746 Hanc
1683 5669 2072 5746 certissimam.

2176 5714 2187 5729 .
2216 5674 2504 5746 Scailigeiriq
2530 5677 2972 5732 exnemlationem
3011 5677 3301 5746 confirmat
3335 5676 3387 5746 Β
3407 5690 3431 5746 ;_
3462 5668 3536 5729 ei.
3563 5683 3615 5746 ρ.

488 5740 578 5811 ed.
604 5737 780 5811 Βιηιη.
808 5756 858 5792 ν.
887 5739 966 5811 9.,
991 5740 1055 5811 ρο

1060 5730 1136 5819 isi}
1160 5730 1535 5819 val-gnidius.
1570 5739 1925 5819 infamia-9.
2000 5740 2046 5771 ⁸⁷

2176 5745 2276 5819 im
2319 5730 2641 5819 ni’iunne'
2679 5730 3029 5819 augeam-2’
3094 5730 3141 5780 οδ
3167 5730 3228 5801 τὸ
3250 5730 3753 5819 βεᾶοιξλευμὲνθῗ,¹¹ῖ

569 5807 865 5887 πεςσωντᾳι
991 5797 1004 5811 ’
1029 5797 1545 5887 ’ξδἰἀρῤᾆγοῖενᾟ.
1605 5797 1833 5887 κ’ἔρ-έρν
1869 5810 1974 5887 in_s_.
2007 5827 2072 5887 c_x

2240 5817 2288 5887 ’3
2320 5797 2819 5887 simsum
2833 5797 3047 5874 Sidi-1.
3074 5797 3232 5887 impr.
3250 5797 3753 5884 ‘g'rinsora'factsom

491 5882 539 5917 "'
571 5879 776 5933 τούτων
806 5881 1015 5935 ἀνεῖται
1064 5878 1133 5946 R,
1166 5878 1399 5943 ἄνὲῖται,
1433 5878 1641 5933 τούτων
1695 5878 1843 5952 iulg.

1921 5883 1967 5914 ⁸³
2008 5883 2218 5939 τίσουσι
2242 5884 2310 5940 ﬂ.
