4060 6454
393 404 533 478 1485

1562 402 2105 470 HISTORIARUM
2142 403 2375 465 LIBER
2406 399 2501 465 ιν.

2163 314 2210 370 ο

3520 402 3662 471 1486

392 523 541 589 μεθα
567 518 644 589 τῇ
664 517 941 589 ὠμότητι.
975 518 1057 572 Οὐ
1086 516 1198 587 γὰρ
1232 518 1364 601 εἰκῇ
1413 519 1477 571 τὸ
1528 514 1784 577 κολάζον
1812 513 1978 578 ἐξεύ-

2102 530 2115 566 ι
2146 514 2293 568 nobis
2329 511 2589 566 Gubazes.
2627 511 2695 566 Et
2723 512 2851 583 quid
2896 513 3047 575 mali,
3097 515 3142 567 si
3175 512 3438 570 hominem
3482 518 3666 581 proui-

392 627 584 682 ρηται,
635 611 745 666 τοῦ
795 609 1246 679 ἁμαρτάνοντος
1312 610 1535 678 ἣκιστα
1603 606 1975 676 παυομένου.

403 702 710 772 Ἆνῄρηται
737 701 952 755 τοίνυν
975 699 1125 768 πρὸς
1154 699 1325 768 ἡμῶν
1356 703 1391 754 ό
1426 698 1733 766 Γουϐάζης
1751 715 1766 730 ο
1800 696 1898 751 και
1923 696 1980 749 τί

395 791 616 857 δεινὸν,
658 793 712 845 ει
746 789 1054 860 προδότην
1080 791 1127 822 ⁵⁸
1159 790 1352 859 ἄνδρα
1392 790 1490 844 καὶ
1520 790 1817 858 πολέμιον
1861 789 1979 842 ἀπ-

395 880 768 950 εκτόναμεν;
801 879 1005 934 Καίτοι
1062 879 1178 948 τὴν
1225 881 1334 934 τοῦ
1362 878 1710 949 δυσμενοῦς
1754 877 1984 931 ἐπωνυ-

391 970 540 1037 μίαν
564 972 621 1025 οι
646 971 968 1042 κατήγοροι
1020 968 1578 1038 διευκρινήσαντες,
1619 969 1693 1024 οὐ
1731 966 1815 1034 τῷ
1839 969 1983 1037 πορ-

388 1058 625 1130 ρωτέρω
670 1061 948 1130 ταχθέντι
981 1060 1026 1093 ³⁷
1071 1059 1409 1128 προσήκειν
1450 1059 1665 1129 φασιν,
1698 1058 1837 1114 ἀλλ’
1863 1058 1983 1126 ὅτῳ

396 1150 492 1217 ἂν,
515 1151 569 1205 εὶ
595 1150 698 1205 καὶ
728 1153 1040 1221 ὁμόφυλος
1085 1149 1141 1219 ᾗ.
1174 1149 1248 1205 τὰ
1290 1150 1416 1217 τοῖς
1454 1151 1757 1216 ἐναντίοις
1806 1166 1987 1220 κεχα-

391 1240 652 1310 ρισμένα
678 1240 1078 1302 σπουδάζοιτο
1099 1257 1111 1270 υ
1144 1240 1245 1294 καὶ
1283 1240 1468 1308 τήνδε
1507 1240 1627 1311 τὴν
1668 1240 1859 1305 δόξαν
1882 1240 1984 1295 καὶ

396 1331 571 1402 ἡμεῖς
608 1332 868 1402 ἀρίστην
912 1332 1217 1404 ήγούμεθα
1257 1333 1359 1388 καὶ
1397 1332 1842 1402 ἀληθεστάτην,
1886 1332 1989 1387 καὶ

400 1424 538 1477 οταν
561 1423 673 1492 τῆς
696 1423 805 1479 τοῦ
831 1422 1178 1493 πράγματος
1194 1425 1437 1494 φύσεως
1451 1421 1989 1494 ἐστοχάσθαι.·οῠ-

398 1514 571 1579 κοῦν,
613 1513 937 1584 ἑκατέρους
961 1517 1008 1548 ³⁸
1042 1515 1235 1583 οὕτως
1279 1514 1565 1585 ἀρέσκον,
1610 1515 1756 1585 φέρε
1805 1515 1988 1569 πολέ-

394 1621 538 1672 μιον
568 1605 984 1677 ἀποδείξωμεν
1014 1607 1120 1661 τὸν
1151 1605 1464 1673 Γουϐάζην
1482 1606 1564 1673 τῷ
1587 1605 1822 1660 δοθέντι
1848 1605 1996 1675 χρώο,

394 1715 570 1765 μενοι
601 1699 920 1768 τεκμηρίῳ.
969 1699 1191 1754 Τούτου
1228 1700 1339 1769 γὰρ
1376 1698 1563 1767 ταύτῃ
1617 1696 1718 1752 καὶ
1755 1695 1832 1764 δὴ
1874 1695 1991 1749 δει-

401 1787 728 1859 κνυμένου,
759 1787 858 1857 καὶ
885 1788 954 1845 τὸ
975 1788 1217 1854 δικαίως
1258 1787 1450 1844 αὑτὸν
1472 1785 1813 1856 ἀνῃρῆσθαι
1842 1802 1993 1840 συν-

401 1879 814 1948 αναφανεῖται.
864 1878 1067 1934 Ἀπαν
1110 1879 1229 1949 μὲν
1254 1875 1369 1933 οὖν
1396 1877 1489 1933 ἀεὶ
1517 1876 1829 1947 βάρϐαρον
1874 1874 1959 1944 φῦ

403 1970 540 2033 λον,
572 1971 626 2023 εί
653 1969 755 2023 καὶ
785 1968 1088 2038 κατήκοον
1110 1962 1152 2042 ᾖ
1195 1968 1321 2033 τοῖς
1359 1967 1693 2037 Ῥωμαίοις,
1724 1966 1887 2020 ἀλλὰ
1914 1965 1993 2030 τῷ

409 2060 519 2129 τῆς
542 2060 780 2133 γνώμης
806 2060 1262 2130 ἀλλοτριωτάτῳ
1307 2059 1627 2128 διεστηκὸς
1649 2057 1748 2112 καὶ
1787 2055 1864 2126 τῇ
1894 2056 1984 2110 τά·

410 2154 502 2220 ξει
528 2151 646 2210 τῶν
668 2156 873 2225 νόμων
911 2155 1274 2225 ἀχθόμενον,
1320 2152 1422 2207 ἐπὶ
1462 2151 1529 2206 τὸ
1567 2148 1996 2220 νεωτεροποιιδν

409 2246 511 2299 καὶ
560 2245 906 2315 ταραχῶδες
952 2244 1238 2315 φέρεσθαι
1279 2244 1577 2313 πέφυκεν·
1620 2242 1722 2296 καὶ
1776 2240 1997 2309 ἣδιστα

399 2334 522 2403 μὲν
551 2336 628 2390 ἂν
671 2335 765 2406 ἐφ’
801 2335 1021 2391 ἑαυτοῦ
1050 2335 1095 2368 ⁹⁹
1129 2335 1318 2401 ,ϐιοῦν
1361 2334 1667 2402 διατελοίη
1709 2331 1998 2402 μηδαμῶς

402 2426 511 2493 ὑφ’
539 2424 766 2494 ἑτέροις
813 2427 1202 2494 ταττόμενον,
1246 2424 1328 2491 ὡς
1373 2422 1532 2493 μηδὲ
1574 2420 1695 2477 τῶν
1722 2423 1739 2452 ί
1796 2420 2000 2487 ἀδικη-

397 2514 608 2584 μάτων
637 2518 897 2583 εὐθύνας
918 2515 1189 2585 ὑπέχειν.
1221 2516 1292 2570 Εὶ
1319 2515 1388 2569 δὲ
1426 2514 1605 2570 τοῦτο
1627 2513 1716 2585 μὴ
1747 2507 1882 2567 οἷόν
1910 2528 1995 2575 τε,

402 2607 478 2661 τὸ
499 2608 650 2678 γοῦν
686 2609 760 2662 τὰ
783 2607 1094 2679 ὁμοδίαιτα
1126 2607 1246 2662 τῶν
1268 2605 1460 2661 ἐθνῶν
1481 2604 1837 2675 καὶμᾶλλον
1875 2603 2001 2668 τοῖς

406 2699 656 2765 οἰκείοις
681 2696 1093 2767 πλησιάζοντα
1127 2698 1373 2765 τρόποις
1420 2696 1748 2766 ἐπάγεσθαι
1785 2695 2002 2764 προῦρ-

405 2808 526 2861 γου
562 2790 897 2846 ποιοῦνται.
932 2789 1106 2858 Πλὴν
1140 2789 1279 2845 ἀλλ’
1308 2792 1361 2845 εὶ
1414 2789 1514 2843 καὶ
1560 2790 1796 2854 τούτοις
1826 2789 1846 2819 ³
1868 2788 2001 2842 ἀτε-

302 2905 310 2912 ·
405 2883 573 2953 χνῶς
604 2886 638 2938 ό
683 2881 992 2952 Γουϐάζης
1020 2882 1264 2962 ρπἦκτο
1304 2883 1441 2951 τοῖς⁸
1471 2880 1714 2946 πάθεσι,
1739 2878 1822 2947 τῷ
1851 2879 2003 2949 βάρ-

406 2975 594 3042 ϐαρός
616 2989 679 3026 τε
709 2972 1066 3041 πεφυκέναι,
1096 2973 1195 3027 καὶ
1228 2972 1344 3040 τὴν
1382 2971 1597 3039 κοινὴν
1631 2970 1740 3026 τοῦ
1787 2969 2003 3045 γένους

408 3062 629 3117 νοσεῖν
666 3064 976 3125 ἀπιστίαν,
1019 3065 1052 3117 ό
1090 3061 1159 3116 δὲ
1206 3062 1311 3116 καὶ
1366 3061 1517 3130 πρὸς
1563 3059 1741 3115 τοῦτο
1789 3061 2004 3127 κακίας

404 3153 619 3223 ἐχώρει
648 3153 780 3209 καθ’
810 3153 1001 3224 ήμῶν,
1035 3152 1118 3218 ὡς
1157 3150 1369 3221 μηκέτι
1394 3147 1840 3250 διαλανθάνειν
1885 3149 2000 3201 οίε-
2031 3191 2076 3250 c

405 3248 557 3299 σθαι
584 3244 732 3311 δεῖν,
777 3245 1140 3300 τούναντίον
1187 3242 1300 3311 μὲν
1350 3237 1466 3297 οὖν
1501 3240 1599 3295 καὶ
1650 3240 1801 3309 πρὸς
1826 3239 2003 3310 ἔργον

407 3337 587 3406 ἄγειν
638 3336 988 3406 ἐπείγεσθαι
1029 3338 1148 3405 τὴν
1190 3333 1701 3404 προσπεπηγυῖαν
1746 3330 1890 3398 τέως
1923 3330 2004 3398 τῷ

406 3427 501 3493 νῷ
555 3430 655 3483 καὶ
714 3427 1265 3499 ὑποκρυπτομένην
1347 3425 1737 3496 δυσμένειαν.
1807 3423 2005 3495 Ἦμῶν

408 3522 527 3591 γὰρ
556 3521 1052 3591 διαπονουμένων
1080 3521 1181 3575 καὶ
1213 3518 1415 3574 πάντα
1442 3518 1739 3573 κίνδυνον
1764 3518 2004 3587 μετιόν-

409 3631 557 3682 των,
586 3615 667 3683 ὡς
693 3612 774 3671 ἂν
790 3615 915 3682 τοῖς
942 3614 1257 3685 πολεμίοις
1273 3612 1471 3682 μηδὲν
1488 3611 1696 3666 ότιοῦν
1713 3611 1834 3665 τῶν
1856 3610 2006 3666 κατὰ

411 3703 663 3777 γνώμην
703 3706 936 3773 ἐκϐαίη,
985 3704 1172 3768 αὐτὸς
1225 3702 1379 3757 οἶκοι
1425 3701 1638 3772 μένειν
1683 3698 1833 3765 ᾤετο
1877 3698 2007 3754 δεῖν

412 3793 542 3849 σὺν
568 3792 693 3860 τοῖς
708 3794 1059 3863 ὁμοφύλοις,
1084 3791 1183 3845 καὶ
1215 3788 1426 3856 πολλῷ
1448 3788 1557 3843 τοῦ
1597 3788 1854 3859 μοχθεῖν
1895 3788 2007 3857 ἀερ-

379 3916 393 3925 -
415 3887 694 3942 εστάναι.
727 3884 904 3954 Πλὴν
948 3885 1086 3939 ἀλλ’
1121 3881 1396 3952 ἐπετήρει
1435 3880 1559 3935 σὺν
1605 3881 1873 3950 ἀκριϐείᾳ
1906 3876 2007 3933 καὶ

419 3976 870 4034 ἀνεπυνθάνετο
901 3977 922 4008 ³
964 3975 1074 4041 τὰς
1130 3972 1249 4028 τῶν
1285 3971 1535 4043 ἀγώνων
1585 3969 1885 4039 κινήσεις,
1941 3969 2004 4034 ἐς

421 4070 572 4138 ὅπερ
604 4068 680 4124 ἂν
707 4069 805 4123 καὶ
831 4066 1196 4139 χωρήσαιεν.
1225 4067 1295 4120 Et
1310 4064 1433 4134 μὲν
1465 4059 1582 4119 οὖν
1622 4061 1920 4132 μέγιστόν
1949 4076 2004 4113 τι

406 4161 574 4235 κατὰ
619 4160 763 4226 τοὺς
805 4158 1116 4229 πολέμους
1163 4156 1292 4223 τοῖς
1334 4154 1647 4225 Ῥωμαίοις
1686 4152 2005 4223 διήνυστο,

417 4255 523 4311 καὶ
598 4255 707 4309 τοῦ
770 4253 952 4322 νικᾶν
997 4251 1247 4323 ἐνεργόν
1304 4267 1369 4304 τε
1433 4248 1535 4304 καὶ
1589 4246 2010 4317 ἀληθεστάτην

414 4346 646 4416 ἤραντο
684 4348 705 4377 ⁸
750 4345 961 4413 δόξαν,
996 4347 1028 4401 ό
1075 4344 1144 4397 δὲ
1190 4343 1258 4397 τὸ
1301 4341 1604 4413 δυσμενὲς
1646 4339 1759 4410 τῆς
1797 4338 2009 4409 ψυχῆς

416 4441 526 4495 καὶ
548 4439 897 4505 ,ϐασκαῖνον
941 4435 1307 4501 ἐπιδεικνὺς,
1373 4430 1778 4503 διακωμῳδεῖν
1826 4422 2006 4496 εὐθὺς

2085 615 2248 659 torem
2275 616 2326 659 et
2358 606 2558 659 hostem
2587 605 2989 674 interfuimus?
3019 604 3182 676 Atqui
3222 607 3391 661 hostis
3433 608 3670 677 appella-

2085 702 2282 754 tionem
2314 708 2455 753 recte
2487 699 2898 767 interpretantes
2937 708 3299 766 accusatores,
3343 716 3449 754 non
3476 702 3547 765 ei,
3577 702 3671 770 qui

2084 793 2434 847 remotissima
2463 791 2535 845 sit
2560 790 2806 855 dissitus,
2841 792 3119 845 convenire
3147 792 3323 858 aiunt,
3365 794 3458 847 sed
3503 794 3670 847 cuivis

2084 891 2247 945 etiam
2293 888 2539 959 populari
2567 928 2581 953 ,
2654 888 2743 958 qui
2796 886 3035 943 hostibus
3083 890 3386 958 gratiﬁcari
3433 890 3669 944 studeat.

2089 986 2262 1053 Quam
2295 985 2506 1056 quidem
2533 985 2835 1055 opinionem
2871 986 3034 1039 etiam
3071 1001 3166 1039 nos
3196 985 3452 1054 optimam
3494 1001 3672 1040 cense-

2088 1095 2204 1133 mus
2236 1087 2286 1132 et
2312 1077 2680 1139 verissimam;
2710 1077 2899 1146 quippe
2924 1092 3043 1147 qua:
3075 1076 3150 1131 rei
3183 1075 3346 1147 223
3374 1077 3539 1145 ipsius
3570 1092 3672 1130 na-

2091 1182 2268 1225 turam
2311 1170 2563 1238 attingat.
2608 1166 2742 1224 Cum
2783 1168 2962 1239 itaque
3014 1170 3248 1239 utrisque
3282 1178 3521 1223 nostrum
3562 1170 3675 1223 ha'c

2089 1263 2351 1317 sententia
2379 1261 2650 1329 probetur,
2686 1275 2803 1330 age,
2837 1261 3037 1315 hostem
3078 1260 3244 1329 fuisse
3284 1258 3533 1315 Gubasen
3576 1262 3676 1315 hoc

2090 1358 2205 1425 ipso
2260 1363 2570 1425 argumento
2621 1361 2825 1407 utentes
2875 1350 3317 1407 demonstremus.
3377 1352 3490 1407 Hoc
3532 1354 3677 1408 enim

2090 1449 2474 1511 demonstrato,
2524 1446 2686 1500 etiam
2726 1445 2853 1514 jure
2919 1460 3117 1498 cmsum
3179 1460 3290 1498 esse
3341 1446 3515 1515 ipsum
3568 1462 3679 1499 una
3768 1452 3769 1455 “

2091 1541 2425 1609 perspicuum
2454 1539 2565 1609 ﬁet.
2606 1536 2864 1592 Universa
2915 1537 3093 1607 itaque
3149 1548 3400 1607 perpetuo
3446 1537 3678 1591 barbara

2094 1635 2263 1699 natio,
2298 1634 2512 1688 etiamsi
2547 1631 2801 1686 Romanis
2835 1629 3047 1685 subdita
3078 1631 3174 1692 sit.
3208 1631 3387 1684 animo
3413 1639 3587 1684 tamen
3612 1629 3678 1684 ab

2093 1728 2169 1781 eis
2197 1726 2523 1780 alienissimo
2572 1723 2792 1786 dissita,
2829 1731 2882 1776 et
2912 1722 3086 1794 legum
3131 1722 3475 1788 disciplinam
3522 1731 3683 1793 atque

2095 1820 2335 1874 ordinem
2359 1827 2576 1890 gravate
2602 1810 2795 1889 ferens,
2832 1816 2903 1871 ad
2935 1832 3097 1871 novas
3127 1833 3208 1871 res
3239 1815 3531 1870 moliendas
3564 1824 3683 1867 tur-

1965 1905 1989 1984 :
2025 1905 2064 1917 “’
2096 1911 2294 1984 basque
2328 1910 2642 1965 excitandas
2695 1910 2827 1980 ferri
2886 1910 3175 1973 consuevit,
3225 1916 3276 1963 et
3320 1906 3684 1978 placidissime

2096 2003 2306 2075 quidem
2327 2004 2469 2057 inter
2491 2017 2623 2069 sese,
2646 2000 2773 2054 dum
2796 2000 2920 2054 aliis
2943 1999 3144 2066 subest,
3176 2000 3344 2054 vivere
3369 1999 3681 2068 neutiquam

2097 2104 2412 2165 perseverat,
2440 2096 2569 2166 quin
2597 2093 2816 2163 aliquod
2853 2094 3053 2147 crimen
3082 2093 3344 2146 incurrat.
3382 2089 3537 2156 Quod
3561 2106 3682 2144 cum

2096 2191 2228 2259 ipsis
2265 2190 2336 2243 sit
2369 2186 2714 2258 impossibile,
2753 2186 2993 2241 nationes
3023 2183 3264 2255 ejusdem
3296 2198 3474 2237 secum
3526 2184 3687 2236 iusti--

2101 2282 2224 2345 tuti,
2247 2289 2296 2335 et
2322 2295 2439 2350 quce
2460 2295 2621 2350 quam
2643 2279 2882 2348 proxime
2908 2277 2979 2330 ad
2998 2292 3181 2332 eorum
3212 2290 3380 2329 mores
3407 2274 3683 2340 accedant,

2100 2374 2201 2428 sibi
2227 2373 2515 2444 adjungere
2555 2371 2789 2426 student.
2836 2369 3009 2424 Porro
3040 2367 3278 2422 Gubazes
3303 2367 3517 2422 etiamsi
3545 2366 3687 2420 hisce

2102 2467 2247 2522 vitiis
2279 2475 2415 2521 esset
2452 2463 2736 2528 obnoxius,
2777 2462 2915 2529 quod
2959 2472 3006 2515 et
3039 2462 3299 2515 barbarus
3337 2468 3485 2513 ortus
3527 2459 3599 2512 sit
3633 2467 3686 2512 et

2102 2560 2370 2613 communi
2399 2558 2632 2612 nationis
2668 2555 2990 2625 inﬁdelitate
3017 2552 3255 2616 laboret;
3289 2559 3497 2606 tantum
3521 2551 3689 2605 etiam

2104 2653 2213 2707 odii
2246 2650 2498 2705 adversus
2532 2665 2624 2703 nos
2655 2655 2988 2717 conceperat,
3021 2658 3076 2699 ut
3107 2644 3163 2698 id
3209 2658 3538 2714 nequaquam
3563 2641 3689 2697 diu-

2107 2752 2212 2803 tius
2244 2747 2523 2819 tegendum
2552 2753 2804 2808 censeret,
2854 2743 2946 2797 sed
2988 2757 3015 2795 e
3049 2740 3319 2796 contrario
3364 2740 3418 2791 in
3448 2746 3690 2806 apertum

2103 2839 2497 2911 producendam
2565 2835 3012 2906 exercendamque
3066 2834 3242 2902 reipsa
3307 2830 3687 2895 hostilitatem,

2104 2952 2266 3004 quam
2296 2933 2484 2988 tandiu
2521 2940 2810 3001 tmpactam
2845 2930 3026 2983 animo
3058 2944 3155 2983 suo
3185 2927 3537 2996 latentemque
3570 2941 3690 2994 ges-

2106 3036 2270 3082 serat.
2336 3025 2499 3080 Nobis
2548 3026 2688 3078 enim
2745 3021 3172 3076 allaborantibus
3223 3029 3273 3074 et
3330 3018 3539 3071 nullum
3587 3030 3693 3069 non

2106 3120 2401 3190 periculum
2444 3117 2820 3179 subeuntibus,
2872 3131 2936 3169 ne
2978 3114 3213 3168 hostibus
3242 3111 3528 3181 quidquam
3574 3125 3692 3161 om—

2110 3215 2232 3268 nino
2265 3214 2329 3266 ea:
2358 3211 2529 3266 animi
2572 3211 2839 3264 sententia
2875 3208 3212 3270 succederet,
3254 3206 3367 3273 ipse
3409 3205 3552 3257 domi
3590 3201 3695 3256 sibi

2107 3319 2226 3358 cum
2263 3302 2505 3355 barbaris
2540 3301 2652 3353 suis
2684 3298 3031 3353 desidendum
3065 3294 3330 3360 censebat,
3361 3292 3694 3362 longissime-

2105 3409 2205 3470 que
2234 3409 2265 3445 a
2293 3390 2565 3446 laboribus
2599 3388 2801 3442 bellicis
2834 3386 3035 3440 abesse.
3071 3384 3396 3439 Observabat
3423 3379 3589 3452 224
3614 3389 3696 3432 ta-

2111 3502 2225 3539 men
2255 3491 2508 3539 accurate
2552 3482 2862 3552 prwliorum
2908 3487 3103 3543 motus,
3156 3490 3259 3547 quo
3309 3475 3601 3529 tenderent.
3634 3471 3694 3525 Si

2108 3579 2231 3650 quid
2280 3578 2447 3649 igitur
2485 3575 2743 3646 pra’clare
2804 3588 2838 3626 a
2880 3571 3133 3624 Romanis
3178 3577 3313 3623 esset
3348 3576 3551 3639 gestum
3576 3602 3593 3629 ,
3644 3574 3694 3616 et

2108 3680 2379 3724 strenuam
2405 3666 2836 3734 verissimamque
2887 3660 3125 3715 victoria!
3171 3658 3386 3712 laudent
3432 3664 3697 3721 reportas-

2108 3770 2245 3828 sent,
2286 3760 2398 3831 ipse
2427 3758 2669 3812 hostilem
2700 3770 2858 3810 suum
2883 3753 3221 3822 invidumque
3245 3750 3485 3803 animum
3517 3745 3698 3801 decla-

2107 3871 2233 3910 rans
2260 3894 2278 3921 ,
2326 3852 2649 3907 mordaciter
2697 3850 2959 3903 comicum
3016 3846 3072 3899 in
3115 3858 3315 3897 morem
3374 3840 3600 3895 irridere
3644 3847 3698 3892 et

2109 3963 2288 4002 rerum
2317 3955 2589 4017 gestarum
2623 3941 2955 4013 splendorem
2986 3952 3051 3991 ac
3089 3935 3401 4004 dignitatem
3430 3932 3698 4001 oﬁ'uscare

2110 4038 2403 4103 nitebatur,
2454 4037 2674 4090 ridiculi
2708 4033 2862 4102 capti
2908 4028 3196 4084 ridiculum
3240 4035 3480 4080 eventum
3511 4022 3698 4092 appel-

2109 4131 2249 4195 lans,
2290 4132 2479 4202 quique
2527 4145 2627 4183 non
2668 4128 2913 4195 ipsorum
2965 4120 3294 4192 fortitudini,
3330 4117 3419 4171 sed
3463 4116 3693 4186 fortuna:

2114 4225 2403 4281 temeritati
2429 4223 2726 4277 deberetur.
2766 4217 2949 4272 Sicubi
2979 4230 3099 4269 vero
3126 4212 3373 4282 fortassis
3397 4209 3535 4278 lapsi
3555 4207 3694 4277 [uiso

2111 4336 2307 4387 semus,
2341 4318 2467 4390 (qui
2501 4317 2639 4372 enim
2668 4312 2784 4385 ﬁeri
2818 4310 3008 4381 possit,
3044 4316 3102 4360 ut
3135 4322 3214 4360 res
3242 4304 3489 4357 humana:
3512 4299 3699 4354 nonin

2113 4412 2443 4469 contrarium
2487 4414 2732 4477 vergant,
2768 4402 2861 4457 sed
2905 4405 3156 4469 perpetuo
3182 4396 3239 4449 in
3274 4407 3377 4448 uno
3414 4389 3699 4458 eodemque

416 4480 526 4495 ’που
548 4480 667 4505 δι’-δυ
683 4480 805 4494 ’νυ-ιν
823 4480 878 4494 ν’
941 4480 1192 4493 νυν-ννννυν
1218 4480 1307 4501 νιν
1374 4480 1754 4503 ννπ---τ--ι-ννυ
1828 4480 1885 4485 ν-
1903 4480 1920 4485 -
1943 4480 1959 4484 -
1981 4480 2000 4496 τ

416 4530 722 4598 ἐπειρᾶτο,
768 4530 868 4585 καὶ
928 4529 1202 4584 διαλύειν
1244 4526 1362 4594 τὴν
1401 4526 1472 4579 ἐκ
1516 4524 1637 4579 τῶν
1681 4520 1871 4593 ἔργων
1909 4537 2000 4575 σε·

2120 4518 2270 4563 statu
2321 4494 2741 4574 permaneant?)
2816 4501 2928 4546 tum
2980 4490 3081 4543 iste
3125 4496 3376 4556 tanquam
3423 4480 3699 4534 ultroneus

2705 4588 2716 4598 -
2781 4585 2792 4598 -
2931 4591 2941 4598 -
3017 4590 3045 4598 ιι
3078 4597 3098 4598 η
3241 4574 3439 4598 ---:.r-...
3496 4572 3675 4598 ηυρλ...

416 4623 713 4691 μνότηταν
744 4623 990 4691 φαύλην
1016 4620 1136 4692 μὲν
1158 4621 1275 4689 τὴν
1301 4618 1675 4690 ἐγχείρησιν,
1703 4614 2011 4686 φαυλότα-

419 4732 536 4770 τον
573 4714 643 4770 δὲ
671 4714 736 4768 τὸ
772 4716 959 4784 πέρας
981 4713 1333 4777 ἀποκαλῶν,
1360 4714 1459 4768 καὶ
1490 4711 1635 4766 οὐδὲ
1663 4708 1841 4764 τοῦτο
1869 4706 2013 4777 ήμέ-

420 4823 625 4875 τερον,
670 4806 831 4862 ἀλλὰ
872 4805 980 4861 τοῦ
1017 4806 1349 4876 ἀλογίστου
1393 4801 1504 4873 τῆς
1562 4802 1791 4871 τύχης.-
1826 4801 1896 4853 Ei
1944 4799 2013 4851 δέ

422 4913 549 4953 που
577 4900 768 4968 τυχὸν
807 4897 909 4953 καὶ
946 4899 1331 4968 σφαλείημεν
1384 4895 1535 4969 (πῶς
1573 4891 1644 4946 δὲ
1680 4888 1811 4947 οἷόν
1845 4907 1911 4945 τε
1941 4890 2009 4944 τὸ

418 4988 797 5059 ἀνθρώπειον
810 4990 899 5061 μὴ
921 4991 1060 5060 οὐχὶ
1099 4988 1371 5059 καὶπρὸς
1401 4986 1695 5042 τάναντία
1711 4982 2012 5054 μεταϐάλ-

419 5086 580 5148 λειν,
614 5082 753 5139 ἀλλ’
787 5082 887 5138 ἐπὶ
914 5083 1035 5137 τῶν
1069 5081 1271 5137 αὐτῶν
1289 5080 1382 5135 ἀεὶ
1402 5076 1764 5149 βεόηκέναι⁹
1782 5075 1860 5146 ;),
1891 5074 1924 5128 δ
1945 5072 2015 5126 δὲ

421 5175 697 5245 καθάπερ
723 5193 807 5241 τις
843 5176 1186 5246 αὐτόματος
1213 5171 1334 5228 τῶν
1372 5168 1743 5242 γιγνομένων
1776 5162 2010 5236 κριτὴς.

424 5266 545 5337 τὴν
600 5268 717 5339 μὲν
755 5268 952 5339 τύχην
997 5267 1182 5330 εὐθὺς
1234 5265 1396 5335 ἀφίει
1446 5262 1570 5317 τῶν
1625 5255 2016 5330 ἐγκλημάτων

423 5361 797 5427 ἀνεύθυνον,
829 5360 893 5434 [Ρ
920 5356 1050 5430 H7]
1086 5364 1169 5421 ὡς
1189 5359 1261 5413 οὐ
1296 5355 1483 5427 μετὸν
1521 5353 1675 5421 αὐτῇ
1722 5350 1825 5404 τοῦ
1866 5364 2015 5417 σνμ-

2080 4572 2084 4650 ί
2118 4572 2334 4669 quidam
2376 4601 2651 4648 eventuum
2686 4585 2878 4656 judex,
2926 4590 3192 4650 (ortunam
3231 4574 3440 4647 quidem
3490 4572 3697 4633 statim,

2114 4666 2334 4761 perinde
2371 4703 2432 4741 ac
2472 4686 2518 4739 si
2562 4691 2772 4737 eventus
2821 4692 2994 4731 rerum
3031 4673 3096 4727 ab
3136 4688 3199 4726 ea
3249 4686 3351 4723 non
3394 4666 3700 4735 penderent,

2119 4760 2277 4854 culpa
2306 4779 2449 4836 omni
2495 4774 2754 4830 liberabat
2786 4787 2805 4825 :
2839 4770 2934 4823 hoc
2964 4784 3083 4824 vero
3115 4766 3284 4835 ﬁxum
3324 4764 3371 4817 ei
3403 4760 3702 4814 decretum-

2118 4896 2218 4951 que
2249 4873 2513 4939 manebat,
2561 4869 2770 4926 nullum
2808 4865 2975 4920 aliam
3015 4878 3127 4916 esse
3160 4873 3380 4914 causam
3409 4855 3484 4908 rei
3512 4867 3703 4922 parum

2121 4945 2244 5028 bene
2284 4987 2316 5025 a
2350 4967 2499 5024 nobis
2531 4972 2710 5036 gestis,
2759 4969 2954 5029 prceter
2983 4955 3155 5011 solam
3188 4950 3356 5005 animi
3400 4945 3700 5006 mollitiem,

2117 5077 2377 5119 manuum
2411 5056 2835 5114 imbecillitatem
2866 5059 2915 5105 et
2949 5047 3297 5103 consiliorum
3321 5039 3700 5096 stoliditatem.

2119 5155 2378 5212 Fortunae
2415 5151 2557 5206 enim
2603 5144 3041 5206 mutabilitatem,
3092 5132 3504 5191 inconstantiam
3529 5136 3578 5180 et
3620 5133 3700 5178 tc-

2120 5250 2415 5304 meritatem
2439 5251 2490 5298 et
2518 5240 2651 5307 alia,
2676 5252 2794 5310 quae
2826 5232 2976 5290 nobis
3002 5227 3373 5287 contumeliose
3400 5220 3700 5290 objiciebat,

2120 5337 2355 5394 hostibus
2410 5337 2740 5404 nequaquam
2795 5324 3124 5386 ascribebat,
3184 5328 3438 5388 tanquam
3470 5314 3612 5364 hisce
3637 5310 3702 5362 de

1720 5521 1961 5582 VARUS
1996 5516 2412 5576 LECTIONES.

501 5662 853 5731 “mpoaémv
890 5675 1002 5715 om.
1039 5657 1105 5711 Β.
1159 5655 1225 5731 ’⁸⁷
1248 5647 1579 5731 ταχθέντι-Β
1604 5653 1664 5731 et
1693 5636 2172 5731 intpraintearv’allo
2196 5625 2936 5731 sep‘qsitusbﬂytivx‘vﬂg.

432 5731 530 5786 τοῦ
547 5692 1002 5804 Βΐριέιῖεέᾅνγέιέί
1043 5692 1224 5780 Ὗτῶν
1604 5719 1624 5749 ¹
1649 5692 1808 5768 τοῦτο
1845 5713 1910 5766 R.
1955 5692 2013 5743 7'37
2038 5692 2545 5765 Ϋάνεπυκίθάνετοῖἶ,
2574 5692 2922 5752 ’ἐπυνθάνετο
2950 5692 3096 5762 vulg.

434 5812 667 5871 ‘O'QX'J‘JIJ
705 5809 741 5853 Ιι
753 5842 767 5855 ο

3014 5622 3059 5653 ’⁸
3091 5618 3373 5685 ἑκατέροις
3502 5611 3546 5643 ’⁸
3562 5611 3704 5685 *ἐξυ-

3173 5690 3195 5720 ι
3223 5678 3395 5757 ἧματο
3419 5683 3482 5738 a.
3560 5681 3581 5713 -
3613 5678 3707 5750 βσρ
