4060 6434
323 398 458 465 1497

1491 400 2038 462 HISTORIARUM
2084 399 2317 459 LIBER
2345 400 2441 461 Ν.

3476 395 3614 464 1498

322 512 374 565 ετ
402 510 467 581 γέ
492 526 578 574 τις
611 509 877 583 πρότερος
906 510 1196 583 ορμηθείη.
1252 515 1512 583 Παρῆσαν
1544 512 1600 566 δέ
1638 514 1751 576 τοῖς
1782 512 1916 583 Πέρ-

2035 527 2208 566 rorum
2250 510 2586 567 mercenaria
2617 509 2841 566 auxilia.
2898 512 2995 568 Est
3043 511 3194 568 enim
3225 512 3343 566 haec
3376 512 3530 565 natio
3556 521 3613 566 et

323 618 447 664 σαις
474 602 571 655 καὶ
592 595 784 657 Οὖννοι
825 602 1079 674 Σάσειροι
1120 605 1213 657 ἐπὶ
1245 604 1327 677 [Ρ.
1359 603 1485 677 122]
1530 606 1834 676 μισθοφορᾷ
1870 603 1914 635 ⁸¹⁶

322 692 855 766 προσϐοηθήσοντες.
906 696 1080 750 Τοῦτο
1116 697 1226 770 γὰρ
1269 697 1332 751 τὸ
1362 699 1518 767 γένος
1564 698 1823 769 μέγιστόν
1856 696 1918 751 τέ

322 790 443 843 ἐστι
470 788 517 820 ⁸³
546 787 644 841 καὶ
670 787 1117 862 πολυάνθρωπον,
1144 790 1505 861 φιλοπόλεμόν
1534 806 1594 844 τε
1634 791 1693 854 ἐς
1720 790 1790 844 τὰ
1823 791 1919 860 μά-

320 880 485 935 λιστα
552 880 651 933 καὶ
714 881 1011 952 ἁρπαλέον,
1077 883 1172 937 καὶ
1236 882 1347 936 οἷον
1415 882 1481 955 δὴ
1523 878 1617 937 οὖν
1666 883 1757 937 ἀεὶ
1807 882 1918 936 τῶν

321 970 552 1026 ὀθνείων
581 971 631 1004 ⁸⁸
674 971 949 1042 ἐφίεσθαιο
985 972 1180 1045 μισθοῦ
1208 991 1267 1027 τε
1299 973 1462 1031 ἕνεκα
1496 975 1658 1044 μόνου
1689 974 1784 1029 καὶ
1820 977 1919 1046 τῆς

324 1064 426 1118 ἐπὶ
443 1067 511 1135 τῇ
534 1063 656 1135 λείᾳ
683 1063 900 1128 ἐλπίδος
927 1063 1022 1119 νῦν
1056 1064 1155 1135 μὲν
1180 1064 1412 1130 τούτοις,
1447 1065 1545 1120 νῦν
1576 1065 1634 1119 δὲ
1667 1066 1917 1132 ἐκείνοις,

322 1154 427 1211 νῦν
472 1155 530 1209 δὲ
567 1154 714 1225 ἄλλῳ
743 1173 822 1223 τῳ
851 1155 1162 1228 ξυμμαχεῖν
1201 1156 1247 1189 ³⁷
1278 1157 1374 1210 καὶ
1404 1156 1920 1222 ξυνδιακινδυνεύειν

326 1249 388 1313 ἐς
413 1248 677 1303 τάναντία
718 1246 1211 1320 μεταϐαλλόμενον.
1243 1249 1516 1311 Πολλάκις
1545 1250 1644 1321 μὲν
1673 1248 1785 1320 γὰρ
1806 1251 1922 1312 τοῖς

342 1340 664 1411 Ῥωμαίοις,
695 1339 955 1404 πολλάκις
993 1340 1049 1394 δὲ
1091 1342 1205 1403 τοῖς
1239 1342 1477 1411 Πέρσαις
1516 1342 1637 1394 κατ’
1673 1340 1923 1412 ἀλλήλων

327 1433 842 1505 παραταττομένοις
866 1432 913 1464 ⁸⁸
939 1433 1070 1503 ξυνή
1081 1449 1243 1504 ραντο
1270 1434 1399 1496 τοὺς
1420 1432 1657 1501 ἀγῶνας,
1679 1434 1738 1485 ἐν
1756 1430 1923 1502 ὀλίγῳ

327 1524 410 1596 τῷ
440 1525 642 1596 μεταξὺ
669 1525 852 1596 χρόνῳ
875 1524 960 1593 ἐφ’
990 1524 1286 1595 ἑκατέρους
1311 1524 1617 1596 τραπέντες
1647 1525 1741 1578 καὶ
1768 1523 1926 1595 μισθυ

330 1619 693 1689 αρνήσαντες.
726 1616 837 1671 Καὶ
864 1612 959 1672 οὖν
991 1618 1025 1688 ή
1058 1616 1304 1689 προτέρα
1344 1617 1493 1689 μάχη
1524 1618 1669 1671 κατά
1696 1617 1925 1688 Περσῶν

332 1711 517 1774 αὐτοῖς
540 1709 880 1782 ἐπολεμήθη,
904 1711 994 1764 ὅτε
1019 1710 1250 1775 πολλοὺς
1268 1710 1379 1764 τῶν
1407 1709 1735 1781 Διλιμνιτῶν
1763 1709 1926 1763 ἐπελ-

332 1803 528 1865 θόντας
563 1803 718 1873 σφίσι
772 1805 1129 1858 κατέκτειναν
1170 1803 1316 1857 ⁸⁹·ἐν
1344 1803 1813 1876 τῇινυκτομαχίᾳ,
1849 1803 1925 1867 ὣς

334 1913 430 1968 μοι
485 1896 695 1949 ἕκαστα
740 1896 1188 1969 προδεδιήγηται.
1233 1897 1478 1951 Ἐκείνου
1514 1895 1572 1949 δέ
1613 1895 1709 1949 τοῦ
1759 1895 1924 1966 ἔργου

332 1991 511 2060 πέρας
542 1989 823 2054 λαϐόντος,
860 1991 1082 2060 ἀφίεντο
1107 1991 1208 2062 μὲν
1240 1991 1345 2046 ὑπὸ
1388 1989 1678 2061 Ῥωμαίων
1699 1989 1767 2044 τά
1795 2007 1927 2058 συγ-

336 2083 567 2154 κείμενα
593 2084 978 2156 κομισάμενοι,
1006 2084 1169 2139 πάλιν
1190 2084 1248 2139 δὲ
1273 2087 1386 2148 τοῖς
1408 2084 1578 2155 ὀλίγῳ
1613 2083 1926 2156 ἔμπροσθεν

341 2176 774 2248 πολεμιωτάτοις
833 2174 1178 2243 ξυνείποντο,
1243 2177 1409 2248 τυχὸν
1472 2176 1574 2247 μὲν
1637 2177 1689 2229 οἱ
1747 2176 1923 2241 αὐτοὶ,

334 2267 504 2339 τυχὸν
527 2268 585 2322 δέ
617 2268 816 2341 ἕτεροι,
856 2268 1110 2341 Σάδειροι
1140 2269 1195 2323 δὲ
1225 2255 1375 2340 ὅμως
1416 2268 1571 2332 ὄντες
1604 2269 1699 2323 καὶ
1741 2270 1806 2323 ἐκ
1831 2268 1926 2322 τοῦ

334 2360 603 2431 σφετέρου
645 2359 835 2426 ἔθνους
868 2362 927 2425 ἐς
952 2362 1052 2433 τὴν
1084 2360 1403 2432 ξυμμαχίαν
1429 2361 1851 2432 ἀπεσταλμένοι.

409 2452 494 2508 ιδ’.
516 2454 736 2509 Τούτων
764 2454 829 2527 δὴ
858 2449 951 2509 οὗν
978 2453 1089 2508 τῶν
1117 2453 1397 2525 Σαδείρων
1423 2454 1617 2526 ἄνδρες
1642 2455 1700 2517 ἐς
1731 2471 1930 2508 πεντα-

330 2546 563 2610 κοσίους
588 2548 647 2601 ἐν
685 2547 940 2619 ὑπαίθρῳ
980 2547 1091 2602 τινὶ
1129 2545 1555 2618 περιαυλίσματι
1592 2546 1785 2620 πόρρω
1824 2565 1928 2605 που

327 2637 447 2692 τῶν
488 2638 665 2693 ἄλλων
716 2639 1145 2711 στρατευμάτων
1193 2638 1493 2711 ἐτύγχανον
1539 2640 1928 2711 ἐσκηνημένοι.

338 2733 412 2785 Ὀ
447 2730 511 2804 δὴ
549 2732 840 2803 Μαξεντίῳ
869 2749 929 2786 τε
975 2732 1070 2795 καὶ
1099 2730 1362 2803 Θεοδώρῳ
1403 2731 1719 2799 σαφέστατα
1758 2734 1930 2801 ἐγνω-

333 2824 560 2897 σμένον,
588 2825 683 2889 καὶ
714 2827 798 2880 ὅτι
837 2823 1072 2880 ἄνοπλον
1115 2821 1262 2877 οὕτω
1315 2840 1435 2887 πως
1485 2824 1581 2877 καὶ
1635 2825 1932 2894 ἀνειμένην
1976 2880 1989 2901 κ

333 2904 466 2974 τινὰ
490 2917 700 2979 δίαιταν
726 2918 953 2988 ᾷγοντες
983 2915 1339 2982 διατελοῦσιν,
1365 2915 1597 2988 ἢλαυνον
1640 2915 1804 2981 εὐθὺς
1843 2917 1931 2970 ἐπ’

336 3010 544 3074 αὐτοὺς
585 3010 633 3041 ⁹⁰
669 3008 1019 3081 τριακοσίους
1064 3007 1402 3077 ἐπαγόμενοι
1451 3007 1715 3072 ἱππότας.
1765 3008 1932 3080 Περι-

339 3100 571 3164 στάντες
616 3100 674 3154 δὲ
715 3099 902 3168 κύκλῳ
946 3099 1009 3153 τὺ
1046 3098 1210 3170 ἕρκος
1235 3098 1280 3132 ⁹¹
1325 3094 1415 3173 (ἦν
1450 3098 1560 3171 γὰρ
1606 3100 1665 3152 ού
1707 3098 1830 3153 λίαν
1873 3102 1933 3164 ἐς

2021 603 2260 658 maxima
2288 613 2342 658 et
2371 602 2818 674 populosissima,
2860 603 3134 674 simulque
3156 611 3213 659 et
3250 602 3519 657 bellorum
3558 612 3614 657 et

2020 686 2228 764 rapinae
2256 694 2650 760 sitientissima,
2681 710 2913 765 quaeque
2936 702 3199 765 perpetuo
3229 693 3363 748 foris
3385 702 3617 748 externo

2019 786 2073 840 in
2106 786 2223 841 solo
2265 786 2462 857 degere
2514 795 2683 852 amat,
2737 801 3064 857 semperque
3110 786 3289 841 aliena
3337 792 3615 855 appetere,

2020 879 2191 934 solius
2225 879 2495 934 mercedis
2529 894 2698 934 causa
2738 889 2793 935 et
2827 881 3024 949 praedae
3052 895 3150 950 spe
3183 879 3346 933 modo
3387 878 3611 948 quidem

2021 965 2130 1031 his,
2165 967 2329 1021 modo
2359 966 2490 1033 illis,
2525 969 2868 1025 nuncralteri
2910 970 3073 1024 alicui
3116 984 3240 1025 sese
3284 969 3339 1023 in
3390 968 3519 1024 belli
3564 977 3620 1023 et

2021 1061 2398 1131 periculorum
2421 1062 2742 1118 societatem
2765 1064 3169 1134 coniungendo,
3195 1063 3356 1142 235
3385 1064 3439 1118 in
3485 1078 3617 1119 eon-

2024 1153 2191 1207 traria
2222 1154 2455 1209 subinde
2491 1164 2756 1209 mutatur.
2800 1154 3132 1224 Frequenter
3157 1156 3303 1211 enim
3347 1171 3473 1210 cum
3508 1153 3617 1207 Ro-

2024 1244 2225 1308 manis,
2254 1243 2568 1314 frequenter
2598 1260 2729 1300 vero
2759 1261 2885 1301 cum
2923 1244 3127 1310 Persis,
3165 1245 3306 1301 inter
3343 1261 3465 1301 sese
3506 1245 3619 1300 bel-

2025 1335 2140 1388 lum
2176 1336 2517 1405 gerentibus,
2564 1337 2810 1407 praelium
2863 1337 3123 1405 inierunt,
3167 1347 3222 1391 et
3254 1338 3453 1407 exiguo
3485 1350 3619 1392 tem-

2022 1427 2173 1496 poris
2200 1428 2379 1497 spatio
2422 1428 2749 1498 interposito
2777 1429 2942 1481 modo
2992 1430 3099 1494 his,
3133 1429 3297 1482 modo
3329 1430 3437 1484 illis
3475 1446 3618 1483 mer-

2026 1517 2302 1571 cenariam
2335 1532 2492 1572 suam
2520 1532 2745 1587 operam
2779 1518 3049 1573 locarunt.
3092 1515 3231 1570 Nam
3264 1518 3444 1586 priore
3480 1518 3620 1572 bello

2026 1609 2294 1665 adversus
2327 1607 2525 1665 Persas
2559 1619 2897 1680 pugnarunt,
2919 1624 3044 1665 eum
3080 1610 3287 1667 multos
3312 1596 3620 1665 Dilimnita-

2027 1717 2148 1756 rum
2197 1704 2250 1756 in
2305 1717 2364 1757 se
2413 1701 2686 1758 irruentes
2718 1712 2994 1757 nocturno
3035 1702 3219 1771 praelio
3252 1702 3620 1767 trucidarunt,

2025 1795 2488 1866 quemadmodum
2547 1811 2714 1866 supra
2763 1796 3005 1850 narravi.
3068 1793 3189 1861 Quo
3247 1796 3428 1850 statim
3488 1794 3625 1849 bello

2027 1885 2299 1955 confecto,
2330 1887 2547 1944 dimissi
2569 1887 2791 1958 quidem
2814 1900 2943 1944 sunt
2977 1902 3008 1942 a
3042 1886 3329 1954 Romanis,
3355 1886 3629 1953 mercede,

2026 1979 2095 2035 de
2129 1995 2236 2050 qua
2266 1980 2411 2035 inter
2444 1980 2596 2051 ipsos
2623 1988 2985 2046 convenerat,
3010 1988 3231 2050 accepta
3252 1997 3276 2050 ;.
3300 1990 3486 2050 postea
3517 1994 3621 2033 an-

2028 2082 2135 2126 tem
2170 2088 2288 2139 eos,
2324 2073 2419 2143 qui
2477 2082 2637 2128 antea
2676 2071 2813 2143 ipsis
2860 2074 3081 2128 fuerant
3118 2072 3370 2127 acerrimi
3419 2072 3632 2139 hostes,

2027 2175 2157 2220 sunt
2183 2165 2378 2232 secuti,
2410 2165 2526 2221 sive
2556 2164 2610 2218 hi
2645 2165 2772 2234 ipsi,
2814 2164 2930 2220 sive
2966 2164 3082 2227 alii,
3130 2163 3312 2218 Sabiri
3345 2171 3526 2218 tamen
3575 2174 3625 2218 et

2026 2274 2094 2313 ex
2127 2272 2228 2314 sua
2262 2268 2423 2330 gente
2454 2258 2522 2313 ad
2553 2257 2757 2314 sociale
2784 2271 2909 2313 cum
2940 2255 3126 2313 Persis
3150 2255 3353 2313 bellum
3381 2256 3557 2315 missi.

2105 2433 2194 2488 14.
2237 2432 2313 2489 Ex
2356 2433 2444 2489 his
2475 2433 2662 2503 itaque
2707 2430 2919 2486 Sabiris
2943 2429 3040 2484 viri
3072 2418 3365 2499 quingenti
3409 2425 3469 2479 in
3514 2433 3625 2479 sta-

2031 2526 2162 2581 bulo
2187 2525 2429 2596 quodam
2457 2525 2690 2581 subdivo
2717 2522 3060 2594 longiuscule
3087 2536 3119 2575 a
3155 2520 3366 2589 reliquo
3393 2516 3629 2573 exercitu

2033 2618 2230 2675 dissito
2257 2618 2656 2684 consederant;
2694 2614 2843 2687 quod
2883 2614 3106 2684 quidem
3148 2613 3274 2665 eum
3327 2608 3629 2663 Maxentius

2032 2719 2086 2766 et
2110 2694 2430 2766 Theodorus
2452 2709 2614 2779 plane
2635 2703 3318 2777 cognovissent,quodque
3338 2701 3411 2755 ibi
3441 2699 3630 2768 positis

2033 2801 2208 2857 armis
2240 2800 2578 2872 negligenter
2610 2800 2873 2864 viverent,
2928 2794 3221 2851 confestim
3269 2793 3324 2846 in
3379 2806 3478 2846 eos
3526 2799 3630 2844 tre-

2035 2903 2224 2949 centos
2267 2893 2484 2963 equites
2540 2893 2840 2948 duxerunt.
2896 2887 3053 2944 Muro
3096 2887 3278 2957 itaque
3337 2885 3390 2938 in
3444 2883 3632 2938 urbem

2035 2987 2407 3041 circumsesso
2435 2986 2639 3057 (neque
2676 2984 2822 3038 enim
2868 2981 2961 3036 ille
3002 2979 3157 3035 valde
3187 2986 3306 3033 erat
3345 2976 3509 3042 altus,
3541 2973 3635 3029 sed
3736 3004 3739 3007 ›

2037 3079 2113 3133 ita
2159 3087 2394 3145 tantum,
2426 3085 2487 3132 ut
2521 3076 2724 3148 equitis
2750 3083 2904 3130 extra
2954 3072 3154 3128 stantis
3183 3069 3352 3126 facies
3394 3066 3636 3138 prospici

335 3191 480 3263 ὕψος
509 3159 721 3263 ἀνέχον,
750 3159 955 3255 ἀλλίές
981 3159 1105 3245 ὅσον
1131 3159 1588 3262 ἱππότούάνδρές
1614 3191 1870 3246 ἔκτοσθεν
1886 3159 1928 3225 ’ί

2039 3168 2271 3240 posset),
2300 3170 2449 3236 huic,
2481 3171 2728 3241 inquam,
2754 3182 2911 3221 muro
2935 3164 3460 3235 appropinquantes,
3484 3159 3637 3214 omni

329 3285 709 3356 ἐφεστηκότρς
736 3283 799 3337 τὸ
827 3284 1123 3354 πρόσωπον
1151 3283 1633 3356 ύπερφαίνεσθαι),
1663 3287 1839 3356 τούτῳ
1866 3285 1933 3356 δὴ

328 3372 436 3430 οὖν
468 3375 824 3440 πελάσαντες,
857 3374 1082 3429 ἔϐαλλον
1125 3373 1394 3429 πάντοθεν
1440 3376 1567 3441 τοὺς
1615 3377 1936 3448 Βαρϐάρους

329 3468 619 3530 ἀκοντίοις
645 3485 706 3521 τε
745 3468 838 3521 καὶ
868 3466 1037 3531 λίθοις
1067 3468 1160 3522 καὶ
1188 3467 1507 3537 τοξεύμασι,
1540 3468 1635 3522 καὶ
1666 3470 1830 3524 παντὶ
1859 3469 1937 3542 τῷ

335 3560 731 3630 προστυχόντι.
764 3561 826 3613 Oi
865 3559 924 3613 δὲ
956 3554 1051 3614 οὖν
1086 3559 1309 3623 πλείους
1345 3563 1391 3593 ³³
1432 3556 1571 3614 εἶναι
1615 3562 1744 3625 τοὺς
1776 3563 1940 3615 ἐπελο-

335 3653 543 3712 θόντας
588 3651 621 3721 ἢ
672 3651 812 3704 κατά
851 3650 911 3704 τὺ
952 3652 1183 3721 ἀτρεκὲς
1216 3651 1689 3722 ὑποτοπήσαντες,
1719 3652 1837 3722 ἅμα
1879 3653 1938 3707 δὲ

336 3747 443 3799 καὶ
484 3744 561 3815 τῷ
613 3744 863 3815 ἀδοκήτῳ
906 3743 1450 3816 καταπεπληγμένοι,
1487 3744 1797 3815 ἀμύνεσθαι
1840 3746 1940 3815 μὲν

340 3837 552 3906 ἥκιστα
586 3835 909 3913 διενοοῦντο,
958 3835 1184 3904 φεύγειν
1228 3818 1291 3888 δὲ
1321 3836 1507 3900 αὐτοῖς
1536 3837 1598 3889 ού
1640 3836 1787 3906 μάλα
1813 3836 1939 3905 ἐξῆν

345 3929 432 3997 τῷ
453 3926 661 4000 θριγκῷ
690 3929 1129 4000 περιεχομένοις,
1155 3929 1219 3982 Οἱ
1257 3929 1359 3999 μὲν
1382 3925 1478 3982 οὖν
1516 3927 1668 3994 ᾅλλοι
1698 3929 1939 3993 ἅπαντες

349 4020 521 4092 χύδην
566 4006 726 4075 αὐτοῦ
774 4020 1166 4092 διεφθάρησαν,
1220 4020 1371 4092 μόνοι
1428 4020 1485 4074 δὲ
1527 4019 1941 4091 τεσσαράκοντα

350 4113 547 4185 ἄνδρες
572 4114 896 4185 παραλόγως
925 4098 1291 4176 διαλαθόντες,
1321 4112 1417 4174 καὶ
1449 4112 1541 4165 ἐπὶ
1573 4114 1699 4176 τοὺς
1725 4113 1941 4183 τοίχους

344 4203 812 4277 ἀναρριχὼμενοι,
861 4203 980 4259 εἶτα
1022 4204 1116 4259 ἐπὶ
1158 4204 1363 4276 θάτερα
1405 4205 1805 4270 διεκπεσόντες,
1836 4205 1941 4264 ὑπὸ

341 4298 411 4352 τὸ
435 4297 619 4352 λάσιον
650 4302 750 4369 τῆς
778 4297 1045 4369 ἐχομένης
1081 4297 1416 4366 ἐκρύπτοντο
1450 4297 1603 4368 ὕλης.
1636 4298 1779 4371 Πλὴν
1804 4298 1943 4353 άλλά

339 4392 448 4447 καὶ
476 4393 702 4456 τούτους
736 4393 785 4446 οἱ
815 4392 1070 4462 Ῥωμαῖοι
1105 4390 1408 4461 ἀνιχνεύειν
1445 4392 1764 4464 ἐπειρῶντο.
1800 4393 1941 4447 Τού-

334 4505 462 4542 των
503 4486 560 4539 δὲ
595 4489 710 4550 τοῖς
755 4484 996 4557 Πέρσαις
1042 4484 1506 4555 ἀπηγγελμένων,
1563 4484 1766 4539 αὐτίκα
1820 4486 1939 4554 οἵγε

340 4581 475 4643 ἴλας
534 4579 745 4632 ἱππέων
807 4555 1122 4630 στέλλουσιν
1172 4576 1259 4628 ἐπ’
1283 4574 1482 4638 αὐτοὺς
1522 4574 1580 4639 ἐς
1621 4574 1943 4646 δισμυρίους
1979 4555 2020 4607 D

335 4669 556 4741 ᾄνδρας
611 4668 1101 4737 συντεταγμένους.
1149 4665 1214 4722 Oi
1254 4667 1311 4721 δὲ
1362 4666 1646 4739 Ῥωμαῖοι,
1700 4669 1945 4736 εἴξαντες

332 4760 435 4831 τῷ
472 4760 668 4831 πλήθει
708 4760 803 4813 καὶ
833 4757 1023 4830 ὥσπερ
1067 4757 1398 4831 ἀρκούμενοι
1443 4759 1520 4830 τῷ
1548 4761 1942 4832 γεγενημένῳ,

334 4851 681 4924 ἀπεχώρουν
710 4850 980 4923 δρομαῖοι,
1008 4851 1103 4904 καλ⁵
1130 4845 1285 4914 αὖθις
1318 4850 1375 4913 ἐς
1402 4849 1462 4903 τὺ
1494 4849 1756 4923 πρότερον
1780 4853 1948 4924 φρού-

337 4936 476 5019 ριόν
515 4943 880 5015 ἐσδραμόντες
902 4943 970 5007 ⁸³,
1005 4944 1062 4995 ἐν
1105 4942 1182 5013 τῷ
1211 4942 1446 5012 ἀσφαλεῖ
1486 4943 1834 5007 καθίσταντο,
1867 4944 1946 5016 τῷ

338 5041 461 5111 μὲν
494 5037 797 5107 πραχθέντι
845 5032 1335 5107 μεγαλαυχοῦντες,
1366 5036 1660 5107 ἀνιώμενοι
1687 5037 1744 5091 δὲ
1780 5039 1941 5109 μόνον

332 5130 453 5185 ἐπὶ
487 5127 798 5198 Μαξεντίῳ·
829 5125 1124 5196 ἐτύγχανεν
1150 5122 1259 5196 γάρ
1281 5123 1390 5178 τῶν
1417 5123 1522 5185 ἀνά
1550 5123 1649 5196 τὴν
1674 5124 1806 5194 ὓλην
1827 5125 1945 5177 δια-

332 5225 562 5281 δόντων
590 5222 637 5255 ⁸⁸³
664 5220 969 5293 Βαρϐάρων
1000 5220 1109 5274 ύπὸ
1130 5238 1226 5283 τον
1261 5218 1541 5289 βιαιότατα
1578 5218 1944 5288 τετρωμένος.

336 5317 437 5377 ὡς
459 5313 553 5365 καὶ
584 5313 827 5384 φοράδην
865 5311 1056 5383 ἀχθεὶς
1089 5312 1182 5364 ἐπὶ
1212 5309 1401 5377 κλίνης
1433 5311 1684 5379 κρεῖττον
1718 5309 1943 5379 ἀπάσης

336 5405 576 5470 ἐλπίδος
609 5405 963 5476 ἀποσωθῆναι
992 5404 1060 5457 ⁹⁵.
1086 5401 1171 5459 ῘΡ.
1200 5398 1563 5474 125]Ἐπειδὴ
1581 5400 1689 5470 γάρ
1721 5399 1946 5469 ἐϐέϐλη-

2040 3279 2105 3319 ex
2138 3272 2294 3335 parte
2332 3264 2600 3321 barbaros
2626 3260 2845 3332 jaculis,
2878 3258 3048 3319 saxis,
3095 3254 3307 3323 sagittis
3351 3261 3407 3308 et
3439 3251 3640 3322 quovis

2042 3365 2157 3419 alio
2189 3363 2421 3419 telorum
2459 3368 2659 3426 genere
2692 3351 2983 3406 feriebant.
3015 3345 3158 3401 Tum
3200 3343 3256 3399 hi
3292 3343 3477 3412 plures
3509 3353 3640 3394 esse

2041 3457 2252 3522 hostes,
2279 3467 2445 3524 quam
2475 3463 2663 3504 revera
2688 3456 2867 3510 erant,
2903 3439 3168 3512 suspicati
3207 3436 3486 3504 simulque
3515 3434 3640 3487 ino-

2040 3550 2228 3621 pinato
2254 3544 2420 3623 236
2444 3542 2522 3597 rei
2568 3537 2825 3611 perculsi,
2861 3551 2965 3591 nec
2998 3534 3066 3589 de
3114 3531 3414 3623 tuendoise
3457 3527 3642 3623 admo:

2040 3617 2170 3699 dum
2197 3617 2535 3711 cogitabant,
2568 3646 2745 3703 neque
2780 3627 2986 3699 effugio
3017 3626 3172 3682 locus
3205 3622 3441 3693 patebat,
3494 3617 3642 3688 quod

2044 3752 2206 3790 muro
2235 3741 2419 3789 essent
2442 3724 2865 3784 circumvallati.
2901 3721 2976 3776 lbi
3002 3735 3132 3786 ergo
3162 3716 3254 3771 alii
3295 3728 3488 3768 omnes
3515 3725 3641 3780 pas—

2042 3829 2147 3883 sim
2193 3826 2319 3881 czesi
2351 3830 2501 3891 sunt,
2536 3819 2636 3875 soli
2680 3830 2811 3872 vero
2841 3811 3205 3884 quadraginta
3233 3807 3334 3861 viri
3380 3818 3506 3860 cum
3539 3801 3641 3855 mi-

2042 3918 2196 3974 rillce
2254 3913 2513 3968 manibus
2567 3908 2912 3979 pedibusque
2960 3902 3013 3956 in
3079 3912 3358 3954 summum
3416 3907 3640 3947 murum

2042 4005 2518 4068 ronscendissrnt,
2596 4001 2650 4053 in
2709 3998 2982 4051 diversam
3037 4000 3245 4062 partem
3302 3985 3532 4055 delapsi,
3585 3983 3642 4036 in

2042 4100 2308 4174 proxima:
2347 4096 2498 4153 silvae
2548 4092 2820 4148 densitate
2870 4085 3234 4147 delituerunt;
3272 4093 3413 4174 quos
3462 4088 3640 4174 tamen

2043 4170 2281 4254 Romani
2324 4191 2653 4262 investigare
2688 4201 2796 4243 non
2823 4182 3170 4240 destiterunt.
3205 4177 3335 4230 Haec
3360 4170 3522 4228 simul
3556 4179 3642 4222 at-

2042 4307 2146 4362 que
2177 4288 2358 4345 Persis
2406 4285 2627 4340 fuerunt
2665 4277 2936 4345 nuntiata,
2970 4270 3269 4330 confestim
3318 4265 3644 4362 illiturmas

2043 4355 2293 4454 equitum
2338 4378 2394 4432 in
2433 4391 2532 4433 eos
2579 4373 2823 4436 mittunt,
2860 4367 2970 4429 duo
3014 4363 3258 4417 virorum
3310 4355 3481 4454 mil-lia

2044 4445 2186 4530 bene
2222 4472 2515 4537 instructa.
2546 4462 2784 4520 Romani
2820 4474 2974 4525 vero,
3009 4454 3270 4511 cedentes
3300 4445 3643 4504 multitudini

2048 4575 2103 4622 et
2129 4565 2302 4621 veluti
2355 4558 2598 4616 contenti
2638 4551 2917 4626 praeterito
2960 4546 3227 4607 facinore,
3273 4540 3476 4595 cursim
3522 4549 3645 4591 sese

2048 4662 2375 4729 receperunt
2412 4661 2466 4708 et
2524 4652 2581 4705 in
2631 4639 3125 4719 propugnaculum,
3170 4632 3318 4689 unde
3353 4638 3643 4729 venerant,

2051 4724 2406 4820 refugientes,
2440 4746 2493 4798 in
2537 4750 2657 4796 tuto
2697 4754 2756 4794 se
2779 4734 3201 4793 continuerunt;
3232 4724 3493 4820 praeclaro
3518 4724 3643 4820 qui-

2050 4813 2202 4897 dem.
2217 4840 2364 4896 facto
2390 4830 2760 4908 gloriabundi,
2791 4822 3054 4882 Maxentii
3085 4828 3297 4877 tantum
3339 4813 3644 4915 vicenrdp—

2054 4937 2249 4989 lentes.
2280 4930 2412 4986 Erat
2430 4928 2575 4983 enim
2608 4927 2654 4981 is
2700 4940 2729 4976 a
2761 4920 2998 4992 quodam
3032 4914 3416 4970 barbarorum,
3447 4914 3539 4974 qut
3589 4919 3640 4956 Ill

2052 5028 2244 5082 silvam
2279 5039 2339 5078 se
2377 5021 2721 5081 abdiderant,
2766 5010 3092 5084 gravissime
3133 5003 3470 5061 vulneratus,
3505 4995 3641 5048 adeo

2053 5125 2112 5170 ut
2144 5102 2333 5168 lectica
2359 5114 2535 5165 elatus
2568 5117 2765 5185 praeter
2804 5114 3024 5157 omnem
3064 5109 3215 5166 spem
3243 5096 3491 5185 servatus
3523 5086 3641 5140 fue-

2049 5209 2138 5262 rit.
2174 5206 2369 5261 Statim
2411 5179 2581 5258 enitn
2606 5209 2771 5268 atque
2802 5198 2943 5250 ictus
2979 5191 3177 5252 fuerat,
3223 5179 3513 5249 confestim
3556 5194 3640 5232 as-

2049 5303 2228 5365 seclze,
2260 5315 2327 5355 eo
2365 5298 2602 5360 sublato,
2642 5306 2808 5364 quam
2837 5285 3105 5344 citissime
3131 5296 3190 5337 se
3218 5276 3343 5332 inde
3385 5273 3638 5343 abripuc-

2051 5402 2199 5459 runt,
2252 5392 2572 5463 priusquam
2626 5382 2867 5442 universi
2923 5381 3107 5434 hostes
3161 5373 3451 5427 irruerent.
3501 5365 3640 5420 Cum

1670 5577 1911 5635 VARle
1946 5573 2357 5635 LECTIONES.

426 5745 473 5777 ⁸η
506 5737 858 5808 μισθοφοροῖς
891 5736 956 5789 Β.
1033 5735 1078 5767 ⁸⁵
1102 5734 1163 5808 τέ
1187 5733 1251 5802 γέ
1289 5735 1406 5808 ἐστ.

346 5795 697 5888 latri-vnlg:
726 5795 771 5888 9f
797 5795 1362 5888 παραταττόμενοι
1438 5803 1484 5888 εἶ’
1517 5801 2011 5888 Ρτοεκατέκτειναν
2049 5800 2266 5888 Rufa?
2289 5795 2561 5888 ιἐκείνοις.

353 5866 464 5941 aer
494 5878 559 5934 ll.
599 5866 683 5913 V”
707 5874 800 5935 οὖν
822 5866 890 5932 οὗ
914 5866 1139 5940 πλείους
1164 5873 1281 5932 ﬂct
1319 5873 1518 5947 Lugd.,
1551 5873 1645 5929 sed
1690 5888 1795 5943 mg.
1829 5869 1921 5927 οὖν
1953 5870 2041 5927 πλ.
2122 5871 2166 5903 ⁸³
2198 5868 2368 5938 εἱσδρ.
2403 5866 2557 5935 vulg.

1589 5732 1634 5765 ⁸⁸
1673 5731 1779 5785 τῶν
1828 5729 2053 5784 ὀθνείων
2105 5727 2257 5784 Par..
2310 5722 2747 5796 chvoﬂvaiavﬂ,
2788 5717 3058 5796 l_.ug_d._et
3085 5714 3316 5796 edi-pr.“
3361 5708 3645 5796 ’νσυμμα-

2637 5792 2684 5826 ⁹⁰
2728 5781 2818 5844 ἐπ’
2852 5781 3050 5850 αὐτοὺς
3079 5781 3244 5846 εὐθυς
3280 5783 3345 5836 ll.
3422 5781 3465 5850 ’_'
3490 5781 3644 5835 ἐκτο-

2629 5862 2675 5896 ⁹⁸
2712 5860 2916 5915 δύντων
2945 5857 3010 5912 ιι.
3034 5848 3045 5850 ί
3088 5856 3135 5888 ’⁸
3171 5852 3409 5925 σωθῆναι
3439 5848 3503 5908 Β.
