4060 6462
494 384 633 452 1499

1680 387 2044 447 AGATHUE
2076 387 2565 450 SCHOLASTICI

3605 392 3726 457 15θο

489 517 623 559 vero
646 498 893 555 venirent
917 500 1288 571 impetumque
1314 496 1575 563 facerent,
1607 508 1719 553 tum
1746 495 1979 551 Ronmni
2004 494 2070 548 ad

2191 512 2258 560 ιο,
2290 498 2489 551 αὐτίκα
2513 500 2561 551 οί
2586 498 2776 551 ὀπαδοὶ
2794 497 3060 568 ἀράμενοι
3089 497 3248 551 αὑτὸν
3271 496 3470 569 ᾤχοντο
3499 503 3629 571 μετὰ
3649 505 3730 558 τά·

494 595 656 649 aliam
691 593 982 663 quamdam
1024 592 1167 647 viam
1207 590 1498 661 fugientes,
1533 597 1589 645 et
1630 589 1684 642 in
1717 604 1777 643 se
1815 602 1932 650 eos.
1978 586 2069 656 qui

494 686 953 756 insequebantur,
996 683 1352 747 attrahentes,
1384 681 1565 736 locum
1616 679 1693 734 illi
1737 679 1961 745 dabant,
2016 688 2073 732 ut

496 792 638 848 aegre
668 775 882 831 tandem
911 776 966 830 in
1004 772 1471 845 propugnaculum
1499 768 1821 831 deferretur.

573 1041 657 1095 i5.
703 1038 910 1094 interea
935 1037 1185 1097 Justinus
1225 1037 1481 1096 Germani
1512 1038 1654 1094 ﬁlius
1684 1053 1853 1094 unum
1894 1054 1927 1094 e
1959 1038 2075 1097 suis

497 1131 753 1196 ducibus,
801 1129 1058 1185 l-lunnum
1101 1131 1339 1196 natione,
1392 1131 1674 1187 Elminzur
1724 1130 1966 1198 nomine,
2008 1145 2074 1184 ex

498 1224 681 1278 Insula
710 1223 1070 1293 llltodupolim
1116 1225 1278 1278 mittit
1324 1239 1449 1278 cum
1493 1223 1709 1278 duobus
1733 1221 1894 1293 237
1920 1222 2077 1292 cqui-

2175 605 2322 657 χους,
2351 589 2477 659 πρὶν
2505 588 2756 652 ἅπαντας
2789 590 3039 643 ἐπελθεῖν
3065 591 3195 652 τοὺς
3226 589 3529 662 πολεμίους.
3571 593 3654 659 ἀς
3678 595 3731 649 δὲ

2172 673 2307 750 ἦκον
2339 679 2436 732 καὶ
2466 680 2820 750 ἐπεφέροντο,
2848 680 2972 733 τότε
2999 678 3065 750 δὴ
3100 682 3149 733 οί
3186 679 3332 734 ἄλλοι
3378 682 3633 753 Ῥωμαῖοι
3657 687 3735 755 ἐφ’

2174 768 2371 840 ἑτέραν
2398 769 2520 824 τινὰ
2547 770 2841 839 φεύγοντες
2867 771 3116 843 πορείαν,
3144 770 3240 824 καὶ
3274 773 3415 826 κατὰ
3450 774 3598 843 σφῶν
3620 777 3737 841 τοὺς

2173 861 2470 925 διώκοντας
2510 861 2906 934 ἐπισπώμενοι,
2939 862 3125 933 χώραν
3169 863 3438 936 παρέσχον
3474 865 3663 937 ἐκείνῳ
3689 872 3741 923 ὲν

2173 951 2253 1024 τῷ
2273 951 2511 1023 ἐρύματι
2539 952 2889 1024 σχολαίτερον
2917 952 3380 1024 ἀωκομισθῆναι.

2248 1049 2330 1105 ιε’.
2370 1044 2460 1107 Ἐν
2500 1044 2678 1115 τούτῳ
2703 1045 2762 1100 δὲ
2803 1043 3086 1108 Ἱουστῑνος
3124 1044 3157 1099 ό
3196 1044 3478 1115 Γερμανοῦ
3519 1046 3616 1101 ἕνα
3646 1048 3745 1107 τῶν

2176 1136 2315 1207 ἀμφ’
2344 1135 2508 1189 αὑτὸν
2551 1134 2862 1207 ταξιάρχων
2891 1129 3091 1199 Οῦννον
3131 1133 3193 1188 τὸ
3220 1135 3398 1203 γένος,
3434 1134 3746 1208 Ἐλμινζοῦρ

2176 1226 2365 1298 δνομα,
2395 1227 2635 1305 ἔστειλεν
2664 1229 2730 1282 ἐκ
2753 1228 2856 1299 τῆς
2882 1227 3069 1298 Νήσου
3101 1228 3160 1292 ἐς
3189 1229 3289 1298 τὴν
3317 1227 3624 1284 Ῥοδόπολιν
3642 1227 3750 1298 ἅμα

497 1325 614 1368 tum
658 1314 920 1371 millibus.
951 1313 1045 1369 Est
1082 1324 1261 1371 autem
1296 1314 1413 1369 lucc
1442 1313 1775 1384 Rhodopolis
1819 1313 2073 1383 oppidum

2191 1317 2455 1390 Βισχιλίοις
2505 1317 2783 1383 ἱππόταις,
2818 1319 2953 1374 Ἥδε
2985 1319 3048 1379 δέ
3083 1322 3118 1389 ή
3152 1317 3464 1382 Ῥοδόπολις
3510 1318 3625 1379 ἐστι
3660 1319 3750 1390 μὲν

499 1402 857 1470 Colchicum;
892 1419 920 1457 a
955 1401 1138 1458 Persis
1171 1412 1350 1457 tamen
1390 1411 1517 1457 tunc
1565 1402 1825 1470 temporis
1859 1402 2079 1455 teneba-

500 1505 610 1559 tur,
646 1509 675 1547 a
708 1492 1007 1548 Mermeroe
1032 1493 1202 1546 multo
1226 1502 1350 1546 ante
1380 1502 1618 1561 raptum,
1643 1493 1735 1560 qui
1763 1492 1925 1547 etiam
1951 1491 2077 1571 Per-

2179 1408 2422 1479 πόλισμα
2459 1408 2751 1480 Κολχικὸν,
2788 1410 2897 1466 ὑπὸ
2922 1409 3153 1482 Περσῶν
3181 1409 3239 1467 δὲ
3266 1410 3416 1480 ὅμως
3445 1409 3504 1465 ἐν
3534 1410 3614 1481 τῷ
3637 1413 3750 1464 τότε

2179 1501 2484 1571 κατείχετο,
2524 1500 2736 1565 ἑλόντος
2781 1501 2953 1573 αὐτὴν
3004 1500 3187 1573 πολλῷ
3233 1501 3548 1572 ἔμπροσθεν
3589 1500 3753 1572 χρόνῳ

501 1584 675 1637 sic-um
719 1583 1029 1653 prtesidium
1090 1582 1146 1636 in
1191 1598 1257 1637 eo
1286 1582 1597 1640 collocarat.
1652 1580 1776 1635 llaec
1808 1597 1937 1637 vero
1969 1598 2077 1651 quo

2191 1591 2274 1646 τοῦ
2303 1591 2655 1663 Μερμερὸου,
2694 1591 2793 1645 καί
2832 1592 3079 1664 φρουρὰν
3109 1591 3388 1664 Περσικὴν
3431 1592 3753 1663 ἐγκαταστὴ’

501 1686 660 1747 pacto
687 1684 839 1746 gesta
862 1676 1085 1742 fuerint,
1126 1675 1437 1745 prmteribo,
1488 1684 1601 1727 uta
1638 1672 1907 1742 Procopio
1950 1674 2077 1727 rbe-

502 1780 621 1824 tore
666 1776 850 1838 aperle
897 1771 1226 1835 conscripta.
1269 1763 1633 1834 Posteaquam
1676 1764 1842 1833 igitur
1873 1763 2079 1819 Elmin-

2182 1698 2397 1745 σαντος.
2429 1680 2616 1735 Ταῦτα
2652 1680 2711 1735 δὲ
2750 1681 2934 1736 ὁποῖόν
2967 1698 3091 1736 τινα
3132 1682 3504 1751 κατείργαστο
3542 1682 3749 1753 τρόπον,

2180 1768 2242 1823 οῦ
2272 1786 2365 1838 μοι
2401 1769 2705 1840 εἰρήσεται,
2736 1769 2812 1832 ὡς
2835 1769 2900 1840 δὴ
2934 1769 3229 1841 Προκοπίῳ
3253 1769 3331 1841 τῷ
3356 1771 3553 1842 ῥήτορι
3581 1769 3753 1839 σαφῶς

505 1878 605 1916 zur
648 1876 712 1916 eo
767 1860 1032 1930 pervenit,
1079 1872 1341 1929 prospera
1382 1857 1631 1927 quaedam
1654 1856 1797 1927 juvit
1838 1855 2076 1912 fortuna.

2191 1859 2672 1931 Ξιναγεγραμμένα.
2705 1857 2970 1913 Ἐνταῦθα
2987 1860 3052 1930 δὴ
3079 1855 3174 1927 οὖν
3200 1860 3280 1932 τῷ
3315 1859 3641 1931 Ἐλμινζοὺρ
3668 1861 3755 1929 ἀφ’

502 1953 794 2010 Persarum
821 1952 967 2008 enim
1003 1952 1314 2023 praesidium
1342 1950 1481 2006 forte
1501 1965 1597 2021 per
1625 1950 1678 2006 id
1713 1961 1927 2020 tempus
1952 1950 2080 2005 alibi

502 2060 658 2103 extra
700 2044 956 2117 oppidum
1004 2043 1347 2108 versabatur,
1389 2040 1738 2111 maximaque
1782 2039 2082 2110 oppidano-

503 2155 627 2194 rum
658 2154 784 2210 pars
812 2137 954 2194 alius
975 2136 1085 2203 alio
1109 2143 1476 2191 concesserat.
1508 2133 1667 2191 Nullo
1705 2134 1889 2205 itaque
1915 2148 2081 2203 nego-

504 2232 584 2286 tio
619 2231 922 2308 ingressus,
963 2229 1163 2300 oppido
1192 2228 1246 2282 in
1287 2241 1441 2284 suam
1480 2234 1806 2298 potestatem
1839 2225 2080 2292 redacto,

504 2323 985 2392 circumjacentem
1034 2318 1196 2375 etiam
1242 2333 1432 2390 agrum
1462 2324 1841 2387 pergrassatus
1874 2324 1979 2379 est,
2030 2324 2086 2375 et

504 2413 773 2486 quidquid
803 2430 835 2469 e
865 2411 1102 2469 Persicis
1132 2411 1307 2483 copiis
1332 2410 1552 2466 obvium
1581 2408 1792 2474 habuit,
1825 2407 1894 2463 ad
1916 2420 2082 2462 unum

505 2522 701 2562 ornues
734 2505 1056 2573 trucidavit;
1091 2512 1362 2575 quotquot
1387 2517 1516 2558 vero
1545 2508 1703 2558 erant
1728 2500 1995 2572 indigenae
2020 2513 2088 2555 ac

506 2597 677 2663 cives,
723 2611 850 2668 cum
892 2609 988 2652 eos
1036 2593 1204 2651 sciret
1253 2604 1480 2649 externo
1524 2601 1673 2648 metu
1722 2591 1896 2662 magis
1921 2604 2085 2661 quam

505 2687 729 2759 propria
754 2685 979 2758 perﬁdia
999 2683 1287 2741 Persarum
1320 2692 1503 2756 partes
1527 2693 1742 2740 secutos
1772 2690 1834 2739 ut
1854 2682 2087 2755 patriam

509 2791 706 2833 rursus
749 2792 909 2832 suam
960 2775 1294 2842 incolerent,
1348 2775 1630 2846 permisit;
1695 2775 2088 2845 obsidibusque

509 2866 738 2938 majoris
783 2865 1097 2923 securitatis
1148 2881 1316 2924 causa
1364 2866 1622 2936 acceptis,
1671 2866 1876 2933 omnia,
1926 2873 2091 2935 prout

508 2972 610 3028 par
649 2966 789 3025 erat,
844 2956 1234 3013 constabilivit.
1282 2956 1464 3028 Atque
1518 2958 1595 3012 ita
1641 2956 1979 3029 RhodOpolis
2021 2956 2089 3011 ad

509 3051 752 3123 priorem
780 3059 981 3107 statum
1012 3059 1096 3107 est
1121 3052 1365 3118 reducta,
1398 3060 1453 3106 et
1476 3051 1655 3121 patria
1690 3051 1941 3107 instituta
1972 3065 2090 3105 am-

2187 1950 2392 2021 ιγμένῳ
2418 1951 2463 1982 ³⁸
2483 1951 2635 2005 αίσία
2661 1966 2742 2015 τις
2769 1950 3089 2016 ξυνελάϐετο
3113 1953 3273 2023 τύχη.
3308 1950 3635 2022 Ἐτύγχανον
3658 1952 3759 2023 γὰρ

2182 2042 2306 2096 οἵτε
2330 2042 2438 2096 τῶν
2455 2041 2681 2113 Περσῶν
2698 2042 2944 2114 φρουροὶ,
2965 2041 3108 2097 οὕτω
3126 2043 3471 2114 ξυνενεχθὲν,
3489 2041 3642 2105 ἐκτός
3664 2060 3759 2099 που,

2182 2131 2277 2188 τοῦ
2306 2133 2498 2197 ἄστεος
2512 2121 2896 2204 διατρίϐοντες,
2918 2134 3013 2188 καὶ
3036 2134 3097 2189 τὸ
3125 2132 3331 2203 πλῆθος
3352 2133 3396 2166 ⁹⁷
3425 2133 3536 2187 τῶν
3556 2135 3753 2204 οἰκητό-

2187 2243 2294 2298 ρων
2332 2224 2491 2289 ᾰλλος
2515 2220 2700 2280 ἄλλοθι
2736 2224 3200 2297 διεσκεδασμένοι.
3228 2226 3524 2296 Τοιγάρτοι
3560 2224 3753 2279 ἀκονιτὶ

2185 2313 2472 2386 παρελθὼν
2503 2314 2655 2381 εἴσω,
2678 2315 2774 2369 καὶ
2805 2303 2907 2387 τὴν
2927 2315 3084 2371 πόλιν
3112 2317 3632 2387 παραστησάμενος,
3657 2317 3684 2369 ό
3705 2315 3755 2370 δὲ

2185 2407 2282 2462 καὶ
2293 2405 2391 2480 τὴν
2405 2406 2715 2477 περιοικίδα
2734 2407 3101 2480 κατέδραμεν
3122 2407 3219 2462 καὶ
3231 2408 3369 2478 ὅσην
3386 2407 3487 2478 μὲν
3504 2406 3756 2478 Περσικήν

2186 2493 2347 2571 εὗρεν
2372 2499 2704 2571 ἀπόμοιραν,
2739 2497 2965 2562 τούτους
2993 2497 3061 2570 δὴ
3087 2497 3441 2571 πανωλεθρία
3479 2496 3759 2567 διέφθειρε,

2185 2593 2246 2649 τὸ
2277 2591 2334 2656 δὲ
2370 2590 2617 2662 ίθαγενές
2644 2590 2789 2647 ἅπαν
2842 2592 2940 2647 καὶ
2973 2591 3289 2664 ἐπιχώριον,
3344 2590 3542 2662 ἐπειδὴ
3576 2590 3752 2652 αὐτοὺς

2186 2682 2385 2753 διέγνω
2412 2682 2490 2753 τῷ
2521 2682 2713 2755 ὀθνείῳ
2742 2682 2788 2716 ⁸⁸
2819 2682 2928 2737 δέει
2955 2682 3155 2755 μᾶλλον
3189 2682 3224 2754 ἢ
3257 2684 3325 2754 τῇ
3373 2680 3526 2752 σφῶν
3554 2678 3761 2750 ἀπιστίᾳ

2191 2775 2546 2848 μηδίσαντας,
2577 2775 2805 2831 ἐνοικεῖν
2830 2769 2987 2839 αὖθις
3025 2776 3094 2847 τῇ
3116 2772 3290 2847 οἰκείᾳ
3319 2773 3508 2845 ἐφῆκε
3544 2769 3766 2841 πατρίδι,

2187 2868 2427 2940 ὁμήρους
2471 2884 2532 2922 τε
2580 2867 2762 2922 λαϐὼν
2787 2868 2847 2932 ἐς
2882 2867 2944 2922 τὸ
2969 2867 3308 2937 πιστότερον,
3366 2865 3463 2920 καὶ
3492 2864 3686 2918 ἕκαστα
3714 2861 3766 2916 ἐν.

2187 2959 2361 3014 δέοντι
2384 2959 2812 3032 κρατυνάμενος.
2844 2957 3004 3014 Οῦτω
3034 2976 3093 3013 τε
3124 2952 3280 3022 αὖθις
3312 2958 3347 3028 ἡ
3397 2953 3692 3018 Ῥοδόπολις
3716 2953 3763 3016 ἐς

2190 3048 2259 3104 τὰ
2278 3048 2520 3123 πρότερα
2540 3048 2591 3087 ⁸⁸
2606 3048 2906 3120 ἐπανῆκτο,
2944 3047 3252 3122 στέργουσά
3275 3065 3335 3102 τε
3369 3045 3442 3102 τὰ
3471 3045 3668 3118 πάτρια
3689 3043 3764 3097 νό-

509 3145 752 3214 plectens
804 3153 859 3200 et
901 3142 1276 3198 Romanorum
1328 3143 1644 3213 imperatori
1690 3143 1928 3198 subdita.
1976 3140 2090 3198 Hac

2195 3159 2361 3214 μιμα,
2387 3142 2481 3196 καὶ
2504 3139 2718 3213 βασιλεῖ
2739 3140 2849 3196 τῶν
2878 3139 3168 3213 Ῥωμαίων
3182 3137 3627 3211 ὑποκλινομένη.
3649 3135 3765 3190 Toti-

512 3234 682 3303 igitur
720 3241 908 3288 aestate
944 3231 1078 3288 nihil
1118 3233 1265 3288 aliud
1296 3241 1508 3304 gestum
1540 3243 1624 3289 est
1672 3243 1976 3289 memoratu
2007 3234 2089 3289 di-

512 3339 704 3395 gnum.
753 3323 952 3379 Bruma
1006 3340 1137 3381 vero
1198 3325 1582 3394 invalesceute,
1638 3324 1821 3382 Persa:
1870 3325 2087 3397 quidem

515 3416 703 3471 statim
746 3416 944 3473 solutis
992 3418 1188 3486 castris
1240 3418 1502 3475 Cotaisim
1541 3428 1595 3474 et
1631 3417 1859 3475 lberiam
1898 3434 2092 3476 versus

514 3522 637 3563 sese
670 3518 1014 3578 receperunt,
1047 3510 1233 3566 animo
1258 3510 1424 3583 238
1454 3513 1526 3567 ibi
1556 3512 1900 3580 hibernandi,
1937 3515 2092 3569 auxi-

514 3599 589 3654 lio
628 3597 953 3657 Misimianis
988 3600 1212 3658 ferendo
1262 3603 1482 3676 longum
1516 3605 1761 3662 dicentes
1790 3607 1931 3662 vale.
1985 3603 2090 3662 Ne-

515 3707 623 3761 que
644 3691 789 3745 enim
824 3692 1015 3763 patriis
1044 3693 1289 3764 ipsorum
1326 3696 1592 3754 institutis
1639 3712 1705 3753 ac
1734 3698 1980 3755 moribus
2010 3707 2094 3756 est

515 3792 818 3856 receptum,
847 3800 945 3856 per
978 3785 1211 3843 hiemem
1235 3786 1367 3844 foris
1401 3788 1730 3861 longinquas
1760 3789 2093 3848 laboriosas-

514 3893 626 3947 que
658 3877 1035 3948 expeditiones
1084 3881 1382 3951 suscipere.
1419 3880 1653 3938 Romani
1678 3897 1807 3939 vero
1849 3883 1918 3939 ab
1958 3885 2093 3941 insi-

515 3967 772 4025 dentibus
799 3969 989 4025 itinera
1009 3968 1192 4027 Persis
1216 3971 1329 4042 jam
1371 3972 1550 4039 liberi,
1576 3973 1817 4045 priorem
1847 3989 2002 4031 suam
2041 3977 2095 4032 in

513 4058 860 4118 Misimianos
882 4063 1284 4132 expeditionem
1316 4074 1439 4120 sunt
1482 4067 1774 4135 prosecuti.
1800 4067 1938 4121 Cum
1969 4083 2096 4124 vero

516 4150 587 4207 ad
622 4151 936 4223 praesidium
967 4151 1249 4210 Tibeleum
1287 4154 1361 4209 ita
1388 4155 1594 4210 dictum
1625 4156 1918 4224 venissent,
1951 4159 2096 4229 quod

466 4254 469 4255 '
519 4242 741 4313 quidem
774 4243 1210 4301 Misimianorum
1246 4246 1525 4316 regionem
1556 4246 1625 4302 ab
1646 4246 1869 4316 Apsiliis
1901 4247 2108 4305 dister-‘

518 4334 715 4399 minat,
757 4335 977 4389 advenit
1000 4334 1295 4401 Martinus,
1328 4346 1388 4392 ut
1417 4337 1660 4408 reliquas
1694 4338 1879 4407 copias
1903 4338 2097 4394 ducta-

519 4434 626 4491 ret,
655 4438 711 4482 et
744 4428 1061 4484 universum
1089 4429 1389 4486 exercitum
1432 4430 1731 4489 ordinaret.
1770 4431 1875 4488 Sed
1918 4431 2099 4503 gravis

2191 3252 2285 3289 του
2336 3234 2439 3307 μὲν
2493 3228 2588 3288 οῦν
2642 3231 2736 3288 τοῦ
2790 3233 2983 3306 θέρους
3037 3230 3193 3287 οὐδέν
3238 3250 3291 3287 τι
3341 3231 3487 3290 ἄλλο
3544 3228 3765 3303 ἐπράχθη

2191 3328 2376 3383 ὁποῖον
2416 3326 2515 3382 καὶ
2542 3328 2561 3361 ¹
2585 3326 2646 3392 ἐς
2666 3326 2829 3397 λόγου
2859 3325 3133 3399 φέρεσθαι
3162 3326 3422 3398 μνήμην.
3453 3323 3561 3378 Τοῦ
3592 3322 3646 3378 δὲ
3667 3338 3763 3391 χει-

2195 3422 2371 3494 μῶνος
2413 3418 2842 3491 ἐπιλαϐομένου,
2887 3419 2940 3473 οί
2990 3419 3090 3491 μὲν
3133 3418 3341 3490 Πέρσαι
3391 3416 3552 3479 εὐθὺς
3589 3430 3762 3486 μεταν-

2196 3514 2434 3583 ίσταντο,
2466 3512 2563 3568 καὶ
2590 3509 2903 3583 ἐπανῄεσαν
2942 3509 3001 3576 ἐς
3034 3527 3093 3564 τε
3119 3508 3182 3564 τὸ
3208 3509 3485 3567 Κοτοῖῖσιν
3518 3509 3540 3539 ³
3570 3507 3658 3560 καὶ
3682 3503 3771 3574 τὴν

2207 3606 2468 3679 Ἰϐηρίαν,
2495 3606 2573 3670 ὡς
2600 3604 2666 3677 δὴ
2692 3604 2714 3638 ⁸
2747 3601 2985 3659 ἐνταῦθα
3024 3601 3417 3675 διαχειμάζειν
3456 3600 3762 3672 βουλόμενοι,

2194 3698 2406 3771 χαίρειν
2441 3696 2612 3753 πολλὰ
2653 3695 2902 3759 εἰπόντες
2949 3697 3018 3767 τῇ
3060 3695 3199 3766 πρὸς
3244 3693 3621 3765 Μισιμιανοῦς
3664 3693 3764 3743 ἐπισ

2196 3789 2408 3864 κουρίᾳ·
2455 3789 2517 3842 οὐ
2565 3788 2674 3861 γὰρ
2710 3787 2935 3857 ἔννομον
2971 3787 3157 3851 αὐτοῖς
3207 3785 3329 3840 οὐδὲ
3400 3785 3625 3856 πάτριον
3664 3778 3764 3835 κατ’

2195 3884 2374 3935 ἐκεῖνο
2402 3879 2498 3935 τοῦ
2532 3878 2729 3950 καιροῦ
2763 3880 2821 3945 ἐς
2861 3879 3136 3952 ἐκδήμους
3183 3877 3486 3950 στρατείας
3522 3874 3763 3930 διαπονεῖ-

2199 3974 2344 4029 σθαι.
2375 3974 2438 4029 Οί
2475 3972 2534 4028 δὲ
2564 3973 2825 4044 Ῥωμαῖοι
2863 3970 2975 4025 τῶν
3005 3969 3414 4042 ἐφεδρευόντων
3448 3967 3760 4034 ἀπαλλαγένο

2196 4084 2308 4132 τες,
2334 4066 2426 4120 καὶ
2445 4064 2511 4137 δὴ
2540 4063 2642 4135 τῆς
2668 4063 2943 4136 προτέρας
2972 4062 3182 4134 εἴχοντο
3207 4056 3372 4127 αὖθις
3414 4060 3648 4133 πορείας.
3681 4055 3715 4108 Γ
3716 4071 3761 4106 ε-

2199 4155 2444 4227 νομένοις
2490 4154 2548 4209 δὲ
2583 4154 2767 4219 αὐτοῖς
2803 4153 2948 4225 ἀμφὶ
2992 4153 3055 4207 τὸ
3082 4153 3348 4226 φρούριον
3377 4153 3440 4207 τὸ
3468 4150 3705 4210 Τιόέλεος
3727 4144 3759 4208 ⁸,

2197 4250 2340 4305 οὕτω
2368 4248 2725 4319 καλούμενον,
2749 4246 2779 4299 δ
2799 4245 2864 4318 δή
2888 4246 2988 4317 τήν
3015 4262 3074 4299 τε
3099 4245 3209 4301 τῶν
3229 4243 3582 4317 Μισιμιανῶν
3605 4239 3761 4312 χώραν

2200 4341 2296 4396 καὶ
2325 4338 2581 4410 Ἀψιλίων
2611 4336 2837 4410 διορίζει
2882 4337 2977 4419 καὶ
3013 4336 3405 4409 ἀποτέμνεται,
3432 4335 3706 4405 ἐφίσταται

2198 4430 2498 4501 Μαρτῖνος,
2526 4427 2616 4500 ἐφ’
2637 4421 2683 4497 ᾧ
2711 4429 2769 4490 ἐς
2799 4426 2869 4481 τὰ
2897 4416 3065 4481 λοιπὰ
3107 4425 3366 4498 ήγεῖσθαι
3417 4425 3514 4479 καὶ
3555 4423 3691 4477 ἆπαν
3713 4416 3763 4470 τὸ

520 4518 745 4589 quidam
776 4520 1001 4576 morbus
1031 4523 1423 4592 superveniens
1455 4523 1747 4580 consilium
1777 4523 1948 4594 ipsius
1978 4532 2090 4579 tur-

2202 4521 2517 4594 στράτευμα
2548 4519 2879 4575 διατάττειν.
2922 4517 3085 4572 Ἀλλὰ
3113 4515 3271 4582 νόσος
3301 4534 3391 4580 τις
3425 4514 3575 4586 αὐτῷ
3595 4509 3762 4577 ἐνσκή·

521 4610 674 4665 bavit
745 4620 911 4683 atque
973 4613 1283 4685 interrupit.
1341 4617 1522 4687 Atque
1586 4616 1703 4687 ipse
1749 4617 1970 4688 quidem
2027 4617 2100 4673 ibi

521 4702 748 4768 mansit,
792 4711 1053 4775 tanquam
1090 4706 1255 4775 paulo
1293 4714 1418 4776 post
1466 4707 1521 4761 in
1566 4705 1879 4764 Colchicam
1922 4708 2102 4780 regio-

522 4811 650 4853 nem
697 4798 1207 4869 cjusqueﬁcastella
1264 4803 1580 4871 rediturus;
1638 4804 1916 4861 exercitus
1972 4820 2103 4861 vero

523 4888 884 4955 nihilominus
921 4893 1154 4953 ulterius
1196 4909 1522 4965 progressus
1551 4905 1654 4961 est,
1685 4897 1790 4952 sub
1821 4898 2105 4966 prioribus

523 4984 724 5039 iterum
763 4985 993 5041 ducibus
1019 4972 1240 5044 ductus.
1274 4988 1521 5044 Primum
1545 4989 1764 5060 quidem
1790 4991 1956 5061 igitur
1987 5004 2104 5049 ten-

524 5075 724 5130 tandos
785 5089 908 5131 esse
959 5073 1394 5131 Misimianorum
1443 5076 1658 5133 animos
1724 5090 2101 5147 censuerunt,

525 5180 596 5228 an
636 5163 777 5221 forte
806 5165 1038 5222 libentes
1077 5165 1144 5221 ad
1188 5165 1411 5221 saniora
1444 5166 1679 5223 consilia
1713 5178 2103 5227 converteren-

530 5268 641 5324 tur,
684 5258 993 5330 agnitisque
1035 5259 1153 5316 suis
1193 5258 1556 5330 principibus,
1593 5262 1938 5331 paenitudine
1982 5273 2104 5320 tan-

531 5345 654 5403 dem
708 5361 936 5403 suorum
994 5347 1319 5405 delictorum
1370 5349 1723 5416 ducerentur,
1789 5360 1843 5405 et
1897 5351 2109 5421 seipsos

2198 4617 2348 4687 ψασα
2377 4610 2629 4686 μοχθηρὰ
2648 4609 2941 4684 παρείλετο
2961 4610 3056 4664 καὶ
3079 4607 3315 4679 ἀνέκυψε
3337 4608 3438 4680 τὴν
3461 4604 3758 4679 προθυμίαν.

2200 4706 2315 4762 Καὶ
2336 4707 2366 4760 ὁ
2403 4705 2503 4775 μὲν
2529 4702 2696 4759 αὐτοῦ
2724 4702 3080 4775 ἐμεμενήκει,
3110 4701 3187 4765 ὼς
3223 4700 3394 4771 ὀλίγῳ
3435 4699 3655 4768 ὕστερον
3686 4691 3763 4746 ἐπὶ

2202 4798 2302 4870 τὴν
2323 4797 2565 4868 Κολχίδα
2596 4795 2703 4866 γῆν
2725 4793 3012 4866 ἐπανήξων
3042 4797 3138 4847 καὶ
3162 4792 3232 4847 τὰ
3253 4792 3440 4864 ἐκείνῃ
3467 4792 3489 4824 ⁸
3520 4789 3760 4855 πολίσμα-

2202 4907 2292 4945 τα.
2323 4890 2390 4945 Ol
2422 4889 2481 4942 δὲ
2511 4887 2606 4942 καὶ
2638 4884 2860 4952 ὣς⁹ἀνὰ
2896 4885 2966 4939 τὰ
3008 4884 3198 4957 πρόσω
3239 4882 3502 4956 ἐχώρουν,
3538 4877 3637 4933 ὑπὸ
3669 4875 3762 4957 τοῖς

2210 4977 2499 5051 προτέροις
2522 4974 2687 5031 πάλιν
2719 4975 2979 5046 ἀγόμενοι
3005 4955 3291 5045 ἡγεμόσιν.
3324 4955 3526 5043 Πρῶτα
3567 4967 3658 5039 μὲν
3684 4955 3760 5051 οὖν

2209 5047 2469 5144 ᾠήθησαν
2496 5069 2697 5140 χρῆναι
2735 5064 3142 5138 ἀποπειρᾶσθαι
3185 5064 3294 5118 τῶν
3331 5056 3683 5132 Μισιμιανῶν,
3721 5047 3764 5102 El

2211 5181 2316 5217 που
2333 5163 2440 5232 ἄρα
2459 5161 2545 5234 IP.
2562 5157 2688 5224 124]
2701 5158 2999 5213 ἐθελούσιοι
3018 5158 3076 5221 ἐς
3094 5156 3153 5211 τὸ
3171 5156 3389 5227 σῶφρον
3412 5148 3755 5225 μεταῦάλοιεν,

2216 5257 2310 5313 καὶ
2341 5257 2468 5319 τοὺς
2498 5253 2730 5317 οίκείους
2763 5251 3031 5324 ἄρχοντας
3058 5248 3393 5317 ἐπιγνόντες,
3424 5238 3758 5316 μεταμελήσοι

2216 5350 2398 5413 αὐτοῖς
2422 5347 2544 5401 τότε
2578 5344 2710 5415 γοῦν
2732 5343 2838 5399 τῶν
2873 5341 3299 5416 ἡμαρτημένων,
3328 5339 3421 5393 καὶ
3445 5337 3580 5408 σφᾶς
3603 5349 3655 5386 τε
3679 5326 3758 5384 αὖ·

1812 5528 2044 5588 γΑιιιΑΕ
2082 5529 2496 5587 LECTIONES.

631 5673 1025 5762 έάφιγρυμένῳ
1047 5690 1113 5762 Β.
1190 5691 1233 5722 ’⁷
1259 5690 1461 5762 πλῆθος
1484 5689 1530 5762 Β
1552 5703 1606 5746 et
1639 5691 1808 5762 intpr.
1843 5688 2148 5762 multitudo,
2163 5680 3034 5762 _ﬂ)\E?GTOV_VUIg_._2€EX5§GOP.€VO-l
3089 5678 3194 5762 is.“
3233 5678 3279 5709 ⁸⁸
3301 5674 3523 5762 ,όθξείωὲ
3546 5661 3750 5762 ορρξιιιξο

535 5732 2362 5832 vgtcTEéEr'an‘éécapa“iii”E9312L69"'§'.§t§3mWE'inge}
2376 5732 3077 5822 "n‘."'%'x};;.;ia.tmg.
3112 5749 3130 5780 ³
3155 5748 3262 5803 Pro
3287 5745 3356 5809 ὡς
3377 5742 3439 5814 δὴ
3477 5742 3520 5796 n
3569 5732 3748 5802 ἐπειδή·

537 5828 561 5862 ⁸
584 5830 752 5899 Intpr.
781 5828 1066 5885 Τἑίη-ίίιιηι.⁷
1134 5832 1155 5862 ⁸
1179 5828 1392 5903 ἐκείνης
1415 5828 1479 5887 Β.
1499 5828 1601 5885 καί
1622 5845 1731 5911 om.
1758 5828 1879 5889 Par.
