4060 6454
395 417 530 486 1501

1573 425 2116 488 ΗΙΒΤΟΒΙΑΒΗΜ
2146 427 2381 486 LIBER
2427 427 2514 487 1V.

3549 424 3690 489 1502

389 538 518 601 τοὺς
558 537 671 599 τοῖς
702 535 724 566 ⁸
755 534 1051 604 Ῥωμαίοις
1075 533 1468 605 ἐγχειρίσαιεν,
1498 535 1595 588 καὶ
1620 535 1692 588 τὰ
1727 537 1984 606 χρήματα

2094 534 2356 590 Romanis
2417 535 2680 589 dederent
2745 534 3148 606 pecuniamque
3199 551 3456 603 onmem,
3518 555 3684 608 quam

389 631 568 684 ὁπόσα
591 628 681 680 τὸν
711 627 1024 698 Σωτήριχον
1067 627 1375 696 ἀφείλοντο,
1409 625 1546 678 ἀλλά
1578 628 1674 680 καὶ
1714 628 1890 682 ταῦτά
1922 645 1984 696 γε

390 723 665 778 ἀποδοῖεν.
703 720 814 774 Καὶ
847 718 1028 772 τοίνυν
1058 721 1124 774 ἐκ
1155 719 1250 774 τοῦ
1295 718 1551 788 ’Δψιλίων
1607 721 1800 788 γένους
1837 721 1986 791 λογί-

391 834 532 886 μους
559 813 784 885 ἄνδρας,
808 813 886 877 ὡς
919 809 1034 868 οἷόν
1065 830 1123 866 τε
1149 809 1240 885 ἦν,
1273 814 1697 898 ἀπολεξάμενρι,
1731 814 1982 867 στέλλου-

387 926 474 962 σιν
521 909 579 970 ἐς
611 905 784 960 ταῦτα
819 903 1327 976 πρεσϐευσομένους
1359 903 1400 958 ⁷.
1448 905 1512 958 Oi
1559 903 1618 956 δὲ
1659 904 1987 974 Μισιμιανοὶ

383 999 634 1069 τοσούτῳ
657 996 888 1067 ἐδέησαν
913 995 1015 1066 τῆς
1037 995 1318 1066 ὠμότητος
1343 995 1585 1065 ὑφελεῖν,
1611 995 1706 1050 καὶ
1727 998 1840 1060 τοῖς
1864 998 1986 1049 ἐπι-

387 1091 737 1160 γιγνομένοις
764 1088 826 1141 τὸ
851 1087 947 1141 τοῦ
974 1087 1280 1156 φθάσαντος
1306 1088 1509 1142 ἄτοπον
1538 1089 1982 1160 μετακοσμῆσαι,

383 1175 535 1230 ὥστε
573 1175 766 1245 ἀμέλει
789 1176 840 1227 οἱ
867 1174 1157 1246 ἀθέμιστοι
1184 1177 1207 1209 ⁸
1233 1176 1329 1230 καὶ
1365 1177 1584 1248 ἐναγεῖς
1606 1177 1702 1232 καὶ
1729 1178 1987 1232 κακοδαίο

389 1287 555 1341 μονες
582 1269 677 1322 καὶ
705 1270 852 1323 ἆπαν
874 1268 1002 1323 ἄλλο
1026 1267 1170 1336 ἄξιοι
1201 1269 1426 1324 ἀκούειν
1453 1270 1482 1325 ὂ
1507 1287 1560 1324 τι
1586 1270 1654 1326 ἄν
1677 1289 1763 1336 τις
1786 1272 1986 1336 αὑτοὺς

385 1363 640 1430 νεμεσῶν
677 1361 1034 1427 ἀποκαλέσοι,
1064 1363 1461 1434 παρωσάμενοι
1491 1364 1589 1418 καὶ
1627 1366 1985 1438 ἐμπατήσαν-

381 1469 481 1515 τες
507 1451 574 1506 τὰ
599 1452 757 1506 κοινὰ
785 1451 894 1506 τῶν
922 1452 1180 1508 ἁπάντων
1208 1455 1230 1486 ⁸
1259 1453 1566 1524 ἀνθρώπων
1595 1455 1822 1525 νόμιμα,
1857 1457 1984 1517 τοὺς

385 1543 650 1613 πρέσϐεις
672 1543 869 1615 ἀθρόον
892 1545 1246 1612 ἀπέκτειναν,
1267 1546 1360 1600 καὶ
1384 1545 1556 1600 ταῦτα
1571 1547 1842 1617 Ἀψιλίους
1863 1565 1924 1617 γε
1941 1549 1984 1579 ¹⁰

383 1634 549 1696 ὄντας
575 1634 921 1702 ὁμοδιαίτους
954 1635 1048 1688 καὶ
1071 1635 1494 1706 ἀγχιτέρμονας,
1528 1638 1622 1691 καὶ
1654 1633 1730 1690 ὦν
1755 1638 1855 1708 μὲν
1883 1639 1982 1692 ἐπ-

387 1726 621 1779 εκάλουν
679 1726 720 1755 “
786 1726 988 1778 ἐκεῖνοι
1055 1726 1350 1796 Ῥωμαίοις
1411 1745 1470 1780 τε
1537 1731 1633 1782 καὶ
1687 1729 1984 1800 Σωτηρίχῳ

386 1815 674 1870 οὐπώποτε
733 1815 1142 1886 μετειληχότας.
1198 1817 1525 1888 παραίνεσιν
1585 1817 1642 1870 δὲ
1699 1817 1882 1888 φιλίαν
1925 1819 1984 1882 ἐς

385 1909 450 1964 τὸ
479 1912 722 1963 συνοῖσον
752 1909 993 1979 ἄγουσαν
1023 1910 1084 1962 οὑ
1117 1909 1210 1974 ξὺν
1248 1911 1579 1980 χαλεπότητι
1606 1911 1980 1981 ἀπαγγείλαν-

385 2018 487 2064 τας
519 2003 583 2054 ι’.

467 2101 582 2158 ις¹.’
607 2096 795 2156 Οὕτως
827 2095 936 2166 ἄρα
974 2096 1040 2148 ἐκ
1073 2095 1379 2165 παρανοίας
1417 2097 1460 2126 ⁸³
1493 2097 1553 2148 τὸ
1592 2097 1860 2168 πρότερον
1888 2097 1983 2150 καὶ

389 2189 622 2241 ἀνοσίων
670 2187 847 2259 ἔργων
891 2188 1213 2259 ἀρξάμενοι,
1258 2189 1368 2242 τῶν
1416 2188 1596 2242 αὑτῶν
1627 2189 1838 2260 είχοντο
1865 2191 1982 2244 δια-

386 2280 593 2343 παντὸς
639 2281 1086 2352 ἐγχειρημάτων,
1135 2279 1168 2351 ἢ
1218 2280 1314 2333 καὶ
1365 2279 1546 2350 πολλῷ
1578 2282 1979 2353 ἀνοσιωτέρων.

384 2373 500 2424 Καὶ
543 2371 654 2441 γὰρ
701 2372 1046 2442 ἐγνωσμένον
1090 2375 1274 2438 αὑτοῖς
1300 2375 1374 2439 ὡς
1409 2376 1460 2428 οἱ
1490 2376 1700 2447 Πέρσαι
1729 2378 1984 2441 ἀπιόντες

383 2461 615 2533 ᾤχοντο,
652 2465 748 2516 καὶ
782 2465 924 2518 κατά
957 2466 1018 2518 τὸ
1053 2465 1412 2538 ξυγκείμενον
1451 2469 1552 2522 οὑκ
1586 2469 1981 2540 ἐπαμύνουσιν,

384 2555 545 2616 ἀλλὰ,
585 2557 653 2626 τῇ
703 2555 814 2609 τῶν
843 2557 1026 2610 τόπων
1075 2557 1356 2629 δυσχωρίᾳ
1408 2559 1750 2624 πεποιθότες,
1783 2562 1876 2615 καὶ
1906 2561 1986 2632 τῷ

383 2646 587 2700 οὔποτε
618 2648 662 2679 ιδ
685 2648 1012 2720 δυνήσεσθαι
1033 2651 1161 2714 τοὺς
1193 2652 1500 2721 Ῥωμαίους
1524 2653 1984 2724 παραμείψασθαί

384 2759 451 2793 τε
481 2741 650 2812 αὑτὴν
675 2747 770 2795 καὶ
805 2742 1233 2812 ὑπερϐαλέσθαι,
1261 2745 1311 2797 oi
1336 2745 1395 2798 δὲ
1421 2745 1490 2800 τὰ
1518 2746 1795 2817 δεινότερα
1828 2747 1984 2817 ἐδρα-

393 2849 520 2885 σαν.
555 2831 710 2886 Ἐστι
733 2835 842 2904 γάρ
869 2851 924 2886 τι
959 2834 1004 2871 ¹⁵
1031 2833 1159 2906 ὅρος
1184 2835 1630 2908 προϐεϐλημένον
1656 2838 1755 2906 τῆς
1779 2837 1982 2908 χώρας,

393 2923 534 2976 αἰπὺ
566 2924 663 2992 μὲν
693 2923 754 2978 οὑ
784 2923 928 2991 λίαν,
957 2925 1080 2978 οὑδὲ
1109 2925 1355 2996 ἐπιμέγα
1381 2929 1640 2998 ἠρμένον,
1673 2927 1903 2992 ἄναντες
1927 2928 1984 2982 δέ

397 3014 608 3086 σφόδρα
652 3015 747 3069 καὶ
780 3015 983 3088 ὄρθιον,
1031 3017 1128 3072 καὶ
1172 3017 1401 3089 πέτραις
1449 3019 1749 3090 ἀποτόμοις
1795 3021 1987 3075 ἐκατέ-

393 3109 574 3180 ρωθεν
609 3107 1037 3178 πεπυκνωμένον
1061 3125 1076 3140 ·
1111 3108 1342 3179 βραχεῖα
1374 3109 1432 3162 δέ
1463 3110 1581 3175 ὁδὸς
1619 3113 1678 3165 ἐν
1709 3111 1862 3181 μέσῳ
1892 3111 1987 3166 καὶ

2095 627 2383 682 Sotericho
2420 627 2757 697 eripuerant,
2792 627 3166 684 restituerent.
3200 627 3453 684 Delectos
3502 629 3686 701 itaque

2090 735 2154 772 ex
2193 718 2530 787 Apsiliorum
2569 731 2729 789 gente
2770 717 3099 787 spectabiles
3131 719 3279 774 virus
3325 729 3576 775 oratores
3620 735 3687 774 eo

2092 813 2333 866 mittunt.
2364 810 2662 866 Misimiani
2698 828 2828 866 vero
2853 821 3065 866 tantum
3099 812 3351 878 aberant,
3387 825 3446 866 ut
3475 813 3675 868 crude-

2090 902 2294 956 litatem
2328 901 2672 956 remitterent
2709 911 2804 956 aut
2845 902 3004 956 novis
3029 901 3222 956 ofﬁciis
3255 904 3518 972 praeteriti
3547 903 3676 956 facti

2090 995 2486 1050 absurditatem
2517 995 2683 1066 239
2706 994 3083 1060 emendarent,
3128 994 3262 1066 quin
3311 997 3493 1064 potius
3535 996 3690 1050 nefa-

2087 1086 2156 1140 rii
2205 1095 2259 1142 et
2304 1086 2613 1157 piaeulares
2659 1086 2994 1157 fanaticique
3039 1087 3291 1143 homines
3339 1095 3395 1142 et
3443 1088 3680 1157 quodvis

2089 1180 2238 1234 aliud
2285 1179 2609 1244 convitium,
2657 1179 2804 1247 quod
2850 1179 3158 1249 indignatio
3196 1178 3439 1248 cuipiam
3489 1194 3688 1248 sugge-

2089 1282 2193 1340 rat,
2229 1272 2420 1326 audire
2465 1271 2638 1342 digni,
2686 1270 2892 1340 rejecto
2936 1271 3365 1341 proculcatoque
3403 1271 3686 1324 communi

2089 1363 2336 1419 omnium
2363 1362 2646 1417 hominum
2673 1361 2819 1430 jure,
2849 1371 3099 1416 oratores
3125 1362 3412 1416 confestim
3443 1363 3682 1417 trucida-

2088 1466 2237 1520 runt,
2268 1471 2393 1511 cum
2426 1463 2609 1510 tamen
2641 1453 2840 1523 Apsilii
2869 1460 3078 1520 essent,
3108 1451 3354 1522 ejusdem
3391 1468 3518 1506 cum
3550 1453 3685 1522 ipsis

2088 1549 2328 1604 instituti
2373 1557 2428 1602 et
2463 1544 2818 1610 contermini,
2867 1543 3077 1614 quique
3118 1558 3333 1608 eorum,
3379 1543 3447 1596 de
3484 1543 3686 1611 quibus

2087 1641 2163 1696 illi
2201 1639 2480 1694 Romanos
2522 1637 2727 1708 pariter
2771 1645 2827 1692 et
2871 1634 3222 1691 Soterichum
3273 1633 3683 1697 insimulabant,

2088 1736 2407 1804 neutiquam
2463 1732 2667 1788 conscii
2722 1730 3086 1801 participesve
3136 1728 3392 1793 fuissent,
3450 1726 3684 1804 amicam

2089 1837 2300 1882 tantum
2331 1825 2760 1881 admonitionem
2791 1837 3025 1894 quaeque
3077 1823 3132 1877 in
3167 1837 3282 1878 rem
3326 1821 3570 1890 ipsorum
3602 1797 3692 1872 [ιι-ἶ

2087 1930 2206 1975 tura
2239 1929 2405 1984 esset,
2439 1918 2577 1972 citra
2607 1915 2794 2034 ullama
2816 1913 3174 1970 acerbitatem
3203 1912 3612 1968 denuntiantes.

2159 2106 2239 2160 16.
2286 2102 2362 2158 ita
2421 2103 2610 2173 utique
2649 2115 2680 2156 a
2716 2097 2936 2155 vesania
2983 2097 3144 2153 initio
3188 2095 3483 2166 impiisque
3527 2093 3688 2149 factis

2083 2197 2216 2262 orsi,
2258 2195 2450 2250 iisdem
2494 2202 2760 2263 perpetuo
2806 2189 3155 2246 facinoribus
3191 2187 3538 2251 insistebant,
3576 2185 3687 2239 imo

2085 2305 2216 2345 vero
2245 2288 2418 2342 multo
2448 2286 2613 2342 etiam
2651 2283 3115 2341 sceleratiorihus.
3142 2279 3284 2336 Cum
3313 2279 3461 2336 enim
3483 2277 3689 2332 scirent

2083 2382 2284 2438 Persas
2315 2379 2538 2445 abiisse,
2582 2391 2781 2447 neque,
2825 2383 2886 2430 ut
2918 2383 3275 2433 convenerat,
3315 2370 3523 2425 auxilio
3553 2384 3686 2424 ven-

2088 2485 2263 2537 turos,
2294 2473 2537 2526 locorum
2572 2481 2752 2524 tamen
2784 2467 3099 2524 dilIicultate
3131 2464 3280 2529 freti,
3306 2463 3528 2534 etquod
3559 2477 3685 2531 spe-

2085 2575 2275 2624 rarent
2306 2564 2582 2619 Romanos
2608 2577 2888 2632 nunquam
2915 2575 3036 2615 eam
3070 2559 3401 2614 transituros
3434 2565 3486 2612 et
3520 2570 3686 2624 supe-

2087 2667 2306 2714 raturos
2332 2695 2348 2721 ,
2401 2654 2673 2710 atrociora
2736 2659 3136 2722 perpetrarunt.
3186 2648 3283 2705 Est
3326 2649 3474 2703 enim
3527 2662 3686 2701 mons

2086 2749 2311 2819 quidam
2349 2743 2558 2813 regioni
2587 2742 2857 2812 obiectus,
2894 2757 3001 2796 non
3033 2739 3252 2810 quidem
3285 2738 3578 2794 admodum
3605 2737 3687 2790 al-

2089 2849 2196 2905 tus,
2234 2853 2410 2907 neque
2436 2836 2590 2891 valde
2624 2835 2678 2889 in
2706 2834 2944 2890 sublime
2975 2833 3227 2900 tendens,
3254 2831 3478 2888 acclivis
3503 2840 3686 2886 tamen

2087 2931 2437 2986 vehementer
2467 2937 2631 2998 atque
2668 2927 2876 2982 arduus
2912 2934 2968 2981 et
3005 2925 3291 2995 praeruptis
3329 2923 3500 2993 petris
3534 2933 3688 2976 utro-

2087 3021 2253 3090 bique
2283 3020 2510 3076 densus.
2541 3018 2598 3072 lu
2629 3018 2810 3073 medio
2835 3027 3068 3085 angusta
3106 3015 3352 3084 quazdam
3383 3027 3688 3082 parumque

2089 3114 2216 3169 trita
2251 3113 2338 3168 via
2383 3129 2445 3168 se
2481 3111 2755 3176 ostendit,
2803 3125 3034 3180 qumque
3067 3124 3135 3163 ne
3174 3107 3269 3162 uni
3307 3105 3526 3176 quidem
3571 3103 3688 3157 viro

382 3197 621 3269 ἀτριϐὴς
640 3197 1020 3268 ὑποφαίνεται,
1049 3198 1143 3251 καὶ
1163 3198 1326 3252 ὁποία
1355 3198 1492 3269 μηδέ
1523 3199 1606 3252 ἐνὶ
1636 3199 1794 3270 ἀνδρὶ
1821 3199 1976 3253 ἀδεέ-

2090 3207 2353 3278 intrepide
2384 3205 2537 3261 eunti
2568 3203 2746 3259 facilis
2779 3217 3004 3258 accessu
3040 3199 3114 3256 sit
3137 3209 3192 3254 et
3223 3197 3429 3268 pervia,
3460 3196 3597 3250 adeo
3631 3205 3690 3248 ut

385 3307 584 3360 στερον
619 3290 976 3361 πορευομένῳ
1007 3291 1144 3362 βατὴ
1173 3291 1314 3345 εἶναι
1354 3292 1554 3363 ῥαδίως
1590 3293 1634 3325 ⁸⁸
1664 3293 1760 3346 καὶ
1791 3293 1980 3346 εὑεπί-

379 3382 609 3453 δρομος,
654 3381 731 3445 ὼς
765 3381 880 3451 είγε
924 3399 1005 3445 τις
1037 3383 1270 3447 ἐπιστὰς
1299 3387 1366 3454 τῇ
1413 3384 1734 3456 ἀκρωνυχία
1777 3385 1821 3417 ¹⁷
1861 3384 1980 3439 δια-

381 3476 591 3530 κωλῦοι
639 3476 768 3539 τοὺς
816 3475 1094 3540 ἐπιόντας,
1147 3476 1360 3546 μήποτε
1413 3475 1768 3548 διαϐήσεσθαι
1819 3475 1980 3530 πολε-

387 3569 587 3641 μίους,
641 3569 778 3639 μηδέ
828 3569 879 3621 εί
930 3567 1135 3638 πλῆθος
1187 3564 1302 3620 εἷεν
1353 3567 1692 3639 ἀνάριθμον,
1748 3569 1883 3641 μηδὲ
1933 3573 1981 3623 εί

384 3658 589 3730 κοῦφοι
619 3661 861 3723 ἅπαντες
901 3659 999 3714 καὶ
1031 3659 1334 3727 εὐσταλεῖς,
1364 3660 1584 3724 ὁποίους
1612 3660 1658 3692 ³⁸
1690 3663 1826 3732 φασὶ
1856 3663 1984 3726 τοὺς

403 3753 710 3825 ἰσαὺρους.
760 3752 948 3824 Τούτῳ
993 3751 1058 3823 δὴ
1103 3749 1198 3806 οῦν
1243 3752 1323 3823 τῷ
1364 3752 1530 3825 χώρῳ
1575 3755 1618 3786 ¹⁹
1649 3755 1886 3822 πίσυνοι,
1928 3759 1986 3820 ἐς

389 3844 654 3896 ἀπόνοιαν
685 3842 987 3913 ἐτράποντο
1033 3842 1374 3914 βιαιοτάτην.
1419 3843 1562 3897 Ἀλλ’
1593 3844 1644 3896 οἱ
1699 3844 1982 3914 Ῥωμαῖοι,

396 3933 495 3987 τοῦ
531 3937 838 4006 μιάσματος
870 3934 1318 4006 ἀπηγγελμένον,
1370 3937 1429 3989 ἐν
1474 3937 1613 4007 ὀργῇ
1658 3938 1986 4007 ἐποιήσαντο

395 4027 462 4080 τὸ
489 4028 872 4098 γεγενημένον.
923 4027 1036 4081 Καὶ
1081 4026 1148 4097 δὴ
1187 4027 1297 4081 τῶν
1324 4027 1628 4101 Βαρϐάρων
1661 4029 1984 4099 μελλόντων,

396 4119 494 4172 καὶ
529 4116 682 4173 οὖπω
714 4118 959 4191 φρουρὰς
991 4119 1038 4151 ²⁰
1056 4118 1136 4190 τῷ
1159 4119 1309 4190 λόφῳ
1335 4121 1818 4190 καταστησάντων,
1852 4138 1985 4191 προ-

391 4210 728 4281 τερήσαντες
766 4209 1034 4280 κρατοῦσι
1067 4211 1166 4280 τῆς
1199 4211 1375 4282 ἄκρας
1405 4211 1622 4282 ῥαχίας,
1655 4211 1750 4266 καὶ
1775 4211 1985 4276 οὐδενὸς

391 4301 674 4373 εἴργοντος
720 4302 1082 4374 ὑπερϐάντες,
1115 4305 1175 4368 ἐς
1222 4302 1294 4358 τὰ
1347 4304 1630 4376 ἱππάσιμα
1673 4305 1774 4374 τῆς
1803 4303 1988 4375 χώρας

393 4394 640 4457 ἅπαντες
669 4395 763 4450 καὶ
798 4396 1234 4465 ἀναπεπταμένα
1281 4395 1564 4467 παρῆλθον
1605 4396 1784 4452 πεδία.
1819 4399 1882 4450 Οἱ
1931 4396 1990 4449 δὲ

391 4486 726 4555 Μισιμιανοὶ
775 4480 968 4558 ἐπειδῆ
1019 4488 1182 4559 τῆσδε
1236 4489 1544 4561 διήμαρτον
1595 4490 1695 4561 τῆς
1747 4489 1984 4552 ἐλπίδος,

393 4578 600 4632 αὐτίκα
635 4580 709 4632 τὰ
731 4580 773 4612 ’⁸
810 4579 1041 4634 πλεῖστά
1069 4597 1132 4648 γε
1163 4581 1260 4634 καὶ
1308 4581 1541 4653 περιττὰ
1568 4582 1678 4636 τῶν
1709 4582 1987 4655 σφετέρων

393 4671 672 4742 φρουρίων
707 4673 1118 4744 ἐμπρήσαντες,
1161 4673 1238 4738 ὡς
1284 4675 1382 4746 οὐχ
1427 4669 1540 4728 οἶόν
1588 4691 1647 4729 τε
1679 4675 1739 4729 ὃν
1782 4676 1987 4730 ἅπασιν

393 4767 656 4833 ἀρκέσαι,
707 4769 764 4829 ἐς
807 4767 866 4820 ἓν
915 4785 968 4822 τι
1018 4768 1202 4839 μόνον,
1237 4769 1378 4841 ὅπερ
1419 4769 1770 4841 ὀχυρώτατον
1806 4770 1989 4832 αὑτοῖς

395 4860 597 4924 ἐδόκει,
628 4859 868 4924 ἅπαντες
899 4861 1268 4931 ξυνελέγοντο.
1315 4861 1490 4916 Τοῦτο
1535 4862 1593 4916 δὲ
1628 4861 1856 4933 Τζάχαρ
1889 4863 1988 4931 μὲν

396 4950 465 5002 ἐκ
518 4947 754 5002 παλαιοῦ
801 4949 1161 5021 ὀνομάζεται,
1210 4950 1474 5023 Σιδηροῦν
1519 4953 1576 5006 δὲ
1617 4942 1749 5006 αὑτὸ
1786 4952 1876 5005 διὰ
1928 4952 1990 5005 τὸ

399 5043 631 5114 στερῤόν
649 5061 711 5096 τε
736 5043 832 5098 καὶ
859 5043 1138 5098 ἀνάλωτον
1157 5043 1394 5115 ἐπίκλην
1421 5044 1811 5099 ἀποκαλοῦσιν.
1853 5045 1990 5098 Ὀλί-

394 5152 518 5204 γοις
543 5136 602 5189 δέ
626 5152 738 5190 τισι
767 5135 876 5190 τῶν
917 5136 1206 5208 Ῥωμαίων
1237 5137 1332 5191 καὶ
1370 5137 1434 5190 οὑ
1461 5135 1546 5210 [Ρ.
1588 5135 1719 5209 1251
1759 5136 1920 5189 πλέον
1951 5136 1983 5206 ἢ

2085 3301 2132 3357 si
2149 3301 2275 3372 quis
2295 3299 2485 3355 vertici
2506 3297 2669 3370 240
2686 3295 2889 3350 montis
2910 3293 3174 3348 insistens
3195 3291 3520 3346 accedentes
3536 3289 3686 3342 aditu

2084 3392 2392 3464 prohibeat,
2423 3390 2613 3446 hostes
2645 3400 2926 3456 nunquam
2951 3398 3079 3438 eum
3109 3381 3348 3436 transire
3372 3387 3596 3449 queant,
3623 3393 3689 3430 ue

2086 3486 2134 3542 si
2168 3483 2378 3540 infinita
2402 3480 2626 3550 quidem
2653 3478 2724 3535 slt
2762 3475 3077 3540 multitudo,
3114 3487 3291 3544 neque
3322 3471 3366 3527 si
3416 3471 3562 3526 leves
3603 3479 3688 3520 at-

2085 3593 2194 3648 que
2217 3574 2455 3646 expediti
2489 3587 2683 3628 omnes
2713 3570 2845 3637 sint,
2871 3568 3063 3639 quales
3088 3582 3210 3622 esse
3237 3565 3456 3620 Isauros
3484 3561 3686 3616 ferunt.

2086 3671 2203 3726 Hoc
2241 3669 2431 3737 itaque
2477 3665 2600 3721 loco
2641 3662 2790 3728 freti,
2820 3661 2892 3717 ad
2933 3673 3206 3715 summam
3251 3655 3530 3711 vesaniam
3564 3661 3694 3706 sunt

2086 3759 2359 3817 conversi.
2399 3757 2471 3812 At
2499 3753 2734 3810 Romani
2765 3751 3092 3809 exsecrabili
3126 3748 3564 3803 Misimiauorum
3605 3743 3684 3796 fa-

2086 3862 2178 3911 cto
2228 3852 2365 3923 ipsis
2403 3849 2676 3913 nuntiato,
2719 3845 2994 3916 ingentem
3043 3857 3112 3897 ex
3150 3855 3218 3895 eo
3263 3837 3690 3908 indignationem

2088 3951 2479 4016 conceperunt.
2515 3938 2921 3997 Cunctantibus
2965 3937 3174 3990 interea
3223 3930 3513 3991 barbaris,
3563 3943 3691 3981 eum

2089 4038 2332 4093 nondum
2364 4033 2620 4104 praesidia
2647 4029 2820 4085 monti
2849 4027 3262 4097 imposuissent,
3288 4027 3692 4077 anteverteutes

2088 4146 2186 4186 eos
2217 4126 2453 4184 Romani
2487 4138 2703 4180 summa
2731 4123 2866 4192 juga
2899 4125 3191 4187 occupant,
3227 4113 3556 4180 nemiueque
3588 4110 3689 4162 oh-

2091 4223 2321 4277 sistente
2355 4234 2419 4272 ea
2467 4221 2816 4285 superantes,
2857 4223 3048 4264 omnes
3093 4205 3276 4262 statim
3313 4203 3366 4257 in
3414 4200 3691 4271 planiores

2091 4313 2358 4384 equisque
2411 4310 2632 4380 pervios
2679 4318 2908 4374 campos
2956 4299 3337 4356 effunduntur.
3393 4291 3690 4350 Misimiaui

2091 4418 2223 4459 vero
2251 4417 2320 4459 ea
2360 4416 2456 4470 spe
2493 4395 2742 4454 frustrati
2783 4391 3077 4451 confestim
3113 4389 3366 4460 plurimis
3403 4395 3450 4441 et
3495 4400 3691 4454 supcr-

2094 4495 2350 4550 vacaueis
2381 4472 2624 4563 ipsorum
2665 4485 3093 4561 propugnaculis
3130 4479 3394 4545 incensis,
3419 4478 3566 4548 quod
3608 4475 3692 4530 ni-

2096 4588 2296 4642 mirum
2328 4585 2582 4641 omnibus
2623 4581 2838 4638 tuendis
2865 4593 3026 4649 pares
3052 4591 3162 4631 non
3195 4585 3402 4637 essent,
3438 4572 3494 4625 iu
3523 4585 3690 4624 unum

2093 4679 2369 4752 quoddam
2403 4676 2602 4741 solum,
2644 4674 2794 4744 quod
2833 4668 3263 4727 munitissimum
3305 4663 3442 4734 ipsis
3468 4661 3693 4716 videba-

2095 4784 2202 4834 tur,
2239 4785 2434 4825 omnes
2457 4783 2519 4822 se
2553 4772 2893 4836 receperunt.
2925 4761 3136 4816 Zachar
3159 4759 3209 4812 id
3238 4759 3307 4811 ah
3340 4758 3570 4824 antiquo
3596 4769 3693 4807 no-

2095 4861 2338 4916 minatur
2365 4877 2380 4926 ;
2413 4856 2673 4913 Ferreum
2705 4864 2888 4910 autem
2921 4851 2974 4906 id
3017 4852 3217 4922 ipsum,
3251 4848 3396 4918 quod
3440 4845 3691 4900 firmissi-

2095 4968 2246 5007 mum
2281 4953 2352 5009 sit
2382 4961 2545 5020 atque
2581 4945 3018 5019 inexpugnabile,
3058 4941 3464 5014 cognominant.
3496 4935 3695 4988 Paucis

2098 5061 2227 5100 vero
2260 5044 2588 5115 quihusdam
2629 5040 2930 5104 Romanis,
2980 5047 3035 5093 et
3081 5051 3190 5090 non
3237 5032 3484 5104 pluribus
3526 5042 3690 5096 quam

2095 5132 2457 5204 quadraginta
2486 5131 2764 5201 equitibus
2791 5127 2955 5183 simul
2993 5120 3334 5196 congregatis
3368 5119 3386 5188 (
3409 5128 3564 5174 erant
3593 5132 3692 5171 au-

1703 5311 1938 5369 VARL’E
1966 5310 2385 5368 LECTIONES.

481 5473 500 5502 °
535 5476 636 5528 Pro
674 5475 784 5554 τοῖς
810 5471 855 5524 [ἰ
881 5472 1003 5554 τοτε
1060 5472 1431 5554 ἐγχειρίσαιεν
1469 5471 1510 5554 Si
1532 5482 1583 5554 et
1616 5472 1784 5538 Lugd.
1895 5489 1992 5554 ιιι..)
2013 5469 2603 5554 ,ἐγχειρήσαιειιονιτιιεί
2682 5467 2700 5496 ⁷
2740 5461 3250 5554 πρεσϐεκσομέηνους
3285 5457 3338 5554 Β.
3369 5457 3518 5554 (Ci-)3
3545 5473 3685 5552 ,πρεῖ

405 5542 815 5614 σϐεοσοιμένους
851 5542 996 5614 vulg,
1037 5543 1294 5614 τοσοῦτον
1326 5541 1390 5594 li.
1467 5542 1489 5572 ⁸
1514 5541 1802 5614 ἀθέμιστοι
1836 5541 1898 5614 ll,
1929 5541 2181 5614 ἀθέμιτοι
2213 5542 2358 5614 vulg.

2436 5540 2455 5568 9
2491 5530 2752 5591 ἁπάντων
2783 5530 2894 5589 om.
2945 5533 3010 5586 li.
3058 5530 3062 5531 ί
3090 5530 3132 5563 ⁸⁰
3162 5547 3223 5597 γε
3251 5539 3375 5582 ante
3420 5530 3689 5597 ’.\r.'r'.)._iou;

407 5612 564 5681 punit
591 5595 661 5670 R'.
737 5613 777 5644 “
797 5595 1116 5666 ἐπὲκάλουν
1148 5613 1191 5664 lt
1233 5612 1386 5680 (CL),
1418 5595 1727 5681 ἀπεκάλουν
1758 5595 1905 5676 Vling
1987 5595 2507 5679 ⁸⁸’ἀπαγγείλαντας
2539 5607 2713 5675 Lugd.
2807 5623 2879 5658 tn.
2906 5605 3058 5681 (fgL),
3090 5595 3528 5681 ἀπαγγείλαντες
3568 5595 3610 5647 Β
3641 5605 3688 5675 et

405 5683 590 5753 vulg,
637 5685 680 5714 ¹³
715 5683 1096 5753 ἐκγπαροινίας
1120 5682 1266 5753 ροιιῂ
1295 5683 1449 5736 Vulr.

1531 5679 1573 5752 ‘f
1598 5681 1795 5734 οὔποτε
1828 5681 1869 5733 Ιί
1896 5683 2048 5752 (CL).
2080 5681 2370 5734 οὐπώποτε
2404 5681 2545 5752 vulg.

2629 5665 2669 5708 ῖδ
2703 5677 2811 5745 γάρ
2847 5665 3126 5745 valida!
3155 5689 3205 5723 τι
3225 5665 3433 5734 “Ι;ιιμ,‹1.,
3458 5670 3567 5736 γὰρ
3602 5665 3695 5742 καί

402 5770 464 5805 τι
495 5737 616 5807 edd.
696 5754 738 5824 ‘7‘
782 5737 918 5822 βοιτῆ
960 5737 1308 5824 εἶναιρεἮ,
1356 5753 1474 5824 ῥᾳδ.
1521 5751 1618 5806 εἶν.
1681 5753 1739 5824 βε
1769 5737 1915 5821 vung
1999 5737 2368 5824 θάκρονυχίᾳ
2398 5737 2524 5824 ita"
2552 5748 2592 5780 ¹⁰
2623 5737 2802 5824 ’ὀποίά
2849 5743 2912 5807 ιι,
2952 5749 3231 5824 quietior
3270 5755 3411 5810 sirpe
3462 5737 3688 5794 recurrit

428 5836 473 5866 ιθ
495 5825 681 5894 χωρίῳ
709 5814 791 5878 ιι.’
853 5814 1243 5894 ’θ’φρουρὰςίὶ
1272 5814 1323 5878 ct
1356 5814 1515 5893 ititpr.
1549 5814 1820 5892 pias-idin,
1863 5814 2107 5897 ἔρρουράν
2142 5814 2306 5892 vulg:
2345 5814 2405 5857 ’²¹
2435 5821 2501 5874 τὰ
2534 5819 2657 5875 add.
2684 5817 2748 5884 li,
2785 5833 2846 5884 γε
2885 5831 2994 5870 Olli.
3024 5814 3191 5868 idem.
