4060 6490
458 436 598 504 1503

1655 440 2012 503 AGATHI/E
2062 436 2557 499 SCHOLASTICI

3584 440 3698 512 1504

456 561 567 606 tem
602 566 709 605 non
739 568 770 606 e
804 551 1011 618 multis,
1046 552 1140 606 scd
1168 551 1352 605 eximii
1383 550 1434 603 in
1468 550 1658 619 primis
1696 558 1751 604 et
1775 549 2056 619 agminum

2179 546 2575 619 πεσσαρὰκοντα
2614 544 2842 600 ἱππεῦσι
2884 525 3358 615 ξυνηθροιθμένοις
3395 542 3543 620 (ἦσαν
3571 551 3624 604 δέ
3648 556 3702 610 οὐ

456 641 702 715 duces),
736 643 860 711 hos,
896 643 1140 713 inquam,
1177 642 1474 713 separatim
1507 657 1538 695 a
1581 640 1792 710 reliquo
1816 640 2062 695 exercitu

456 734 838 804 procedentes,
881 735 1146 788 invadunt
1172 732 1464 787 Misimiani
1496 732 1597 787 viri
1633 732 1878 788 sexcenti
1911 731 2067 801 pedi-

459 834 544 879 tes
571 824 773 893 pariter
798 833 964 893 atque
995 823 1231 893 equites,
1264 824 1368 878 rati
1397 838 1459 878 se
1486 838 1677 878 omnes
1710 822 2066 877 multitudine

460 914 867 970 circumventos
902 913 1066 969 facile
1095 930 1357 969 caesurus.
1390 912 1455 967 Hi
1481 928 1612 968 vero
1645 913 1802 985 241
1844 912 1920 967 rei
1952 913 2068 969 bel-

460 1007 580 1061 lica:
616 1007 812 1076 peritia
848 1006 903 1060 in
948 1007 1143 1062 collem
1184 1006 1476 1077 quemdam
1517 1021 1684 1061 cursu
1729 1006 1916 1073 delati,
1956 1004 2068 1061 for.

462 1098 590 1152 titer
618 1108 955 1167 strenueque
990 1113 1106 1153 rem
1140 1097 1422 1169 gerebant,
1452 1097 1664 1168 fuitque
1686 1097 1894 1153 dudum
1923 1097 2070 1153 acris

463 1188 605 1243 inter
634 1205 729 1244 eos
763 1188 1040 1260 dubiaque
1087 1205 1311 1261 pugna;
1361 1189 1470 1245 illis
1505 1189 1723 1258 quidem
1771 1189 1827 1242 in
1878 1188 2069 1243 orbem

463 1279 743 1336 Romanos
773 1280 992 1351 cingere
1016 1282 1367 1348 conantibus,
1401 1280 1664 1336 Romanis
1692 1291 1876 1335 autem
1907 1282 2070 1337 modo

464 1370 752 1427 confertim
784 1373 837 1425 in
869 1388 966 1426 eos
1011 1373 1444 1443 prosilientibus,
1476 1374 1613 1428 adeo
1650 1382 1710 1427 ut
1756 1372 2070 1428 universam

466 1464 710 1520 hostium
747 1465 919 1519 aciem
950 1467 1323 1520 convellerent
1353 1482 1418 1520 ac
1448 1464 1832 1535 perturbarent
1857 1464 2072 1529 ,-modo

465 1557 937 1613 retrocedentibus
965 1568 1020 1612 et
1054 1558 1106 1611 in
1150 1567 1325 1613 tutum
1379 1574 1501 1613 sese
1529 1557 1940 1626 recipientibus.
1986 1555 2073 1611 ln-

466 1663 617 1707 terea
663 1650 792 1706 dum
841 1651 1064 1721 reliqua:
1109 1650 1690 1721 Romanorumcopia:
1737 1650 1957 1707 eminus
2005 1665 2073 1707 ex

465 1742 699 1799 editiore
727 1743 969 1813 quodam
1013 1753 1201 1798 monte
1235 1758 1296 1798 se
1325 1743 1644 1810 ostendunt,
1682 1744 1905 1800 barbari
1933 1744 2073 1801 insi-

466 1836 589 1891 dias
616 1844 673 1892 et
711 1834 898 1891 dolum
928 1851 1046 1890 rem
1075 1849 1200 1891 esse
1245 1836 1626 1906 suspicantes;
1645 1837 2075 1894 concitatissime

2165 637 2276 692 τῶν
2321 638 2556 705 πολλῶν,
2606 638 2720 693 ἀλλ’
2753 636 2934 709 ἔξοχοι
2957 639 3019 699 ἐς
3062 635 3131 690 τὰ
3160 638 3388 708 μάλιστα
3412 641 3501 694 καὶ
3524 643 3708 717 τάγμα.

2170 749 2253 785 σιν
2280 720 2686 801 ἐφεστηκότες),
2713 732 2924 795 τούτοις
2947 729 3012 801 δὴ
3042 722 3136 784 οὖν
3164 731 3448 803 ἀποκριδὸν
3467 734 3552 789 τοῦ
3571 737 3708 794 ἄλλου

2166 820 2361 891 ὁμίλου
2409 822 2822 892 πορευομένοις,
2868 820 3226 891 ἐπιφοιτῶσιν
3271 823 3457 895 ἄνδρες
3493 826 3592 883 τῶν
3617 830 3709 886 Mt.

2170 913 2441 984 σιμιανῶν
2484 916 2544 979 ἐς
2592 914 2935 981 ἑξακοσίους,
2984 913 3144 979 πεζοὶ
3194 914 3309 985 ἅμα
3358 917 3449 970 καὶ
3498 920 3712 989 ἱππόται,

2168 1005 2408 1076 οιόμενοι
2463 1006 2712 1071 ἅπαντας
2760 1006 2840 1078 τῷ
2893 1006 3094 1078 πλήθει
3159 1005 3499 1072 ξυλλαϐόντες
3545 1012 3717 1082 ῥᾳδίως

2167 1098 2606 1171 διαχειριεῖσθαι.
2657 1101 2721 1154 Ol
2751 1099 2810 1153 δὲ
2855 1102 2922 1171 τῇ
2951 1097 3064 1153 τῶν
3105 1099 3359 1170 πολέμων
3403 1102 3647 1175 ἐμπειρίᾳ
3671 1107 3718 1171 ἐς

2174 1190 2447 1260 γεώλοφόν
2506 1209 2556 1244 τι
2615 1192 3046 1263 ἀναδραμόντες,
3125 1191 3330 1263 ἀρετῆς
3380 1193 3723 1254 ἐπεδείκνυντο

2171 1282 2329 1355 ἔργα.
2362 1285 2472 1337 Καὶ
2497 1280 2566 1356 ἦν
2599 1284 2833 1338 ἐπιπολὺ
2865 1287 2899 1356 ἡ
2932 1288 3077 1355 μάχη
3109 1284 3359 1357 καρτερὰ
3387 1286 3477 1339 καί⁵
3520 1288 3725 1357 ἀμφίδο-

2170 1375 2284 1441 λος,
2333 1375 2443 1429 τῶν
2493 1376 2596 1446 μὲν
2633 1376 2909 1430 κύκλωσίν
2946 1393 3070 1431 τινα
3117 1377 3450 1449 ποιήσασθαι
3481 1381 3726 1450 πειρωμέ-

2174 1482 2299 1530 νων,
2333 1465 2444 1519 τῶν
2489 1466 2547 1520 δὲ
2589 1464 3004 1538 Ῥωμαίωννῦν
3031 1467 3130 1538 μὲν
3163 1467 3359 1538 ἀθρόον
3388 1469 3725 1540 ἐπεισπηδῶν-

2173 1574 2300 1623 των,
2333 1558 2410 1622 ὡς
2447 1559 2544 1613 καὶ
2587 1559 2824 1631 διασπᾷν
2853 1560 2948 1613 καὶ
2988 1559 3388 1630 ἀναταράττειν
3417 1558 3623 1615 ἅπασαν
3646 1564 3729 1634 τὴν

2175 1649 2435 1720 φάλαγγα
2479 1649 2590 1704 τῶν
2624 1650 2924 1722 πολεμίων,
2971 1648 3081 1705 νῦν.
3117 1649 3175 1704 δέ
3217 1645 3375 1714 αὖθις
3428 1650 3730 1707 ἁναθεόντων

2176 1741 2273 1797 καὶ
2307 1743 2373 1796 ἐν
2407 1741 2487 1813 τῷ
2521 1742 2757 1813 ἀσφαλεῖ
2786 1742 3154 1813 γιγνομένων.
3216 1743 3307 1797 Ἐν
3349 1741 3522 1814 τούτῳ
3562 1743 3616 1797 δὲ
3648 1744 3733 1816 τῆς

2174 1833 2342 1904 ἄλλης
2362 1836 2626 1906 στρατιᾶς
2653 1835 2865 1890 ἄνωθεν
2891 1834 2957 1900 ἐξ
2982 1835 3287 1907 ὑπερτέρου
3314 1835 3456 1899 τινὸς
3479 1834 3627 1906 ὅρους
3641 1838 3734 1891 tnt-

468 1928 653 1983 statim
680 1926 959 1999 fugerunt.
975 1928 1046 1981 At
1068 1926 1448 1984 Romanorum
1470 1929 1747 2003 exercitus
1772 1929 1904 2001 (jam
1925 1929 2072 1985 enim

2179 1925 2467 1997 φανείσης,
2514 1925 2738 1997 ἐνέδραν
2768 1921 2912 1981 εἶναι
2957 1927 3052 1980 καὶ⁵
3091 1926 3246 1981 δόλον
3294 1926 3346 1980 οἱ
3389 1926 3652 1998 Βάρόαροι
3686 1930 3735 1983 τὸ

468 2020 710 2076 universi
740 2021 880 2076 inter
908 2036 967 2076 se
990 2022 1238 2091 permisti
1265 2025 1444 2091 erant)
1470 2023 1707 2079 hostium
1736 2024 1904 2095 tergis
1934 2023 2076 2079 acri-

467 2121 553 2166 ter
597 2112 944 2181 insistebant,
984 2115 1159 2171 donec
1192 2113 1631 2184 quamplurimas
1673 2129 1865 2169 eorum
1903 2116 2075 2169 inter-

468 2200 757 2268 fecerunt,
800 2203 937 2259 adeo
970 2212 1031 2259 ut
1076 2220 1141 2260 ex
1191 2213 1342 2259 tanto
1388 2219 1622 2261 numero
1651 2205 1753 2261 soli
1802 2205 2078 2277 octoginta

468 2293 574 2347 viri
609 2295 662 2348 in
698 2293 961 2351 Ferreum
1007 2295 1140 2351 illud
1186 2296 1657 2367 propugnaculum
1706 2296 1848 2353 salvi
1896 2298 2077 2355 redie-

468 2385 598 2442 rint.
629 2384 785 2452 Quod
814 2387 1034 2457 quidem
1056 2389 1534 2460 propugnaculum
1566 2388 1613 2443 si
1642 2389 1837 2445 eodem
1871 2390 2077 2462 impetu

468 2480 798 2537 invasissent
827 2480 1084 2549 Romani,
1109 2483 1377 2554 perculsis
1403 2484 1510 2540 hac
1538 2485 1741 2540 recenti
1772 2486 1928 2541 clade
1951 2486 2079 2541 bar-

469 2573 643 2638 baris,
690 2589 798 2629 non
828 2575 1152 2643 dubitarim,
1189 2577 1324 2647 quin
1366 2577 1545 2646 primo
1589 2577 1799 2633 insultu
1834 2578 2080 2636 universi

466 2665 590 2735 capi
634 2667 963 2735 potuissent,
1005 2681 1181 2737 eoque
1224 2669 1348 2738 ipso
1393 2668 1483 2725 die
1522 2668 1729 2725 bellum
1771 2671 1935 2726 linem
1981 2674 2078 2726 ha-

468 2758 700 2813 buisset.
736 2757 895 2814 Nunc
928 2775 1060 2815 vero
1093 2762 1242 2831 quod
1278 2761 1578 2817 celebriore
1604 2762 1791 2833 aliqtto
1822 2763 2079 2833 pnefecto

467 2861 657 2907 essent
689 2851 972 2918 destituti,
1004 2854 1212 2923 quique
1248 2864 1517 2923 potestate
1552 2856 1954 2926 prudentiaque
1984 2873 2079 2912 ex-

469 2944 714 3007 celleret,
744 2946 839 3001 sed
869 2960 1063 3001 omnes
1090 2947 1489 3017 propemodum
1521 2948 1665 3003 inter
1685 2964 1747 3003 se
1775 2958 1962 3004 essent
1986 2964 2081 3019 pa-

470 3050 584 3103 res,
603 3047 657 3090 et
684 3045 873 3093 mutua
895 3038 1129 3095 consilia
1147 3039 1513 3110 improbando
1531 3040 1918 3111 contrariaque
1934 3057 2083 3096 man-

469 3130 657 3186 dando
699 3139 993 3195 certarent,
1037 3140 1094 3189 et
1133 3133 1319 3203 qualia
1360 3132 1597 3204 quisque
1633 3133 1900 3197 dixisset,
1951 3135 2079 3190 talia

469 3221 707 3283 audiret,
734 3221 1065 3293 imperfecta:
1091 3239 1285 3279 eorum
1307 3225 1557 3281 actiones
1579 3241 1758 3296 neque
1780 3226 2076 3282 admodum
2107 3256 2151 3314 ο

468 3314 651 3383 dignae
684 3315 843 3370 laude
876 3315 1117 3374 fuerunt.
1153 3317 1292 3373 Cum
1333 3319 1482 3373 enim
1520 3319 1575 3374 iu
1616 3320 1865 3376 diversas
1895 3330 2081 3376 essent

471 3404 636 3477 242
678 3410 980 3464 sententias
1006 3412 1163 3476 secti,
1204 3419 1372 3480 atque
1404 3411 1498 3466 alii
1536 3413 1758 3481 quidem
1787 3413 1952 3477 hanc,
1988 3412 2080 3467 alii

471 3497 636 3551 aliam
676 3499 972 3568 quamdam
1002 3503 1318 3572 probarent,
1356 3503 1494 3558 nihil
1527 3518 1743 3570 eorum,
1785 3520 1909 3575 qua:
1949 3520 2081 3560 con-

473 3586 837 3655 sulebantur,
879 3592 1285 3662 peragebatur;
1337 3595 1432 3650 sed
1483 3594 1894 3666 unusquisque,
1939 3610 2084 3665 aegre

473 3677 660 3734 ferens
689 3696 845 3734 suam
897 3684 1223 3738 sententiam
1266 3699 1375 3739 non
1417 3685 1681 3748 valuisse,
1717 3684 2082 3755 negligentius

472 3769 810 3841 Segniusque
841 3772 907 3828 ad
935 3788 1049 3827 rem
1080 3776 1375 3842 gerendam
1412 3776 1728 3841 accedebat,
1755 3784 1811 3830 et
1839 3776 2083 3833 sinistris

470 3861 763 3916 eventibus
798 3864 971 3934 magis
1012 3864 1305 3934 gaudebat,
1348 3876 1410 3919 ut
1445 3867 1497 3920 in
1538 3875 1821 3936 posterum
1854 3867 2079 3937 gloriari

474 3950 810 4022 liberiusth
847 3968 908 4009 se
941 3954 1120 4025 ipsum
1151 3957 1295 4025 apud
1329 3973 1465 4012 suos
1491 3957 1724 4027 jactare,
1765 3960 2084 4032 nullamque

471 4042 640 4097 aliam
689 4044 901 4099 sinistri
943 4055 1174 4104 eventus
1215 4063 1443 4105 causam
1484 4049 1661 4107 fuisse
1698 4050 2084 4111 demonstrare

473 4142 680 4204 posset,
712 4151 878 4207 quam
909 4138 1056 4209 quod
1084 4140 1356 4210 privatum
1384 4156 1546 4199 suum
1577 4143 1875 4200 consilium
1902 4154 2080 4208 secuti

473 4240 586 4281 non
620 4237 826 4285 essent.

552 4319 636 4374 l7.
671 4318 791 4376 Hoc
820 4323 874 4376 in
906 4330 1056 4379 statu
1099 4339 1226 4380 cum
1266 4340 1357 4382 res
1389 4336 1598 4394 essent,
1640 4331 1905 4388 remotius
1938 4348 2082 4388 non-

472 4409 614 4465 nihil
640 4410 711 4466 ab
738 4412 1014 4481 hostibus,
1051 4430 1217 4486 quam
1259 4418 1402 4474 utin
1434 4420 1744 4487 obsidione,
1777 4432 2083 4481 castrame-

475 4503 578 4558 tati
617 4513 784 4561 sunt:
839 4517 1107 4578 praeterea
1156 4526 1336 4583 neque
1378 4515 1484 4571 sub
1531 4517 1837 4573 diluculum
1880 4529 2076 4576 euntes

2180 2016 2372 2086 χρῆμα
2401 2016 2872 2087 ὑποτοπήσαντες,
2907 2016 3074 2080 εὐθὺς
3096 2015 3334 2086 ἔφευγον
3362 2019 3733 2089 προτροπάδην.

2192 2108 2333 2163 Ἀλλ’
2360 2110 2391 2162 ὁ
2429 2108 2543 2162 τῶν
2581 2109 2875 2180 Ῥωμαίων
2905 2109 3138 2179 στρατὸς
3165 2108 3491 2180 (ἐτύγχανον
3515 2109 3618 2183 γὰρ
3653 2111 3734 2183 ἥδη

2181 2197 2419 2262 ἅπαντες
2467 2196 2725 2268 ἀλλήλοις
2772 2196 3253 2269 ἀναμεμιγμένον)
3302 2198 3567 2256 ἐνέκειντο
3617 2199 3737 2269 μάλα

2179 2287 2487 2355 διώκοντες,
2508 2287 2615 2352 ἕως
2647 2290 2776 2354 τοὺς
2803 2288 3092 2354 πλείστους
3117 2289 3418 2360 πολεμίους
3452 2292 3496 2322 ⁸⁸
3515 2290 3737 2350 ἀπέκτει-

2181 2398 2300 2444 ναν,
2323 2379 2402 2445 ὡς
2432 2381 2629 2451 μόνους
2681 2383 2749 2439 ἐκ
2788 2380 3059 2438 τοσούτων
3095 2382 3434 2454 ὀγδοήκοντα
3467 2383 3653 2456 ἄνδρας
3692 2385 3737 2447 ἐς

2180 2471 2242 2525 τὸ
2275 2471 2540 2544 Σιδηροῦν
2565 2472 2755 2526 ἐκεῖνο.
2787 2472 3059 2544 φρούριον,
3081 2474 3453 2546 ἀποσωθῆναι.
3482 2477 3548 2530 ³³.
3571 2477 3632 2530 El
3660 2477 3739 2547 μὲν

2180 2559 2274 2618 οὖν
2301 2564 2503 2619 αὐτίκα
2529 2565 2681 2629 ὅπως
2713 2560 2860 2637 εἶχον
2894 2565 3079 2638 ὁρμῆς
3125 2568 3175 2621 οἱ
3225 2567 3494 2639 Ῥωμαῖοι
3537 2569 3739 2639 ἐπῆλθον

2181 2653 2260 2726 τῷ
2291 2654 2549 2728 ἐρύματι,
2577 2654 3127 2727 καταπεπληγμένων
3161 2655 3277 2712 τῶν
3320 2655 3615 2727 Βαρϐάρων
3649 2656 3739 2718 τοῖς

2183 2747 2607 2818 ξυνενεχθεῖσιν,
2636 2748 2857 2814 πάντως
2894 2749 2986 2813 ἂν,
3014 2746 3190 2819 οἶμαι,
3221 2749 3562 2818 αὐτοϐοεί-γε
3593 2748 3741 2803 anew

2182 2861 2281 2906 τας
2314 2836 2479 2911 εἷλον,
2513 2844 2606 2898 καὶ
2639 2841 2956 2912 αὐθημερὸν
3000 2842 3029 2894 ὁ
3073 2841 3318 2911 πόλεμος
3359 2838 3624 2894 ἐτελεύτα.
3648 2836 3742 2894 Νῦν

2182 2936 2242 2990 δὲ.
2289 2936 2336 2968 ⁸⁸
2378 2934 2456 3007 τῷ
2505 2935 2581 3007 μὴ
2623 2938 2878 3005 παρεῖναι
2922 2935 3108 2998 αὐτοῖς
3152 2931 3468 3003 στρατηγὸν
3507 2930 3611 2985 τῶν
3646 2929 3741 2982 ὀνο-

2186 3029 2564 3100 μαστοτάτων,
2597 3029 2829 3099 δυνάμει
2859 3045 2920 3081 τε
2966 3027 3062 3081 καὶ
3090 3029 3408 3098 φρονήματι
3452 3024 3742 3097 προύχοντα,

2187 3120 2338 3186 ἴσους
2385 3122 2444 3175 δὲ
2497 3122 2686 3193 σχεδόν
2732 3138 2786 3176 τι
2841 3123 3094 3186 ἅπαντας
3136 3119 3512 3187 καθεστάναι,
3560 3120 3631 3183 ὡς
3669 3119 3745 3181 καὶ

2183 3213 2542 3283 ἀντεγκαλεῖν
2562 3212 2818 3285 ἀλλήλοις
2844 3213 3007 3284 τυχὸν
3030 3211 3127 3267 καὶ
3147 3209 3742 3284 ἀντιπαρακελεύεσοαι,

2186 3305 2282 3359 καὶ
2325 3307 2487 3360 ὁποῖα
2516 3307 2563 3338 ³⁸
2604 3304 2746 3360 ἄττα
2776 3321 2860 3369 τις
2902 3306 3127 3376 φήσειεν
3169 3304 3359 3359 τοιάδε
3402 3304 3498 3359 καὶ
3544 3304 3743 3368 ἐπαΐειν,

2184 3396 2354 3467 ἀτελῆ
2401 3397 2498 3451 καὶ
2537 3396 2600 3451 οὐ
2650 3396 2772 3451 λίαν
2806 3395 3100 3462 ἀξιέπαινα
3154 3395 3379 3467 ὑπῆρχε
3408 3393 3476 3449 τὰ
3524 3391 3747 3464 ἐγχειρή-

2189 3508 2356 3561 ματα.
2406 3491 2496 3554 Ἐς
2523 3489 2634 3561 γὰρ
2657 3489 2918 3562 διάφορόν
2938 3505 3061 3543 τινα
3106 3486 3338 3558 γνώμην
3367 3485 3746 3559 μεμερισμένοι.

2185 3582 2281 3636 καὶ
2314 3582 2439 3646 τοὺς
2468 3581 2569 3652 μὲν
2586 3581 2764 3643 τοῦτο,
2791 3580 2920 3643 τοὺς
2949 3580 3005 3634 δέ
3033 3578 3165 3634 ἄλλο
3195 3596 3253 3632 τι
3287 3578 3543 3651 ἀρέσκον,
3571 3577 3747 3649 ἐπράσ-

2187 3688 2310 3725 σετο
2355 3673 2456 3743 μὲν
2491 3672 2616 3725 ούδέ
2663 3672 2710 3703 ³⁸
2753 3670 3020 3742 ὁπότερον
3063 3671 3173 3725 τῶν
3214 3669 3655 3742 βεϐουλευμένων
3680 3669 3746 3700 ’τ’

2183 3764 2415 3825 ἕκαστος
2448 3762 2507 3817 δὲ
2547 3760 2926 3833 χαλεπαίνων,
2977 3761 3060 3815 ὅτι
3116 3760 3193 3833 μὴ
3243 3762 3311 3817 τὸ
3359 3762 3558 3816 οίκείον
3598 3759 3745 3820 ἐνίκα,

2184 3853 2435 3926 ἐκμελῶς
2466 3871 2585 3918 πως
2612 3853 2708 3909 καὶ
2732 3852 3137 3923 ἀταλαιπώρως
3174 3853 3415 3925 προσῄει
3447 3854 3556 3916 τοῖς
3576 3850 3747 3923 ἔργοις.

2186 3947 2283 4002 καὶ
2327 3936 2530 4018 μᾶλλον
2560 3945 2720 4016 ἥδετο
2746 3948 2862 4010 τοῖς
2897 3944 3344 4016 άποτεύγμασιν,
3377 3945 3456 4010 ὡς
3501 3945 3567 3999 ἂν
3594 3942 3749 4015 Exin”

2187 4037 2557 4110 μεγαλαυχεῖν
2586 4037 2824 4109 ὕστερον,
2844 4036 2939 4090 καὶ
2976 4035 3466 4110 παρρησιάζεσθαι
3493 4035 3623 4107 πρὸς
3647 4034 3750 4094 τοὺς

2185 4130 2377 4199 πέλας,
2410 4132 2505 4189 καὶ
2530 4130 2627 4187 τοῦ
2673 4130 2888 4194 ἐνδεοῦς
2921 4131 3102 4183 αἰτίαν
3129 4130 3233 4184 οὐκ
3273 4129 3407 4187 ἄλλο
3446 4147 3507 4184 τι
3545 4125 3748 4197 drumpat-

2185 4223 2395 4291 νεσθαι,
2426 4222 2461 4294 ἦ
2495 4221 2557 4276 τὸ
2591 4221 2669 4294 μὴ
2696 4222 2768 4277 τά
2794 4221 2847 4274 οἱ
2875 4220 3108 4288 δόξαντα
3135 4221 3567 4293 ᾰαπραχθῆναι.

2257 4339 2346 4406 ιζκ
2399 4338 2489 4393 Ἐν
2540 4336 2756 4400 τούτοις
2801 4335 2873 4408 δὴ
2904 4331 3000 4390 οῦν
3051 4333 3225 4398 ὄντες,
3276 4335 3472 4407 πόρρω
3523 4348 3620 4386 που
3662 4327 3750 4382 τῶν

2184 4431 2462 4501 πολεμίων
2509 4428 2543 4500 ἢ
2596 4427 2672 4492 ὡς
2721 4428 2782 4482 ἐν
2828 4427 3122 4499 πολιορκίᾳ
3168 4423 3748 4498 ἐστρατοπεδεύσαντο·

2182 4524 2278 4578 καὶ
2319 4521 2460 4594 πρός
2495 4538 2563 4590 γε
2606 4520 2730 4575 οὕδέ
2766 4521 2913 4591 ἀμφὶ
2964 4519 3027 4573 τὸ
3065 4519 3402 4594 περίορθρον
3434 4517 3565 4589 γοῦν
3607 4516 3752 4575 ίόντες

472 4595 667 4689 quales
696 4611 838 4668 Opus
865 4609 985 4656 erat
1007 4602 1246 4660 insultus
1276 4604 1586 4676 faciebant;
1614 4610 1709 4666 sed
1740 4612 1954 4681 ignavia
1984 4627 2069 4668 ve-

2180 4618 2282 4683 τὰς
2313 4615 2624 4689 προσϐολὰς
2652 4615 2710 4668 ἐν
2735 4612 2909 4669 δέοντι
2939 4612 3246 4677 ἐποιοῦντο,
3273 4612 3415 4668 ἀλλὰ
3447 4611 3588 4682 ὄκνῳ
3611 4608 3752 4662 εἰκον-

476 4686 774 4759 cordiaque
815 4691 969 4758 victi,
1004 4709 1099 4751 res
1131 4696 1308 4754 serias
1352 4700 1706 4773 maximeque
1742 4713 2078 4774 opportunas

2182 4726 2277 4773 τες
2309 4686 2407 4762 καὶ
2436 4707 2482 4740 ²⁹
2517 4704 2786 4778 ῥᾳθυμίᾳ,
2815 4703 2940 4759 ὁδοῦ
2970 4704 3229 4777 πάρεργα
3256 4703 3491 4777 ἡγοῦντο
3512 4702 3579 4756 τὰ
3606 4715 3749 4753 σπου-

475 4795 580 4852 pro
610 4787 936 4843 aecessoriis
963 4798 1021 4844 et
1065 4795 1491 4861 supervacaneis
1523 4797 1863 4866 censebant;
1903 4802 2078 4856 serius

2183 4803 2311 4858 δαῖα
2339 4799 2436 4855 καὶ
2460 4797 2880 4868 ἐπικαιρότατα,
2908 4796 3142 4851 κατόπιν
3169 4796 3272 4868 μὲν
3295 4795 3393 4850 τοῦ
3415 4794 3749 4866 προσήκοντος

476 4873 700 4945 quidem
738 4892 901 4948 quam
941 4884 1229 4952 oportebat
1255 4887 1310 4941 in
1352 4886 1538 4945 hostes
1576 4889 1840 4960 impetum
1868 4890 2077 4947 facien-

2184 4892 2382 4962 καιροῦ
2412 4888 2808 4959 ἐπιφοιτῶντες
2845 4880 2961 4952 τοῖς
2988 4888 3277 4956 ἐναντίοις,
3322 4884 3674 4959 πρωῖαίτερον
3703 4877 3749 4930 δὲ

476 4974 583 5032 tes,
616 4972 887 5029 maturius
916 4989 1047 5031 vero
1077 4991 1245 5047 quam
1273 4981 1600 5050 expediebat
1642 4995 1765 5040 sese
1808 4984 2078 5055 recipien-

2186 4980 2634 5052 ἐπανερχόμενοι.
2684 4978 2874 5033 Ταῦτα
2904 4979 2951 5012 ⁸⁸
2980 4978 3038 5034 δὲ
3082 4977 3270 5052 μαθὼν
3308 4979 3341 5031 ό
3372 4978 3646 5049 Μαρτῖνος
3671 4972 3749 5023 ὲκ-

477 5067 580 5117 tes.
616 5061 745 5121 Haec
787 5082 915 5122 cum
962 5071 1308 5141 cognovisset
1349 5071 1641 5140 Martinus,
1679 5078 1880 5133 emittit
1914 5094 2078 5149 quam

2191 5073 2401 5145 πέμπει
2439 5072 2518 5136 ὡς
2555 5071 2639 5144 [Ρ.
2673 5070 2801 5145 126]
2828 5072 3060 5144 τάχιστα
3091 5073 3180 5125 ἐπ’
3212 5071 3414 5135 αὐτοὺς
3441 5066 3664 5141 ἄρξοντά
3699 5077 3748 5115 τε

478 5153 748 5212 citissime
778 5158 847 5213 ad
875 5159 1042 5230 ipsos,
1075 5164 1169 5232 qui
1201 5163 1475 5222 universis
1500 5165 1870 5237 imperaturus
1892 5178 1948 5225 et
1969 5170 2078 5226 dux

2189 5167 2452 5221 ἁπάντων
2483 5166 2580 5219 καὶ
2627 5164 2992 5238 ἡγησόμενον,
3045 5166 3217 5237 ἄνδρα
3256 5163 3626 5231 Καππαδόκην
3666 5154 3749 5227 μὲν

485 5247 701 5304 futurus
736 5260 902 5319 esset,
945 5252 1121 5308 virum
1154 5254 1536 5326 Cappadocem
1575 5259 1796 5328 quidem
1836 5262 2078 5331 natione,

2189 5259 2252 5313 τὸ
2293 5260 2473 5329 γένος’
2503 5257 2781 5330 ἀξιώματι
2807 5259 2865 5314 δὲ
2896 5256 3251 5333 στρατηγικῷ
3294 5258 3361 5310 ἐκ
3395 5254 3639 5310 πλείστου
3678 5265 3749 5301 τε-

480 5336 745 5406 dignitate
788 5356 918 5397 vero
961 5343 1216 5411 praetoria
1258 5343 1374 5416 jam
1415 5360 1444 5402 a
1481 5346 1655 5402 multo
1691 5355 1936 5418 tempore
1964 5349 2078 5404 cla-

2192 5353 2497 5425 τιμημένον
2531 5352 2598 5420 ³¹,
2628 5344 2674 5421 ᾧ
2706 5351 2773 5425 δὴ
2817 5351 2989 5422 ὄνομα
3032 5347 3104 5423 ἦν
3144 5349 3417 5418 Ἰωάννης,
3465 5343 3664 5400 Δακνᾶν
3699 5338 3745 5391 δὲ

485 5442 608 5483 rum
638 5452 650 5499 ;
689 5431 773 5487 cui
808 5448 1005 5489 nomen
1038 5435 1260 5506 quidem
1293 5444 1411 5494 erat
1440 5436 1704 5509 Joannes,
1736 5441 1960 5513 vulgare
1988 5455 2078 5495 au-

2196 5442 2361 5498 αὐτὸν
2388 5440 2913 5515 προσεπωνόμαζον.
2948 5439 3219 5496 Ἔσταλτο
3262 5440 3316 5494 δὲ
3344 5440 3405 5506 ἐς
3436 5436 3662 5507 Κόλχους
3693 5428 3743 5481 οὐ

448 5664 458 5724 ᾗ
970 5660 977 5675 ἡ
1788 5596 2026 5653 νΑΙῖΙᾹΞ
2058 5597 2446 5656 LECTIONES

492 5831 536 5861 η
566 5758 1116 5861 ἰζέξὲλξμίξὲῑ,,³έ¹,ί¹.·
1136 5788 1212 5861 κει
1244 5773 1290 5861 ἔξ
1338 5776 1724 5861 suam";
1759 5777 2115 5861 ᾁποσιρρῆνιι
2152 5779 2221 5861 ξίν
2266 5776 2644 5861 sumere:
2669 5775 2842 5861 .Vu‘ii:

590 5790 593 5791 ν
650 5790 946 5837 πολεμιους
993 5790 1116 5827 ana.
1147 5790 1212 5828 ex
1246 5790 1290 5826 ιι
1338 5790 1393 5829 et
1432 5790 1597 5845 lnlpl'.
1682 5790 1724 5807 ὀ
1759 5790 1984 5831 αποσωυ
2026 5795 2115 5832 ναι
2153 5790 2221 5844 tt,
2266 5790 2644 5848 περισωυηναι
2693 5790 2783 5831 vul
2828 5814 2842 5829 ο

492 5831 536 5934 εἴ
563 5834 726 5891 ὁποῖα
752 5837 1176 5934 Β,ιόποῖάνιιιεὸ
1244 5843 1288 5876 ³⁸
1308 5846 1430 5934 οὐδὲ
1456 5842 1522 5933 Βγ.
1560 5847 1669 5934 036‘
1699 5847 1843 5918 vulg.
1924 5850 1966 5882 ³⁷
1988 5795 2413 5920 ᾌεϐονλημένων
2449 5845 2514 5902 Β.
2593 5847 2637 5881 ⁸⁸
2667 5845 2765 5918 ἔχῃ

566 5907 951 5977 τετιμημένων
980 5907 1259 5982 διιΙιῘΡαικ
1300 5909 1345 5986 ᾧ
1375 5915 1439 5988 δὴ
1456 5913 1550 5971 οὖν
1579 5917 1644 5975 ll.

2922 5777 2967 5807 “
3000 5772 3098 5827 νῦν
3126 5775 3185 5829 δὲ
3206 5804 3276 5819 --
3297 5770 3512 5827 καθεστ.
3551 5779 3652 5820 om.
3680 5756 3732 5829 Ιί-

2942 5847 2987 5879 ²θ
3015 5827 3281 5902 mam
3312 5841 3378 5898 ιι.
3453 5839 3495 5873 ³⁸
3531 5831 3656 5891 αὐτὰ
3676 5827 3730 5884 Ro
