4060 6460
345 378 484 444 1505

1506 376 2046 436 HISTORIARUM
2098 376 2328 439 LIBER
2360 336 2459 441 Iv.

3492 373 3649 440 1506'

351 489 533 559 πολλῷ
563 487 874 559 ἔμπροσθεν
922 487 985 539 ὲκ
1028 484 1317 555 βασιλέως,
1348 485 1410 539 τὸ
1444 487 1759 540 Ῥουστίκου
1800 486 1935 557 ἔχων

2042 497 2146 543 tem
2174 506 2475 560 cognomen
2505 489 2738 546 Dacnas.
2770 486 2970 542 Missus
2991 499 3122 542 vero
3148 494 3271 541 erat
3299 485 3367 541 ad
3394 485 3631 542 Colchos

345 581 649 650 ἐπίταγμα,
674 578 759 647 ἐφ’
784 574 828 646 ᾧ
855 578 1065 633 tum;
1089 596 1147 632 τε
1175 580 1243 632 τά
1273 578 1575 649 ποιούμενα
1606 580 1663 642 ἐς
1690 578 1753 630 τὸ
1775 578 1931 647 ἀκρι-

341 674 435 735 ϐὲς
458 670 800 740 διαγγέλλειν
828 670 895 733 ³²,
931 671 1025 725 καὶ
1050 671 1159 725 τῶν
1193 670 1543 743 στρατιωτῶν
1582 671 1707 733 τοὺς
1742 670 1786 701 ³³
1812 671 1936 741 ἀρι-

343 763 639 826 στεύοντας
689 762 986 833 βασιλείοις
1017 764 1212 837 δώροις
1246 764 1709 837 φιλοφρονεῖσθαι.
1760 758 1931 829 Οὗτος

336 850 406 922 δὴ
435 846 532 903 οὖν
579 848 625 880 ³⁸
668 852 698 902 ὁ
741 849 993 920 Ἰωάννης
1025 853 1083 914 ἐς
1109 852 1471 922 Μισιμιανοὺς
1507 852 1808 922 ἀφιγμένος
1840 853 1933 904 καὶ

336 942 575 1005 ἐπιστὰς
601 939 682 1012 τῷ
710 942 820 993 τῶν
860 942 1147 1011 Ῥωμαίων
1180 942 1576 1013 στρατεύματι,
1601 943 1764 1011 εὐθὺς
1790 944 1929 1012 ἀμφὶ

333 1040 404 1092 τὸ
425 1037 690 1109 φρούριον
716 1036 964 1100 ἅπαντας
994 1037 1176 1106 ἵδρυσε
1199 1038 1294 1092 καὶ
1320 1037 1629 1108 πολιορκεῖν
1653 1038 1930 1106 ἐπειρᾶτο,

334 1130 463 1199 ἅμα
495 1130 554 1182 δὲ
591 1130 688 1183 καὶ
714 1131 827 1191 τοῖς
851 1129 1107 1182 ἔκτοσθεν
1138 1129 1182 1162 ³⁵
1221 1129 1599 1199 διαιτωμένοις
1625 1128 1930 1195 ἐπιθέσθαι,

334 1223 440 1275 καὶ
466 1222 528 1274 τὸ
578 1219 805 1291 σύμπαν
852 1219 1195 1291 διαταράξαι.
1244 1220 1365 1273 Τῶν
1412 1218 1520 1291 γὰρ
1565 1220 1834 1289 οἰκήσεων
1875 1220 1932 1272 αἱ

236 1314 243 1317 ’
336 1314 597 1367 πλεῖσται
618 1314 719 1366 οὐκ
746 1314 805 1366 ὲν
834 1311 984 1381 αὐτῷ
1016 1311 1193 1383 δήπου
1216 1311 1296 1382 τῷ
1328 1308 1605 1383 περιϐόλῳ
1638 1310 1932 1384 ἐτύγχανον

334 1400 522 1470 οὖσαι,
558 1405 673 1459 ἀλλ’
702 1405 795 1457 ἐπὶ
838 1402 1089 1474 σκοπέλῳ
1130 1404 1237 1457 τινὶ
1264 1403 1435 1475 ἀγχοῦ
1476 1403 1931 1476 παρατεταμένῳ,

334 1502 629 1570 φάραγγες
656 1498 713 1551 δὲ
739 1499 798 1551 ἐν
830 1495 979 1566 αὑτῷ
1011 1496 1106 1550 καὶ
1148 1496 1344 1568 πέτραι
1371 1497 1777 1567 ἀπεῤῥωγυῖαι,
1812 1499 1932 1550 ἑπι-

334 1594 594 1645 πλεῖστον
615 1590 922 1658 διήκουσαι,
957 1588 1297 1658 δυσπρόσοδα
1332 1587 1453 1641 λίαν
1476 1588 1572 1641 καὶ
1609 1588 1792 1659 ἄπορα
1819 1590 1931 1651 τοῖς

335 1683 572 1745 ὀθνείοις
597 1683 690 1735 καὶ
719 1681 818 1733 οὐκ
842 1678 1175 1747 εἰθισμένοις
1205 1679 1270 1731 τὰ
1298 1679 1425 1750 τῇδε
1454 1677 1667 1732 ἅπαντα
1690 1676 1933 1730 ἐκτελοῦ-

339 1793 451 1828 σιν.
487 1774 561 1826 Τό
606 1788 670 1841 γε
706 1771 814 1842 μὴν
863 1772 1162 1840 ἐπιχώριον
1209 1767 1473 1840 ἐμπειρία
1518 1767 1628 1821 τῶν
1658 1767 1841 1821 τόπων
1870 1767 1933 1820 ἐκ

340 1886 489 1932 τινος
521 1863 866 1932 στενωτάτης
889 1861 935 1894 ⁸⁸
966 1860 1089 1916 ὀδοῦ
1120 1860 1216 1915 καὶ
1249 1859 1749 1929 ὑπολανθανούσης,
1778 1858 1932 1930 μόλις

346 1961 450 2029 μὲν
495 1959 590 2012 καὶ
641 1955 796 2012 αὐτοὶ
832 1956 928 2009 καὶ
981 1953 1407 2024 πεπονημένως,
1456 1952 1854 2024 καταφέρονται
1876 1952 1934 2004 δὲ

344 2051 517 2119 ὅμως,
549 2049 704 2102 εἵπου
737 2046 942 2115 δεήσοι,
972 2044 1068 2097 καὶ
1113 2038 1272 2106 αὖθις
1316 2040 1667 2113 άνέρπουσιν.
1710 2039 1847 2093 Ὑπὸ
1876 2037 1934 2091 δὲ

345 2138 442 2191 τὸν
476 2136 725 2208 πρόποδα
756 2137 814 2189 ἐν
832 2132 981 2204 αὐτῷ
1018 2132 1085 2204 δὴ
1112 2132 1189 2203 τῷ
1211 2130 1477 2203 χθαμαλῷ
1502 2131 1598 2186 καὶ
1623 2130 1935 2203 ὴπ>.ωμένῳ

349 2228 580 2291 πίδακες
601 2227 835 2296 ποτίμου
860 2225 1051 2288 ὓδατος
1080 2223 1497 2289 ἀναϐλύζουσιν,
1528 2222 1651 2276 ὅθεν
1682 2221 1936 2291 ὑδρεύον-

342 2335 437 2372 ται
466 2321 514 2372 οί
542 2318 622 2388 τῷ
666 2316 886 2387 κολωνῷ
915 2315 1277 2379 ἐνοικοῦντες.
1312 2315 1447 2368 Τότε
1475 2314 1542 2384 δὴ
1587 2308 1681 2368 οὖν
1710 2313 1933 2385 (ἐπετή-

348 2425 479 2479 ρουν
507 2408 616 2480 γὰρ
640 2408 690 2460 οἱ
726 2407 988 2477 Ῥωμαῖοι
1008 2407 1102 2459 καὶ
1133 2406 1397 2477 ἀπεῖργον
1419 2404 1481 2458 τὸ
1513 2404 1701 2475 μέρος)
1721 2402 1935 2474 νύκτωρ

343 2502 396 2554 οί
443 2498 721 2571 Βάρϐαροι
766 2498 1047 2560 κατιόντες
1086 2495 1320 2569 ἠρύοντο
1363 2496 1429 2550 ³⁷.
1464 2496 1714 2567 Ἰσαυρος
1758 2496 1814 2548 δέ
1850 2512 1936 2559 τις

343 2589 508 2659 ἀνὴρ,
552 2586 753 2650 ἰλλοῦς
795 2586 989 2655 ὄνομα,
1020 2585 1115 2638 ὲπὶ
1150 2585 1282 2657 τῇδε
1325 2587 1391 2656 τῇ
1424 2585 1638 2656 φρουρᾷ
1665 2584 1934 2653 τεταγμέ-

344 2698 472 2742 νος,
535 2677 725 2749 ἐπειδὴ
787 2676 1001 2730 κατεῖδε
1067 2675 1354 2738 πλείστους
1422 2675 1530 2729 τῶν
1583 2673 1931 2743 Μισιμιανῶν

347 2769 540 2840 πόρρω
579 2783 684 2820 που
714 2766 825 2821 τῶν
869 2765 1080 2820 νυκτῶν
1113 2767 1170 2829 ἐς
1211 2765 1371 2819 τοῦτο
1402 2763 1871 2834 καταϐεϐηκότας.
1903 2765 1933 2817 ὁ

349 2862 411 2916 δὲ
456 2859 942 2932 ὑποκρυπτόμενος
999 2858 1176 2931 ἡσυχῆ
1233 2858 1395 2929 ἔμενε
1444 2858 1538 2913 καὶ
1599 2856 1929 2929 ξυνεχὼρει·

351 2952 431 3017 ὡς
486 2951 543 3006 δὲ
607 2953 806 3006 ἐκεῖνοι
852 2950 953 3014 τὰς
1004 2951 1236 3014 κάλπεις
1296 2951 1675 3023 ἐμπλήσαντες
1729 2953 1935 3005 ἀπεπο-

358 3041 581 3112 ρεΰοντο
613 3041 680 3106 ³⁸,
723 3042 910 3095 εἵπετο
945 3040 1122 3113 λάθρα
1163 3042 1192 3095 ὁ
1228 3042 1479 3112 Ἰσαυρος
1522 3043 1618 3096 καὶ
1660 3042 1933 3114 συνανῄει,

2036 599 2139 635 non
2165 585 2336 638 multo
2362 592 2490 639 ante
2512 583 2581 637 ab
2610 583 2961 650 imperatore,
2997 577 3205 634 Rustici
3238 578 3446 633 habens
3474 593 3632 633 mau-

2033 674 2245 741 datum,
2271 684 2332 730 ut
2354 675 2593 747 singula,
2618 689 2739 744 quae
2769 682 3111 742 gererentur,
3145 681 3400 726 accurate
3423 685 3633 725 renun-

2034 766 2193 822 tiaret
2236 776 2290 821 et
2323 767 2546 832 milites,
2579 780 2817 836 quorum
2856 762 3117 818 fortitudo
3153 762 3495 827 eminuisset,
3542 777 3632 816 rc-

2032 860 2245 929 galibus
2272 858 2434 930 243
2462 858 2622 914 donis
2652 865 3094 928 prosequeretur.
3124 855 3226 909 Hic
3253 856 3438 923 itaque
3462 853 3631 908 Joan-

2034 965 2134 1004 nes
2160 965 2285 1005 cum
2320 950 2385 1003 ad
2417 947 2761 1002 Misimianos
2797 947 3156 1017 pervenisset,
3191 956 3246 1005 et
3278 944 3388 1013 jam
3423 942 3629 997 Roma-

2034 1056 2227 1095 norum
2252 1039 2515 1095 exercitui
2546 1048 2820 1108 praaesset,
2849 1037 3138 1093 confestim
3166 1036 3421 1089 omnibus
3448 1035 3627 1105 copiis

2033 1133 2447 1205 propugnaculo
2484 1132 2744 1197 admotis,
2776 1132 3065 1186 obsidione
3115 1130 3242 1183 illud
3286 1130 3506 1199 cingere
3547 1129 3628 1179 ui-

2033 1227 2268 1293 tebatur,
2293 1224 2568 1293 simulque
2595 1239 2711 1289 eos,
2740 1224 2832 1292 qui
2863 1232 3014 1277 extra
3046 1221 3334 1291 degebant,
3370 1220 3630 1274 invadere

2032 1318 2327 1387 omniaque
2370 1316 2687 1370 obturbare.
2744 1315 2947 1369 Domus
2990 1313 3135 1366 enim
3188 1313 3436 1383 plurimae
3484 1321 3628 1371 muri

2033 1408 2239 1463 ambitu
2272 1423 2381 1462 non
2413 1405 2902 1471 concludebantur,
2936 1403 3029 1457 sed
3065 1403 3119 1456 iu
3151 1402 3443 1471 scopuloso
3485 1416 3628 1470 quo-

2031 1498 2157 1554 dam
2187 1498 2304 1551 loco
2336 1511 2506 1567 prope
2533 1503 2881 1565 exporrecto,
2913 1493 2967 1547 in
2994 1506 3106 1563 quo
3133 1491 3432 1562 praecipitia
3460 1503 3516 1545 et
3535 1492 3623 1545 ab-

2033 1596 2207 1658 ruptae
2237 1596 2423 1657 petrae,
2453 1588 2508 1640 in
2537 1587 2759 1656 longum
2794 1583 3102 1644 tendentes.
3136 1580 3375 1635 dillicilia
3407 1593 3629 1635 accessu

2036 1678 2379 1747 transituque
2405 1678 2610 1731 exteris
2639 1687 2692 1730 et
2720 1674 2962 1738 insuetis
2975 1672 3159 1727 omnia
3186 1670 3509 1725 cﬂiciebant.
3544 1669 3624 1721 In-

2035 1770 2169 1824 colae
2202 1784 2331 1824 vero
2359 1769 2551 1839 peritia
2587 1769 2833 1823 locorum
2870 1781 2935 1821 ex
2970 1762 3364 1835 angustissima
3398 1761 3630 1830 quadam

2035 1870 2091 1915 et
2123 1870 2261 1916 tecta
2303 1862 2386 1914 via
2418 1875 2561 1930 a’gre
2607 1860 2828 1929 quidem
2874 1858 3035 1911 etiam
3088 1854 3189 1925 ipsi
3232 1862 3288 1908 et
3334 1852 3630 1914 laboriose,

2036 1954 2374 2011 descendunt
2403 1964 2604 2018 tamen,
2628 1952 2673 2008 si
2704 1951 2927 2021 quando
2953 1963 3093 2019 opus
3119 1946 3304 2013 fuerit,
3332 1960 3631 2013 rursusque

2036 2064 2254 2104 sursum
2292 2056 2505 2116 repunt.
2543 2046 2622 2099 Ad
2656 2045 2895 2099 radicem
2931 2058 3057 2096 vero
3103 2040 3304 2096 montis
3339 2039 3391 2093 in
3436 2037 3629 2091 humili

2034 2147 2090 2192 et
2116 2138 2279 2208 plano
2310 2136 2428 2189 solo
2458 2133 2635 2189 fontes
2660 2130 2919 2203 potabilis
2942 2146 3099 2201 aqure
3127 2129 3459 2188 seaturiunt,
3486 2126 3632 2181 unde

2038 2229 2227 2283 incolae
2253 2241 2451 2297 aquam
2488 2234 2697 2295 petunt.
2726 2222 2868 2278 Tum
2902 2223 3085 2291 itaque
3120 2221 3383 2291 temporis
3418 2219 3627 2290 (obser-

2036 2321 2236 2374 vabant
2263 2318 2407 2372 enim
2443 2331 2538 2370 eos
2582 2313 2835 2377 Romani,
2872 2320 2925 2366 et
2955 2327 3021 2365 ex
3068 2320 3221 2378 parte
3249 2308 3631 2380 prohibebant)

2038 2408 2254 2465 barbari
2281 2417 2444 2461 noctu
2474 2405 2862 2461 descendentes
2882 2416 3079 2471 aquam
3108 2401 3456 2456 hauriebam.
3484 2400 3622 2453 Isau.

2039 2517 2134 2555 rus
2162 2509 2342 2555 autem
2383 2496 2627 2567 quidam,
2678 2494 2805 2550 lllus
2843 2495 3102 2559 nomine,
3137 2494 3229 2564 qui
3261 2509 3324 2548 ea
3379 2494 3433 2547 in
3478 2504 3632 2562 parte

2042 2592 2336 2647 stationem
2369 2588 2622 2651 habebat,
2654 2586 3003 2655 conSpicatus
3044 2586 3244 2640 multos
3267 2583 3631 2647 Misimianos,

2042 2685 2135 2754 qui
2180 2684 2347 2738 multa
2392 2690 2552 2737 nocte
2583 2694 2708 2733 eum
2756 2677 2809 2730 iu
2849 2676 3030 2731 locum
3064 2677 3481 2744 descenderant,
3515 2677 3633 2746 ipse

2044 2785 2220 2829 tectus
2259 2773 2562 2842 tacitusque
2596 2785 2699 2826 suo
2743 2772 2864 2824 loco
2895 2767 3099 2822 mansit
3142 2776 3197 2821 et
3230 2768 3519 2837 permisit:
3556 2768 3630 2822 si-

2042 2868 2154 2921 mul
2180 2875 2342 2934 atque
2365 2879 2493 2918 vero
2516 2862 2586 2916 illi
2609 2860 2817 2931 liydriis
2844 2859 3066 2928 repletis
3094 2868 3458 2923 recesserunt,
3485 2860 3630 2912 Isau-

2041 2974 2137 3011 rus
2168 2957 2305 3011 clam
2330 2970 2425 3009 eos
2454 2950 2822 3022 subsequitur,
2855 2948 3131 3019 simulque
3159 2950 3426 3014 ascendit,
3460 2952 3632 3005 donec

2042 3052 2098 3105 in
2131 3064 2409 3106 summum
2442 3046 2700 3108 venisset,
2727 3052 2781 3098 et
2820 3042 2928 3097 leci
2960 3042 3149 3105 situm,
3176 3041 3341 3114 244
3362 3051 3630 3113 quantum

351 3132 462 3197 ἕως
490 3134 580 3186 ἐπ’
608 3132 776 3204 ἄκρου
806 3133 1103 3201 γενόμενος
1151 3133 1249 3204 τήν
1290 3149 1350 3185 τε
1394 3132 1490 3187 τοῦ
1528 3133 1729 3205 χωρίου
1760 3133 1929 3196 θέσιν,

2038 3147 2092 3202 iu
2129 3141 2366 3197 tenebris
2406 3136 2521 3192 ﬁeri
2567 3142 2801 3205 poterat,
2844 3135 3049 3203 optime
3083 3136 3487 3203 contemplatus
3523 3143 3628 3198 est,

346 3224 429 3287 ὡς
455 3220 566 3277 οἶόν
584 3238 643 3276 τε
669 3219 740 3296 ἦν
766 3224 826 3276 ἐν
853 3223 1051 3293 σκότῳ,
1098 3222 1298 3295 ἄριστα
1326 3225 1700 3295 ὲπεφράσατο,
1732 3225 1828 3278 καὶ
1851 3226 1933 3278 ὅτι

343 3316 410 3369 οὐ
466 3314 690 3378 πλείους
745 3313 780 3385 ἢ
828 3312 977 3367 ὀκτὼ
1005 3314 1200 3386 ἄνδρες
1238 3315 1527 3386 ἐτετάχατο
1566 3317 1626 3380 ἐς
1655 3316 1718 3370 τὸ
1759 3333 1932 3371 κατα-

345 3408 580 3461 σκοπεῖν
606 3405 705 3477 τὴν
750 3405 941 3461 ἄνοδον
967 3405 1062 3459 καὶ
1091 3406 1500 3476 διαφυλάττειν.
1540 3407 1726 3461 Ταῦτα
1752 3408 1934 3462 τοίνυν

344 3498 573 3553 ἅπαντα
618 3496 963 3565 καταγνοὺς,
1014 3497 1217 3550 αὐτίκα
1264 3497 1645 3570 ὑπαναχωρεῖ,
1715 3501 1811 3554 καὶ
1857 3499 1935 3571 τῷ

343 3587 648 3662 στρατηγῷ
698 3587 907 3643 ἕκαστα
938 3587 1268 3658 διαγορεύει.
1312 3589 1372 3643 '0
1412 3588 1470 3643 δὲ
1505 3589 1649 3662 ἥσθη
1679 3608 1739 3644 τε
1791 3592 1933 3660 ᾇγαν

340 3680 429 3753 τῷ
457 3681 788 3753 ἀγγέλματι,
812 3681 908 3735 καὶ
934 3681 1035 3750 τῆς
1068 3680 1326 3752 ἐπιούσης
1353 3682 1547 3746 νυκτὸς
1574 3684 1772 3755 ἄνδρας
1805 3686 1935 3738 ἑκα-

344 3772 444 3826 τὸν
468 3770 876 3842 ἀπολεξάμενος
896 3768 1168 3839 ἀλκίμους
1192 3787 1251 3822 τε
1275 3772 1370 3826 καὶ
1391 3771 1748 3844 θαρραλέους,
1769 3773 1936 3827 ἔστει-

347 3862 448 3917 λεν
488 3863 584 3916 ὲπὶ
629 3861 730 3933 τὴν
773 3860 983 3932 ἔφοδον,
1031 3863 1556 3933 κατασκοπήσοντάς
1588 3881 1648 3919 τε
1695 3865 1788 3919 τὸν
1830 3864 1936 3937 χῶ-

356 3953 554 4037 ρονη⁸⁹,
589 3952 685 4007 καὶ
713 3949 1149 4022 ὲπιθησομένους
1176 3952 1287 4024 ὅπη
1336 3952 1382 3985 ⁶⁰
1413 3955 1688 4026 παρείκοι.
1737 3954 1937 4028 Εῖρητο

354 4043 418 4097 δὲ
449 4044 654 4108 αὐτοῖς,
684 4043 904 4098 ἐπειδάν
934 4044 1259 4114 βεϐαιότατα
1283 4045 1564 4112 ἀναϐαῖεν,
1590 4049 1711 4101 τότε
1742 4048 1809 4119 δὴ
1836 4065 1937 4119 ση-

359 4135 579 4207 μαίνειν
616 4138 679 4207 τῇ
729 4135 1016 4204 σάλπιγγι,
1056 4138 1200 4192 ὥστε
1248 4139 1345 4192 καὶ
1372 4137 1468 4192 τοῦ
1498 4138 1661 4194 ἄλλου
1706 4139 1935 4210 στρατοῦ

354 4220 438 4296 τῷ
462 4226 629 4296 τείχει
655 4226 1091 4299 προσϐάλλοντος
1125 4229 1467 4302 ἑκατέρωθεν
1491 4231 1618 4296 τοὺς
1645 4230 1939 4302 πολεμίους

348 4316 755 4388 διακυκηθῆναι
785 4317 852 4373 ⁸⁸.

428 4416 518 4481 ιη’.
557 4409 615 4462 '0
650 4410 747 4481 μὲν
768 4405 862 4464 οὖν
904 4409 1104 4475 ἰλλοῦς
1123 4412 1599 4485 προπορευόμενος
1617 4416 1805 4486 ἠγεῖτο
1831 4415 1940 4469 τῶν

2035 3236 2290 3310 quodque
2321 3245 2427 3286 nou
2468 3229 2675 3298 plures,
2714 3241 2880 3296 quam
2922 3235 3051 3280 octo
3089 3225 3193 3280 viri
3234 3239 3422 3281 essent
3456 3226 3631 3282 collo~
3674 3236 3695 3267 κ

2034 3329 2140 3384 cati
2174 3326 2241 3381 ad
2277 3321 2678 3379 observandum
2716 3317 3092 3386 tuendumque
3127 3332 3445 3372 ascensum.
3494 3317 3613 3378 llis,

2035 3422 2282 3490 inquam,
2306 3413 2563 3468 omnibus
2591 3410 2845 3481 cognitis,
2873 3410 3060 3464 statim
3086 3408 3388 3474 descendit,
3415 3419 3472 3465 et
3491 3425 3635 3480 prae»

2036 3513 2178 3569 fecto
2211 3508 2425 3580 singula
2456 3504 2724 3575 exponit;
2771 3503 2866 3573 qui
2911 3502 3133 3572 quidem
3183 3516 3516 3572 magnopere
3565 3516 3637 3556 eo

2035 3604 2231 3659 nuntio
2255 3608 2339 3657 est
2368 3598 2592 3669 gavisus
2619 3606 2672 3651 et
2717 3604 2875 3649 nocte
2914 3594 3164 3664 proxime
3194 3603 3457 3663 sequente
3482 3593 3631 3648 delc-

2035 3706 2153 3750 ctos
2182 3702 2402 3749 centum
2440 3689 2611 3743 fortes
2644 3702 2710 3741 ac
2753 3694 3009 3741 strenuos
3043 3686 3192 3741 viros
3224 3687 3290 3738 ad
3321 3684 3530 3738 aditum
3566 3684 3633 3738 il-

2037 3796 2149 3849 lum
2185 3783 2356 3847 misit,
2392 3780 2486 3849 qui
2533 3777 2951 3848 specularentur
2998 3776 3198 3841 locum,
3237 3776 3631 3846 impetumque,

2035 3874 2255 3945 quando
2284 3888 2370 3925 res
2407 3872 2480 3924 ita
2512 3868 2698 3934 ferret,
2738 3867 2996 3921 facerent.
3030 3864 3305 3919 Mandavit
3330 3876 3514 3920 autem
3541 3867 3629 3926 iis.

2037 3976 2097 4020 ut
2118 3979 2243 4020 cum
2270 3964 2383 4033 jam
2410 3960 2717 4015 certissime
2742 3957 3217 4021 conscendissent,
3252 3956 3382 4012 tuba
3408 3957 3629 4027 signum

2036 4060 2253 4121 darent,
2274 4053 2512 4109 utetiam
2539 4050 2749 4120 reliquo
2769 4050 3012 4104 exercitu
3041 4049 3094 4103 in
3116 4065 3334 4104 mutum
3363 4049 3625 4113 irruente,

2038 4152 2224 4207 hostes
2251 4147 2508 4217 utrinque
2536 4143 3007 4216 perturbarentur.

2116 4429 2201 4484 18.
2238 4426 2369 4481 lllus
2401 4427 2583 4495 itaque
2621 4431 2936 4495 prmeedens
2964 4420 3198 4476 ducebat
3226 4420 3372 4475 viros
3404 4420 3473 4476 ad
3512 4421 3628 4476 adi-

351 4501 566 4573 άνδρῶν
594 4503 652 4565 ἐς
693 4501 791 4572 τὴν
830 4502 1095 4558 ἀνάϐασιν
1120 4546 1137 4569 ,
1175 4504 1252 4568 ὡς
1282 4503 1329 4537 ⁸⁸
1358 4505 1459 4578 ἤδη
1488 4506 1637 4577 αὐτῷ
1677 4509 1745 4579 τῇ
1775 4508 1935 4579 πείρᾳ

2046 4531 2159 4577 tum
2185 4520 2299 4591 jam
2329 4517 2432 4573 sibi
2464 4492 2829 4587 exploratum.
2876 4512 3111 4568 Secutus
3148 4525 3280 4567 vero
3319 4512 3506 4567 statim
3547 4520 3634 4568 est

354 4594 455 4649 καὶ
481 4594 901 4664 διεγνωσμένην.
934 4595 1130 4650 Εἵπετο
1152 4597 1211 4651 δὲ
1240 4598 1402 4663 εὐθὺς
1437 4598 1609 4671 Ζίπερ
1636 4600 1666 4653 ό
1684 4600 1942 4672 Μαρκελ-

357 4686 506 4741 λίνου
528 4685 846 4756 δορυφόρος,
890 4686 985 4739 καὶ
1015 4688 1134 4756 μετ’
1162 4688 1370 4742 ἐκεῖνον
1391 4690 1642 4754 Λεόντιος
1667 4691 1696 4743 δ
1732 4691 1947 4760 Δα6ρα-

354 4776 522 4844 γέζου
580 4775 647 4840 ⁸³,
689 4776 785 4829 καὶ
831 4776 918 4829 ἐπ’
943 4776 1094 4849 αὐτῷ
1144 4777 1419 4850 Θεόδωρος
1467 4782 1497 4834 ὁ
1539 4780 1646 4834 τῶν
1690 4781 1943 4846 Τζάννων

350 4868 669 4939 ταξίαρχοςθ
723 4867 819 4923 καὶ
877 4868 1051 4934 οὕτως
1102 4868 1227 4940 ἑξῆς
1271 4870 1511 4937 ἅπαντες
1570 4872 1655 4947 [Ρ.
1713 4872 1840 4946 127]
1894 4874 1944 4928 οἱ

346 4961 512 5015 enm
540 4961 586 4993 “
610 4962 875 5033 ἀνήγοντο
916 4961 1195 5034 στοιχηδὸν
1238 4962 1490 5033 ἀλλήλοις
1523 4966 1940 5038 παρομαρτοῦν-

349 5068 474 5115 τες.
505 5052 647 5121 Ἤδη
679 5051 736 5105 δὲ
754 5051 936 5105 αὐτῶν
966 5052 1108 5123 ὑπὲρ
1131 5049 1192 5102 τὸ
1224 5052 1550 5121 μεσαίτατον
1579 5053 1939 5125 ἐληλυθότων,

352 5144 550 5214 ἑώρων
585 5142 730 5213 μάλα
764 5143 951 5212 σαφῶς
988 5143 1040 5196 οἱ
1078 5144 1512 5215 προτεταγμένοι
1538 5146 1637 5215 τήν
1664 5162 1723 5198 τε
1762 5145 1944 5216 πυρὰν

350 5233 473 5287 τῶν
525 5232 777 5305 φρουρῶν
800 5234 1186 5306 ἀναπτομένην
1208 5273 1223 5299 ,
1262 5236 1356 5287 καὶ
1389 5235 1586 5300 αὐτοὺς
1615 5235 1659 5268 ⁸⁸
1700 5236 1777 5301 ὡς
1804 5237 1946 5309 πλη-

2043 4608 2206 4678 Ζῖρει·
2241 4606 2538 4662 Marcellini
2577 4604 2820 4668 satelles,
2862 4612 2918 4658 et
2955 4602 3025 4657 ab
3054 4602 3147 4656 illo
3176 4600 3544 4672 Dabragesus,
3578 4611 3633 4657 et

2042 4709 2167 4771 post
2198 4699 2349 4754 illum
2374 4697 2695 4755 Theodorus
2716 4694 3032 4750 Zauuorum
3057 4694 3188 4761 dux,
3212 4702 3373 4763 atque
3395 4694 3467 4748 ita
3489 4694 3637 4750 dein-

2044 4802 2174 4857 ceps
2203 4801 2397 4842 omnes
2418 4784 2660 4841 scriatim
2696 4797 2819 4838 sese
2850 4790 3044 4837 mutuo
3078 4781 3465 4852 sequebantur.
3495 4779 3633 4837 Cum

2043 4887 2223 4933 autem
2250 4876 2365 4947 jam
2406 4875 2477 4932 ad
2518 4874 2697 4945 ipsum
2731 4872 2972 4929 medium
3000 4881 3223 4927 ventum
3254 4880 3419 4938 esset,
3452 4883 3639 4941 aperto

2046 4968 2341 5026 admodum
2382 4966 2682 5037 conspicati
2712 4974 2843 5021 sunt
2876 4963 2972 5035 qui
3011 4963 3228 5035 priores
3259 4972 3436 5028 erant,
3468 4978 3627 5018 excu-

2050 5061 2286 5116 bitorum
2327 5060 2506 5130 ignem
2552 5073 2866 5125 accensum,
2907 5067 2962 5112 et
3001 5057 3149 5128 ipsos
3179 5070 3344 5127 quam
3387 5054 3638 5125 proxime

2050 5149 2481 5215 decumbeutes;
2512 5161 2544 5202 e
2568 5147 2771 5218 quibus
2807 5155 3014 5216 septem
3044 5144 3266 5215 quidem
3299 5153 3485 5213 aperte
3509 5143 3637 5198 dor-

2056 5240 2316 5305 Iuiebant,
2350 5246 2406 5293 et
2440 5245 2730 5294 stertentes
2766 5235 3045 5307 jaccbant,
3086 5249 3230 5291 unus
3263 5240 3443 5288 autem
3482 5232 3635 5289 solus

1656 5418 1891 5475 VARUE
1930 5416 2336 5475 LECTIONES.

439 5570 483 5603 "
520 5575 879 5643 ἐπαγγέλλειν
896 5576 961 5629 ll.
986 5642 989 5643 ν
1040 5574 1084 5605 ³³
1114 5576 1228 5637 τοῖς
1260 5583 1387 5627 aute
1415 5571 1539 5641 βασ.
1580 5573 1727 5640 vulg.
1756 5642 1761 5643 ί
1808 5570 1850 5602 ³³
1868 5570 1913 5625 δ’
1929 5565 2028 5643 οὖν
2053 5569 2117 5623 ῐζ.
2195 5568 2241 5643 ξ’
2270 5566 2496 5643 ἔκτοθεν
2519 5564 2599 5643 ιι..
2664 5562 3083 5643 "creueritth
3107 5558 3641 5643 plucrfsv'o'cdtqqﬂ

361 5651 423 5698 et
444 5643 595 5714 vulg.
626 5639 688 5676 ³⁷⁷
710 5644 940 5714 ἀρύοντο
973 5642 1036 5698 ῐὶ.
1077 5643 1234 5697 Illius
1260 5639 1425 5706 iutpr.
1445 5712 1471 5714 _
1506 5644 1551 5675 ³⁸
1579 5639 1973 5714 ἐτορεύορτο-ίὶ
1997 5639 2392 5714 (ἐπορεύοντο).

2471 5640 2515 5672 ³³
2549 5636 2652 5707 τὴν
2674 5635 2859 5707 χώραν
2883 5635 2948 5689 R-
3011 5628 3072 5707 -"
3103 5633 3211 5707 ὅπῃ
3246 5628 3311 5707 ἣν
3341 5631 3466 5707 (ἓέῖοι
3488 5628 3635 5707 “1.18-

362 5686 939 5785 ῖῖέρέὶῖόγηθῆξᾶἷίξῖ
1072 5686 1509 5785 ξὼἒέζαὶῖ.”ἔὲιι.
1579 5686 2515 5785 ἶί’3ᾆόρ⁶ἆγέξξ›ύ’1ἶίῗξῖοὔποτ,
2546 5686 3083 5778 scamnum.
3159 5686 3211 5732 ιε
3234 5686 3309 5754 οι·
3338 5698 3489 5755 mm
3509 5686 3637 5755 ad].

363 5799 434 5838 ex
473 5783 537 5838 lt.
613 5782 671 5817 δυ’
701 5782 796 5838 καὶ
821 5787 1019 5848 αὐτούς
1071 5783 1113 5836 R
1147 5796 1199 5838 et
1228 5783 1399 5852 Lugd.
1438 5800 1570 5854 mg.,
1595 5785 1687 5835 καὶ
1716 5783 1791 5847 ὡς
1825 5783 2023 5845 αὐτοὺς
2084 5782 2228 5850 vulg.
2494 5788 2507 5799 ‘
