4060 6444
525 377 658 440 1507

1728 373 2085 432 AGATHLE
2125 375 2612 436 SCHOLASTICI

3611 381 3717 450 1508

518 486 703 541 cubito
734 481 978 545 innixus,
1015 479 1255 548 vigilanti
1303 478 1522 543 similis,
1561 489 1754 548 captus
1789 489 1908 533 erat
1932 491 2107 534 tamen

2221 482 2471 535 σιαιτατα
2498 481 3010 550 κατακεκλιμένους·
3063 481 3157 532 καὶ
3185 481 3233 532 οἱ
3260 481 3350 549 μὲν
3381 483 3506 537 ἐπτὰ
3528 498 3722 559 περιφα.

517 580 678 633 etiam
714 577 831 645 ipse
866 587 1081 635 somno,
1116 572 1400 640 capiteque
1429 578 1546 623 erat
1567 569 1727 642 245
1757 581 2112 640 praegravato,

521 686 697 740 neque
729 670 906 722 adhuc
945 667 1078 721 satis
1113 664 1429 733 apparebat,
1463 678 1704 730 quonam
1735 677 2001 716 evasurus
2027 677 2115 717 es-

519 771 617 824 set,
660 770 859 814 nutans
904 758 1217 826 frequenter
1257 755 1455 824 capite,
1492 767 1795 823 rursusque
1835 753 1886 807 id
1923 769 2116 809 succu-

521 854 683 907 tiens.
718 852 924 905 Interea
967 848 1225 902 Leontius
1262 846 1549 914 Dabragesi
1594 845 1760 912 filius,
1797 845 1864 900 ad
1897 860 2115 900 cmnum

519 945 791 1015 quoddam
836 941 1105 994 lubricum
1141 940 1347 1008 lapsus,
1383 947 1496 992 toto
1527 952 1758 1006 corpore
1803 937 2032 1007 procidit
2064 952 2117 998 ct

519 1039 774 1090 deorsum
803 1045 883 1088 cst
909 1033 1143 1094 delatus,
1178 1031 1450 1100 simulque
1481 1038 1694 1083 scutum
1727 1030 1982 1102 dill'regit.
2013 1029 2115 1084 So-

519 1130 636 1181 nitu
673 1142 821 1190 vero,
855 1125 932 1179 uti
965 1140 1064 1194 par
1093 1133 1194 1187 cst,
1231 1121 1436 1192 ingenti
1476 1123 1736 1187 excitato,
1767 1123 2115 1178 excubitores

517 1235 709 1273 omnes
739 1217 1012 1287 perterriti
1053 1216 1428 1286 prosilierunt,
1463 1217 1759 1285 stratisque
1793 1215 2111 1280 insidentes,

515 1320 567 1362 ct
596 1325 754 1362 enses
786 1308 1144 1377 stringebant,
1175 1316 1228 1361 et
1253 1306 1391 1360 colla
1422 1309 1473 1359 in
1505 1321 1721 1360 omnem
1749 1315 1956 1375 partem
1987 1322 2110 1362 ver-

516 1410 698 1453 santes
745 1397 1160 1468 despiciebant;
1212 1412 1390 1466 neque
1436 1405 1617 1450 tamen
1654 1396 1929 1466 conjicere
1956 1409 2113 1467 pote-

515 1503 658 1553 "aut,
695 1493 823 1560 quid
860 1493 936 1544 rei
964 1500 1125 1546 esset.
1153 1489 1285 1543 Nam
1314 1501 1373 1543 ut
1400 1491 1657 1559 splendor
1692 1489 1833 1558 ignis
1865 1488 2109 1559 ipsorum

517 1583 707 1635 oculos
734 1583 1147 1651 perstrinxerat,
1181 1582 1234 1634 in
1265 1581 1502 1635 tenebris
1532 1580 1858 1634 constitutos
1887 1594 2112 1633 cernere

515 1689 624 1727 non
655 1682 920 1743 poterant,
948 1682 1000 1727 et
1032 1675 1245 1728 sonitus
1275 1673 1410 1744 ipsis
1435 1672 1836 1726 dormientibus
1864 1672 2108 1741 allapsus

517 1781 625 1821 non
672 1767 964 1821 admodum
1017 1766 1342 1820 manifestus
1382 1775 1519 1827 erat,
1566 1779 1740 1834 neque
1781 1764 2106 1830 distinctus,

510 1874 692 1927 neque
718 1858 810 1927 qui
847 1873 1124 1912 armorum
1155 1858 1274 1912 solo
1303 1857 1584 1911 allisorum
1617 1855 1887 1926 fragorem
1922 1867 2108 1926 aperte
2144 1835 2183 1888 Β

510 1951 787 2019 proderet.
822 1950 1052 2003 Romani
1097 1965 1225 2003 vero
1254 1949 1668 2007 accuratissime
1699 1948 1884 2002 omnia
1918 1951 2107 2002 obser-

508 2043 733 2096 vabant.
771 2041 1038 2108 Quocirca
1085 2057 1276 2113 gressu
1325 2041 1584 2104 inhibito,
1635 2041 1808 2110 quieti
1849 2043 2108 2111 tacitique

511 2144 858 2198 manserunt,
894 2135 1058 2190 veluti
1097 2143 1255 2188 terrm
1303 2135 1580 2190 radicibus
1627 2132 1771 2189 ιιΠίλί
1847 2144 1901 2190 et
1933 2151 2108 2204 neque

518 2227 668 2282 vocis
704 2225 872 2279 ullum
899 2240 1148 2278 murmur
1179 2225 1522 2290 audiebatur,
1548 2237 1602 2279 et
1629 2226 1794 2296 pedes
1825 2241 1894 2281 ne
1921 2226 2106 2280 tantil-

515 2318 626 2372 lum
659 2318 874 2388 quidem
909 2317 1220 2381 movebant,
1257 2318 1350 2372 sed
1387 2318 1458 2371 ita
1490 2318 1566 2372 uti
1603 2328 1758 2373 erant
1789 2317 1877 2372 fixi
1913 2320 2108 2372 immo-

509 2409 664 2478 tique
698 2407 944 2471 stabant,
999 2409 1116 2460 sive
1160 2417 1374 2461 acutam
1424 2408 1660 2478 aliquam
1706 2419 1915 2478 petram
1942 2452 1957 2476 ,
1992 2411 2108 2465 sive

515 2499 767 2554 fruticem
799 2507 1124 2569 premerent.
1155 2497 1269 2554 Nisi
1301 2501 1445 2553 enim
1475 2501 1545 2553 ita
1576 2515 1689 2553 rem
1718 2500 2102 2566 instituissent,

513 2606 820 2660 sensusque
853 2589 1051 2660 aliquis
1075 2605 1286 2653 eorum,
1318 2606 1440 2660 qua:
1469 2591 1689 2654 fiebant,
1724 2591 1792 2646 ad
1823 2592 2104 2646 excubito-

515 2698 616 2737 res
636 2682 992 2751 pervenisset,
1035 2681 1112 2735 illi
1143 2682 1369 2735 omnino
1405 2681 1679 2750 ingentem
1725 2682 1962 2752 aliquatn
2009 2699 2105 2752 pc-

503 2783 655 2828 ‘tram
686 2773 1090 2838 deturbasscnt,
1133 2788 1254 2843 qua:
1295 2773 1350 2826 in
1395 2772 1603 2828 declive
1632 2775 1914 2843 provolma
1948 2773 2108 2829 facile

509 2874 724 2926 omnes,
767 2860 861 2930 qui
903 2875 1124 2916 sursum
1168 2860 1503 2924 nitebantur,
1541 2861 1851 2917 collisisset.
1899 2861 2106 2916 Idcirco

515 2951 746 3006 Romani
779 2951 931 3008 taciti
966 2951 1284 3022 immotiun
1312 2951 1566 3017 stabant;
1600 2953 1735 3006 adeo
1758 2960 1817 3005 ut
1848 2968 1914 3008 nc
1943 2953 2108 3025 246

513 3044 767 3114 spiritum
812 3043 1033 3112 quidem
1075 3043 1419 3107 emitterent,
1466 3044 1558 3098 sed
1609 3060 1735 3098 eum
1787 3045 1841 3099 in
1888 3055 2106 3115 pectore

514 3135 794 3190 conditum
822 3142 1152 3204 premerent.
1192 3134 1257 3188 Et
1289 3145 1436 3190 certe
1477 3137 1644 3191 miror
1685 3151 1749 3192 ac
1776 3137 1937 3192 laudo
1962 3138 2103 3206 opti-

515 3237 666 3276 mum
710 3223 952 3292 ipsorum
985 3223 1231 3277 ordinem
1259 3265 1272 3288 ,
1314 3223 1458 3292 quod
1494 3239 1686 3280 omnes
1732 3225 1895 3280 simul
1935 3227 2103 3282 veluti

513 3329 582 3368 ex
613 3323 772 3382 pacto
803 3329 913 3368 uno
946 3314 1210 3383 temporis
1244 3323 1522 3368 momento
1551 3316 1626 3379 id,
1652 3315 1798 3383 quod
1828 3331 1889 3370 ex
1933 3331 1992 3370 re
2018 3315 2106 3369 fu-

517 3413 703 3460 turum
739 3414 904 3470 esset,
937 3405 1298 3470 collimautcs,
1343 3406 1396 3459 in
1433 3407 2021 3476 ordine-perstiterint,
2052 3420 2106 3463 et

515 3498 574 3553 in
613 3497 813 3552 animis
848 3498 963 3553 suis
997 3499 1307 3568 cogitarint,
1333 3513 1454 3567 qua:
1481 3499 1730 3569 proloqui
1759 3507 1975 3570 tempus
1996 3516 2103 3555 non

515 3588 839 3658 patiebatur.
876 3587 1098 3641 Barbari
1134 3604 1284 3653 vero,
1323 3603 1446 3642 cum
1477 3589 1610 3643 nihil
1646 3590 1978 3644 incommodi
2010 3601 2104 3644 aut

518 3679 743 3749 periculi
775 3678 1271 3732 animadverterent
1293 3719 1308 3744 ,
1345 3696 1539 3734 rursus
1567 3679 1635 3734 ad
1675 3681 1751 3747 id,
1785 3684 1928 3752 quod
1963 3683 2102 3736 ami-

515 3784 642 3824 cum
680 3779 820 3833 erat,
852 3783 910 3824 sc
937 3779 1280 3834 convertunt,
1315 3770 1641 3826 suavissime
1672 3771 2030 3828 dormientes.

590 3949 678 4005 l9.
697 3947 836 4003 Tum
865 3946 1048 4019 itaque
1076 3947 1331 4014 Romani,
1364 3948 1485 4003 illos
1513 3949 1590 4003 ita
1610 3949 1663 4003 in
1693 3964 1947 4006 somnum
1969 3949 2105 4006 etfu-

515 4057 611 4097 sos
636 4042 834 4108 adorti,
869 4042 1143 4097 trucidant
1172 4057 1296 4097 cum
1325 4041 1465 4097 alios
1500 4050 1613 4096 tum
1641 4043 1806 4098 etiam
1837 4044 1987 4098 illum
2016 4060 2096 4100 se-

520 4136 834 4205 mivigilem,
871 4145 929 4188 ut
959 4135 1157 4204 aliquis
1191 4135 1367 4205 ipsum
1395 4151 1490 4205 per
1518 4136 1703 4206 jocum
1729 4137 2098 4207 appellaverit;

520 4241 582 4281 ac
613 4226 868 4294 deinceps
914 4227 1180 4295 intrepide
1215 4229 1645 4298 progredientes,
1684 4245 1780 4300 per
1805 4231 1954 4287 vicos
2001 4232 2100 4285 do-

471 4373 478 4384 ,
518 4333 706 4372 mnum
743 4316 927 4372 diffusi
963 4329 1113 4382 sunt,
1147 4320 1420 4390 simulque
1449 4321 1574 4375 tuba
1618 4321 1906 4378 classicum
1959 4325 2101 4378 ceci-

517 4410 640 4476 nit;
675 4427 784 4481 quo
811 4413 1067 4466 exaudito
1099 4413 1388 4469 Misimiani
1436 4416 1673 4470 novitate
1708 4416 1785 4468 rei
1817 4429 1944 4472 sunt
1981 4435 2101 4488 per-

2130 3186 2177 3247 C

2218 573 2323 638 νῶς
2354 574 2665 634 ἐκάθευδον,
2702 575 2798 627 καὶ
2827 573 3222 644 ὑπορέγχοντες
3257 573 3464 630 ἔκειντο.
3501 575 3584 643 Εἷς
3605 581 3654 636 δέ
3675 601 3727 652 γε

2221 665 2380 732 μόνος
2408 665 2494 715 ἐπ’
2529 665 2772 733 ἀγκῶνος
2808 664 3199 735 ἐρηρεισμένος
3220 706 3234 728 ,
3256 663 3434 736 ὥσπερ
3463 669 3733 744 ἐγρηγορὼς

2215 756 2464 811 διετέλει.
2487 755 2770 824 Ξυνείχετο
2793 756 2903 826 γὰρ
2929 755 3021 809 καὶ
3045 754 3094 786 ’⁵⁸
3114 753 3174 817 ὃς
3198 753 3275 825 τῷ
3295 754 3434 828 ὕπνῳ
3461 761 3544 811 καὶ
3567 763 3735 836 ὲκαρη.

2217 846 2395 918 ϐάρει·
2426 849 2519 902 καὶ
2545 847 2698 901 οὔπω
2723 847 2880 918 δῆλος
2911 843 2980 917 ἦν
3005 847 3126 900 ’ὁποι
3154 844 3199 877 ⁸⁵⁷
3226 848 3472 918 χωρήσει,
3494 851 3742 908 ἐπινυστά-

2217 938 2325 1002 ζων
2353 938 2504 1010 θαμά
2529 939 2624 992 καὶ
2657 939 3116 1009 άναπαλλόμενος.
3159 939 3248 990 Ἐν
3273 939 3438 1009 τούτῳ
3457 941 3507 994 δὲ
3527 942 3742 1010 Λεόντιος

2214 1031 2243 1081 ό
2273 1029 2626 1102 Δαϐραγέζου
2665 1029 2808 1100 ὑπὲρ
2836 1029 3104 1100 τέλματός
3133 1045 3276 1092 τινος
3305 1029 3576 1102 ὀλισθήσας
3601 1050 3748 1088 κατα-

2215 1123 2404 1174 πίπτει
2440 1123 2637 1194 ἀθρόον
2696 1124 2790 1176 καὶ
2841 1121 3198 1192 ὑποφέρεται,
3252 1122 3346 1174 καὶ
3393 1123 3749 1192 περιρρήγνυσι

2214 1215 2310 1286 τὴν
2364 1215 2586 1270 ἀσπίδα.
2653 1215 2905 1284 Πατάγου
2963 1213 3042 1277 δὲ,
3079 1213 3268 1282 ὥσπερ
3327 1211 3485 1277 εἱκδς,
3543 1215 3754 1283 μεγάλου

2214 1307 2494 1378 ἀρθέντος,
2537 1307 2794 1376 ἀνέθορον
2841 1307 3080 1368 ἅπαντες
3115 1306 3162 1358 oi
3195 1305 3416 1376 φρουροὶ
3461 1305 3755 1378 διεπτοημέ-

2213 1417 2292 1453 νοι
2324 1400 2369 1432 ⁸⁸
2403 1399 2498 1454 καὶ
2529 1399 2672 1470 ὑπὲρ
2707 1398 2810 1468 τῆς
2843 1398 3005 1468 εὐνῆς
3029 1399 3255 1468 ἥμενοι,
3287 1398 3355 1451 τά
3376 1414 3432 1450 τε
3461 1396 3581 1468 ξίφη
3611 1400 3761 1454 ἐσπά⁸

2213 1509 2373 1544 σαντο
2399 1534 2413 1556 ,
2439 1492 2530 1544 καὶ
2569 1491 2943 1545 κατεσκὸπουν
2977 1487 3292 1558 ἁπανταχοῦ
3321 1488 3445 1552 τοὺς
3466 1487 3511 1521 ⁸⁸
3551 1489 3759 1560 αὐχένας

2214 1584 2637 1655 περιδινοῦντες·
2671 1569 2998 1654 συμϐάλλειν
3050 1582 3108 1634 δὲ
3160 1582 3260 1635 οὐκ
3293 1577 3456 1651 εἶχον,
3491 1583 3518 1635 ὅ
3557 1583 3607 1634 τί
3651 1585 3762 1636 ποτέ

2214 1679 2328 1729 ἐστι
2354 1675 2415 1728 τὸ
2441 1675 2810 1746 γεγενημένον
2845 1675 2912 1708 ⁵⁰ο
2947 1674 3024 1746 τῷ
3057 1691 3117 1727 τε
3139 1673 3250 1744 γάρ
3281 1676 3416 1743 πυρὶ
3446 1675 3759 1741 καταυγαζόο

2213 1783 2386 1836 μενοι,
2441 1768 2568 1828 τοὺς
2605 1768 2662 1818 ἐν
2711 1763 2788 1836 τῷ
2837 1765 3013 1835 σκότῳ
3041 1763 3283 1827 ἑστῶτας
3328 1764 3510 1834 διορᾷν
3541 1765 3766 1834 061116-3-

2209 1874 2392 1920 ναντο,
2427 1857 2522 1911 καὶ
2547 1859 2576 1910 ὁ
2624 1855 2832 1920 κτύπος
2852 1855 3036 1919 αὐτοῖς
3081 1855 3404 1909 καθεύδουσι
3447 1855 3763 1926 προσπεσὼν,

2209 1951 2270 2002 οὐ
2299 1949 2445 2018 μάλα
2466 1948 2702 2019 ἐναργὴς
2728 1943 2818 2018 ἦν,
2844 1947 2967 2000 οὐδὲ
2992 1947 3450 2019 ἀποκεκριμένος,
3473 1948 3588 2000 οὺδέ
3607 1949 3767 2011 ὁποῖος

2209 2041 2349 2092 ὅπλα
2379 2039 2774 2111 παραδηλῶσαι
2801 2038 3196 2110 κατενεχθέντα
3217 2055 3230 2069 ο
3268 2039 3320 2091 οἱ
3352 2039 3410 2091 δὲ
3445 2041 3689 2107 Ῥωμαῖοι
3722 2041 3768 2102 ἐς

2209 2131 2270 2184 τὸ
2293 2131 2516 2202 ἀκριϐὲς
2543 2131 2748 2184 ἕκαστα
2775 2130 3130 2185 κατεθεῶντο.
3163 2131 3456 2204 Τοιγάρτοι
3477 2131 3537 2182 τὸ
3563 2131 3770 2201 βάδισμα

2210 2219 2547 2290 ἐπισχόντες,
2588 2219 2805 2288 ἀτρέμα
2833 2217 3046 2287 ἔμενον,
3085 2218 3275 2290 ὥσπερ
3306 2221 3374 2289 τῇ
3410 2221 3478 2290 γῇ
3505 2218 3770 2289 ἐνερῤιζω-

2214 2308 2385 2375 μένοι,
2439 2307 2533 2360 καὶ
2557 2305 2680 2359 οὔτε
2720 2306 2907 2375 φωνῆς
2930 2301 3065 2376 ἦχος
3093 2306 3477 2376 ἐψιθυρξζετο,
3502 2306 3619 2359 οὔτε
3666 2308 3770 2369 τοὺς

2211 2395 2378 2458 πόδας
2406 2394 2643 2466 μετρίως
2672 2394 2804 2462 γοῦν
2830 2394 3169 2464 μετεκίνουν,
3199 2393 3317 2447 ἀλλ’
3342 2393 3515 2457 οὕτως
3541 2394 3715 2464 ὥσπερ
3735 2395 3770 2425 ⁵¹

2210 2481 2355 2556 εἶχον
2381 2487 2902 2556 προσεπεπήγεσαν,
2931 2485 3040 2539 εἴτε
3076 2485 3254 2557 πέτρᾳ⁴
3289 2486 3444 2556 ὀξείᾳ
3471 2487 3624 2556 τυχὸν
3644 2525 3658 2550 ,
3682 2488 3772 2538 εἴτε

2210 2578 2399 2649 θάμνῳ
2459 2578 2568 2632 τινὶ
2622 2579 2920 2648 ἐτύγχανον
2982 2576 3409 2650 ἐπιϐεϐηκότες.
3463 2578 3526 2630 Et
3573 2577 3675 2649 γὰρ
3714 2577 3774 2648 μὴ

2209 2668 2379 2730 οὕτως
2403 2670 2447 2699 ³³
2493 2669 2732 2733 ἐποίουν,
2763 2669 2862 2722 καί
2891 2687 2972 2733 τις
3005 2669 3366 2740 ξυναισθησις
3396 2668 3490 2723 τοῦ
3523 2669 3772 2739 δρωμένου

2209 2762 2320 2822 cui;
2343 2758 2572 2828 φύλαξιν
2601 2761 2867 2828 ἐγεγόνει,
2900 2761 3118 2823 πάντως
3144 2760 3211 2813 ἀν
3239 2759 3456 2831 πέτραν
3481 2760 3601 2812 τινὰ
3635 2759 3778 2828 μεγά-

2207 2853 2305 2924 λην
2356 2853 2679 2922 ἐπαφιέντες
2725 2851 2869 2905 κατά
2927 2851 3020 2905 τοῦ
3067 2852 3308 2922 πρανοῦς
3360 2851 3674 2916 ἐξεκύλιον,
3715 2849 3775 2912 ὡς

2208 2945 2453 3009 ἅπαντας
2490 2943 2775 3016 ἐπιτρίψαι
2816 2947 2940 3007 τοὺς
2981 2945 3416 3015 ἐπερχομένους.
3447 2943 3542 3015 Τῷ
3578 2961 3658 2996 τοι
3692 2941 3782 3012 ἄρα

2207 3036 2408 3088 ἐκεῖνοι
2443 3035 2662 3088 άναυδοί
2706 3051 2763 3086 τε
2790 3034 3115 3104 εἱστήκεσαν
3145 3033 3240 3086 καὶ
3277 3033 3568 3102 ἁδόνητοι,
3595 3032 3686 3085 xai.
3707 3031 3786 3084 αὐ-

2206 3128 2305 3198 τὴν
2334 3127 2398 3198 δὴ
2427 3127 2527 3198 τὴν
2561 3127 2657 3180 τοῦ
2681 3125 2989 3196 πνεύματος
3017 3124 3190 3195 φοράν
3215 3124 3614 3188 ξυσ-τέλλοντες
3633 3124 3790 3194 ἡρέμα

2207 3221 2302 3273 καὶ
2345 3218 2753 3291 ταμιευόμενοι.
2805 3217 2915 3271 Kai.
2945 3216 3154 3288 ἄγαμαι
3195 3231 3258 3284 γε
3291 3217 3514 3280 αὐτοὺς
3558 3215 3723 3285 ἔγωγε
3753 3214 3789 3245 ⁵³

2205 3314 2302 3382 τῆς
2341 3312 2660 3383 εὐκοσμίας,
2695 3311 2776 3363 ὅτι
2804 3308 2867 3380 δὴ
2900 3309 3141 3371 ἅπαντες
3169 3305 3284 3378 ἅμα
3341 3307 3542 3378 ὥσπερ
3584 3309 3648 3359 ἐκ
3686 3322 3792 3357 συν-

2204 3406 2452 3476 θήματος
2499 3407 2557 3458 ἐν
2593 3403 2794 3472 ἀκαρεῖ
2828 3401 3024 3473 χρόνου
3063 3399 3108 3433 ⁵⁸
3144 3399 3238 3454 τοῦ
3271 3401 3630 3464 συνοῖσον-τος
3661 3401 3792 3451 ἐστοο

2206 3501 2468 3570 χασμένοι
2495 3535 2509 3559 ,
2546 3498 2939 3568 ἐνεκαρτέρουν
2962 3497 3026 3566 τῇ
3057 3495 3242 3563 τάξειξ,
3271 3495 3386 3548 καὶ
3406 3492 3711 3548 διενοοῦντο
3749 3493 3796 3544 ἐν

2206 3593 2419 3654 ἑαυτοῖς
2444 3590 2616 3645 ὁπόσα
2649 3587 2980 3658 φθέγγεσθαι
3001 3590 3030 3642 ὁ
3063 3586 3252 3658 καιρὸς
3284 3588 3407 3642 οὐκ
3439 3588 3637 3641 ἐδίδου.
3671 3583 3793 3637 om

2206 3681 2501 3752 Βάρὸαροι,
2548 3679 2735 3750 ἐπειδή
2776 3677 2956 3741 αὐτοῖς
2993 3677 3158 3748 μηδὲν
3182 3678 3227 3709 ⁸⁸
3269 3678 3472 3732 ὁτιοῦν
3513 3675 3686 3731 δεινὸν
3715 3675 3798 3727 ὑπ-

2205 3772 2474 3840 εφαίνετο,
2503 3770 2665 3824 πάλιν
2693 3772 2771 3833 εἰς
2797 3768 2856 3822 τὸ
2883 3767 3171 3840 προσφιλὲς
3199 3770 3522 3839 ἐτράποντο
3541 3807 3556 3832 ,
3588 3765 3797 3836 ἀσμενέ-

2207 3881 2382 3917 στατα
2410 3861 2872 3932 καταδαρθέντες.

2281 3957 2366 4010 ιθ’.
2399 3956 2533 4010 Τότε
2565 3954 2630 4026 δὴ
2657 3954 2704 3987 ³⁸
2729 3947 2822 4007 οὖν
2849 3955 2898 4006 οἱ
2945 3951 3210 4023 Ῥωμαῖοι
3239 3951 3406 4006 οὕτω
3438 3950 3508 4023 δή
3542 3969 3595 4006 τι
3632 3949 3796 4009 aurei;

2203 4049 2506 4119 ἀνειμένως
2525 4044 2958 4116 ἀναπαυομένοις
2978 4043 3290 4107 ἐπιὸάντες,
3324 4044 3673 4098 ἀπέκτειναν
3692 4039 3798 4099 τούς

2202 4158 2261 4194 τε
2295 4139 2507 4203 ἄλλους,
2538 4139 2635 4192 καὶ
2660 4137 2796 4208 πρός
2824 4153 2887 4206 γε
2928 4137 3132 4189 ἐκεῖνον
3155 4135 3247 4188 τὸν
3268 4135 3701 4206 ἡμιάγρυπνον,
3734 4131 3797 4192 ὠς

2203 4233 2268 4286 ἄν
2298 4250 2382 4296 τις
2408 4233 2573 4285 αὐτὸν
2621 4229 2974 4294 ἐπιτωθάζων
3010 4227 3336 4282 ἐπικαλέσοι
3381 4229 3456 4283 θ’.
3495 4227 3612 4281 Καὶ
3653 4224 3802 4279 τολοιο

2204 4327 2303 4379 πὸν
2345 4324 2511 4388 ἀδεῶς
2563 4322 2668 4376 ἀνά
2718 4323 2787 4376 τά
2837 4321 3025 4392 πρόσω
3075 4321 3467 4392 χωρήσαντες,
3523 4320 3672 4390 ἀμφὶ
3717 4315 3801 4375 τὰς

2205 4417 2408 4487 λαῦρας
2435 4416 2542 4469 τῶν
2581 4417 2846 4485 οἰκήσεων
2877 4412 3292 4468 ὲσκεδάννυντο·
3335 4413 3443 4467 καὶ
3469 4413 3596 4482 ἅμα
3627 4413 3660 4482 ἡ
3693 4409 3804 4463 σάλ-

512 4501 675 4566 culsi,
703 4515 812 4570 quo
843 4516 972 4556 vero
1005 4505 1056 4555 in
1084 4512 1227 4558 statu
1264 4519 1350 4559 res
1383 4514 1567 4560 essent
1599 4506 1922 4573 nescientes,
1953 4510 2103 4565 exci-

2210 4509 2342 4578 πιγξ
2369 4507 2533 4579 ἐπῇδε
2561 4507 2623 4559 τὸ
2658 4505 2922 4560 ἐνυάλιον.
2970 4492 3339 4568 ⁹Ᾰκούσαντες
3374 4504 3438 4556 δὲ
3461 4505 3516 4556 οἱ
3544 4505 3801 4570 Μισιμια-

517 4592 612 4646 tati
641 4599 823 4646 tamen
854 4594 994 4648 inter
1027 4611 1148 4650 sese
1177 4596 1323 4650 coire
1351 4595 1680 4663 nitebantur,
1721 4607 1777 4652 et
1813 4599 1950 4655 alios
1997 4601 2098 4654 ali-

514 4684 659 4738 unde
693 4685 1034 4754 prosilientes
1064 4699 1418 4756 congregare.
1465 4684 1534 4741 At
1579 4665 1814 4743 Romani
1864 4690 1920 4743 in
1968 4691 2102 4759 ipsis

515 4778 803 4833 vestibulis
830 4789 1203 4843 occurrentes,
1235 4788 1290 4833 et
1318 4779 1724 4849 quodammodo
1759 4781 1983 4837 ensibus
2015 4783 2098 4852 ip-

521 4883 612 4921 sos
646 4869 997 4939 excipientes,
1032 4869 1306 4939 ingentem
1358 4878 1593 4937 stragem
1640 4870 1947 4926 ediderunt.
1994 4872 2099 4925 Alii

507 4961 660 5014 enim
684 4961 798 5029 jam
832 4961 1037 5032 egressi
1079 4962 1266 5016 statim
1316 4959 1822 5029 interficiebantur,
1878 4971 1933 5018 et
1975 4979 2098 5018 mox

512 5051 630 5117 alii,
663 5067 995 5122 rursumque
1024 5051 1114 5106 alii
1140 5061 1304 5122 atque
1331 5051 1459 5117 alii;
1493 5067 1670 5123 neque
1699 5053 1808 5108 ulla
1841 5065 1960 5109 erat
1999 5072 2104 5110 cte-

513 5142 600 5197 dis
634 5143 908 5207 remissio,
937 5143 1196 5198 omnibus
1237 5143 1580 5213 urgentibus.
1611 5143 1729 5199 Jam
1763 5161 1893 5201 vero
1937 5147 2100 5200 etiam

515 5235 700 5288 multa:
750 5233 964 5290 femina:
1015 5234 1204 5290 stratis
1248 5234 1434 5290 effusae
1466 5251 1589 5291 cum
1647 5252 1844 5307 magno
1895 5237 2099 5307 ejulatu

2207 4600 2288 4653 vo‘t
2311 4598 2746 4670 κατεπλήττοντο
2779 4598 2878 4668 μὲν
2902 4594 2979 4666 τῷ
3003 4593 3336 4666 παραλόγῳ·
3369 4595 3447 4649 τὰ
3480 4595 3543 4648 δὲ
3576 4593 3805 4666 παρόντα

2207 4693 2267 4745 οὐ
2298 4691 2584 4756 ξυνιέντες,
2609 4691 2756 4759 ὅμως
2799 4689 3151 4759 ἀνεγρόμενοι
3192 4689 3280 4742 ἐπ’
3302 4688 3593 4760 ἀλλήλους
3629 4686 3803 4756 φοιτᾷ-θ

2210 4786 2352 4838 ἵεντο
2388 4784 2482 4837 καὶ
2536 4779 3022 4852 ξυναθροίζεσθαι,
3059 4779 3219 4843 ἄλλος
3267 4779 3355 4852 [Ρ.
3411 4779 3551 4853 128]
3598 4775 3805 4834 ἄλλοθεν

2208 4865 2621 4946 διεκπήδῶντες.
2669 4872 2809 4924 Ἀλλ’
2832 4873 2878 4904 ⁸³
2905 4872 2959 4924 οἱ
2993 4872 3256 4942 Ῥωμαῖοι
3292 4873 3356 4924 ἐν
3383 4871 3584 4932 αὐτοῖς
3613 4868 3678 4937 δὴ
3710 4867 3806 4922 τιῖς

2210 4968 2502 5039 προθύροις
2555 4963 3018 5030 ὑπαντιάζοντες,
3069 4963 3165 5016 καὶ
3192 4963 3394 5034 ὥσπερ
3442 4964 3566 5026 τοῖς
3610 4960 3807 5028 ξίφεσιν

2205 5060 2402 5122 αὐτοὺς
2431 5057 2784 5129 δεξιούμενοι,
2807 5057 3062 5110 πλεῖστον
3089 5057 3213 5111 ὅσον
3256 5055 3608 5127 εἰργάζοντο
3636 5054 3806 5122 φόνον.

2206 5153 2269 5204 0i
2308 5151 2406 5222 μὲν
2439 5150 2547 5222 γὰρ
2573 5151 2671 5222 ἤδη
2705 5149 2964 5212 ἐκϐάντες
2998 5146 3162 5210 εὐθὺς
3185 5147 3499 5218 ἀνῄρηντο,
3531 5147 3717 5216 ἐτεροι
3761 5139 3811 5192 δὲ

2207 5242 2482 5310 παρῆσαν,
2517 5243 2610 5292 καὶ
2641 5241 2790 5292 ἄλλοι
2823 5237 3058 5309 ἧμελλον
3083 5239 3150 5300 εν,
3185 5239 3275 5290 καὶ
3301 5237 3574 5306 λώιρησις
3613 5237 3715 5286 οὐκ
3753 5228 3811 5300 ῆν

1809 5425 2050 5480 VAIHIE
2083 5423 2212 5480 LEC
2233 5424 2379 5478 I'IUN
2392 5423 2492 5478 ES.

583 5573 630 5654 δέ
661 5578 756 5630 καὶ
808 5578 1228 5654 γάρ-ξυνείχετο
1273 5579 1339 5654 ὃς*
1371 5579 1464 5654 Π.)
1514 5582 1558 5614 ⁸⁷
1589 5571 1726 5654 γὸπη
1759 5582 1823 5636 ιι,

1690 5599 1717 5655 ῃ
1759 5582 1823 5655 Β.
1901 5583 1946 5614 ⁸⁸
1969 5583 2315 5655 διεπτόμενοι
2345 5582 2410 5636 R.

513 5648 560 5679 "
590 5643 784 5721 ᾣσπερ
820 5643 1242 5721 ’Βξὸ-πωςίῖιιικ.
1321 5652 1366 5686 ⁵³
1401 5651 1543 5705 οὕτω
1586 5653 1650 5706 Β.
1690 5643 1968 5721 ”⁵³ἕγωγε
2005 5655 2106 5708 add

2208 5673 2222 5708 ι
2268 5651 2330 5708 Β.
2409 5651 2456 5683 Μ

2492 5581 2534 5613 ⁸⁰
2577 5583 2700 5644 τοὺς
2739 5581 2804 5641 R,
2849 5577 2948 5643 τὰς
2997 5581 3142 5650 vulg.
3219 5580 3265 5611 "
3295 5569 3808 5650 γεγεννημένονβ.

2496 5643 2689 5722 χρόνου
2717 5650 2780 5716 Β,
2833 5651 3010 5722 χρόνῳ
3033 5643 3178 5718 νυῙε.
3261 5643 3632 5722 "ignee.le
3666 5643 3810 5722 οῤῥὲν

511 5717 660 5794 vulg.
738 5713 782 5749 ‘5
810 5721 928 5772 τότε
965 5719 1020 5772 δέ
1049 5717 1115 5776 R.
1192 5713 1237 5752 ³⁷
1271 5722 1585 5776 ἐπικαλέσοι
1621 5723 1687 5787 Β,
1717 5713 2051 5777 ἀποκαλέσοι
2084 5740 2107 5776 v

2208 5741 2230 5776 '.
2310 5723 2354 5755 "
2381 5713 2544 5786 ἄλλος’
2571 5723 2631 5787 ιι,
2661 5713 3016 5794 ἄλλους’νιιΙέ.
3097 5713 3204 5793 ⁸ῖῆ
3243 5713 3462 5791 μᾶλλον
3489 5718 3564 5780 R,
3586 5714 3810 5788 ἔμελλον

515 5787 568 5842 iu
602 5802 690 5859 mg
