4060 6492
429 449 571 515 1509

1593 460 2134 525 HISTORIARUM
2182 463 2416 526 LIBER
2452 464 2546 528 IV.

3572 473 3713 546 1510

426 562 519 616 τοῦ
575 562 770 626 κακοῦ,
833 560 1090 617 ἁπάντων
1136 564 1529 639 ἐπειγομένων.
1598 571 1738 644 Ἤδη
1780 573 1857 627 ’δέ
1922 575 2009 628 καὶ

2120 573 2282 647 247
2324 577 2472 634 foras
2509 576 2879 633 conﬂuebant.
2925 577 3029 635 Sed
3076 594 3253 652 neque
3302 583 3370 639 ab
3407 584 3493 642 his
3540 589 3712 646 absti-

426 655 625 723 γύναια
651 652 822 706 πολλά
855 653 1219 710 διαναστάντα
1246 655 1457 728 θύραζε
1483 656 1733 734 ξυνέρῤει
1762 663 2018 745 ὀλοφυρὸ·

429 762 587 818 μενα’
648 745 793 817 ἀτάρ
848 746 969 799 οὑδέ
1012 748 1218 802 τούτων
1268 749 1561 823 ἀπείχοντο
1619 754 1671 807 οί
1729 756 2013 829 Ῥωμαῖοι,

421 840 565 910 ὀργῇ
616 837 928 909 φερόμενοι,
973 839 1090 892 ἀλλ’
1119 839 1381 911 ὠμότατα
1420 844 1517 899 καὶ
1543 838 1705 902 αὗται
1730 847 2018 903 ’θ’κτεινό-

427 947 613 1000 μεναι,
642 929 925 1001 ἁπήλαυον
956 931 1058 1001 τῆς
1095 932 1206 986 τῶν
1231 933 1481 1006 ἀρρένων
1507 937 1866 1005 ἀτασθαλίας.
1901 940 2019 996 Μία

418 1023 480 1075 δέ
520 1039 606 1084 τις
645 1020 758 1074 τῶν
800 1020 1157 1093 κομψοτέρων
1187 1023 1318 1097 δᾷδα
1352 1026 1660 1100 κατέχουσα
1695 1030 2015 1103 καιομένην,

418 1111 815 1182 ἐμφανέστατα
874 1111 1187 1183 ἐπορεύετο·
1241 1115 1335 1170 καὶ
1359 1117 1393 1187 ἠ
1462 1117 1563 1188 μὲν
1616 1117 1852 1192 δορατίῳ
1916 1121 2018 1194 τὴν

418 1203 665 1272 γαστέρα
691 1202 1100 1275 διατορηθεῖσα,
1132 1206 1459 1276 οἰκτρότατα
1486 1207 1796 1282 ἐτεθνήκει,
1820 1210 1931 1266 τῶν
1958 1211 2018 1266 δέ

416 1309 506 1357 τις
564 1294 854 1364 Ῥωμαίων
910 1294 1235 1366 ἀνελόμενος
1281 1297 1343 1350 τὸ
1392 1298 1701 1370 λαμπάδιον
1752 1301 2017 1374 ἐμϐάλλει

433 1382 540 1455 πῦρ
587 1386 701 1448 τοῖς
741 1385 1191 1456 πκριαυλίσμασι.
1220 1386 1303 1440 Τά
1329 1386 1389 1440 δέ
1420 1387 1624 1459 (ξύλοις
1648 1389 1760 1464 γὰρ
1791 1392 1889 1447 καὶ
1917 1410 2015 1464 φο-

428 1475 573 1547 ρυτῷ
593 1475 885 1546 ἐτύγχανον
918 1477 1319 1549 ἐσκευασμένα)
1348 1479 1581 1551 τάχιστα
1613 1484 2012 1556 ἐνεπίμπρατο*

427 1575 457 1644 ἦ
490 1590 551 1624 τε
576 1570 706 1639 φλὸξ
734 1572 791 1633 ἐς
819 1569 1071 1624 τοσοῦτον
1094 1570 1136 1603 ⁶¹
1172 1571 1437 1643 μεγέθους
1458 1574 1687 1648 ἐξήρθη,
1711 1576 1788 1641 ὡς
1809 1578 1906 1632 καὶ
1935 1578 2017 1651 τῷ

438 1663 686 1733 Ἀψιλίων
712 1661 855 1715 ἔθνει
906 1663 1136 1726 καὶτοῖς
1174 1665 1511 1738 πορρωτέρω
1549 1668 1631 1721 ἔτι
1653 1668 1700 1700 ﬂ
1739 1667 1808 1722 τὰ
1832 1670 2016 1723 ποιού-

429 1773 565 1829 μενα
596 1753 958 1822 διαγγέλλειν.
997 1755 1132 1807 Τότε
1170 1755 1235 1827 δὴ
1275 1752 1372 1811 οῦν
1416 1759 1508 1811 καὶ
1536 1758 1740 1830 μᾶλλον
1774 1761 1825 1813 οί
1867 1760 2013 1832 Βάρ-

426 1847 580 1918 ϐαροι
610 1845 777 1916 χύδην
815 1842 1131 1899 ἀπώλλυντο
1160 1847 1226 1901 ⁸³.
1254 1849 1316 1901 Οἱ
1346 1848 1446 1919 μὲν
1466 1848 1578 1921 γὰρ
1612 1850 1751 1904 οίκοι
1776 1868 2013 1923 μεμενη-

426 1941 579 2003 κότες
612 1937 1019 2011 ἐπυρπολοῦντο
1066 1938 1099 2010 ἢ
1149 1939 1558 2011 κατεχώννυντο
1580 1958 1595 1973 ·
1632 1946 1746 2008 τοῖς
1787 1945 1845 1998 δὲ
1878 1946 2015 2017 πρὸς

426 2033 495 2086 ei
525 2030 681 2094 ἐκτὸς
701 2029 1112 2084 διεκπίπτουσιν
1137 2028 1181 2060 ⁵⁸
1204 2031 1548 2102 ἑτοιμότερος
1575 2035 1603 2087 ὀ
1623 2034 1688 2088 ἐκ
1712 2034 1820 2088 τῶν
1842 2034 2014 2105 ξιφῶν

430 2123 653 2195 ὄλεθρος
682 2124 1013 2194 ἐφειστήκει.
1058 2123 1253 2187 Παῖδες
1284 2122 1341 2177 δὲ
1383 2125 1569 2179 πολλοὶ
1606 2126 2014 2199 κλαυθμυριζό·

433 2216 586 2286 μενοί
631 2232 690 2268 τε
745 2215 837 2269 καὶ
869 2214 968 2277 τὰς
991 2214 1257 2278 τεκούσας
1297 2215 1659 2282 ἀναϐοῶντες,
1694 2219 2011 2290 ἡλίσκοντο·

427 2306 523 2359 καὶ
552 2307 753 2360 τούτων
777 2306 906 2367 τοὺς
928 2305 1027 2377 μὲν
1057 2306 1200 2360 κατά
1222 2305 1333 2359 τῶν
1359 2306 1575 2378 πετρῶν
1591 2309 1826 2380 ἀφειδῶς
1852 2312 2014 2368 ἀκον-

423 2397 685 2465 τίζοντες,
714 2398 1109 2470 διεσπάραττον
1130 2416 1144 2430 ’
1183 2398 1315 2452 ἔνιοι
1347 2399 1406 2452 δὲ
1436 2400 1626 2474 ὥσπερ
1658 2402 1718 2458 ἐν
1742 2404 1932 2476 παιδιᾷ
1954 2407 2012 2470 ἐς

423 2488 562 2560 ὕψος
586 2490 999 2563 ἀνερρίπτοντο,
1038 2491 1131 2543 καὶ
1159 2487 1277 2544 εἶτα
1301 2490 1380 2562 τῷ
1397 2490 1550 2564 ἄχθει
1575 2492 2010 2566 ἀντιφερόμενοι,

420 2582 627 2654 ὀρθίοις
671 2584 785 2646 τοῖς
822 2582 1044 2653 δόρασιν
1089 2582 1517 2653 ὑποδεχθέντες,
1552 2585 1612 2639 ἐν
1646 2585 1723 2657 τῷ
1752 2587 2011 2659 μετεώρῳ

416 2675 835 2747 διεπερονῶντο.
884 2672 995 2729 Καὶ
1041 2670 1112 2745 ἦν
1149 2675 1249 2745 μὲν
1289 2675 1353 2728 οὐ
1394 2675 1586 2749 πόρρω
1623 2676 1734 2730 τῶν
1786 2679 2011 2732 εἰκότων

419 2764 776 2836 χαλεπαίνειν
817 2763 1025 2834 σφόδρα
1054 2762 1180 2827 τοὺς
1229 2764 1535 2834 Ῥωμαίους
1580 2764 1661 2836 τῷ
1701 2766 1812 2820 τῶν
1849 2769 2013 2822 Μισι-

426 2854 640 2925 μιανῶν
668 2855 838 2924 γένει,
871 2855 967 2909 τοῦ
1012 2871 1073 2908 τε
1120 2854 1435 2926 Σωτηρίχου
1473 2855 1654 2921 ἕκατι,
1679 2857 1772 2911 καὶ
1792 2859 1890 2929 τῆς
1917 2860 2010 2913 ἐπὶ

420 2947 538 3008 τοῖς
587 2944 853 3016 πρέσϐεσι
899 2946 1266 3018 παρανομίας.
1334 2945 1488 3000 Ἔδει
1534 2946 1580 2979 ⁸⁵
1624 2945 1682 3000 δὲ
1722 2947 1873 3018 ὅμως
1912 2950 2009 3020 οὐχ

421 3038 553 3091 ὅσον
593 3039 688 3092 καὶ
719 3039 777 3103 ἐς
801 3038 939 3092 αὐτά
967 3038 1032 3108 δὴ
1062 3038 1130 3091 τὰ
1154 3035 1351 3105 νεογνά
1385 3035 1584 3109 βρέφη,
1615 3038 1712 3092 καὶ
1736 3037 1847 3092 τῶν
1894 3044 2008 3104 τοῖς

418 3224 583 3280 τοῦτο
614 3225 948 3296 ἡμάρτηται.

2119 663 2322 720 nebant
2349 663 2606 731 Romani,
2641 665 2725 720 ira
2751 665 2983 737 abrepti,
3015 667 3109 723 sed
3142 669 3519 728 crudelissime
3544 676 3710 732 etiam

2118 754 2203 809 hae
2238 752 2522 809 trucidatas
2552 754 2796 809 virorum
2837 754 3160 812 sceleratam
3210 760 3542 828 proterviam
3592 762 3709 819 lue-

2117 844 2275 899 bant.
2309 843 2429 900 Una
2463 853 2645 901 autem
2670 859 2737 901 ex
2766 845 3193 917 elegantioribus
3215 863 3501 906 accensam
3532 851 3708 908 facem

2119 951 2284 992 manu
2309 944 2554 1008 gestans,
2576 936 2735 993 valde
2755 939 3050 1010 conspicuo
3072 939 3377 997 incedebat.
3413 942 3518 999 Sed
3541 944 3709 1001 etiam

2118 1028 2237 1085 haec
2297 1029 2456 1085 hasta
2505 1036 2750 1086 ventrem
2802 1031 3106 1089 translessa
3162 1034 3470 1091 miserrimc
3528 1038 3706 1107 periit.

2120 1121 2496 1178 Romanorum
2527 1137 2664 1180 vero
2687 1122 2910 1194 quidam
2936 1133 3151 1196 arrepta
3176 1124 3293 1183 face
3322 1127 3501 1198 ignem
3529 1129 3708 1185 domi-

2118 1211 2222 1269 bus
2249 1211 2521 1283 immisit;
2553 1229 2677 1285 quas
2705 1222 2766 1270 ut
2805 1224 2964 1271 erant
3008 1232 3040 1272 e
3085 1217 3245 1289 lignis
3290 1227 3344 1274 et
3390 1221 3709 1278 stramentis

2118 1301 2402 1367 confectas,
2431 1302 2702 1358 citissime
2732 1301 3177 1373 conﬂagrarunt;
3220 1314 3275 1362 et
3315 1306 3533 1362 ﬂamma
3571 1309 3707 1363 adeo

2117 1391 2225 1448 alte
2265 1391 2477 1448 sublata
2528 1401 2632 1458 est,
2687 1402 2748 1448 ut
2799 1403 2853 1450 et
2889 1395 3221 1465 Apsiliorum
3272 1400 3419 1469 genti
3473 1400 3709 1470 aliisque

2117 1483 2507 1539 remotioribus
2549 1499 2673 1554 quae
2706 1486 3035 1555 gerebantur
3068 1488 3366 1543 nuntiaret.
3404 1487 3540 1543 Tum
3576 1491 3705 1561 qui-

2117 1576 2241 1630 dem
2289 1584 2345 1631 et
2388 1577 2573 1631 multo
2626 1577 2866 1633 atrocius
2918 1578 3137 1633 barbari
3178 1580 3383 1650 passim
3432 1582 3703 1650 peribant.

2117 1664 2221 1732 Qui
2249 1666 2393 1721 enim
2435 1668 2582 1722 domi
2633 1675 2970 1734 manserant,
3017 1671 3551 1738 concremabantur,
3620 1673 3705 1726 vel

2117 1757 2325 1814 :edibus
2354 1758 2764 1827 obruebantur;
2809 1761 2904 1830 qui
2953 1775 3082 1815 vero
3110 1774 3143 1815 e
3172 1761 3429 1816 domibus
3482 1776 3707 1831 prorue-

2119 1848 2268 1916 bant,
2315 1849 2382 1905 iis
2414 1851 2657 1919 paratior
2700 1853 2767 1905 ab
2797 1851 3024 1906 ensibus
3070 1852 3320 1907 interitus
3364 1853 3703 1908 imminebat.

2047 1923 2089 1980 Β
2118 1940 2424 1996 Multirero
2457 1942 2611 2012 pueri
2662 1944 2943 2010 vagientes
2993 1958 3233 2013 suasque
3281 1952 3485 2000 matres
3534 1944 3705 2000 incla-

2117 2039 2327 2087 mantes
2355 2032 2739 2103 rapiebantur;
2773 2042 2937 2104 atque
2964 2048 3029 2088 ex
3061 2033 3148 2088 his
3173 2034 3392 2104 quidem
3420 2035 3511 2088 alii
3538 2036 3704 2114 petris

2115 2126 2410 2182 crudeliter
2442 2125 2569 2181 illisi
2601 2125 3008 2181 dilaniabantur
3033 2166 3048 2190 ,
3084 2124 3178 2179 alii
3218 2140 3347 2180 vero
3394 2126 3561 2180 veluti
3607 2142 3705 2195 per

2115 2216 2301 2272 ludum
2338 2217 2391 2271 in
2421 2217 2589 2271 altum
2624 2216 2807 2287 ejecti,
2837 2231 2902 2271 ac
2929 2216 3127 2271 deinde
3169 2214 3411 2285 pondere
3442 2215 3703 2270 deorsum

2116 2307 2300 2374 delati,
2331 2308 2642 2379 erectisque
2689 2307 2858 2364 hastis
2891 2308 3101 2378 excepti
3147 2308 3200 2362 in
3245 2307 3466 2362 sublimi
3518 2316 3702 2362 trans-

2119 2398 2441 2469 ligebantur.
2472 2399 2537 2455 Et
2564 2409 2711 2455 certe
2748 2398 2978 2453 Romani
3028 2413 3137 2452 non
3185 2398 3284 2452 abs
3335 2412 3395 2451 re
3439 2396 3703 2452 adversus

2118 2489 2455 2546 Misimianos
2507 2491 2643 2545 adeo
2698 2492 2971 2561 ingentem
3024 2489 3448 2557 indignationem
3503 2503 3701 2543 conce-

2119 2590 2332 2651 perant,
2362 2598 2488 2637 cum
2517 2584 2587 2635 ob
2623 2580 2888 2636 Sotericbi
2924 2581 3125 2636 ctedem
3152 2620 3168 2643 ,
3226 2588 3341 2632 tum
3397 2580 3469 2634 ob
3527 2580 3700 2634 scele-

2118 2683 2297 2729 ratum
2347 2675 2400 2728 in
2450 2683 2699 2730 oratores
2748 2674 3003 2736 facinus;
3062 2687 3186 2728 cum
3244 2679 3426 2725 tamen
3480 2686 3698 2741 aequum

2118 2782 2227 2821 non
2260 2775 2427 2831 esset,
2473 2767 2526 2820 in
2574 2767 2723 2836 ipsos
2771 2767 2935 2820 etiam
2980 2778 3172 2820 recens
3216 2763 3391 2817 editos
3439 2761 3698 2825 infantes,

2116 2858 2283 2932 248
2320 2859 2521 2929 quique
2562 2873 2774 2923 eorum,
2810 2872 2932 2927 quae
2977 2864 3231 2927 parentes
3279 2855 3523 2925 ipsorum
3574 2868 3700 2922 per-

2114 2960 2414 3020 petraraut,
2431 2950 2745 3019 neutiquam
2765 2957 2923 3004 erant
2948 2949 3178 3010 conscii,
3194 2960 3365 3017 usque
3389 2946 3526 3001 adeo
3554 2943 3703 3000 foede

2115 3043 2345 3110 saevire;
2376 3045 2448 3097 ita
2483 3042 2563 3096 eis
2606 3040 2808 3095 factum
2838 3041 2943 3095 hoc
2972 3054 3083 3094 non
3113 3040 3336 3109 impune
3370 3037 3523 3091 abiit.

320 3144 327 3149 '
424 3129 645 3199 γονεῦσι
708 3130 1133 3201 τετολμημένων
1199 3128 1351 3182 οὐδὲν
1394 3129 1754 3200 ἐπιστάμενα,
1801 3136 2081 3202 παροινεῖν
2121 3133 2267 3189 οὕτω
2314 3135 2409 3188 καὶ
2463 3132 2808 3203 ἅφυϐρίζειν.
2854 3129 3062 3185 Οὔκουν
3103 3130 3289 3193 αὐτοῖς
3328 3129 3453 3183 οὐδὲ
3512 3128 3697 3184 ἀποινὶ

495 3345 564 3393 κ’.
602 3338 714 3409 Τῆς
749 3339 857 3410 γὰρ
901 3338 1097 3402 νυκτὸς
1126 3339 1345 3411 ἀπάσης
1376 3340 1434 3393 ἐν
1474 3340 1703 3393 τοιοῖσδε
1744 3341 1790 3373 ⁸⁸
1818 3343 2007 3404 κακοῖς

2179 3342 2270 3396 20.
2330 3340 2496 3399 Nocte
2536 3341 2685 3405 enim
2736 3346 2847 3394 tota
2900 3335 2953 3392 in
2998 3336 3149 3392 hisce
3192 3335 3354 3391 malis
3399 3340 3699 3389 transacta’

412 3429 824 3499 διανυσθείσης,
841 3431 943 3501 ἤδη
967 3447 1026 3484 τε
1050 3431 1094 3463 ⁸⁷
1116 3429 1367 3495 δόξαντος
1388 3429 1481 3484 τοῦ
1504 3432 1706 3503 χωρίου
1729 3434 2008 3506 ἐκπεπορ-

413 3521 641 3592 θῆσθαι,
674 3520 796 3575 τότε
823 3521 888 3592 δὴ
917 3521 1107 3593 ἄνδρες
1128 3522 1237 3576 τῶν
1267 3523 1615 3594 Μισιμιανῶν
1651 3525 1710 3588 ἐς
1740 3541 2007 3579 πεντακο·

412 3614 572 3676 σίους
586 3610 648 3668 εὖ
667 3614 810 3685 μάλα
820 3608 1309 3685 τεθωρακὶσμένοι,
1327 3612 1424 3667 τοῦ
1444 3616 1708 3687 φρουρίου
1726 3617 2006 3683 ἐκϐάντες,

412 3705 478 3767 ἐς
510 3703 644 3757 αὐτὸ
669 3703 734 3776 δὴ
780 3704 842 3756 τὸ
879 3703 1151 3772 λυκαυγὲς
1180 3705 1508 3776 ἐπέρχονται
1551 3709 1666 3769 τοῖς
1709 3706 2010 3777 Ῥωμαίοις

412 3793 749 3863 ἀφυλάκτως
795 3794 1178 3868 διακειμένοις,
1233 3795 1325 3849 διὰ
1352 3796 1415 3850 τὸ
1448 3796 1658 3850 οἴεσθαι
1700 3798 2009 3852 τελεώτατα

417 3885 843 3956 κεκρατηκέναι.
884 3885 996 3939 Καὶ
1036 3885 1334 3958 πλήττουσι
1381 3889 1481 3959 μέν
1526 3890 1652 3952 τοὺς
1689 3889 2005 3956 πλείστους,

421 3975 667 4040 ἅπαντας
697 3975 752 4030 δὲ
774 3976 832 4042 ἐς
865 3978 1044 4048 φυγὴν
1061 3978 1378 4050 ἐτρέψαντο,
1405 3979 1708 4051 βιαιότερον
1744 3979 2008 4045 ἐξωθοῦν-

419 4075 537 4124 τες.
565 4063 628 4116 Oi
657 4064 711 4118 δέ
739 4063 834 4129 ξὺν
872 4067 1086 4139 ταραχῇ
1115 4069 1210 4121 ἐπὶ
1241 4068 1302 4122 τδ
1331 4069 1598 4133 κάταντες
1631 4070 2003 4139 ὑπαγόμενοι,

420 4152 635 4222 συχνῶν
666 4171 725 4209 τε
770 4156 865 4209 καὶ
892 4157 1153 4212 ποικίλων
1198 4159 1530 4231 τραυμάτων
1557 4160 1817 4216 ἀνάπλεοι
1845 4163 1905 4225 ἐς
1944 4161 2007 4214 τὸ

416 4244 783 4314 στρατόπεδον
823 4246 1146 4317 ἐπανῆλθον,
1165 4251 1280 4312 τοῖς
1301 4265 1359 4301 τε
1386 4248 1658 4313 ἀκοντίοις
1699 4251 1809 4303 τῶν
1846 4251 2005 4304 πολε-

418 4334 566 4404 μίων
625 4335 934 4407 βληθέντες,
988 4340 1086 4393 καὶ
1127 4339 1209 4410 τῷ
1260 4342 1612 4412 περιπταίειν
1677 4340 1830 4413 θαμά
1882 4344 2006 4406 ταῖς

408 4425 646 4497 πέτραις
681 4428 1183 4502 διακεχαραγμένοι
1210 4432 1278 4486 τὰ
1311 4432 1477 4502 σκέλη
1503 4450 1517 4465 ·
1542 4432 1637 4487 καὶ
1681 4434 1767 4487 ἐπ’
1798 4435 2005 4488 ἐκεῖνον

423 4518 530 4587 μὲν
554 4510 712 4583 αὖθις
730 4518 822 4573 τὸν
847 4522 1111 4576 σκόπελον
1137 4523 1398 4595 ἀνέρπειν
1421 4524 1624 4595 ἥκιστα
1661 4524 1964 4579 διενοοῦντο
1985 4567 2001 4590 ,

409 4607 495 4679 τῷ
514 4608 573 4662 δέ
603 4610 873 4683 περιϐόλῳ
893 4614 1249 4685 ἐπιφέρεσθαι
1274 4607 1311 4687 ᾗ
1342 4614 1545 4684 μᾶλλον
1570 4615 1841 4687 ἐπίμαχος
1861 4610 2003 4670 εἶναι

2112 3450 2235 3489 cum
2265 3435 2375 3505 jam
2410 3441 2557 3489 totus
2590 3434 2679 3488 ille
2708 3440 2919 3487 tractus
2959 3436 3205 3484 vastatus
3242 3428 3542 3492 videretur,
3578 3437 3697 3481 tum

2110 3538 2241 3579 vero
2281 3539 2343 3576 ex
2378 3522 2704 3578 Misimianis
2744 3521 2845 3576 viri
2892 3517 3172 3590 quingenti
3221 3517 3425 3587 optime
3475 3517 3697 3581 armati,

2111 3616 2365 3685 praesidio
2413 3614 2644 3685 egressi,
2703 3612 2807 3667 sub
2857 3611 3034 3680 ipsum
3073 3608 3371 3664 diluculum
3418 3605 3698 3661 Romanos

2112 3703 2398 3768 invadunt,
2418 3702 2605 3761 nullas
2625 3711 2720 3756 aut
2742 3700 2970 3770 exiguas
2994 3696 3254 3753 excubias
3275 3704 3517 3767 agentes,
3548 3695 3697 3764 quod

2109 3805 2363 3869 putarent
2391 3811 2450 3851 se
2477 3794 2794 3866 plenissima
2820 3790 3048 3848 victoria
3073 3789 3277 3860 potitos
3294 3805 3319 3855 ;.
3346 3797 3399 3843 ct
3426 3789 3697 3860 plurimos

2107 3888 2331 3960 quidem
2361 3887 2601 3953 caedunt,
2631 3900 2821 3941 omnes
2850 3897 2980 3939 vero
3008 3882 3063 3936 in
3094 3879 3276 3952 fugam
3304 3886 3543 3944 vertunt,
3579 3879 3695 3932 vio-

2109 3981 2281 4035 lenter
2312 3978 2687 4048 expellentes;
2724 3976 2799 4029 illi
2827 3988 2956 4030 vero
2995 3971 3303 4027 turbulente
3347 3971 3402 4025 in
3454 3983 3696 4038 praeceps

2107 4070 2237 4135 acti,
2268 4068 2754 4139 frequentibusque
2789 4074 2843 4121 et
2870 4064 3038 4120 variis
3069 4061 3386 4117 vulneribus
3425 4058 3589 4129 pleni,
3637 4060 3693 4112 in

2107 4169 2287 4216 castra
2324 4169 2452 4216 sunt
2483 4159 2710 4224 reversi,
2745 4168 2797 4213 et
2825 4157 2945 4213 telis
2986 4154 3226 4211 hostium
3272 4152 3385 4217 icti,
3430 4160 3504 4216 et,
3544 4150 3695 4221 quod

2109 4251 2421 4323 frequenter
2468 4253 2521 4305 in
2574 4260 2757 4322 petras
2808 4249 3200 4311 oﬂ‘endissent,
3255 4244 3404 4299 tibiis
3457 4242 3694 4314 graviter

2106 4344 2388 4408 sauciatis,
2418 4343 2555 4398 adeo
2587 4356 2645 4398 ut
2674 4343 2755 4398 eis
2777 4343 2956 4398 denuo
2984 4341 3037 4394 in
3066 4339 3350 4410 scopulum
3375 4336 3527 4392 illum
3556 4334 3691 4389 sub-

2107 4436 2354 4507 reptandi
2413 4435 2633 4491 animus
2684 4449 2790 4490 non
2843 4442 3023 4498 esset,
3074 4433 3166 4489 sed
3221 4446 3434 4486 murum
3485 4429 3694 4501 potius,

2105 4540 2213 4596 qua
2243 4533 2394 4596 parte
2420 4523 2783 4595 Opportunior
2811 4521 3198 4595 oppugnationi
3235 4521 3527 4585 videretur,
3559 4518 3684 4572 adov

2104 4616 2281 4671 riendi
2311 4616 2584 4686 simulque
2617 4613 2818 4670 fossam
2851 4612 3131 4685 opplendi.
3158 4610 3431 4677 Quocirca
3455 4608 3693 4663 domun-

370 4738 377 4742 ι
411 4701 617 4763 ἐδόκει,
656 4704 751 4758 καὶ
780 4705 897 4775 ἅμα
933 4706 1033 4777 τὴν
1060 4706 1267 4777 τάφρον
1306 4706 1735 4780 καταχωννύναι.
1761 4708 1872 4763 Καὶ
1900 4707 2009 4762 τοί-

2112 4709 2251 4765 culis
2284 4708 2613 4779 quibusdam
2642 4714 2697 4763 et
2730 4707 2958 4778 tuguriis
2986 4706 3209 4776 prepius
3236 4702 3483 4768 structis,
3515 4716 3547 4755 e
3575 4709 3695 4755 tuto

412 4810 515 4847 νυν
551 4792 635 4866 [Ρ.
674 4794 796 4868 1Ξ9]
820 4796 1097 4863 οἰκίσκους
1121 4798 1272 4863 τινὰς
1307 4798 1401 4853 καὶ
1418 4798 1662 4864 καλύϐας
1685 4799 2002 4871 πλησιαίτε-

415 4904 516 4959 ρον
553 4889 944 4961 τεκτηνάμενοι
997 4892 1063 4945 ἐκ
1107 4891 1201 4944 τοῦ
1250 4891 1528 4961 ἀσφαλοῦς
1575 4893 2002 4964 ἐτειχομάχουν,

417 4983 694 5051 μηχαναῖς
726 5000 787 5036 τε
818 4982 1093 5055 χρώμενοι
1132 4984 1228 5038 καὶ
1257 4985 1460 5057 τοξείᾳ,
1492 4985 1588 5039 καὶ
1622 4984 1767 5057 ἄλλῳ
1798 4983 2005 5056 ὁτῳοῦν

411 5070 604 5141 τρόπῳ
621 5071 1014 5145 χαλεπωτάτην
1032 5078 1145 5139 τοῖς
1174 5074 1321 5128 ἔνδον
1351 5075 1447 5131 καὶ
1471 5075 1797 5131 ἀνύποιστον
1820 5073 2006 5129 ποιού-

418 5177 571 5232 μενοι
598 5164 699 5234 τὴν
730 5167 1068 5239 πολιορκίαν.
1101 5171 1179 5223 οί’
1205 5169 1262 5224 δὲ
1290 5169 1566 5242 Βάρϐαροι
1599 5171 1868 5244 ἐμόχθουν
1905 5174 2004 5245 μὲν

414 5258 625 5330 σφόδρα
683 5262 779 5315 καὶ
819 5263 1119 5328 ἐπιέζοντο,
1169 5263 1311 5335 πλὴν
1347 5264 1465 5319 ἀλλ’
1508 5264 1662 5320 οὔπω
1711 5268 1933 5322 ἀνίεσαν
1956 5271 2002 5303 ⁸⁸

414 5350 776 5423 ἀμυνόμενοι,
817 5355 955 5426 Ἤδη
990 5356 1103 5439 γαρ
1139 5373 1285 5420 τινες
1324 5357 1606 5412 σπαλίωνα
1655 5357 1997 5430 κομίζοντες,

2106 4817 2325 4858 murum
2361 4802 2770 4872 oppugnabant,
2806 4800 3076 4855 machinis
3123 4797 3330 4869 pariter
3373 4802 3588 4851 utentes
3637 4801 3695 4848 et

2100 4894 2458 4968 iaculatione,
2493 4903 2548 4949 et
2577 4893 2684 4948 alio
2722 4892 2918 4962 quovis
2966 4891 3129 4945 modo
3177 4888 3553 4961 gravissimam
3600 4885 3692 4946 iis,

2108 4985 2200 5054 qui
2231 4985 2374 5041 intus
2407 4993 2587 5050 erant,
2630 4984 3140 5053 intolerabilemque
3181 4981 3523 5037 obsidionem
3570 4976 3692 5032 effi-

2108 5077 2335 5133 cientes.
2363 5075 2588 5133 Barbari
2623 5092 2753 5133 vero
2784 5077 3136 5132 vehementer
3176 5072 3517 5131 laborabant,
3563 5084 3690 5139 gra-

2111 5170 2357 5239 viterque
2400 5169 2829 5240 premebantur;
2878 5168 3123 5223 nondum
3172 5173 3352 5220 tamen
3390 5176 3513 5218 sese
3552 5159 3691 5215 tueri

2110 5264 2465 5319 desistebant.
2518 5261 2637 5318 Jam
2672 5261 2818 5317 enim
2867 5260 3114 5317 nonnulli
3155 5256 3484 5313 testudinem
3527 5252 3695 5326 259

2108 5363 2393 5426 portantes
2422 5356 2489 5412 ad
2517 5354 2894 5410 Romanorum
2930 5351 3266 5412 munitiones
3329 5363 3390 5405 se
3436 5346 3691 5404 confere-

1719 5553 1951 5611 VARIE
1986 5554 2397 5615 LECTIONES.

499 5732 542 5764 ⁸⁸
576 5726 737 5812 αὗται
773 5733 1243 5812 [ἰμαύταὶᾏνιιιεη
1293 5736 1335 5768 ⁶¹
1363 5735 1586 5790 τοσοῦτο
1630 5737 1695 5792 Β.
1772 5739 1817 5774 ⁸³
1852 5740 2018 5810 πορῤ.
2053 5737 2134 5812 ἔτι
2169 5736 2239 5798 Β,
2276 5737 2390 5812 ἔτιΔ
2413 5740 2575 5812 πορῤ.
2631 5740 2776 5812 vulg.

2875 5739 2923 5775 "
2945 5734 3244 5791 ἀπόλλυντο
3271 5730 3337 5787 R.
3439 5731 3488 5763 “
3508 5728 3689 5785 διαπί-

417 5820 651 5887 πτουσιν
681 5805 744 5857 ll.
765 5873 783 5893 Ι
824 5804 869 5836 ⁸⁵
898 5804 1011 5893 Ιἔδει
1036 5803 1078 5857 R
1112 5802 1550 5893 efﬂintprz‘uon
1609 5816 1881 5893 tantopere
1909 5802 2504 5893 gratudgstrviend‘urn}
2523 5802 2849 5893 ’ἐπεὶγῖιιρέ
2868 5802 3296 5893 ὂσρναίξκιιξειξ.
3334 5803 3357 5856 1
3398 5808 3559 5893 m._
3579 5806 3687 5893 _ed.

418 5889 529 5948 pta,
566 5873 714 5927 ὅσιον
765 5873 934 5945 Lugd.
968 5890 1077 5945 mg.
1111 5885 1163 5929 et
1186 5873 1326 5930 Par;
1388 5876 1432 5907 ⁶⁶
1456 5880 1512 5930 ἐν
1556 5880 1668 5940 τοῖς
1708 5873 1870 5941 trimi;
1909 5877 1973 5932 li.
2055 5881 2073 5909 ⁸

2078 5880 2097 5908 ⁷
2125 5878 2228 5933 Pro
2266 5895 2323 5930 τε
2360 5877 2401 5929 ll
2434 5869 2511 5933 δέ.
2592 5878 2636 5910 θ’
2668 5869 2887 5933 ἀνίεσαν
2914 5876 2957 5930 Τ
2993 5875 3144 5948 (CL),
3177 5869 3413 5945 ἀνῄεσαν
3467 5869 3614 5941 vuig.
