4060 6498
492 403 622 466 1511

1705 402 2062 464 ΑῦΛΤΗΠΕ
2092 405 2582 466 SCHOLASTICI

3611 408 3729 477 151%

493 517 641 581 baut,
679 523 939 583 tanquam
975 513 1154 566 omnia
1203 511 1536 567 demolit'uri.
1574 511 1898 582 Priusquam
1953 529 2084 569 vero

2188 517 2274 568 ἐπ’
2315 519 2502 570 ἐκεῖνα
2528 519 2573 550 θ’
2604 516 2667 586 δὴ
2694 516 2762 568 τὰ
2791 515 2898 568 τῶν
2935 507 3222 587 Ῥωμαιων
3249 517 3382 590 ἕρκη
3407 520 3633 591 ἐχώρουν
3665 529 3732 589 ὡς

490 606 989 676 appropinquarent
1022 613 1182 672 atque
1213 605 1614 669 obtegerentur-,
1645 602 1930 658 Suarunas
1959 606 2081 674 qui-

489 705 613 753 dam
646 699 887 757 nomine,
919 697 1000 750 vir
1032 695 1276 754 Sclavus,
1314 695 1524 748 bastam
1553 695 1689 764 jacit
1718 695 1772 749 in
1799 710 1948 757 eum,
1983 699 2078 766 qui

491 793 675 844 minus
716 799 888 843 lectus
921 795 1059 852 erat,
1091 794 1144 840 et
1185 785 1310 840 ferit
1339 786 1572 839 letaliter
1600 803 1614 852 ;
1664 801 1774 854 quo
1811 787 2077 857 collapso,

493 883 675 938 statim
703 895 929 935 excussa
961 889 1038 932 est
1072 877 1310 942 testudo,
1349 878 1676 946 inversaque
1700 879 1946 944 corruit;
1998 891 2082 932 at-

493 987 599 1039 que
627 972 696 1025 ita
739 969 1055 1038 resupinato
1103 967 1222 1036 ejus
1252 967 1374 1022 sinu
1406 973 1460 1021 et
1505 968 1833 1036 capacitate,
1884 969 2079 1023 detecti

492 1071 622 1117 sunt
653 1062 954 1130 nudatique
985 1061 1108 1126 viri,
1144 1075 1286 1128 quos
1315 1058 1548 1114 Romani
1577 1059 1738 1114 facile
1761 1059 1960 1128 jaculis
1991 1077 2083 1130 pe-

492 1161 667 1208 tentes
695 1151 1108 1206 interfecerunt.
1143 1150 1299 1205 Unus
1347 1159 1532 1204 autem
1570 1165 1634 1204 ex
1682 1149 1750 1205 iis
1794 1149 1923 1221 fuga
1955 1166 2084 1204 eva-

490 1252 658 1307 serat,
692 1251 747 1298 et
771 1243 885 1312 jam
921 1241 1146 1313 propius
1173 1241 1239 1296 ad
1271 1242 1583 1311 praesidium
1615 1250 1860 1305 venerat,
1894 1250 2082 1310 portu-

489 1337 710 1404 lamque
743 1334 1188 1405 ingrediebatur;
1223 1332 1320 1387 sed
1355 1341 1469 1387 tum
1503 1330 1883 1402 frequentibus
1919 1334 2084 1405 sagit-

489 1427 562 1482 tis
594 1427 736 1481 ictus
765 1424 992 1486 interiit,
1026 1424 1210 1492 ibique
1227 1437 1514 1487 corruens,
1547 1423 1602 1476 in
1632 1421 1822 1476 limine
1845 1423 2081 1491 jacebat,

489 1519 686 1588 exigua
730 1517 947 1587 quidem
981 1516 1162 1584 aliqua
1196 1517 1446 1585 corporis
1495 1521 1650 1584 parte
1692 1513 1826 1568 foris
1868 1515 2078 1578 relicta,

491 1609 698 1679 majore
724 1624 852 1662 vero
879 1609 962 1662 sui
1003 1616 1154 1677 parte
1181 1606 1483 1661 introrsum
1517 1615 1823 1674 porrectus.
1862 1605 1917 1661 Id
1947 1621 2076 1660 vero

490 1699 792 1768 conspicati
822 1698 1134 1762 Misimiani,
1165 1707 1219 1752 et
1244 1696 1544 1752 infaustum
1575 1711 1640 1751 ac
1679 1697 1834 1751 triste
1881 1697 1950 1752 de
1994 1697 2084 1752 fu-

491 1791 634 1846 turis
663 1805 820 1844 omen
849 1805 973 1845 esse
1009 1789 1372 1857 interpretati,
1402 1796 1456 1842 et
1487 1787 1692 1856 alioqui
1725 1788 2084 1857 desperantes

2189 610 2406 662 ἅπαντα
2438 607 2896 671 καταϐαλοῦντες.
2949 609 3086 678 Πρὶν
3113 608 3170 660 δὲ
3193 609 3257 679 δὴ
3288 609 3532 674 πελάζειν
3560 613 3735 679 αὐτοὺς

2188 701 2283 754 καὶ
2309 700 2782 771 ὑποκρύπτεσθαι,
2816 699 3161 770 Σουαρούνας
3187 701 3234 730 ⁷⁰
3256 717 3337 764 τις
3368 700 3553 770 ὄνομα,
3579 703 3734 759 Σκλάι

2188 790 2282 853 6o;
2321 789 2482 860 ἀνὴρ,
2529 790 2724 860 ἀφίησι
2775 789 2902 860 δόρυ
2947 789 3027 859 τῷ
3073 789 3272 859 μᾶλλον
3311 792 3738 863 προφαινομένῳ,

2189 881 2282 933 καὶ
2321 880 2547 951 πλήττει
2599 881 2838 952 καιρίαν.
2887 879 3152 942 Πεσὸντος
3202 879 3259 931 δὲ
3306 869 3510 931 ἐκείνου
3559 882 3740 936 αὐτίκα

2187 971 2508 1042 ἐξετινάχθη
2545 973 2574 1026 ὁ
2605 972 2869 1038 σπαλίων,
2905 973 3000 1026 καὶ
3037 974 3310 1044 ὴρήριπτο
3343 973 3741 1043 ἀνατετραμμέ-

2188 1081 2296 1127 νος,
2339 1065 2433 1118 καί
2468 1082 2585 1128 πως
2618 1066 2676 1129 ἐς
2701 1065 2960 1119 τάναντία
2994 1065 3088 1118 τοῦ
3133 1065 3330 1127 κύτους
3358 1066 3740 1135 περιηγμένου,

2188 1157 2626 1212 ἀνεκαλύπτοντο
2649 1159 2700 1212 οἱ
2724 1157 2916 1230 ἄνδρες
2937 1161 3031 1213 καὶ
3054 1156 3487 1228 ἀπεγυμνοῢντο.
3513 1157 3618 1210 Καὶ
3635 1159 3746 1222 τοὺς

2191 1251 2291 1320 μὲν
2323 1251 2364 1283 ⁷⁸
2408 1251 2604 1314 ἄλλους
2647 1253 2844 1324 ῥᾳδίως
2890 1253 2942 1305 οἱ
2981 1253 3243 1322 Ῥωμαῖοι
3289 1249 3747 1314 κατακοντίζοντες

2188 1343 2454 1407 ἔκτειναν,
2520 1339 2603 1407 εἷς
2641 1345 2699 1397 δέ
2746 1361 2809 1412 γε
2873 1343 3114 1414 ἀποδρὰς
3139 1343 3185 1375 ⁷³
3240 1341 3448 1411 ᾤχετοο
3511 1341 3603 1395 καὶ
3659 1341 3746 1412 ήδη

2188 1435 2360 1505 ἀγχοῦ
2392 1435 2657 1503 ἐγεγόνει,
2685 1435 2780 1488 καὶ
2809 1435 2872 1504 δὴ
2905 1433 3166 1487 ἐπέϐαινε
3194 1437 3296 1502 τῆς
3329 1429 3565 1494 πυλίδος.
3608 1430 3748 1483 Ἀλλὰ

2188 1528 2310 1580 τότε
2339 1527 2537 1599 ἀθρόον
2581 1525 2860 1593 τοξευθεὶς
2887 1523 3284 1594 διαφθείρεται.
3337 1521 3450 1576 Καὶ
3475 1520 3634 1574 αὐτοῦ
3661 1539 3749 1573 κα·
3772 1535 3811 1564 ’ρ

2187 1617 2465 1686 ταπεσὼν,
2517 1618 2658 1688 ὑπὲρ
2689 1617 2782 1670 τὸν
2818 1617 2970 1670 οὐδὸν
2998 1615 3176 1668 ἔκειτο
3197 1657 3212 1681 ,
3237 1613 3420 1682 ὀλίγον
3464 1613 3562 1682 μέν
3593 1629 3640 1664 τι
3667 1611 3748 1664 τοῦ

2190 1712 2445 1781 σώματος
2480 1710 2666 1781 μεθεὶς
2691 1751 2707 1773 ,
2745 1709 2825 1777 τῷ
2849 1708 2906 1761 δὲ
2939 1707 3143 1761 πλείονι
3179 1707 3338 1776 μέρει
3374 1705 3510 1776 πρὸς
3531 1702 3596 1756 τά
3619 1701 3751 1756 ἔνδον

2191 1803 2660 1873 παρατεταμένος.
2692 1800 2865 1854 Τοῦτο
2885 1801 2944 1854 δὲ
2973 1800 3177 1864 ἰδόντες
3200 1800 3250 1851 οί
3281 1795 3606 1866 Μισιμιανοὶ
3624 1834 3638 1858 ,
3671 1795 3751 1848 καὶ

491 1881 655 1936 etiam
689 1881 988 1946 laboribus,
1035 1889 1090 1934 et
1128 1879 1391 1934 redeundi
1429 1879 1485 1932 in
1534 1880 1763 1949 gratiam
1801 1895 1925 1934 cum
1977 1879 2084 1934 Ro-

2187 1896 2412 1964 σημείόν
2454 1911 2527 1958 τι,
2574 1891 2751 1966 οἶμαι,
2791 1893 2901 1947 τῶν
2945 1893 3220 1962 ἐσομένων
3265 1891 3396 1962 πέρι
3443 1889 3666 1957 φευκτόν
3699 1906 3752 1940 τε

497 1973 673 2027 Inanis
704 1972 906 2041 cupidi,
940 1972 1214 2040 praecipue
1246 1969 1391 2040 quod
1425 1985 1605 2040 neque
1634 1970 1770 2040 ipsis
1805 1970 2009 2024 auxilia
2049 1985 2079 2024 a

2182 1986 2276 2039 καὶ
2314 1987 2572 2038 ἀπαίσιον
2596 1984 2957 2056 ἡγησάμενοι,
2982 1984 3158 2046 ἄλλως
3189 1999 3248 2034 τε
3284 1981 3381 2032 καὶ
3413 1979 3753 2049 ἀπειρηκότες

497 2064 676 2118 Persis
710 2071 875 2131 prout
907 2071 1240 2116 convenerat
1271 2062 1586 2117 venissent:
1639 2063 1774 2126 haec,
1835 2061 2079 2132 inquam,

2187 2083 2294 2142 τοῖς
2331 2081 2535 2142 πόνοις,
2568 2080 2791 2148 καὶτῆς
2836 2078 2971 2149 πρὸς
3013 2076 3320 2146 Ῥωμαίους
3372 2071 3687 2144 δυσμενείας
3713 2070 3753 2102 ’³

493 2170 681 2211 aecum
709 2163 1029 2224 reputantes
1053 2169 1292 2223 suasque
1319 2156 1462 2209 vires
1487 2154 1904 2223 perpendentes,
1935 2154 2082 2223 quod

497 2245 759 2301 Romanis
796 2248 1031 2316 impares
1059 2252 1263 2311 essent,
1300 2260 1475 2315 neque
1501 2245 1711 2300 diutius
1733 2245 1930 2299 bellum
1962 2260 2083 2300 sus-

493 2339 666 2393 tinere
698 2346 938 2408 possent.
967 2346 1080 2391 tum
1111 2337 1330 2390 demum
1354 2352 1496 2406 πίει-ε
1517 2336 1584 2391 ad
1615 2337 1890 2393 saniorem
1925 2352 2080 2390 men-

492 2441 601 2484 tem
639 2432 949 2496 redeuntes,
983 2430 1270 2486 confestim
1303 2438 1551 2484 oratores
1579 2429 1644 2483 ad
1673 2428 1940 2484 Joannem
1973 2428 2080 2482 mi-

493 2531 684 2576 serunt
715 2531 1016 2590 precatum,
1054 2537 1122 2576 ne
1155 2536 1217 2577 se
1245 2521 1313 2575 ad
1346 2521 1775 2575 internecionem
1809 2521 2079 2590 perderet,

493 2626 672 2682 neque
712 2611 876 2682 250
921 2612 1163 2668 funditus
1193 2613 1518 2682 exstirparet
1560 2621 1802 2682 gentem,
1847 2613 1960 2682 jam
2013 2613 2082 2667 ab

491 2705 1016 2774 antiquo~liomanis
1047 2704 1342 2769 subditam,
1376 2713 1430 2759 et
1461 2705 1514 2757 in
1549 2703 1813 2772 religione
1846 2718 1968 2758 cum
2003 2703 2083 2773 ip-

495 2796 578 2852 sis
618 2796 1053 2861 convenientem,
1109 2811 1340 2866 quzeque
1395 2794 1814 2864 quamplurimis
1865 2795 2082 2864 injuriis

494 2899 817 2958 provocata,
854 2889 1072 2943 tandem
1109 2888 1176 2943 ad
1207 2887 1582 2957 rependendas
1613 2887 1733 2941 illas
1768 2888 2081 2949 accesserit,

494 2989 662 3051 atque
693 2981 798 3035 hoc
829 2981 1048 3050 quidem
1081 2981 1314 3035 barbara
1351 2978 1586 3048 quadam
1623 2979 1901 3045 amentia;
1937 2994 2086 3034 com-

495 3073 852 3128 miseratione
885 3082 1062 3128 tamen
1099 3075 1367 3143 veniaque
1416 3087 1475 3127 se
1505 3087 1618 3126 non
1665 3086 1894 3142 prorsus
1945 3072 2088 3126 indi-

493 3177 631 3231 gnos
659 3162 935 3226 dicebant,
973 3163 1067 3232 qui
1117 3163 1252 3217 adeo
1295 3162 1408 3230 jam
1460 3161 1664 3215 atrocia
1713 3160 1856 3215 mala
1903 3171 2086 3216 essent

495 3256 739 3326 perpessi
779 3256 1027 3326 adeoque
1077 3269 1270 3325 graves
1322 3268 1516 3323 pmnas
1566 3251 1840 3319 luissent;
1901 3262 2087 3321 utpote

493 3349 865 3418 circumjectis
921 3347 1175 3417 praesidio
1208 3345 1638 3400 habitationibus
1691 3345 1942 3400 incendio
1993 3345 2088 3399 ab-

495 3439 754 3508 sumptis,
804 3447 859 3492 et
885 3439 1130 3493 virorum
1180 3444 1340 3491 aetate
1396 3436 1709 3490 florentium
1761 3450 1868 3488 non
1907 3421 2088 3488 minus

492 3532 739 3602 quinque
784 3529 1026 3584 millibus
1074 3527 1398 3589 interfectis,
1461 3525 1680 3581 feminis
1740 3541 1870 3581 vero
1917 3527 2089 3580 multo

496 3622 746 3691 pluribus
781 3631 835 3675 et
864 3621 1051 3690 pueris
1083 3620 1264 3674 adhuc
1295 3620 1579 3688 pluribus:
1632 3617 1768 3672 adeo
1805 3625 1864 3672 ut
1891 3633 2084 3687 parum

494 3714 658 3774 absit,
688 3712 819 3781 quin
851 3715 1106 3766 universa
1136 3710 1574 3766 Misimianorum
1624 3725 1756 3780 gens
1784 3712 1854 3766 sit
1886 3711 2082 3765 deleta.

493 3802 734 3860 Joannes
763 3820 893 3859 vero
923 3804 1287 3860 libentissime
1319 3803 1590 3873 supplices
1617 3817 1805 3873 preces
1838 3803 2082 3876 admisit,

495 3897 691 3966 partim
725 3912 792 3954 ne
822 3895 1029 3952 diutius
1057 3897 1112 3950 in
1140 3895 1260 3951 loco
1295 3895 1510 3950 deserto
1538 3901 1594 3949 et
1631 3893 1926 3964 prmalgido
1959 3877 2082 3950 cum

493 3990 737 4044 exercitu
793 3991 1212 4060 periclitaretur,
1278 3987 1476 4058 partim
1533 3988 1680 4056 quod
1737 4001 1924 4040 revera
1973 3986 2082 4054 jam

495 4081 630 4137 satis
660 4096 971 4150 positarum,
1003 4081 1096 4150 qui
1153 4079 1520 4146 deliquerant,
1571 4076 1869 4132 dedissent.
1915 4078 2086 4131 Acce-

495 4175 605 4245 ptis
627 4175 808 4245 itaque
843 4174 1127 4230 obsidibus
1154 4175 1416 4242 omnique
1448 4170 1699 4240 pecunia,
1737 4183 1901 4238 quam
1931 4169 2088 4221 Sote-

497 4266 684 4322 richus
709 4281 895 4322 secum
930 4265 1209 4329 attulerat,
1242 4264 1476 4334 aliisque
1516 4263 1700 4328 rebus,
1739 4269 1794 4315 et
1825 4268 2085 4330 praeterea

498 4358 852 4427 imperatorio
881 4371 1016 4412 auro
1042 4356 1221 4428 (erant
1248 4370 1378 4410 vero
1402 4354 1615 4408 nummi
1645 4353 1839 4422 integri
1867 4366 1932 4406 ac
1961 4365 2087 4420 pro-

499 4451 555 4506 bi
593 4451 660 4504 ad
690 4450 828 4505 duas
870 4448 1164 4519 myriades,
1216 4449 1390 4503 octies
1435 4447 1586 4501 mille
1633 4455 1688 4501 et
1739 4442 2083 4514 octingenti),

501 4543 608 4605 his,
657 4541 906 4612 inquam,
957 4541 1216 4597 omnibus
1259 4540 1534 4609 acceptis,
1579 4538 1860 4607 multaque
1904 4535 2082 4605 praeda
2119 4565 2160 4618 υ

499 4633 732 4704 adjecta,
760 4634 1026 4702 permisit,
1061 4643 1122 4689 ut
1154 4633 1421 4703 intrepide
1455 4645 1645 4686 rursus
1689 4645 1787 4685 sna
1822 4629 2082 4692 colerent,

499 4735 556 4782 ct
581 4727 866 4796 pristinum
898 4727 1114 4782 vivendi
1143 4742 1314 4798 genus
1348 4727 1738 4780 instaurarent.
1792 4721 1908 4791 Ipse
1955 4733 2084 4773 vero

501 4821 555 4875 in
583 4821 893 4876 Colchicam
922 4821 1196 4891 regionem
1229 4828 1313 4874 est
1355 4833 1627 4882 reversus,
1671 4815 1933 4886 inclytum
1968 4813 2086 4884 glo-

503 4916 822 4985 riosumquer
847 4916 1144 4970 exercitum
1195 4914 1484 4977 reducens,
1521 4911 1650 4967 solis
1690 4908 1907 4980 triginta
1952 4905 2084 4961 viris

500 5008 844 5063 desideratis.

2181 2171 2654 2236 ἀπαλλαξείοντες,
2696 2170 2931 2240 μάλιστα
2962 2170 3044 2222 ὅτι
3089 2168 3274 2231 αὐτοῖς
3307 2166 3432 2219 οὐδὲ
3459 2166 3492 2235 ἡ
3530 2162 3633 2216 ἀπὸ
3658 2163 3753 2216 τῶν

2184 2263 2412 2335 Περσῶν
2467 2263 2611 2318 κατὰ
2665 2263 2728 2316 τὸ
2778 2261 3132 2332 ξυγκείμενον
3199 2259 3403 2329 ἀφῖκτο
3446 2256 3750 2326 ἐπικουρία·

2182 2355 2356 2410 ταῦτα
2423 2355 2489 2426 δὴ
2539 2349 2634 2407 οὖν
2679 2352 3134 2421 ἀναλογισάμενοι
3172 2352 3241 2416 ⁷⁸,
3281 2349 3383 2404 καὶ
3435 2348 3531 2419 τὴν
3569 2347 3753 2400 οίκείαν

2182 2449 2665 2519 ἀναμετρήσαντες
2725 2446 2976 2517 δύναμιν,
3032 2445 3128 2498 καὶ
3183 2444 3265 2497 ὅτι
3327 2443 3430 2496 οὐκ
3486 2440 3753 2509 ἀξιόμαχοι

2183 2540 2400 2594 έσονται
2461 2541 2584 2593 οὐδὲ
2648 2539 2956 2612 περαιτέρω
3007 2538 3099 2590 τὸν
3143 2536 3386 2605 πόλεμον
3442 2531 3754 2602 ὑπομενοῦσι

2187 2634 2340 2704 μόλις
2369 2636 2426 2686 ἐν
2466 2633 2544 2703 τῷ
2573 2632 2696 2686 τότε
2736 2631 2866 2699 γοῦν
2899 2628 3367 2700 ἀναμνησθέντες,
3408 2625 3569 2688 εὐθὺς
3607 2627 3754 2693 ὲπρεο

2185 2726 2445 2780 σϐεύοντο
2491 2726 2536 2758 ⁷⁸
2578 2724 2726 2796 πρὸς,
2755 2723 3029 2792 Ἰωάννην,
3077 2722 3173 2775 καὶ
3207 2721 3479 2781 ἱκέτευον,
3517 2717 3590 2789 μὴ
3632 2717 3756 2784 σφᾶς

2185 2816 2534 2888 πανωλεθρίᾳ
2581 2815 2923 2884 διαφθεῖραι,
2997 2811 3132 2882 μηδὲ
3187 2811 3544 2880 ἀνάρπαστον
3604 2805 3755 2878 ἄρδην

2185 2909 2517 2983 ποιήσασθαι
2555 2909 2712 2976 γένος
2753 2908 2820 2960 ἐκ
2861 2904 3096 2959 παλαιοῦ
3137 2904 3417 2974 κατήκοον
3459 2899 3551 2954 καὶ
3588 2898 3756 2969 ὁμόδοο

2187 3002 2276 3067 ξον
2305 3002 2371 3056 τά
2408 3004 2466 3066 ἐς
2490 3001 2552 3053 τὸ
2587 3000 2742 3053 Θεῖον
2785 2999 2878 3052 καὶ⁹
2916 2997 3144 3051 πλεῖστα
3172 2996 3272 3050 ὅσα
3302 2991 3753 3065 προηδικημένον,

2185 3093 2330 3148 οὕτω
2370 3111 2429 3146 τε
2475 3090 2732 3162 ὲληλυθδς
2779 3091 2839 3153 ἐς
2879 3089 2941 3142 τδ
2988 3088 3338 3157 ἀντιδρᾶσαι,
3385 3083 3636 3155 βαρϐάρῳ
3677 3081 3758 3135 καὶ

2187 3188 2344 3241 τοῦτο
2366 3187 2539 3258 ἀνοίᾳ·
2566 3185 2626 3239 οὑ
2655 3185 2762 3257 μὴν
2785 3185 2830 3216 ⁷⁸
2852 3182 3169 3236 παντάπασί
3195 3196 3259 3250 γε
3287 3178 3510 3248 φειδοῦς
3535 3177 3623 3230 καὶ
3647 3191 3760 3243 συγ-

2189 3279 2416 3351 γνώμης
2461 3279 2672 3345 ἀνάξιοι
2720 3277 2957 3346 ἔφασκον
2986 3272 3162 3338 εἶναι,
3199 3271 3449 3325 τοσαῦτα
3495 3269 3591 3340 ήδη
3629 3265 3760 3322 δεινὰ

2189 3372 2536 3436 πεπονθότες,
2564 3371 2658 3424 καὶ
2687 3370 2950 3440 μεγίστας
2979 3365 3170 3429 ποινὰς
3198 3363 3632 3434 ἀναπλήσαντες,
3667 3375 3757 3412 κα·

2187 3467 2586 3538 ταφλεχθείσης
2630 3463 2730 3535 μὲν
2773 3464 2958 3524 αὐτοῖς
2995 3460 3094 3530 τῆς
3119 3457 3212 3512 τοῦ
3257 3456 3527 3528 φρουρίου
3569 3469 3759 3525 περιοι-

2188 3561 2338 3624 κίδος
2372 3562 2469 3623 π’,
2497 3557 2708 3628 ἀνδρῶν
2743 3556 2798 3609 δὲ
2823 3552 3166 3625 ἡϐώντων·οὒ
3191 3553 3350 3621 μεῖον
3380 3549 3412 3619 ἢ
3438 3561 3758 3614 πεντακισχιο

2187 3655 2317 3708 λίων
2341 3651 2722 3713 ἀπολωλότων,
2749 3645 3024 3716 γυναικῶν
3057 3645 3114 3699 δὲ
3145 3643 3335 3714 πολλῷ
3369 3642 3649 3702 πλειόνων,
3677 3637 3758 3691 καὶ

2191 3742 2393 3796 παίδων
2449 3740 2529 3793 έτι
2579 3737 2860 3800 πλειόνων,
2901 3735 2977 3798 ὡς
3024 3735 3208 3802 ὀλίγον
3248 3750 3319 3802 γε
3380 3734 3424 3764 ⁷⁷
3472 3733 3580 3786 δεῖν
3631 3731 3756 3784 ἆπαν

2188 3833 2510 3905 διαρρυῆναι
2551 3831 2614 3884 τὸ
2653 3830 2840 3899 φῦλον.
2881 3829 2939 3881 '0
2983 3827 3040 3880 δὲ
3095 3826 3354 3897 Ἰωάννης
3401 3823 3757 3894 ἀσμενέστατα

2190 3926 2505 3997 προσήκατο
2540 3923 2640 3994 τὴν
2681 3921 2941 3986 ἱκετείαν,
2974 3917 3069 3972 τοῦ
3099 3935 3160 3971 τε
3197 3917 3273 3987 μὴ
3311 3918 3409 3970 ἐπὶ
3433 3916 3673 3969 πλεῖστον
3709 3912 3756 3963 ἐν

2185 4017 2371 4088 χωρίῳ
2405 4015 2599 4086 ἐρήμῳ
2635 4013 2729 4067 καὶ
2766 4011 3112 4081 δυσχειμέρῳ
3155 4009 3274 4079 ἅμα
3306 4011 3376 4080 τῇ
3412 4007 3636 4076 στρατιᾷ
3662 4004 3756 4058 δια·

2185 4108 2540 4171 κινδυνεύειν,
2604 4105 2699 4158 καὶ
2750 4105 2831 4157 ὅτι
2897 4101 3269 4173 ἀποχρώντως
3323 4100 3400 4163 ὡς
3453 4097 3665 4166 ἀληθῶς
3713 4095 3752 4146 οι

2187 4198 2570 4271 ἡμαρτηκότες
2647 4192 3073 4265 ὲτετιμώρηντο.
3153 4191 3454 4262 Τοιγάρτοι
3529 4179 3751 4258 ὁμήρους

2186 4291 2386 4357 λαϐὼν,
2430 4292 2524 4343 καὶ
2551 4287 2621 4343 τὰ
2653 4287 2914 4358 χρήματα
2955 4283 3126 4338 ὁπόσα
3159 4283 3188 4335 ό
3231 4284 3546 4354 Σωτήριχος
3588 4276 3754 4344 ἐπεφέ-

2189 4401 2334 4455 ρετο,
2364 4382 2434 4434 τά
2452 4399 2512 4434 τε
2540 4380 2675 4435 ἀλλα
2697 4378 2792 4433 καὶ
2821 4377 2955 4448 πρός
2977 4393 3041 4445 γε
3059 4375 3120 4428 τὸ
3151 4377 3215 4428 ἐκ
3239 4373 3506 4444 βασιλέως
3526 4368 3748 4442 χρυσίον·

2185 4487 2256 4561 ἦν
2297 4489 2354 4543 δὲ
2387 4491 2445 4541 ἐν
2484 4487 2821 4559 νομίσμασιν
2860 4483 3102 4538 ἐντελέσι
3137 4501 3196 4536 τε
3235 4483 3283 4514 ⁷⁸
3331 4479 3429 4533 καὶ
3468 4475 3753 4545 ἀκιϐδήλοις

2187 4590 2498 4660 δισμυρίοις
2517 4605 2577 4641 τε
2597 4588 2692 4641 καὶ
2713 4583 3140 4654 ὀκτακισχιλίοις
3165 4581 3300 4651 πρὸς
3320 4578 3532 4649 ἑτέροις
3551 4577 3753 4629 ὀκτακο-

2191 4686 2349 4755 σίοιςέ
2383 4689 2558 4744 ταῦτα
2609 4687 2696 4762 [Ρ.
2727 4687 2850 4759 150]
2888 4685 2952 4756 δὴ
2991 4682 3086 4738 οὖν
3129 4680 3455 4754 ἀπειληφὼς
3498 4679 3591 4734 καὶ
3623 4675 3752 4729 λείαν

2189 4792 2392 4862 πολλὴν
2438 4789 2868 4861 περιϐαλόμενος
2905 4789 2975 4851 ⁷³,
3025 4785 3198 4856 ἐφῆκε
3246 4785 3346 4856 μὲν
3374 4783 3552 4844 αὐτοῖς
3601 4773 3751 4833 ἀδεῶς

2192 4890 2349 4956 αὖθις
2378 4891 2446 4946 τὰ
2485 4891 2725 4962 σφέτερα
2755 4889 3020 4961 νέμεσθαι
3047 4929 3063 4952 ,
3090 4887 3185 4940 καὶ
3219 4886 3312 4940 τὸν
3339 4884 3602 4955 πρότερον
3633 4878 3749 4931 ἀνα-

2194 4992 2503 5049 νεώσασθαι
2534 4992 2669 5062 βίον.
2707 4992 2879 5056 Αὐτὸς
2908 4991 2965 5045 δὲ
3002 4990 3092 5043 ἐπὶ
3124 4988 3221 5060 τὴν
3245 4986 3482 5056 Κολχίδα
3534 4982 3632 5051 γῆν
3666 4978 3749 5030 έπ-

498 5101 722 5169 ανῆκεν,
754 5098 963 5154 κλεινὸν
1000 5101 1118 5169 ἅμα
1145 5101 1240 5154 καὶ
1283 5098 1583 5168 ἀγέρωχον,
1628 5095 1722 5148 καὶ
1801 5092 1982 5163 μόνοις
2017 5091 2313 5163 τριάκοντα
2362 5087 2619 5159 ἀνδράσιν
2692 5085 3068 5156 ἐζημιωμένον
3138 5079 3477 5152 ἀποκομίσας
3508 5077 3565 5128 τὸ
3605 5069 3746 5143 στρά-

499 5211 699 5266 τευμα.

2175 5175 2206 5200 ἱ

1792 5424 2029 5479 ἾΑΒΙᾸΕ
2072 5420 2459 5477 LECTIONES

573 5655 616 5689 ‘9
654 5658 738 5712 ἐπ’
775 5656 961 5711 ἐκεῖνα
1016 5655 1058 5707 Il
1099 5653 1252 5723 (11L),
1284 5652 1544 5706 ἐπέκεινα
1572 5653 1717 5721 vulg.

499 5727 648 5796 νοις.
679 5727 787 5782 Ρτο
815 5728 912 5780 καὶ
942 5726 1040 5796 ἤδη
1078 5725 1120 5778 Β
1172 5719 1265 5778 καὶ
1289 5725 1374 5793 δή.
1453 5725 1501 5796 ’ίδ
1521 5719 1940 5796 δυναστείας-Β.

501 5791 654 5860 αὗΟἶς
681 5798 745 5858 ιι,
803 5791 975 5864 intpr.
1012 5791 1584 5864 partit-ulartrontitlit.
1655 5792 1708 5864 1°
1738 5791 1813 5860 μὴ
1841 5791 1907 5844 Rr

501 5865 548 5899 ⁷³
576 5884 633 5920 τε
685 5867 810 5922 add.
844 5861 909 5922 ei;
945 5865 986 5918 Β
1016 5861 1026 5863 “
1085 5867 1130 5899 ⁷³
1168 5863 1631 5938 περιϐαλλόμενος
1655 5861 1725 5914 Π.

1797 5653 1842 5683 το
1868 5649 2142 5704 Sarranus
2171 5649 2336 5714 intpr.
2413 5643 2456 5674 "

2019 5721 2064 5748 ⁷⁵
2093 5710 2551 5784 ἀναλογισάμενοι
2593 5713 2670 5784 Β,
2695 5711 3044 5784 λογισάμενοι
3071 5710 3216 5777 vulg.

1984 5787 2052 5819 ⁷⁶⁹
2092 5787 2192 5854 τῆς
2218 5781 2313 5836 τοῦ
2482 5801 2608 5854 περ.
2643 5783 2707 5849 Β,
2733 5783 2830 5850 τῆς
2863 5798 2921 5831 π.
2951 5799 2998 5832 τ.
3032 5797 3123 5848 φο.
3154 5781 3298 5848 vulg.

3019 5641 3060 5669 ⁷²
3093 5637 3334 5708 ἀποδρὶις
3361 5635 3422 5692 Π,
3456 5626 3734 5708 ἀποδράσας

3295 5709 3335 5736 τ⁵
3378 5698 3732 5771 ἐπρεσϐεύοντο

3375 5779 3418 5807 ⁷⁷
3445 5790 3503 5841 γε
3533 5786 3632 5822 οη».
3679 5789 3728 5818 ε..

2501 5641 2598 5712 μὲν
2637 5643 2744 5696 ins.
2777 5655 2838 5692 cx
2869 5638 2938 5712 Β.
