4060 6464
329 434 464 504 1513

1501 435 2032 499 HISTORIARUM
2069 435 2297 499 LIBER
2326 438 2420 501 IV.

3481 441 3616 508 1514

397 553 509 606 καί.
550 547 706 606 Μετά
733 550 789 604 δὲ
822 549 994 603 ταῦτα
1044 546 1294 619 βασιλεὺς
1351 548 1748 611 Ίουστινιανὸς,
1792 547 1926 600 καθ·-

2096 550 2187 604 21.
2244 549 2371 605 Post
2427 549 2542 604 haec
2592 547 2891 618 imperator
2936 546 3277 604 Justinianus
3323 545 3616 604 Martiuum

329 645 471 700 ελὼν
498 643 815 698 παντάπασι
851 641 951 711 τῆς
980 642 1156 712 ἀρχῆς
1188 639 1278 693 τὸν
1311 641 1606 711 Μαρττνον,
1632 642 1661 692 ὁ
1686 638 1744 692 δὲ
1789 639 1920 691 Ἰου-

333 737 512 788 στῖνον
541 733 633 786 τὸν
673 731 958 803 Γερμανοῦ
990 729 1317 801 καθίστησιν
1344 728 1460 783 ἀντ’
1491 728 1658 782 αὑτοῦ
1690 743 1924 798 στρατη-

331 828 428 897 γὸν
459 826 842 897 αὐτοκράτορα
874 825 983 879 τῶν
1027 840 1087 877 τε
1139 824 1284 877 κατά
1333 821 1434 890 τὴν
1475 820 1711 892 Κολχίδα
1739 819 1924 891 χώραν

335 923 430 976 καὶ
463 919 573 974 τῶν
606 919 665 974 ἐν
713 917 977 991 Ἀρμενίᾳ
1013 915 1337 986 ταγμάτων.
1369 910 1477 967 Ἦν
1509 913 1608 985 μὲν
1632 912 1740 983 γάρ
1775 910 1926 982 αὺτῷ

333 1014 432 1067 καὶ
467 1011 738 1083 πρότερον
766 1010 829 1064 οὐ
863 1010 1011 1081 μάλα
1052 1008 1190 1078 πρὸς
1226 1005 1402 1078 θυμοῦ
1434 1005 1740 1076 πρωτεύειν
1785 1004 1929 1056 ἐκεῖ·

331 1120 426 1157 νον
455 1103 712 1156 ἁπάντων
737 1103 834 1156 καὶ
868 1099 1204 1170 ἐξηγεῖσθαι,
1234 1098 1309 1162 ὡς
1337 1096 1404 1169 δὴ
1437 1098 1537 1168 τῆς
1563 1094 1704 1150 κατά
1723 1093 1928 1148 Γουϐά-

335 1193 433 1249 ζου
487 1193 786 1263 ἐπιϐουλῆς
832 1193 934 1246 οὐκ
983 1191 1267 1261 ἐλάχιστον
1321 1189 1487 1260 μέρος
1536 1186 1926 1256 γεγενημένον.

333 1288 573 1357 Κατεῖχε
604 1286 722 1339 δὲ⁸⁰
752 1284 891 1348 τέως
921 1285 1020 1356 τὴν
1057 1283 1286 1356 γνώμην
1329 1283 1422 1336 καὶ
1456 1279 1818 1342 ύπελάνθανε,
1853 1276 1930 1347 μὴ

333 1381 534 1451 χρῆναι
578 1380 830 1450 οἰόμενος
882 1380 1214 1449 ἀνακινῆσαι
1275 1377 1337 1431 τὸ
1383 1377 1552 1447 ἄρχον
1605 1372 1704 1428 καὶ
1758 1388 1928 1443 μετα-

337 1469 712 1524 σκευάσασθαι
757 1468 1180 1540 ταραττομένων
1214 1467 1297 1521 ἔτι
1331 1467 1442 1520 τῶν
1488 1465 1618 1536 τῇδε
1670 1462 1932 1535 πραγμά-

335 1581 467 1630 των,
501 1563 597 1618 καὶ
624 1563 915 1634 μάλιστα⁸¹
943 1563 1042 1632 τῆς
1074 1562 1336 1632 στρατιᾶς
1364 1558 1644 1630 ἡδομένων
1673 1556 1752 1627 τῷ
1781 1557 1934 1626 Μαρ-

338 1655 494 1728 τίνῳ,
550 1655 639 1709 διά
685 1672 745 1708 τε
775 1655 877 1725 τὴν
905 1653 1016 1708 τῶν
1046 1651 1366 1724 πολεμικῶν
1412 1650 1591 1721 ἔργων
1638 1648 1933 1720 ἐμπειρίαν

341 1745 528 1800 καὶτὸ
558 1744 766 1799 ἕκαστα
810 1745 869 1798 ὲν
914 1743 1086 1799 δέοντι
1133 1742 1462 1798 διατάττειν.
1514 1731 1590 1795 Οὗ
1634 1739 1700 1811 δὴ
1746 1740 1931 1805 ἕνεκα,

2027 640 2344 712 praefectura
2374 642 2426 695 in
2455 641 2768 696 universum
2787 640 3081 707 submovit,
3104 641 3268 710 inque
3287 639 3407 711 ejus
3437 640 3618 696 locum

2035 732 2311 789 Justinum
2338 733 2597 789 Germani
2623 734 2793 789 filium
2826 733 3077 797 suffecit.
3112 733 3270 804 251
3303 733 3398 804 qui
3434 735 3618 788 omni-

2029 825 2132 882 bus
2170 841 2268 896 per
2294 825 2608 882 Colchicam
2641 827 2918 898 regionem
2956 833 3011 882 et
3041 827 3354 882 Armeniam
3387 825 3618 897 legioni-
3652 893 3658 898 _

2030 918 2134 974 bus
2159 932 2284 973 cum
2318 919 2474 989 plena
2499 919 2863 990 absolutaque
2895 927 3168 990 potestate
3203 927 3481 990 praeesset.
3515 917 3620 973 Ne-

2030 1022 2137 1078 que
2157 1009 2303 1065 enim
2334 1009 2438 1079 ipsi
2468 1009 2632 1064 etiam
2660 1017 2820 1065 antea
2851 1010 3007 1065 valde
3030 1017 3244 1080 gratum
3270 1017 3407 1074 erat,
3434 1006 3622 1064 Marti-
3705 1049 3711 1072 ε

2031 1116 2158 1154 num
2187 1100 2394 1170 primas
2423 1100 2672 1156 obtinere
2699 1102 3068 1172 omnibusque
3103 1102 3392 1171 imperare,
3417 1101 3623 1172 quippe
3705 1087 3710 1092 ’

2032 1192 2125 1260 qui
2151 1189 2362 1247 fraudis
2399 1191 2453 1246 in
2493 1191 2769 1246 Gubazem
2815 1203 3039 1248 structa
3076 1207 3186 1248 non
3218 1192 3443 1247 minima
3491 1207 3622 1264 pars

2033 1281 2247 1350 fuerat;
2288 1293 2524 1340 mentem
2554 1293 2735 1338 tamen
2764 1299 2920 1340 suam
2952 1285 3184 1354 tegebat,
3218 1286 3624 1356 consiliumque

2033 1372 2349 1428 occultabat
2375 1373 2442 1428 ad
2472 1382 2710 1443 tempus,
2740 1387 3086 1443 nequaquam
3113 1374 3498 1430 concitandum
3527 1387 3624 1430 aut

2035 1464 2437 1521 immutandum
2470 1466 2838 1539 principatum
2873 1482 2996 1524 esse
3026 1475 3218 1533 ratus,
3246 1469 3411 1524 rebus
3443 1469 3624 1526 adhuc

2035 1573 2102 1615 eo
2131 1559 2236 1615 loci
2276 1558 2642 1630 perturbatis,
2681 1558 2954 1629 praecipue
3000 1573 3126 1613 cum
3171 1560 3446 1629 gratiosus
3479 1557 3627 1629 apud

2034 1651 2337 1707 exercitum
2371 1661 2519 1707 esset
2546 1649 2836 1718 Martinus,
2873 1666 2999 1707 cum
3031 1650 3102 1706 ob
3131 1651 3209 1706 rei
3237 1651 3444 1706 bellica:
3477 1650 3625 1721 peri-

2037 1741 2202 1807 tiam,
2238 1750 2355 1797 tum
2383 1740 2531 1812 quod
2572 1751 2878 1812 opportune
2905 1739 3122 1810 singula
3151 1740 3449 1796 ordinaret.
3491 1738 3628 1806 Quae

339 1833 520 1907 οἶμαι,
545 1840 642 1892 καὶ
668 1835 1014 1902 διεσέσωστο,
1049 1835 1173 1890 ἐπεὶ
1198 1833 1266 1889 ἃν
1295 1835 1391 1888 καὶ
1416 1832 1583 1896 αὐτὸς
1619 1832 1842 1905 Ἰωάννῃ
1870 1849 1932 1886 τε

2044 1835 2258 1904 quidem
2308 1850 2398 1891 res
2433 1834 2595 1891 saluti
2638 1835 2687 1890 ei
2711 1874 2728 1900 ,
2759 1843 2821 1890 ut
2855 1834 3118 1898 arbitror,
3151 1833 3289 1889 fuit:
3325 1849 3449 1890 nam
3488 1834 3628 1888 alio-

337 1897 442 1986 κοὶι
476 1897 772 2002 ’βουστίκῳ
807 1897 1254 2000 ξυνετεθνήκει⁸¹
1278 1945 1294 1959 ·
1348 1927 1444 1982 νῦν
1484 1926 1540 1980 δὲ
1572 1925 1768 1996 ὥσπερ
1797 1897 1935 1980 άνίδοῖ

2044 1897 2171 1995 quin
2203 1925 2368 1981 etiam
2399 1926 2503 1996 ipsi
2537 1941 2662 1980 cum
2692 1897 2906 1981 Joanne
2934 1935 2987 1981 et
3020 1923 3246 1982 Rustico
3279 1925 3630 1981 moriendum

337 2018 454 2072 τῶν
486 2019 760 2090 τροπαίων
798 2019 891 2073 καὶ
922 2019 1023 2088 τῆς
1072 2017 1381 2080 εὐϐουλίας,
1433 2009 1467 2090 ᾗ
1507 2016 1572 2086 δὴ
1608 2015 1760 2086 παρά
1807 2015 1934 2079 τοὺς

342 2110 623 2174 κινδύνους
647 2111 866 2183 ἐχρῆτο,
897 2109 1109 2180 ὑφελὼν
1131 2109 1314 2181 ἠρέμα
1338 2108 1433 2162 καὶ
1461 2107 1812 2177 ὑποχαλάσας
1835 2105 1930 2160 τοῦ

341 2201 514 2269 νόμου
532 2201 576 2231 ⁸³
609 2199 670 2253 τὸ
693 2200 811 2254 λίαν
837 2200 1064 2272 ἀκριϐὲς
1093 2201 1188 2253 καὶ
1217 2198 1597 2271 ἀτιθάσευτον.
1629 2197 1804 2268 ἐφῆκε
1835 2198 1936 2269 μὲν

339 2291 408 2344 τὸ
439 2289 738 2361 ἐπίκλημα,
757 2291 946 2362 ἄρχειν
960 2291 1016 2345 δὲ
1039 2292 1101 2345 οὐ
1133 2288 1448 2362 ξυνεχὼρει,
1477 2289 1615 2342 ἀλλὰ
1640 2289 1936 2345 ἰδιωτεύειν

339 2383 616 2449 ἐκέλευεν,
647 2385 842 2454 ἀρκεῖν
870 2384 1175 2454 ἡγούμενος
1221 2382 1420 2454 ἀτιμίᾳ.
1461 2398 1527 2451 γε
1570 2380 1735 2435 αὐτὸν
1767 2398 1939 2453 τιμω-

339 2475 652 2547 ρήσασθαι,
707 2477 759 2528 εἰ
809 2477 907 2530 καὶ
939 2475 1196 2530 τοσούτου
1248 2475 1558 2546 μιάσματος
1601 2474 1934 2546 μετειλήχει.

352 2567 576 2639 Ἐπειδὴ
603 2564 698 2623 οὖν
747 2569 802 2622 οἵ
831 2586 891 2622 τε
912 2570 960 2602 ⁸⁸
993 2568 1201 2641 Πέρσαι
1233 2567 1498 2639 ἠρέμουν,
1530 2570 1626 2623 καὶ
1653 2568 1940 2642 ἐκεχειρία

340 2659 508 2732 ἐῴκει
538 2661 598 2714 τὸ
626 2661 838 2733 χρῆμα,
878 2661 1000 2715 τότε
1025 2660 1090 2732 δὴ
1116 2661 1208 2716 τὸν
1240 2661 1339 2732 μὲν
1373 2659 1686 2728 ἀπεώσατο,
1725 2659 1942 2716 Ἰουστῐ·

347 2770 437 2806 νον
466 2751 522 2806 δὲ
565 2754 916 2826 προσήκοντά
965 2754 1028 2807 τέ
1057 2755 1108 2806 οἱ
1142 2752 1220 2817 ὡς
1265 2753 1542 2823 ἐγγύτατα
1584 2755 1727 2810 κατά
1761 2754 1938 2825 γένος,

347 2845 447 2899 καὶ
470 2844 645 2910 ἄλλως
673 2846 1105 2917 ὀνομαστότατον
1133 2849 1192 2900 ὲν
1221 2845 1302 2918 τῷ
1329 2846 1451 2900 τότε
1476 2841 1618 2902 εἶναι
1657 2846 1938 2912 δοκοῦντα,

352 2933 692 3004 μετάκλητον
710 2935 767 2988 ὲν
779 2934 1058 3007 Βυζαντίῳ
1077 2935 1466 3008 ποιησάμενος,
1478 2935 1697 2992 ἅπασάν
1714 2954 1774 2991 τε
1791 2936 1942 3009 αὐτῷ

351 3027 688 3098 παραδίδωσι
709 3027 810 3099 τὴν
829 3028 1024 3100 ἀρχὴν,
1045 3029 1135 3082 καὶ
1151 3023 1307 3093 αὖθις
1329 3032 1386 3092 ις
1405 3031 1646 3101 Κόλχους
1662 3031 1942 3102 ἐκπέμπει

350 3121 468 3183 τοῖς
494 3119 688 3189 ἑφεξῆς
713 3120 1108 3192 ἀρμοσόμενον.
1128 3116 1236 3175 Ἦν
1251 3120 1309 3174 δέ
1334 3139 1417 3186 τις
1435 3123 1483 3154 ⁸⁵
1501 3123 1558 3175 ὲν
1576 3120 1653 3193 τῷ
1677 3123 1815 3194 ἀμφ’
1842 3124 1940 3176 αύ-

347 3211 447 3263 τον
467 3209 638 3281 ὁμίλῳ
663 3211 915 3282 Ἰωάννης
931 3211 1124 3283 ὄνομα,
1151 3211 1321 3276 Λίϐυς
1347 3212 1487 3284 ἀνὴρ
1504 3213 1570 3278 ⁸⁸,
1601 3214 1817 3285 ἀφανὴς
1843 3215 1944 3286 μὲν
1969 3254 2012 3312 C

343 3302 421 3355 τὰ
442 3302 635 3373 πρῶτα
656 3303 754 3357 καὶ
775 3302 1201 3376 πενιχρώτατος,
1223 3303 1299 3369 ὡς
1316 3306 1412 3359 καὶ
1430 3305 1525 3358 τοῦ
1541 3305 1753 3379 ἀπζῇν
1779 3307 1944 3363 ἕνεκα

345 3392 677 3465 μισθαρνεῖν
700 3395 872 3468 ἑτέρῳ
888 3413 966 3467 τῳ
981 3396 1025 3428 ⁸⁷
1050 3397 1144 3450 καὶ
1162 3395 1485 3462 ξυνέπεσθαι
1505 3397 1614 3451 τῶν
1629 3399 1946 3472 δορυφόρων

345 3487 573 3552 καὶτὰς
603 3487 716 3540 τῶν
739 3489 1088 3558 θεραπόντων
1114 3489 1328 3558 στέγειν
1355 3489 1568 3556 ὀδύνας,
1599 3491 1662 3544 οὺ
1687 3491 1868 3564 πολλῷ
1888 3493 1948 3548 δὲ

341 3581 584 3650 ὕστερον
618 3581 712 3634 ἐπὶ
747 3581 892 3652 μέγα
921 3581 1154 3636 πλούτου
1189 3599 1248 3636 τε
1282 3582 1377 3636 καὶ
1419 3581 1738 3648 ἀλαζονείας
1771 3585 1946 3657 ἠρμέ-

339 3687 466 3734 νος.
501 3670 741 3725 Πλεῖστα
766 3672 874 3742 γὰρ
897 3673 996 3725 ὅσα
1027 3672 1505 3743 μηχανησάμενος,
1537 3673 1633 3727 καὶ
1654 3673 1946 3741 διά-ποικί-

341 3765 454 3835 λης
484 3765 742 3836 χωρήσας
783 3765 1014 3829 ἐννοίας,
1046 3765 1374 3835 γνωρίζεται
1401 3764 1504 3818 οὐκ
1524 3765 1580 3829 ἐς
1633 3766 1853 3837 μακρὰν
1869 3768 1948 3839 τῷ

360 3855 663 3925 Ἰουστίνῳ,
679 3857 936 3918 κάκιστος
955 3856 1010 3910 δὲ
1027 3855 1102 3910 ὣν
1120 3855 1216 3912 καὶ
1243 3858 1704 3929 πανουργότατος,
1723 3859 1818 3912 καὶ
1838 3857 1948 3924 οἷος

347 3948 511 4001 οὐδὲν
527 3947 702 4002 ὁτιοῦν
726 3948 834 4002 τῶν
857 3949 1057 4004 ἀδίκων
1075 3967 1136 4004 τε
1159 3945 1254 4004 καὶ
1275 3949 1507 4032 ἀνοσίων
1525 3951 1948 4023 ἐγχειρημάτων

353 4040 589 4111 κέρδους
616 4042 772 4095 ’ἐκατι
801 4042 1219 4106 ἀπαναίνεσθαι,
1253 4044 1414 4114 ῥητόν
1441 4061 1494 4096 τι
1527 4044 1724 4115 μέτρον
1745 4045 1792 4077 ⁸⁸
1822 4063 1950 4117 χρυ-

354 4131 462 4185 σοῦ
508 4135 646 4188 αἰτεῖ
688 4135 780 4188 τὸν
824 4135 1152 4207 στρατηγὸν,
1201 4136 1502 4207 ὁμολογῶν,
1555 4137 1605 4190 εί
1643 4138 1947 4208 κομίσοιτο,

344 4225 511 4295 αὐτῷ
551 4243 610 4278 τε
651 4225 730 4298 τῷ
763 4229 1102 4298 παρασχόντι
1135 4228 1193 4291 ἐς
1227 4230 1349 4283 ὅσον
1378 4227 1446 4282 ἂν
1491 4230 1667 4283 ἕλοιτο
1682 4231 1726 4262 ⁸⁸
1758 4232 1950 4303 χρόνον

337 4320 427 4371 τὰ
469 4319 752 4390 ἐπιτήδεια
784 4322 1110 4392 προσφόρως
1143 4323 1545 4393 ἐκποριεῖσθαι,
1589 4325 1683 4377 καὶ
1719 4325 1854 4396 πρός
1884 4341 1947 4392 γε

333 4413 557 4467 ὁπόσον
587 4414 770 4485 παρῆν
801 4415 1021 4486 θητικόν
1059 4433 1118 4468 τε
1154 4416 1247 4470 καὶ
1275 4416 1482 4480 δοῦλον,
1524 4417 1616 4470 καὶ
1657 4418 1770 4472 ὅσοι
1801 4418 1949 4473 ἄλλοι

333 4506 448 4580 [Ρ.
473 4504 603 4578 151]
629 4507 818 4560 ὀπαδοί
848 4525 908 4560 τε
935 4508 1028 4561 καὶ
1051 4509 1322 4580 ὑπηρέται
1356 4510 1452 4562 καὶ
1473 4509 1784 4582 δορυφόροι,
1814 4510 1951 4564 ἁλλά

2038 2014 2252 2072 fuisset.
2285 2014 2442 2073 Nunc
2471 2032 2602 2073 vero
2643 2017 2947 2073 reverentia
2992 2017 3228 2088 quadam
3270 2017 3629 2073 victoriarum

2037 2115 2090 2164 ct
2119 2109 2463 2178 prudentiae,
2515 2124 2623 2178 qua
2673 2109 2728 2164 in
2780 2110 2977 2180 quovis
3016 2109 3333 2166 discrimine
3377 2108 3631 2164 adeundo

2039 2201 2294 2256 utebatur
2312 2243 2326 2268 ,
2353 2200 2422 2256 de
2444 2216 2662 2256 summo
2683 2201 2807 2271 jure
2829 2201 3081 2257 nonnihil
3115 2201 3428 2268 detrahens,
3464 2200 3630 2271 legis-

2038 2308 2147 2363 que
2191 2293 2522 2364 rigiditatem
2572 2293 3058 2364 austeritatemque
3103 2302 3418 2363 temperans
3466 2302 3631 2364 atque

2039 2385 2324 2450 edulcans,
2360 2385 2568 2450 crimen
2600 2385 2818 2455 quidem
2853 2386 2904 2440 ei
2944 2386 3192 2451 remisit,
3231 2386 3498 2456 imperare
3529 2401 3634 2442 au-

2041 2482 2150 2530 tem
2187 2490 2294 2529 non
2324 2475 2604 2545 permisit,
2637 2477 2731 2532 sed
2763 2477 3032 2548 privatam
3063 2477 3228 2532 vitam
3261 2491 3422 2547 agere
3442 2477 3627 2548 jussit,

2041 2567 2289 2624 sufﬁcere
2315 2574 2490 2634 ratus,
2521 2567 2568 2624 si
2596 2568 2770 2640 ipsum
2805 2569 3104 2641 ignominia
3139 2569 3394 2634 alliceret,
3429 2570 3627 2626 etiam-

2043 2661 2090 2716 si
2118 2661 2253 2717 tanti
2281 2662 2510 2720 sceleris
2529 2663 2803 2735 particeps
2833 2663 3046 2720 fuisset.
3075 2663 3208 2719 Cum
3240 2664 3424 2736 itaque
3454 2662 3632 2720 Persae

2042 2754 2412 2826 quiescerent,
2443 2763 2728 2826 statusque
2766 2771 2950 2813 rerum
2971 2756 3206 2812 induciis
3239 2765 3385 2812 esset
3410 2757 3630 2819 similis.

2043 2846 2194 2902 hunc
2232 2846 2455 2917 quidem
2499 2847 2810 2914 submovit,
2862 2847 3080 2903 Justin
3114 2861 3280 2910 vero,
3325 2847 3632 2902 arctissima

2043 2938 2457 3010 propinquitate
2500 2940 2716 3011 generis
2760 2939 2862 2996 sibi
2908 2939 3242 3010 conjunclo,
3291 2946 3346 2993 et
3389 2938 3631 3008 alioquin

2044 3028 2269 3082 maximi
2300 3042 2400 3099 per
2436 3026 2491 3082 id
2530 3035 2746 3097 tempus
2786 3027 3062 3094 nominis,
3098 3027 3418 3099 Byzantium
3460 3027 3531 3082 ad
3574 3041 3637 3084 se

2044 3126 2307 3184 evocato,
2353 3119 2669 3174 universum
2716 3119 3006 3189 imperium
3049 3119 3279 3185 detulit,
3330 3137 3636 3193 rursusque

2049 3211 2116 3265 ad
2153 3209 2388 3268 Colchos
2432 3211 2624 3278 misit,
2670 3213 2856 3268 omnia
2900 3212 3157 3284 deinceps
3199 3213 3630 3271 moderaturum.

2047 3302 2211 3374 252
2244 3304 2370 3360 Erat
2401 3313 2582 3361 autem
2615 3307 2837 3378 quidam
2867 3306 2922 3361 in
2955 3308 3115 3362 turba
3146 3308 3324 3379 ipsum
3351 3320 3633 3380 sequente,

2047 3397 2287 3452 Joannes
2318 3399 2574 3467 nomine,
2607 3399 2765 3466 Afer,
2799 3400 2884 3456 vir
2920 3401 3189 3458 obscurus
3221 3401 3439 3472 quidem
3476 3401 3637 3457 initio

2047 3497 2104 3544 et
2131 3490 2546 3561 pauperrimus,
2585 3492 2722 3548 adeo
2753 3502 2812 3548 ut
2839 3493 3018 3549 victus
3039 3493 3316 3564 quaerendi
3349 3509 3516 3550 causa
3554 3495 3637 3550 al-

2050 3583 2149 3635 teri
2202 3581 2441 3652 cuipiam
2485 3585 2885 3640 mercenarium
2929 3600 3086 3640 suam
3133 3599 3356 3656 operam
3391 3585 3635 3649 locaret,

2049 3682 2104 3728 et
2133 3674 2398 3730 satellites
2422 3682 2747 3742 sectaretur,
2771 3683 2825 3731 et
2854 3676 3233 3732 ministrorum
3254 3677 3467 3732 labores
3504 3676 3638 3730 sub-

2051 3766 2192 3833 iret,
2247 3781 2356 3821 non
2396 3767 2576 3822 multo
2621 3777 2802 3822 autem
2863 3777 2988 3838 post
3026 3768 3092 3823 ad
3133 3783 3380 3824 summas
3417 3781 3548 3838 opes
3584 3777 3640 3822 et

2053 3856 2253 3912 fastum
2299 3858 2497 3912 elatus.
2541 3857 2986 3927 Quamplurimas
3033 3858 3178 3912 enim
3221 3858 3448 3914 tecbnas
3485 3873 3640 3913 com-

2051 3958 2346 4019 mentaque
2391 3965 2514 4003 cum
2559 3952 2952 4019 excogitasset,
2994 3951 3286 4005 innotescit
3320 3950 3468 4006 brevi
3516 3961 3642 4020 post

2053 4052 2293 4112 tempore
2321 4041 2542 4097 Justiuo
2566 4083 2582 4106 ,
2633 4042 3003 4112 nequissimus
3029 4041 3232 4109 alioqui
3271 4043 3543 4096 exsistcns
3585 4053 3642 4094 et

2054 4133 2488 4197 versutissitnus,
2516 4133 2721 4203 quique
2749 4133 2956 4186 nullum
2981 4131 3139 4202 plane
3162 4132 3408 4201 iniquum
3435 4131 3642 4200 impro-

2052 4226 2293 4297 bumque
2319 4227 2521 4283 factum
2553 4235 2796 4298 quaestus
2829 4241 2993 4281 causa
3021 4232 3320 4282 recusaret.
3351 4223 3402 4278 is
3431 4237 3638 4281 certam

2052 4322 2347 4392 quamdam
2380 4323 2498 4376 auri
2527 4336 2800 4376 summam
2828 4337 2854 4374 a
2886 4318 3143 4390 praefecto
3167 4317 3319 4388 petit,
3341 4319 3638 4388 spondens,

2054 4415 2099 4469 si
2127 4429 2248 4470 eam
2281 4414 2540 4480 auferret,
2569 4424 2622 4470 et
2646 4413 2769 4484 ipsi,
2799 4413 2890 4483 qui
2925 4427 3045 4468 eam
3079 4412 3256 4476 daret,
3283 4411 3337 4464 in
3373 4420 3640 4482 quantum

2052 4508 2232 4574 vellet,
2259 4519 2473 4580 tempus
2519 4517 2886 4564 commeatum
2935 4505 3222 4560 commode
3266 4505 3644 4576 suppeditatu-

333 4597 457 4652 καὶ
487 4597 676 4652 τούσδε
707 4599 955 4664 ἅπαντας
983 4600 1082 4672 τῆς
1111 4601 1496 4672 προσηκούσης
1539 4602 1747 4674 τροφῆς
1787 4605 1943 4674 ἐμπι-

2060 4614 2180 4656 rum
2205 4640 2222 4666 ,
2251 4609 2306 4656 et
2343 4608 2604 4671 pra-terea
2643 4598 2906 4670 quidquid
2946 4596 3047 4666 ipsi
3088 4597 3275 4652 aderat
3312 4596 3641 4650 famulorum

329 4691 586 4745 πλάναι.
639 4691 825 4745 Ταῦτα
872 4693 929 4746 δὲ
976 4694 1230 4764 πράττων
1278 4695 1650 4765 ἐπηγγέλλετο
1685 4696 1746 4748 οὐ
1792 4697 1952 4767 μόνον

327 4783 678 4838 ἀποσώσειν
707 4784 754 4816 ¹¹⁰
799 4784 860 4837 τὸ
905 4785 1128 4855 χρυσίον
1178 4786 1325 4840 ἅπαν
1375 4787 1472 4841 καὶ
1516 4787 1950 4842 ἀντικαθεῖναιθί

317 4877 560 4934 ὁπόσον
589 4877 656 4933 ἂν
686 4876 860 4940 λάϐοι,
891 4878 1104 4942 ἐντελὲς
1136 4879 1227 4930 καὶ
1255 4877 1558 4950 ἁλὼὁητον,
1591 4878 1779 4951 ὥσπερ
1807 4880 1954 4933 ἐκδε-

319 4969 750 5040 δανεισμένον,
797 4969 936 5024 ἀλλά
987 4970 1094 5041 γὰρ
1149 4970 1245 5024 καὶ
1288 4972 1476 5042 ἓτερον
1511 4973 1951 5044 προσεπιδοῦναι.

322 5061 477 5119 Καὶ
511 5059 688 5114 ἐδόκει
723 5060 823 5130 μὲν
861 5063 974 5124 τοῖς
1009 5061 1226 5125 πολλοῖς
1267 5063 1480 5134 κόμπος
1518 5062 1659 5120 εἶναι
1707 5065 1804 5119 καὶ
1843 5060 1958 5118 οἷον

321 5157 599 5224 αἴνιγμα
628 5153 689 5206 τὸ
728 5155 1050 5224 εἰρημένονο
1096 5156 1125 5207 ὁ
1166 5155 1223 5208 δὲ
1274 5155 1577 5221 ’ῐουστῖνος,
1618 5157 1797 5211 καίτοι
1838 5157 1957 5210 δέον

321 5250 534 5311 αὐτὸν
563 5250 863 5321 νεμεσῆσαι
900 5253 967 5322 τῇ
1013 5249 1108 5303 τοῦ
1142 5249 1341 5314 Λίϐυος
1375 5250 1694 5323 ἀδελτηρίᾳ,
1732 5248 1955 5303 ὲπιστά-
1991 5276 1996 5283 -

325 5360 532 5418 μενον
565 5342 641 5406 ὡς
669 5342 770 5396 οὐκ
805 5341 872 5396 ἃν
905 5342 1002 5414 τὴν
1034 5342 1327 5411 ὑπόσχεσιν
1364 5341 1668 5401 διανύσειεν
1695 5342 1768 5413 μὴ
1793 5340 1956 5395 ἄδικα

2057 4702 2112 4747 ct
2154 4695 2479 4759 ’servorum,
2521 4699 2792 4762 quotquot
2837 4689 3002 4744 etiam
3060 4699 3217 4744 erant
3263 4687 3545 4744 domestici
3592 4696 3647 4741 ct

2058 4785 2295 4840 minisui
2336 4800 2402 4840 ac
2437 4785 2730 4846 satellites.
2762 4799 2954 4839 omnes
2995 4782 3096 4839 bos
3145 4783 3460 4838 necessario
3500 4783 3642 4835 v’ctu

2058 4878 2413 4947 repleturum.
2448 4876 2626 4947 Atque
2658 4877 2772 4932 haec
2796 4875 3016 4946 quidem
3058 4874 3259 4930 faciens
3299 4873 3648 4946 promittebat

2057 4985 2115 5024 se
2141 4985 2247 5025 non
2279 4969 2456 5025 solum
2491 4984 2684 5024 aurum
2725 4968 3042 5024 universum
3073 4967 3447 5030 redditurum,
3477 4975 3530 5019 et
3559 4980 3646 5018 re-
3680 4983 3684 4986 ·

2063 5061 2377 5130 positurum
2405 5099 2421 5127 ,
2471 5068 2740 5131 quantum
2787 5059 3124 5130 accepisset,
3166 5059 3436 5128 integrum
3471 5068 3646 5125 neque

2065 5154 2416 5210 imminutum
2445 5195 2460 5221 ,
2497 5161 2558 5208 ut
2589 5163 2781 5209 mutuo
2811 5153 3032 5218 datum,
3074 5153 3168 5209 sed
3202 5160 3254 5206 et
3285 5147 3430 5204 aliud
3468 5161 3647 5203 usurae

2064 5247 2285 5302 nomine
2303 5247 2805 5318 superadditurum.
2835 5245 2899 5301 Et
2918 5245 3197 5300 videbatur
3218 5241 3432 5312 quidem
3458 5237 3648 5293 multis
3669 5297 3678 5310 χ

2063 5339 2243 5394 inanis
2267 5341 2514 5411 quaedam
2535 5340 2800 5409 jactantia
2825 5347 2879 5393 et
2905 5335 3178 5408 :cnigmati
3208 5335 3364 5389 aﬂiuc
3390 5331 3596 5386 dictum
3631 5347 3646 5384 :

1667 5541 1908 5599 VARUE
1945 5539 2359 5598 LECTIONES.

426 5685 484 5717 "°
511 5684 567 5737 δὲ
591 5699 704 5739 om.
730 5685 799 5758 li.
876 5685 919 5758 fl
945 5685 1044 5758 καὶ,
1072 5686 1305 5758 μάλιστα
1338 5687 1406 5752 R,
1447 5685 1575 5758 μάλ.
1598 5687 1694 5758 καὶ
1716 5686 1993 5758 γιιιεκτῆς
2029 5686 2293 5758 στρατιᾶς
2323 5679 2785 5758 Βριηιιιειίεςτῶν
2807 5678 2903 5758 τῇς
2929 5672 3194 5758 aggredi}:
3220 5686 3286 5725 ex
3313 5663 3649 5758 θίξιξῙ-Ῑδξλίει

313 5761 393 5796 ⁸³
434 5738 626 5808 caveri.
651 5756 798 5826 vulg.
875 5756 922 5789 ⁸³
960 5738 1199 5826 τού-δομα
1219 5738 1406 5824 lii-pro,
1550 5738 1740 5826 νόμου.
1763 5738 2161 5810 ﬂamma»;
2196 5738 2399 5826 vulgar
2421 5753 2468 5826 ξε
2496 5738 2707 5826 τεῒιλάύ.
2737 5738 2897 5826 cui:
2950 5738 3012 5826 _°5
3043 5741 3111 5816 ἧν
3137 5743 3207 5826 δξῑ
3227 5758 3350 5826 τις-ι

314 5802 469 5887 ςιἱᾶ
485 5802 674 5894 usque
693 5802 1414 5897 Ξιῖεπιχείρἦὲέῗῃῗ
1438 5802 1525 5883 ed.
1546 5802 2062 5882 ἱξόῗιῖιῖήἶέἶξῖιῖιῖ
2080 5802 2389 5895 iam?»
2417 5802 2717 5930 ἀνήρδῖἶίι.
2745 5802 2839 5850 ’⁷⁸⁷
2877 5817 3050 5902 ἑτέρω
3068 5802 3136 5868 ’τε
3163 5802 3228 5868 tt'.
3261 5881 3272 5893 α
3306 5806 3351 5840 ³⁸
3388 5807 3550 5930 μέρος
3583 5802 3647 5900 εἰ.

317 5903 391 5930 κο
430 5896 602 5930 21....
628 5896 666 5930 η
735 5896 780 5928 ιο
804 5895 1110 5930 human...
1135 5897 1173 5930 η
1211 5906 1260 5930 ι..
1296 5897 1313 5930 1
1341 5899 1444 5930 ..αλ
1488 5899 1510 5930 ι
1642 5897 2090 5930 A-.x.:......m.t-
2126 5913 2188 5930 ..ν
2217 5911 2342 5930 mm.
2400 5893 2528 5930 tum
2612 5887 3120 5930 οιβιυτιναταθςιηι
3151 5899 3296 5930 enm.
3321 5878 3450 5930 CL).
3492 5875 3642 5930 ϐηιὶ.

317 5875 780 5968 ἷὸτέλῖάξῐιὶῖῖο
793 5875 1180 5951 ὶᾶέϐᾱὼὲἑίῦἲι
1202 5875 1265 5953 ἐἰ
1289 5875 1944 5967 ifu'gaf't'
2217 5875 2362 5952 corr.
2397 5875 2570 5963 Lugii.
2612 5893 2654 5923 ⁹¹
2676 5875 3120 5945 ἀντικαταθέΐναι
3151 5881 3296 5951 conj.
3321 5875 3402 5935 Cll
3421 5875 3564 5948 λάϐῃ
3583 5875 3642 5928 ιι.

620 6008 892 6070 Ριιτιιοι.
939 6007 1055 6068 Gn.
1097 6006 1480 6070 LXXXVIII.
3200 5992 3272 6055 48
