4060 6432
509 378 646 444 1515

1702 387 1795 447 AG
1805 385 2060 447 ATHLE
2103 384 2512 446 SCHOLASTI
2521 384 2591 446 CI

3622 398 3743 464 1516

502 498 754 555 Justinus
799 515 961 566 vero,
1005 515 1131 557 cum
1179 503 1513 573 oportuisset
1557 518 1680 559 eum
1731 502 1930 558 oﬂ‘cndi
1983 500 2093 557 Afri

2201 498 2346 570 δρῶν
2379 499 2475 552 καὶ
2507 499 2656 568 βίαια
2696 499 2857 570 ἔργα,
2903 501 2999 553 καὶ
3048 500 3381 572 παρανόμοις
3428 504 3559 558 τισὶν
3601 508 3748 578 ἐμπο-

507 591 655 646 illius
700 590 922 666 ineptiis
948 637 961 659 ,
1004 595 1264 650 scientem
1296 635 1310 658 ,
1347 599 1494 665 quod
1543 597 1812 667 promissa
1845 603 2093 665 praestare

2215 588 2358 657 ρίαις
2402 588 2798 659 λυμαινόμενος
2827 589 3095 654 ἅπαντας,
3135 585 3216 652 οἷς
3248 590 3316 644 ἂν
3363 594 3682 664 ὁμιλήσειεν·
3728 603 3752 651 ό

505 681 666 752 253
696 698 801 738 non
828 695 1030 754 posset,
1057 686 1161 740 nisi
1194 686 1394 756 injusta
1415 695 1470 743 et
1503 687 1739 742 violenta
1759 700 1924 757 opera
1947 700 2104 739 exer-

507 788 636 827 cens
661 814 676 838 ,
707 784 761 829 et
792 775 1089 844 illegitimis
1115 777 1442 846 quibusdam
1485 777 1947 850 negotiationibus
1977 790 2100 830 om—

2208 680 2266 732 δέ
2299 679 2617 750 προσήκατό
2641 697 2700 734 τε
2727 681 2854 744 τοὺς
2881 680 3097 749 λόγους,
3145 682 3240 735 καὶ
3275 681 3336 734 τὸ
3364 684 3574 754 χρυσίον
3599 703 3752 758 παρα-

2209 773 2334 837 δοὺς
2364 772 2458 826 ἐπὶ
2484 775 2604 836 ταῖς
2640 771 2930 844 ξυνθήκαις
2975 772 3194 843 ἐφίησιν
3223 773 3369 844 αὑτῷ
3395 776 3638 846 πράττειν
3662 780 3686 831 ὅ
3709 797 3754 833 τι

505 881 641 930 nes,
699 867 1024 937 quibuscum
1071 869 1122 924 ei
1171 885 1259 925 res
1302 879 1493 936 esset,
1553 869 1819 940 perderet,
1859 867 2093 922 rationes

2211 865 2304 918 καὶ
2334 863 2597 935 βούλοιτο.

508 948 653 1012 illius
686 956 938 1025 admisit,
981 974 1226 1029 auroque
1272 959 1323 1013 ei
1398 969 1690 1016 numerato
1753 958 2061 1030 permittit,
2104 964 2166 1011 ut
2203 955 2272 1012 de
2325 955 2528 1025 quibus
2570 955 2712 1010 inter
2771 955 2921 1026 ipsos
2974 963 3309 1010 convenerat
3357 954 3586 1020 faceret,
3632 962 3759 1027 quod

509 1050 684 1105 vellet.

573 1141 663 1197 22.
722 1141 879 1199 Tunc
931 1145 1116 1216 itaque
1163 1143 1410 1205 Joannes
1462 1163 1632 1219 pagos
1677 1147 2052 1203 Romanorum
2081 1186 2096 1209 ,

503 1241 776 1302 quotquot
805 1233 859 1288 in
893 1235 1085 1292 itinere
1109 1238 1200 1292 siti
1230 1247 1419 1305 erant,
1461 1238 1751 1304 accedens,
1780 1237 2099 1293 convocatis

504 1325 734 1392 incolis,
783 1327 877 1382 ubi
935 1329 1156 1399 quidem
1212 1331 1379 1386 boum
1423 1331 1580 1401 copia
1621 1345 1739 1386 non
1781 1339 1899 1385 erat
1925 1369 1940 1395 ,
1982 1329 2100 1398 ipse

501 1417 805 1474 exercitum
854 1419 921 1474 iis
969 1436 1129 1492 egere
1170 1437 1268 1491 pro
1309 1423 1578 1479 concione
1614 1423 1855 1478 dicebat.
1892 1420 2096 1491 Viginti

505 1510 672 1580 igitur
702 1509 905 1567 talenta
933 1511 1217 1583 proierens
1243 1533 1256 1569 :
1297 1515 1404 1569 Pro
1431 1516 1560 1581 hac,
1606 1514 1917 1585 inquiebat,
1952 1529 2097 1568 sum-

504 1619 590 1656 ma
613 1612 816 1673 oportet
846 1621 934 1659 vos
974 1604 1124 1660 boues
1165 1607 1412 1674 tradere,
1457 1609 1631 1662 minus
1663 1623 1768 1662 non
1811 1606 1967 1670 licet;
2004 1605 2095 1660 sed

503 1698 730 1765 pretium
759 1699 909 1767 prius
941 1699 1192 1768 accipite,
1220 1709 1277 1754 ut
1307 1701 1436 1754 mihi
1461 1716 1618 1770 quam
1645 1701 1896 1754 citissime
1917 1714 2094 1754 omnes

496 1788 655 1852 ,boves
681 1789 906 1844 sistatis.
937 1789 1050 1844 Illis
1079 1805 1207 1846 vero
1240 1791 1592 1860 precantibus
1612 1831 1625 1852 .
1662 1799 1724 1846 ut
1753 1790 2092 1856 remitteret,

503 1890 556 1934 et
583 1881 931 1949 jurantibus,
953 1881 1155 1949 boves,
1182 1897 1323 1953 quos
1357 1883 1621 1938 baberent
1641 1923 1656 1947 ,
1687 1883 1912 1939 arandis
1945 1883 2093 1952 ipso-

2272 1144 2381 1214 κβν.
2421 1143 2556 1198 Τότε
2589 1143 2656 1212 δὴ
2686 1137 2777 1197 οὖν
2809 1146 2838 1198 ό
2885 1143 3143 1214 Ἰωάννης
3169 1145 3294 1206 ταῖς
3327 1142 3650 1213 Ῥωμαϊκαῖς
3671 1143 3763 1197 κὼ-

2205 1255 2335 1308 μαις
2373 1236 2694 1307 ἐπιφοιτῶν,
2729 1237 2928 1289 ὁπόσαι
2957 1237 3062 1290 ἀνά
3097 1236 3198 1306 τὴν
3230 1233 3462 1305 πορείαν
3492 1233 3762 1304 ἐτύγχανον

2201 1329 2514 1401 ἱδρυμέναι,
2547 1329 2644 1382 καὶ
2674 1330 2803 1392 τοὺς
2828 1329 3121 1399 οἰκήτορας
3146 1327 3407 1398 ἀγείρων,
3445 1317 3506 1378 οὗ
3539 1327 3632 1397 μὲν
3659 1327 3764 1397 βόες

2199 1420 2425 1490 ἄφθονοι
2470 1421 2570 1474 οὐκ
2615 1415 2779 1491 ἦσαν,
2819 1422 2848 1474 ό
2889 1420 2948 1473 δὲ
2978 1419 3184 1474 τούτων
3223 1416 3431 1471 δεῖσθαι
3470 1417 3532 1471 τὸ
3559 1421 3763 1491 στρατό-

2200 1511 2360 1564 πεδον
2406 1510 2763 1582 ἐδημηγόρει.
2809 1510 2919 1563 Καὶ
2949 1510 3132 1564 τοίνυν
3169 1509 3345 1563 εἴκοσι
3384 1508 3616 1563 τάλαντα
3647 1528 3764 1582 προ-

2195 1603 2385 1675 φέρων
2406 1619 2421 1634 ·
2462 1620 2481 1653 ι
2512 1601 2800 1656 Τοσούτων
2826 1603 2972 1671 ὑμᾶς
2987 1603 3057 1668 ³⁸,
3097 1601 3363 1670 ἔφασκεν,
3404 1599 3614 1671 ἀνάγκη
3647 1617 3766 1671 χρη-

2197 1692 2384 1762 μάτων
2409 1690 2728 1758 ἀποδόσθαι,
2755 1691 2853 1744 καὶ
2879 1692 3029 1760 μεῖον
3054 1689 3156 1743 οὐκ
3183 1688 3423 1742 ἔνεστινο
3461 1687 3598 1742 ἀλλά
3619 1690 3676 1741 τδ
3700 1689 3768 1741 τί·

2195 1802 2270 1856 μη
2280 1801 2354 1855 μα
2377 1781 2597 1854 δέχεσθε
2615 1782 2662 1815 ”
2689 1781 2980 1855 πρότερον,
3004 1783 3099 1836 καὶ
3120 1783 3270 1844 ὅπως
3297 1797 3392 1850 μοι
3413 1779 3512 1849 τὴν
3531 1778 3770 1850 ταχίστην

2193 1875 2441 1938 ἅπαντας
2470 1874 2601 1938 τοὺς
2639 1873 2770 1945 βόας
2800 1875 3179 1945 ἀποκομιεὴε.
3219 1890 3238 1924 ι
3290 1871 3416 1926 Τῶν
3441 1870 3498 1924 δὲ
3524 1871 3770 1925 ἱκετευόν-

503 1987 622 2025 rum
661 1971 807 2043 agris
840 1989 946 2028 non
981 1950 1233 2029 sufﬁcere
1253 2013 1268 2037 ,
1295 1988 1484 2030 severe
1511 1974 1806 2030 admodum
1832 1973 2093 2028 renuebat

2196 1982 2304 2019 των
2359 1966 2570 2020 ἀνεῖναι
2615 1964 2713 2020 καὶ
2763 1963 3196 2036 ἐπομνυμένων,
3243 1957 3282 2036 ἦ
3336 1962 3446 2034 μὴν
3497 1963 3628 2034 μηδέ
3665 1963 3774 2016 ὅσον

503 2065 787 2130 scelestus,
814 2075 870 2121 et
900 2081 1094 2137 graves
1134 2069 1313 2122 minas
1342 2066 1617 2134 addebat,
1669 2067 1715 2123 si
1757 2081 1867 2122 non
1907 2066 2097 2122 liceret

504 2155 759 2223 przefeeto
783 2158 1056 2213 exercitus
1081 2157 1454 2212 necessarium
1481 2168 1850 2214 commeatum
1880 2172 2098 2214 coeme-

505 2260 596 2312 re;
626 2247 873 2318 adeoque
908 2247 1350 2318 indignabundus
1377 2264 1489 2304 rem
1516 2250 1900 2322 exaggerabat,
1924 2250 2098 2305 donec

503 2338 577 2392 illi
639 2342 1052 2408 pretiosissimis
1095 2341 1213 2396 suis
1274 2342 1438 2398 rebus
1481 2342 1814 2413 divenditis,
1867 2343 2098 2412 aurique

501 2446 715 2486 summa
772 2442 1036 2502 quantum
1092 2432 1210 2489 ﬁeri
1263 2442 1480 2503 poterat
1535 2436 1775 2490 maxima
1823 2434 2094 2501 conflata,

501 2522 822 2578 mandatum
851 2539 882 2579 a
911 2525 1118 2582 nefario
1149 2528 1241 2585 illo
1268 2528 1628 2594 redimebant.
1654 2527 1786 2583 Inde
1811 2543 1940 2584 vero
1969 2544 2087 2584 rur-

502 2629 624 2666 sum
663 2613 978 2686 profectus,
1011 2633 1136 2674 eum
1173 2620 1282 2676 alio
1307 2620 1581 2684 venisset,
1629 2620 1721 2674 ubi
1757 2620 2094 2676 camelorum

503 2711 598 2756 aut
622 2703 894 2760 mulorum
933 2723 1128 2762 nomen
1159 2724 1229 2764 ne
1259 2709 1504 2764 auditum
1531 2710 1751 2780 quidem
1782 2719 1901 2766 erat
1921 2751 1937 2775 ,
1979 2711 2096 2780 ipse

502 2808 693 2847 eorum
729 2811 896 2851 eausa
928 2813 986 2852 se
1012 2801 1197 2855 venire
1222 2801 1529 2868 clamabat,
1579 2801 1746 2872 254
1793 2802 2094 2872 iisdemque

502 2901 726 2942 rursum
763 2889 946 2944 verbis
975 2899 1154 2958 utens,
1190 2907 1385 2946 aurum
1414 2894 1758 2957 ostendebat,
1798 2908 2095 2964 rursusque

502 2988 728 3048 accepto
753 2995 888 3036 auro
921 2982 1256 3039 discedebat.
1289 2984 1348 3039 In
1385 2985 1531 3042 hunc
1554 3001 1684 3057 ergo
1715 2988 1935 3042 modum
1966 3002 2091 3042 cum

501 3084 694 3125 omnes
715 3070 866 3125 vicos
892 3084 946 3128 et
975 3089 1144 3144 pagos
1166 3074 1364 3142 obiret,
1389 3092 1642 3146 quaerens
1663 3087 1826 3146 atque
1843 3077 2089 3149 exigens,

501 3176 624 3230 qua:
654 3176 760 3215 non
802 3162 1074 3220 habebant
1102 3205 1118 3232 ,
1174 3177 1230 3223 et
1275 3183 1451 3238 neque
1490 3169 1746 3224 venderet
1791 3169 2090 3240 quidquam

503 3251 716 3321 uspiam
739 3293 754 3317 ,
790 3269 966 3325 neque
999 3266 1204 3312 emeret
1225 3300 1240 3325 ,
1296 3274 1475 3330 neque
1503 3260 1707 3330 alioqui
1745 3271 2088 3322 contractum
2119 3298 2164 3358 ο

504 3343 676 3397 ullum
727 3345 928 3412 iniret,
977 3349 1236 3416 pecunias
1269 3351 1520 3421 exigebat
1566 3361 1622 3407 et
1665 3353 1991 3409 corradebat
2023 3355 2092 3408 ab

504 3435 594 3500 iis,
627 3436 694 3490 ad
725 3452 865 3506 quos
889 3439 1034 3493 nulla
1061 3441 1220 3510 plane
1256 3442 1468 3498 redibat
1503 3444 1711 3500 utilitas
1734 3484 1750 3510 ,
1780 3446 2093 3502 celerrime.

504 3542 612 3596 que
644 3526 756 3596 jam
789 3545 908 3586 sors
945 3531 1061 3601 ipsa
1100 3533 1214 3588 sive
1244 3544 1410 3604 caput
1439 3536 1756 3593 accessione
1787 3552 1927 3593 nova
1957 3552 2094 3593 con-

502 3615 904 3686 duplicabatur.
949 3619 1244 3692 Postquam
1274 3640 1402 3679 vero
1432 3625 1500 3680 ad
1534 3625 1770 3683 Colchos
1808 3631 2050 3698 pervenit
2073 3665 2088 3690 ,

503 3714 692 3768 eadem
719 3712 848 3770 fecit
870 3756 885 3781 ,
919 3723 971 3771 et
999 3727 1257 3786 praeterea
1289 3720 1615 3790 conquisitis
1643 3722 1829 3778 nescio
1858 3739 1966 3794 qua
1998 3740 2090 3779 ra-

507 3803 654 3859 tione
679 3805 904 3861 navibus
929 3808 1197 3865 onerariis
1222 3849 1237 3874 ,
1275 3809 1483 3866 fructus
1511 3813 1714 3882 patrios
1740 3813 1885 3870 illius
1915 3815 2092 3885 regio-

507 3895 593 3949 nis
622 3895 1012 3953 violentissimc
1036 3899 1274 3970 collegit,
1307 3903 1587 3972 multaque
1613 3902 1882 3958 vilissimo
1917 3904 2091 3974 pretio

505 4001 799 4055 recinens,
845 3989 898 4042 in
952 3999 1168 4046 exteras
1217 4000 1391 4048 terras
1441 3994 1765 4064 exportabat
1800 4010 1864 4049 ac
1902 3995 2090 4051 diven—

507 4079 688 4133 debat.
725 4079 961 4137 Penuria
1005 4083 1190 4154 itaque
1233 4101 1413 4141 rerum
1459 4087 1896 4143 necessariarum
1932 4103 2090 4144 exer-

506 4168 648 4226 citus
680 4172 1062 4241 premebatur,
1103 4174 1238 4230 adeo
1269 4185 1328 4230 ut
1365 4177 1526 4231 etiam
1572 4176 1754 4232 herbae
1782 4187 1964 4234 essent
1996 4193 2089 4233 vc-

508 4259 678 4317 nales.
724 4263 790 4316 At
819 4263 1084 4320 scelestus
1110 4265 1200 4321 ille
1229 4267 1612 4324 venaliciarius
1652 4278 1706 4324 et
1728 4268 2090 4327 dardanarius

507 4354 780 4422 ingentem
819 4364 1085 4425 quaestum
1133 4356 1386 4415 faciebat.
1437 4360 1517 4416 Ex
1557 4360 1642 4417 his
1676 4361 1862 4433 itaque
1890 4363 2088 4434 opibus

508 4451 664 4513 pacta
694 4442 910 4499 Justino
937 4447 1313 4516 persolvebat,
1354 4460 1408 4507 et
1441 4461 1804 4512 commeatum
1830 4454 2086 4526 suppedi-

511 4545 633 4589 tans
657 4579 672 4600 ,
713 4545 768 4592 et
817 4537 1054 4608 priorem
1095 4543 1211 4596 auri
1246 4557 1518 4600 summam
1560 4560 1684 4602 cum
1719 4545 1929 4602 foenore
1959 4547 2088 4603 red-

2198 2057 2366 2129 ἀροῦν
2424 2057 2496 2112 τά
2552 2057 2682 2128 λήῖα
2737 2055 3110 2128 ἀποχρώντως
3172 2055 3514 2126 κεκτῆσθαιζ
3575 2055 3774 2108 ἀνένευε

2201 2150 2345 2222 μάλα
2360 2150 2407 2183 ⁸⁸
2441 2149 2656 2220 σεμνῶς
2692 2150 2722 2202 ό
2759 2149 3094 2218 κατάρατος,
3141 2149 3236 2202 καὶ
3265 2145 3422 2200 δεινά
3465 2148 3696 2200 ἐποιεῖτο
3735 2147 3778 2200 ει

2201 2241 2337 2312 μηδέ
2356 2239 2624 2311 πρίασθαι
2643 2238 2722 2309 τῷ
2754 2237 3047 2310 στρατηγῷ
3076 2238 3226 2308 ἐξείη
3253 2238 3328 2291 τὰ
3358 2235 3658 2305 ἐπιτήδεια.
3681 2235 3777 2288 Καὶ

2197 2335 2255 2397 ἐς
2271 2334 2316 2367 ’⁵
2347 2333 2604 2386 τοσοῦτον
2642 2331 2884 2384 ἐνέκειτο
2916 2330 3282 2401 χαλεπαίνων,
3334 2330 3444 2393 ἕως
3490 2330 3683 2382 ἐκεῖνοι
3719 2328 3777 2380 τά

2197 2423 2506 2494 τιμιώτατα
2529 2422 2641 2476 τῶν
2670 2421 2967 2493 κτημάτων
2997 2422 3521 2493 ἀπεμπολήσαντες,
3547 2422 3639 2474 καὶ
3663 2437 3780 2490 χρυ-

2199 2517 2336 2579 σίον,
2381 2517 2507 2570 ὅσον
2550 2510 2662 2569 οἷόν
2697 2510 2866 2586 τε“ἧν
2898 2515 3082 2578 αὐτοῖς
3101 2515 3169 2583 ⁵⁸,
3211 2513 3778 2586 συνερανισάμενοιθτ,

2198 2610 2474 2680 παρέσχον
2510 2606 2590 2678 τῷ
2625 2604 2992 2677 κακοδαίμονι
3046 2605 3220 2678 λύτρα
3249 2604 3350 2660 τοῦ
3398 2606 3776 2675 ἐπιτάγματος.

2197 2701 2368 2756 Πάλιν
2395 2699 2452 2752 δέ
2483 2697 2693 2752 ἐνθένδε
2725 2696 2820 2751 ίὼν
2850 2696 2947 2751 καὶ
2987 2696 3219 2768 ἑτέρωθι
3239 2698 3285 2731 ⁸⁸
3321 2698 3782 2769 παραγενόμενος,

2196 2793 2324 2846 ἔνθα
2350 2791 2615 2862 καμήλων
2638 2790 2802 2860 τυχὸν
2843 2790 2876 2861 ἢ
2908 2789 3085 2860 ὀρέων
3112 2788 3235 2842 οὐδὲ
3265 2788 3450 2859 ὄνομα
3477 2788 3724 2858 ἠκούετο,
3758 2788 3784 2838 ό

2194 2884 2250 2939 δὲ
2284 2883 2487 2938 τούτων
2512 2882 2678 2937 ἕνεκα
2705 2883 2862 2952 ἥκειν
2891 2880 3044 2946 ἐϐόα,
3089 2881 3183 2935 καὶ
3230 2883 3354 2946 τοῖς
3397 2879 3607 2952 ὁμοίοις
3653 2878 3785 2950 χρώ-

2198 2994 2360 3049 μενος
2407 2976 2571 3030 πάλιν
2621 2973 2934 3028 ἐπεδείκνυε
2969 2972 3218 3045 χρυσίον,
3273 2974 3381 3026 καὶ
3427 2971 3596 3026 πάλιν
3621 2970 3786 3024 λαϐὼν

2195 3067 2498 3140 ἀπεχώρει.
2525 3066 2684 3122 Οὕτω
2709 3064 2774 3136 δὴ
2801 3060 2896 3118 οὖν
2920 3063 3236 3135 ἁπανταχοῦ
3254 3065 3302 3097 ⁹⁹
3337 3063 3679 3138 περινοστῶν
3703 3062 3786 3115 καὶ

2193 3159 2480 3231 ἀναζητῶν
2509 3159 2580 3214 τὰ
2611 3158 2687 3230 μὴ
2721 3157 2988 3229 παρόντα,
3022 3157 3117 3210 καί⁸
3161 3156 3338 3227 μηδὲν
3371 3157 3517 3227 μήτε
3546 3159 3788 3224 ἀπεμπο-

2193 3254 2366 3325 λήσας
2418 3250 2664 3317 πώποτε,
2704 3251 2842 3321 μήτε
2877 3249 3200 3319 πριάμενος,
3253 3249 3407 3319 μήτε
3456 3247 3634 3310 ἄλλως
3685 3259 3788 3306 πως

2197 3344 2509 3418 ξυμϐαλὼν,
2544 3341 2911 3416 ἠργυρολόγει
2937 3341 3032 3394 καὶ
3064 3340 3402 3410 εἰσέπραττε
3432 3339 3563 3402 τοὺς
3594 3335 3753 3408 μηδὲν
3772 3337 3786 3365 ⁸

2194 3437 2372 3497 ὁτιοῦν
2403 3435 2818 3507 ἐπωφληκότας,
2845 3432 3079 3504 τάχιστά
3102 3449 3163 3484 τε
3192 3431 3295 3502 ἤδη
3339 3431 3403 3484 τὸ
3435 3429 3665 3501 ἀρχαῖον
3697 3427 3789 3479 ἐδι-

2193 3529 2524 3594 πλασιάζετο
2551 3530 2666 3592 τοῖς
2705 3526 3180 3599 προσγινομένοις.
3223 3524 3458 3595 Ἐπειδὴ
3485 3523 3544 3577 δὲ
3575 3525 3632 3586 ἐς
3660 3520 3789 3576 Κόλ-

2192 3641 2320 3697 χους
2343 3624 2573 3694 ἀφίκετο
2590 3624 2632 3686 ¹,
2664 3621 2839 3676 ταύτά
2863 3637 2921 3675 τε
2943 3619 3208 3689 ἔπρασσε,
3239 3619 3342 3671 καὶ
3373 3618 3515 3688 πρός
3540 3634 3604 3686 γε
3629 3613 3754 3676 ναῦς
3772 3613 3789 3642 ³

2193 3716 2454 3788 φορτίδας
2501 3715 2603 3768 οὐκ
2649 3709 2765 3766 οἶδα
2808 3713 2958 3774 ὅπως
3006 3709 3490 3780 ἐπικτησάμενος,
3535 3707 3632 3762 καὶ⁸
3675 3707 3792 3769 τοὺς

2193 3808 2442 3881 καρποὺς
2489 3807 2616 3870 τοὺς
2661 3804 2995 3876 ἐπιχωρίους
3041 3801 3370 3874 βιαιόταταδ
3405 3799 3787 3871 ξυναθροίζων,

2194 3901 2289 3956 καὶ
2319 3898 2490 3953 πολλά
2519 3897 2806 3968 ἐλαχίστου
2835 3895 3143 3966 ὠνούμενος
3163 3935 3176 3960 ,
3224 3897 3282 3958 ἐς
3335 3897 3444 3965 τὴν
3492 3894 3790 3960 ἀλλοδαπὴν

2195 3991 2442 4062 ἐξεφόρει
2467 3989 2562 4044 καὶ
2584 3989 2968 4060 διεπίπρασκε.
2993 3989 3199 4051 Σπάνις
3233 3986 3340 4057 μὲν
3363 3982 3463 4040 οὖν
3492 3986 3606 4039 τῶν
3633 3987 3790 4051 ἀναγ-

2193 4082 2365 4136 καίων
2397 4081 2625 4145 εἰκότως
2649 4080 2963 4149 ἐπεγίγνετο
2989 4081 3101 4141 τοῖς
3132 4077 3585 4148 στρατεύμασιν,
3610 4076 3686 4139 ὡς
3706 4075 3790 4128 καὶ

2193 4173 2329 4238 πόας
2356 4168 2497 4228 εἶναι
2526 4173 2739 4237 ὠνίους.
2778 4173 2840 4226 '0
2871 4172 2931 4226 δὲ
2961 4170 3158 4242 μιαρὸς
3198 4171 3416 4235 ἐκεῖνος
3463 4167 3790 4242 μεταϐολεὺς

2192 4266 2288 4321 καὶ
2315 4265 2734 4335 παλιγκάπηλος
2762 4264 2994 4335 μέγιστα
3017 4262 3184 4334 κέρδη
3214 4264 3619 4332 προσεποιεῖτο
3636 4262 3676 4313 ⁵.
3710 4259 3790 4310 Ἐκ

2192 4359 2399 4413 τούτων
2427 4357 2493 4429 δὴ
2525 4353 2618 4411 οὖν
2664 4358 2773 4410 τῶν
2805 4355 2892 4427 [Ρ.
2937 4353 3065 4426 152]
3106 4354 3292 4424 πόρων
3331 4352 3406 4406 τά
3462 4351 3790 4422 ξυγκείμενα

2193 4451 2331 4523 πρὸς
2386 4451 2672 4504 Ἰουστῖνον
2711 4447 2984 4512 ἐπετέλει,
3035 4446 3135 4509 τάς
3175 4462 3234 4498 τε
3283 4443 3512 4516 τροφὰς
3563 4440 3790 4514 παρεχό-

2196 4560 2354 4614 μενος
2405 4543 2499 4598 καὶ
2543 4541 2620 4612 τῷ
2656 4540 2906 4613 προτέρῳ
2935 4539 3148 4610 χρυσίῳ
3180 4535 3677 4608 προσεπιϐάλλων.
3737 4530 3791 4582 ’0

507 4625 661 4682 dens.
681 4624 930 4684 Justinus
949 4645 1100 4696 vero,
1131 4635 1345 4692 tametsi
1369 4637 1497 4706 quid
1525 4645 1778 4708 ageretur
1802 4651 1911 4692 non
1934 4636 2091 4708 igno-

2196 4637 2273 4701 δὲ,
2301 4636 2482 4690 καίτοι
2513 4631 2923 4703 γιγνώσκωντά
2953 4629 3270 4701 ποιούμενα,
3300 4629 3585 4692 πολλάκις
3604 4643 3664 4680 τε
3694 4621 3791 4676 τῶν

510 4727 674 4784 raret,
708 4717 1125 4793 frequenterque
1155 4725 1220 4780 ad
1254 4727 1432 4796 ipsum
1462 4727 1718 4784 euntibus
1749 4729 2087 4795 hominibus,

505 4823 644 4878 quos
673 4807 774 4866 istc
816 4820 933 4866 erat
969 4812 1335 4884 depraedatus,
1371 4827 1424 4873 et
1455 4821 1519 4874 ad
1557 4820 1720 4889 pedes
1757 4819 1929 4890 ipsius
1961 4836 2086 4876 cum

504 4898 897 4958 lamentatione
940 4905 1260 4975 provolutis,
1291 4917 1458 4977 utque
1478 4909 1856 4964 extorsionum
1890 4910 2088 4966 remis-

505 4991 589 5076 sio
612 4993 768 5076 lieret
796 4993 1234 5062 obsecrantibus,
1261 5000 1412 5068 parvi
1437 5009 1616 5056 tamen
1647 5003 1884 5060 lamenta
1908 5004 2085 5076 lacry-

505 5075 733 5154 masque
773 5082 1015 5151 faciens,
1060 5089 1192 5144 citra
1236 5098 1439 5159 metum
1483 5092 1667 5164 inique
1700 5095 1870 5165 partis
1901 5075 2084 5150 vesce-

505 5170 667 5227 batur
714 5175 1090 5249 gaudebatque
1133 5187 1186 5235 ct
1234 5179 1490 5252 inemptis
1534 5182 1707 5254 epulis
1759 5183 1948 5240 fruens
1974 5224 1991 5251 ,
2031 5191 2087 5239 et

2197 4727 2645 4800 λεηλατουμένων
2680 4726 2756 4789 ὡς
2789 4724 2953 4780 αὐτὸν
2991 4724 3181 4777 ἰόντων
3211 4722 3306 4775 καὶ
3359 4720 3466 4773 σὺν
3505 4710 3792 4786 ὀλοφυρμῷ

2197 4819 2764 4891 προκαλινδουμένων,
2795 4817 3040 4888 λὼφησίν
3067 4833 3126 4870 τε
3153 4813 3418 4883 γενέσθαι
3452 4811 3615 4882 σφίσι
3638 4810 3658 4840 ⁸
3692 4805 3792 4860 τῶν

2196 4913 2384 4967 κακῶν
2417 4910 2872 4976 ἀντιϐολούντων,
2923 4910 3073 4980 ὅμως
3111 4907 3222 4960 τῶν
3271 4904 3543 4975 ὀδυρμῶν
3577 4901 3675 4953 καὶ
3706 4897 3792 4951 δα-

2196 5000 2380 5072 κρύων
2412 5000 2568 5069 όλίγα
2599 5001 2913 5072 φροντίσας,
2944 4997 3133 5070 ἢσθιεν
3161 4995 3335 5058 ἀδεῶς
3367 4995 3442 5048 ἐκ
3470 4993 3588 5046 τῶν
3612 4989 3793 5053 ἀδικη-

2199 5092 2406 5162 μάτων,
2440 5091 2538 5146 καὶ
2582 5092 2742 5162 ἥδετο
2777 5092 2876 5163 μὲν
2909 5090 3186 5161 ἀπριάτην
3229 5084 3652 5156 εὐωχούμενος,
3704 5076 3792 5132 καὶ

2193 5184 2332 5256 πρός
2374 5202 2442 5254 γε
2495 5185 2693 5256 μεστὸν
2735 5183 2880 5240 κατά
2907 5182 2968 5237 τὸ
3016 5181 3178 5236 πλέον
3223 5178 3321 5233 καὶ
3358 5175 3792 5249 ἐμϐριθέστερον

1817 5357 2054 5414 νΑιιιΑι
2090 5355 2497 5415 LECTIONES.

578 5527 764 5610 ".Prlo
789 5529 1030 5610 ﬁpignli.
1051 5533 1228 5610 ἡμῶν.
1305 5537 1350 5568 ⁸³
1383 5536 1636 5610 δέχεσθαι
1781 5537 1855 5610 νθδ
1884 5537 2031 5610 μάλα
2065 5537 2158 5604 Β..
2215 5538 2462 5610 μάλιστα
2487 5537 2634 5610 vulg.

2737 5534 2829 5603 ηδέ
2873 5535 2938 5598 Ii,
3000 5535 3076 5605 μὴ
3100 5534 3243 5605 vulg.
3322 5534 3469 5605 ⁹³γὸς
3502 5533 3549 5587 Β
3579 5549 3680 5604 pro
3715 5536 3783 5605 ἐς.

509 5597 555 5629 ’⁸
580 5597 761 5661 αὺτοῖς
783 5597 898 5679 _0in.
930 5601 1025 5679 Β..
1072 5597 1126 5634 ’⁵⁷
1155 5597 1638 5679 συνερανισᾶμενοι
1671 5607 1741 5668 Β,
1764 5597 2160 5679 -ἐραξιισάμενοὶ
2193 5597 2338 5678 vulg.
2417 5605 2464 5640 "
2511 5597 2779 5679 ἑτέρωθεν
2883 5597 3330 5679 παραγενόμενος
3371 5604 3441 5679 ιζ,
3490 5597 3788 5679 παρειγινά-

510 5682 671 5788 μενος
710 5669 854 5738 vulg.
929 5672 974 5703 ”
1003 5669 1308 5745 ἀπανταχεῗ
1333 5677 1399 5731 R.

557 5740 680 5788 uad.
709 5748 761 5788 et
791 5740 876 5788 ed.
919 5756 1022 5788 ιη’-.
1058 5746 1103 5788 τ’
1131 5747 1269 5788 arb-ri
1301 5748 1352 5788 ν’
1381 5745 1399 5788 ς

557 5740 680 5817 ugd.
709 5748 761 5792 et
918 5746 1103 5817 pr.._r'
1131 5740 1270 5801 αὐέᾶ
1301 5748 1352 5815 γ’
1381 5745 1514 5816 Sph.
1546 5740 1690 5802 Par:
1743 5740 1767 5777 ³
1790 5740 2009 5814 γενναῖς
2047 5745 2088 5800 R
2118 5740 2312 5817 pro'y's
2347 5748 2498 5812 ναῦς.

511 5805 531 5835 ⁸
556 5805 708 5872 σφίσι
738 5809 862 5864 add.
898 5805 984 5865 ex.
1021 5809 1088 5864 Β.

1478 5670 1500 5706 ί
1525 5678 1652 5750 rei»;
1676 5670 1844 5750 μηρἕ
1867 5675 1934 5741 R,
1964 5670 2097 5750 seu;
2125 5679 2190 5730 οὐ
2224 5670 2393 5750 μηνδέν
2421 5679 2586 5750 ‘vulg.
2608 5670 3076 5750 '_'_&cpixovr6_n.
3113 5670 3283 5750 ταύτά
3313 5690 3374 5726 τε
3411 5670 3694 5750 tenera
3715 5685 3779 5750 ξε

2577 5750 2597 5778 ⁸
2626 5739 2954 5818 βεϐαιότατα
2980 5746 3046 5800 R.
3125 5747 3144 5776 ³
3180 5744 3272 5800 καὶ
3313 5754 3452 5798 ante
3491 5746 3556 5796 ἐκ
3594 5739 3778 5798 ins.R.
