4060 6424
385 360 518 424 1517

1527 351 2064 410 HISTORIARUM
2099 351 2332 411 LIBER
2365 353 2464 414 IV.

3519 362 3655 430 1518

382 470 558 524 ποιῶν
586 467 647 521 τὺ
681 461 1046 537 φασκώλιοντ.
1087 458 1326 532 Ἤμελλε
1356 457 1412 510 δὲ
1451 457 1558 528 ἄρα
1600 461 1779 529 χρόνῳ
1809 457 1966 510 ὓστε-

2086 468 2329 514 ›ι·ωιετι·α
2357 459 2658 531 pleniorem
2687 461 3104 533 gravioremque
3143 465 3306 538 255
3338 483 3657 529 crumenam

383 578 478 632 ρον
513 557 703 621 ποινὰς
743 553 984 626 μεγάλας
1009 550 1200 622 ἡλίκας
1231 545 1603 602 ἀποτιννύναι.
1649 547 1710 600 El
1738 545 1846 616 γὰρ
1876 545 1970 598 καὶ

384 651 616 721 μυρίους
662 647 801 718 μετὰ
846 643 1022 698 ταῦτα
1067 641 1285 710 διήνυσε
1317 638 1535 700 πόνους,
1579 636 1676 690 καὶ
1712 636 1972 706 μέγιστον

381 745 556 816 ἤρατο
589 740 747 803 κλέος
797 737 942 809 ἀμφὶ
985 734 1078 788 τὸν
1122 733 1336 800 Ἴστρον
1383 729 1650 800 ποταμὸν,
1703 727 1804 790 τὰς
1861 727 1972 782 τῶν

383 835 675 909 βαρϐάρων
714 828 1018 901 ἐπιδρομὰς
1045 825 1389 891 ἀνακόπτων,
1423 823 1539 878 ἀλλ’
1568 821 1720 876 οὐδὲν
1762 822 1972 876 ἐνθένδε

382 931 418 1000 ἡ
441 926 536 981 τοῦ
563 924 889 996 Κρείττονος
915 917 1223 974 ἐθωπεύετο
1245 916 1392 988 δίκη,
1409 916 1532 970 οὐδὲ
1558 916 1769 980 τούτοις
1789 918 1973 970 ἐκεῖνα

385 1017 792 1074 ὲπεκαλύπτετο
815 1031 828 1044 ·
889 1012 1047 1083 ἔμενε
1070 1010 1147 1076 δὲ,
1177 1007 1352 1080 οἶμαι,
1379 1008 1692 1080 ἠρεμοῦντα
1721 1009 1813 1062 καὶ
1843 1010 1974 1078 ἐφυ-

384 1114 611 1166 λάττετο
647 1108 852 1180 μόνιμα
874 1104 968 1158 καὶ
996 1103 1324 1174 ἀνάγραπτα
1347 1102 1509 1173 μέχρι
1538 1100 1631 1153 τοῦ
1661 1099 1855 1172 καιροῦ
1878 1099 1972 1155 τοῦ

384 1201 741 1270 καθήκοντος.
780 1195 854 1249 Οὐ
885 1193 992 1265 γάρ
1030 1191 1147 1262 ἅμα
1176 1190 1255 1262 τῷ
1282 1189 1626 1262 πλημμελεῖν
1655 1192 1748 1245 καὶ
1769 1191 1868 1254 τὰς
1896 1209 1976 1244 τι-

386 1289 601 1361 μωρίας
635 1282 1064 1355 άναμετρεῖσθαι
1111 1280 1460 1351 πεφύκαμεν,
1508 1281 1648 1352 μετὰ
1683 1281 1875 1352 χρόνον
1916 1280 1974 1334 δὲ

383 1382 462 1444 ὡς
487 1379 556 1434 τὰ
599 1377 772 1432 πολλὰ
797 1376 889 1430 καὶ
923 1374 1052 1437 ἴσως
1083 1373 1248 1444 ἡνίκα
1285 1372 1396 1426 τῶν
1430 1373 1812 1444 εἰργασμένων
1847 1373 1974 1426 ἐπι-

383 1468 714 1541 λελήσμεθα.
739 1469 848 1522 Καὶ
869 1464 1151 1538 ἀνιώμεθα
1174 1465 1273 1536 μὲν
1296 1465 1357 1519 τὸ
1381 1465 1696 1538 παραυτίκα
1715 1469 1828 1530 τοῖς
1849 1465 1974 1519 καθ’

385 1561 543 1632 ἡμῶν
587 1558 950 1630 γιγνομένοις,
1000 1558 1076 1622 ώς
1121 1557 1454 1629 παραλόγως
1502 1557 1598 1611 καὶ
1627 1558 1728 1610 οὐκ
1769 1558 1827 1610 ὲν
1852 1556 1976 1629 δίκῃ

385 1653 795 1724 συμϐεϐηκόσι,
846 1651 942 1705 καὶ
1003 1649 1418 1721 καταιτιώμεθα
1477 1649 1705 1720 φθόνους
1761 1649 1978 1720 ἀνθρωο

386 1749 578 1811 πείους
637 1745 799 1818 τυχὸν
857 1745 953 1798 καὶ
1007 1744 1352 1816 δυσμενείας,
1411 1743 1488 1808 ώς
1545 1745 1611 1798 ὲκ
1655 1741 1864 1797 τούτων
1915 1742 1975 1797 οὐ

387 1841 742 1911 προσήκοντα
786 1837 1117 1901 πεπονθότες
1142 1853 1157 1867 ’
1204 1837 1266 1890 τὸ
1313 1836 1370 1890 δὲ
1416 1833 1638 1908 ξυνέχον
1690 1836 1840 1906 ἡμᾶς
1887 1835 1981 1890 καὶ

387 1930 672 1984 διατάττον
709 1929 1002 1983 ἐπίσταται
1039 1928 1101 1981 τὸ
1147 1926 1354 2000 πρέπον
1393 1929 1610 1999 ἑκάστῳ
1644 1931 1739 1982 καὶ
1779 1927 1986 2008 ὀφειλόῖ

394 2040 578 2094 μενον,
626 2021 722 2075 καὶ
764 2021 950 2092 τρόπῳ
993 2020 1143 2092 ὅτῳσ⁸
1194 2021 1289 2073 καὶ
1331 2018 1584 2089 βούλεται
1637 2018 1846 2090 μέτεισι
1888 2019 1983 2073 καὶ

393 2116 665 2186 ἀνιχνεύει
710 2114 780 2168 τά
822 2112 1002 2184 πολλῴ
1057 2112 1368 2185 ἔμπροσθεν
1407 2111 1794 2185 ἡμαρτημένα.
1842 2112 1981 2166 Ἀλλ’

395 2209 563 2260 ὁποῖα
589 2205 688 2276 μὲν
721 2206 853 2260 ἄττα
877 2205 971 2257 ἐπὶ
1006 2205 1277 2273 Ἰουστίνῳ
1307 2204 1533 2276 ὕστερον
1566 2203 1865 2274 ξυνηνέχθη
1887 2203 1983 2258 καὶ

392 2298 543 2362 ὅπως
568 2295 717 2366 αὐτῷ
749 2298 781 2368 ἡ
809 2294 922 2350 τοῦ-
940 2295 1054 2367 βίου
1083 2295 1180 2350 καὶ
1209 2296 1309 2366 τῆς
1335 2293 1605 2366 τοσαύτης
1634 2293 1983 2364 εὐδαιμονίας

389 2390 690 2452 κατάλυσις
725 2389 988 2460 ἀδόκητος
1029 2387 1345 2456 ἐπεγένετο,
1386 2385 1667 2457 εἰρήσεταί
1705 2402 1796 2455 μοι
1835 2385 1896 2447 ἐς
1922 2382 1984 2435 τὸ

386 2483 621 2554 ἀκριϐὲς
638 2483 890 2556 οέκαστα,
937 2481 1100 2552 ἡνίκα
1130 2483 1160 2536 ό
1194 2481 1354 2550 λόγος
1391 2479 1497 2551 ὁδῷ
1532 2479 1628 2534 ἰὼν
1671 2477 1984 2540 ἀκολούθως

389 2577 490 2629 καὶ
520 2574 610 2629 διὰ
657 2575 767 2629 τῶν
801 2576 890 2629 ἀεὶ
937 2575 1212 2647 ἐχομένων
1241 2574 1564 2646 φερόμενος,
1598 2574 1657 2637 ἐς
1683 2574 1860 2626 έκεῖνο
1889 2569 1982 2626 τοῦ

390 2666 589 2735 χρόνου
641 2664 1040 2736 περιενεχθείη.
1091 2665 1205 2720 Νῦν
1239 2664 1299 2718 δὲ
1345 2666 1448 2718 ἀνὰ
1496 2665 1566 2719 τὰ
1610 2665 1855 2737 πρότερά
1892 2681 1984 2732 μοι

391 2756 702 2822 ἐπανιτέον,
733 2757 831 2812 καὶ
866 2759 977 2821 τοῖς
1006 2756 1136 2827 ἑξῆς
1159 2755 1541 2828 ἐπιχειρητέα..

473 3029 574 3100 κγ’.
617 3024 742 3083 Ὧδε
783 3031 892 3103 γάρ
925 3030 1034 3085 τῶν
1058 3033 1078 3064 ⁸
1126 3033 1186 3084 ἐν
1213 3029 1426 3102 Λαζικῇ
1461 3028 1806 3100 πραγμάτων
1833 3027 1986 3100 ὲχόνυ

2074 551 2328 607 reddens.
2355 553 2626 609 Successu
2661 567 2791 608 vero
2815 556 3077 625 temporis
3103 573 3294 628 graves
3325 575 3519 630 poenas
3539 573 3663 620 erat

2073 644 2472 714 persoluturus.
2508 643 2750 702 Tametsi
2781 646 2926 701 enim
2958 647 3202 706 infinitos
3233 654 3478 722 posthaec
3505 655 3665 712 labo-

2075 751 2160 790 res
2189 737 2506 802 exantlavit,
2531 737 2940 810 maximamque
2962 741 3191 812 gloriam
3223 754 3308 800 est
3335 756 3665 807 consecutus

2075 828 2222 882 circa
2266 829 2464 884 lstrum
2506 829 2758 897 fluvium,
2793 833 3158 890 Barbarorum
3198 837 3437 896 insultus
3471 849 3663 898 retun-

2074 919 2210 975 dens
2239 937 2253 972 :
2301 921 2396 976 sed
2435 921 2572 976 nihil
2614 923 2740 980 inde
2772 924 2956 980 divina
2989 926 3229 984 vindicta
3263 939 3348 986 est
3377 933 3624 989 emollita
3650 972 3667 998 ,

2074 1026 2254 1081 neque
2295 1012 2383 1069 his
2424 1013 2514 1068 illa
2559 1015 2774 1084 obtecta
2821 1016 3081 1086 fuerunt;
3123 1031 3451 1078 manserunt
3503 1039 3669 1092 vero,

2075 1103 2333 1171 arbitror,
2362 1104 2570 1173 quieta,
2596 1114 2650 1160 et
2684 1109 2964 1163 memoria:
2997 1109 3228 1166 ﬁrmiter
3258 1111 3446 1180 infixa,
3485 1113 3541 1170 in
3573 1131 3673 1186 op-

2074 1202 2369 1264 portunum
2404 1203 2617 1264 tempus
2639 1205 2769 1252 sunt
2791 1199 3084 1253 custodita.
3114 1200 3302 1272 Neque
3327 1203 3474 1258 enim
3505 1199 3674 1260 simul

2076 1294 2242 1356 atque
2269 1284 2656 1356 delinquimus,
2690 1302 2851 1357 paena
2884 1289 3067 1344 statim
3098 1291 3329 1362 irrogari
3361 1294 3538 1360 solet,
3573 1299 3672 1352 sel

2078 1378 2402 1448 plerumque
2446 1387 2569 1447 post
2607 1379 2827 1450 aliquod
2868 1391 3106 1451 tempus,
3149 1399 3383 1454 cumque
3421 1387 3674 1444 fortassis

2075 1483 2290 1535 eorum,
2320 1485 2444 1540 qua:
2473 1472 2928 1541 perpetravimus,
2964 1489 3156 1529 sumus
3189 1475 3342 1531 obliti
3373 1497 3386 1532 :
3432 1487 3486 1534 et
3521 1479 3674 1535 dole-

2078 1577 2202 1615 mus
2227 1561 2448 1632 quidem
2490 1562 2638 1618 illico
2674 1562 2744 1618 ob
2776 1564 2960 1640 mala,
3011 1581 3134 1635 quae
3183 1567 3342 1621 nobis
3389 1569 3671 1638 accidunt,

2078 1653 2302 1723 perinde
2325 1669 2391 1709 ac
2423 1654 2466 1709 si
2504 1655 2858 1711 immerentes
2895 1655 3208 1727 injusteque
3236 1657 3303 1713 iis
3329 1674 3672 1729 premamur,

2083 1758 2245 1818 atque
2277 1748 2594 1804 incusamus
2618 1747 2836 1818 quidem
2869 1748 3152 1804 hominum
3181 1750 3440 1806 invidiam
3472 1751 3675 1809 fortas-

2084 1840 2159 1896 sis
2203 1848 2258 1894 et
2303 1840 2680 1906 inimicitiam,
2709 1850 2970 1912 tanquam
3017 1845 3085 1897 ab
3131 1842 3199 1897 iis
3229 1842 3469 1915 indignis
3513 1845 3678 1910 malis

2081 1931 2279 1988 allecti.
2309 1931 2453 1988 Deus
2477 1949 2606 1989 vero
2625 1975 2640 2001 ,
2683 1933 2738 1989 in
2763 1935 2922 2004 cujus
2945 1950 3111 1990 manu
3137 1945 3299 2006 atque
3327 1938 3554 2008 imperio
3581 1953 3678 1994 su-

2083 2039 2230 2090 mus,
2264 2025 2366 2080 scit
2397 2025 2525 2097 quid
2559 2026 2758 2097 cuique
2781 2026 3072 2082 conveniat
3092 2037 3146 2082 et
3172 2027 3454 2094 debeatur,
3479 2039 3534 2085 et
3563 2046 3675 2102 quo

2084 2115 2186 2186 ipsi
2217 2117 2395 2171 visum
2438 2125 2522 2172 est
2551 2117 2716 2173 modo
2740 2157 2756 2183 ,
2797 2119 3142 2187 persequitur
3187 2128 3353 2190 atque
3380 2120 3675 2193 investigat

2084 2214 2329 2277 peccata,
2357 2223 2480 2279 qua
2511 2209 2684 2264 multo
2723 2221 2881 2264 antea
2915 2217 3160 2281 tempore
3187 2220 3317 2267 sunt
3352 2213 3671 2284 commissa.

2084 2297 2356 2354 Caeterum
2391 2298 2573 2369 qualia
2606 2297 2824 2355 Justino
2855 2300 3206 2370 postmodum
3245 2303 3580 2372 acciderint,
3621 2315 3676 2362 ct

2084 2390 2302 2460 qualem
2331 2390 2506 2461 ipsius
2537 2400 2591 2447 et
2633 2391 2742 2446 vita
2775 2401 3037 2464 tantaque
3066 2392 3298 2450 felicitas
3328 2395 3674 2466 inopinatum

2084 2483 2290 2537 exitum
2331 2483 2621 2550 habuerit,
2659 2483 2909 2540 dicentur
2957 2500 2986 2538 a
3021 2500 3108 2541 me
3142 2497 3396 2542 accurate
3429 2486 3673 2557 singula,

2084 2573 2306 2643 quando
2337 2589 2518 2630 sermo
2551 2588 2653 2630 suo
2683 2584 3083 2646 consequenter
3121 2577 3312 2632 ordine
3337 2579 3671 2648 procedens,

2084 2673 2140 2719 et
2183 2665 2560 2721 continuatam
2613 2666 2972 2722 incidentium
3019 2683 3203 2724 rerum
3250 2669 3449 2724 seriem
3485 2680 3674 2741 perse-

2087 2773 2298 2830 quens,
2357 2758 2423 2814 ad
2481 2759 2572 2814 illa
2618 2767 2866 2830 tempora
2925 2759 3093 2816 fuerit
3149 2762 3468 2832 perductus.
3519 2761 3678 2818 Nunc

2085 2865 2214 2906 vero
2270 2849 2337 2905 ad
2391 2850 2576 2921 priora
2619 2849 2756 2906 mihi
2801 2861 2887 2908 est
2935 2851 3306 2919 redeundum,
3355 2853 3677 2925 reliquaque

2086 2951 2216 2998 sunt
2241 2941 2643 3018 prosequenda.

2157 3033 2322 3105 256
2356 3033 2446 3088 23.
2476 3033 2610 3087 Cum
2647 3033 2793 3089 enim
2819 3049 2906 3089 res
2937 3033 2993 3088 in
3022 3031 3217 3090 Lazica
3253 3032 3471 3106 regione
3505 3036 3576 3091 ita
3614 3053 3677 3093 se

398 3138 528 3186 των,
554 3121 646 3174 καὶ
678 3121 965 3175 Ἰουστίνου
987 3121 1080 3174 ἐπὶ
1101 3122 1235 3174 πᾶσι
1260 3118 1565 3192 στρατηγοῦ
1588 3118 1978 3182 καταστάντος,

2089 3126 2366 3192 haberent,
2415 3132 2470 3181 et
2510 3124 2760 3180 Justinus
2805 3125 2914 3196 jam
2963 3126 3220 3181 omnibus
3259 3126 3311 3181 in
3361 3127 3675 3196 praefectum

393 3209 523 3266 οὐτε
551 3213 599 3266 οί
626 3213 833 3284 Πέρσαι
857 3212 933 3275 ὡς
958 3209 1242 3283 άναμαχού
1253 3228 1404 3282 μενοι
1428 3209 1901 3282 παρεσκευάζοντο
1918 3210 1984 3242 ¹⁰⁶

394 3303 492 3356 καὶ
523 3303 707 3375 μέντοι
739 3303 858 3357 οὐδὲ
890 3303 940 3356 ol
976 3303 1240 3374 Ῥωμαῖοι
1268 3301 1510 3374 ἐπῄεσαν
1538 3317 1552 3332 °
1599 3299 1736 3354 ἀλλά
1779 3318 1990 3372 προφυ-

392 3393 570 3458 λακὰς
620 3393 720 3466 μὲν
751 3394 1053 3466 ἀμφότεροι
1110 3394 1429 3460 ἐποιοῦντο,
1482 3394 1578 3450 καὶ
1624 3394 1693 3449 τὰ
1739 3393 1988 3466 ἀλλήλων

396 3486 744 3558 βουλεύματα
771 3488 830 3548 ἐς
853 3487 976 3540 ὅσον
1009 3487 1135 3557 ὲνῆν
1180 3487 1533 3542 ἀπεσκόπουν
1569 3486 1663 3541 καὶ
1702 3486 1991 3542 διεπυνθά-

393 3595 580 3633 νοντο·
619 3579 800 3650 μάχης
831 3579 886 3633 δὲ
913 3579 1034 3633 οὐδὲ
1062 3580 1314 3653 ὁπότεροι
1356 3581 1610 3653 ἤρχοντο,
1650 3580 1766 3635 ἀλλ’
1796 3581 1990 3654 ἔμενον

393 3673 573 3744 ἡσυχῇ
605 3687 619 3702 °
663 3671 1009 3743 αὐτομάτως,
1045 3672 1234 3745 ὥσπερ
1268 3673 1461 3743 ἀμέλει
1491 3673 1650 3728 τοῦτο
1679 3674 1987 3740 ξυνδοκοῦν,

393 3765 778 3837 διωρισμένον.
813 3764 1061 3837 Χοσρόης
1088 3765 1144 3818 δὲ
1175 3766 1202 3819 ό
1236 3767 1462 3838 Περσῶν
1496 3767 1767 3838 βασιλεὺς,
1800 3767 1990 3842 ἐπειδὴ

398 3857 676 3910 ἐπέπυστο
711 3855 781 3910 τὰ
822 3856 962 3928 πρὸς
994 3855 1072 3927 τῷ
1099 3857 1286 3910 Φάσιδι
1327 3857 1734 3931 ξυμϐεϐηκότα,
1769 3859 1867 3914 καὶ
1907 3860 1990 3914 ὅτι

402 3949 580 4018 φυγὰς
609 3951 671 4003 ὲκ
697 3951 796 4021 τῆς
826 3949 1007 4021 μάχης
1035 3950 1064 4002 ὁ
1108 3951 1443 4023 Ναχοραγάν
1484 3953 1750 4022 ἐγεγόνει,
1789 3953 1991 4008 αὐτίκα

403 4041 466 4106 ὲξ
506 4042 739 4114 Ἰϐηρίας
773 4043 936 4096 αὐτὸν
967 4032 1497 4115 μετακαλεσάμενος,
1547 4046 1809 4118 ώμότατα
1855 4063 1989 4118 μετ-

402 4134 536 4206 ῆλθε
563 4136 702 4190 κατὰ
734 4135 827 4189 τὸν
866 4136 1096 4208 πάτριον
1143 4137 1328 4208 νόμον.
1383 4139 1458 4192 Οὐ
1506 4138 1616 4211 γὰρ
1658 4140 1991 4214 ἀποχρῶσαν

399 4225 540 4296 ᾤετο
570 4221 708 4281 εἶναι
740 4228 937 4298 ποινὴν
961 4228 1062 4299 τῆς
1089 4229 1381 4298 ἀνανδρίας
1409 4229 1470 4283 τὸ
1497 4231 1641 4285 οὕτω
1668 4231 1798 4301 γοῦν
1828 4231 1992 4286 αὐτὸν

402 4317 592 4382 ἁπλῶς
637 4321 978 4385 ἀποκτεῖναι,
1027 4319 1143 4373 ἀλλ’
1176 4321 1240 4374 ὲκ
1290 4319 1385 4374 τοῦ
1437 4321 1660 4391 αὐχένος
1712 4321 1773 4376 τὸ
1818 4321 1994 4394 δέρμα

399 4409 740 4481 διαχαράξας
767 4411 1053 4482 ἀπέδειρεν
1091 4410 1175 4483 [Ρ.
1211 4410 1336 4482 155]
1378 4409 1523 4464 ἆπαν
1552 4412 1716 4482 μέχρι
1749 4413 1862 4465 τοῖν
1896 4429 1992 4466 που

400 4475 548 4568 δοῖνς
574 4475 585 4480 ν
613 4503 710 4556 καὶ
759 4475 1010 4573 ἀφείλετο
1065 4475 1172 4558 τιῦν
1225 4475 1444 4575 σαρκῶν
1713 4505 1782 4559 τὰ
1845 4503 1992 4558 ἔνδον
2023 4475 2070 4531 D

403 4598 859 4671 ἀνεστραμμένον
879 4600 944 4665 “,
982 4599 1057 4664 ὼς
1086 4599 1181 4653 καὶ
1213 4601 1342 4664 τούς
1385 4599 1593 4665 τύπους
1631 4600 1742 4655 τῶν
1790 4601 1996 4674 μορίων

405 4691 467 4752 ἐς
529 4687 836 4760 τοῦμπαλιν
901 4690 1297 4760 ἀποφαίνεσθαι
1320 4692 1395 4758 ¹¹,
1453 4691 1552 4747 καὶ
1608 4692 1765 4764 δίκην
1823 4693 1998 4748 ἀσκοῦ

406 4781 597 4856 ἡρέμα
631 4782 976 4861 ὲμπνευσθὲν
1015 4782 1156 4854 ὑπὲρ
1179 4782 1221 4814 ⁸³
1269 4783 1533 4848 σκόλοπός
1573 4801 1719 4848 τινος
1761 4784 2000 4856 ἀνηρτῆ-

411 4873 562 4938 σθαι,
596 4874 811 4944 οἰκτρόν
842 4891 896 4929 τι
923 4873 1104 4946 θέαμα
1133 4875 1226 4929 καὶ
1263 4874 1627 4945 μιαρώτατον,
1655 4877 1749 4931 καὶ
1775 4874 2002 4948 πρώτῳ,

405 4957 602 5035 οἶμαι,
659 4964 900 5038 Σαπώρῃ
936 4965 976 4999 ⁸⁸
1041 4966 1237 5038 ἐκείνῳ
1297 4959 1392 5037 τῷ
1439 4966 1622 5038 πολλῷ
1689 4967 2002 5039 ἔμπροσθεν

405 5057 658 5128 Χοσρόου
707 5057 934 5130 Περσῶν
983 5057 1394 5128 βεϐασιλευκότι
1440 5060 1866 5131 τετολμημένον.
1919 5061 2002 5115 Τά

408 5147 516 5218 μὲν
545 5147 654 5218 γάρ
678 5149 771 5201 ἐπὶ
794 5147 1096 5221 Μαρσύᾳίδ
1152 5149 1531 5222 θρυλλούμενα
1576 5152 1654 5223 τῷ
1698 5153 1894 5224 Φρυγὶ,
1926 5153 2002 5218 ὡς

407 5241 530 5310 ἔρις
561 5237 710 5309 αὐτῷ
740 5237 879 5308 πρὸς
925 5239 1235 5295 Ἀπόλλωνα
1264 5240 1493 5313 ξυνέστη
1525 5244 1667 5315 ὑπὲρ
1693 5243 1800 5298 τῶν
1823 5245 2002 5300 αὐλῶν

2088 3226 2236 3274 esset
2294 3217 2664 3282 constitutus,
2713 3232 2889 3288 neque
2926 3215 3109 3274 Persa:
3167 3227 3425 3289 tanquam
3472 3219 3675 3275 bellum

2090 3309 2446 3366 instauraturi
2483 3324 2605 3365 sese
2633 3317 2990 3379 appararent,
3015 3325 3194 3380 neque
3235 3311 3469 3367 Romani
3498 3315 3553 3368 in
3578 3328 3678 3370 eos

2089 3412 2392 3466 moverent,
2433 3399 2528 3456 sed
2556 3401 2812 3470 utrinque
2840 3399 3130 3470 diligenter
3162 3402 3519 3470 excubarent,
3550 3420 3678 3460 mu-

2091 3505 2293 3566 tuaque
2322 3493 2572 3559 consilia,
2597 3503 2865 3564 quantum
2898 3493 3015 3548 ﬁeri
3056 3501 3287 3564 poterat,
3323 3495 3680 3554 observarent

2092 3597 2257 3658 atque
2293 3588 2678 3657 explorarent;
2737 3586 2870 3642 nulli
2925 3586 3125 3642 horum
3175 3587 3411 3644 bellandi
3459 3589 3676 3646 initium

2092 3677 2390 3744 faciebant,
2420 3679 2513 3735 sed
2544 3678 2712 3748 quieti
2745 3678 3059 3744 manebant,
3099 3679 3323 3749 perinde
3355 3696 3418 3737 ac
3451 3681 3495 3737 si
3523 3696 3678 3737 mm-

2093 3770 2244 3825 muni
2280 3769 2546 3826 sententia
2594 3770 2667 3825 ita
2710 3770 2988 3824 decretum
3022 3779 3188 3826 esset.
3221 3771 3494 3828 Chosroes
3524 3788 3676 3839 vero,

2091 3865 2387 3922 Persarum
2429 3878 2566 3928 rex,
2621 3862 2787 3918 simul
2837 3871 3003 3934 atque
3051 3863 3305 3933 cognovit
3350 3879 3474 3934 quae
3532 3865 3678 3934 apud

2091 3957 2382 4014 Phasidem
2415 3954 2762 4020 accidissent,
2793 3955 3050 4025 quodque
3076 3952 3432 4028 Nachoragan
3459 3952 3677 4026 fugiens

2091 4049 2280 4119 praalio
2309 4045 2656 4111 excessisset,
2687 4044 2975 4101 confestim
3006 4061 3131 4101 eum
3156 4061 3221 4100 ex
3255 4044 3428 4102 Iberia
3456 4061 3680 4104 revoca-

2093 4153 2209 4197 tum
2242 4139 2626 4195 crudelissimo
2651 4137 2919 4208 supplicio
2945 4137 3100 4208 juxta
3125 4137 3352 4207 patriam
3383 4138 3553 4209 legem
3593 4139 3679 4194 af-

2094 4232 2241 4288 fecit.
2273 4229 2460 4301 Neque
2485 4229 2630 4285 enim
2665 4229 2801 4284 satis
2827 4243 2951 4285 esse
2982 4228 3226 4298 putabat,
3266 4228 3312 4284 si
3349 4229 3496 4285 illius
3523 4231 3682 4302 igna-

2093 4324 2237 4378 viam
2268 4321 2505 4392 simplici
2533 4319 2726 4376 mortis
2753 4334 2950 4392 genere
2985 4319 3222 4389 puniret,
3263 4320 3358 4376 sed
3391 4335 3422 4376 a
3464 4336 3678 4378 summa

2096 4416 2308 4472 cervice
2335 4423 2516 4471 cutem
2540 4413 2592 4470 ei
2617 4413 2684 4468 ad
2714 4413 2854 4468 imos
2881 4413 3044 4484 pedes
3069 4411 3383 4478 detrahens,
3425 4429 3458 4469 a
3495 4414 3684 4470 carni-

2099 4509 2203 4564 bus
2225 4506 2445 4573 avulsit,
2468 4506 2768 4561 introrsum
2791 4505 3086 4571 inversam,
3111 4507 3185 4560 ita
3212 4513 3275 4562 ut
3297 4505 3462 4561 etiam
3493 4504 3683 4563 formas

2097 4596 2469 4652 membrorum
2518 4595 2749 4651 inversa;
2794 4595 3258 4666 conspicerentur,
3298 4603 3463 4666 atque
3492 4597 3566 4652 ita
3597 4595 3685 4652 in-

2099 4699 2214 4746 star
2239 4689 2380 4746 utris
2413 4688 2616 4744 sensim
2647 4686 2913 4754 inflatam,
2964 4703 2996 4744 e
3036 4689 3265 4760 scopulo
3293 4689 3531 4760 quodam
3557 4704 3684 4748 sus-

2099 4783 2261 4855 pendi
2305 4782 2505 4854 jussit;
2547 4779 2860 4836 miserabile
2901 4779 3175 4852 quoddam
3221 4789 3278 4836 et
3312 4777 3516 4838 foadum
3555 4796 3684 4852 spe-

2101 4877 2402 4940 ctaculum,
2443 4875 2602 4946 cujus
2637 4873 2870 4945 primus,
2911 4874 2990 4928 uti
3015 4874 3270 4941 arbitror,
3305 4873 3543 4944 Sapores
3570 4874 3684 4938 ille,

2099 4970 2192 5039 qui
2229 4968 2403 5024 multo
2426 4976 2552 5023 ante
2575 4967 2857 5022 Chosroen
2909 4973 3154 5036 tempore
3183 4965 3327 5036 apud
3367 4965 3568 5021 Persas
3595 4981 3683 5023 re-

2099 5058 2304 5132 gnavit,
2341 5057 2562 5113 infamis
2606 5062 2799 5112 auctor
2843 5054 2965 5111 fuit.
2999 5053 3135 5120 Qua
3177 5055 3323 5111 enim
3356 5054 3425 5110 de
3467 5055 3684 5126 Marsya

2103 5150 2312 5220 Phryge
2333 5158 2464 5206 sunt
2486 5149 2683 5204 litteris
2712 5147 2949 5219 prodita,
2970 5147 3118 5218 quod
3139 5145 3415 5201 contentio
3437 5144 3485 5200 ei
3519 5145 3687 5200 inter-

2101 5243 2329 5300 cesserit
2355 5257 2481 5298 cum
2509 5240 2670 5313 257
2699 5240 2949 5311 Apolline
2981 5240 3050 5296 de
3093 5237 3242 5294 tibiis
3268 5245 3322 5293 ct
3369 5236 3684 5294 tibicinandi

1725 5449 1965 5505 VARI/ﬁ
1999 5441 2408 5505 LECTIONES.

487 5647 512 5678 "
546 5653 836 5720 φασκόλιον
862 5651 930 5706 Β.
1008 5649 1056 5720 γ’
1090 5646 1272 5720 arsit.
1348 5646 1512 5720 [τῶν
1546 5662 1656 5720 om.
1682 5645 1744 5700 Β.

1853 5649 1894 5680 ¹⁰
1925 5648 2407 5718 παρασκευάζοιντο
2439 5645 2506 5702 R.
2585 5646 2643 5718 ’1
2671 5640 3129 5718 ἀναστραμμένον
3164 5640 3227 5694 Β.

3326 5640 3368 5671 ⁸⁸
3391 5641 3535 5710 ἀποφ
3546 5641 3700 5694 αίνε-,

420 5709 646 5786 σθαιᾞ,
687 5719 1087 5793 ὑποφαίνεσθαι
1115 5718 1279 5793 Ἦλις..
1343 5717 1387 5750 ¹³
1412 5717 1558 5793 ὑπὲρ
1585 5717 1632 5793 _R
1665 5719 1919 5793 et‘intpr.
1957 5709 2136 5793 super,
2164 5709 2276 5773 ύπὸ
2310 5720 2455 5788 vulg.
2535 5717 2577 5749 “
2609 5709 2858 5784 Σαϐώρῃ’
2885 5709 3204 5785 Κ,’Σαϐόρῃ
3234 5713 3407 5783 vulg.,
3431 5709 3688 5768 Savoram

421 5795 594 5862 impr.
621 5796 688 5848 At
713 5787 854 5848 infra
881 5793 923 5844 ιι
955 5799 1101 5846 recte
1131 5788 1407 5859 Σαπώρην
1433 5787 1642 5842 scribit.
1725 5789 1770 5820 ⁸⁸
1800 5787 2069 5860 Μαρσύαν
2103 5787 2170 5842 R.
2414 5787 2423 5788 “
3193 5795 3204 5800 ‘
