4060 6452
582 393 722 459 1523
1772 401 2128 462 AGATHL-‘E
2179 404 2666 469 SCHOLASTICI
3684 417 3788 487 1525

582 512 750 584 hujus
775 521 925 584 patre
961 513 1188 568 subacta
1217 523 1380 577 esset,
1429 515 1624 568 merito
1669 515 1857 586 utique
1886 517 2058 587 ipsius
2103 517 2168 572 ιι-

2200 524 2245 581 Α
2273 522 2444 574 οικεῖν
2474 539 2533 576 τε
2573 522 2657 595 [Ρ.
2695 521 2821 596 155]
2856 525 2948 578 καὶ
2977 523 3146 595 ἀροῦν
3195 524 3293 594 τὴν
3323 524 3647 596 δορυάλωτον·
3682 536 3786 608 πλὴν

583 605 691 659 lius
725 601 998 673 Segansaa
1045 611 1269 657 vocatus
1295 601 1412 666 fuit,
1448 604 1593 673 quod
1632 604 1946 660 Cra-corum
1984 608 2166 678 lingua

2276 610 2414 664 ἀλλά
2435 615 2561 678 τοὺς
2587 615 2889 687 προτέρους
2916 616 3008 670 τοῦ
3034 615 3224 685 γένους
3249 601 3790 694 ὴγεμόναςοίκτρότατα

579 695 852 766 signiﬁcat
879 693 1298 764 Segestanorum
1343 709 1458 751 rex.

2275 701 2662 770 καταλύοντες,
2693 706 2742 759 oi
2777 705 2834 759 δὲ
2862 707 2975 770 τοῖς
3001 705 3287 777 σφετέροις
3316 708 3467 763 παισὶ
3498 711 3589 782 τὴν
3612 693 3696 782 τῆς
3717 718 3793 789 ἀρ-

577 787 680 858 χῆς
724 786 1092 877 προσηγορίαν
1138 787 1493 858 ἀπονέμουσι,
1547 783 1792 861 μνήμης,
1836 789 1914 854 ὡς
1960 789 2157 854 ἔοικεν,
2192 790 2353 846 ἕκατι
2390 796 2484 849 καὶ
2517 798 2732 868 κόμπου
2762 800 2861 871 τῆς
2900 800 2994 852 ἐπὶ
3051 797 3130 869 τῷ
3186 800 3429 872 τροπαίῳ
3456 783 3792 877 μεγαλαυχίας.

589 881 806 953 Ἐπειδὴ
859 875 951 935 οὖν
987 881 1080 935 καὶ
1113 881 1176 936 τὸ
1215 881 1326 938 τῶν
1363 883 1713 953 Σεγεστανῶν
1743 883 1789 916 ⁸⁷
1851 880 2002 948 ἔθνος
2040 885 2371 960 Οὐαραράνῃ
2442 890 2521 962 τῷ
2555 892 2710 946 τοῦδε
2755 894 2924 967 πατρὶ
2989 893 3336 960 ἐδεδούλωτο,
3377 895 3590 960 εἰκότως
3657 875 3798 970 ἆραι

577 977 707 1037 παῖς
731 974 1013 1042 Σεγανσαά
1040 973 1086 1005 ⁵⁸
1127 977 1504 1048 ἐπωνόμαστο·
1536 977 1759 1032 δύναται
1792 978 1903 1049 γάρ
1935 977 2094 1031 τοῦτο
2115 977 2161 1010 ’⁵³
2200 982 2266 1051 τῇ
2302 981 2572 1056 Ἑλλήνων
2636 990 2788 1059 φωνῇ
2849 987 3203 1056 Σεγεστανῶν
3231 986 3498 1058 βασιλεύς.

643 1065 736 1120 9.5.
769 1062 883 1122 Hoc
913 1082 1042 1122 vero
1066 1069 1222 1124 ocius
1249 1070 1546 1137 exstincto,
1593 1069 1798 1128 Narses
1839 1071 2024 1127 statim
2080 1082 2190 1127 re-'

2343 1083 2444 1131 κε’.
2473 1078 2678 1134 Τούτου
2706 1079 2763 1133 δὲ
2788 1080 2983 1136 θάττον
3010 1080 3420 1152 διαφθαρέντος,
3441 1081 3651 1152 Ναρσῆς
3673 1084 3798 1142 εὐθὺς

574 1171 741 1226 gnum
765 1158 926 1214 annis
958 1169 1189 1231 septem,
1241 1162 1523 1219 mensibus
1561 1164 1806 1235 quinque
1830 1165 2006 1220 tenuit
2031 1185 2047 1233 λ
2076 1165 2166 1221 cui

2271 1169 2372 1241 τὴν
2402 1169 2682 1240 βασιλείαν
2731 1174 2998 1236 ἐνιαυτοῖς
3043 1172 3142 1244 μὲν
3193 1172 3353 1239 ἑπτὰ,
3403 1174 3535 1244 μησὶ
3580 1175 3632 1228 δέ
3673 1177 3799 1231 πέντε

575 1249 1230 1309 successitilormisdates
1257 1254 1421 1323 (ilius,
1457 1255 1631 1312 haeres
1664 1256 1872 1328 paterni
1902 1272 2011 1313 non
2047 1266 2169 1313 tan-

2276 1263 2531 1335 μετῆλθε.
2571 1266 2886 1336 Διαδέχεται
2927 1265 2985 1320 δὲ
3013 1265 3112 1337 τὴν
3137 1265 3315 1337 ἀρχὴν
3349 1266 3693 1338 ὀρμισδάτης
3723 1271 3799 1322 ⁸οό

573 1351 690 1396 tum
720 1344 893 1413 regni,
920 1359 1107 1400 verum
1138 1347 1300 1401 etiam
1332 1348 1556 1418 aequalis
1597 1348 1649 1403 in
1673 1351 1851 1420 spatio
1889 1351 2168 1420 temporis.

2273 1356 2427 1419 παῖς,
2459 1355 2554 1431 καὶ
2593 1356 2929 1428 κληρονομεῖ
2951 1355 3044 1411 τοῦ
3077 1356 3285 1429 πατρὸς
3313 1357 3374 1410 οὺ
3415 1357 3569 1427 μόνον
3592 1357 3678 1412 τοῦ
3699 1362 3802 1432 κρά-

572 1435 758 1491 Mirari
791 1437 936 1493 enim
963 1439 1158 1495 merito
1189 1441 1457 1513 quispiam
1512 1442 1850 1512 possit,quod
1875 1443 2092 1523 utrique
2116 1453 2171 1498 et

2274 1465 2423 1512 τους,
2453 1448 2592 1508 ἀλλά
2623 1451 2716 1504 καὶ
2745 1451 2845 1522 τῆς
2882 1448 2976 1505 τοῦ
3003 1449 3199 1523 χρόνου
3251 1449 3582 1522 ἰσορροπίας,
3617 1451 3698 1504 καὶ
3720 1453 3802 1522 γὰρ

575 1542 847 1584 annorum
881 1539 934 1586 et
963 1532 1256 1598 mensium,
1290 1534 1492 1603 quibus
1523 1545 1862 1606 regnarunt;
1905 1522 2169 1592 numerus

2276 1538 2609 1611 θαυμάσειεν
2631 1543 2696 1597 ἄν
2724 1560 2830 1608 τις,
2860 1543 2943 1596 ὅτι
2971 1522 3308 1614 δὴίέκατέρῳ
3337 1541 3478 1595 ἔτεσί
3503 1559 3559 1595 τε
3589 1542 3675 1594 καὶ
3702 1545 3803 1614 μησὶ

574 1621 927 1676 exactissime
961 1623 1030 1678 sit
1063 1639 1358 1694 appensus.
1394 1625 1524 1680 Post
1556 1625 1654 1681 hos
1712 1625 1888 1682 Sabor
1932 1626 2168 1697 plurimo

2273 1636 2388 1697 τοῖς
2425 1635 2609 1698 αὐτοῖς
2653 1634 2724 1688 τά
2765 1635 2866 1704 τῆς
2893 1635 3068 1705 ἀρχῆς
3110 1633 3516 1704 ἐπιμελέστατα
3549 1634 3802 1704 ἐμετρήθη.

577 1710 1008 1782 longissimeque
1059 1722 1304 1784 tempore
1344 1729 1512 1785 regno
1566 1715 1773 1786 potitus
1816 1724 1922 1782 est,
1965 1717 2168 1790 quippe

2203 1793 2242 1798 _
2289 1727 2449 1781 ’Λλλά
2477 1725 2673 1798 Σαϐὼρ
2704 1728 2746 1759 ⁵¹
2780 1728 2920 1798 μετὰ
2945 1727 3169 1790 τούτους
3202 1726 3296 1780 ἐπὶ
3327 1725 3574 1781 πλεῖστον
3601 1727 3708 1779 ὅσον
3737 1728 3805 1780 καὶ

576 1802 668 1873 qui
700 1805 962 1861 totannis
1007 1806 1271 1876 regnavit,
1317 1816 1448 1877 quot
1500 1817 1554 1863 et
1607 1809 1760 1864 vixit.
1808 1809 1979 1866 Matre
2025 1813 2171 1868 enim

2203 1793 2248 1853 Β
2281 1817 2541 1889 μήκιστον
2586 1816 2778 1888 χρόνον
2814 1818 3070 1874 ἀπώνατο
3107 1817 3205 1887 τῆς
3248 1815 3542 1887 βασιλείας,
3579 1815 3804 1878 τοσούτοις

577 1896 762 1952 adhuc
799 1897 978 1968 ipsum
1002 1909 1158 1954 utero
1184 1909 1450 1971 gestante,
1481 1901 1614 1972 regii
1649 1902 1866 1973 generis
1892 1905 2171 1962 successio

2274 1909 2422 1964 ἔτεσι
2451 1913 2754 1980 κρατήσας,
2783 1911 3008 1976 ὁπόσοις
3034 1912 3128 1966 καὶ
3158 1911 3366 1965 διεϐίω.
3410 1908 3530 1964 Ἐτι
3557 1909 3657 1982 γὰρ
3682 1911 3805 1964 αὐτὸν

576 1988 892 2045 vocabat'ad
917 2006 1148 2064 regnum
1177 1993 1322 2064 quod
1348 1994 1465 2065 ipsa
1483 2005 1627 2051 esset
1651 1997 1914 2066 paritura.
1949 1996 2174 2054 Dubita-

2273 2000 2513 2072 κυούσης
2533 2001 2630 2072 τῆς
2657 2001 2884 2072 μητρὸς,
2915 2002 2950 2073 ή
2983 2001 3080 2072 μὲν
3102 2000 3195 2054 τοῦ
3223 1999 3494 2072 βασιλείου
3526 2000 3700 2069 γένους
3718 2000 3805 2052 δια-

579 2085 739 2140 hatur
763 2099 893 2141 vero
909 2085 1212 2143 masculum
1227 2103 1294 2142 an
1324 2087 1591 2144 femellam
1608 2100 1763 2160 partu
1780 2091 2079 2148 esseteditu
2089 2109 2168 2146 ra.

2271 2091 2399 2163 δοχὴ
2425 2092 2610 2145 ἐκάλει
2635 2092 2772 2163 πρὸς
2797 2093 2897 2162 τὴν
2930 2093 3107 2164 ἀρχὴν
3135 2093 3197 2146 τὸ
3218 2091 3630 2162 τεχθησόμενον.
3653 2087 3744 2144 Ἦν
3765 2093 3804 2146 δὲ

578 2173 853 2234 Primores
883 2179 1066 2249 itaque
1094 2181 1243 2254 regni
1287 2179 1507 2251 pramia
1552 2197 1616 2237 ac
1668 2183 1814 2238 dona
1871 2199 2171 2254 proposue-

2272 2185 2341 2239 τά
2358 2186 2466 2238 τῶν
2491 2185 2696 2239 ὠδίνων
2719 2184 2998 2256 ἀμφίϐολα
3019 2187 3076 2248 ἐς
3101 2185 3292 2238 ὁποίαν
3309 2185 3474 2255 γονὴν
3489 2183 3552 2237 ἂν
3569 2182 3802 2237 ἀποϐαῖεν.

578 2278 708 2324 runt
737 2271 932 2340 magis,
960 2281 1018 2328 ut
1039 2272 1106 2328 de
1122 2271 1324 2328 futuris
1355 2275 1728 2344 praedicerent.
1754 2275 1962 2346 Equam
1986 2277 2171 2348 itaque

2272 2276 2564 2348 Τοιγάρτοι
2592 2277 2832 2340 ἅπαντες
2854 2276 2905 2328 οἱ
2936 2276 2994 2329 ἐν
3028 2275 3172 2329 τέλει
3201 2271 3344 2328 ἆθλα
3373 2272 3713 2346 προύτίθεσαν
3739 2271 3805 2325 καί

575 2361 853 2432 gravidam
884 2363 938 2418 in
967 2365 1205 2420 medium
1262 2367 1540 2422 adducunt
1591 2367 1704 2437 jam
1756 2370 1932 2440 partui
1984 2371 2169 2439 proxi-

2271 2367 2410 2440 γέρα
2438 2370 2552 2432 τοῖς
2588 2367 2785 2438 μάγοις
2814 2369 2906 2421 ἐπὶ
2945 2370 3012 2438 τῇ
3059 2365 3461 2436 προαγορεύσει
3505 2363 3610 2417 τῶν
3653 2363 3805 2432 ὲσομέσ

575 2469 745 2520 mam,
770 2455 1184 2529 iusseruntque,
1209 2459 1372 2532 262
1411 2469 1471 2515 ut
1505 2460 1646 2532 magi
1666 2461 1733 2516 de
1762 2464 1865 2517 hac
1894 2463 2047 2531 prius
2071 2478 2168 2516 va-

2271 2476 2397 2515 νων·
2430 2460 2526 2514 atati.
2552 2461 2733 2514 τοίνυν
2769 2454 2903 2530 ἦγον
2946 2460 3003 2522 ἐς
3046 2458 3211 2529 μέσον
3252 2457 3490 2512 κύουσαν
3530 2455 3703 2519 ἵππον,
3739 2454 3807 2506 καὶ

573 2547 950 2617 ticinarentur,
999 2551 1148 2621 quod
1209 2551 1456 2607 l‘nturum
1509 2554 1828 2610 censebant.
1896 2553 1972 2610 Ita
2018 2555 2166 2610 enim

2269 2553 2345 2617 ὡς
2385 2552 2758 2625 πλησιαίτατα
2783 2550 3156 2624 προελθοῦσαν
3185 2547 3280 2603 τοῦ
3312 2549 3493 2615 τόκου,
3521 2548 3745 2602 ἐκέλευόν
3765 2563 3807 2597 τε

572 2636 764 2705 paucis
794 2647 918 2708 post
971 2639 1165 2696 diebus
1217 2642 1534 2712 cognituros
1583 2656 1642 2698 se
1693 2642 2007 2708 credebant,
2058 2659 2167 2714 quo

2271 2644 2470 2706 αὐτοὺς
2517 2644 2604 2696 ἐπ’
2639 2641 2776 2712 αὐτῇ
2835 2641 3030 2713 πρώτῃ
3083 2637 3476 2711 μαντεύεσθαι,
3523 2638 3654 2708 άπερ
3681 2633 3809 2704 ᾤοντο

571 2728 790 2785 illorum
821 2730 1082 2789 divinatio
1107 2734 1381 2801 evaderet,
1411 2745 1578 2807 atque
1640 2735 1770 2792 hinc
1817 2737 2169 2808 collecturus,

2272 2733 2678 2806 ξυνενεχθῆναι.
2729 2732 2888 2788 Οὕτω
2933 2732 3044 2803 γάρ
3086 2731 3296 2799 ὀλίγαις
3344 2729 3566 2800 ὕστερον
3617 2727 3808 2798 ἡμέραις

572 2822 808 2878 similem
837 2835 1092 2881 eventum
1135 2826 1383 2883 habitura
1435 2829 1599 2884 etiam
1652 2845 1775 2900 quae
1829 2831 1897 2886 de
1945 2831 2168 2888 homine

2315 2826 2575 2883 νώσεσθαι
2603 2824 2834 2898 ἡγοῦντο
2866 2824 2966 2895 τὴν
2997 2823 3308 2895 πρόρρησιν
3355 2823 3413 2885 ἐς
3450 2821 3479 2875 ὃ
3506 2837 3558 2872 τι
3595 2819 3811 2890 χωρήσει,

569 2915 1013 2985 praedicerentur.
1051 2917 1191 2985 Quid
1211 2929 1392 2976 autem
1420 2922 1488 2977 de
1533 2937 1672 2992 equa
1717 2924 1969 2979 habitura
1999 2925 2165 2980 etiam

2268 2922 2443 2994 ταύτῃ
2495 2937 2556 2974 τε
2609 2917 2851 2982 εἰκάζειν
2903 2916 3309 2990 παραπλησίως
3371 2911 3688 2985 ἐκδήσεσθαι
3743 2911 3812 2962 καὶ

573 3023 697 3077 qua:
722 3008 787 3064 de
811 3009 1032 3066 homine
1054 3012 1494 3082 praedicerentur.
1529 3013 1669 3082 Quid
1719 3025 1899 3071 autem
1929 3017 1996 3073 de
2023 3034 2165 3088 equa

2267 3015 2443 3068 ὁπόσα
2495 3012 2703 3082 σφίσινθ
2719 3012 2811 3066 ἐπὶ
2859 3013 2927 3080 τῇ
2970 3007 3244 3079 ἀνθρώπῳ
3289 3002 3724 3078 προαγορευθείη.
3766 3001 3811 3052 Ἀ

571 3099 889 3170 divinarint,
919 3103 1058 3158 nihil
1119 3104 1327 3176 liquido
1384 3106 1592 3176 possim
1649 3106 1937 3175 aﬂirmare,
1993 3124 2168 3180 neque

2201 3133 2242 3195 ί]
2277 3107 2375 3178 μὲν
2409 3102 2502 3160 οὖν
2532 3105 2715 3168 αὐτοῖς
2754 3103 2848 3157 ἐπὶ
2891 3105 2958 3174 τῇ
2994 3102 3146 3173 ἵππῳ
3184 3101 3576 3173 μεμάντευται,
3609 3095 3698 3148 οὐκ
3722 3093 3804 3195 έχω

571 3193 720 3248 enim
748 3194 882 3249 mihi
909 3196 1042 3251 certi
1064 3197 1364 3268 quidquam
1386 3214 1448 3254 ea
1483 3201 1548 3254 de
1586 3215 1643 3254 re
1661 3209 1745 3255 est
1773 3201 2166 3270 renuntiatum;

2315 3197 2463 3266 αφῶς
2487 3193 2890 3266 ἀποφήνασθαι·
2924 3194 2986 3248 οὐ
3019 3195 3128 3265 γάρ
3171 3209 3263 3264 μοι
3304 3191 3368 3246 τὸ
3399 3189 3620 3262 ἀκριϐὲς
3660 3185 3812 3240 τούτου

577 3295 830 3343 caeterum
860 3289 932 3344 ita
954 3289 1169 3361 singula
1218 3301 1543 3359 evenerunt,
1579 3303 1636 3349 ut
1661 3295 1735 3348 illi
1773 3295 2167 3363 praadixerant.

2272 3309 2336 3360 γε
2369 3291 2494 3363 πέρι
2525 3289 2890 3360 ἀπήγγελται·
2923 3288 3063 3358 πλὴν
3105 3286 3221 3341 ἀλλ’
3262 3285 3412 3340 οὕτω
3449 3285 3647 3338 ἕκαστα
3679 3275 3813 3350 προῦ-

575 3379 911 3451 Cnmitaque
948 3396 1014 3437 ex
1044 3397 1107 3437 ea
1132 3399 1190 3439 re
1212 3385 1391 3440 czeteri
1446 3386 1669 3452 scirent,
1729 3401 1918 3457 magos
1977 3387 2170 3442 vatici-

2273 3382 2365 3450 6η,
2402 3382 2549 3443 ὅπως
2586 3379 2814 3442 ἐκείνοις
2857 3377 3158 3448 ἐτύγχανεν
3200 3374 3492 3448 εἰρημένα.
3539 3371 3739 3432 Γνόντες
3773 3365 3813 3420 δὲ

576 3472 745 3527 nandi
777 3483 950 3528 artem
977 3475 1181 3543 optime
1205 3475 1422 3542 callere,
1471 3487 1843 3547 provocat-unt
1882 3487 2172 3549 rogarunt-

2273 3473 2485 3526 ἐνθένδε
2517 3473 2565 3525 οἱ
2598 3470 2771 3535 ἄλλοι,
2803 3471 2878 3533 ὡς
2908 3470 3049 3538 ἄγαν
3086 3470 3198 3532 τοῖς
3235 3469 3438 3539 μάγοις
3471 3462 3815 3536 διηκρίϐωτο⁵¹

577 3578 686 3632 quc
715 3577 834 3630 eos,
861 3564 1100 3619 utetiam
1126 3565 1195 3620 de
1228 3566 1475 3630 muliere,
1519 3584 1641 3637 quae
1695 3567 1878 3622 futura
1943 3577 2170 3624 nossent

2270 3566 2341 3619 τὰ
2372 3565 2472 3636 τῆς
2498 3563 2718 3634 τέχνης,
2766 3560 3112 3632 προύτρεπον
3159 3560 3207 3592 ⁸³
3253 3561 3354 3615 καὶ
3401 3559 3498 3612 ἐπὶ.
3532 3556 3606 3626 τῷ
3631 3551 3813 3623 γυναίῳ.

577 3653 933 3723 explicarent.
969 3651 1072 3721 Qui
1101 3669 1226 3710 cum
1277 3658 1672 3728 responderent
1715 3658 2010 3713 masculam
2043 3673 2170 3727 pro-

2275 3657 2413 3712 ἆττα
2437 3655 2657 3709 ἔσεσθαι
2685 3656 2887 3723 γνοῖεν,
2917 3652 3196 3717 διεξιέναι.
3222 3651 3350 3705 Τῶν
3375 3650 3431 3703 δέ
3457 3648 3724 3720 φησάντων
3746 3643 3813 3714 ἆῤ-

579 3743 688 3798 lem
717 3743 1038 3812 parituram,
1072 3745 1206 3799 nihil
1242 3746 1383 3800 ultra
1437 3747 1636 3802 morati
1678 3756 1825 3814 sunt,
1851 3745 1946 3802 sed
1999 3747 2166 3803 cidari

2277 3750 2408 3819 ρενα
2434 3747 2597 3801 παῖδα
2627 3746 3009 3818 τεχθήσεσθαι,
3043 3745 3149 3798 ούκ-
3170 3743 3252 3797 ἐτι
3273 3742 3608 3816 ἐμέλλησαν,
3634 3735 3750 3792 ἀλλὰ
3768 3737 3814 3803 τῇ

581 3843 737 3891 utero
769 3835 1047 3907 impasita,
1078 3837 1365 3909 embryum
1392 3854 1571 3910 regem
1601 3840 2042 3910 pronuntiarunt,
2079 3853 2174 3894 no-

2273 3843 2471 3914 γαστρὶ
2516 3841 2830 3913 περιθέντες
2880 3839 2980 3912 τὴν
3015 3841 3247 3912 κίδαριν,
3279 3841 3508 3895 ἀνεῖπον
3539 3835 3743 3909 βασιλέα
3772 3831 3813 3883 τὸ

578 3927 836 4000 mineque
872 3927 1238 4001 insignierunt
1290 3929 1461 3986 fetum
1529 3941 1773 3987 recenter
1827 3930 2170 3987 eﬁ‘ormatum

2275 3935 2532 4006 ἔμϐρυον·
2559 3933 2786 4005 ὀνόματί
2805 3950 2867 3986 τε
2883 3934 3188 4003 ἀπέκριναν
3211 3931 3275 3986 τὸ
3297 3926 3731 4003 ἄρτιὲκτυπωθέν
3745 3923 3810 3976 καὶ

581 4029 745 4093 atque
770 4022 844 4076 ita
877 4021 1205 4086 animatum,
1253 4021 1513 4090 arbitror,
1558 4032 1618 4077 ut
1679 4023 1829 4078 intus
1890 4023 2170 4094 paululum

2273 4026 2746 4098 διωργανωμὲνον,
2777 4028 2836 4090 ἐς
2858 4026 3002 4091 ὅσον,
3029 4021 3206 4094 οἶμαι,
3232 4023 3473 4095 διᾴττειν
3500 4021 3642 4075 ἔνδον
3667 4017 3810 4088 ἡρέμα

583 4120 896 4167 moveretur
916 4121 971 4167 et
997 4111 1413 4183 subpalpitaret.
1453 4110 1529 4168 Ita
1559 4126 1708 4176 vero,
1770 4113 1916 4183 quod
1972 4123 2169 4183 natura

2274 4120 2370 4174 καὶ
2400 4118 2830 4174 ύποπάλλεσθαι.
2865 4116 3023 4171 Οὕτω
3049 4116 3103 4169 δὲ
3129 4116 3190 4168 τὸ
3219 4114 3428 4185 ἀφανὲς
3457 4115 3524 4184 τῇ
3573 4110 3715 4180 φύσει
3745 4105 3810 4158 καὶ

581 4202 877 4259 obscurum
906 4203 1290 4274 incertumque
1317 4212 1453 4270 erat,
1480 4219 1581 4276 pro
1639 4187 1810 4260 certo.
1844 4203 2176 4259 indubitate-

2274 4210 2470 4280 ἄδηλον
2504 4211 2562 4273 ἐς
2595 4208 2656 4262 τὸ
2683 4206 2902 4278 βέσαιόν
2928 4222 2989 4258 τε
3029 4205 3124 4258 καὶ
3153 4200 3637 4274 ἀνωμολογημένον
3669 4197 3724 4264 τῇ
3750 4191 3809 4244 50-

582 4311 689 4366 que
715 4296 974 4367 opinione
1009 4297 1521 4367 exspectationeque
1547 4293 2035 4366 apprehendentes,
2065 4310 2172 4348 non

2276 4303 2436 4374 κήσει
2461 4300 2879 4372 μεταλαὸόντες,
2912 4299 3062 4369 ὅμως
3091 4297 3152 4351 οὐ
3174 4297 3480 4368 διήμαρτον
3503 4291 3599 4360 τῆς
3621 4285 3809 4343 ἐλπίδος.

581 4387 831 4442 frustrati
858 4396 988 4443 sunt
1013 4392 1194 4441 tamen
1221 4403 1320 4444 sua
1350 4402 1466 4458 spe,
1509 4386 1602 4442 sed
1633 4393 1687 4440 et
1718 4383 1975 4455 amplius,
2007 4398 2173 4454 quam

2279 4393 2416 4448 ἀλλά
2451 4392 2546 4447 καὶ
2571 4391 2690 4446 λίαν
2719 4391 2908 4461 ἔτυχον
2937 4387 3032 4443 τοῦ
3070 4388 3298 4453 σκοποῦ,
3332 4389 3512 4461 πολλῷ
3552 4388 3700 4442 πλέον
3734 4378 3809 4434 τῶν

585 4478 792 4548 opinati
826 4488 1004 4548 erant,
1028 4488 1157 4535 sunt
1183 4479 1486 4536 consecuti.
1556 4473 1814 4535 Nascitur
1867 4477 2014 4534 enim
2063 4491 2175 4531 non

2205 4464 2252 4525 θ
2277 4483 2635 4558 δοκηθέντων.
2669 4485 2926 4538 Τίκτεται
2972 4480 3082 4554 γὰρ
3126 4482 3229 4535 οὐκ
3274 4485 3333 4546 ἐς
3369 4480 3584 4552 μακρὰν
3615 4481 3640 4532 ὁ
3666 4470 3807 4528 Σαόὼ-

588 4571 757 4625 multo
783 4579 904 4642 post
935 4569 1170 4627 Sabores
1203 4587 1326 4626 cum
1363 4586 1553 4642 regno,
1602 4570 1766 4641 inque
1821 4582 1887 4624 eo
1945 4575 2001 4622 et
2045 4565 2181 4621 ado-

2283 4595 2383 4650 ρης
2421 4576 2470 4609 ⁸⁸
2503 4576 2601 4630 σὺν
2637 4576 2704 4646 τῇ
2733 4572 3002 4644 βασιλεία,
3039 4570 3283 4634 ἐννεάξει
3319 4588 3376 4624 τε
3405 4571 3538 4640 αὐτῇ
3575 4567 3664 4621 καὶ
3685 4566 3808 4630 ὲῖἵη·

588 4662 746 4735 lescit
775 4673 828 4717 et
855 4663 1118 4730 senescit,
1147 4662 1407 4734 perducta
1440 4661 1510 4716 ad
1545 4676 1720 4717 annos
1743 4673 1920 4730 usque
1955 4667 2179 4727 septua-

2281 4670 2497 4741 ράσκει,
2539 4668 2620 4730 είς
2673 4663 3050 4734 ἐϐδομήκοντα
3093 4661 3242 4731 αὐτῷ
3274 4659 3369 4732 ἔτη
3405 4661 3452 4692 ⁵⁵
3487 4653 3807 4748 διανυσθέντος

589 4756 739 4824 ginta
768 4755 895 4810 vita.
933 4755 1140 4824 Quarto
1166 4765 1348 4812 autem
1375 4766 1429 4813 et
1452 4756 1714 4812 vicesimo
1752 4753 1901 4824 regni
1960 4751 2044 4808 sui
2079 4766 2180 4805 an-

2277 4759 2371 4812 τοῦ
2407 4757 2545 4829 βίου.
2581 4754 2742 4810 Κατὰ
2780 4753 2836 4807 δέ
2871 4753 2962 4806 τὸν
2991 4752 3249 4822 τέταρτόν
3284 4767 3345 4803 τε
3381 4750 3475 4805 καὶ
3495 4743 3720 4802 εἰκοστὸν
3739 4743 3807 4805 τῆς

590 4861 684 4911 ιιο,
718 4845 922 4904 Nisibis
950 4849 1084 4904 urbs
1114 4849 1168 4904 in
1213 4847 1504 4904 Persarum
1549 4855 1872 4917 potestatem
1905 4843 2066 4916 263
2087 4857 2178 4898 ve-

2276 4848 2433 4903 τοῦδε
2459 4847 2632 4919 ἀρχῆς
2659 4845 2904 4900 ἐνιαυτὸν
2928 4843 3144 4907 Νίσιϐις
3168 4845 3201 4914 ἡ
3229 4843 3381 4935 πόλις
3407 4841 3510 4894 ὑπὸ
3531 4838 3806 4935 lis'paacf'

589 4941 692 5007 nit,
718 4940 982 4998 Romanis
1015 4942 1235 5013 quidem
1287 4943 1418 4998 olim
1477 4941 1720 5004 subdita,
1762 4937 1994 4994 Joviano
2047 4951 2176 4990 vero

2280 4917 2526 5009 γένηται,
2567 4935 2860 5005 Ῥωμαίων
2913 4933 3013 5004 μὲν
3059 4932 3229 4986 πάλαι
3266 4926 3402 4984 οὖσα
3440 4927 3708 4997 κατήκοος,
3737 4917 3805 5042 ἰε’

2282 5030 2310 5042 ρ
2438 5028 2464 5040 ~
2492 5027 2533 5042 με
2635 5027 2659 5037 ο
2769 5025 2795 5039 ιο
2861 5026 2886 5042 n
2986 5023 3003 5040 α
3031 5024 3042 5042 ρ
3112 5041 3116 5042 ,
3247 5041 3252 5042 ,
3305 5023 3369 5042 OL
3395 5037 3481 5042 _A-
3509 5018 3594 5042 --.Α
3618 5025 3763 5042 -Μεη
3796 5031 3805 5041 ι

589 5035 836 5104 ipsorum
871 5050 997 5104 rege
1024 5051 1142 5090 eam
1177 5036 1422 5091 tradente
1469 5049 1533 5088 ac
1563 5033 1847 5103 prodente.
1873 5031 2009 5087 Cum
2028 5030 2175 5084 enim

2279 5028 2466 5083 διανοῦ
2489 5027 2545 5081 δέ
2567 5027 2662 5081 τοῦ
2686 5025 2836 5097 σφῶν
2860 5023 3124 5096 βασιλέως
3149 5023 3481 5096 παραδόντος
3509 5018 3599 5072 καὶ
3618 5018 3805 5104 προειιε·

588 5126 857 5193 Julianus,
886 5119 976 5199 qn'i
1008 5139 1167 5184 antea
1197 5129 1569 5183 Romanorum
1603 5143 1694 5181 rex
1743 5134 1879 5192 erat,
1919 5124 1974 5179 in
2041 5123 2180 5176 inte-

2279 5139 2394 5176 νου.
2437 5121 2526 5174 Ἐν
2571 5120 2756 5181 αὐτοῖς
2793 5117 2903 5190 γάρ
2943 5117 3124 5188 δήπου
3173 5117 3286 5178 τοῖς
3335 5111 3591 5203 ἐνδοτέρω
3629 5099 3804 5203 χωρίοιξ

590 5219 832 5277 rioribus
898 5222 1107 5278 Persici
1159 5220 1375 5290 imperii
1426 5219 1562 5276 locis
1614 5227 1835 5289 repente
1903 5215 2156 5286 periisset

2281 5211 2369 5284 ῘΡ·
2396 5208 2520 5282 1δ”]
2569 5209 2669 5280 τῆς
2715 5208 2992 5279 Περσικῆς
3035 5205 3388 5276 ἐπικρατείας
3428 5199 3696 5256 ’Ῑουλιανοῦ
3735 5203 3804 5242 του

1875 5428 2113 5486 VARI/E2
2166 5424 2571 5484 LECTIONES.

2807 5571 2828 5587 ·.
2868 5577 2878 5587 .
2921 5577 2930 5587 ι
2962 5574 2996 5587 ιι.
3111 5573 3152 5587 ιη
3240 5571 3262 5582 ο
3311 5586 3316 5587 ,
3365 5582 3438 5587 ο---
3499 5561 3532 5587 D
3628 5553 3666 5584 ιο
3704 5546 3795 5587 IIl-SC

665 5587 706 5617 "
741 5584 1549 5671 ἓεγεστανετξν.,“.υ,Σεγςτανῶν
1581 5587 1748 5656 νιιιεη
1776 5585 2100 5671 διξοαηφτιηι
2137 5586 2302 5671 inter:
2450 5579 2789 5671 εὲγδνσακαὶ
2807 5571 3045 5671 ’(δίπὶβι
3075 5561 3570 5671 ..³⁹.Ξ2ῗτῗ..3ξέἐῑ.ι,ἷξῖι
3599 5546 3781 5671 νῖῗρείῗιῖῗ

595 5631 980 5744 (lates—intum"
993 5631 1002 5636 ⁷
1013 5631 1054 5744 ξῖ
1066 5631 1326 5736 ξΣάσιῦ-ρῖἷ
1456 5631 1722 5737 uterqueo'
1736 5631 2035 5744 Elii“
2047 5672 2128 5744 pr.
2137 5631 2149 5639 I
2275 5656 2294 5736 ,ἱ
2304 5655 2362 5709 ni
2364 5669 2420 5706 ra
2457 5631 2667 5734 firmae
2674 5664 2788 5744 ξτες
2800 5631 3201 5744 .setn'elnA‘tzﬂi
3208 5631 3796 5744 ll“)

596 5709 1168 5805 Apparethgathiarn
1200 5709 1484 5781 variandis
1507 5709 1788 5805 nominum
1819 5709 2290 5805 l'orniis.delectari
2313 5722 2548 5805 :positis
2567 5720 2737 5805 πηούς,
2761 5718 2863 5805 his,
2889 5730 3020 5805 qua};
3198 5711 3398 5805 $535

595 5775 909 5880 ultimoillis,
932 5775 1079 5864 (quas
1105 5794 2203 5880 (iraeerurentisnetudondeﬂexisset.ﬂ
2245 5775 2662 5880 “"fiiﬁi'cpifiwto
2700 5787 2766 5847 Β,
2792 5775 3336 5880 διιηκρίὸιιέῖαιῃνῃυιιε.
3365 5775 3730 5880 ωῗ-τξρὲἰξίῆί

599 5865 729 5930 Ιῌῑῑ
753 5851 916 5937 ἱιιιριἰ
952 5851 1342 5934 furenti-terunt.
1423 5867 1467 5898 "
1510 5865 1772 5937 Σαὸώρης
1796 5865 1839 5920 Ii
1878 5866 1932 5923 h.
1961 5864 2000 5924 ι.
2040 5874 2094 5922 et
2119 5862 2279 5931 infra,
2305 5851 2551 5931 Σαῧόρης
2575 5860 2719 5929 vulg.
2758 5867 2809 5914 ct
2845 5851 3006 5927 intpr.
3041 5851 3287 5908 δαίων-εδ.
3365 5851 3409 5878 ⁸³
3439 5851 3527 5911 ἔτη
3550 5851 3646 5891 0111·
