4060 6486
471 359 604 422 1527
1666 362 2020 424 AGATIILE
2053 363 2538 424 SCIIOLASTICI
3568 381 3687 446 1528

463 489 557 529 me
579 476 812 532 consilio
829 493 1014 535 usum.
1033 479 1125 534 Ait
1171 482 1316 534 enim
1344 480 1521 550 ipsum
1541 480 1664 535 aliis
1682 482 1735 534 in
1763 482 1925 537 rebus
1953 496 2061 535 non

2093 486 2138 542 Α
2167 481 2283 535 ἀλλ’
2307 481 2520 534 ἔπαινεῖ
2550 480 2632 534 τὸν
2666 480 2947 552 Ἀρκάδιον
2975 482 3068 535 καὶ
3097 482 3177 554 [Ρ.
3203 484 3324 558 155]
3345 487 3693 566 ἀποσεμνύνει,

463 566 758 620 admodum
809 569 986 624 solere
1028 584 1151 629 esse
1192 570 1546 636 industrium,
1571 571 1674 628 hac
1706 587 1836 627 vero
1872 574 2061 630 solain

2166 574 2243 636 ὡς
2268 573 2469 646 ἀρίστῃ
2502 572 2848 644 χρησάμενον
2878 573 3149 646 εὐϐουλίᾳ.
3183 577 3316 646 Φησὶ
3343 580 3443 651 γὰρ
3473 584 3620 639 αὐτὸν
3644 591 3694 642 οὐ

460 671 524 712 re
553 667 607 712 et
637 660 937 726 sapientem
959 671 1012 716 et
1042 663 1532 732 prudentissimum
1552 665 1911 721 declaratum.
1931 666 2061 724 Mihi

2165 662 2288 718 λίαν
2317 663 2575 734 ἀγχίνουν
2605 657 2744 715 εἶναι
2772 663 2839 716 τὰ
2873 663 3010 718 ἀλλα
3051 665 3345 734 πεφυκότα,
3377 671 3430 721 ὲν
3456 671 3616 743 τούτῳ
3642 675 3697 746 δὴ

463 765 596 804 vero
622 752 836 806 videtur
865 753 932 819 is,
969 755 1060 825 qui
1094 755 1198 810 hoc
1253 755 1578 823 admiratur,
1616 773 1724 813 non
1749 775 1816 815 ex
1879 760 2061 830 primo

2168 754 2315 825 μόνῳ
2344 754 2590 826 φρενήρη
2617 769 2677 806 τε
2718 753 2814 807 καὶ
2840 753 3290 825 προμηθέστατον
3331 758 3695 832 ἀποδεδεῖχθαι.

465 843 681 897 consilii
715 845 939 914 impetu,
974 847 1069 902 sed
1108 861 1174 902 ex
1195 857 1390 904 eventu
1443 849 1510 905 de
1559 851 1679 921 ejus
1735 851 2061 910 rectitudine

2175 843 2333 912 Ἐμοὶ
2359 843 2418 897 δὲ
2445 844 2594 898 δοκεῖ
2615 846 2644 897 ὁ
2675 844 2834 898 τοῦτο
2863 846 3139 916 ἀγάμενος
3166 846 3226 899 οὐ
3251 849 3315 918 τῇ
3355 830 3534 924 π’ρώτῃ
3569 830 3699 928 ὁρμῇ

459 936 731 1004 judicare.
759 937 878 1004 Quo
939 949 1101 1009 pacto
1127 941 1274 996 enim
1332 944 1632 1012 prudenter
1661 954 1922 1016 recteque
1978 944 2061 1000 fa-

2161 931 2257 986 τοῦ
2290 932 2660 1004 βουλεύματος
2695 935 2758 988 τὸ
2789 934 3013 1002 εὔλογον
3039 935 3265 1006 κρίνειν,
3300 936 3432 991 ἀλλά
3467 941 3541 1012 τῷ
3567 943 3703 1001 ὕστε.

465 1035 610 1081 ctum
639 1029 744 1083 dici
774 1029 966 1099 possit,
1003 1031 1212 1088 homini
1237 1043 1428 1092 extero
1465 1045 1520 1093 et
1557 1037 1815 1108 barbaro,
1842 1049 1898 1096 et
1943 1031 2058 1112 regi

2163 1041 2258 1095 ρον
2286 1023 2676 1095 άποδεὸηκότι.
2726 1027 2879 1080 Ἐπεὶ¹
2909 1026 3028 1090 πῶς
3073 1027 3140 1080 ἂν
3181 1025 3324 1098 εἶχεν
3361 1031 3530 1096 καλῶς
3567 1038 3736 1110 ἀνδρὶ.

464 1119 640 1187 gentis
679 1119 1068 1190 infestissima‘,
1100 1139 1280 1196 neque
1323 1129 1458 1184 satis
1482 1138 1637 1195 noto,
1673 1146 1742 1185 an
1790 1133 1952 1188 ﬁdem
1997 1149 2060 1189 ac

2158 1118 2353 1188 ὀθνείῳ
2382 1119 2476 1172 καὶ
2503 1119 2785 1191 βαρϐάρῳ,
2818 1121 2912 1175 καὶ
2938 1120 3129 1190 γένους
3153 1122 3371 1193 ἄρχοντι
3399 1125 3705 1199 πολεμιωτά-

457 1211 726 1280 justitiam
765 1214 988 1281 coleret,
1021 1218 1226 1289 quique
1251 1229 1510 1290 prazterea
1551 1237 1793 1279 erronem
1819 1235 1965 1281 esset
1992 1226 2059 1281 de

2157 1225 2276 1275 του,
2312 1211 2408 1264 καὶ
2442 1212 2591 1276 ὅπως
2619 1213 2770 1284 αὖτῷ
2800 1215 2969 1285 μετῆν
2995 1215 3232 1278 πίστεώς
3257 1232 3315 1269 τε
3348 1218 3437 1271 καὶ
3461 1219 3705 1278 δικαιοσύ-

459 1301 572 1357 Ι)εο
603 1305 948 1378 diversaeque
986 1311 1285 1380 Opinionis,
1309 1329 1431 1384 quae
1470 1315 1704 1372 habebat
1727 1317 2055 1374 charissima

2157 1316 2255 1369 νης
2284 1300 2629 1373 ὴγνοημένῳ,
2663 1304 2758 1358 καὶ
2784 1304 2924 1375 πρός
2954 1322 3018 1374 γε
3045 1307 3113 1360 τὰ
3141 1307 3198 1371 ὲς
3221 1307 3353 1361 Θεὸν
3382 1311 3705 1386 πεπλανημέ-

460 1395 728 1452 tradere?
775 1398 832 1453 Si
901 1416 1034 1456 vero
1077 1403 1216 1458 nihil
1262 1408 1488 1463 omnino
1528 1408 1584 1462 in
1631 1409 1893 1466 infantem
1949 1412 2052 1468 sibi

2156 1403 2233 1456 νῳ
2273 1388 2369 1441 καὶ
2399 1389 2441 1420 ⁷⁸
2481 1389 2875 1462 ἀλλογνώμονι,
2905 1395 2976 1448 τὰ
3006 1395 3238 1462 φίλτατα
3267 1403 3626 1472 παραδοῦναις
3654 1409 3707 1463 El

461 1489 730 1547 creditum
766 1490 1017 1564 deliquit,
1051 1496 1146 1551 sed
1172 1497 1336 1569 hujus
1364 1501 1653 1570 imperium
1702 1514 1910 1558 sartum
1972 1514 2055 1560 te-

2154 1477 2212 1532 δὲ
2249 1479 2417 1551 μηδὲν
2447 1482 2629 1538 ὁτιοῦν
2661 1485 2756 1538 ἐπὶ
2797 1485 2874 1556 τῷ
2908 1486 3094 1558 βρέφει
3125 1491 3456 1564 ἡμάρτηται,
3494 1499 3707 1571 μεμένη-

459 1589 608 1636 ctum
645 1599 674 1638 a
707 1594 962 1642 curatore
1026 1587 1342 1646 ﬁrmissime
1393 1602 1477 1648 est
1539 1606 1947 1664 conservatum,
1999 1604 2056 1653 et

2156 1588 2252 1626 κεν
2282 1573 2315 1644 ἡ
2343 1573 2534 1628 τούτου
2567 1575 2816 1646 βασιλεία
2846 1578 3174 1649 βεϐαιότατα
3215 1585 3354 1656 πρὸς
3381 1587 3473 1641 τοῦ
3500 1591 3707 1661 κηδεμό-

460 1673 706 1742 quidem,
737 1692 861 1733 cum
917 1680 1098 1736 adhuc
1151 1681 1244 1736 ille
1302 1682 1525 1740 lacteret
1575 1704 1591 1741 :
1661 1686 1810 1744 illius
1867 1662 2052 1760 potius

2154 1679 2243 1727 νος
2271 1662 2672 1736 φυλαττομένη,
2714 1668 2809 1720 καὶ
2846 1668 3024 1724 ταῦτα
3046 1670 3128 1725 ἔτι
3169 1673 3275 1726 ὑπὸ
3308 1675 3462 1747 μαζῷ
3487 1678 3710 1750 τιθηνου-

459 1768 711 1836 probitas
743 1781 829 1827 est
858 1773 1156 1842 laudanda,
1183 1791 1348 1846 quam
1372 1776 1592 1834 Arcadii
1618 1778 1848 1836 factum.
1867 1753 2050 1838 diisce

2157 1753 2342 1824 μένου,
2374 1759 2583 1811 ἐκεῖνον
2621 1757 2687 1813 ἂν
2725 1759 2928 1829 μᾶλλον
2967 1763 3282 1820 ἐπαινετέον
3320 1766 3420 1835 τῆς
3464 1769 3710 1842 εὐγνωμο-

462 1853 631 1924 igitur
655 1857 723 1913 de
772 1862 980 1928 causis,
1021 1838 1217 1933 prout-
1247 1865 1480 1937 quisque
1513 1881 1694 1926 mente
1749 1885 1816 1927 ac
1845 1871 2056 1943 judicio

2109 1839 2129 1894 ἶ
2159 1847 2347 1919 σύνης,
2379 1849 2412 1920 ἢ
2448 1851 2731 1922 Ἀρκάδιον
2767 1852 2863 1906 τοῦ
2917 1855 3338 1927 ἐγχειρήματος.
3381 1859 3588 1916 Τούτων
3627 1838 3712 1934 μὲν

461 1947 646 2014 pollet,
673 1949 748 2005 ita
785 1951 1012 2022 judicet.
1072 1936 1552 2027 lsdigerdesivero
1598 1976 1722 2016 cum
1781 1936 1948 2018 unum
2003 1973 2059 2020 et

2159 1936 2252 1995 οὖν
2275 1941 2488 2009 ἕνεκεν,
2512 1941 2670 2015 ὣσπη
2705 1943 2934 2011 ἕκαστος
2964 1947 3191 2020 γνώμης
3229 1966 3291 2002 τε
3328 1950 3423 2006 καὶ
3452 1954 3711 2024 ἀκριϐείας

461 2039 655 2108 viginti
694 2057 866 2101 annos
893 2058 1200 2117 regnasset,
1252 2051 1465 2106 nullum
1499 2068 1744 2124 unquam
1791 2059 2056 2114 adversus

2157 2032 2292 2103 ἔχοι,
2315 2026 2418 2088 ὧδε
2453 2035 2706 2107 κρινέτω.
2737 2036 2796 2090 '0
2836 2037 2894 2092 δὲ
2935 2039 3264 2112 Ίσδιγέρδης
3290 2043 3463 2096 εἰκοσι
3491 2044 3618 2115 πρὸς
3644 2048 3712 2118 τῷ

460 2122 741 2188 Romanos
775 2133 978 2189 bellum
1020 2138 1280 2207 suscepit,
1325 2155 1504 2212 neque
1556 2121 1664 2199 ulla
1725 2161 1820 2202 eos
1880 2147 2060 2204 aﬁ‘ecit

2157 2121 2240 2175 ἑνὶ
2293 2121 2621 2192 βασιλεύσας
2671 2127 2992 2194 ἐνιαυτοὺς,
3054 2129 3247 2185 οὐδένα
3318 2129 3532 2186 πώποτε
3589 2137 3714 2198 κατά

461 2221 737 2291 molestia,
757 2226 850 2282 sed
876 2229 1078 2283 mansit
1095 2241 1356 2302 perpetuo
1383 2233 1679 2291 benevolus
1703 2237 1867 2310 266
1886 2243 1938 2294 et
1962 2256 2057 2308 pa-

2168 2213 2458 2287 ⁹Ρωμαίων
2492 2217 2664 2288 ἤρατο
2709 2219 2966 2290 πόλεμον,
2991 2221 3112 2275 οὐδὲ
3148 2222 3280 2277 ἄλλο
3321 2241 3375 2277 τι
3411 2227 3528 2278 κατ’
3556 2228 3715 2281 αὐτῶν

460 2309 674 2379 cilicus,
710 2315 826 2373 sive
859 2317 931 2373 ita
965 2335 1098 2376 casu
1158 2301 1445 2391 acciderit,
1482 2326 1600 2383 sive
1645 2345 1836 2386 revera
1889 2333 2054 2387 etiam

2157 2301 2324 2375 ἄχαρι
2356 2304 2599 2375 ἔδρασεν·
2628 2307 2764 2361 ἀλλά
2795 2309 3102 2381 μεμένηκεν
3123 2313 3278 2366 ἐσαεὶ
3296 2315 3342 2346 ⁷³
3367 2313 3552 2380 εὔνους
3574 2334 3630 2369 τε
3651 2316 3717 2371 ὣν

461 2413 710 2474 respectu
739 2409 920 2478 pueri,
952 2419 1009 2467 et
1037 2415 1418 2472 communium
1456 2421 1763 2478 curationis
1822 2424 2056 2496 pupilla-

2157 2397 2252 2450 καὶ
2269 2397 2565 2468 εἰρηναῖος,
2587 2400 2700 2452 εἴτε
2729 2400 2872 2454 οὕτω
2898 2402 3136 2472 συμϐὰν,
3170 2404 3286 2458 εἴτε
3313 2407 3408 2459 καὶ
3425 2406 3498 2470 ὡς
3523 2407 3715 2479 ἀληθῶς

463 2495 539 2553 ris
569 2497 770 2572 legum.
1722 2508 1730 2522 ι
1824 2489 1839 2494 “
1900 2489 1918 2496 “
2157 2489 2329 2558 φειδοῖ
2359 2489 2453 2542 τοῦ
2491 2491 2699 2558 παιδὸς,
2727 2495 2820 2547 καὶ
2850 2495 2957 2550 τῶν
2988 2496 3184 2554 κοινῶν
3216 2498 3320 2569 τῆς
3345 2498 3658 2570 κηδεμονίας
3677 2501 3716 2533 τι

2157 2581 2425 2654 νομίμων.

533 2744 623 2802 27.
654 2745 752 2804 Illo
777 2763 914 2806 vero
946 2761 1184 2820 mortuo,
1217 2753 1526 2814 Vararanes
1573 2759 1721 2818 ﬁlius
1766 2776 1891 2819 cum
1915 2778 2076 2834 μαθέ

2228 2756 2333 2822 κζ’.
2371 2757 2610 2814 Ἐκεῖνον
2658 2759 2716 2814 δὲ
2762 2761 3108 2833 τεθνηκότος,
3165 2763 3534 2837 Οὒαραράνης
3569 2765 3597 2818 ὁ
3622 2765 3719 2829 υίὸς

461 2844 615 2894 esset
665 2839 920 2911 imperio,
961 2848 1364 2916 expeditionem
1407 2851 1628 2920 quidem
1673 2852 1730 2908 in
1775 2852 2055 2912 Romanos

2155 2851 2404 2922 προστὰς
2423 2850 2523 2921 τῆς
2572 2853 2770 2923 ἀρχῆς,
2824 2855 3078 2928 εἰσϐολὴν
3125 2857 3225 2928 μὲν
3271 2857 3418 2912 κατὰ
3455 2857 3719 2928 Ῥωμαίων

463 2929 615 2995 fecit,
650 2933 744 2987 sed
770 2949 896 2989 cum
925 2935 1078 2991 illum
1114 2939 1377 3008 praefecti,
1413 2941 1509 3013 qui
1556 2943 1610 2998 in
1639 2943 1842 3002 ﬁnibus
1873 2957 2052 3012 erant,

2154 2943 2452 3014 πεποίηται
2476 2960 2490 2973 ’
2525 2945 2719 3012 φιλίως
2765 2945 2824 3000 δὲ
2864 2947 3031 3003 αὐτὸν
3062 2950 3158 3003 καὶ
3189 2949 3504 3021 ὑφειμένως
3545 2949 3644 3002 τῶν
3669 2951 3719 3002 ὲν

461 3022 642 3079 amice
663 3024 984 3097 placideque
1008 3032 1401 3101 suscepissent,
1433 3036 1550 3106 ipse
1583 3037 1770 3092 statim
1801 3041 2050 3106 recessit,

2153 3034 2268 3096 τοῖς
2318 3033 2492 3104 ὁρίοις
2517 3035 2564 3065 ⁷⁸
2609 3034 2912 3107 ἱδρυμένων
2967 3039 3300 3110 στρατηγῶν
3368 3037 3719 3111 προσδεξαμέ-

462 3121 520 3168 et
539 3116 604 3169 ad
644 3131 743 3171 sua
796 3133 856 3174 se
889 3119 1101 3190 recipit,
1153 3138 1330 3194 neque
1368 3124 1514 3181 bello
1565 3127 1835 3194 ﬁnitimis,
1876 3146 2053 3201 neque

2119 3183 2123 3203 Ι
2154 3140 2282 3191 νων,
2311 3126 2338 3178 ό
2368 3124 2427 3178 δὲ
2456 3125 2654 3180 θᾶττον
2708 3127 3023 3202 ἀπηλλάγη,
3079 3130 3176 3185 καὶ
3231 3132 3319 3195 είς
3357 3131 3457 3203 τὴν
3501 3132 3722 3201 ὑπήκοον

462 3216 726 3278 ρναξιενεα
761 3212 966 3269 damno
1005 3182 1124 3271 ullo
1174 3182 1322 3287 agris
1362 3233 1555 3274 eorum
1595 3220 1764 3277 illato.
1803 3182 2052 3290 Cumque

2118 3183 2125 3240 ί
2155 3182 2458 3288 ἐπανῆκεν,
2493 3217 2619 3273 οὔτε
2650 3182 3114 3295 προσίτολεμιίισας
3151 3225 3198 3257 "
3243 3225 3363 3288 τοῖς
3391 3182 3721 3288 στέλας,.οὗτι

463 3317 640 3359 annos
692 3304 888 3375 viginti
941 3317 1246 3377 regnasset,
1291 3309 1554 3382 lsdigerdi
1603 3313 1758 3369 alteri
1809 3330 1912 3383 suo
1940 3317 2054 3370 tilio

2154 3307 2332 3372 ἄλλως
2361 3309 2462 3380 τὴν
2511 3310 2695 3381 χώραν
2751 3315 3063 3384 σινάμενος.
3119 3316 3314 3370 Εἴκοσι
3363 3316 3420 3369 δὲ
3463 3315 3723 3386 κρατήσας

464 3409 695 3467 regnum
745 3399 940 3467 tradit;
973 3401 1068 3472 qui
1102 3417 1230 3458 cum
1281 3418 1348 3461 eo
1377 3406 1538 3462 annis
1576 3409 1966 3478 septemdecim
2000 3420 2057 3467 et

2155 3399 2460 3464 ἐνιαυτοὺς,
2516 3403 2860 3473 παραδίδωσι
2915 3405 3015 3478 τὴν
3077 3405 3365 3475 βασιλείαν
3442 3405 3718 3477 Ἰσδιγέρδῃ

463 3483 750 3540 mensibus
784 3486 1004 3544 circiter
1052 3501 1292 3561 quatuor
1343 3504 1492 3551 esset
1538 3497 1746 3567 potitus
1777 3516 1790 3552 :
1820 3498 2054 3558 Perozes

2156 3487 2376 3562 θατέρῳ
2401 3491 2481 3562 τῷ
2505 3492 2699 3547 οίκείω
2731 3495 2909 3560 παιδὶ,
2950 3488 2996 3565 ᾧ
3047 3496 3113 3566 δὴ
3143 3496 3346 3568 χρόνος
3396 3497 3456 3549 ὲν
3485 3499 3552 3566 τῇ
3583 3495 3723 3564 βασι-

467 3582 595 3645 post
639 3575 792 3632 illum
830 3593 928 3634 rex
961 3579 1290 3651 declaratur,
1331 3585 1416 3640 vir
1471 3589 1760 3645 temerarie
1789 3590 1966 3646 audax
2001 3600 2058 3647 et

2155 3581 2277 3654 λείᾳ
2306 3583 2568 3655 διηνύσθη
2596 3586 2735 3640 ἐτῶν
2765 3587 3160 3651 ἑπτακαίδεκα,
3195 3586 3298 3640 καὶ
3341 3585 3528 3657 μηνῶν
3566 3583 3720 3653 δήπου

464 3665 737 3722 bellorum
778 3671 1034 3741 cupidus,
1067 3683 1124 3730 et
1171 3677 1636 3748 magniﬁcentiam
1690 3695 1905 3752 semper
1943 3698 2057 3754 prae

2153 3677 2454 3747 τεττάρων.
2510 3675 2759 3749 Περόζης
2808 3679 2868 3732 δὲ
2927 3679 3049 3750 μετ’
3105 3681 3322 3734 ἐκεῖνον
3362 3678 3723 3735 ἀναδείκνυται

467 3775 530 3817 se
555 3761 788 3829 ferebat,
817 3765 1010 3823 solidis
1039 3777 1221 3825 autem
1247 3771 1494 3844 tutisque
1541 3775 1791 3832 consiliis
1821 3792 1929 3833 non
1955 3777 2055 3833 ad-

2157 3766 2436 3838 βασιλεὺς,
2493 3768 2635 3839 ἀνὴρ
2679 3767 2981 3837 τολμητὶας
3024 3768 3123 3838 μὲν
3152 3767 3300 3837 ἄγαν
3335 3768 3431 3821 καὶ
3458 3764 3724 3837 φιλοπόλε-

464 3852 692 3908 modum
730 3855 1021 3924 utebatur;
1043 3859 1138 3914 sed
1159 3860 1282 3930 plus
1311 3861 1368 3917 in
1397 3877 1467 3919 eo
1488 3873 1606 3920 erat
1621 3865 1867 3923 audacia:
1888 3881 2054 3938 quam

2159 3875 2280 3930 μος,
2305 3858 2402 3912 καὶ
2430 3858 2565 3928 πρὸς
2589 3858 2652 3910 τὸ
2690 3858 3071 3929 μεγαλουργὸν
3113 3857 3218 3928 τῆς
3266 3857 3501 3930 γνώμης
3533 3857 3620 3910 ἀεὶ
3645 3870 3725 3908 τε·

464 3943 707 3999 consilii.
774 3943 946 4002 Periit
1006 3947 1192 4020 itaque
1250 3951 1308 4006 in
1387 3954 1739 4023 expeditione
1791 3955 2055 4014 adversus

2155 3950 2509 4023 τραμμένοςο
2565 3949 2813 4021 λογισμῷ
2861 3950 2919 4003 δὲ
2977 3949 3192 4022 στερρῷ
3253 3951 3353 4003 καὶ
3396 3943 3723 4020 βεϐηκότιού

464 4031 813 4104 Nephtalitas.
829 4051 939 4092 non
964 4047 1094 4104 tam,
1120 4039 1379 4104 arbitror,
1403 4041 1603 4099 robore
1623 4042 1865 4100 hostium
1889 4061 2055 4116 quam

2160 4041 2309 4112 μάλα
2337 4039 2538 4112 εχρῆτο
2563 4055 2576 4068 '
2606 4040 2743 4094 ἀλλά
2779 4039 2940 4093 πλέον
2967 4035 3037 4110 ἦν
3076 4039 3230 4110 αύτῷ
3269 4039 3373 4093 τοῦ
3405 4035 3717 4110 βουλευομέ-

467 4139 570 4182 sua
599 4127 928 4184 temeritate.
960 4129 1098 4186 Cum
1125 4121 1272 4186 enim
1299 4141 1577 4202 oporteret
1611 4133 1790 4205 ipsum
1823 4144 1942 4191 tuto
1959 4151 2058 4206 per

2156 4147 2249 4185 νου
2283 4129 2327 4161 ⁷⁸
2353 4129 2413 4183 τὸ
2438 4127 2728 4200 θρασῦνον.
2748 4129 3018 4183 Ἀπόλωλε
3055 4127 3120 4200 δὴ
3171 4125 3290 4196 οὖν,
3321 4129 3464 4182 κατὰ
3501 4128 3604 4180 τῶν
3633 4125 3703 4179 Na

467 4214 724 4272 hostilem
758 4219 1030 4289 regionem
1058 4223 1372 4290 procedere,
1403 4224 1648 4282 occultas
1666 4225 1897 4283 insidias
1919 4241 2059 4296 prte-

2158 4221 2435 4292 φθαλιτῶν
2453 4220 2908 4290 ἐπιστρατεύσας,
2931 4218 2993 4272 οὐ
3017 4216 3297 4286 τοσοῦτον,
3339 4215 3518 4290 οἶμαι,
3545 4219 3610 4288 τῇ

467 4306 741 4362 videntem
790 4319 846 4364 et
888 4325 1321 4382 praecaventem,
1370 4314 1568 4372 horum
1633 4331 1765 4373 cura
1810 4319 2056 4389 neglecta

2162 4309 2238 4384 μη
2265 4312 2374 4366 τῶν
2401 4310 2682 4381 δυσμενῶν
2707 4311 2904 4363 ὁπόσον
2933 4311 3000 4380 τῇ
3035 4307 3253 4362 οἴκοθεν
3309 4306 3554 4377 ἀκοσμίᾳ
3573 4322 3585 4336 ·
3622 4303 3725 4357 δέον

469 4399 760 4456 confestim
813 4401 869 4457 in
895 4402 1123 4459 insidias
1158 4405 1390 4475 incidit;
1429 4409 1597 4480 inque
1643 4409 1868 4467 scrobes
1891 4411 2056 4482 267

2159 4407 2270 4478 γὰρ
2291 4405 2453 4461 αὑτὸν
2483 4406 2580 4459 σὺν
2621 4405 2696 4476 τῷ
2727 4405 2963 4474 ἀσφαλεῖ
3010 4404 3154 4458 κατὰ
3201 4404 3303 4474 τὴν
3358 4401 3624 4473 πολεμίαν
3644 4413 3728 4450 πο-

468 4503 526 4546 et
553 4489 910 4562 fossas-,quze
938 4494 1005 4550 ad
1028 4495 1408 4566 longissimum
1435 4498 1490 4552 in
1518 4513 1712 4570 campo
1737 4509 1968 4556 tractum
1988 4501 2056 4556 ad

2123 4527 2134 4572 ι
2163 4501 2442 4574 ρεύεσθαι,
2476 4501 2577 4564 τὰς
2618 4501 2852 4573 ἀδήλους
2885 4499 3178 4563 ἐπιϐουλὰς
3231 4494 3726 4572 προδιασκοποῦντα

468 4581 765 4638 fallendum
798 4595 960 4640 erant
991 4585 1276 4653 confectae,
1314 4599 1478 4660 atque
1534 4591 1606 4646 ibi
1641 4606 1767 4648 cum
1812 4593 2060 4649 exercitu

2157 4595 2254 4649 καὶ
2295 4593 2723 4665 φυλαττόμενον,
2779 4594 2829 4671 ό.
2861 4592 2918 4646 δὲ
2968 4591 3194 4663 λέληθεν
3245 4589 3442 4643 ἑαυτὸν
3503 4585 3726 4656 ἐνέδραις

470 4674 680 4729 interiit
701 4687 898 4744 quarto
922 4687 976 4732 et
1003 4678 1264 4735 vicesimo
1289 4682 1441 4751 regni
1465 4683 1550 4738 sui
1576 4699 1744 4750 anno,
1777 4684 2059 4750 vitamque

2157 4684 2354 4756 ἁθρόον
2380 4683 2426 4718 ⁷⁷
2465 4681 2781 4754 περιπεσὼν
2812 4682 2907 4739 καὶ
2937 4679 3156 4751 βάθροις
3187 4679 3284 4732 καὶ
3330 4674 3605 4748 διώρυξιν,
3642 4671 3724 4725 ἐπὶ

470 4766 649 4820 ﬁnivit
688 4767 976 4838 inglorius,
1006 4779 1192 4840 utpote
1227 4773 1297 4827 ab
1323 4771 1535 4830 llunnis
1555 4775 1878 4833 debellatus.
1907 4776 2062 4833 Hun-

2163 4779 2425 4848 μήκιστον
2445 4776 2540 4830 τοῦ
2575 4776 2764 4830 πεδίου
2809 4775 2949 4845 πρὸς
2989 4773 3051 4827 τὸ
3089 4771 3372 4842 ἀπατηλὸν
3426 4781 3726 4840 μεμηχανη-

470 4858 597 4913 nica
628 4859 774 4914 enim
807 4875 942 4928 gens
979 4860 1322 4932 Nepbtalitze.
1354 4864 1512 4922 Baias
1541 4874 1724 4922 autem
1751 4867 1910 4939 hujus
1942 4869 2059 4923 fra-

2163 4870 2376 4940 μέναις,
2403 4868 2570 4921 αὐτοῦ
2601 4884 2662 4920 τε
2687 4867 2784 4920 σὺν
2829 4868 2897 4937 τῇ
2929 4865 3160 4937 στρατιᾷ
3203 4861 3474 4933 διεφθάρη
3501 4857 3725 4926 τετάρτῳ

475 4961 555 5004 ter
605 4952 673 5005 ad
715 4966 941 5022 regnum
983 4963 1232 5020 evectus,
1279 4955 1416 5010 nihil
1477 4965 1784 5012 memoratu
1830 4958 2056 5028 dignum

2161 4960 2256 5015 καὶ
2281 4957 2514 5028 εἰκοστῷ
2559 4957 2658 5028 τῆς
2702 4956 2984 5026 βασιλείας
3033 4953 3288 5024 ἐνιαυτῷ,
3348 4952 3445 5006 καὶ
3489 4942 3727 5003 καταλύει

469 5039 740 5098 bellorum
774 5051 872 5098 aut
924 5045 1242 5115 praeliorum
1273 5061 1444 5102 causa
1471 5048 1682 5118 gessit;
1732 5064 1840 5103 non
1874 5050 2055 5105 solum

2164 5050 2256 5103 τὸν
2289 5049 2403 5120 βίον
2424 5049 2660 5114 ἀκλεῶς,
2683 5047 2779 5101 ἅτε
2806 5047 2873 5120 δὴ
2897 5046 3003 5100 ὑπὸ
3024 5045 3134 5099 τῶν
3185 5043 3405 5098 θύννων
3443 5050 3724 5103 κατεστρα-

473 5131 602 5201 quia
626 5135 854 5203 placidis
878 5145 1026 5193 esset
1072 5137 1323 5194 moribus
1366 5148 1420 5196 et
1469 5137 1658 5208 mitis.
1713 5150 1766 5198 et
1796 5142 1863 5198 ad
1914 5142 2061 5209 irru,

2165 5140 2476 5213 τηγημένος
2499 5156 2515 5172 ⁸
2549 5137 2812 5193 Οὑννικὸν
2847 5137 2957 5210 γὰρ
2982 5137 3140 5207 γένος
3172 5137 3223 5189 οἱ
3250 5131 3610 5203 Νεφθαλῖται.
3637 5123 3726 5178 Βά-

1773 5383 2011 5441 VAllUE
2053 5385 2086 5442 L
2102 5383 2462 5442 ECTIONES.

549 5582 593 5660 ζ’
627 5583 762 5660 πρό-ς
792 5601 858 5660 γε
893 5585 963 5639 τὰ
994 5587 1052 5660 ἐς
1090 5583 1210 5660 θεδν
1241 5585 1647 5660 πεπλανημένῳ
1677 5587 1771 5660 καὶ
1804 5603 1917 5660 om.
1973 5587 2040 5653 Il,
2097 5591 2149 5645 in

2121 5598 2260 5659 ntpr.
2298 5605 2405 5644 non
2435 5589 2823 5657 lcgebatveria
2851 5585 2921 5639 τὰ
2947 5588 3004 5660 ἐς
3033 5581 3171 5660 θεόν.
3210 5584 3292 5660 ἣτ’
3323 5577 3508 5660 ἀεὶ-[ξι.
3633 5567 3724 5660 Ιζο

482 5636 884 5734 iulassuetas.
907 5636 1423 5734 sa‘ssiagigai:
1436 5636 1793 5734 λαψῇ-σιξ»
1809 5636 2085 5734 ῑίίέίειηςῑρι

2118 5636 2641 5714 ίίίιΙίι-θίὶίῦιίςυέίῗὸέτὶδ
2665 5636 3007 5734 procreandis
3038 5666 3083 5734 ρ]
3121 5655 3341 5734 Ιιςαὶιηιεἶ
3419 5648 3463 5678 ⁷⁵

481 5706 631 5790 δρόιξ
661 5706 808 5800 vulg:
824 5706 838 5707 ί
855 5706 883 5710 ⁷⁷
913 5706 1414 5800 ζέέέρὸέιὲρλὲίλῆἒῖᾀξ
1436 5706 2084 5800 ιῖέιᾘέζιῖξέξιῖιὶῖἐῖέ

3043 5706 3440 5797 ⁷ξὲδουλξέυομὲνου
3481 5712 3544 5782 Ρι,
3572 5706 3718 5778 Lugd-

487 5806 595 5863 mg.
623 5803 676 5850 et
699 5795 882 5865 intpr.,
920 5795 1242 5865 βουλομένου
1276 5795 1417 5865 vulg.
1494 5801 1536 5832 ⁷⁷
1573 5795 1782 5863 ἀθρόως
1811 5796 1881 5851 Β.
