4060 6492
392 459 537 525 1529

1591 458 2135 520 HISTORIARUM
2176 459 2410 520 LIBER
2446 460 2542 524 IV.

3536 461 3675 528 1530

386 576 496 641 λας
525 574 572 607 ⁷⁸
598 574 657 628 δὲ
682 573 711 628 ὁ
734 542 929 626 τούτου
975 570 1200 641 ἀδελφὸς
1243 572 1337 625 ἐπὶ
1386 571 1486 644 τὴν
1530 571 1708 644 ἀρχὴν
1748 572 1970 638 ἀναϐὰς,

2086 571 2301 641 ptiones
2317 571 2583 629 vtoientas
2599 570 2881 629 faciendas
2897 571 3312 644 botilitatesque
3334 579 3671 633 exercendas

383 665 552 721 οὐδέν
599 684 653 718 τι
724 665 980 735 φαίνεται
1046 663 1424 735 ἀξιαφήγητον
1465 663 1669 735 δράσας
1727 663 1983 733 πολέμων

380 755 563 812 ἕνεκα
610 755 705 808 καὶ
757 753 1141 826 παρατάξεων,
1183 754 1244 808 οὐ
1308 753 1472 824 μόνον
1507 751 1588 823 τῷ
1640 754 1817 825 πρᾶος
1842 748 1982 806 εἶναι

377 850 525 913 τοὺς
556 849 794 919 τρόπους
825 848 920 901 καὶ
971 848 1151 919 ῆπιος,
1208 846 1303 900 καὶ
1342 844 1481 918 πρὸς
1524 844 1705 917 ὁρμὰς
1751 844 1983 914 ἀλόγους

267 968 279 976 ι
376 942 492 995 καὶ
521 939 850 1012 δυσμενείας
873 939 934 992 οὐ
974 939 1121 1010 μάλα
1149 939 1588 1008 διανιστάμενος,
1631 936 1749 991 ἀλλ’
1770 938 1853 991 ὅτι
1884 936 1982 990 καὶ

376 1033 606 1105 βραχὺν
654 1032 862 1086 ἐπεϐίω
897 1032 1089 1103 χρόνον
1114 1047 1129 1064 ·
1164 1031 1408 1102 τέτταρα
1460 1029 1571 1102 γάρ
1614 1029 1765 1101 αὐτῷ
1817 1030 1980 1100 μόνον

372 1126 491 1198 ετη
536 1126 676 1180 κατά
714 1123 816 1196 τὴν
855 1121 1138 1195 βασιλείαν
1190 1123 1503 1195 διέδραμεν.
1543 1123 1667 1176 Ἐπὶ
1708 1122 1882 1193 τούτῳ
1924 1121 1981 1175 δὲ

380 1221 654 1292 Καϐἁδης
691 1222 736 1253 τ’
762 1223 790 1275 ὁ
817 1218 1080 1292 Περόξου,
1134 1217 1245 1272 τῶν
1293 1217 1584 1288 Περσικῶν
1632 1216 1979 1288 πραγμάτων

368 1315 699 1386 κρατήσας,
740 1311 972 1374 πολλοὺς
1023 1309 1125 1380 μὲν
1177 1309 1320 1363 κατὰ
1366 1309 1659 1380 Ῥωμαίων
1702 1308 1978 1379 πολέμους

369 1402 668 1474 διήνεγκε,
700 1400 873 1455 πολλά
895 1400 954 1453 δὲ
978 1399 1123 1454 κατά
1152 1398 1456 1472 Βαρϐάρων
1473 1398 1583 1452 τῶν
1611 1397 1975 1470 προσοικούν-

374 1511 501 1549 των
532 1475 727 1564 ἔστησε
747 1493 1005 1563 τρόπαια,
1038 1491 1133 1545 καὶ
1164 1493 1356 1563 χρόνον
1402 1490 1593 1545 οὐδένα
1629 1489 1853 1562 παρῆκε
1873 1507 1971 1542 τα-

382 1588 586 1658 ραχαῖς
626 1602 688 1638 τε
741 1584 837 1637 καὶ
879 1583 1149 1647 κινδύνοις
1203 1581 1716 1654 ἐγκαλινδούμενος.
1764 1578 1873 1635 Ἧν
1916 1581 1975 1635 δὲ

370 1676 497 1747 ἄρα
519 1675 616 1730 καὶ
652 1675 789 1745 πρὸς
819 1673 882 1729 τὸ
907 1675 1150 1746 ὑπήκοον
1179 1676 1397 1747 ἀπηνής
1425 1691 1485 1727 τε
1539 1675 1634 1728 καὶ
1679 1672 1973 1727 δυστιθάσ-

373 1783 598 1830 σευτος,
632 1769 726 1819 καὶ
751 1760 866 1829 οἷος
896 1766 1173 1818 ἀνακινεῖν
1210 1760 1278 1817 τά
1316 1762 1658 1827 καθεστῶτα,
1695 1761 1752 1826 ές
1781 1778 1840 1815 τε
1872 1762 1973 1833 τὴν

370 1856 671 1929 πολιτικὴν
733 1857 948 1912 δίαιταν
1015 1857 1388 1927 καινουργεῖν,
1454 1855 1551 1908 καὶ
1591 1854 1971 1926 παρατρέπειν

2083 677 2192 717 non
2236 663 2533 719 admodum
2586 673 2892 736 promptus,
2946 666 3041 720 sed
3092 666 3257 721 etiam
3288 667 3431 735 quod
3462 668 3529 722 ad
3556 670 3675 723 exi-

2082 770 2249 824 gnum
2282 765 2497 827 tempus
2532 758 2919 827 supervixerit.
2948 758 3195 825 Quatuor
3221 759 3367 813 enim
3405 758 3675 814 duntaxat

2081 848 2207 901 anni
2240 848 2291 902 ei
2339 848 2394 902 in
2448 863 2619 918 regno
2666 858 2796 905 sunt
2842 848 3082 904 decursi.
3128 849 3261 904 Post
3308 849 3457 904 hunc
3503 851 3673 906 etiam

2081 937 2349 1004 Cavades,
2385 940 2574 994 Perosi
2608 939 2695 1005 F.,
2728 939 2949 997 Persico
2972 941 3205 1011 imperio
3237 942 3461 1012 potitus,
3498 943 3674 998 multa

2079 1029 2298 1099 quidem
2329 1030 2593 1086 adversus
2632 1031 2911 1089 Romanos
2935 1034 3075 1088 bella
3104 1034 3293 1103 gessit,
3313 1035 3481 1089 multa
3503 1035 3670 1090 etiam

2079 1134 2110 1173 a
2167 1120 2409 1177 tinitimis
2456 1122 2711 1177 Barbaris
2759 1133 2962 1194 tropaea
3023 1124 3229 1191 retulit,
3284 1139 3463 1196 neque
3496 1126 3670 1181 ullum

2077 1217 2294 1282 tempus
2318 1213 2685 1282 praetermisit,
2709 1230 2817 1284 quo
2840 1232 2947 1270 non
2969 1223 3117 1272 esset
3160 1218 3336 1273 turbis
3376 1218 3670 1288 periculis-

2076 1317 2186 1374 que
2234 1305 2513 1361 involutus
2546 1322 2561 1360 :
2592 1315 2711 1361 erat
2757 1322 2885 1362 vero
2911 1307 3077 1363 etiam
3108 1307 3162 1362 in
3206 1309 3457 1365 subditos
3487 1325 3669 1366 saevus

2076 1404 2130 1452 et
2149 1395 2535 1463 intractabilis,
2581 1408 2852 1467 aptusque
2886 1398 2952 1453 ad
3005 1413 3092 1462 ea,
3122 1415 3246 1469 qua:
3290 1400 3429 1456 bene
3456 1402 3667 1457 consti-

2077 1495 2192 1542 tuta
2221 1496 2397 1555 erant,
2430 1489 2782 1554 turbandam,
2829 1499 2887 1544 et
2928 1489 2997 1545 ad
3046 1489 3208 1546 civile
3251 1490 3467 1546 vivendi
3491 1506 3669 1563 genus

2075 1579 2446 1636 innovandum
2504 1588 2831 1651 veteresque
2868 1581 3294 1637 consuetudines
3343 1582 3667 1637 subverten-

2075 1669 2195 1725 das.
2225 1670 2433 1726 Dicitur
2451 1685 2580 1726 vero
2602 1671 2765 1726 etiam
2790 1671 2880 1726 hic
2899 1671 3073 1741 legem
3102 1671 3315 1738 tulisse,
3354 1687 3464 1741 qua
3511 1671 3669 1726 femi-

2074 1774 2160 1815 nae
2192 1761 2327 1817 viris
2366 1777 2688 1817 communes
2715 1763 3199 1832 prostituereutur,
3223 1776 3332 1818 non
3361 1778 3424 1817 ex
3456 1762 3663 1818 Socra-

2074 1852 2167 1919 tis,
2195 1852 2453 1919 arbitror,
2473 1862 2527 1909 et
2563 1852 2808 1910 Platonis
2857 1853 3133 1919 instituto,
3179 1863 3276 1909 aut
3326 1854 3577 1909 utilitatis
3610 1854 3665 1908 iu

366 1950 449 2004 τά
484 1948 653 2005 πάλαι
675 1948 723 1981 ⁸ο
752 1947 1161 2019 συνειθισμένα.
1187 1947 1426 2015 Λέγεται
1470 1943 1532 1998 δὲ
1576 1943 1653 2008 ὡς
1682 1944 1779 1998 καὶ
1802 1943 1969 2015 νόμον

2071 1957 2135 1999 ea
2169 1944 2467 1999 recondita:
2498 1955 2773 2016 respectu,
2822 1947 2915 2001 sed
2946 1954 3007 2001 ut
3060 1946 3239 2001 cuivis
3266 1945 3488 2009 liceret,
3535 1960 3663 2000 cum

371 2039 562 2108 ἔνθετο,
593 2039 751 2095 κοινά
771 2041 885 2102 τοῖς
915 2037 1144 2108 ἀνδράσι
1181 2033 1511 2108 προκεῖσθαι
1542 2026 1611 2088 τὰ
1643 2032 1867 2102 γύναια,
1902 2035 1964 2087 οὐ

373 2132 531 2189 κατά
576 2131 671 2186 τὸν
711 2130 1058 2204 Σωκράτους,
1100 2123 1276 2199 οἶμαι,
1310 2126 1406 2181 καὶ
1447 2125 1739 2190 Πλάτωνος
1784 2124 1965 2196 λόγον,

2073 2050 2181 2105 qua
2214 2035 2409 2090 liberet
2445 2050 2558 2091 rem
2594 2037 2815 2103 habere,
2858 2035 3076 2093 etiamsi
3126 2036 3281 2092 alteri
3311 2035 3473 2091 alicui
3496 2045 3666 2105 nupta

2074 2138 2239 2194 esset,
2263 2128 2425 2200 eique
2454 2129 2671 2184 addicta
2693 2128 3025 2185 conviveret.

372 2229 484 2284 καὶ
506 2229 605 2302 τὴν
632 2227 691 2281 ὲν
737 2225 815 2297 τῷ
857 2224 1000 2296 λόγῳ
1048 2221 1446 2295 κεκρυμμένην
1497 2220 1794 2292 ὠφέλειαν,
1852 2221 1969 2277 ἀλλ’
2004 2221 2148 2278 ὥστε
2176 2224 2256 2295 τῷ
2290 2225 2653 2296 προστυχόντι
2680 2222 2889 2291 ἐξεῖναι
2920 2225 3059 2297 πρὸς
3081 2220 3151 2296 ἣν
3183 2223 3252 2279 ἂν
3311 2225 3489 2280 ἐθέλοι
3551 2243 3664 2297 χω-

366 2323 502 2393 ρεῖν
533 2323 629 2377 καὶ
653 2322 753 2394 τῆς
780 2320 947 2393 εὐνῆς
976 2319 1436 2393 μεταλαγχάνειν,
1472 2318 1523 2374 εἰ
1567 2319 1664 2374 καὶ
1692 2318 1868 2392 ἑτέρῳ
1923 2336 2003 2391 τῳ
2042 2321 2369 2377 συνοικοῦσα
2436 2323 2535 2378 καὶ
2573 2322 2992 2395 ἀποκεκριμένη
3018 2319 3309 2393 ἐτύγχανε.

442 2464 560 2539 κη’.
592 2463 705 2519 Καὶ
731 2465 917 2521 τοίνυν
946 2464 1101 2538 θαμά
1144 2463 1307 2521 τοῦτο
1352 2466 1599 2537 ἐννόμως
1645 2464 1968 2538 ὲξημαρτά-

355 2568 522 2622 νετο,
561 2553 1006 2626 χαλεπαινόντων
1048 2555 1371 2628 περιφανῶς
1410 2556 1521 2610 τῶν
1559 2555 1825 2624 δυνατῶν,
1871 2558 1969 2612 καὶ

352 2647 478 2702 οὐκ
507 2647 738 2702 ἀνεκτὸν
785 2647 1111 2719 ἡγουμένων
1151 2648 1255 2720 τὴν
1310 2646 1557 2718 ἀτιμίαν.
1600 2647 1743 2702 Ἀλλ’
1806 2639 1968 2713 οὗτος

353 2740 487 2813 γὰρ
515 2740 668 2812 αὐτῷ
693 2741 723 2794 ό
751 2740 956 2812 θεσμὸς
981 2741 1026 2775 ⁶¹
1071 2740 1372 2812 ἐπιϐουλῆς
1397 2758 1460 2796 τε
1485 2741 1581 2796 καὶ
1610 2740 1968 2807 καταλύσεως

354 2831 698 2897 αἰτιώτατος
747 2832 795 2865 ⁸³
838 2832 1054 2903 γέγονε.
1142 2814 1437 2904 Τοιγάρτοι
1508 2833 1964 2905 ωμφραξάμενοι

354 2924 618 2989 ἅπαντες
633 2923 727 2978 καὶ
747 2923 1161 2991 διαναστάντες,
1181 2923 1511 2996 καθαιροῦσι
1533 2940 1597 2993 γε
1610 2924 1659 2957 ⁸⁸
1675 2924 1840 2978 αὐτὸν
1854 2925 1959 2995 τῆς

356 3015 555 3088 ἀρχῆς
582 3015 661 3087 τῷ
692 3016 969 3086 ἑνδεκάτῳ
1005 3014 1209 3087 ταύτης
1232 3014 1489 3086 ἐνιαυτῷ,
1531 3018 1628 3069 καὶ
1658 3017 1739 3080 εις
1768 3015 1831 3071 τὸ
1859 3016 1963 3087 τῆς

357 3106 564 3178 Λήθης
612 3106 946 3178 ἐμϐάλλουσι
1006 3107 1290 3178 φρούριον.
1335 3105 1411 3161 Τὸ
1457 3106 1514 3160 δὲ
1541 3107 1641 3180 τῆς
1671 3107 1956 3179 βασιλείας

355 3194 581 3266 κράτος
625 3194 957 3266 μετάγουσιν
1001 3196 1099 3250 ἐπὶ
1148 3197 1458 3269 Ζαμάσφην
1490 3196 1559 3265 δι,
1591 3196 1836 3269 Περόξου
1866 3200 1962 3253 καὶ

351 3287 540 3341 αὐτὸν
567 3288 737 3342 παῖδα
762 3287 1152 3360 γεγενημένον,
1187 3288 1288 3344 καὶ
1338 3288 1520 3353 ἄλλως
1562 3290 1872 3363 πραότητός
1900 3308 1961 3344 τε
1989 3271 2031 3328 c

350 3380 471 3435 καὶ
515 3379 869 3453 δικαιοσύνης
916 3381 1118 3454 ἄριστα
1177 3380 1323 3453 ἔχειν
1373 3380 1657 3436 δοκοῦντα.
1706 3380 1868 3437 Οὕτω
1899 3398 1962 3436 τε

348 3470 545 3545 ᾤοντο
575 3471 754 3536 καλῶς
777 3471 960 3536 αὐτοῖς
998 3472 1217 3526 ἅπαντα
1263 3472 1684 3544 κατειργάσθαι,
1730 3473 1807 3538 ὡς
1841 3474 1963 3538 ἐξὸν

348 3563 630 3618 τολοιπδν
671 3563 733 3618 ἑν
777 3562 1002 3634 εὐκολίᾳ
1040 3579 1101 3617 τε
1145 3562 1244 3618 καὶ
1291 3563 1548 3637 ῥᾳστώνῃ
1579 3565 1963 3622 πολιτεύεσθαι

350 3656 471 3710 καὶ
499 3654 784 3725 βιοτεύειν.
825 3653 969 3709 Ἀλλ’
989 3655 1020 3708 ὁ
1047 3654 1310 3726 Καϐάδης
1342 3657 1445 3710 οὐκ
1470 3657 1530 3720 ἃς
1565 3656 1786 3728 μακρὰν
1817 3658 1962 3712 ἀπο-

349 3748 602 3818 δράσας,
645 3748 756 3803 εἴτε
803 3750 903 3818 τῆς
921 3750 1172 3821 γαμετῆς
1218 3748 1370 3821 αὐτῷ
1420 3749 1833 3822 συλλαϐομένης
1856 3750 1957 3805 τοῦ

355 3839 551 3904 δόλου,
580 3840 657 3903 ὡς
679 3839 992 3913 Προκόπιός
1020 3855 1175 3910 φησι,
1203 3839 1300 3894 καὶ
1343 3838 1436 3893 τὸν
1464 3839 1606 3909 ὑπὲρ
1638 3840 1849 3895 ἐκείνου
1872 3840 1964 3895 θά-

360 3946 537 3985 νατον
560 3929 818 3986 ὑπελθεῖν
845 3931 1132 4004 ἑλομένης,
1150 3930 1265 3985 εἴτε
1298 3930 1395 3985 καὶ
1421 3931 1572 4003 ἄλλῳ
1612 3933 1799 4003 τρόπῳ
1835 3949 1965 4004 χρη-

248 4078 251 4083 ,
360 4026 614 4107 σάμενος
634 4022 702 4090 ⁸³,
743 4021 1061 4095 ἀποδράσας
1105 4022 1163 4076 δὲ
1201 4018 1296 4078 οὖν
1350 4024 1525 4095 ὅμως,
1575 4024 1672 4078 καὶ
1712 4023 1962 4088 ὑπεκϐἀς

358 4113 473 4169 τοῦ
502 4112 903 4187 δεσμωτηρίου,
938 4112 1115 4186 ᾤχετο
1141 4114 1295 4188 παρά
1309 4117 1438 4181 τοὺς
1464 4114 1835 4185 Νεφθαλῖτας,
1864 4116 1962 4170 καὶ

364 4205 586 4279 γίνεται
618 4206 713 4262 τοῦ
752 4208 977 4264 ἐκείνων
1016 4207 1280 4279 βασιλέως
1308 4207 1519 4279 ἱκέτης.
1555 4208 1612 4263 '0
1632 4207 1807 4272 δὲτὰς
1826 4208 1963 4263 ἀτά-

358 4307 539 4382 κτους
566 4294 780 4382 τροπὰς
806 4295 855 4328 ³⁸
877 4296 978 4366 τῆς
1011 4297 1184 4368 τύχης
1221 4296 1673 4368 διανοησάμενος,
1704 4296 1962 4382 προσίετό

2136 2467 2305 2540 268
2328 2468 2422 2526 28.
2453 2468 2792 2541 Frequenter
2824 2469 3010 2540 itaque
3036 2469 3139 2525 hac
3168 2468 3224 2524 in
3248 2475 3407 2538 parte
3434 2469 3664 2540 permit-

2065 2566 2217 2614 tente
2262 2560 2382 2632 lege
2428 2560 2778 2631 peccabatur,
2834 2559 3070 2632 satrapis
3123 2567 3312 2630 aperte
3370 2560 3666 2632 indignan-

2063 2651 2238 2720 tibus,
2268 2667 2448 2723 neque
2472 2652 2817 2709 tolerandum
2850 2667 2975 2709 esse
3015 2652 3255 2709 dedecus
3286 2654 3660 2709 censentibus.

2067 2740 2173 2799 Sed
2202 2758 2266 2799 ea
2293 2744 2379 2799 lex
2404 2744 2592 2815 ipsiet
2615 2744 2942 2802 insidiarum
2970 2753 3027 2801 et
3059 2743 3429 2801 submotiouis
3457 2745 3528 2801 ab
3553 2745 3659 2800 im-

2068 2836 2224 2906 perio
2260 2852 2427 2892 causa
2462 2835 2584 2893 iuit.
2646 2837 3067 2908 Conspiratioue
3104 2836 3253 2891 enim
3294 2835 3435 2891 facta
3479 2836 3662 2891 omni-

2069 2925 2282 2997 busque
2308 2925 2724 2998 insurgentibus
2746 2965 2764 2992 ,
2816 2926 3050 2997 imperio
3086 2940 3211 2982 eum
3245 2925 3521 2989 abdicant,
3554 2941 3661 2980 un-

2066 3013 2303 3082 decimo,
2344 3029 2411 3070 ex
2445 3029 2559 3085 quo
2590 3023 2878 3086 regnaret,
2915 3028 3083 3079 anno,
3138 3020 3195 3068 et
3225 3012 3279 3068 in
3334 3011 3534 3067 Lethes
3567 3025 3661 3066 ca-

2066 3105 2282 3161 stellum
2312 3104 2645 3174 conjiciunt;
2678 3104 2830 3176 regni
2861 3119 2992 3160 vero
3023 3111 3344 3170 potestatem
3373 3101 3428 3155 in
3465 3099 3661 3177 Zama:-

2066 3195 2259 3264 sphem
2289 3193 2653 3260 transferunt,
2680 3193 2780 3264 qui
2826 3203 2883 3248 et
2911 3193 3028 3264 ipse
3051 3191 3241 3247 Perosi
3270 3189 3416 3245 (ilius
3435 3198 3574 3256 erat,
3604 3197 3661 3245 et

2065 3285 2273 3357 alioqui
2289 3284 2531 3342 lenitatis
2559 3293 2615 3341 et
2636 3285 2867 3357 iustitiae
2888 3284 3114 3340 nomine
3148 3282 3354 3354 optime
3376 3281 3656 3347 audiebat,

2063 3377 2245 3447 Atque
2296 3376 2372 3432 ita
2401 3376 2666 3447 putabant
2715 3374 2901 3430 omnia
2944 3374 3049 3431 sibi
3083 3382 3231 3430 recte
3272 3383 3503 3441 curata;
3533 3388 3660 3443 spe-

2063 3478 2253 3527 rantes
2288 3483 2348 3525 se
2376 3468 2634 3539 deinceps
2683 3468 2896 3539 placide
2925 3468 3221 3537 quieteque
3256 3465 3525 3521 victuros.
3552 3463 3660 3518 Ca-

2062 3564 2243 3622 vades-
2263 3578 2396 3619 vero
2419 3578 2529 3618 non
2566 3563 2742 3619 multo
2772 3570 2898 3634 post
2926 3577 2960 3618 e
2985 3560 3236 3618 custodia
3265 3560 3506 3630 elapsus,
3543 3557 3661 3613 sive

2063 3671 2239 3713 uxore
2261 3655 2327 3712 ad
2354 3655 2605 3711 fraudem
2644 3655 2973 3725 opitulante,
3004 3660 3068 3708 ut
3109 3651 3412 3721 Procopius
3445 3645 3659 3716 scribit,

2063 3750 2122 3799 et
2144 3752 2374 3799 mortem
2403 3742 2570 3798 etiam
2609 3757 2711 3813 pro
2744 3742 2839 3797 illo
2870 3741 3059 3798 subire
3090 3740 3371 3812 cupiente,
3402 3738 3519 3794 sive
3552 3737 3658 3791 alio

2065 3833 2328 3903 quopiam
2361 3832 2527 3889 modo
2558 3847 2715 3898 usus,
2769 3832 2987 3903 aufugit
3036 3840 3242 3898 tamen,
3289 3837 3345 3886 et
3368 3845 3399 3885 e
3438 3843 3660 3884 carcere

2063 3924 2259 3991 evasit,
2289 3933 2456 3994 atque
2504 3924 2571 3979 ad
2616 3922 2958 3994 Ncphtalitaa
2985 3938 3044 3978 se
3096 3921 3324 3991 recepit,
3356 3932 3658 3987 eorumque

2063 4015 2180 4087 regi
2209 4016 2445 4085 supplex
2478 4024 2563 4072 est
2611 4014 2792 4070 lactus
2818 4032 2833 4069 :
2861 4014 2955 4084 qui
2992 4028 3120 4068 cum
3164 4011 3348 4067 varias
3382 4010 3650 4064 incertas-

2062 4124 2171 4182 que
2241 4108 2479 4166 fortuna:
2533 4109 2869 4165 mutationes
2920 4124 2987 4163 ac
3067 4104 3471 4162 vicissitudines
3528 4117 3654 4159 cum

2064 4204 2254 4259 animo
2289 4217 2393 4259 suo
2420 4201 2801 4273 perpenderet,
2837 4198 3250 4268 perhumaniter
3272 4212 3397 4253 eum
3420 4192 3653 4264 excepit,

2062 4310 2242 4366 neque
2269 4293 2562 4352 desinebat
2590 4308 2718 4350 eum
2744 4293 2936 4358 solari,
2966 4291 3251 4361 animique
3276 4287 3653 4360 aegritudinem

355 4397 436 4448 γε
474 4381 638 4436 αὐτὸν
663 4383 708 4415 ⁸⁷
743 4383 890 4454 μάλα
912 4384 1182 4457 εὐμενῶς,
1215 4386 1313 4440 καλ⁸
1347 4385 1576 4440 διετέλει
1618 4381 1960 4458 παρηγορῶν

2071 4389 2398 4457 sublevare;
2445 4387 2686 4460 primum
2745 4386 2966 4456 quidem
3028 4382 3306 4439 blanditiis
3358 4381 3652 4435 verborum

329 4469 473 4543 atat
519 4473 965 4546 παραιρούμενος
995 4475 1099 4543 τῆς
1135 4474 1366 4549 γνώμης
1420 4475 1485 4530 τὸ
1537 4476 1860 4549 ἀνιώμενον,
1893 4479 1962 4534 τά

2071 4482 2466 4553 commodaque
2502 4479 2888 4537 exhortatione
2918 4476 2985 4533 ad
3015 4476 3243 4532 meliora
3297 4472 3472 4543 ipsius
3501 4486 3657 4525 men-

358 4562 479 4635 μὲν
508 4566 705 4636 πρῶτα
734 4567 949 4641 Omne.th
973 4585 1035 4624 τε
1081 4569 1264 4642 ἀγαθῇ
1312 4570 1410 4625 καὶ
1450 4570 1777 4643 παραινέσει
1819 4571 1962 4644 πρὸς

2071 4581 2178 4629 tem
2205 4572 2596 4636 corroborans,
2641 4568 2809 4641 269
2853 4583 2919 4623 ac
2949 4577 3213 4637 praeterea
3268 4564 3410 4619 lauta
3466 4574 3655 4615 mensa

355 4655 443 4710 τὰ
469 4657 735 4728 ἀμείνονα
753 4658 816 4713 τὸ
840 4660 1072 4733 φρονοῦν
1097 4661 1517 4736 ἀναῤῥωννύσῃ,
1538 4663 1637 4717 καὶ
1660 4664 1799 4736 πρός
1817 4680 1884 4733 γε
1910 4665 1960 4698 ⁸⁸

2071 4664 2357 4733 amicaque
2377 4660 2764 4733 propinatione
2813 4658 3131 4727 frequenter
3154 4653 3458 4723 excipiens,
3488 4649 3659 4704 vesti-

353 4751 623 4824 τραπέζῃ
651 4750 865 4823 δαψιλεῖ
885 4755 981 4808 καὶ
1025 4754 1316 4827 φιλοτησία
1358 4753 1511 4827 θαμὰ
1536 4756 1958 4829 προτεινομένην

2071 4756 2170 4813 bus
2201 4755 2368 4812 etiam
2399 4752 2659 4824 pretiosis
2683 4751 2920 4814 donans,
2952 4748 3248 4817 omniaque
3271 4741 3659 4813 hospitalitatis

358 4839 472 4893 καὶ
504 4839 789 4912 ὲφεστρίσι
815 4841 1051 4914 τιμίαις,
1076 4842 1174 4897 καὶ
1201 4841 1415 4906 τούτοις
1446 4841 1513 4913 δὴ
1547 4842 1720 4898 ἅπασι
1744 4845 1858 4908 τοῖς
1881 4845 1962 4908 εἰς

2071 4845 2253 4902 munia
2292 4843 2551 4915 explens;
2610 4841 2775 4914 paulo
2807 4855 2938 4894 vero
2992 4846 3116 4908 post
3146 4835 3311 4892 etiam
3358 4833 3527 4888 tiliam
3558 4830 3659 4886 bo-

350 4928 682 4999 φιλοξενίαν
721 4935 1205 5007 προχειροτάτοις·
1244 4933 1417 5005 ὀλίγῳ
1468 4932 1528 4987 δὲ
1582 4932 1812 5006 ὕστερον
1867 4935 1963 4991 καὶ

2071 4935 2199 5007 spiti
2244 4933 2441 5007 nuptui
2487 4930 2813 5003 despondet,
2864 4927 3105 4998 datoque
3171 4925 3224 4982 ei
3284 4923 3466 4979 valido
3502 4918 3656 4985 satis

351 5020 474 5090 τὴν
497 5019 776 5094 θυγατέρα
817 5026 1100 5096 κατεγγυᾷ
1144 5022 1287 5093 πρὸς
1337 5022 1523 5095 γάμον
1562 5022 1641 5094 τῷ
1683 5022 1840 5093 ξένῳ,
1867 5025 1964 5079 καὶ

2071 5023 2315 5081 exercitu
2342 5022 2411 5079 ad
2444 5037 2546 5079 sua
2576 5021 2819 5087 remisit,
2850 5033 2977 5076 cum
3026 5032 3243 5081 corum,
3269 5013 3361 5085 qui
3395 5008 3654 5068 obstituri

359 5116 642 5184 στρατιὰν
668 5116 819 5171 αὐτῶ
846 5117 986 5191 πρὸς
1016 5116 1119 5191 τὴν
1150 5116 1380 5174 κάθοδον
1409 5114 1748 5188 ἀποχρῶσαν
1779 5132 1959 5189 παρα-

2071 5124 2273 5184 essent,
2301 5115 2459 5179 clade
2479 5113 2775 5187 pristinum
2813 5126 2977 5169 suum
3034 5123 3265 5181 regnum
3298 5111 3656 5205 recuperatu-

1662 5300 1907 5359 VARIAS
1941 5299 2356 5359 LECTIONES.

440 5476 491 5507 ⁷⁸
520 5474 699 5540 Βάλας
717 5477 887 5550 Lugd.
918 5479 972 5550 in
1003 5494 1144 5550 ing”
1186 5480 1240 5535 in
1275 5481 1466 5537 ordine
1517 5490 1703 5538 autem
1759 5483 2033 5550 Ὀϐάλας,’
2059 5482 2276 5547 oena;
2312 5479 2381 5547 Β,
2433 5478 2625 5535 Valens
2664 5477 2834 5549 intpr.
2874 5475 3255 5543 lncorruptum
3290 5482 3487 5550 nomen
3524 5465 3651 5550 Per-

360 5547 681 5637 eisesse}.
697 5540 987 5637 _PS'"'“"'.
1002 5540 1159 5637 ¹¹ιῖηὲε
1174 5551 1501 5637 Ρωοονίυεε
1530 5555 1626 5624 qui
1650 5556 1717 5637 de
1741 5555 1942 5637 Ριοῑυηι
1972 5540 2177 5637 regem
2201 5540 2565 5637 ,εὐθεέεείίξηθ
2606 5540 3448 5637 Darei!92'.“Pe'&;‘f.$°.l‘f:ssli'
3473 5540 3647 5637 £333.?

360 5615 583 5692 rectius
618 5616 805 5692 qust'u
825 5627 1012 5692 vocat,
1044 5623 1138 5692 sed
1173 5622 1227 5675 in
1255 5607 1340 5677 eo
1359 5607 1712 5692 errat.'quod
1741 5607 2005 5680 ιέίὶόέὼιί
2025 5607 2273 5680 ὶῗιῖιιεάἰε
2294 5607 2584 5692 suil'ectum
2608 5607 2738 5676 'esse
2758 5607 2979 5692 _t_radit._'
3061 5614 3106 5645 ⁷⁸
3124 5611 3181 5665 δὲ
3203 5607 3345 5692 nas.
3381 5607 3445 5674 ll,
3473 5607 3527 5660 δὲ
3555 5609 3646 5659 καὶ

358 5688 440 5764 Κμ.
475 5686 622 5755 vulg.
643 5758 656 5764 _
697 5688 743 5721 ⁸ο
765 5690 933 5742 πάλαι
958 5706 1068 5764 om.
1095 5691 1160 5744 R.
1224 5692 1277 5764 ξι
1301 5694 1424 5746 αὐτ.
1459 5696 1488 5748 ό
1523 5686 1682 5764 θεσμ.
1715 5693 1782 5758 Β,
1829 5695 1878 5749 ὁ.
1910 5694 1989 5764 θη
2012 5711 2068 5750 α.
2101 5694 2248 5764 vulg.
2325 5691 2369 5725 "
2399 5686 2799 5764 aitttjitatpsﬁ
2831 5695 2885 5741 et
2907 5686 3113 5764 __i"ll)"-
3150 5686 3641 5764 ρνητξιηιτξβαυξας

359 5759 541 5834 αἴτιος
570 5748 1200 5834 νυιεζσυμερραςάμενοι
1224 5761 1290 5828 Β,
1314 5748 1930 5834 συμφρασάίιενοιέοιιῇ.
1948 5748 2064 5821 CLV
2118 5748 2164 5797 ⁸⁵
2182 5748 2289 5834 ῑάρ
2312 5778 2410 5834 pro
2433 5778 2494 5834 γε
2517 5759 2588 5834 li.
2657 5748 2888 5834 “Vlietl-9
2905 5748 3208 5823 Ζαμᾶσφήν
3230 5759 3315 5834 οιδῑ
3340 5767 3351 5804 ³
3388 5748 3644 5834 ρέαευεῗῖρ

361 5820 694 5908 ξοτόεηξιψῖ
725 5820 1062 5908 lett-ﬁmi);
1093 5820 1449 5908 Ιῖηδθιίίῃΐῖτί
1472 5820 2114 5908 ’ΖαμάσφηςΖᾰιιιὺαεεε
2140 5820 2327 5905 Ιιιίρί·.’
2415 5820 2458 5865 ³⁵
2497 5832 2681 5904 τρόπῳ
2711 5845 2798 5901 χρ.
2846 5825 2908 5892 Β,
2946 5820 3033 5895 χρ.
3062 5820 3325 5896 τρρτυιε.
3397 5820 3443 5851 ⁸⁵
3469 5820 3643 5889 ῥοπὰς

359 5901 500 5962 Par.
577 5897 624 5931 ⁸⁷
643 5897 833 5956 ἑαυτὸν
862 5899 927 5954 Β.
969 5897 1045 5935 ⁷³⁸
1083 5901 1210 5973 πρός
1241 5921 1296 5960 τε
1320 5903 1380 5959 Β.
