4060 6492
417 480 557 547 1533

1559 482 2105 545 HISTORIARUM
2138 486 2371 547 LIBER
2399 468 2495 550 Iv.

3548 486 3684 552 1534

415 592 631 658 ἀδήλων
664 589 965 661 ἀνιχνεύειν
995 588 1172 664 ἀρχὰς
1203 589 1528 661 εἰθισμένοι,
1570 592 1665 644 καὶ
1690 592 2000 659 λεγέτωσαν

2118 608 2529 662 :onsucverunt,
2564 603 2619 651 et
2668 610 3026 667 quascunque
3070 597 3343 653 voluerint
3377 598 3681 668 proferant,

414 684 610 748 ὁποίας
638 683 736 736 καὶ
770 680 1068 753 βούλοιντο,
1109 682 1236 753 ἐμοὶ
1272 681 1328 737 δι
1372 681 1472 751 τῆς
1503 681 1777 753 προτέρας
1810 682 2004 753 ἐκδρο-

418 778 533 849 μῆς
565 776 662 830 καὶ
709 770 867 837 αὖθις
917 772 1313 845 μεταληπτέον.
1364 772 1705 842 Τεθνηκότος
1752 771 1863 844 γάρ
1910 771 2004 826 τοῦ

416 867 677 923 Καύὰδου
717 864 866 921 κατά
901 865 963 920 τὸ
997 866 1254 936 πέμπτον
1305 863 1427 927 έτος
1473 864 1575 934 τῆς
1625 862 2006 918 Ἰουστινιανοῦ

418 959 511 1033 [Ρ.
537 958 655 1032 H0]
679 959 829 1031 παρά
844 957 1138 1029 Ῥωμαίοις
1157 954 1455 1027 βασιλείας,
1483 955 1734 1027 Χοσρόης
1762 956 1790 1010 ὁ
1807 956 1948 1009 πάνυ
1978 954 2007 1008 ό

420 1051 549 1106 καθ’
577 1052 727 1121 ἡμᾶς
758 1048 1059 1119 διαδέχεται
1096 1047 1197 1118 τὴν
1248 1045 1512 1118 πατρῴαν
1560 1046 1755 1118 ἀρχὴν,
1790 1047 1884 1100 καὶ
1911 1044 1999 1098 πέ·

421 1159 604 1212 πραχε
638 1140 873 1194 πλεῖστα
895 1139 997 1192 ὅσα
1027 1138 1122 1191 καὶ
1166 1137 1418 1206 μέγιστα,
1461 1130 1683 1191 ὧνένια
1734 1135 1834 1208 μὲν
1862 1136 2006 1207 Προ-

419 1233 604 1305 κοπίῳ
626 1231 706 1303 τῷ
753 1233 955 1303 ῥήτορι·
978 1229 1542 1303 ’προαναγέγραπται,
1569 1228 1680 1282 τῶν
1701 1228 1760 1282 δὲ
1798 1226 2006 1282 λοιπῶν

418 1322 549 1394 ἐμοί
577 1337 642 1390 γε
676 1321 746 1374 τά
778 1320 877 1390 μὲν
915 1318 1133 1390 εἴρηται
1178 1317 1302 1389 ήδη,
1355 1317 1424 1371 τὰ
1479 1317 1540 1371 δὲ
1586 1315 1900 1381 ἀκολούθως
1933 1317 2009 1369 εί-

424 1413 678 1484 ρήσεται.
718 1408 807 1472 Ὠς
855 1407 923 1461 ἂν
970 1408 1027 1460 δὲ
1063 1407 1125 1459 τὸ
1168 1406 1389 1478 συνεχὲς
1418 1405 1528 1460 τῶν
1564 1406 1776 1478 χρόνων
1810 1404 2009 1458 τελεώ-

419 1519 568 1558 τατα
609 1499 1023 1571 διαφυλαχθείη,
1071 1497 1325 1553 τοσοῦτον
1377 1497 1491 1569 ἐρῶ
1540 1498 1678 1570 πρὸς
1707 1496 1769 1551 τὸ
1808 1496 2005 1570 παρὸν,

420 1592 505 1653 ὡς
537 1594 594 1655 ές
612 1590 759 1645 όκτώ
785 1606 845 1644 τε
873 1590 968 1642 καὶ⁵
999 1590 1413 1660 τεσσαράκοντα
1439 1590 1722 1653 ἐνιαυτοὺς
1741 1588 1839 1643 τοῦ
1873 1591 2008 1660 κρά-

420 1702 557 1748 τους
600 1685 880 1755 ὶχόμενος,
932 1681 1133 1746 πολλὰς
1185 1681 1486 1752 ἀνεδήσατο
1542 1683 1702 1746 νίκας
1726 1699 1741 1712 ·
1767 1681 1865 1736 καὶ
1914 1682 2008 1750 γέ-

421 1793 589 1845 γονεν
616 1778 800 1838 ὁποῖος
830 1773 984 1827 οὔπω
1020 1773 1290 1846 πρότερον
1328 1773 1487 1837 ἄλλος
1529 1772 1639 1828 τῶν
1679 1772 1832 1845 παρά
1877 1774 2013 1845 Πέρ-

430 1884 555 1931 σαις
590 1866 1054 1938 βεδασιλευκότων
1100 1865 1498 1932 ἀναδέδεικται,
1529 1865 1646 1934 εἴγε
1678 1866 1699 1898 ³
1735 1865 1812 1935 τῷ
1843 1865 2010 1920 παντὶ

427 1934 648 2031 ἑκάστῳ
702 1958 1069 2029 συγκρίνοιτο,
1104 1957 1226 2011 οὐδὲ
1259 1958 1311 2010 εί
1354 1956 1538 2028 Κῦρον
1598 1957 1742 2010 εἴποι
1775 1956 1797 1987 ⁸
1836 1974 1920 2019 τις
1944 1957 2012 2011 ἂν
2043 1934 2087 1991 Β

431 2052 527 2106 τον
564 2049 888 2122 Καμϐύσου,
936 2049 1062 2102 οὐδὲ
1104 2049 1330 2119 Δαρεῖον
1369 2046 1721 2114 Ὑστάσπεω,
1750 2045 1873 2099 οὐδὲ
1904 2047 2014 2117 μὴν

435 2143 644 2214 Ξέρξην
698 2144 926 2207 ἐκεῖνον,
963 2140 1058 2195 τὸν
1095 2139 1401 2210 ἱππήλατον
1449 2138 1550 2210 μὲν
1581 2138 1869 2193 δεικνύντα
1915 2136 2015 2208 τὴν

438 2234 730 2298 θάλατταν,
760 2236 817 2287 εν
838 2233 895 2287 δὲ
917 2234 1032 2295 τοῖς
1057 2231 1211 2303 δρεσι
1239 2229 1677 2301 ναυτιλλόμενον.
1698 2227 1847 2298 Πλὴν
1876 2227 2014 2282 ἀλλὰ

430 2325 676 2388 τοιοῦτός
702 2342 764 2394 γε
789 2324 887 2387 ῶν,
930 2324 1133 2394 ἀκλεής
1162 2339 1228 2392 γε
1282 2322 1435 2394 αύτῷ
1475 2324 1509 2395 ἡ
1548 2321 1642 2375 τοῦ
1688 2321 1805 2392 βίου
1849 2337 2017 2375 κατα-

432 2414 644 2488 στροφὴ
698 2414 948 2484 γέγονεν,
998 2414 1097 2468 καὶ
1155 2414 1350 2486 οίκτρά
1412 2413 1643 2467 καὶτῶν
1689 2411 2017 2483 φθασάντων

429 2507 864 2579 ἀλλοτριωτάτη.
889 2507 1188 2578 Ἐτύγχανε
1230 2508 1332 2579 μὲν
1370 2507 1479 2580 γάρ
1521 2508 1579 2560 ὲν
1610 2505 1687 2575 τῷ
1717 2504 1840 2558 τότε
1872 2503 2019 2575 ἀμφὶ⁵

427 2601 504 2655 τά
530 2600 853 2672 Καρδούχια
889 2600 994 2673 δρη
1021 2602 1080 2665 ἐς
1108 2590 1306 2672 κώμην
1345 2597 1621 2669 Θαμανῶν
1668 2597 1757 2651 διὰ
1796 2595 1897 2668 τὴν
1920 2595 2016 2649 τοῦ

429 2691 631 2763 θέρους
673 2691 824 2763 ὥραν
858 2692 954 2746 καὶ
985 2692 1086 2762 τὴν
1135 2692 1247 2746 τῶν
1291 2690 1481 2745 τόπων
1518 2689 1821 2761 εὐκρασίαν
1851 2704 2021 2760 μετα-

432 2784 541 2849 ϐἁς
578 2800 636 2838 τε
688 2783 785 2837 καὶ
828 2781 1246 2853 ἐνδιαιτώμενος
1275 2783 1321 2835 ⁸.
1349 2774 1664 2853 Μαυρίκιος
1712 2778 1771 2835 δὲ
1809 2782 1838 2835 ὀ
1872 2774 2021 2835 Παύ-

434 2877 556 2942 λου,
587 2875 692 2930 ύπδ
719 2875 975 2947 Τιϐερίου
1017 2872 1434 2929 Κωνσταντίνου
1466 2871 1562 2927 τοῦ
1605 2872 1895 2944 Ῥωμαίων
1924 2873 2020 2926 αύο

434 2968 775 3040 τοκράτορος
798 2968 820 2999 ⁸
848 2966 1041 3038 ἄρχειν
1077 2966 1187 3019 τῶν
1236 2964 1382 3020 κατὰ
1439 2964 1540 3034 τὴν
1579 2963 1656 3019 ἔω
1716 2964 2019 3035 ταγμάτων

439 3058 942 3130 προστεταγμένος,
990 3055 1270 3111 εἰσέϐαλεν
1317 3055 1518 3128 ἀθρόον
1557 3056 1579 3088 ⁷
1619 3056 1677 3119 ες
1715 3055 1816 3126 τὴν
1852 3054 2020 3126 Ἀρα-

443 3150 633 3224 ξιανὴν
661 3207 674 3219 ,
741 3150 949 3222 χώραν,
991 3149 1288 3220 πρόσοικον
1344 3142 1513 3202 οὖσαν
1551 3150 1619 3219 τῇ
1650 3147 1752 3218 τῆς
1782 3148 1977 3219 κώμης
1997 3147 2020 3181 ⁸

2106 689 2241 751 mihi
2272 703 2422 749 vero,
2451 689 2596 743 unde
2648 687 2929 759 digressus
2987 704 3132 756 sum,
3186 700 3269 745 est
3321 689 3680 744 redeundum.

2105 768 2322 834 Μοιιιιο
2380 780 2525 833 enim
2556 779 2770 835 Cavade
2803 780 2997 850 quinto
3034 794 3200 847 anno,
3254 795 3318 834 ex
3349 794 3458 849 quo
3515 778 3687 834 Justi-

2106 871 2307 925 nianus
2340 869 2603 924 Romanis
2631 870 2944 940 imperat-al,
2980 871 3256 926 Cbosrocs
3308 870 3418 935 ille,
3459 869 3685 924 maximi

2106 962 2251 1032 apud
2283 977 2387 1017 nos
2425 961 2687 1028 nominis,
2716 971 3005 1032 paternum
3036 966 3279 1032 suscepit
3301 961 3611 1032 imperium,
3633 968 3689 1014 et

2105 1056 2374 1127 plurimas
2405 1055 2783 1126 maximasque
2813 1072 2904 1111 res
2920 1055 3121 1127 gessit;
3152 1071 3386 1126 quarum
3412 1053 3689 1109 nonnullae

2108 1163 2139 1203 a
2178 1146 2448 1217 Procopio
2479 1147 2697 1202 rhetore
2726 1156 2854 1201 sunt
2906 1146 3256 1216 conscriptae;
3306 1145 3530 1214 reliqua:
3558 1157 3690 1197 vero

2108 1239 2306 1311 partim
2334 1238 2447 1310 jam
2475 1254 2506 1292 a
2534 1251 2621 1292 me
2649 1238 2812 1293 dictae
2843 1245 2993 1303 sunt,
3023 1237 3149 1293 alia:
3173 1245 3574 1307 consequenter
3604 1234 3691 1287 di-

2109 1342 2323 1388 centur.
2388 1331 2462 1388 Ut
2525 1339 2709 1385 autem
2766 1329 3087 1384 continuata
3157 1338 3458 1398 temporum
3520 1325 3690 1381 series

2108 1425 2461 1482 exactissime
2488 1408 2834 1487 observetur,
2882 1420 2937 1475 in
2990 1422 3280 1491 praesentia
3309 1421 3577 1473 duntaxat
3607 1417 3693 1471 di-

2109 1531 2252 1578 cam,
2280 1511 2426 1583 quod
2449 1527 2547 1583 per
2572 1520 2697 1567 octo
2725 1517 2781 1566 et
2813 1509 3174 1580 quadraginta
3220 1523 3395 1563 annos
3422 1547 3438 1571 ,
3490 1505 3691 1575 quibus

2111 1606 2341 1677 imperio
2370 1605 2581 1675 potitus
2620 1613 2725 1666 est,
2768 1600 2959 1657 multis
2991 1600 3282 1656 decoratus
3327 1599 3492 1654 fuerit
3517 1598 3692 1652 victo-

2110 1699 2228 1762 riis,
2257 1699 2490 1767 talisque
2520 1694 2776 1756 evaserit,
2813 1692 2992 1763 qualis
3014 1702 3140 1747 ante
3168 1708 3293 1748 eum
3312 1708 3376 1747 ex
3405 1691 3691 1748 Persarum

2109 1791 2329 1861 regibus
2365 1802 2548 1854 nemo,
2578 1787 2623 1842 si
2657 1802 2780 1840 cum
2817 1786 3047 1857 singulis
3082 1801 3272 1840 eorum
3304 1794 3693 1854 comparetur,

2112 1894 2182 1934 ne
2217 1878 2262 1934 si
2288 1875 2489 1949 Cyrum
2524 1875 2745 1945 quidem
2803 1873 3087 1945 Cambysm
3124 1873 3297 1928 ﬁlium
3356 1873 3559 1943 aliquis
3591 1888 3696 1928 uo-

2114 1970 2424 2033 miuaverit,
2448 1977 2542 2023 aut
2559 1966 2782 2023 Darium
2801 1966 3108 2038 Hystaspis,
3130 1964 3225 2021 sed
3248 1980 3425 2035 neque
3458 1963 3694 2019 Xerxem

2115 2063 2292 2126 illum,
2348 2060 2443 2131 qui
2483 2074 2635 2114 mare
2670 2058 2851 2128 equis,
2906 2066 3121 2112 montes
3172 2055 3402 2111 navibus
3456 2054 3697 2110 reddidit

2114 2155 2351 2227 pervios.
2386 2152 2656 2209 Caeterum
2682 2150 2807 2206 talis
2829 2165 2902 2227 ac
2935 2158 3121 2204 tantus
3146 2164 3272 2205 cum
3315 2146 3694 2217 fuerit,inglo~

2115 2224 2258 2301 rium
2286 2254 2337 2299 et
2363 2241 2756 2308 miserandum,
2800 2224 2963 2311 272
2987 2248 3041 2293 et
3070 2239 3140 2295 ab
3180 2247 3306 2294 ante
3357 2238 3498 2294 actis
3523 2237 3696 2308 ipsius

2117 2336 2279 2393 rebus
2305 2326 2474 2407 gestis
2498 2332 2897 2389 alienissimum
2940 2330 3135 2385 habuit
3167 2330 3294 2384 vitae
3314 2329 3695 2384 exitum.Cum

2116 2428 2259 2484 enim
2292 2441 2391 2497 per
2427 2425 2481 2480 id
2513 2434 2730 2495 tempus
2759 2423 2904 2478 circa
2933 2420 3272 2477 Carduchios
3320 2428 3533 2474 montes
3567 2433 3696 2471 ver-

2118 2536 2250 2577 sans
2266 2521 2318 2574 in
2346 2519 2527 2575 vicum
2542 2515 2952 2572 Thamanorum
2973 2522 3194 2585 propter
3208 2511 3457 2567 aestivum
3482 2520 3697 2579 tempus

2118 2619 2175 2666 et
2204 2608 2420 2663 illorum
2481 2605 2729 2661 locorum
2779 2601 3095 2669 temperiem
3157 2599 3470 2664 transisset,
3513 2596 3699 2666 ibique

2120 2704 2576 2762 commoraretur,
2601 2692 2894 2751 Mauritius
2921 2693 3073 2749 Pauli
3099 2691 3161 2748 F.
3204 2708 3235 2747 a
3277 2689 3520 2756 Tiberio,
3553 2688 3699 2743 Con-

2120 2791 2346 2848 stantini
2378 2788 2754 2845 Romanorum
2787 2786 2932 2857 regis
2955 2786 3089 2850 lilio,
3112 2782 3421 2853 legionibus
3445 2779 3699 2836 Orienta-

2120 2881 2264 2937 libus
2302 2894 2534 2951 prawsse
2563 2878 2778 2950 jussus,
2809 2887 3029 2947 repente
3054 2872 3108 2930 in
3148 2890 3339 2946 agrum
3362 2872 3701 2927 Araxianum

2120 2972 2303 3032 irruit.
2334 2971 2428 3041 qui
2466 2970 2730 3025 finitimus
2780 2966 3267 3036 conterminusquc
3315 2971 3433 3019 erat
3483 2963 3700 3027 ditioni,

2121 3063 2215 3135 qui
2247 3062 2369 3118 vico
2397 3062 2476 3116 illi
2526 3069 2647 3116 erat
2702 3058 3114 3129 circumiectus,
3179 3071 3356 3126 neque
3404 3055 3573 3110 ullum
3602 3071 3705 3110 va-

2122 3155 2304 3213 standi
2342 3153 2655 3210 universam
2708 3166 2775 3208 ac
2811 3149 3155 3220 depradandi
3212 3148 3374 3202 ﬁnem
3426 3146 3700 3203 faciebat:

438 3242 735 3310 περιοικίδι
777 3242 871 3295 καὶ
916 3240 1321 3311 ἀγχιτέρμονα·
1359 3240 1454 3294 καὶ
1502 3239 1641 3310 δῆτα
1685 3241 1785 3293 οὐκ
1829 3240 1972 3294 ἀνίει
1999 3241 2021 3272 ⁸

2124 3246 2352 3317 traiecto
2398 3258 2531 3300 vero
2562 3242 2744 3298 Zirma
2800 3240 3027 3297 flumine
3066 3240 3122 3297 in
3185 3239 3460 3295 anteriora
3514 3254 3705 3308 proce-

435 3332 584 3406 δῃῶν
628 3331 849 3386 ἃπασαν
887 3328 1125 3399 ἀφειδῶς
1157 3329 1252 3381 καὶ
1305 3326 1649 3398 ληϊζόμενος.
1682 3324 2021 3396 Περαιωθεὶς

2127 3339 2308 3401 debat,
2364 3343 2562 3391 cuncta
2622 3347 2756 3389 vero
2794 3331 3012 3387 ﬂamma
3071 3330 3391 3407 rapinisque
3445 3329 3705 3386 miscens.

434 3421 501 3477 δὲ
532 3420 602 3476 τά
630 3418 824 3491 ῥεῖθρα
843 3417 937 3471 τοῦ
964 3416 1143 3488 Ζίρμα
1173 3412 1451 3485 ποταμοῦ,
1496 3414 1602 3467 ἀνὰ
1626 3413 1696 3468 τὰ
1724 3411 2024 3484 πρόσωέτι

437 3506 665 3578 ἐχώρει,
693 3505 790 3560 καὶ
818 3504 889 3559 τά
921 3505 980 3559 ὲν
1010 3502 1182 3558 ’ποσὶν
1212 3494 1653 3573 ὶλεηλάτειθκαὶ
1685 3499 2021 3571 ἐνεπίμπρα.

437 3598 603 3653 Οὕτω
626 3598 685 3652 δὲ
722 3597 891 3651 αὐτοῦ
924 3595 1098 3667 ἄρδην
1131 3594 1349 3649 ἅπαντα
1369 3590 1891 3663 καταστρεφομένου
1930 3589 2027 3643 καὶ

439 3687 846 3758 ξυγκυκῶντος,
876 3699 907 3740 ο
945 3685 1193 3757 Χοσρόης
1241 3683 1339 3757 (ού
1381 3683 1575 3756 πόρρω
1615 3680 1726 3752 γὰρ
1765 3676 1857 3752 ἦν,
1907 3679 2024 3735 ἀλλ’

438 3785 570 3835 ὅσον
599 3779 860 3852 ἀρθεῖσαν
889 3777 990 3849 ήδη
1023 3775 1253 3831 θεᾶσθαι
1294 3774 1395 3844 τὴν
1439 3773 1636 3843 φλόγα)
1670 3772 1772 3826 ούκ
1795 3772 2027 3843 ἤνεγκεν

441 3876 545 3947 τὴν
569 3874 692 3944 ὖψιν
713 3873 809 3926 τοῦ
832 3868 1095 3940 πολεμίου
1123 3867 1320 3935 πυρὸς,
1362 3864 1489 3919 ἐπεὶ
1544 3865 1714 3935 μήπω
1762 3862 2027 3936 πρότερον

448 3962 705 4034 ἑωράκει.
730 3959 1027 4030 Τοιγάρτοι
1062 3957 1204 4011 αἰδοῖ
1236 3973 1296 4009 τε
1334 3953 1433 4009 καὶ
1471 3953 1579 4008 δέει
1624 3951 2024 4023 καταπεπληγ-

454 4054 632 4126 μένος,
653 4052 779 4109 οὔτε
805 4048 1077 4122 ἀντεξῄει,
1101 4048 1228 4103 οὔτε
1250 4047 1491 4120 ἠμύνετο
1513 4060 1527 4076 ⁶
1557 4044 1695 4100 ἀλλά
1720 4047 1835 4109 τοῖς
1868 4060 2031 4115 προσ·

448 4144 673 4200 πεσοῦσι
710 4145 856 4217 πέρα
893 4141 991 4197 τοῦ
1043 4140 1266 4213 μετρίου
1322 4139 1724 4211 περιαλγήσας,
1766 4137 1866 4191 καὶ
1917 4131 2030 4190 οἷον

447 4236 772 4308 ἀπειρηκὼς
810 4237 935 4299 ταῖς
964 4234 1204 4299 ἐλπίσιν,
1234 4231 1436 4286 αὐτίκα
1475 4230 1618 4301 νόσῳ
1643 4229 1759 4300 ἥλω
1780 4227 1886 4282 ὑπὸ
1904 4227 2029 4281 δυσ-

445 4329 651 4400 θυμίας
688 4328 837 4399 δεινῇ
872 4343 934 4380 τε
963 4326 1059 4379 καὶ
1090 4325 1396 4397 ἀνηκέστῳ.
1438 4322 1551 4376 Καὶ
1577 4323 1760 4376 τοίνυν
1788 4320 2030 4392 φοράδην
2100 4342 2103 4345 ·

440 4420 636 4491 ἀχθεὶς
706 4419 845 4491 μετά
893 4416 1096 4487 τάχους
1135 4413 1332 4469 πολλοῦ
1385 4414 1464 4478 εἰς
1500 4412 1570 4466 τά
1623 4412 1684 4466 ἐν
1742 4410 2033 4482 Σελευκείᾳ

445 4512 547 4567 καὶ
589 4508 945 4583 Κτησιφῶντι
999 4504 1266 4577 βασίλεια,
1307 4505 1407 4560 καὶ
1445 4505 1628 4574 φυγὴν
1664 4502 1763 4574 τὴν
1824 4499 2036 4572 ἀναχώ-

2125 3428 2321 3485 Omnia
2380 3425 2569 3495 itaque
2638 3423 2887 3479 funditus
2944 3430 3223 3479 evertente
3261 3436 3327 3476 ac
3387 3420 3709 3476 devastante

2124 3518 2401 3584 Mauritio,
2437 3516 2713 3572 Cbosroes
2749 3512 2950 3585 (neque
2979 3512 3124 3568 enim
3155 3511 3316 3582 longe
3361 3510 3569 3576 aberat,
3615 3511 3708 3566 sed

2126 3618 2361 3674 tantum,
2394 3607 2542 3663 utin
2601 3606 2773 3661 altum
2825 3603 3026 3661 elatam
3080 3603 3357 3659 ﬂammant
3399 3602 3710 3672 prospicere

2125 3702 2332 3773 posset)
2387 3698 2606 3754 hostilis
2650 3697 2795 3768 ignis
2842 3703 3126 3766 aspectum
3168 3709 3513 3765 nequaquam
3564 3693 3710 3758 tulit,

2128 3793 2401 3864 siquidem
2433 3804 2714 3862 nunquam
2768 3796 2928 3843 antea
2980 3801 3105 3841 eum
3162 3786 3395 3841 viderat.
3439 3784 3711 3852 Quocirca

2094 3887 2337 3956 'pudore
2382 3883 2546 3940 simul
2601 3896 2666 3937 ac
2710 3889 2859 3935 metu
2914 3878 3226 3950 perculsus,
3279 3891 3456 3947 neque
3493 3874 3710 3931 obviam

2129 3977 2250 4041 ivit,
2293 3990 2471 4047 neque
2511 3990 2612 4030 sua
2652 3973 2941 4038 tuebatur;
2972 3968 3065 4025 sed
3110 3967 3317 4039 ingenti
3365 3966 3603 4037 quodam
3637 3975 3712 4019 at-

2127 4083 2237 4139 que
2259 4066 2624 4123 immoderato
2659 4064 2850 4120 dolore
2888 4062 2942 4116 in
2976 4061 3162 4115 animo
3197 4073 3299 4112 suo
3330 4071 3394 4111 ex
3432 4070 3495 4111 ea
3530 4064 3715 4125 strage

2129 4148 2427 4230 concepto,
2448 4166 2504 4214 et
2535 4154 2943 4227 quodammodo
2982 4152 3037 4207 in
3075 4149 3515 4220 desperationem
3539 4145 3713 4201 addu-

2131 4262 2281 4317 ctus,
2346 4248 2635 4308 confestim
2688 4246 2840 4318 gravi
2887 4243 3290 4312 incurabilique
3343 4238 3539 4295 morbo
3601 4252 3716 4306 prze

2130 4359 2370 4402 maerore
2420 4350 2502 4398 est
2537 4346 2842 4409 correptus.
2890 4335 3235 4406 Quapropter
3283 4325 3479 4386 lectica
3533 4327 3714 4383 elatus

2130 4450 2299 4508 quam
2335 4432 2622 4505 celerrime
2648 4430 2702 4484 in
2736 4426 2999 4483 Seleuciae
3039 4434 3095 4480 et
3143 4421 3522 4492 Ctesiphontis
3565 4418 3714 4488 regia

2130 4527 2356 4601 palatia,
2394 4539 2617 4580 recessu
2647 4519 2786 4591 fugae
2809 4518 2973 4575 simili
3017 4514 3186 4581 facto,
3246 4528 3353 4568 non
3389 4511 3561 4567 multo
3595 4519 3718 4580 post

450 4620 613 4680 ρησιν
663 4600 1058 4674 ποιησάμενος,
1105 4599 1206 4654 ούκ
1259 4600 1318 4664 ἐς
1352 4595 1575 4669 μακρὰν
1621 4593 1884 4650 καταλύει
1935 4593 2021 4647 τδν

2134 4618 2369 4678 excessit
2392 4634 2422 4674 e
2449 4617 2579 4671 vita.

449 4694 586 4767 βίον.

517 4784 587 4838 λ’.
634 4780 797 4836 Ἀλλά
832 4781 942 4853 γὰρ
968 4781 1070 4835 ούκ
1097 4778 1215 4835 οῖδα
1242 4778 1427 4834 ὅντινά
1478 4795 1547 4849 με
1593 4776 1791 4849 τρόπον
1842 4777 1878 4847 ἡ
1930 4775 2026 4830 τοῦ

444 4870 754 4944 λόγουφορά
808 4871 1223 4945 παραλασοὼα,
1289 4870 1387 4926 καὶ
1436 4869 1516 4940 τῷ
1558 4867 1892 4938 ἀξιαγάστῳ,
1945 4862 2027 4920 οἷ-

451 4983 573 5043 μαι,
607 4965 719 5019 τῶν
752 4964 1004 5037 πράξεων
1037 4963 1277 5036 ήδομένη
1305 4963 1372 5031 ¹¹,
1419 4963 1476 5024 ἐς
1516 4959 1637 5014 τόδε
1667 4959 1843 5030 ἤγαγε
1892 4973 2028 5028 προσ

446 5056 696 5123 πετείας,
728 5056 807 5120 ὡς
831 5056 901 5110 τὰ
944 5058 1002 5110 ὲν
1060 5056 1211 5126 μέσῳ
1272 5053 1590 5125 ύπερδάντα
1646 5051 1754 5105 τῶν
1808 5052 2026 5121 πορρω-

444 5146 599 5201 τάτω
638 5148 683 5178 “
738 5145 1160 5218 ἐπιμνησθῆναι.
1235 5144 1443 5198 Οὐκοῦν
1498 5141 1686 5214 ἐπειδὴ
1743 5140 1838 5194 νῦν
1898 5138 2030 5208 γοῦν

446 5236 703 5303 ἐπέγνων
746 5236 870 5290 ὅποι
897 5236 1160 5306 ἀφῖγμαι,
1193 5233 1290 5288 καὶ
1317 5233 1440 5288 ὅθεν
1478 5231 1672 5303 ἐξέϐην
1717 5232 1902 5286 ἐκεῖνα
1927 5231 2027 5301 μὲν

448 5327 637 5389 ιατέον
668 5329 802 5405 πρὸς
830 5329 892 5384 τδ
925 5328 1120 5406 παρὸν,
1158 5329 1216 5383 ὲν
1252 5329 1365 5391 τοῖς
1410 5325 1627 5397 οἰκείοις
1690 5326 2014 5397 ἀναγραφη-

2201 4772 2363 4844 273
2401 4771 2493 4825 30.
2526 4767 2634 4824 Sed
2664 4765 2851 4821 nescio
2877 4777 2989 4835 quo
3017 4770 3177 4832 pacto
3203 4774 3291 4814 me
3325 4757 3590 4813 orationis
3621 4755 3718 4810 de-

2130 4872 2345 4920 cursus
2376 4861 2660 4931 abreptum
2681 4896 2698 4923 ,
2741 4868 3040 4925 rerumque
3082 4856 3392 4907 memoratu
3428 4848 3715 4917 dignarum

2133 4960 2407 5028 voluptate
2437 4955 2745 5019 delinitum,
2770 4942 2846 5008 'eo
2882 4946 3296 5022 praecipitantia
3321 4941 3626 5004 adduxerit,
3658 4955 3691 4995 ο

2131 5050 2335 5111 omissa
2358 5062 2536 5105 rerum
2560 5043 2909 5118 praesentium
2932 5039 3272 5104 tractatione,
3298 5033 3588 5091 remotiora
3608 5047 3713 5086 sum

2134 5150 2474 5214 persecutus.
2510 5138 2779 5206 Quocirca
2813 5150 2937 5191 cum
2973 5147 3121 5189 nunc
3161 5129 3331 5186 sciam
3366 5140 3477 5197 quo
3520 5137 3714 5194 perve-

2134 5233 2309 5289 nerim
2347 5241 2403 5289 et
2444 5231 2591 5288 unde
2633 5228 2829 5285 fuerim
2875 5228 3175 5297 digressus,
3211 5222 3301 5277 illa
3339 5217 3559 5289 quidem
3598 5216 3710 5286 jam

2118 5332 2247 5383 sunt
2275 5323 2592 5388 omittenda,
2616 5335 2739 5393 qua:
2765 5320 2882 5377 suis
2908 5315 3243 5388 temporibus
3265 5304 3710 5368 conscribemus=

1733 5514 1817 5569 VA
1827 5511 1890 5566 Rl
1907 5509 1965 5565 Ε
2021 5506 2421 5565 LECTIONES.

531 5674 556 5745 ξ
592 5672 892 5745 συνηνέχθη

454 5741 724 5825 ξεράξοροέ
739 5741 820 5825 BI
843 5741 1102 5825 βεσξλέως
1147 5742 1292 5825 “ﬂa-

930 5670 998 5730 R.
1076 5672 1095 5703 ⁸
1135 5673 1244 5724 εἴτε
1276 5670 1339 5726 R.
1382 5672 1548 5738 inlpr.
1583 5670 1662 5725 vel
1685 5671 1750 5723 si.
1791 5738 1804 5755 .
1830 5669 1848 5700 ⁵
1892 5667 2027 5755 ἐἴπῃ
2060 5654 2173 5755 ηδ’
2231 5666 2251 5696 ⁵
2292 5662 2705 5755 ἐνδιαιτώμενος
2762 5663 2825 5726 Β,
2859 5657 3207 5755 διαιτώμενοί
3258 5668 3289 5732 ις

969 5742 1023 5755 ..
1223 5742 1234 5755 .
1370 5742 1389 5755 η
1427 5741 1481 5755 ..ι
1539 5742 1550 5755 ο
1677 5740 1711 5755 η
1821 5740 1834 5755 ι
2212 5744 2251 5755 -.
2304 5734 2353 5755 ε--
2409 5749 2498 5755 _..__
2644 5730 2892 5755 ,μδ--.ιη
2939 5728 3084 5755 tu“...
3210 5738 3288 5755 rw

1370 5723 1633 5811 ἷάθρὸως
1676 5740 1739 5792 ll.
1791 5723 2074 5811 ’Λρξιανῇν
2104 5736 2146 5791 Β
2203 5744 2273 5811 et_
2304 5734 2356 5788 in
2409 5749 2516 5811 mg.
2545 5723 2892 5811 ’.Ἀραξιανῂν
2939 5723 3104 5811 intp'r'2
3138 5723 3451 5811 ‘Arxiunnm

453 5806 710 5894 ξ’ξὼμης
739 5813 778 5894 ίξ
791 5806 857 5894 ei
887 5813 1053 5894 integr.
1079 5806 1374 5894 ntionjf'éuu‘
1404 5806 1782 5894 eiiicnntjectis‘
1807 5806 1937 5863 vico.
1958 5806 2150 5894 ’χώρας
2191 5806 2332 5894 vulgo.

2231 5666 2251 5696 ⁵
2292 5662 2705 5734 ἐνδιαιτώμενος
2762 5657 3207 5734 Βιδιαιτώμενος
3258 5651 3400 5732 vulg.
3508 5647 3528 5677 ⁸
3556 5645 3719 5699 αύτοσ

2426 5783 2943 5871 ἶζὲνῂειῖίῖῖηδῄὶον
2976 5783 3264 5871 Ιὶξ-δηῒων.
3301 5791 3443 5860 vulg.
3537 5787 3578 5818 "
3604 5783 3713 5840 Pro

456 5857 719 5949 ἀρὸῖῧὲιῖι
743 5857 857 5955 ἱ,δῖ
887 5857 1053 5948 ita;
1075 5857 1372 5953 ἦέήόἐῗᾶηῗ
1404 5857 1785 5952 ιτᾶἑέέίἓῖιῖᾓ
1809 5857 2208 5951 praesis“;
2238 5857 2322 5907 νίῖ
2350 5857 2683 5946 πορρωτάτω
2706 5870 2768 5935 ιι,
2813 5857 3144 5938 πορρωτέρω
3180 5862 3323 5933 vulg.
