4060 6496
357 413 494 479 1541
1548 413 1824 476 HISTOR
1836 412 1925 475 ΙΑ]

2031 412 2085 469 Μ
2121 412 2354 475 LIBER
2390 412 2454 472 V.
3489 415 3625 477 1552

351 529 624 602 βάρϐαροι
647 527 722 600 τῷ
757 527 1050 598 παραλόγῳ
1085 527 1177 580 τοῦ
1211 527 1622 598 προτερήματος
1647 568 1662 591 ,
1719 528 1776 578 ὲν

2039 528 2338 582 renitentes
2378 539 2684 595 manusque
2726 537 3098 594 censerent-‘3,
3137 529 3269 582 nihil
3309 530 3534 585 omnino
3557 533 3626 586 de

346 619 430 692 τῷ
461 620 807 691 στρατοπέδῳ
829 619 1092 682 ἐπέλαζον
1115 635 1127 647 ·
1159 616 1394 670 ἐνταῦθά
1423 634 1480 670 τε
1535 618 1683 688 μάχη
1710 616 1925 686 ξυνέστη

2038 613 2319 667 alacritate
2353 613 2660 691 animorum
2697 615 3067 681 remiserunt;
3125 619 3216 670 sed
3261 633 3420 687 :cquo
3451 629 3628 672 marte

344 711 620 783 καρτερὰ,
638 710 747 762 τῶν
762 712 860 780 μὲν
875 709 1005 761 εἴσω
1027 708 1316 779 παρελθεῖν
1337 709 1568 778 ἱεμένων
1579 709 1674 761 καὶ
1688 708 1925 769 ἅπαντας

2037 708 2127 760 diu
2163 706 2420 774 utrinque
2451 705 2794 772 pugnabatur
2817 747 2830 771 ,
2867 710 3162 777 omniaque
3194 721 3352 764 erant
3397 710 3626 780 strepitu

340 802 798 874 ἀναρπάσασθαι,
827 802 936 854 τῶν
964 801 1020 854 δὲ
1057 801 1342 871 Ῥωμαίων
1367 800 1591 870 αἰσχρὸν
1622 796 1760 853 εἶναι
1777 801 1925 870 ἡγου·

2035 807 2090 850 ct
2115 798 2357 852 clamore
2383 795 2615 852 confuso
2646 797 2806 866 plena
2837 808 2891 852 et
2922 800 3100 854 adhuc
3139 800 3366 855 incerta.

337 894 532 963 μένων
573 895 632 947 οὑ
696 894 856 963 μόνον
885 896 934 946 εί
999 894 1100 966 μὴ⁴
1147 897 1341 949 θᾶττον
1391 896 1726 950 ἀπελάσαιεν
1785 897 1914 959 τοὺς
1981 894 2302 964 πολεμίους,
2337 892 2454 947 ἀλλ’
2507 894 2556 945 εί
2587 893 2681 946 καὶ
2751 893 2827 963 μὴ
2889 893 3059 964 ἄρδην
3126 895 3326 958 αὐτοὺς
3379 895 3624 965 διαφθεί-

333 1003 543 1056 ρωσιν.
609 985 921 1059 Ὠθούμενοί
961 1004 1022 1040 τε
1077 989 1332 1059 ἑκάτεροι
1375 991 1636 1059 ἀλλήλους
1678 992 1771 1045 καὶ
1817 990 2240 1064 ἀντερείδοντες,
2304 989 2398 1042 καὶ
2457 990 2576 1052 ταῖς
2645 989 2801 1058 χερσὶ
2859 977 3331 1059 συμπλεκόμενοι,
3390 991 3626 1043 οὐδενότι

333 1078 576 1134 ἀνίεσαν
603 1080 869 1150 εὐψυχίας
893 1096 907 1108 ·
932 1080 1046 1133 ἀλλ’
1075 1077 1142 1152 ἧν
1163 1081 1334 1145 οὕτως
1397 1083 1443 1115 ⁸³
1468 1084 1815 1137 ἐπιπλείστον
1865 1083 1936 1138 τά
1973 1079 2066 1135 τοῦ
2131 1083 2342 1150 ἀγῶνας
2405 1080 2709 1152 ἀγχώμαλα
2774 1081 3018 1150 πατάγου
3064 1099 3121 1133 τε
3173 1081 3368 1134 πολλοῦ
3445 1081 3491 1112 ⁸⁸
3531 1081 3626 1135 καὶ

337 1169 486 1239 βοῆς
529 1170 842 1241 συμμίκτου
891 1171 1138 1225 ἀνάπλεα
1166 1173 1261 1226 καὶ
1309 1172 1463 1227 οὔπω
1514 1173 1937 1246 διακεκριμένα.

427 1264 490 1333 β’.
532 1263 806 1336 Θεόδωρος
835 1266 892 1318 δὲ
929 1266 1024 1318 καὶ
1057 1269 1085 1320 6
1135 1267 1247 1321 τῶν
1298 1268 1588 1340 Ῥωμαίων
1640 1269 1925 1341 ταξίαρχος

2108 1267 2162 1318 2.
2200 1263 2524 1318 Theodorus
2553 1271 2734 1316 autem
2766 1260 3134 1316 Romanorum
3163 1262 3271 1317 dux
3303 1263 3494 1319 videns
3526 1278 3628 1319 eos

333 1356 492 1426 ὀρῶν
527 1357 654 1419 τοὺς
680 1357 971 1427 δυσμενεῖς
1013 1359 1466 1432 ἀστρατηγήτους
1524 1379 1585 1414 τε
1622 1363 1786 1425 ὄντας
1840 1362 1925 1414 καῚ

2032 1359 2173 1414 duce
2195 1356 2320 1412 belli
2349 1355 2526 1425 perito
2553 1354 2862 1418 destitutos,
2897 1369 3073 1424 neque
3097 1356 3389 1411 admodum
3419 1356 3470 1409 in
3505 1366 3628 1410 tuto

341 1447 413 1498 ού
459 1445 602 1515 μάλα
629 1448 687 1498 ὲν
712 1447 791 1516 τῷ
821 1447 1055 1516 ἀσφαλεί
1076 1453 1624 1521 -παραταττομένους,
1654 1452 1775 1506 οὐδὲ
1805 1451 1935 1504 πολ-

341 1534 519 1605 λαχοῦ
552 1535 646 1588 τοῦ
695 1538 1149 1608 περιφράγματος
1191 1541 1560 1613 ἐφεστηκότας
1610 1544 1700 1597 καὶ
1751 1545 1936 1611 ἐγκει-

350 1625 574 1696 μένους,
615 1627 752 1680 ἀλλά
794 1629 1003 1692 πάντας
1035 1630 1155 1699 ἅμα.
1201 1633 1259 1694 ἐς
1313 1633 1370 1686 ἓν
1418 1651 1469 1686 τι
1510 1635 1679 1706 μέρος
1743 1632 1931 1698 ξυννεν

352 1718 632 1785 νευκότας,
677 1719 854 1784 ένίους
886 1722 986 1790 μὲν
1015 1722 1123 1775 τῶν
1155 1724 1293 1794 ἀμφ’
1331 1725 1491 1778 αύτδν
1547 1726 1688 1780 οὕτω
1747 1726 1928 1798 χώραν

353 1809 600 1873 ἑστάναι,
659 1811 756 1864 καὶ
811 1811 1261 1881 ἀντιπροσώπους
1331 1815 1692 1888 διαμάχεσθαι
1751 1835 1928 1888 παρα-

356 1898 678 1956 κελεύεταιο
740 1899 828 1970 [Ρ.
885 1899 1016 1971 1451
1061 1902 1376 1973 ἀπόμοιραν
1432 1904 1490 1958 δὲ
1549 1905 1624 1968 ὡς
1671 1905 1928 1976 πλείστην

353 1991 422 2043 ἐκ
451 1990 546 2044 τοῦ
577 1991 818 2060 ἀφανοῦς
873 1992 1114 2048 ἔστειλεν
1173 1995 1398 2049 δπισθεν
1463 2001 1575 2060 τοῖς
1629 1997 1929 2070 βαρϐάροις

359 2079 817 2150 ὲπιπεσουμένος.
889 2081 953 2134 Οἱ
1011 2081 1075 2151 δὴ
1141 2082 1505 2154 λαθραιότατα
1547 2088 1924 2158 πορευόμενοι,

359 2173 457 2224 καὶ
489 2170 630 2224 κατά
671 2171 837 2227 νώτου
866 2174 1239 2243 ἐπιφανέντες,
1266 2177 1540 2246 ἠλάλαξαν
1593 2179 1791 2251 ἀθρόον
1835 2198 1927 2234 τοο

359 2269 455 2338 ρόν
483 2285 537 2322 τι
570 2268 685 2322 λίαν
713 2271 805 2323 καὶ
835 2271 1100 2336 ἐνυάλιον,
1130 2271 1270 2327 ὥστε
1289 2275 1479 2345 ἀμέλει
1513 2278 1636 2339 τοὺς
1655 2277 1928 2342 Τζάννους

350 2359 784 2430 διακυκηθέντας
808 2362 974 2432 μηδέν
1003 2381 1056 2417 τι
1104 2365 1292 2437 ἕτερον
1343 2369 1402 2420 ὲν
1455 2367 1618 2439 βουλῇ
1659 2369 1847 2422 θέσθαι
1893 2369 1926 2439 ἢ

351 2450 414 2502 τὺ
456 2450 701 2519 ἀγεννῶς
737 2451 1118 2523 δραπετεύειν,
1156 2457 1316 2512 Οὕτω
1338 2459 1395 2511 δὲ
1420 2459 1462 2489 ’⁸⁸
1485 2459 1788 2528 φεύγοντας
1826 2462 1927 2512 αύ-

349 2545 478 2608 τοὺς
520 2543 570 2596 οἱ
612 2543 898 2613 Ῥωμαῖοι,
933 2546 1029 2599 καὶ
1059 2545 1248 2618 ὥσπερ
1280 2536 1638 2620 παράφρονας
1673 2550 1779 2602 ὑπὸ
1832 2548 1926 2603 τοῦ

347 2635 506 2698 δέους
544 2634 965 2708 γεγενημένους,
1010 2639 1185 2710 ῥᾷστα
1218 2639 1624 2712 διεχειρίζοντο,
1661 2643 1757 2698 κα)Ι
1811 2641 1928 2695 δισ-

350 2725 558 2796 χιλίους
606 2726 706 2796 μὲν
757 2727 940 2782 αὐτῶν
980 2729 1334 2794 ἀπεκτόνασι,
1387 2730 1450 2784 τὸ
1500 2731 1558 2786 δὲ
1609 2731 1929 2803 λειπόμενον

349 2817 510 2879 ἄλλος
548 2816 732 2870 ἄλλοθι
783 2819 1194 2874 ὲσκεδάννυντο.
1250 2821 1410 2876 Οὕτω
1469 2822 1526 2875 δὲ
1571 2823 1676 2876 ἀνά
1727 2823 1928 2894 κράτος

350 2908 503 2961 ἀπαν
532 2907 593 2960 τὸ
611 2908 764 2977 γένος
794 2910 1017 2980 ᾑρηκὼς
1042 2913 1070 2964 6
1093 2911 1386 2984 Θεόδωρος,
1415 2915 1442 2966 6
1467 2912 1524 2966 δὲ
1547 2911 1758 2983 βασιλεῖ
1779 2914 1929 2984 διήγ-

2030 1451 2336 1521 pra-limites
2363 1489 2378 1514 ,
2416 1461 2595 1516 neque
2636 1445 2867 1500 diversis
2894 1461 2925 1498 e
2960 1447 3206 1514 partibus
3244 1449 3442 1502 vallum
3469 1450 3622 1505 obsi-

2029 1546 2219 1600 dentes
2255 1553 2421 1612 atque
2447 1537 2786 1604 invadentes,
2817 1537 2912 1592 sed
2946 1553 3138 1594 omnes
3171 1538 3334 1594 simul
3371 1541 3426 1595 in
3456 1557 3621 1595 unam

2034 1633 2326 1705 quamdam
2371 1642 2579 1702 partem
2607 1630 2970 1700 conglobatos
3008 1629 3348 1694 incumbere,
3384 1633 3624 1685 nonnul-

2031 1729 2111 1783 los
2142 1727 2362 1797 quidem
2385 1741 2416 1780 e
2443 1725 2558 1780 suis
2591 1723 2710 1776 loco
2739 1737 2841 1777 suo
2864 1737 3086 1778 manere
3112 1729 3167 1777 et
3187 1723 3418 1778 adversa
3449 1724 3626 1777 fronte

2028 1838 2151 1877 cum
2187 1821 2340 1875 hoste
2371 1831 2610 1888 pugnare
2644 1816 2820 1886 jubet,
2849 1816 3146 1869 maximam
3176 1830 3307 1870 vero
3339 1815 3621 1884 copiarum

2027 1928 2251 1968 suarum
2280 1919 2488 1981 partem
2519 1909 2659 1964 ciam
2708 1908 2892 1970 mittit,
2928 1908 3020 1977 qui
3059 1907 3113 1960 in
3155 1906 3370 1961 hostem
3402 1921 3434 1960 a
3469 1916 3622 1976 tergo

2028 2006 2286 2074 impetum
2329 2001 2550 2057 faciant.
2569 1999 2674 2066 Qui
2709 1999 2930 2069 quidem
2992 1998 3364 2054 occultissime
3392 1997 3560 2066 prole:
3581 1998 3620 2052 ti

2028 2109 2152 2149 cum
2184 2093 2296 2160 jam
2320 2090 2523 2146 Zannis
2555 2105 2583 2142 a
2615 2099 2766 2158 tergo
2798 2087 3165 2151 imminerent,
3197 2085 3486 2141 confestim
3512 2089 3618 2140 im-

2027 2200 2243 2240 manem
2268 2183 2758 2250 acutissimumque
2783 2181 3074 2234 clamorem
3099 2180 3388 2234 classicum
3415 2193 3618 2234 sonan-

2029 2286 2136 2331 tem
2169 2276 2502 2337 excitarunt,
2534 2275 2670 2327 adeo
2705 2285 2764 2328 ut
2793 2271 2998 2326 Zanuis
3031 2272 3298 2342 perculsis
3331 2270 3620 2340 perturba-

2029 2369 2207 2438 tisque
2233 2367 2370 2420 nihil
2397 2365 2542 2418 aliud
2579 2366 2630 2417 in
2665 2372 2899 2417 mentem
2935 2364 3164 2425 venerit,
3205 2378 3370 2432 quam
3405 2372 3618 2430 turpem

2027 2459 2188 2530 281
2218 2456 2399 2528 fugam
2431 2470 2735 2525 capessere.
2762 2453 2996 2507 Romani
3021 2468 3149 2507 vero
3180 2468 3276 2506 cos
3303 2452 3374 2506 ita
3406 2451 3620 2522 fugien-

2027 2561 2108 2605 tes
2143 2560 2198 2604 et
2231 2564 2340 2619 prae
2371 2557 2518 2600 metu
2559 2555 2711 2600 extra
2753 2561 2810 2598 se
2841 2544 3243 2615 quodammodo
3277 2543 3506 2613 positos,
3535 2542 3618 2596 fa-

2027 2642 2230 2696 cillime
2269 2641 2656 2704 trucidarunt;
2694 2647 2748 2692 et
2790 2638 2899 2692 duo
2942 2638 3161 2708 quidem
3209 2653 3399 2692 eorum
3445 2638 3619 2692 millia

2028 2744 2159 2792 sunt
2185 2748 2345 2798 caesa,
2378 2733 2595 2802 reliqui,
2626 2732 2770 2786 alius
2797 2731 2929 2793 alio,
2965 2739 3095 2784 sunt
3124 2729 3390 2799 dissipati.
3435 2729 3616 2784 Theo-

2027 2829 2196 2884 dorus
2221 2827 2426 2894 itaque,
2454 2825 2711 2880 universa
2733 2834 2889 2894 gente
2911 2823 3138 2887 domita,
3167 2823 3478 2893 imperatori
3495 2839 3619 2894 quae

2028 2928 2180 2991 gesta
2208 2928 2364 2972 erant
2405 2916 2696 2981 nuntiavit,
2728 2915 3023 2984 simulque,
3061 2914 3188 2982 quid
3226 2915 3280 2968 in
3316 2930 3412 2969 eos
3451 2917 3614 2970 statui

351 2999 500 3067 γειλε
545 3000 611 3053 τὰ
667 3000 1079 3071 ξυνενεχθέντα,
1105 3002 1207 3056 καὶ
1241 3003 1668 3070 ἀνεπυνθάνετο,
1706 3005 1734 3058 ὃ
1759 3021 1810 3057 τι
1831 3005 1925 3058 καὶ

2029 3009 2209 3073 vellet,
2255 3008 2570 3062 sciscitatus
2607 3019 2710 3062 est.
2759 3005 2810 3060 ls
2854 3015 3062 3060 certum
3105 3006 3183 3059 eis
3215 3007 3477 3060 tributum
3517 3022 3618 3060 an-

354 3091 597 3160 βούλοιτο
633 3093 730 3145 ἐπὶ
803 3094 1034 3160 τούτοις.
1107 3097 1165 3149 '0
1209 3097 1266 3149 δὲ
1311 3096 1683 3168 δασμοφορίαν
1743 3098 1927 3161 αὐτοῖς

352 3182 624 3234 ἐπιθεῖναι
656 3183 864 3254 τακτὴν
899 3184 1274 3240 διακελεύεται
1306 3188 1389 3240 ἀν’
1417 3188 1646 3242 ἕκαστον
1692 3189 1811 3253 ἔτος
1867 3188 1926 3252 ἐς

347 3273 446 3328 τὸν
479 3274 668 3327 ἔπειτα
695 3277 886 3346 χρόνον
935 3279 1428 3351 τελεσθησομένην,
1449 3280 1523 3346 ὡς
1555 3283 1613 3334 ὲν
1657 3282 1830 3352 ταύτῃ
1878 3281 1923 3314 ⁸⁷

347 3367 482 3436 γοῦν
528 3367 797 3434 διαγνοῖεν
823 3372 1128 3442 κατηκόους
1167 3374 1310 3442 σφᾶς
1343 3369 1480 3427 εἶναι
1511 3375 1605 3427 καὶ
1641 3374 1926 3440 ὑποτελεῖς

350 3461 450 3515 καὶ
516 3462 833 3516 παντάπασι
903 3466 1354 3538 δεδουλωμένους.
1399 3470 1508 3524 Καὶ
1551 3471 1730 3525 τοίνυν
1789 3471 1925 3525 ἀνά-

345 3553 588 3623 ⁴γρεπιπτοί
614 3570 676 3621 γε
718 3556 916 3609 αὐτίκα
973 3558 1252 3627 ἐγίγνοντο
1305 3559 1563 3625 ἅπαντες
1607 3561 1700 3615 καὶ
1757 3542 1925 3632 φόρου

346 3647 620 3717 ἀπαγωγῇ
678 3647 723 3678 ⁸⁸
755 3647 1068 3711 ἐπιέζοντο·
1129 3650 1189 3716 ἐξ
1244 3653 1456 3706 ἐκείνου
1487 3671 1550 3707 τε
1612 3655 1777 3726 μέχρι
1829 3657 1925 3710 καὶ

346 3737 444 3790 νῦν
469 3737 612 3790 οὕτω
658 3737 754 3802 τὰς
781 3739 1041 3811 είσφοράς
1101 3741 1324 3810 ἄγοντες
1371 3743 1696 3798 διατελοῦσι.
1755 3745 1926 3800 Βασι-

346 3826 445 3880 λέα
488 3827 546 3880 δὲ
589 3829 967 3883 Ἰουστινιανδν
1009 3829 1199 3904 ὥσπερ
1249 3850 1326 3898 τι,
1381 3831 1558 3906 οἶμαι,
1602 3836 1712 3889 τῶν
1769 3837 1927 3906 μεγί-

353 3934 492 3971 στων
521 3918 698 3992 ἔργων
736 3921 878 3991 μάλα
907 3923 1072 3994 ἤρεσε
1093 3925 1140 3960 ⁸⁸
1167 3925 1230 3978 τὸ
1260 3928 1645 3997 γεγενημένον.
1687 3928 1926 3996 Τοιγάρ-

351 4026 435 4061 τοι
482 4010 537 4062 ἕν
562 4029 667 4065 τινι
695 4013 804 4066 τῶν
833 4014 1049 4068 οἰκείων
1083 4016 1285 4086 νόμων,
1321 4015 1414 4081 οὓς
1443 4017 1507 4087 δὴ
1542 4019 1768 4090 νεαροὺς
1825 4019 1925 4072 ὲπ-

354 4104 698 4174 ονομάζομεν
754 4107 822 4172 ⁸ο,
874 4106 972 4170 τὰς
1029 4107 1193 4171 ἄλλας
1245 4109 1730 4181 ἀπαριθμούμενος
1768 4109 1925 4174 νίκας

349 4195 445 4246 καὶ
477 4196 628 4250 τοῦδε
663 4199 757 4252 τοῦ
795 4197 982 4264 ἔθνους
1012 4200 1072 4252 ὲν
1102 4202 1214 4264 τοῖς
1281 4201 1519 4272 μάλιστα
1579 4202 1921 4273 ἐπεμνήσθη.

2026 3115 2219 3163 ηυυιη,
2255 3098 2403 3169 quod
2429 3099 2687 3168 deinceps
2718 3097 3037 3168 penderent,
3080 3098 3286 3166 imponi
3316 3098 3524 3166 jussit;
3559 3107 3618 3152 ut

2025 3207 2090 3248 ex
2135 3207 2202 3246 eo
2249 3191 2612 3261 intelligerent
2653 3205 2712 3246 se
2761 3190 3009 3244 subditos
3043 3199 3098 3244 et
3141 3190 3456 3248 tributarios
3497 3205 3618 3244 esse

2025 3284 2355 3354 penitusque
2411 3284 2690 3338 subactos.
2745 3280 3050 3337 ConfeStim
3103 3281 3290 3351 itaque
3353 3295 3618 3335 recensus

2026 3377 2273 3434 omnium
2307 3385 2391 3432 est
2434 3376 2656 3431 habitus
2679 3413 2695 3439 ,
2730 3383 2786 3435 et
2835 3389 2978 3430 onus
3016 3372 3283 3429 inferendi
3318 3374 3505 3428 tributi
3538 3374 3618 3428 eis

2026 3468 2364 3538 impositum,
2396 3477 2450 3522 et
2475 3469 2669 3524 exinde
2698 3467 2751 3521 in
2790 3467 2936 3522 hunc
2963 3481 3137 3536 usque
3169 3467 3312 3521 diem
3355 3465 3618 3520 Romanis

2027 3561 2496 3632 aunt-vectigales.
2538 3559 2852 3616 Justiniano
2882 3574 3014 3614 vero
3053 3560 3367 3629 imperatori
3409 3558 3618 3614 factum

2028 3653 2156 3716 hoc,
2192 3662 2451 3724 tanquam
2481 3669 2544 3708 ex
2590 3653 2847 3709 maximis
2889 3653 3055 3708 rebus
3086 3652 3274 3723 gestis,
3317 3651 3472 3707 valde
3501 3651 3616 3721 pla-

2029 3746 2161 3800 cuit.
2199 3745 2468 3811 Quocirca
2500 3745 2666 3800 etiam
2715 3745 2769 3800 in
2817 3744 3052 3816 quadam
3094 3759 3316 3800 suarum
3352 3745 3619 3799 constitu-

2028 3835 2264 3900 tionum,
2303 3850 2444 3906 quas
2483 3835 2726 3891 novellas
2773 3835 3130 3905 appellamus,
3176 3835 3311 3889 alias
3356 3835 3617 3891 victorias

2027 3940 2340 3992 recensens,
2381 3926 2547 3996 hujus
2575 3928 2736 3982 etiam
2781 3926 2962 3993 gentis
2999 3924 3140 3978 inter
3171 3924 3377 3993 primas
3415 3926 3616 3978 memi-

2026 4018 2126 4071 nit.
2168 4016 2480 4072 Zannorum
2509 4017 2692 4087 itaque
2724 4024 2973 4085 proterva
3003 4014 3292 4072 insolentia
3333 4014 3478 4068 hunc
3509 4015 3610 4068 ha-

2027 4109 2146 4164 buit
2173 4111 2398 4175 exitum,
2418 4117 2474 4166 et
2499 4108 2821 4164 Theodorus
2846 4123 2941 4178 per
2963 4106 3218 4163 Lazicam
3242 4108 3518 4177 regionem
3541 4105 3610 4160 ad

2025 4201 2309 4272 praafectos
2339 4202 2612 4258 exercitus
2638 4201 2817 4256 rediit.

347 4284 428 4338 Τὰ
475 4287 572 4355 μὲν
599 4283 690 4342 οὖν
734 4290 832 4359 τῆς
862 4289 1166 4360 Τζαννικῆς
1195 4289 1513 4357 ἀλαζονείας
1541 4284 1643 4346 ὧδέ
1668 4309 1783 4356 πως
1808 4289 2088 4357 ἐτελεύτα,
2120 4293 2214 4346 καὶ
2243 4287 2396 4354 αὖθις
2431 4294 2459 4346 ὁ
2487 4290 2759 4360 Θεόδωρος
2818 4289 2924 4344 ἀνά
2986 4289 3082 4360 τὴν
3151 4287 3253 4341 τῶν
3304 4289 3346 4320 ⁵⁸
3413 4287 3608 4351 Λαζῶν

343 4375 531 4447 χώραν
581 4377 734 4447 παρά
772 4379 898 4441 τοὺς
923 4382 1230 4452 σρατηγοὺς
1267 4383 1534 4450 ἐπανῆκε.

414 4501 484 4563 γ’.
522 4495 739 4549 Τούτων
773 4497 830 4550 δὲ
859 4499 920 4552 ού
967 4499 1148 4570 πολλῷ
1185 4499 1497 4572 ἔμπροσθεν
1525 4501 1688 4558 πάλιν
1731 4504 1790 4555 ὲν
1821 4503 1925 4555 Bu-

2098 4499 2151 4553 5.
2197 4495 2314 4549 Non
2350 4493 2524 4548 multo
2547 4506 2676 4546 vero
2703 4499 2862 4545 antea
2896 4498 3140 4558 tempore
3169 4502 3362 4542 rursus
3397 4487 3609 4559 Byzan-

343 4587 546 4658 ζαντίῳ
580 4587 816 4652 ἐξαίσιόν
857 4606 910 4642 τι
961 4591 1185 4662 σεισμοῦ
1236 4591 1427 4663 χρῆμα
1469 4594 1798 4665 ἐνέσκηψεν,
1845 4595 1922 4658 ὡς

341 4678 545 4750 μικροῦ
609 4679 829 4734 ἃπασαν
879 4681 1287 4754 ἀνατετράφθαι
1320 4685 1418 4738 καὶ
1464 4685 1785 4756 διαρρυῆναι
1821 4685 1921 4756 τὴν

339 4770 522 4824 πόλιν.
577 4770 772 4838 Γέγονε
836 4772 936 4842 μὲν
983 4773 1091 4845 γάρ
1145 4776 1241 4829 καὶ
1283 4776 1404 4830 καθ’
1453 4779 1616 4832 αὐτὸν
1663 4779 1918 4849 μέγιστος

340 4861 550 4931 ἡλίκος,
581 4862 676 4914 καί
703 4864 904 4927 ὁποῖος,
933 4859 1107 4935 οἶμαι,
1136 4866 1425 4922 οὐπώποτε
1455 4869 1737 4940 πρότερον,
1768 4873 1833 4940 τῇ
1859 4886 1917 4923 τε

338 4953 643 5025 τραχύτητι
681 4953 777 5007 τοῦ
813 4954 1060 5026 βρασμοῦ
1096 4959 1191 5013 καὶ
1231 4959 1309 5030 τῷ
1350 4959 1567 5032 μονίμῳ
1597 4960 1690 5014 τοῦ
1729 4961 1916 5017 σάλου.

341 5045 467 5098 Ἔτι
496 5043 554 5096 δὲ
600 5045 765 5098 αὑτὸν
797 5047 1230 5120 φρικωδέστερον
1257 5052 1288 5103 6
1325 5051 1518 5123 καιρὸς
1549 5051 1796 5118 ἀπέδειξε
1824 5053 1918 5104 καὶ

339 5137 372 5206 ἡ
405 5135 518 5187 τῶν
571 5136 993 5207 ὲπισυμδάντων
1036 5139 1277 5210 ἀνάγκη.
1333 5141 1528 5196 Ἦνίκα
1567 5142 1676 5215 γὰρ
1707 5141 1918 5195 ἐκείνου

334 5226 434 5282 τοῦ
470 5226 627 5291 ἔτους
669 5229 703 5298 ὴ
733 5226 826 5281 τοῦ
857 5227 1204 5302 φθινοπώρου
1238 5232 1435 5304 ἔληγεν
1458 5233 1576 5306 ὥρα
1597 5273 1613 5300 ,
1645 5233 1727 5287 ἔτι
1767 5251 1827 5310 τε
1850 5232 1920 5287 τὰ

2025 4591 2088 4647 tli
2118 4591 2308 4661 ingens
2335 4597 2490 4643 terra;
2515 4595 2696 4640 motus
2722 4583 2846 4650 fuit,
2877 4582 3014 4637 adeo
3038 4590 3097 4634 ut
3125 4595 3315 4650 parum
3346 4580 3607 4647 abfuerit,

2026 4683 2154 4753 quin
2189 4691 2296 4736 tota
2331 4680 2462 4735 urbs
2496 4677 2757 4734 subversa
2789 4673 3078 4729 corruerit.
3128 4670 3262 4725 Nam
3310 4681 3364 4726 et
3408 4687 3504 4742 per
3548 4688 3611 4729 se

2026 4775 2299 4830 maximus
2328 4773 2432 4827 fuit
2474 4783 2528 4826 et
2570 4768 2748 4839 qualis
2781 4775 2930 4828 ante,
2983 4775 3041 4819 ut
3091 4764 3349 4828 arbitror,
3402 4764 3607 4830 nullus,

2024 4882 2149 4921 cum
2181 4865 2521 4921 vehementia
2553 4859 2951 4925 succussionis,
2978 4867 3092 4912 tum
3117 4857 3408 4912 duratione
3433 4860 3607 4929 agita-

2023 4957 2230 5025 tionis;
2265 4957 2550 5027 multoque
2598 4953 2762 5024 282
2801 4951 2982 5006 adhuc
3022 4949 3423 5005 horribiliorem
3479 4963 3606 5003 eum

2024 5047 2285 5104 reddebat
2314 5055 2528 5116 tempus
2557 5044 2757 5114 ipsum,
2799 5052 2854 5095 et
2899 5054 3114 5103 eorum,
3163 5054 3285 5108 quae
3331 5037 3606 5093 coincide-

2025 5142 2176 5206 bant,
2209 5139 2526 5195 necessitas.
2575 5135 2714 5191 Cum
2761 5131 2907 5188 enim
2949 5130 3096 5185 illius
3143 5129 3272 5184 anni
3306 5136 3608 5184 autumnus

2027 5241 2142 5288 tum
2168 5240 2314 5288 esset
2338 5239 2587 5294 exactus,
2623 5238 2676 5284 et
2715 5226 2830 5296 jam
2869 5239 2934 5278 ex
2967 5220 3339 5278 Romanorum
3367 5235 3603 5276 consue-

1634 5475 1871 5533 VARIA';
1892 5475 2300 5534 LECTIONES.

410 5681 458 5714 ⁸³
500 5680 644 5736 οὕτω
671 5679 739 5735 Β.

335 5753 808 5823 ξυνενευχότωςει
834 5751 998 5823 intpr.
1025 5767 1189 5823 unum
1222 5753 1276 5802 in
1300 5749 1471 5823 locum
1522 5748 2100 5823 optue8_declint_r_ss_ent,
2135 5752 2534 5823 συνεστηκότας
2573 5751 2716 5823 vulg.

816 5680 861 5712 ⁸⁸
883 5679 1081 5735 πολλοῦ
1099 5680 1222 5735 add.
1254 5693 1318 5734 ex
1343 5677 1389 5731 R
1413 5687 1467 5734 et
1498 5675 1670 5748 intpr.
1697 5680 2018 5749 strepituque
2042 5679 2226 5734 multo.
2303 5679 2349 5711 ⁸³
2377 5679 2798 5746 ξυννενευκότας
2830 5680 3110 5749 rescripsit
3128 5677 3234 5737 CL.
3265 5677 3496 5733 ducibus
3530 5677 3598 5749 Β.

2796 5751 2842 5780 ⁸⁶
2871 5750 2976 5802 Pro
3004 5745 3154 5802 οὕτω
3184 5749 3240 5802 δὲ
3273 5749 3396 5802 fort.
3429 5745 3597 5801 scrib.

335 5823 480 5878 οὓτω
506 5815 595 5887 τε’,’
660 5824 702 5854 ⁸⁷
722 5822 788 5876 ἂν
816 5815 986 5892 ταύτῃ
1019 5831 1071 5875 et
1130 5819 1177 5852 ⁸⁸
1203 5818 1508 5892 ἀπαγωγῆς
1537 5819 1671 5890 Sph.
1705 5816 1830 5873 Par.
1907 5820 1952 5852 ⁸⁸
1980 5820 2217 5891 ἤρεσκεν
2242 5817 2304 5871 R.
2352 5815 2366 5821 ⁷
2387 5819 2431 5850 ⁵⁸
2459 5820 2544 5876 Pr.
2585 5815 2718 5874 Nov.
2755 5821 2776 5873 l
2809 5831 2860 5875 et
2899 5822 2986 5874 38.
3063 5821 3106 5850 “
3140 5819 3245 5872 τῶν
3270 5819 3395 5873 add.
3425 5815 3596 5872 erit.
