4060 6462
523 379 670 445 1543
1718 379 1812 439 AG
1825 381 2083 442 ATHle
2111 393 2115 441 ε

2216 383 2395 445 ΞΟΙΑ
2405 386 2488 445 ST
2498 386 2600 446 [CI

3631 394 3756 463 154E

529 492 718 547 tudine
763 490 1006 546 natalitia
1057 489 1306 546 convitia
1360 490 1718 561 agitarentur,
1775 494 1948 565 frigus
1999 508 2115 552 erat

2220 500 2363 572 ὑπὲρ
2415 502 2525 555 τῶν
2561 503 2842 572 ὀνομάτων
2901 504 3174 574 συμπόσια
3202 504 3450 574 ἐτελεῖτο,
3495 502 3632 582 ᾗπερ
3658 519 3757 581 τοῖς

529 581 688 651 quale
723 597 821 650 par
853 590 934 636 est
967 596 1107 644 esse,
1139 582 1252 635 sole
1286 581 1350 634 ad
1399 581 1674 637 brumales
1722 587 2111 643 conversiones

2227 591 2518 661 Ῥωμαίοις
2540 594 2872 664 νενόμισται,
2894 594 3059 665 κρύος
3082 596 3179 666 μέν
3196 598 3293 668 ἤδη
3319 599 3580 671 ὑπῆρχεν,
3595 604 3758 660 ὁποῖον

525 685 582 730 et
612 677 678 729 ad
710 674 1107 745 Capricornum
1139 683 1416 744 vergente,
1445 683 1498 729 et
1532 677 1798 746 prtecipue
1832 679 1935 733 sub
1963 692 2114 734 octa-

2216 674 2353 732 εἶναι
2377 679 2526 744 εἰκὸς
2553 680 2648 733 τοῦ
2675 682 2824 752 ἡλίου
2866 683 2960 735 ἐπὶ
2993 681 3092 746 τὰς
3117 684 3321 754 τροπάς
3347 686 3651 754 ἐλαύνοντος
3672 694 3760 758 τὰς

527 783 653 822 vum
684 768 868 831 clima,
919 767 1062 836 quod
1105 767 1173 820 ab
1203 765 1421 820 Euxino
1456 766 1631 821 Ponto
1667 769 1736 822 ab
1782 769 1928 825 illius
1979 771 2115 828 artis

2216 773 2550 843 χειμερίους,
2579 775 2672 827 καὶ
2695 775 2831 844 πρὸς
2847 775 2938 828 τὸν
2961 775 3314 846 Αἰγοκέρωτα
3341 781 3651 850 φερομένου·
3677 786 3766 840 κιιί⁸

529 858 721 924 peritis
773 867 856 913 est
888 857 1239 927 appellatum.
1304 856 1440 911 Tum
1501 873 1631 914 vero
1679 860 1822 916 circa
1879 863 2114 918 mediam

2219 863 2456 932 μάλιστα
2480 863 2538 916 ἐν
2569 863 2647 934 τῷ
2671 865 2892 935 κλίματι
2914 866 3088 936 δήπου
3120 865 3198 937 τῷ
3219 867 3388 939 ὀγδόῳ
3413 870 3588 934 καλῶς
3615 867 3762 943 εῖχεν,

2215 952 2376 1022 ὅπερ,
2418 947 2596 1022 οἶμαι,
2644 954 2708 1005 ἐκ
2743 953 2838 1007 τοῦ
2881 953 3132 1018 Εὐξείνου
3171 957 3367 1009 πόντου
3396 959 3442 989 ⁸³
3481 960 3628 1029 παρὰ
3668 967 3767 1028 τοῖς

2215 1037 2389 1092 ταῦτα
2429 1042 2615 1109 σοφοῖς
2645 1041 3024 1114 ἐπικέκληται.
3061 1043 3196 1096 Τότε
3216 1044 3273 1098 δὲ
3301 1045 3446 1114 ἀμφὶ
3472 1047 3638 1116 μέσην
3679 1051 3768 1120 τῆς

2217 1130 2412 1194 νυκτὸς
2442 1130 2688 1204 φυλακὴν
2719 1132 2872 1204 ὕπνῳ
2914 1133 3012 1203 μὲν
3051 1137 3101 1188 οί
3131 1135 3286 1188 ἀστοὶ
3307 1135 3516 1206 εἴχοντο
3549 1140 3640 1192 καὶ
3657 1143 3771 1212 ηρε-

2221 1220 2341 1292 μίᾳ,
2396 1222 2622 1276 ἐνέπεσε
2656 1223 2713 1276 δὲ
2760 1223 3023 1293 ἐξαπίνης
3068 1225 3130 1278 τὸ
3171 1226 3343 1280 δεινὸν
3365 1267 3382 1293 ,
3427 1227 3522 1281 καὶ
3575 1228 3770 1286 ἅπαντα

2218 1311 2382 1376 εὐθὺς
2411 1315 2475 1366 ἐκ
2510 1311 2724 1384 βάθρων
2746 1313 2926 1368 αὐτῶν
2962 1315 3208 1368 ἐδονεῖτο·
3237 1317 3272 1388 ἦ
3291 1333 3350 1370 τε
3375 1319 3590 1388 κίνησις
3619 1320 3772 1390 βιαιό-

2217 1420 2358 1459 τατα
2389 1405 2511 1458 κατ’
2535 1405 2712 1476 ἀρχὰς
2732 1406 3080 1472 εἰώαλοῦσα,
3104 1407 3198 1460 ἐπὶ
3224 1409 3412 1476 μεῖζον
3433 1409 3514 1463 ἐτι
3532 1411 3774 1480 ηὐξάνετο

2219 1496 2316 1550 καὶ
2350 1497 2706 1568 ἐπηυξάνετο,
2733 1496 2924 1568 ὥσπερ
2955 1500 3013 1562 ἐς
3031 1485 3416 1554 ἐπίδοσίνίτινα
3445 1502 3539 1554 καὶ
3564 1502 3774 1574 ὑπερδο-

2220 1585 2319 1656 λὴν
2353 1585 2449 1638 τοῦ
2481 1586 2689 1651 πάθους
2733 1587 3063 1658 χωροῦντος·
3107 1588 3251 1642 οὕτω
3287 1589 3353 1660 δὴ
3400 1587 3496 1642 οὖν
3542 1591 3774 1646 ἁπάντων

2220 1676 2693 1745 άφυπνισθέντων,
2719 1677 2968 1741 κωκυτὸς
3000 1679 3231 1748 ἠκούετο
3259 1678 3532 1734 πάντοθεν
3558 1683 3649 1734 καὶ
3679 1681 3776 1735 ὀλο-

531 952 705 1007 noctis
734 952 993 1021 vigiliam,
1028 951 1240 1006 civibus
1264 966 1458 1007 somno
1491 961 1545 1007 et
1577 953 1744 1023 quieti
1772 957 2113 1024 vacantibus,

529 1053 750 1113 repente
777 1045 879 1099 hoc
914 1044 1120 1098 malum
1154 1043 1364 1108 incidit,
1400 1043 1697 1114 omniaque
1726 1047 1908 1101 statim
1940 1062 2008 1102 ex
2037 1049 2119 1118 ip-

529 1133 606 1189 sis
637 1132 1007 1190 fundamentis
1034 1133 1508 1198 succutiebantur,
1542 1143 1832 1206 motusque
1862 1137 1996 1208 ipse,
2031 1148 2117 1193 ta-

529 1227 689 1282 metsi
715 1227 784 1281 ab
809 1227 964 1305 initio
995 1226 1427 1282 violentissimus
1457 1236 1622 1295 esset,
1652 1227 1706 1282 in
1734 1229 1911 1299 majus
1939 1239 2120 1286 tamen

529 1318 710 1374 adhuc
741 1318 1044 1383 crescebat,
1075 1316 1240 1372 veluti
1263 1333 1361 1387 per
1389 1317 1723 1373 incrementa
1749 1320 1816 1374 ad
1840 1336 2118 1376 summum

527 1409 783 1465 tendente
816 1410 980 1467 malo.
1013 1408 1131 1465 Hoc
1159 1410 1344 1482 itaque
1375 1420 1535 1480 pacto
1569 1410 1826 1466 omnibus
1857 1427 1888 1466 e
1924 1427 2122 1471 somno

527 1501 798 1565 excitatis,
832 1501 1081 1571 ploratus
1122 1501 1272 1555 omni
1305 1515 1382 1556 ex
1424 1510 1579 1572 parte
1626 1501 1970 1572 ejulatusque
2019 1519 2120 1558 au-

525 1594 836 1659 diebantur,
873 1601 927 1648 et
954 1609 1083 1659 vox,
1116 1593 1293 1664 qualis
1326 1593 1439 1649 fere
1478 1594 1538 1648 ln
1585 1593 1915 1662 ejusccmodi
1963 1595 2122 1652 malis

525 1685 593 1740 ad
630 1684 796 1740 Deum
823 1687 1150 1756 proclamari
1183 1686 1489 1741 consuevit.
1523 1685 1800 1758 Siquidem
1823 1696 1878 1742 et
1904 1688 2117 1744 sonitus

526 1777 749 1845 quidam
786 1777 967 1848 gravis
1001 1786 1162 1847 atque
1194 1778 1450 1833 immanis
1484 1778 1650 1832 veluti
1689 1787 1945 1834 terrestre
1978 1779 2115 1834 toni-

2220 1768 2381 1838 λυγὴ,
2413 1769 2509 1822 καὶ
2532 1770 2566 1839 ἠ
2597 1770 2734 1841 πρὸς
2756 1770 2818 1823 τὸ
2854 1771 2996 1824 θεῖον
3019 1770 3358 1826 άναὸοάσθαι
3388 1773 3702 1844 αὐτομάτως
3728 1777 3776 1828 ἐν

529 1885 616 1923 tru
649 1883 680 1922 e
715 1878 870 1923 terrae
918 1869 1223 1924 visceribus
1257 1870 1516 1934 emissus,
1569 1871 1744 1936 ipsam
1798 1870 2115 1925 succussio-

2218 1857 2428 1922 τούτοις
2452 1859 2500 1891 ³³
2531 1859 2752 1913 εἰωθυῖα
2773 1862 2948 1933 φωνή·
2977 1861 3100 1913 ἐπεὶ
3133 1862 3226 1914 καὶ
3240 1858 3374 1932 ἦχός
3401 1880 3486 1927 τις
3517 1863 3680 1934 βαρὺς
3699 1866 3777 1919 καὶ

525 1977 650 2014 nem
685 1960 1119 2030 subsequebatur
1153 1971 1526 2032 terroremque
1564 1961 2115 2032 duplicabat,aerque

2221 1951 2432 2021 άγριος,
2459 1949 2648 2021 ὥσπερ
2669 1951 2858 2022 χθονία
2879 1951 3098 2023 βροντὴ,
3129 1955 3194 2006 ἐκ
3227 1954 3326 2022 τῆς
3347 1957 3454 2023 γῆς
3491 1956 3778 2026 ἀναπεμπο-

527 2063 688 2108 terrae
717 2052 962 2123 proxime
989 2051 1357 2108 circumfusus
1385 2052 1599 2108 fumosa
1629 2053 1862 2124 quadam
1893 2053 2115 2122 nebula,

2223 2043 2384 2112 μένη,
2441 2044 2798 2116 ἐπηκολούθει
2831 2045 2910 2116 τῷ
2945 2045 3138 2116 κλόνῳ,
3185 2047 3276 2099 καὶ
3303 2047 3653 2112 ἐδιπλασίαζε
3695 2051 3777 2120 τὰς

527 2146 713 2201 nescio
758 2146 901 2199 unde
949 2146 1186 2209 sublata,
1244 2145 1637 2210 offuscabatur,
1688 2153 1950 2216 totusque
1997 2153 2115 2200 erat

2220 2132 2534 2204 ἐκπλήξας.
2587 2136 2655 2188 '0
2700 2152 2762 2188 τε
2808 2136 3090 2206 περίγειος
3141 2134 3234 2207 [Ρ.
3274 2135 3412 2208 146]
3455 2138 3566 2208 ἀὴρ
3605 2137 3775 2209 ὁμίχλῃ

524 2236 861 2306 Caliginosus
896 2245 950 2291 et
979 2236 1385 2307 quodammodo
1419 2235 1691 2291 turbidus.
1723 2233 1982 2290 llomines
2013 2235 2115 2290 ita-

2220 2229 2492 2284 καπνὼδει
2533 2231 2633 2284 οὐκ
2665 2225 2780 2286 οἶδα
2817 2231 2940 2285 ὅθεν
2984 2231 3316 2304 ἀναχθείση,
3347 2231 3773 2303 κατεμελαίνετο·

526 2345 634 2398 que
666 2344 774 2398 prae
820 2338 962 2381 metu
1000 2344 1063 2382 ac
1093 2343 1290 2398 pavore
1327 2337 1479 2382 extra
1531 2342 1590 2382 se
1621 2327 1782 2396 positi
1813 2336 1866 2382 et
1901 2327 2117 2383 consilii

524 2427 802 2486 expertes,
833 2419 1090 2473 domibus
1111 2419 1227 2473 suis
1257 2418 1497 2483 exibant,
1530 2417 1825 2487 statimque
1851 2426 1905 2472 et
1929 2418 2118 2488 plateae

523 2516 579 2564 et
604 2509 923 2579 angiportus
949 2509 1300 2564 multitudine
1328 2509 1714 2579 implebantur,
1743 2509 2118 2584 283_perin-

521 2599 591 2654 de
625 2615 690 2655 ac
733 2602 778 2655 si
818 2616 927 2655 non
969 2601 1132 2656 etiam
1175 2600 1271 2667 ibi,
1323 2600 1369 2655 si
1424 2600 1498 2654 ita
1553 2600 1887 2665 usuveniret,
1939 2599 2116 2670 perire

521 2702 771 2764 possent.
805 2692 1076 2748 Continua
1101 2692 1243 2748 enim
1271 2692 1420 2746 omni
1454 2707 1518 2746 ex
1552 2702 1704 2762 parte
1746 2691 1961 2762 sibique
1989 2706 2114 2746 mu-

524 2795 623 2841 tuo
657 2800 903 2841 connexa
939 2795 1069 2840 sunt
1096 2783 1348 2850 wdiﬁcia,
1389 2799 1638 2856 argi-eque
1674 2784 1886 2854 uspiam
1932 2783 2113 2839 locum

519 2878 759 2949 aliquem
789 2878 1043 2933 subdiuzn
1074 2886 1128 2930 et
1151 2888 1400 2946 apertum
1429 2886 1482 2931 et
1505 2876 1748 2947 contigui
1770 2875 1984 2932 aediﬁcii
2015 2892 2113 2930 ex-

519 2979 730 3039 pertem
763 2967 1112 3036 conspicias:
1144 2966 1334 3020 oculos
1363 2974 1546 3020 tamen
1582 2966 1635 3019 in
1666 2965 1838 3020 altum
1871 2963 2113 3039 tollendo

466 3063 472 3068 '
520 3059 838 3128 coelumque
870 3058 1156 3120 intuendo,
1185 3065 1346 3127 atque
1372 3057 1443 3112 ita
1473 3056 1643 3112 Deum
1673 3057 1958 3127 placando,
1984 3056 2114 3112 sub-

515 3149 666 3203 mitti
694 3150 898 3204 scusim
925 3149 1208 3219 laxarique
1239 3163 1412 3220 pavor
1435 3149 1746 3219 mentisque
1767 3148 2110 3220 perturbatio

2220 2324 2318 2378 καὶ
2337 2319 2408 2396 ἦν
2431 2323 2578 2388 ἄπας
2611 2323 2838 2397 ζοφερὸς
2871 2327 2965 2380 καὶ
3003 2321 3118 2379 οἷον
3159 2325 3549 2394 γεγανωμένος
3576 2325 3651 2358 ⁵⁵·
3682 2341 3774 2378 τοι-

2219 2418 2416 2490 γάρτοι
2463 2417 2645 2487 ἁλόγῳ
2687 2419 2792 2473 τινὶ
2833 2420 2894 2472 τὸ
2942 2417 3288 2490 ἀνθρώπειον
3331 2418 3426 2471 καὶ
3465 2416 3775 2486 άνεξετάστῳ

2220 2509 2326 2565 ὐπὸ
2355 2507 2449 2562 τοῦ
2479 2509 2734 2580 δείματος
2778 2509 3027 2581 ἐχόμενοι
3069 2509 3263 2581 γνώμῃ
3291 2548 3306 2574 ,
3352 2507 3651 2580 ὑπεξῄεσαν
3687 2510 3776 2564 τῶν

2217 2601 2560 2674 οἰκημάτων.
2603 2603 2715 2656 Καὶ
2740 2603 2939 2658 αὐτίκα
2972 2604 3031 2656 αῖ
3069 2620 3129 2656 τε
3160 2601 3360 2671 ἁγυιαὶ
3390 2602 3485 2655 καὶ
3523 2603 3571 2654 oi
3604 2619 3776 2655 στενω-

2217 2691 2311 2746 ποὶ
2345 2692 2752 2763 ἐνεπίμπλαντο
2788 2693 2882 2746 τοῦ
2920 2694 3135 2765 ὁμίλου,
3177 2691 3377 2764 ὥσπερ
3418 2693 3538 2764 οὐχὶ
3578 2693 3666 2748 καὶ
3703 2695 3773 2746 ἐν-

2215 2784 2393 2838 ταῦθα
2437 2783 2580 2849 ἐνὸν,
2626 2784 2676 2837 εί
2717 2783 2861 2838 οὕτω
2895 2784 3072 2855 τύχοι,
3113 2785 3509 2857 διαφθαρῆναι.
3555 2783 3775 2855 Ξυνεχεῖς

2216 2875 2326 2948 γὰρ
2353 2875 2670 2948 ἁπανταχοῦ
2699 2878 2756 2933 αἰ
2779 2878 3083 2950 οἰκοδομίαι
3107 2879 3206 2949 τῆς
3227 2879 3444 2943 πόλεως
3473 2880 3567 2935 καὶ
3596 2878 3774 2949 ξυνημ-

2218 2971 2376 3041 μέναι
2407 2969 2688 3041 ἀλλήλαις·
2725 2970 2822 3024 καὶ
2857 2971 3220 3025 σπανιαίτατα
3253 2970 3359 3024 ῐδοι
3393 2988 3479 3035 τις
3509 2971 3572 3026 ἂν
3603 2969 3775 3042 χωρίον

2216 3060 2484 3132 ὕπαιθρον
2520 3063 2617 3115 καὶ
2641 3061 3099 3133 ἀναπεπταμένον
3137 3064 3230 3116 καὶ
3263 3064 3616 3118 παντάπασιν
3644 3060 3774 3115 ἐλεύ-

2214 3153 2374 3224 θερον
2401 3153 2494 3207 τοῦ
2534 3153 3016 3226 ἐπιπροσθοῦντος.
3059 3155 3248 3224 Ὅμως
3275 3155 3358 3226 τῷ
3381 3157 3493 3210 άνω
3521 3154 3614 3219 τὰς
3644 3152 3775 3223 θζιεις

518 3242 829 3309 videbatur,
856 3256 922 3297 ac
951 3216 1165 3296 tametsi
1199 3216 1426 3310 ningore
1464 3216 1676 3296 minuto
1713 3216 2112 3311 perfunderen-

2219 3216 2419 3300 ἰθύνειν
2444 3247 2650 3301 καὶτὸν
2677 3216 2913 3318 οὐρανὸν
2932 3216 3285 3318 ἀμωσγέπως
3310 3216 3776 3312 έπιθεᾶσθαιρύτω

517 3347 632 3400 tur,
666 3342 720 3387 ct
753 3334 937 3404 algore
977 3342 1376 3403 premerentur,
1409 3339 1590 3388 tamen
1638 3347 1709 3387 ne
1768 3331 1843 3386 ita
1891 3329 2115 3402 quidem

2216 3357 2274 3393 τε
2316 3340 2377 3393 τὸ
2413 3339 2556 3394 θεῖον
2604 3339 2944 3406 ἱλάσκεσθαι,
2985 3339 3156 3412 ταύτῃ
3203 3339 3340 3409 γοῦν
3386 3341 3564 3406 αὐτοῖς
3610 3339 3774 3411 ἠρέμα

523 3436 664 3480 tecta
705 3425 982 3490 subibant,
1022 3424 1131 3479 nisi
1168 3423 1307 3478 forte
1335 3433 1604 3494 quotquot
1635 3423 1701 3478 ad
1737 3422 1935 3492 templa
1977 3436 2114 3477 corr-

2216 3431 2491 3503 ὑποχαλᾷν
2519 3432 2694 3486 ἐδόκει
2721 3432 2781 3487 τὸ
2805 3433 2976 3497 δεδιὸς
3004 3432 3104 3504 τῆς
3129 3432 3314 3503 ψυχῆς
3348 3432 3446 3487 καὶ
3466 3433 3774 3505 ταραττόμε-

521 3518 817 3589 fugientes,
843 3515 910 3570 ad
931 3531 1055 3570 aras
1083 3516 1565 3586 provolvebantur.
1599 3514 1779 3569 Multae
1800 3529 1928 3569 vero
1946 3514 2112 3568 etiam

526 3608 806 3670 mulieres,
834 3621 945 3661 non
977 3606 1202 3676 plebeiae
1241 3607 1335 3662 sed
1367 3605 1770 3670 honoratiores,
1817 3605 1954 3660 viris
1985 3620 2110 3675 per-

524 3699 702 3753 mistae
733 3697 1049 3753 ferebantur
1076 3715 1091 3765 ;
1143 3698 1431 3767 omnisque
1457 3697 1592 3752 ordo
1621 3705 1676 3751 et
1700 3695 2028 3761 reverentia,
2060 3704 2115 3750 et

525 3804 718 3845 senum
743 3789 814 3845 ob
839 3796 1074 3854 tetatem,
1105 3803 1212 3858 qua
1239 3789 1360 3844 aliis
1384 3787 1731 3854 antecedunt,
1754 3787 2113 3858 praerogativa

523 3888 580 3934 et
624 3888 910 3950 respectus
959 3888 1074 3934 tum
1111 3880 1373 3950 temporis
1421 3879 1845 3950 perturbabatur
1889 3887 1942 3933 et
1985 3893 2115 3948 pro-

523 3972 886 4039 culcabatur;
925 3973 1069 4027 servi
1109 3973 1272 4026 etiam
1301 3971 1558 4026 dominos
1602 3985 1732 4026 suos
1761 3976 2116 4025 contemnen-

523 4075 608 4120 tes
639 4065 896 4134 dictoque
923 4064 1300 4131 obaudientes,
1328 4064 1396 4119 ad
1430 4064 1575 4119 aedes
1619 4077 1807 4119 sacras
1834 4062 2116 4133 confugie-

523 4157 677 4223 bant,
730 4156 938 4226 majore
967 4164 1114 4211 metu
1152 4156 1275 4212 victi
1306 4173 1322 4223 ;
1373 4154 1585 4209 nullum
1619 4154 1784 4208 etiam
1831 4153 1974 4209 inter
2001 4154 2116 4224 ple-

524 4247 648 4301 bem
675 4256 728 4302 et
757 4246 1132 4316 magistratum
1172 4254 1287 4300 erat
1318 4245 1546 4299 honoris
1577 4244 1896 4311 discrimen,
1928 4251 2118 4314 utpote

523 4337 805 4393 communi
839 4337 1082 4408 periculo
1115 4346 1362 4407 urgente,
1396 4336 1762 4405 omnibusque
1792 4334 2116 4390 existiman-

525 4431 674 4486 tibus
726 4446 786 4486 se
831 4429 1056 4500 jamjam
1108 4431 1404 4500 perituros.
1453 4429 1880 4498 Quamplurimae
1931 4429 2118 4499 itaque

533 4524 680 4579 aedes
705 4538 767 4579 ea
802 4533 965 4578 nocte
1012 4533 1362 4590 corruerunt,
1405 4539 1471 4579 ac
1516 4523 1788 4594 praecipue
1838 4522 1895 4578 in
1945 4521 2116 4594 Regio

2213 3541 2326 3579 νον.
2376 3526 2574 3578 Κάίτοι
2621 3525 2825 3597 νιφετῷ
2864 3526 3031 3597 ὀλίγῳ
3090 3515 3514 3599 ὐπερῤαίνοντο,
3561 3529 3649 3582 καὶ
3683 3526 3771 3580 ὑπὸ

2212 3616 2308 3670 τοῦ
2343 3617 2546 3690 κρύους
2597 3617 2876 3682 ἐπιέζοντο
2909 3633 2923 3646 ο
2952 3617 3067 3670 ἀλλ’
3100 3619 3212 3672 οὐδ’
3233 3618 3316 3682 ὣς
3350 3620 3647 3691 ὑπωρόφιοι
3677 3619 3772 3689 ἐγί-

2214 3722 2426 3774 γνοντο,
2458 3705 2598 3778 πλὴν
2626 3708 2676 3760 εί
2705 3707 2780 3779 μὴ
2812 3708 2999 3762 ὁπόσοι
3020 3709 3079 3763 ἐν
3111 3711 3276 3780 ἱεροῖς
3311 3711 3502 3783 ἕρκεσι
3525 3713 3772 3782 καταφεύ-

2214 3812 2404 3864 γοντες
2450 3795 2845 3851 ἐκαλινδοῦντο.
2885 3795 3091 3850 Γύναια
3129 3795 3186 3849 δὲ
3219 3798 3417 3864 πολλὰ,
3463 3800 3536 3870 μὴ
3579 3797 3772 3854 ὅτιτῶν

2215 3885 2599 3958 ἠμελημένων,
2629 3887 2746 3941 ἀλλ’
2775 3888 2877 3958 ἤδη
2898 3903 2999 3941 που
3026 3872 3252 3942 καῖ’τῶν
3278 3891 3660 3960 ἐντιμοτάτων,
3679 3889 3782 3954 ξυν-

2215 3979 2384 4050 ηλᾶτο
2419 3983 2534 4044 τοῖς
2587 3979 2813 4050 ἀνδράσι
2845 3982 2938 4033 καὶ
2968 3980 3319 4051 άνεμίγνυτο·
3344 3981 3499 4047 τάξις
3523 4000 3580 4036 τε
3607 3983 3771 4035 ἅπασα

2216 4072 2312 4126 καὶ
2343 4072 2509 4136 αἰδὼς
2537 4072 2632 4126 καὶ
2657 4073 2691 4144 ὴ
2734 4071 2844 4126 τῶν
2880 4073 3062 4144 γερῶν
3092 4073 3461 4145 μεγαλαυχία,
3497 4076 3590 4129 καί⁸
3611 4076 3637 4128 ὃ
3657 4075 3698 4106 ⁸³
3728 4091 3770 4126 τι

2215 4165 2430 4220 ἐνθένδε
2444 4165 2780 4238 ὐπερανέχον
2797 4167 2892 4220 καὶ
2908 4167 3374 4237 ἀποκεκριμένον,
3399 4167 3770 4239 ἁνετετάρακτο

2217 4259 2276 4312 ἐν
2315 4255 2394 4328 τῷ
2431 4257 2553 4310 τότε
2592 4257 2688 4310 καὶ
2738 4256 3073 4327 ἐπεπάτητο.
3114 4256 3183 4308 Οῐ
3223 4272 3285 4308 τε
3321 4256 3430 4329 γάρ
3470 4256 3640 4310 δοῦλοι
3665 4254 3770 4314 τοὺς

2217 4348 2596 4420 κεκτημένους
2651 4348 3068 4420 περιεφρόνουν,
3108 4347 3203 4402 καὶ
3248 4348 3362 4401 τῶν
3409 4347 3768 4418 ἐπιταγμάτων

2216 4440 2680 4513 ἀνηκουστοῢντες
2723 4443 2780 4504 ἐς
2812 4439 2881 4494 τὰ
2919 4439 3040 4507 ἱερὰ
3073 4438 3362 4512 ξυνῄεσαν,
3411 4440 3514 4493 ὐπὸ
3541 4437 3631 4492 τοῦ
3670 4434 3769 4507 μεί-

2218 4534 2372 4598 ζονος
2403 4531 2701 4604 νικώμενοι
2736 4531 2909 4595 δέους·
2955 4531 3085 4585 οἵτε
3116 4531 3402 4594 ἐλάττονες
3423 4531 3557 4602 πρὸς
3579 4527 3693 4590 τοὺς
3718 4527 3766 4577 ἐν

524 4615 740 4683 (navale
771 4614 825 4668 id
860 4615 1010 4670 urbis
1041 4615 1168 4686 est),
1211 4616 1493 4685 multaque
1521 4623 1575 4670 et
1615 4614 1950 4671 incredibilla
1977 4629 2113 4670 con-

2219 4596 2362 4677 τέλει
2393 4624 2451 4686 ἐς
2486 4596 2758 4694 ἰσοτιμίαν
2789 4620 3134 4686 καθίσταντο,
3160 4621 3236 4685 ὡς
3279 4622 3344 4691 δὴ
3381 4596 3559 4675 κοινοῦ
3600 4621 3767 4672 ἐπιπε-

525 4708 786 4779 tigerunt.
837 4706 979 4759 Alibi
1006 4707 1154 4761 enim
1199 4715 1361 4770 tecta,
1433 4707 1548 4761 sive
1600 4722 1631 4760 e
1680 4706 1956 4776 lapidibus
2001 4707 2115 4761 sive

2220 4704 2406 4779 σόντος
2449 4715 2718 4781 κινδύνου,
2756 4715 2853 4768 καὶ
2885 4714 3140 4768 ἁπάντων
3171 4713 3436 4784 οἰομένων
3466 4713 3563 4766 οὐκ
3596 4713 3650 4774 ἐς
3677 4725 3765 4780 μα·

523 4799 688 4870 lignis
723 4807 1058 4863 constructa,
1089 4814 1120 4852 a
1163 4814 1222 4853 se
1269 4809 1460 4853 mutuo
1503 4798 1716 4852 divulsa
1759 4807 1911 4863 sunt,
1961 4813 2115 4853 men-

2217 4806 2357 4877 κράν
2385 4805 2725 4860 ἀπολεῖσθαι.
2761 4805 2961 4876 Συχναὶ
2989 4803 3089 4875 μὲν
3111 4800 3204 4858 οὖν
3227 4805 3444 4875 ἐκείνης
3481 4807 3577 4875 τῆς
3598 4800 3764 4860 νυκτὸς

523 4899 578 4945 te
610 4906 870 4961 compage
915 4891 1247 4954 fatiscentia,
1296 4892 1371 4945 ita
1431 4899 1489 4945 ut
1546 4901 1598 4944 et
1646 4891 1814 4946 aether
1853 4899 1908 4945 et
1953 4889 2115 4962 285.

2216 4899 2385 4951 οἰκίαι
2445 4899 2903 4970 καταϐέϐληνται,
2954 4897 3049 4951 καὶ
3095 4897 3334 4968 μάλιστα
3383 4899 3442 4951 ἐν
3472 4892 3760 4966 τῷῬηγίῳι

524 4986 695 5042 stellae
735 4987 902 5041 veluti
946 4989 998 5040 in
1037 4987 1268 5041 subdivo
1323 4985 1444 5040 loco
1493 4998 1590 5054 per
1639 4991 1779 5038 tecta
1827 4983 2113 5052 conspice-

2216 4989 2454 5043 ἐπίνειον
2502 4989 2558 5042 δὲ
2607 4989 2770 5044 τοῦτο
2799 4990 2898 5062 τῆς
2939 4990 3146 5054 πόλεως
3171 5007 3186 5022 ·
3235 4989 3408 5044 πολλά
3447 5006 3506 5042 τε
3537 4988 3626 5042 καὶ
3654 4985 3762 5038 ἄπι-

525 5087 735 5143 rentur,
758 5094 1062 5149 rursusque
1086 5077 1374 5133 confestim
1399 5077 1450 5131 in
1476 5075 1759 5146 pristinam
1786 5090 2104 5146 compagem

2216 5098 2317 5135 στα
2351 5081 2606 5152 θαύματα
2649 5083 2695 5114 ⁵⁸
2728 5080 3047 5153 ξυνηνέχθη.
3082 5083 3166 5153 Πὴ
3210 5082 3310 5152 μὲν
3346 5080 3455 5151 γὰρ
3482 5081 3534 5134 αἰ
3558 5074 3759 5148 ὀροφαὶ,

527 5171 775 5239 coirent;
827 5172 955 5226 alibi
1008 5187 1138 5225 vero
1187 5169 1455 5224 columnae
1494 5169 1548 5223 in
1598 5169 1820 5239 pergula
1871 5168 2106 5239 alicujus

2216 5169 2326 5221 εῖτε
2351 5169 2517 5233 λίθοις
2550 5171 2661 5224 εἴτε
2702 5170 2878 5236 ξύλοις
2910 5171 3205 5242 ἐτύγχανον
3263 5169 3670 5241 ἐσκευασμένοι,
3695 5164 3761 5215 δι-

526 5262 724 5318 domus
749 5265 960 5334 positae,
995 5265 1048 5318 vi
1082 5263 1456 5320 succussionis
1492 5262 1927 5327 cxcutiehantur,
1983 5275 2107 5331 pro-

2216 5242 2454 5328 έστησαν
2506 5258 2599 5310 ἀπ’
2639 5259 2906 5330 ἀλλήλων,
2945 5262 3321 5333 ἀρνησάμεναι
3373 5260 3470 5332 τὴν
3515 5259 3759 5326 ξυνέχειαν

526 5356 813 5425 ximasque
844 5357 1038 5412 domos
1086 5363 1445 5426 supervectae,
1479 5355 1532 5408 in
1592 5355 1915 5410 remotiores
1963 5353 2109 5408 aedes

2216 5349 2308 5402 καὶ
2332 5349 2703 5420 διαχανοῦσαι,
2733 5352 2808 5418 ὡς
2831 5353 2923 5408 τόν
2951 5371 3010 5408 τε
3045 5355 3183 5427 ἀέρα
3209 5355 3252 5389 ⁵⁷
3283 5353 3379 5408 καὶ
3406 5353 3530 5416 τοὺς
3551 5349 3757 5419 ἀστέρας

1820 5521 2056 5578 VARI/li
2091 5519 2502 5580 LECTIONES.

608 5676 654 5709 "
707 5676 796 5732 διὰ
836 5673 932 5730 τοῦ
966 5678 1096 5746 Εὐξ.
1139 5697 1199 5734 π.
1259 5681 1405 5750 conj.
1453 5683 1514 5740 Β.
1567 5685 1722 5740 Vulc.
1766 5688 1928 5743 ma‘c.
2008 5695 2053 5725 ⁸³
2083 5695 2243 5748 άναδ.
2281 5688 2403 5744 αὐτ.
2435 5689 2492 5742 ἐν
2515 5687 2661 5740 τούτ.
2696 5683 2763 5747 R.
2805 5688 2926 5742 αὐτ.
2959 5689 3015 5741 ἐν
3042 5706 3091 5743 τ.
3126 5689 3211 5741 ἀν.
3254 5683 3393 5752 vulg.
3468 5679 3750 5752 ’δχεγᾳνν

532 5745 1322 5832 psvogrttterque'cod._etedd.
1358 5745 1521 5825 intpr,
1557 5773 1794 5815 sonoras.
1873 5760 1917 5790 ⁸⁵
1952 5765 2006 5816 οἵ
2025 5745 2289 5832 γεννιὶίρτο
2319 5759 2373 5812 οἴ
2391 5775 2471 5812 τε.
2575 5757 2621 5789 ⁸⁸
2652 5745 2907 5827 θαύματα
2944 5775 3053 5816 om.
3097 5757 3142 5812 Β
3180 5765 3232 5812 et
3262 5745 3420 5824 intpr.
3521 5745 3566 5783 ⁵⁷
3587 5745 3669 5802 τόν
3696 5753 3746 5794 τι

523 5816 663 5891 ἀέρα
691 5816 758 5888 Β,
790 5818 883 5874 τὸν
915 5819 1035 5876 τότε
1091 5822 1147 5876 ἁ.
1181 5824 1325 5894 vulg.
