4060 6424
473 347 615 415 1545

1675 351 2214 417 ΗῙΞΤΟΒῘᾹΗΗΜ
2259 354 2405 417 LIB.
2437 355 2503 417 V.

3599 351 3734 419 1546

412 532 417 537 η
462 462 718 534 καθάπερ
755 463 812 515 ἐν
857 461 1107 534 ὑπαίθρῳ
1153 464 1338 535 χωρίῳ
1384 463 1703 534 διορᾶσθαι,
1751 466 1848 519 καὶ
1898 460 2054 530 αὖθις

2159 466 2322 521 veluti
2351 463 2518 520 funda
2553 477 2618 517 ex
2650 461 2759 517 alto
2790 458 3028 525 emissae,
3064 460 3248 515 omnia
3281 458 3687 534 perfringebant
3716 480 3731 529 ;

460 554 663 627 ἀθρόον
706 556 765 619 ἐς
812 557 913 625 τὴν
957 556 1229 627 προτέραν
1260 556 1523 628 ξυνῄεσαν
1562 556 1847 629 ἁρμονίαν·
1890 558 1965 628 τιὴ
1988 556 2046 611 δὲ

460 647 646 711 κίονες
672 648 731 700 ἐν
776 646 1015 719 ὑπερῴῳ
1047 649 1155 701 τινὶ
1190 648 1453 720 δωματίῳ
1486 648 1783 720 ἱδρυμένοι,
1812 650 2047 720 ἁνηκον-

459 739 677 804 τίζοντο
727 741 793 811 τῇ
845 738 936 810 βίᾳ
976 740 1072 794 τοῦ
1119 739 1393 811 βρασμοῦ,
1450 742 1546 795 καὶ
1590 741 1717 805 τοὺς
1759 741 2050 813 ἐχομένους

460 830 649 893 οἴκους
681 830 1090 902 ὑπεραλάμενοι
1124 832 1215 884 ἐπὶ
1236 831 1362 895 τοὺς
1389 832 1749 905 πορρωτέρω,
1796 832 2051 903 καθάπερ

458 921 1032 994 διασφενδονηθέντες,
1076 925 1140 976 ἐκ
1188 924 1284 977 τοῦ
1338 925 1616 996 μετεώρου
1661 925 2050 997 κατεφέροντο,

462 1017 560 1068 καὶ
585 1015 806 1070 ᾶπαντα
843 1017 1214 1088 διερρήγνυον·
1249 1017 1325 1091 πὴ
1369 1018 1425 1072 δέ
1455 1018 1590 1073 ἄλλα
1616 1022 1753 1076 ἄττα
1781 1018 2053 1091 φρικωδέ-

464 1123 638 1178 στερα
681 1107 986 1173 ξυνέϐαινε,
1019 1109 1288 1180 γενόμενα
1332 1109 1432 1181 μὲν
1464 1110 1724 1174 πολλάκις
1762 1110 2052 1183 πρότερον,

462 1198 562 1254 καὶ
588 1200 676 1253 ἀεὶ
709 1200 946 1270 ἐσόμενα
991 1199 1101 1254 ἔστ’
1139 1201 1205 1254 ἂν
1236 1201 1309 1272 γῆ
1336 1219 1394 1256 τε
1492 1203 1586 1257 καὶ
1628 1202 1844 1274 φύσεως
1868 1205 2056 1275 ἀμαρ-

460 1291 706 1362 τήματα,
742 1290 863 1345 τότε
899 1291 956 1346 δὲ
989 1293 1130 1346 κατά
1157 1292 1219 1345 τὸ
1253 1293 1452 1364 μᾶλλον
1483 1293 1699 1348 ἅπαντα
1727 1293 1845 1366 ἅμα
1857 1293 1904 1327 ⁸⁸
1931 1311 2058 1348 συν-

462 1380 823 1453 ενηνεγμένα.
881 1383 1076 1454 Συχνο“ι
1141 1384 1198 1439 δὲ
1255 1384 1532 1457 ἄνθρωποι
1589 1385 1886 1457 τεθνήκασι
1947 1384 2057 1439 τῶν

463 1472 680 1528 πολλῶν
714 1491 774 1528 τε
803 1475 899 1528 καὶ
921 1478 1295 1548 ἠγνοημένων·
1329 1478 1438 1531 τῶν
1461 1495 1525 1548 γε
1556 1478 1662 1552 μὴν
1685 1477 1932 1532 δυνατῶν
1962 1477 2059 1532 καὶ

462 1568 528 1619 ἐν
556 1568 622 1638 τῇ
658 1566 951 1639 συγκλήτῳ
986 1568 1148 1641 βουλῇ
1188 1570 1697 1642 ἀναγεγραμμένων
1751 1568 2058 1624 Ἀνατόλιον

467 1657 631 1727 μόνον
666 1657 1032 1730 διαφθαρῆναι
1061 1659 1107 1690 ⁸³
1134 1658 1353 1730 ξυνέϐη,
1389 1660 1560 1732 ἄνδρα
1593 1661 1658 1731 τῇ
1685 1675 1746 1711 τε
1777 1657 1886 1712 τῶν
1915 1655 2060 1712 ὑπά-

462 1762 576 1799 των
626 1747 755 1818 ἀξίᾳ
805 1748 1192 1819 τετιμημένον,
1252 1748 1346 1801 καὶ
1395 1749 1533 1820 πρός
1589 1765 1653 1818 γε
1690 1749 1752 1801 τδ
1802 1747 2061 1818 φροντίδα

2150 555 2279 611 alibi
2314 569 2441 609 vero
2477 553 2583 608 alia
2617 549 2880 607 nonnulla
2916 553 3082 606 etiam
3131 550 3479 607 borribiliora
3513 555 3734 609 accide-

2151 656 2299 712 runt,
2355 661 2478 717 quae
2526 644 2743 714 quidem
2796 641 3115 711 frequenter
3156 650 3313 697 antea
3362 643 3732 715 contigerunt,

2153 753 2473 809 semperque
2504 736 2841 806 contingent,
2875 734 3116 805 quandiu
3150 743 3203 788 et
3232 744 3375 790 terra
3412 735 3518 791 erit
3549 744 3602 790 et
3635 753 3736 791 na~
3811 724 3817 739 ⁸

2154 838 2289 885 tura:
2320 837 2539 898 peccata
2571 845 2585 894 ;
2642 827 2737 882 sed
2773 835 2888 882 tum
2939 825 3021 881 vel
3062 826 3299 881 maxime
3330 828 3516 883 omnia
3570 831 3737 885 simul

2154 920 2490 976 acciderunt.
2555 917 2724 972 Multa
2765 933 2985 989 quoque
3036 917 3373 988 plebeiorum
3421 929 3584 991 atque
3634 922 3735 977 ob-

2155 1027 2444 1070 scurorum
2477 1011 2756 1067 hominum
2785 1011 2940 1065 turba
2966 1010 3155 1081 periit;
3188 1012 3552 1081 potentiorum
3580 1030 3732 1080 vero,

2153 1103 2356 1174 quique
2384 1103 2645 1158 senatorii
2674 1102 2884 1158 ordinis
2915 1111 3091 1170 erant,
3122 1103 3275 1159 solus
3291 1103 3580 1162 Anatolius
3606 1122 3737 1177 per-

2154 1194 2235 1262 iit,
2267 1195 2350 1248 vir
2378 1193 2652 1250 consulari
2681 1193 2944 1264 dignitate
2975 1195 3179 1261 clarus,
3210 1195 3420 1267 quique
3471 1207 3733 1268 pmterea

2158 1288 2431 1358 regiarum
2461 1286 2713 1341 aularum
2732 1300 2920 1340 curam
2942 1286 3181 1355 gerebat,
3199 1286 3429 1357 ejusque
3450 1285 3737 1344 facultates

2158 1377 2615 1445 administrabat;
2654 1385 2934 1433 curatores
2967 1390 3063 1431 eos
3114 1386 3312 1432 vocant
3344 1377 3598 1437 Romani.
3646 1380 3741 1435 Ille

2159 1470 2347 1540 itaque
2376 1469 2667 1524 Anatolius
2695 1469 2749 1523 in
2782 1475 3048 1523 consueto
3078 1467 3180 1523 sibi
3220 1469 3472 1526 cubiculo
3501 1472 3740 1527 dormir-

2158 1562 2272 1627 bat,
2307 1576 2432 1618 cum
2464 1576 2706 1616 marmor
2747 1560 3022 1631 quoddam
3057 1575 3123 1616 ex
3181 1560 3269 1630 iis,
3325 1577 3447 1632 quae
3496 1566 3745 1634 proxime

2159 1663 2279 1710 toro
2311 1668 2413 1711 suo
2446 1652 2678 1709 aedilicio
2712 1652 2817 1723 ipsi
2862 1652 3028 1706 inﬁxa
3058 1661 3237 1718 erant,
3284 1662 3585 1725 ornateque
3614 1671 3743 1726 pro-

2160 1753 2336 1811 tensa,
2366 1745 2549 1816 qualia
2574 1745 2743 1800 multa
2767 1755 2994 1800 ornatus
3016 1751 3071 1800 et
3103 1745 3525 1816 magniﬁcentiae
3554 1756 3746 1802 osten-

461 1838 714 1892 τίθεσθαι
762 1840 858 1893 καὶ
905 1841 1224 1911 ἐπιμέλειαν
1275 1842 1386 1895 τῶν
1429 1841 1693 1913 βασιλέως
1729 1842 1775 1873 ⁸ο
1803 1840 1968 1894 οἴκων
1995 1856 2056 1893 τε

2159 1836 2491 1906 tationisque
2517 1851 2684 1891 causa
2721 1835 2893 1890 muris
2919 1834 3167 1906 adaptari
3196 1836 3373 1891 solent
3407 1837 3476 1892 ab
3508 1838 3599 1905 iis,
3651 1839 3746 1910 qui

467 1931 567 1983 καὶ
595 1930 894 2002 κτημάτων
923 1931 1100 2002 ἀρχὴν
1117 1933 1388 2004 εἰληχότα,
1416 1933 1788 2004 Κουράτωρας
1838 1930 1897 1984 δὲ
1934 1930 2059 1984 τού-

469 2036 597 2084 τους
635 2021 860 2076 καλοῦσι
900 2023 1181 2094 Ῥωμαῖοι.
1217 2024 1449 2087 Ἐκεῖνος
1484 2022 1549 2094 δὴ
1574 2018 1667 2077 οὗν
1692 2024 1720 2077 ὁ
1756 2021 2061 2084 Ἀνατόλιος

474 2112 743 2185 ἐτύγχανε
788 2115 884 2185 μὲν
928 2113 1204 2169 καθεύδων
1247 2113 1329 2187 [Ρ.
1390 2113 1514 2186 147]
1551 2115 1611 2169 ἐν
1644 2113 1723 2183 τῷ
1765 2114 2060 2185 εἰθισμένῳ

477 2206 729 2278 θαλάμῳ,
764 2207 1057 2278 μάρμαρον
1112 2207 1170 2261 δέ
1195 2226 1248 2261 τι
1277 2207 1387 2262 τῶν
1417 2206 1784 2279 πλησιαίτατα
1810 2206 1910 2278 τῆς
1943 2205 2061 2260 κλί-

473 2314 576 2368 νης
604 2299 1073 2370 προσπεπηγότων
1098 2302 1164 2371 τῇ
1186 2299 1469 2370 οἰκοδομίᾳ
1497 2339 1512 2361 ,
1554 2301 1650 2352 καὶ
1679 2296 1974 2368 εὐπρεπῶς
2012 2297 2055 2327 ⁸¹

469 2389 955 2460 παρατεταμένων,
995 2392 1155 2445 ὁποῖα
1190 2390 1362 2445 πολλά
1394 2393 1451 2454 ἐς
1473 2390 1681 2461 κόσμου
1723 2390 1818 2444 καὶ
1840 2388 2060 2442 πολυτε-

466 2475 621 2543 λείας
677 2480 938 2547 ἐπίδειξιν
997 2481 1372 2537 κατακολὶιῶσι
1433 2485 1546 2546 τοῖς
1588 2481 1791 2552 τοίχοις
1822 2482 1871 2534 οἱ
1920 2481 2059 2552 πρὸς

466 2568 643 2623 ταῦτα
673 2570 737 2642 δὴ
778 2571 847 2625 τὰ
888 2573 1122 2645 περιττά
1151 2573 1247 2627 καὶ
1268 2573 1368 2627 οὐκ
1407 2573 1685 2641 ἀναγκαῖα
1720 2569 2059 2642 ποικίλματα

2161 1928 2580 2000 supervacaneis
2633 1929 2782 1985 hisce
2821 1927 3155 1998 minimeque
3202 1930 3535 1986 necessariis
3577 1946 3747 1986 orna-

2161 2020 2360 2076 mentis
2391 2036 2556 2091 supra
2591 2020 2813 2075 modum
2860 2019 3245 2075 obiectantur:
3289 2020 3443 2090 illud,
3497 2023 3745 2093 inquam,

2162 2126 2525 2166 marmoreum
2555 2112 2788 2181 pondus,
2828 2110 3123 2181 abruptum
3165 2111 3214 2165 vi
3268 2113 3642 2169 suceussionis
3689 2125 3748 2170 et

2163 2206 2281 2260 loco
2307 2219 2409 2260 suo
2446 2202 2611 2275 285
2647 2214 2877 2272 motum,
2906 2205 2961 2259 in
2993 2205 3169 2276 ipsius
3197 2215 3362 2276 caput
3394 2208 3620 2274 corruit,
3662 2216 3750 2263 to-

2164 2304 2389 2366 tumque
2419 2295 2706 2367 confregit.
2739 2297 2917 2366 Atque
2946 2296 3038 2351 hic
3068 2296 3290 2367 quidem
3323 2313 3449 2353 cum
3477 2299 3749 2354 tantulum

2164 2385 2425 2456 temporis
2452 2384 2622 2455 plagae
2658 2384 2736 2439 illi
2764 2385 3176 2455 supervixisset,
3217 2396 3276 2440 ut
3303 2402 3522 2456 gravem
3551 2403 3751 2458 quem-

2163 2478 2288 2532 dam
2339 2487 2394 2532 et
2440 2492 2505 2533 ex
2553 2477 2666 2532 imo
2712 2487 2932 2547 pectore
2964 2476 3188 2532 ductum
3226 2477 3485 2547 gemitum
3539 2478 3749 2544 ederet,

2165 2583 2361 2624 rursus
2394 2568 2448 2622 in
2482 2568 2684 2624 lectulo
2711 2567 2989 2633 decubuit,
3021 2575 3197 2622 morte
3220 2583 3536 2639 oppressus.

469 2662 620 2734 πέρα
665 2663 759 2717 τοῦ
821 2665 1048 2736 μετρίου
1093 2664 1500 2737 διακεχηνὸτεςο
1550 2665 1726 2718 ἐκεῖνο
1803 2663 1869 2737 δὴ
1933 2657 2028 2718 οὖν
2071 2659 2134 2715 τδ
2169 2659 2336 2732 ἄχθος
2382 2659 2702 2732 ἀπορραγὲν
2754 2659 2861 2713 ὑπὸ
2892 2658 2985 2713 τοῦ
3041 2658 3206 2713 σάλου
3261 2659 3358 2713 καὶ
3412 2660 3707 2732 ἀφειμένον
3734 2674 3749 2688 ·

467 2755 738 2825 ἐμπίπτει
773 2772 838 2825 γε
867 2756 1017 2826 αὐτῷ
1049 2757 1193 2827 ἀμφὶ
1224 2759 1292 2829 τῇ
1333 2757 1544 2829 κεφαλῇ
1578 2758 1624 2790 ⁶¹
1689 2755 1785 2810 καὶ⁵
1828 2753 2094 2824 κατέαξεν
2132 2754 2374 2809 ἃπασαν.
2419 2754 2529 2807 Καὶ
2584 2756 2613 2807 δ
2658 2752 2757 2824 μὲν
2780 2753 2860 2816 είς
2884 2751 3140 2806 τοσοῦτον
3179 2753 3339 2824 μόνον
3376 2754 3620 2826 ἀρκέσας
3655 2744 3752 2811 ἐπι

466 2846 541 2917 τῇ
566 2845 748 2917 πληγῇ
771 2848 852 2911 είς
879 2847 1004 2901 ὅσον
1048 2846 1351 2919 ἀνοιμῶξαι
1374 2845 1512 2918 βαρύ
1532 2864 1585 2901 τι
1623 2848 1714 2900 καὶ
1738 2845 2088 2918 ὑποκάρδιον,
2130 2844 2297 2899 πάλιν
2358 2843 2447 2897 ἐπ’
2476 2842 2649 2916 αὐτῆς
2683 2841 2863 2896 ἔκειτο
2891 2842 2987 2914 τῆς
3015 2843 3196 2913 εὐνῆς,
3218 2842 3297 2915 τῷ
3329 2842 3546 2917 θανάτῳ
3581 2862 3751 2902 πεπι-

468 2938 541 3011 λη
550 2939 724 3009 μένος.

546 3032 609 3088 δ’.
676 3032 815 3103 Ἤδη
868 3032 925 3087 δὲ
970 3033 1187 3107 ἡμέρας
1234 3033 1612 3106 ἐπιφανείσης,
1673 3033 2056 3106 ἀσμενέστατα

2231 3031 2285 3086 4.
2329 3027 2426 3083 Die
2457 3042 2587 3083 vero
2611 3026 2726 3097 jam
2782 3026 3149 3093 illucescente,
3203 3028 3562 3085 libentissime
3609 3032 3752 3087 ami-

473 3120 706 3177 ἐθεῶντο
720 3122 983 3194 ἀλλήλους
1007 3123 1434 3188 ὑπαντιάζοντες
1457 3126 1507 3178 οἱ
1545 3125 1788 3194 φίλτατοι
1822 3125 1915 3178 καλ⁵
1940 3124 2062 3189 ξυν-

472 3213 649 3285 ήθεις,
684 3214 781 3268 καὶ⁸
826 3214 924 3269 σὺν
952 3213 1248 3285 ὀλοφυρμῷ
1304 3213 1706 3286 ἐμπλεκόμενοι
1750 3213 2062 3286 ἠσπάζοντο

474 3307 620 3378 σφᾶς
674 3306 752 3370 ὡς
802 3304 1055 3373 ἕκαστοι,
1108 3306 1360 3379 ἡδόμενοι
1404 3324 1463 3360 τε
1510 3307 1628 3378 ἅμα
1679 3308 1725 3340 ⁸³
1774 3306 1869 3360 καὶ
1928 3307 2060 3361 ἀπι-

474 3398 751 3463 στοῦντες.
806 3398 963 3453 Ἐπεὶ
1002 3398 1061 3452 δὲ
1099 3398 1403 3462 Ἀνατόλιος
1445 3399 1638 3469 νεκρὸς
1663 3399 1893 3470 ἐφέρετο
1918 3439 1932 3463 ,
1967 3398 2059 3451 καὶ

470 3491 570 3544 ἐπὶ
592 3489 691 3562 τὴν
726 3491 905 3564 ταφὴν
950 3489 1248 3562 ἀπεχώρει,
1304 3492 1427 3543 τότε
1467 3490 1531 3563 δὴ
1572 3490 1705 3545 ἔνιοι
1744 3491 1840 3544 τοῦ
1866 3490 2058 3562 ὁμίλου

470 3581 844 3652 διεθρύλλουν,
882 3581 959 3646 ὡς
1017 3582 1127 3652 ἄρα
1179 3580 1516 3636 ἐνδικώτατα
1562 3581 1647 3654 εἴη
1690 3581 2054 3654 ἀνῃρημένος,

471 3673 663 3738 ἄδικός
692 3691 751 3729 τε
770 3675 827 3738 ἐς
851 3674 920 3729 τά
964 3674 1203 3744 μάλιστα
1241 3674 1483 3744 γεγονὼς
1505 3675 1600 3729 καὶ
1630 3674 1857 3739 πολλοὺς
1887 3675 2058 3729 πολλὰ

471 3768 575 3821 ὅσα
618 3765 664 3799 ⁸⁸
706 3766 815 3821 τῶν
859 3768 1076 3822 οἰκείων
1121 3768 1495 3839 ἀφῃρημένος,
1516 3768 1600 3822 ὅτι
1627 3784 1687 3822 τε
1720 3769 1777 3822 αἱ
1816 3769 2059 3838 γραπταὶ

474 3858 690 3923 σανίδες
737 3860 945 3914 ἐκεῖναι
976 3860 1071 3913 καὶ
1126 3859 1196 3912 τὰ
1245 3858 1388 3931 ῥάκη
1414 3860 1484 3914 τὰ
1510 3859 1880 3930 ὑποπόρφυρα
1923 3859 1982 3923 ἐς
2010 3860 2056 3892 ⁸⁸

476 3952 599 4005 τόδε
640 3952 789 4025 αὐτῷ
821 3952 1288 4026 ἀπετελεύτησαν,
1336 3952 1376 4008 ἀ
1397 3952 1463 4025 δὴ
1497 3953 1668 4008 πολλά
1692 3955 1804 4017 τοῖς
1832 3952 1942 4006 τῶν
1964 3953 2057 4007 εὐ-

477 4042 744 4113 δαιμόνων
793 4043 963 4108 οἴκοις
1013 4043 1165 4115 θαμά
1211 4044 1499 4111 ἐπέϐαλλε,
1548 4043 1648 4114 τὴν
1678 4045 1760 4108 είς
1821 4043 2055 4115 βασιλέα

476 4134 693 4190 εὖνοιαν
721 4136 1118 4208 προϊσχόμενος
1145 4179 1161 4204 ,
1199 4138 1292 4191 καὶ
1319 4137 1493 4209 ταύτῃ
1521 4135 1740 4191 ἅπαντα
1780 4137 2059 4208 ἐσφετερίι

474 4227 600 4295 ζετο
618 4268 634 4293 ,
664 4227 985 4300 βιαζόμενος
1014 4229 1113 4300 μὲν
1150 4229 1376 4301 ἀναίδην
1403 4231 1449 4263 ³⁸
1476 4230 1572 4284 καὶ
1608 4230 1961 4303 ἀναρρηγνὺς
1989 4229 2056 4284 τὰ

473 4319 820 4392 βουλεύματα
883 4320 994 4374 τῶν
1055 4322 1454 4392 ἀποιχομένων,
1513 4321 1725 4393 χαίρειν
1773 4321 1832 4375 δὲ
1882 4320 2056 4375 πολλὰ

2162 3120 2374 3177 cissimi
2407 3133 2471 3175 ac
2517 3117 2817 3173 familiares
2849 3132 2971 3173 sese
3011 3127 3203 3174 mutuo
3253 3122 3552 3192 conspicati
3598 3135 3748 3193 sunt,

2160 3215 2377 3271 obviam
2410 3212 2502 3266 alii
2551 3210 2675 3266 aliis
2718 3208 2869 3276 facti,
2918 3202 3151 3267 etcum
3186 3214 3400 3283 ploratu
3447 3215 3598 3286 ipsos
3630 3233 3752 3272 amo

2161 3308 2442 3377 plexantes
2475 3302 2959 3369 exosculabantur,
3006 3313 3194 3373 utpote
3241 3306 3542 3375 gaudentes
3584 3309 3751 3364 simul

2159 3408 2215 3454 et
2243 3397 2574 3454 diffidentes.
2608 3396 2746 3452 Cum
2779 3405 2957 3448 autem
2985 3395 3222 3451 Anatolii
3254 3396 3419 3453 funus
3461 3398 3752 3456 efferretur

2162 3506 2226 3546 ac
2258 3489 2604 3560 sepeliretur,
2651 3496 2767 3543 tum
2818 3501 2949 3541 vero
2983 3487 3206 3556 quidam
3242 3504 3271 3543 e
3315 3490 3473 3545 turba
3526 3507 3751 3563 sparge-

2162 3584 2295 3637 bant
2323 3582 2378 3636 in
2408 3580 2628 3659 vulgus,
2655 3596 2781 3636 cum
2811 3580 3121 3650 justissime
3151 3596 3182 3636 e
3226 3582 3406 3636 medio
3442 3583 3743 3646 sublatum.

2159 3677 2358 3747 quippe
2384 3674 2478 3744 qui
2510 3672 2909 3743 injustissimus
2934 3671 3148 3736 fuisset,
3181 3675 3488 3744 multosque
3516 3690 3746 3731 suorum

2160 3765 2463 3822 amicorum
2492 3763 2812 3835 spoliasset;
2858 3765 3113 3835 quodque
3148 3764 3253 3818 illa:
3285 3766 3502 3835 scriptae
3535 3767 3748 3823 tabella:

2158 3868 2215 3914 et
2237 3856 2601 3928 subpu'rpurei
2635 3855 2798 3927 panni
2832 3855 3216 3923 huncexitum
3238 3856 3578 3925 habuissent,
3604 3875 3747 3928 quos

2159 3948 2251 4004 ille
2299 3945 2615 4017 frequenter
2676 3944 3082 4015 opulentiorum
3140 3945 3394 4001 domibus
3442 3948 3746 4024 imposuit,

2156 4048 2464 4111 praetexens
2490 4038 2920 4095 benevolentiam
2952 4053 3079 4108 erga
3112 4037 3494 4107 imperatorem
3522 4058 3537 4105 ;
3569 4057 3745 4111 eaque

2158 4134 2370 4189 ratione
2414 4133 2600 4188 omnia
2651 4131 2754 4187 sibi
2801 4131 3148 4202 corrogabat,
3198 4131 3511 4188 convellens
3560 4133 3743 4204 impu-

2158 4227 2349 4282 denter
2397 4233 2454 4281 et
2502 4225 2785 4296 resignans
2838 4232 3116 4280 extremas
3161 4232 3503 4279 mortuorum
3548 4225 3745 4281 volun-

2159 4325 2318 4380 tates,
2353 4315 2563 4387 legibus
2602 4315 2826 4385 longum
2851 4314 3031 4369 valere
3059 4314 3252 4385 jussis,
3285 4330 3407 4385 quae
3435 4315 3642 4382 volunt,
3685 4325 3746 4371 ut

470 4411 649 4481 λέγων
694 4415 808 4477 τοῖς
834 4412 1041 4485 νόμοις,
1077 4413 1127 4466 οἳ
1177 4413 1242 4484 δὴ
1282 4413 1411 4478 τοὺς
1451 4413 1649 4476 παῖδας
1696 4413 1797 4483 κλη
1809 4394 2055 4483 ρονομέίν

2158 4409 2312 4465 liberi
2349 4417 2639 4480 parentum
2674 4424 2898 4465 suorum
2941 4407 3084 4463 bona
3126 4408 3441 4463 haereditate
3490 4420 3740 4466 cernant.

470 4504 720 4560 ἐθέλουσι
768 4505 868 4576 τῆς
925 4504 1036 4559 τῶν
1083 4505 1370 4574 φυσάντων
1425 4504 1762 4577 περιουσίας.
1815 4503 2055 4558 Τοιαῦτα

2161 4499 2314 4556 Talia
2348 4503 2534 4571 itaque
2565 4501 2705 4572 apud
2742 4500 2940 4571 vulgus
2992 4499 3445 4565 susurrabantur,
3499 4502 3745 4573 tantique

477 4596 576 4666 μὲν
616 4590 711 4650 οὖν
770 4596 829 4649 ἐν
873 4597 985 4659 τοῖς
1031 4594 1293 4679 πλήθεσιν
1334 4594 1705 4668 ἐψιθυρίζετο,
1750 4595 1844 4648 καὶ
1883 4594 2056 4648 ἐδόκει

2162 4594 2290 4648 mali
2330 4608 2498 4649 causa
2527 4594 2811 4664 explorata
2849 4599 3241 4661 compertaque
3288 4606 3411 4647 esse
3441 4592 3745 4648 videbatur.

473 4686 751 4757 διαφανῶς
798 4689 832 4759 ἡ
886 4687 1035 4742 αἰτία
1080 4689 1175 4742 τοῦ
1228 4687 1637 4759 ξυνενεχθέντος
1680 4685 1943 4758 εὑρῆσθαι
1983 4686 2053 4739 ⁸⁷.

2164 4689 2275 4759 Ego
2307 4701 2438 4741 vero
2468 4686 2536 4741 de
2567 4684 2654 4741 his
2686 4684 3031 4739 vehementer
3073 4683 3240 4754 286
3276 4683 3512 4754 ambigo,
3567 4699 3750 4752 neque

485 4775 629 4845 Ἐγὼ
670 4777 728 4831 δὲ
773 4778 918 4849 ἀμφὶ
953 4779 1126 4833 ταῦτα
1172 4780 1291 4833 λίαν
1338 4780 1601 4852 διαπορῶ,
1655 4782 1750 4834 καὶ
1804 4781 1904 4834 οὐκ
1949 4780 2056 4857 ἔχω

2164 4795 2387 4847 possum
2432 4777 2709 4833 affirmare
2758 4791 2864 4846 qua
2934 4775 3148 4831 ratione
3196 4777 3536 4846 contingant.
3588 4775 3750 4833 Esset

472 4870 947 4941 ἀπισχυρίσασθαι
971 4909 986 4932 .
1034 4871 1141 4940 ὅτῳ
1175 4870 1241 4942 δὴ
1277 4871 1466 4942 τρόπῳ
1499 4869 1808 4940 συμϐαίνει.
1842 4866 1918 4924 Ἦ
1946 4872 2054 4942 γὰρ

2161 4871 2307 4924 enim
2341 4870 2585 4940 profecto
2620 4880 2776 4925 teme
2805 4877 2991 4924 motus
3029 4882 3118 4923 res
3157 4868 3416 4939 optabilis
3443 4882 3749 4939 magnaque

472 4959 542 5014 ἂν
576 4962 771 5014 εὐκτόν
803 4979 855 5016 τι
883 4965 1074 5034 χρῆμα
1106 4958 1173 5034 ἦν
1214 4965 1243 5016 δ
1276 4963 1499 5034 σεισμὸς
1548 4965 1642 5017 καὶ
1671 4962 1868 5017 πολλοῦ
1907 4963 2056 5030 ἄξιος

2162 4963 2321 5018 laude
2347 4963 2531 5033 digna,
2580 4962 2627 5017 si
2675 4968 2861 5016 nosset
2895 4960 3206 5015 discernere
3257 4960 3430 5014 malos
3477 4976 3506 5014 a
3561 4959 3743 5023 bonis,

472 5052 700 5106 ἐπαίνου
724 5095 738 5118 ,
790 5053 908 5122 εἴγε
953 5053 1247 5126 διακρίνειν
1277 5056 1548 5125 ἠπίστατο
1585 5056 1712 5117 τοὺς
1752 5054 2056 5126 μοχθηροὺς

2165 5063 2327 5119 atque
2358 5053 2478 5108 illos
2509 5052 2730 5122 quidem
2762 5051 2907 5106 male
2960 5050 3226 5121 perderet,
3265 5051 3350 5105 his
3381 5064 3505 5104 vero
3548 5064 3742 5120 parce-

472 5144 589 5196 ἀπὸ
612 5143 724 5198 τῶν
747 5143 993 5215 ἀγαθῶν,
1022 5145 1263 5208 καὶτοὺς
1290 5146 1388 5215 μὲν
1410 5145 1601 5216 ἀνῄρει
1631 5145 1841 5209 κακῶς,
1864 5148 1974 5208 τοῖς
2002 5144 2056 5197 δὲ

2167 5161 2247 5199 ret
2276 5155 2439 5215 atque
2468 5145 2793 5214 indulgeret.
2828 5143 2990 5212 Atqui
3023 5151 3083 5197 ut
3112 5143 3347 5197 maxime
3379 5144 3480 5195 hoc
3527 5142 3742 5207 demus,

473 5235 764 5289 ἐσπένδετο
797 5236 904 5290 θκαὶ
951 5235 1259 5307 ξυνεχώρει.
1298 5237 1495 5295 ¹Καίτοι
1540 5236 1587 5289 εί
1629 5238 1721 5290 καὶ
1766 5237 1947 5289 ἄδικον
1981 5235 2056 5297 ὡς

2165 5236 2425 5305 injustum
2475 5236 2628 5289 illum
2659 5233 2851 5299 fuisse,
2879 5232 2976 5288 sed
3004 5242 3159 5287 erant
3200 5232 3315 5297 alii,
3358 5230 3744 5302 quamplurimi
3830 5256 3833 5259 ·

1795 5410 2023 5466 VARle
2060 5410 2462 5466 LECTIONES.

546 5591 593 5625 ⁵⁵
616 5594 734 5665 ἅμα
752 5608 864 5648 om.
891 5593 960 5647 R.
990 5593 1363 5665 συνηνεγμένα
1387 5594 1511 5649 edd.
1589 5594 1634 5625 ⁵³
1649 5593 2016 5663 διαφθαρῆναι
2035 5592 2101 5658 R,
2123 5593 2404 5665 φθαρῆναι
2424 5594 2569 5664 vulg.
2648 5594 2692 5665 ἕο
2709 5594 2977 5665 βασιλέων
2990 5595 3056 5665 Β.
3131 5593 3173 5629 ’ί
3206 5589 3652 5665 παρατεταμένον
3674 5588 3743 5645 Β.

469 5664 520 5698 θ’
553 5662 698 5734 ἀμφὶ
742 5666 810 5735 τῇ
846 5682 972 5733 κεφ.
1006 5664 1073 5725 li,
1097 5662 1191 5718 ἐπὶ
1212 5668 1278 5735 τῇ
1313 5681 1368 5718 κ.
1405 5666 1552 5731 vulg.
1620 5733 1628 5735 4
1664 5665 1709 5695 ⁵³
1731 5662 1990 5734 ἆμαοιιι.
2030 5664 2101 5735 ιι.
2140 5662 2143 5663 ⁷
2215 5663 2261 5695 ⁸⁵
2294 5662 2725 5735 πολλοὺςπολλὰ
2775 5666 2897 5718 ὅσα.
2946 5664 3039 5718 Sic
3094 5662 3351 5735 corrcxi,_-
3382 5662 3747 5735 intpr._qmmt

472 5730 661 5788 multis
695 5730 888 5805 multa,
923 5730 1094 5788 πολλὰ
1121 5737 1223 5787 ὅσα
1254 5730 1321 5797 Ῑι,
1358 5730 1583 5796 πολλοὺς
1614 5730 1944 5803 ὅσουςνιιιε.
2020 5734 2065 5805 f'
2096 5736 2175 5805 εἰς
2206 5748 2304 5802 pro
2325 5735 2381 5796 ἐς
2406 5733 2529 5788 Par.
2560 5735 3008 5805 ἀπετελεύτησεν.
3088 5736 3133 5766 ⁸⁸
3164 5731 3519 5803 impudentius
3552 5730 3746 5800 inuita,

472 5805 673 5875 ἀνέδην
712 5802 779 5859 Β.
816 5814 870 5860 et
900 5806 1044 5874 vulg.
1150 5807 1194 5837 ⁸⁷
1230 5805 1321 5858 τοῦ
1359 5805 1469 5869 ξυν.
1500 5805 1617 5873 εὑρ.
1659 5805 1723 5868 ll,
1780 5802 1915 5875 εὑρέ
1960 5804 2051 5857 τοῦ
2108 5804 2218 5869 ξυν.
2257 5805 2401 5874 vulg.

768 5901 1035 5961 Ριιτιιιη⁴
1075 5901 1165 5958 (in
1223 5899 1625 5960 LXXXVIII.
3434 5891 3506 5953 49
