4060 6468
392 331 523 394 1551

1577 332 1932 392 ΑΟΛΤΗΙίΕ
1974 331 2461 393 SCHOLASTICI

3513 336 3650 405 1552

385 441 719 517 Olympium,
764 438 939 507 legum
991 438 1374 494 exercitatione
1411 447 1464 493 et
1503 437 1799 495 forensium
1838 456 1969 496 con-

2077 443 2301 513 ἀσκήσει
2325 442 2419 495 καὶ
2440 441 2666 511 ἀγώνων
2696 441 3027 496 δικαστικῶν
3059 444 3322 517 ἐμπειρίᾳ
3352 463 3644 521 προσεσχη.
3701 460 3721 520 ί,

386 534 779 590 troversiarum
830 530 1155 584 tractatione
1202 530 1504 601 peritiaque
1551 530 1798 598 clarum;
1829 547 1965 601 pra:-

388 638 536 683 terea
567 624 890 680 Dioscorum
928 634 982 679 ct
1032 623 1424 690 Alexandrum,
1467 630 1763 694 utrumque
1794 624 1966 680 medi-

386 736 467 777 ca:
502 719 639 775 artis
687 718 1096 789 peritissimum.
1151 717 1326 787 Atque
1350 732 1414 772 ex
1466 716 1552 773 his
1586 717 1806 788 quidem
1841 717 1968 772 Dio-

370 827 581 867 xscorus
620 813 671 864 in
705 810 877 881 patria
912 808 1063 873 vixit,
1114 815 1169 864 et
1206 808 1465 878 praeclara
1494 809 1663 864 edidit
1693 810 1827 865 artis
1855 824 1969 865 suae

388 910 748 968 documenta;
800 903 937 956 alter
973 916 1101 957 vero
1145 902 1199 956 in
1245 901 1415 956 veteri
1454 900 1628 956 Roma
1683 900 1964 968 habitavit,

374 998 691 1053 honorifice
732 994 1022 1050 admodum
1069 1004 1350 1049 evocatus.
1384 993 1663 1049 Anthemii
1692 1003 1872 1048 autem
1915 1003 1970 1049 et

388 1087 681 1145 Metrodori
715 1087 883 1158 gloria
922 1103 985 1142 ac
1035 1085 1177 1141 fama
1209 1102 1333 1141 eum
1371 1088 1531 1159 longe
1572 1086 1785 1158 lateque
1825 1098 1970 1143 esset

387 1186 701 1249 propagata,
752 1177 817 1231 ad
864 1176 1039 1247 ipsum
1080 1178 1243 1231 etiam
1286 1177 1668 1248 imperatorem
1702 1177 1967 1248 pervenit.

387 1269 653 1338 Quocirca
682 1267 1000 1341 Byzantium
1049 1269 1301 1327 accersiti
1338 1280 1627 1336 venerunt,
1670 1271 1969 1341 reliquam-

387 1378 493 1433 que
515 1362 680 1416 vitam
713 1362 783 1415 ibi
829 1372 1235 1431 transrgrrunt,
1277 1363 1512 1417 maxima
1545 1371 1771 1434 uterque
1804 1362 1971 1416 virtu-

387 1455 455 1508 tis
488 1452 719 1523 propriae
742 1453 939 1507 indit-ia
968 1454 1082 1508 sive
1116 1438 1417 1523 specimina
1447 1455 1701 1523 edentes;
1739 1454 1826 1510 hic
1851 1454 1972 1525 qui-

382 1537 507 1599 dem
561 1544 764 1598 mullos
807 1544 1035 1613 juvenes
1087 1545 1349 1600 nobilium
1396 1545 1539 1601 filios
1588 1545 1866 1607 erudiens.
1917 1554 1973 1600 et

378 1630 766 1706 pulcherrima:
812 1635 955 1690 illius
984 1636 1311 1706 ‘disciplinze
1358 1636 1650 1706 participes
1693 1635 1967 1704 efﬁciens;

2068 534 2200 585 κότα
2218 533 2298 565 “-
2349 535 2445 588 καὶ
2496 533 2633 603 πρός
2683 551 2748 603 γε
2796 534 3086 606 Διόσκορον
3135 537 3231 589 καὶ
3281 537 3646 609 Ἀλέξανδρον,

2066 624 2232 695 ἄμφω
2264 626 2516 697 ἰατρικῆς
2542 626 2986 697 δαημονεστάτω.
3017 627 3239 681 Τούτων
3267 629 3325 681 δέ
3364 629 3649 700 Διόσκορος

2070 718 2167 786 μὲν
2198 718 2256 769 ἐν
2283 720 2348 788 τῇ
2383 718 2602 788 πατρίδι
2627 718 2886 783 κατεϐίω,
2918 719 2986 772 τὰ
3038 721 3103 773 ἐκ
3133 720 3233 791 τῆς
3274 722 3477 791 τέχνης
3512 722 3653 790 μάλα

2067 809 2339 879 εὐστόχως
2380 810 2827 881 ἐπιδεικνύμενος
2873 811 3048 884 ἔργα·
3107 812 3302 882 ἅτερος
3362 812 3421 866 δέ
3482 816 3541 867 ἐν
3587 819 3651 887 τῇ

2068 902 2388 974 πρεσϐύτιδι
2443 902 2627 973 Ῥώμῃ
2674 901 2995 974 κατῴκησεν
3045 904 3377 975 ἐντιμότατα
3394 905 3441 938 ⁸⁷
3492 923 3653 976 μετα-

2068 994 2240 1064 κεκλη
2252 994 2429 1065 μένος.
2483 995 2767 1066 ’Δνθεμίου
2792 995 2851 1048 δὲ
2893 996 2989 1049 καὶ
3016 995 3387 1067 Μητροδώρου
3416 999 3479 1051 τὺ
3504 998 3655 1063 κλέος

2070 1086 2387 1157 ἁπανταχοῦ
2416 1088 2836 1158 περιαγόμενον,
2868 1090 2963 1141 καὶ
2995 1090 3073 1151 εἰς
3112 1088 3277 1141 αὑτὸν
3306 1091 3540 1158 ἀφῖκται
3568 1091 3659 1144 τὸν

2070 1174 2313 1245 βασιλέα.
2346 1178 2635 1246 Τοιγάρτοι
2663 1179 3044 1249 μετάπεμπτοι
3074 1180 3133 1231 ἐν
3164 1178 3451 1250 Βυζαντίῳ
3483 1197 3659 1252 παρα-

2070 1267 2387 1339 γενόμενοι,
2437 1270 2533 1323 καὶ
2578 1271 2745 1323 αὐτοῦ
2799 1270 2892 1324 τὸν
2941 1270 3263 1342 λειπόμενον
3310 1271 3660 1335 διανύσαντες

2073 1358 2208 1429 βίον,
2236 1360 2471 1431 μέγιστα
2493 1362 2755 1434 ἑκάτερος
2773 1363 2873 1433 τῆς
2904 1361 3041 1426 ἰδίας
3071 1363 3275 1434 ἀρετῆς
3297 1364 3663 1436 γνωρίσματα

2071 1454 2458 1524 παρεστήσατο
2478 1471 2493 1485 ·
2528 1455 2556 1506 ὁ
2592 1454 2692 1524 μὲν
2724 1454 2879 1518 νέους
2910 1453 3139 1518 πολλοὺς
3179 1454 3288 1508 τῶν
3316 1454 3662 1526 εὐπατριδῶν

2074 1543 2158 1617 [Ρ.
2194 1544 2321 1619 150]
2372 1545 2759 1611 ἐκπαιδεύσας,
2810 1547 2906 1600 καὶ
2952 1546 3052 1617 τῆς
3106 1546 3407 1617 παγκάλης
3451 1545 3664 1617 ἐκείνης

2076 1636 2339 1706 μεταδοὺς
2386 1636 2759 1700 διδασκαλίας,
2807 1636 2882 1701 ὡς
2915 1637 3009 1692 καὶ
3052 1637 3218 1692 πόθον
3257 1638 3440 1692 ἅπασι
3477 1638 3540 1691 τὸ
3570 1639 3663 1709 μέ-

386 1728 523 1782 adco
574 1735 645 1781 ut”
672 1727 976 1781 litterarum
1028 1727 1464 1797 eloquentiaeque
1514 1726 1846 1783 desiderium
1906 1742 1971 1783 ac

2077 1746 2167 1799 po;
2181 1730 2226 1762 ³⁸
2264 1729 2522 1799 ἐμϐαλεῖν
2548 1729 2650 1800 τῆς
2688 1731 2829 1802 ἀμφὶ
2859 1731 2986 1795 τοὺς
3025 1730 3216 1800 λόγους
3246 1711 3609 1800 ἐπιμελείαςλ
3637 1732 3665 1785 ό

386 1819 627 1874 studium
667 1819 944 1885 omnibus,
976 1795 1252 1888 quantum
1294 1795 1527 1890 poterat,
1557 1820 1807 1890 injiceret
1836 1840 1848 1875 :
1887 1821 1968 1874 al-

2077 1795 2143 1874 δέσ
2180 1795 2459 1891 θαυμάσια
2499 1795 2664 1890 ἡλίκα
2708 1795 3171 1895 δημιουργήματα
3201 1795 3365 1876 κατά
3380 1822 3431 1855 ⁸⁸
3472 1840 3533 1876 τε
3559 1795 3667 1894 τὴν

387 1920 471 1963 ter
504 1924 634 1963 vero
661 1924 887 1964 summa:
912 1909 1290 1965 admirationis
1315 1906 1553 1965 fabricas
1575 1925 1702 1965 cum
1731 1910 1784 1964 in
1814 1911 1966 1977 urbe,

385 2008 502 2053 tum
532 2000 651 2055 aliis
691 2000 1111 2070 quamplurimis
1158 2000 1212 2054 in
1264 1999 1396 2055 locis
1427 2001 1783 2070 conficiebat;
1823 2018 1964 2072 quzc,

387 2093 624 2148 arbitror
647 2133 661 2158 ,
712 2092 923 2148 etiamsi
956 2092 1025 2147 de
1063 2092 1131 2148 iis
1160 2092 1298 2146 nihil
1328 2091 1561 2158 dicatur,
1595 2108 1690 2163 per
1730 2108 1797 2149 se
1839 2094 1969 2163 ipsae

388 2184 662 2241 sufﬁciunt
704 2184 770 2239 ad
808 2192 1124 2254 perpetuam
1181 2184 1228 2238 ei
1265 2184 1494 2255 gloriam
1544 2185 1966 2249 conciliandam,

386 2279 627 2349 (ptandiu
660 2277 906 2332 steterint
926 2278 1195 2345 salvaeque
1224 2276 1444 2337 fuerint,
1480 2276 1770 2342 Caeterum,
1802 2293 1968 2347 quam

386 2374 458 2427 ob
487 2386 708 2427 causam
746 2370 909 2440 hujus
952 2369 1051 2423 viri
1097 2368 1425 2444 mentionem
1474 2367 1716 2435 fecerim,
1745 2370 1797 2425 id
1827 2385 1857 2424 a
1883 2385 1971 2425 me

386 2465 546 2536 291
585 2472 639 2519 et
678 2463 892 2535 quidem
928 2462 1113 2517 statim
1163 2462 1391 2517 dicetur.
1431 2460 1563 2516 Erat
1598 2460 1842 2533 Byzantii
1890 2462 1972 2515 vir

385 2558 609 2627 quidam
652 2553 873 2608 nomine
917 2549 1085 2616 Zeno,
1127 2551 1409 2607 rhetorum
1463 2551 1681 2622 quidem
1723 2551 1970 2622 catalogo

385 2649 681 2717 ascriptus,
708 2647 889 2701 clarus
915 2644 1155 2715 alioquin
1184 2652 1238 2698 et
1275 2644 1588 2714 imperatori
1628 2643 1971 2699 notissimus.

386 2740 678 2797 llabitabat
725 2739 771 2793 is
808 2737 962 2808 juxta
1012 2736 1385 2803 Anthemium,
1424 2735 1497 2789 ita
1552 2742 1611 2789 ut
1659 2734 2011 2802 viderentur»

388 2842 622 2903 utroque
659 2830 938 2887 domicilio
972 2828 1131 2895 uniti,
1155 2837 1208 2883 et
1243 2844 1351 2883 uno
1400 2828 1702 2897 eodemque
1738 2825 1973 2882 termino

388 2940 511 2981 esse
546 2921 969 2991 circumscripti.
1016 2919 1356 2976 Succedente
1402 2936 1531 2975 vero
1562 2928 1805 2990 tempore
1841 2932 1974 2974 con-

388 3016 833 3088 tentioquaadam
865 3025 921 3070 et
953 3014 1203 3069 simultas
1249 3012 1388 3068 inter
1433 3028 1529 3069 eos
1575 3012 1807 3078 incidit,
1859 3010 1974 3065 sive

2073 1912 2226 1967 πόλιν
2252 1913 2341 1966 καὶ
2364 1912 2547 1967 ἄλλοθι
2566 1912 2835 1984 πολλαχοῦ
2853 1915 3276 1986 τεκτηνάμενος,
3294 1913 3407 1968 ἆπε
3415 1931 3468 1985 ρ,
3491 1909 3663 1984 οἶμαι,

2072 2004 2121 2055 εἰ
2153 2004 2247 2056 καὶ
2281 2003 2448 2073 μηδὲν
2478 2003 2658 2058 ὁτιοῦν
2700 2006 2828 2076 περί
2862 2004 3043 2059 αὐτῶν
3084 2006 3321 2074 λέγοιτο,
3361 2005 3505 2077 πλὴν
3530 2009 3663 2060 ἀπο-

2072 2096 2266 2165 χρήσει
2314 2095 2363 2148 οί
2413 2097 2470 2159 ἐς
2505 2096 2835 2168 ἀείμνηστον
2860 2097 3021 2163 δόξαν
3056 2097 3166 2152 ἐστ’
3197 2097 3264 2151 ἂν
3309 2098 3542 2166 ἐστήκοι
3577 2100 3668 2152 καὶ

2075 2183 2320 2251 σώζοιτο.
2375 2186 2536 2241 Ἀλλὰ
2585 2189 2695 2258 γὰρ
2739 2189 2862 2242 ὅτου
2916 2189 3077 2242 ἓνεκα
3124 2188 3282 2241 τοῦδε
3338 2187 3438 2241 τοῦ
3481 2188 3668 2259 ἀνδρὸς

2072 2277 2449 2348 ἐπεμνήσθην,
2497 2279 2673 2332 ἐκεῖνό
2714 2280 2931 2349 μοικαὶ
2966 2280 3031 2349 δὴ
3079 2279 3278 2333 αὐτίκα
3321 2278 3663 2345 λελέξεταιι.

2086 2366 2253 2438 Ἀνήρ
2282 2384 2366 2429 τις
2412 2367 2472 2419 ἐν
2502 2366 2804 2435 Βυζαντίῳ,
2856 2369 3043 2439 Ζήνων
3078 2369 3270 2440 ὄνομα,
3310 2369 3391 2440 τῷ
3438 2371 3539 2440 μὲν
3564 2371 3668 2423 τῶν
3700 2436 3703 2439 μ

2075 2459 2321 2530 ρητόρων
2354 2458 2644 2529 καταλόγῳ
2674 2460 3170 2531 ἀναγεγραμμένος
3189 2503 3203 2527 ,
3252 2461 3440 2525 ἄλλως
3468 2460 3527 2514 δὲ
3560 2460 3668 2514 δια-

2075 2554 2250 2623 φανὴς
2297 2553 2392 2606 καὶ
2445 2551 2658 2622 βασιλεῖ
2693 2554 3140 2625 γνωριμώτατος,
3201 2555 3452 2626 κατῴκει
3498 2554 3665 2625 ἀγχοῦ

2075 2662 2180 2700 που
2211 2643 2306 2697 τοῦ
2351 2643 2636 2716 Ἀνθεμίου
2659 2684 2675 2708 ,
2724 2644 2802 2708 ὡς
2829 2644 3006 2698 δοκεῖν
3036 2646 3284 2717 ἐκατέρῳ
3318 2645 3568 2715 ἡνῶσθαι
3595 2644 3667 2698 τὼ

2074 2736 2268 2799 οἴκω¹,
2298 2738 2393 2789 καὶ
2425 2736 2516 2806 ὑφ’
2542 2736 2619 2788 ἐνὶ
2646 2736 2879 2808 τέρματι
2902 2737 3347 2809 διαμετρεῖσθαι.
3383 2738 3666 2809 Προελθόν·

2074 2845 2165 2891 τος
2193 2828 2249 2881 δέ
2277 2827 2493 2898 χρόνου,
2540 2827 2657 2898 ἔρις
2696 2828 2881 2892 αὐτοῖς
2928 2829 3154 2882 ἐνέπεσε
3203 2829 3303 2882 καὶ
3354 2828 3665 2899 δυσκολίαῆ

2074 2915 2170 2970 τοῦ
2204 2915 2586 2971 διοπτεύεσθαι
2608 2917 2802 2987 χάριν,
2833 2916 2995 2987 τυχὸν
3030 2918 3090 2970 οὑ
3130 2918 3406 2989 πρότερον
3434 2918 3667 2990 είθισμέ-

2076 3024 2188 3073 νον,
2232 3006 2265 3078 ἢ
2314 3007 2589 3078 νεωτέρας
2637 3008 2947 3078 οἰκοδομίας
2999 3009 3144 3079 πέρα
3188 3008 3283 3062 τοῦ
3340 3010 3566 3081 μετρίου
3613 3013 3665 3073 ἐς

388 3118 711 3181 prospectus
744 3121 933 3171 causa,
963 3104 1111 3175 quod
1140 3103 1394 3161 fortassis
1422 3114 1580 3159 antea
1607 3103 1724 3157 fieri
1752 3118 1860 3157 non
1890 3116 1974 3157 so-

2079 3100 2212 3170 ὓψος
2240 3100 2502 3172 ἀρθείσης
2547 3102 2637 3154 καὶ
2683 3099 2761 3170 τῷ
2786 3102 2944 3170 ιφωτὶ
2984 3101 3419 3175 λυμαινομένης,
3452 3103 3485 3172 ἢ
3513 3102 3664 3156 ἄλλου

389 3200 555 3265 lebat,
587 3199 700 3254 sive
726 3195 867 3268 quod
900 3210 1095 3250 novum
1121 3194 1411 3250 aadificium
1444 3194 1609 3249 nimis
1636 3193 1743 3249 alte
1767 3193 1972 3249 elatum

2080 3190 2216 3245 του³
2260 3191 2416 3263 πέρι,
2473 3192 2632 3243 ὁποῖα
2674 3190 2844 3245 πολλά
2876 3192 2991 3256 τοῖς
3031 3191 3410 3262 πλησιαίτατα
3453 3209 3664 3264 προσοι-

391 3294 585 3350 lumini
624 3291 902 3358 olliceret,
949 3300 1046 3346 aut
1083 3290 1188 3345 alia
1239 3291 1421 3361 aliqua
1467 3289 1536 3344 de
1586 3305 1774 3353 causa,
1816 3298 1977 3360 prout

392 3389 599 3444 multas
637 3387 778 3442 inter
793 3399 920 3452 eos,
951 3384 1046 3455 qui
1077 3400 1241 3454 quam
1278 3384 1523 3455 proxime
1550 3382 1818 3449 habitant,
1838 3397 1973 3437 con-

395 3478 689 3535 troversias
717 3476 953 3534 suboriri
987 3485 1071 3533 est
1111 3492 1353 3533 necesse.

463 3572 520 3625 7.
551 3568 690 3624 Tum
724 3570 906 3640 itaque
934 3567 1258 3623 Anthemius
1284 3570 1354 3622 ab
1401 3564 1735 3631 adversario,
1791 3574 1976 3635 utpote

382 3670 581 3716 actore
614 3667 1040 3723 et-accusatore,
1072 3656 1299 3713 dicendo
1325 3659 1524 3718 victus,
1554 3672 1678 3711 cum
1723 3671 1829 3710 non
1853 3670 1979 3725 pos-

394 3764 480 3810 set
524 3750 835 3822 eloquentia
883 3749 1255 3821 gravitateque
1308 3749 1600 3804 verborum
1646 3747 1800 3818 paria
1852 3761 1977 3801 cum

394 3848 519 3915 ipso
547 3843 749 3910 facere,
783 3858 851 3899 ex
889 3858 975 3911 ea,
1006 3857 1169 3913 quam
1210 3851 1388 3907 norat,
1422 3850 1540 3896 arte
1568 3842 1709 3896 hanc
1741 3841 1815 3895 illi
1849 3856 1980 3896 con-

398 3948 480 3994 tra
507 3936 811 3992 molestiam
840 3934 1101 4006 rependit.
1130 3932 1362 3989 Domum
1389 3933 1681 4003 qnamdam
1707 3933 1977 3989 excelsam

398 4029 630 4085 habebat
658 4027 826 4094 Zeno,
858 4026 1010 4082 valde
1033 4025 1269 4097 amplam
1301 4033 1355 4081 et
1383 4025 1665 4095 pulchram
1689 4035 1743 4079 et
1762 4026 1979 4081 curiose

397 4119 691 4176 admodum
717 4127 1061 4183 exornatam,
1086 4116 1139 4169 in
1163 4130 1272 4187 qua
1302 4124 1355 4170 et
1380 4115 1497 4184 ipse
1526 4113 1836 4186 frequenter
1858 4131 1978 4169 ver-

398 4209 506 4265 sari
547 4207 757 4262 solebat
777 4214 831 4261 et
857 4203 1222 4260 amicissimos
1245 4217 1493 4273 quosque
1527 4203 1794 4258 conviviis
1828 4203 1977 4259 exci-

370 4306 544 4363 pere.
584 4292 752 4361 llujus
782 4306 909 4345 vero
943 4287 1202 4344 inferiora
1231 4286 1538 4342 habitacula
1570 4288 1688 4343 solo
1727 4289 1977 4357 proxima

2082 3284 2249 3338 κοῦσι
2270 3281 2785 3353 διαφιλονεικεῖσθαι
2812 3283 3052 3354 ἀνάγκη.

2154 3553 2220 3618 ζ’.
2263 3554 2396 3607 Τότε
2428 3553 2491 3625 δὴ
2517 3550 2614 3609 οὗν
2657 3555 2686 3608 ό
2721 3553 3003 3625 Ἀνθέμιος
3040 3554 3144 3608 ὑπὸ
3171 3552 3270 3607 τοῦ
3302 3554 3549 3608 ἐναντίου
3576 3554 3664 3608 ἆτε

2080 3648 2375 3720 δικηγὸρου
2396 3648 2465 3681 ’⁵-⁸
2497 3644 3079 3720 καταρητορευόμενος
3098 3647 3166 3713 ιθ,
3211 3646 3308 3702 καὶ
3341 3649 3443 3718 οὐχ
3473 3639 3583 3709 οἷός
3610 3661 3665 3698 τε

2081 3741 2156 3796 ὢν
2186 3746 2251 3814 τῇ
2300 3741 2569 3812 δεινότητι
2600 3740 2709 3793 τῶν
2740 3740 3000 3811 ῥημάτων
3045 3740 3110 3791 ἐκ
3145 3736 3254 3791 τῶν
3280 3738 3488 3808 ὁμοίων
3521 3738 3663 3790 ἀντι·

2082 3836 2365 3907 φέρεσθαι,
2399 3838 2427 3889 ό
2454 3834 2510 3888 δὲ
2540 3837 2605 3888 ἐκ
2625 3834 2666 3865 ¹¹
2702 3833 2800 3904 τῆς
2831 3831 3036 3896 οἰκείας
3064 3830 3293 3884 αὐτὸν¹²
3329 3829 3663 3900 ἀντελύπησε

2081 3928 2277 3999 τέχνης
2309 3928 2495 4000 τρόπῳ
2531 3925 2741 3996 τοιῷδε.
2775 3925 2950 3994 Δόμον
2989 3923 3112 3978 τινὰ
3146 3922 3399 3995 ὑπερῷον
3427 3924 3456 3976 ό
3484 3923 3664 3993 Ζήνων

2085 4021 2346 4091 ἐκέκτητο
2366 4021 2443 4085 ¹³,
2492 4018 2656 4090 εὐρύν
2697 4035 2757 4071 τε
2788 4016 2909 4073 λίαν
2938 4017 3032 4070 καὶ
3064 4016 3351 4089 διαπρεπῆ
3387 4016 3481 4069 καὶ
3512 4030 3661 4085 περι-

2084 4111 2356 4183 εργότατα
2394 4108 2841 4181 πεποικιλμένον,
2884 4111 2940 4162 ἐν
2970 4100 3015 4177 ᾧ
3040 4106 3104 4177 δὴ
3141 4106 3210 4160 τὰ
3238 4105 3412 4161 πολλὰ
3444 4104 3661 4175 ἐμφιλο-

2082 4201 2279 4275 χωρεῖν
2305 4201 2486 4256 εἰώθει
2513 4200 2607 4255 καὶ
2633 4201 2818 4271 ἐστιᾷν
2850 4199 2977 4263 τοὺς
3011 4198 3329 4268 φιλτάτους.
3381 4194 3579 4250 Τούτου
3606 4193 3662 4248 δὲ

2082 4276 2155 4348 τά
2182 4293 2317 4365 πρὸς
2345 4292 2422 4363 τῷ
2449 4291 2634 4361 ἐδάφει
2668 4291 3060 4367 ἐνδιαιτήματα
3090 4289 3189 4360 τῆς
3228 4286 3516 4358 Ἀνθεμὶου
3539 4285 3661 4339 δντα

360 4408 367 4413 π
396 4394 555 4439 erant
576 4390 822 4453 exparte
842 4380 1038 4435 domus
1068 4378 1369 4445 Anthemii,
1398 4379 1470 4433 ita
1508 4387 1568 4434 ut
1598 4379 1974 4434 intermedium

2086 4385 2351 4455 ἐτύγχανε
2405 4383 2636 4455 μοίρας,
2684 4384 2760 4446 ὠς
2807 4383 2867 4436 τὸ
2924 4381 3128 4453 μεταξὺ
3170 4381 3328 4451 τέγος
3371 4379 3449 4451 τῷ
3480 4378 3576 4450 μὲν
3608 4377 3661 4439 ἐς

370 4484 624 4539 "tectum,
652 4474 822 4528 altera
859 4471 944 4527 sui
990 4480 1141 4542 parte
1171 4470 1238 4524 ad
1269 4469 1568 4541 fastigium,
1599 4471 1767 4524 altera
1786 4470 1850 4525 ad
1884 4470 1974 4524 ba-

2088 4478 2311 4548 όροφὴν,
2361 4475 2438 4547 τῷ
2458 4474 2501 4508 1”
2541 4476 2598 4530 δὲ
2639 4477 2697 4540 ἐς
2742 4475 2900 4547 βάσιν
2935 4473 3367 4546 παρατετάσθαι.
3407 4467 3662 4525 Ἐνταῦθα

400 4568 504 4623 sim
530 4576 846 4637 protensum
861 4572 1028 4619 esset.
1050 4560 1125 4616 lbi
1152 4561 1336 4631 itaque
1359 4576 1588 4631 magnos
1621 4560 1820 4616 lebetes
1843 4576 1974 4630 aqua

2081 4570 2146 4641 δὴ
2178 4567 2272 4624 οὖν
2306 4570 2349 4601 ³⁸
2393 4569 2630 4640 λέϐητας
2662 4566 2931 4639 μεγάλους
2966 4566 3157 4629 ὓδατος
3208 4564 3513 4636 ἐμπλήσας,
3554 4560 3660 4614 δια-

297 5732 305 5737 ,
409 5672 600 5744 causa:
630 5684 963 5741 procurante,
992 5672 1092 5729 ἆτε
1114 5675 1180 5744 δὴ
1222 5672 1532 5744 κατηγόρου
1565 5673 1708 5744 vulg.

410 5757 523 5799 mn.
550 5738 639 5796 ll.'
668 5744 733 5815 7"
756 5745 1011 5814 ἐνέκτητο
1035 5746 1098 5808 Β,
1122 5738 1516 5815 διάπρεπέςίὶ.
1596 5743 1637 5774 ίι
1663 5738 1897 5813 etp—n3.
1917 5738 2152 5803 correxi,
2173 5738 2366 5791 τὸ--τὸ
2386 5740 2426 5790 ιι
2450 5748 2501 5792 et
2526 5738 2671 5807 vulg.

401 4659 593 4730 plenos
628 4672 726 4727 per
742 4656 966 4711 “diversa
1002 4655 1198 4710 domus
1229 4653 1404 4724 spatia
1429 4653 1730 4720 constituit,
1768 4654 1866 4709 hos
1895 4669 1986 4709 vc-

401 4768 465 4807 ro
486 4748 1165 4818 exterius"listulis.292
1197 4747 1463 4803 coriaceis
1502 4746 1884 4814 circumdedit,
1911 4747 1990 4801 in-

402 4841 587 4898 feriori
614 4840 833 4912 quidem
888 4839 1159 4909 Sui-parte
1193 4838 1500 4907 latio-ribus,
1531 4847 1587 4893 ut
1635 4848 1807 4894 totum
1841 4840 1987 4894 lebe-

398 4951 519 4997 tum
553 4940 820 4995 ambitum
857 4939 1241 5007 obStruerent;
1283 4938 1480 4994 deinde
1532 4937 1705 4993 instar
1741 4935 1883 4990 tuba:
1930 4934 1985 4989 in

403 5037 773 5107 angustiorem
808 5033 1039 5088 formam
1072 5034 1323 5089 redactas
1344 5041 1405 5087 et
1432 5032 1487 5085 in
1517 5030 1719 5100 justam
1754 5043 1987 5099 propor¢

403 5108 608 5182 tionem
642 5125 955 5183 desinentes
988 5125 1235 5180 trabibus
1256 5134 1320 5179 “et
1345 5122 1545 5177 tabulis
1575 5137 1764 5175 earum
1805 5133 1983 5174 extre-

404 5219 621 5275 mitates
648 5218 845 5284 infixit,
874 5227 1239 5287 accurateque
1278 5213 1606 5284 infibulavit,
1630 5215 1701 5269 ita
1733 5223 1868 5269 utet
1895 5229 1987 5268 aer

2084 4661 2270 4733 κριδὸν
2322 4660 2518 4732 ἔστησε
2553 4656 2822 4729 πολλαχοῦ
2869 4655 2964 4711 τοῦ
3015 4655 3316 4726 δωματίου,
3370 4652 3560 4714 αὐλοὺς
3606 4648 3657 4701 δέ

2085 4753 2268 4817 αὐτοῖς
2314 4750 2515 4816 ἔξωθεν
2563 4749 2848 4812 σκυτίνους
2877 4744 3212 4818 περιϐαλὼν,
3255 4743 3406 4799 κάτω
3441 4741 3537 4814 μὲν
3571 4739 3655 4791 εὑ-

2090 4845 2418 4919 ρυνομένους
2449 4844 2523 4907 ὡς
2556 4843 2778 4897 ἃπασαν
2801 4841 2902 4912 τὴν
2934 4839 3208 4910 στεφάνην
3241 4831 3651 4908 περιϐεϐύσθαι·

2095 4935 2220 5007 ἐξῆς
2245 4935 2301 4989 δὲ
2327 4934 2582 5007 καθάπερ
2617 4933 2896 5002 σάλπιγγα
2925 4928 3448 5000 ὑποστελλομένους,
3491 4923 3581 4979 καὶ
3605 4921 3657 4984 ἐς

2091 5029 2152 5082 τὸ
2182 5026 2478 5097 ἀναλογοιν
2527 5026 2928 5089 τελευτῶντας,
2979 5022 3211 5095 ἐνέπηξε
3260 5025 3382 5086 ταῖς
3426 5020 3592 5081 δοκοῖς
3617 5015 3656 5047 ¹⁸

2093 5123 2186 5175 καί.
2220 5121 2343 5182 ταῖς
2373 5119 2552 5173 σανίσι
2600 5119 2669 5172 τά
2714 5116 3082 5188 ἀπολήγοντα,
3132 5115 3229 5169 καὶ
3266 5116 3324 5178 ἐς
3362 5112 3422 5165 τὸ
3448 5106 3655 5181 ἀκριϐὲς

2093 5212 2561 5285 ἐνεπερόνητεν¹⁷,
2595 5210 2671 5273 ὡς
2716 5210 2811 5265 καὶ
2841 5209 2933 5264 τὸν
2960 5211 3017 5262 ἐν
3051 5208 3237 5271 αὐτοῖς
3264 5198 3653 5274 ἀπειλημμένον

1700 5365 1934 5422 VARUE
1980 5363 2387 5420 LECTIONES.

479 5466 525 5496 ⁸⁸
550 5480 776 5534 προεσχ.
805 5464 950 5534 conj.
981 5462 1063 5518 Cl.
1123 5457 1562 5534 ,θῖηέντιμώτατα

1765 5461 1811 5492 ’⁸
1834 5456 2000 5511 αὐτοῦ
2031 5459 2155 5512 add.
2190 5459 2332 5525 vulg.
2376 5465 2502 5510 ante
2527 5454 2712 5526 μέρος.

2788 5455 2834 5488 ⁹⁹
2875 5437 3016 5507 κατὰ
3056 5467 3167 5507 om.
3198 5452 3240 5507 fl
3276 5452 3329 5506 in
3366 5448 3480 5505 ord.
3514 5453 3565 5501 et
3596 5459 3652 5496 τε

407 5536 463 5588 in
498 5514 617 5604 mg.r
638 5514 1088 5598 “t'i‘éxééééafn,
1120 5514 1538 5604 legerat'vulg.
1593 5531 1613 5560 ²
1632 5532 1708 5585 τὼ
1737 5529 1873 5604 οἴκω
1894 5528 2065 5604 Lugd.
2100 5529 2126 5581 1
2154 5544 2218 5604 tn_
2237 5514 2385 5598 (Cl.).
2417 5536 2464 5581 et
2506 5514 2686 5604 intpr;
2705 5526 2911 5604 utrique
2928 5517 3566 5604 Ῑμηεεαβεεεέίοιιιὶρίίία,

411 5606 581 5673 hugd.
612 5619 755 5659 corr.
790 5613 849 5659 et
880 5604 1005 5659 edd.
1033 5604 1111 5675 τῷ
1139 5605 1295 5672 οἴκῳ.

416 5815 452 5845 ³⁷
485 5814 841 5884 ἐνπερΰνησεν
878 5815 942 5870 ιι.

1408 5600 1429 5633 ³
1460 5597 1621 5654 ἄλλου
1649 5618 1741 5654 του
1791 5602 1856 5658 lt.
1912 5599 2072 5653 ἀλλον
2128 5597 2222 5651 τού
2277 5615 2422 5659 τινος
2458 5597 2605 5665 vulg.

1408 5672 1532 5740 όρου
1565 5673 1708 5740 vulg.
1818 5671 1861 5702 ¹⁰
1889 5671 2238 5740 καταρῤητορ
2302 5669 2447 5740 vulg.
2558 5669 2605 5740 “_

1889 5685 2201 5748 καταρρητο

2715 5595 2784 5628 ⁸-⁸
2812 5588 2907 5649 άτε
2928 5588 3241 5664 ’δικηγόρου
3270 5591 3316 5647 Β
3341 5599 3394 5647 et
3423 5590 3572 5664 intpl}
3596 5588 3647 5664 ιρι

2558 5652 2598 5697 ﬁ
2640 5667 2669 5719 6
2698 5666 2755 5719 δὲ
2778 5666 2842 5718 ἐκ
2868 5664 2999 5733 ειμι
3035 5652 3184 5733 ξ”ὲὶε
3216 5665 3359 5733 νυιε·
3411 5661 3475 5733 -¹.²
3501 5652 3646 5733 ἀῦῗίῗν

2302 5669 2447 5734 vulg.
2558 5669 2598 5697 “
2640 5669 2669 5719 6
2698 5669 2755 5719 δέ
2778 5669 2842 5718 ἐκ
2869 5669 2935 5725 Β.
2969 5669 2999 5718 ό
3035 5669 3081 5715 δ’
3118 5669 3184 5717 ἐκ
3216 5669 3359 5733 vulg.
3435 5669 3475 5691 "
3502 5669 3641 5708 αυτον

2302 5738 2426 5791 zeli
2450 5748 2501 5792 et
2526 5738 2671 5796 vulg.
2751 5738 2792 5768 ¹⁸
2826 5735 2882 5789 δέ
2914 5730 3008 5788 οὖν
3045 5731 3109 5787 R.
3191 5735 3233 5765 "
3263 5735 3372 5796 τοῖς
3405 5730 3564 5787 δόκοις
3588 5722 3641 5775 ll.
