4060 6434
457 469 596 537 1553
1672 475 2048 537 HISTORIA

2149 478 2217 539 ’Μ
2274 478 2419 538 LIB.
2454 478 2519 537 γ.
3601 476 3738 545 1554

451 584 591 656 ἀέρα
620 584 820 652 ἄφετον
858 584 959 655 μὲν
989 583 1135 655 ἔχειν
1162 586 1261 657 τὴν
1290 586 1405 642 ἀνω
1434 589 1628 659 φορὰν,
1656 590 1744 646 διὰ
1774 592 1874 663 τῆς
1900 594 2048 647 κενό-

2155 592 2223 647 iis
2256 592 2449 646 ﬁstulis
2477 599 2795 661 conceptus,
2832 591 3004 647 libero
3030 592 3254 663 quidem
3290 592 3342 647 in
3376 592 3543 663 altum
3570 594 3742 666 impe-

456 691 611 744 τητος
649 675 871 728 ἀνιόντα
918 677 1013 730 καὶ
1060 680 1241 749 γυμνῇ
1270 678 1313 710 ¹⁸
1362 678 1707 752 προσψαύειν
1755 683 1819 752 τῇ
1875 683 2047 755 ὀροφῇ

2155 691 2211 737 ιιι
2251 682 2506 745 ferretur,
2540 699 2636 753 per
2673 698 2863 737 earum
2897 684 3187 740 cavitatem
3234 700 3452 741 sursum
3496 687 3740 752 tendens,

452 764 593 818 κατά
622 766 683 818 τὸ
706 769 972 837 παρεῖκον
1002 770 1097 822 καὶ
1122 773 1185 841 τῇ
1217 770 1391 844 βύρσῃ
1413 774 1825 845 περιεχόμενον,
1846 777 2048 846 ἥκιστα

448 858 507 911 δὲ
535 860 595 923 ἐς
624 858 697 912 τά
727 860 886 925 ἐκτὸς
916 861 1161 934 διαρρεῖν
1184 865 1280 917 καὶ
1306 866 1740 938 ὑπεκφέρεσθαι.
1774 869 1961 925 Ταῦτα
1983 871 2048 942 δὴ

449 947 545 1005 οὖν
593 953 659 1006 ἐκ
705 952 801 1008 τοῦ
856 955 1100 1025 ἀφανοῦς
1150 958 1679 1030 καταστησάμενος,
1728 961 1841 1035 πῦρ
1886 964 2049 1034 ἐνῆκε

453 1044 684 1116 σφοδρὸν
715 1046 820 1099 ὑπὸ
847 1048 975 1111 τοὺς
1004 1046 1114 1100 τῶν
1143 1048 1389 1119 λεόήτων
1415 1051 1720 1122 πυθμένας,
1747 1055 1842 1107 καὶ
1873 1055 2050 1124 φλόγα

451 1137 623 1209 ἐξῆψε
661 1139 906 1210 μεγάλην
938 1155 952 1171 ο
1011 1140 1210 1195 αὐτίκα
1254 1141 1310 1195 δὲ
1350 1142 1447 1197 τοῦ
1490 1143 1682 1209 ὓδατος
1727 1146 2053 1219 διαθερομέ-

450 1248 541 1284 νου
562 1231 605 1262 ¹⁹
632 1232 729 1284 καὶ
756 1231 1254 1302 ἀνακαχλάζοντος,
1288 1234 1461 1304 ἀτμὸς
1515 1236 1725 1307 ἐπῆρτο
1756 1239 1924 1302 πολὺς
1955 1240 2050 1293 καὶ

449 1323 838 1395 ἀνερριπίζετο
876 1323 1055 1395 παχύς
1088 1325 1133 1356 ²⁰
1172 1343 1233 1379 τε
1281 1329 1376 1381 καὶ
1417 1330 1855 1401 πεπυκνωμένος
1880 1349 1894 1363 ·
1947 1333 2050 1386 οὐκ

449 1416 591 1486 ἔχων
615 1417 673 1470 δὲ
700 1418 807 1487 ὅπη
840 1417 1146 1490 δισχυθείη,
1176 1420 1271 1473 ἐπὶ
1293 1420 1421 1483 τοὺς
1451 1421 1650 1487 αὐλοὺς
1676 1424 1928 1492 ἀνεῖρπε,
1953 1425 2050 1479 καὶ

447 1511 514 1578 τῇ
563 1507 847 1579 στενότητι
897 1510 1255 1581 πιεζόμενος,
1313 1510 1619 1584 βιαιότερον
1674 1514 2046 1585 ἀνεπέμπετο,

452 1598 534 1672 [Ρ.
566 1599 690 1672 151]
730 1602 837 1664 ἕως
879 1604 947 1673 τῇ
996 1605 1165 1677 στέγῃ
1203 1606 1563 1675 προσπταίων
1605 1606 2046 1677 ἐνδελεχέστατα,

447 1693 702 1763 ἐδόνησεν
756 1695 977 1750 ἅπασαν
1034 1698 1131 1750 καὶ
1179 1695 1482 1761 διέσεισεν,
1539 1697 1665 1751 ὅσον
1714 1697 2047 1770 ὑποτρέμειν

446 1786 633 1858 ἠρέμα
678 1786 773 1839 καὶ
820 1786 1224 1858 διατετριγέναι
1269 1787 1341 1841 τά
1379 1787 1530 1853 ξύλα.
1577 1790 1640 1842 Ui
1669 1788 1726 1842 δὲ
1757 1791 1902 1861 ἀμφὶ
1955 1791 2049 1845 τδν

449 1877 675 1946 Ζήνωνα
704 1877 1068 1948 ἐταράττοντο
1115 1877 1211 1931 καὶ
1239 1877 1566 1948 ἐδείμαινον,
1623 1878 1718 1933 καὶ
1753 1880 1898 1951 ἀμφὶ
1948 1879 2047 1952 τὴν

448 1969 725 2038 λεωφόρον
755 1968 1049 2035 ἐξέπιπτον
1098 1969 1456 2040 ποτνιώμενοι
1507 1970 1603 2023 καὶ
1637 1969 1906 2040 βοῶντες,
1951 1973 2047 2026 καὶ

450 2058 528 2129 τῷ
557 2059 716 2131 δεινῷ
742 2060 1267 2132 καταπεπληγμένοι
1297 2080 1310 2093 ·
1364 2061 1565 2131 φοιτῶν
1593 2064 1710 2116 te"
1748 2064 1957 2128 ἐκεῖνος
1987 2066 2046 2119 ἐν

454 2156 566 2217 τοῖς
598 2153 922 2223 βασιλείοις,
970 2152 1372 2207 ἀνεπυνθάνετο
1399 2153 1507 2207 τῶν
1539 2154 1857 2227 γνωρίμων,
1896 2156 2048 2221 ὅπως

455 2248 640 2310 αὐτοῖς
687 2246 757 2300 τὰ
805 2246 898 2300 τοῦ
950 2246 1176 2318 σεισμοῦ
1211 2247 1515 2318 κατεφάνη,
1569 2248 1663 2303 καὶ
1694 2250 1768 2319 μή
1814 2266 1869 2302 τι
1906 2251 2048 2319 σφᾶς

449 2338 723 2409 ὁτῳδηοῦν
766 2337 953 2409 τρόπῳ
1001 2338 1355 2409 διεδηλήσατο
1372 2340 1439 2394 ”.
1492 2338 1616 2392 Τῶν
1651 2338 1730 2405 δὲ,
1773 2340 2049 2409 Εὐφήμει

447 2429 738 2499 λεγόντων,
765 2425 814 2484 ὦ
832 2428 959 2487 ’τᾶν
977 2431 1046 2494 ’³,
1072 2431 1167 2483 καὶ
1187 2430 1401 2499 artare,
1427 2430 1522 2483 καὶ
1536 2430 1774 2499 μήποτε
1791 2430 2051 2500 γένριτο,

447 2522 543 2574 καὶ
566 2522 704 2591 πρός
734 2539 798 2589 γε
826 2521 1185 2593 νεμεσῶντων
1214 2522 1369 2592 αὐτῷ
1396 2521 1472 2586 ὡς
1500 2514 1564 2593 δὴ
1585 2521 1813 2577 τοιαῦτα
1833 2525 2048 2593 φευκτά

448 2617 545 2670 καὶ
578 2617 811 2670 ἀπαίσια
842 2616 1282 2688 τερατευομένῳ,
1331 2618 1433 2672 οὐκ
1466 2613 1616 2689 εἶχεν
1661 2619 1690 2671 ὅ
1727 2636 1778 2672 τι
1811 2620 1907 2672 καὶ
1933 2619 2047 2677 6m.-

447 2708 694 2779 νοηθείη,
743 2708 882 2763 Οὔτε
924 2709 1053 2782 γὰρ
1084 2711 1336 2764 ἀπιστεῖν
1380 2709 1562 2781 ἐαυτῷ
1610 2705 1721 2775 οἷός
1759 2728 1820 2765 τε
1854 2708 1922 2783 ἦν
1960 2712 2047 2782 ἐφ’

447 2794 529 2862 οἷς
549 2799 594 2831 ³⁵
625 2801 897 2870 ἠπίστατο
926 2801 1131 2872 ἀρτίως
1175 2801 1567 2873 γεγενημένοις
1587 2803 1654 2868 ’⁸,
1709 2803 1807 2856 καὶ
1845 2804 2048 2877 διαμάι⁹

448 2890 644 2961 χεσθαι
687 2892 974 2963 κατῃδεῖτο
1038 2893 1273 2947 ἐπιπολὺ
1325 2892 1604 2956 τοσούτοις
1661 2893 1895 2965 ἀνδράσι
1950 2896 2048 2952 καὶ

444 2981 591 3036 οὕτω
623 3001 837 3054 καταμε
847 2984 1164 3055 μφομένοις.

520 3076 594 3147 η’.
634 3077 824 3149 Τούτῳ
850 3076 915 3149 δὴ
947 3074 1038 3131 οὖν
1073 3077 1256 3148 πολλῷ
1288 3077 1367 3149 τῷ
1405 3078 1552 3149 λόγῳ
1600 3079 1842 3149 ἐχρῶντο
1869 3081 1918 3134 οἱ
1946 3080 2046 3146 τὰς

444 3170 842 3241 ἀναθυμιάσεις
869 3172 964 3225 καὶ
991 3170 1355 3242 τάηλιγνυὼδη
1384 3172 1676 3243 πνεύματα
1698 3172 1913 3241 γένεσιν
1932 3173 2045 3231 τῶν

446 3263 692 3333 σεισμῶν
738 3262 1167 3327 ἀποκαλοῦντες.
1214 3263 1324 3318 Καὶ
1376 3264 1489 3333 γὰρ
1533 3267 1567 3319 ό
1604 3266 2042 3335 μηχανοποιὸς,
2072 3299 2118 3359 C

445 3356 678 3424 ἔφασαν,
711 3354 827 3424 τὴν
849 3357 1046 3412 αἰτίαν
1076 3355 1361 3425 διαγνοὺς
1394 3355 1536 3411 ὅθεν
1567 3355 1685 3423 τὴν
1715 3355 1833 3427 γῆν
1867 3356 2045 3411 κινεῖ-

442 3448 590 3501 σθαι
641 3446 961 3517 συμϐαίνει
980 3489 996 3514 ,
1050 3446 1451 3515 παραπλήσια
1505 3446 1762 3516 ἔδρασε,
1814 3448 1915 3503 καί
1971 3447 2046 3519 τῇ

444 3534 631 3605 τέχνῃ
661 3535 777 3604 τὴν
796 3537 987 3606 φύσιν
1008 3536 1449 3607 ἀπεμιμήσατο.
1484 3538 1594 3592 Καὶ
1623 3539 1809 3608 ἔλεγον
1842 3540 1941 3611 μέν
1966 3558 2042 3604 τι,

443 3629 511 3683 οὐ
538 3628 721 3701 μέντοι
740 3646 804 3698 γε
825 3630 950 3683 ὅσον
971 3628 1159 3701 ᾤοντο.
1194 3630 1348 3700 Ἐμοὶ
1366 3629 1476 3705 γὰρ
1495 3631 1565 3685 τά
1589 3631 1820 3687 τοιαῦτα
1841 3632 2046 3687 πιθανά

450 3720 553 3791 μὲν
594 3716 735 3774 εἷναι
782 3719 932 3774 δοκεῖ
980 3722 1077 3775 καὶ
1126 3720 1470 3794 κομψότερον
1512 3740 1631 3786 πως
1681 3723 2045 3795 ἐξευρημένα,

444 3811 602 3866 οὔπω
628 3812 685 3866 δὲ
718 3812 928 3884 ἐναργῆ
960 3812 1322 3883 γνωρίσματα
1367 3812 1476 3866 τῶν
1522 3813 1596 3878 ὡς
1617 3815 1663 3846 ’⁸
1696 3814 1916 3884 ἀληθῶς
1958 3832 2048 3884 γι-

447 3904 752 3975 γνομένων.
800 3906 876 3958 Οὐ
910 3904 1020 3976 γὰρ
1053 3904 1135 3958 ὅτι
1161 3904 1231 3958 τά
1277 3904 1491 3958 κυνίδια
1535 3902 1710 3959 ταῦτα
1755 3906 1928 3978 δήπου
1975 3905 2048 3959 τά

450 3996 718 4049 Μελιταῖα
751 3995 846 4049 ἐπὶ
870 3997 991 4059 ταῖς
1026 3995 1248 4063 στέγαις
1277 3995 1597 4067 διέρποντα,
1630 3996 1836 4050 σείουσι
1859 4014 1921 4052 τε
1943 3997 2047 4051 αὑ-

449 4085 549 4149 τὰς
582 4088 675 4141 καὶ
704 4088 1044 4151 ἀνακινοῦσι,
1079 4088 1176 4141 καὶ
1200 4087 1374 4142 ταῦτα
1401 4087 1496 4142 ἐπὶ
1525 4088 1816 4158 βαδίσματι
1842 4106 2046 4158 κουφο-

446 4179 617 4251 τάτῳ,
647 4179 751 4252 ἤδη
776 4197 879 4235 που
907 4181 1092 4250 ὅμοιον
1124 4180 1346 4251 φήσειεν
1380 4180 1447 4234 ἄν
1469 4198 1554 4246 τις
1580 4179 1722 4235 εἶναι
1746 4181 1809 4235 τὸ
1832 4182 2044 4253 χρῆμα,

445 4268 542 4322 καὶ
575 4268 752 4339 τούτῳ
784 4269 1038 4341 καθάπερ
1081 4268 1251 4340 ίκανῷ
1298 4269 1707 4342 παραδείγματι
1741 4271 1954 4343 χρέοιτο
1972 4273 2044 4327 ’⁷.

455 4359 600 4413 Ἀλλ’
623 4360 808 4414 ἐκεῖνα
832 4361 930 4431 μέν
958 4360 1186 4429 παίγνια
1205 4364 1305 4431 τῆς
1331 4361 1754 4432 μηχανοποιίας,
1778 4363 1840 4416 οὐ
1863 4361 2047 4432 φαῦλα

447 4453 634 4526 μέντοι
658 4452 780 4505 οὑδέ
803 4453 1017 4525 ἀτερπῆ
1041 4453 1350 4524 νομιστέον,
1374 4451 1483 4507 τῶν
1508 4453 1565 4508 δὲ
1588 4454 1688 4523 τῆς
1712 4453 1845 4527 ὕλης
1865 4455 2047 4527 ἀμαρ-

441 4545 882 4616 τημάτωνάλλα
912 4544 1052 4605 am
1081 4546 1265 4617 (εἴπερ
1295 4544 1406 4616 ἀρα
1432 4546 1529 4601 καὶ
1556 4547 1638 4600 δεῖ
1652 4545 1745 4619 ²⁸),
1780 4545 2046 4619 ζητητέον

2152 785 2205 830 et
2235 776 2300 830 ad
2336 776 2540 830 nudum
2595 775 2719 830 tecti
2760 775 3061 847 fastigium,
3106 779 3285 847 quoad
3316 779 3437 847 ejus
3493 779 3605 833 fieri
3645 794 3745 848 po—

2153 875 2314 933 terat,
2352 868 2515 923 etiam
2561 869 2712 923 corio
2764 868 3162 925 circumdatum
3209 872 3544 942 pertingens,
3596 871 3743 938 foras

2153 968 2335 1013 autem
2364 974 2711 1030 nequaquam
2742 960 3008 1015 diﬁlueret
3036 972 3133 1016 aut
3154 973 3484 1032 erumperet.
3519 962 3612 1020 llis
3637 965 3741 1019 ita-

2150 1070 2259 1126 que
2289 1069 2354 1109 ex
2398 1054 2615 1109 occulto
2654 1054 2731 1108 ita
2758 1054 3062 1124 dispositis,
3114 1055 3350 1109 validum
3385 1056 3563 1126 ignem
3595 1057 3741 1112 lebe-

2153 1156 2266 1202 tum
2296 1145 2483 1201 fundis
2505 1145 2755 1216 subjecit,
2787 1154 2841 1200 et
2864 1147 3135 1217 ingentem
3160 1145 3434 1201 ﬂammam
3461 1149 3738 1204 excitavit.

2152 1236 2350 1293 Statim
2382 1252 2514 1291 vero
2543 1235 2786 1292 fervente
2818 1246 2979 1306 atque
3007 1248 3344 1293 exaestuante
3371 1255 3535 1308 aqua,
3569 1256 3742 1310 vapor

2151 1332 2357 1387 multus
2402 1330 2676 1386 excitatus
2704 1339 2760 1385 et
2798 1329 2853 1383 in
2892 1330 3063 1384 altum
3107 1332 3355 1388 sublatus
3383 1342 3489 1396 est,
3522 1334 3743 1403 rapidus

2151 1425 2354 1495 pariter
2374 1433 2430 1478 et
2450 1422 2654 1478 densus
2684 1441 2697 1477 :
2727 1437 2964 1491 cumque
2993 1437 3102 1476 non
3138 1422 3380 1488 haberet,
3409 1440 3516 1493 qua
3545 1424 3745 1479 diffun-

2151 1518 2396 1580 deretur,
2423 1515 2475 1569 in
2502 1514 2715 1571 ﬁstulas
2733 1513 3081 1577 eﬂ‘erebatur.
3106 1515 3469 1585 angustiaque
3494 1531 3739 1585 pressus,

2154 1605 2363 1677 majore
2399 1604 2449 1659 vi
2479 1620 2699 1661 sursum
2751 1604 3028 1672 tendebat,
3060 1603 3235 1660 donec
3283 1605 3334 1658 in
3367 1613 3569 1659 tectum
3600 1606 3742 1663 assi-

2150 1699 2260 1754 duo
2306 1698 2511 1769 impetu
2554 1698 2881 1767 impingens,
2920 1705 3099 1753 totum
3124 1712 3459 1753 concussum
3496 1713 3742 1753 commo-

2154 1800 2380 1859 tumque
2409 1789 2534 1853 fuit,
2573 1791 2710 1845 adeo
2742 1798 2801 1844 ut
2833 1788 3218 1860 tigrtaaensint
3262 1797 3559 1843 tremerent
3580 1797 3743 1860 atque

2153 1880 2471 1936 stridercnt.
2516 1879 2623 1947 Qui
2653 1895 2782 1935 vero
2819 1878 3029 1938 Zenoni
3061 1880 3308 1943 aderant,
3344 1888 3491 1933 metu
3540 1894 3604 1934 ac
3632 1890 3744 1934 ter-

2151 1989 2274 2030 rore
2306 1972 2766 2043 corripiebantur,
2795 1979 2849 2026 et
2877 1972 2930 2026 in
2963 1970 3168 2041 plateas
3195 1985 3316 2025 sese
3346 1971 3739 2040 proripiebant.

2148 2064 2534 2123 obtestabundi
2565 2073 2620 2119 ct
2650 2064 3032 2131 vociferantes,
3063 2063 3304 2133 malique
3325 2064 3589 2133 gravitate
3615 2079 3742 2132 per-

2148 2154 2308 2209 culsi.
2341 2152 2436 2209 Ille
2475 2169 2603 2207 vero
2636 2154 2689 2207 in
2714 2154 2919 2223 regiam
2946 2168 3006 2207 se
3037 2150 3331 2207 conferens
3381 2162 3542 2206 notos
3564 2151 3739 2206 inter-

2148 2245 2397 2316 rogabat,
2435 2243 2567 2315 quid
2605 2244 2740 2314 ipsis
2761 2244 2827 2307 de
2881 2253 3047 2307 terrae,
3070 2253 3222 2299 motu
3255 2243 3417 2314 293
3449 2244 3626 2298 visum
3650 2259 3739 2297 es-

2151 2346 2256 2403 set,
2285 2346 2341 2391 et
2368 2352 2499 2390 num
2528 2336 2713 2407 aliquo
2743 2351 2838 2393 eos
2869 2336 3074 2399 damno
3100 2335 3411 2393 aﬁ‘ecisset?
3438 2334 3578 2391 Tum
3610 2337 3738 2400 illis,

2154 2427 2308 2482 Bona
2340 2427 2515 2494 verba,
2543 2444 2572 2481 ο
2600 2428 2787 2493 amice,
2811 2441 2862 2483 et
2900 2468 2913 2493 ,
2939 2444 3127 2499 apage,
3168 2438 3222 2485 et
3246 2428 3384 2483 absit
3405 2427 3737 2491 dicentibus,

2150 2530 2203 2576 cl
2228 2531 2485 2591 praeterea
2526 2519 2978 2575 succensentibus
3016 2520 3142 2589 ipsi,
3187 2519 3323 2575 adeo
3349 2518 3539 2575 odiosa
3559 2518 3740 2573 infau-

2152 2619 2347 2680 staque
2373 2608 2685 2680 prodigiose
2708 2608 2976 2675 narranti,
3004 2608 3134 2678 quid
3155 2611 3415 2679 cogitaret
3435 2607 3737 2679 ignorabat.

2150 2700 2337 2774 Neque
2366 2702 2513 2756 enim
2544 2700 2647 2755 sibi
2684 2700 2801 2770 ipse
2844 2700 3003 2756 ﬁdem
3032 2702 3293 2773 derogare
3322 2709 3535 2771 poterat
3558 2700 3627 2756 de
3649 2700 3738 2767 iis,

2150 2808 2275 2863 qua:
2306 2799 2557 2847 recenter
2582 2789 2851 2846 accidisse
2874 2792 3103 2858 sciebat,
3137 2801 3192 2848 et
3216 2792 3450 2867 pudebat
3478 2792 3743 2848 adversus

2152 2893 2231 2939 tnt
2266 2885 2415 2939 viros
2462 2884 2672 2938 diutius
2718 2886 3068 2946 contendere,
3109 2893 3164 2940 et
3192 2884 3410 2955 quidem
3450 2884 3525 2939 ita
3561 2884 3739 2954 ipsum

2149 2979 2485 3035 incusantes.

2221 3075 2276 3127 8.
2320 3070 2433 3126 liae
2469 3071 2655 3141 itaque
2690 3074 2803 3126 fere
2835 3072 3049 3126 ratione
3095 3070 3409 3135 utebantur,
3456 3068 3549 3140 qui
3586 3078 3742 3131 terra:

2148 3174 2332 3227 motus
2355 3165 2424 3219 ab
2448 3164 2892 3220 exhalationibus
2914 3162 3261 3233 fumosisque
3278 3163 3566 3233 spiritibus
3593 3162 3741 3232 gigni

2150 3268 2402 3313 censent.
2452 3257 2595 3311 Nam
2626 3257 2719 3312 ille
2753 3257 3126 3312 machinarum
3166 3256 3484 3326 fabricator,
3530 3254 3743 3324 inquie-

2151 3351 2301 3417 bant,
2338 3351 2549 3420 cognita
2581 3366 2768 3417 causa,
2806 3348 2946 3402 unde
2980 3358 3312 3403 terminatus
3351 3349 3496 3419 gigni
3534 3348 3741 3401 contin-
3830 3414 3833 3417 ἢ

2148 3445 2247 3515 git,
2280 3442 2482 3497 similia
2504 3442 2702 3512 eﬂ‘ecit,
2739 3450 2788 3496 et
2833 3450 2948 3495 arte
2985 3453 3235 3495 naturam
3274 3450 3351 3495 est
3388 3441 3655 3509 inritatus,
3687 3450 3743 3495 et

2149 3539 2410 3592 dixerunt
2438 3535 2659 3605 quidem
2693 3533 2904 3605 aliquid
2933 3549 3043 3589 non
3078 3542 3292 3589 tantum
3327 3542 3509 3588 tamen
3540 3548 3603 3588 ac
3634 3549 3739 3602 pu-

2151 3636 2352 3683 tarant.
2385 3626 2519 3682 Mihi
2562 3626 2707 3681 enim
2739 3626 2857 3681 haec
2897 3625 3026 3681 talia
3065 3626 3334 3696 elegantia
3367 3625 3584 3694 quidem
3620 3639 3741 3679 esse

2151 3721 2433 3786 videntur,
2463 3720 2710 3789 sciteque
2740 3718 3056 3783 adinventa,
3090 3732 3441 3788 nequaquam
3472 3731 3599 3771 vero
3626 3715 3741 3769 evi-

2153 3814 2348 3868 dentes
2374 3826 2590 3876 eorum,
2625 3826 2748 3881 qua:
2780 3824 2910 3865 vere
2940 3809 3102 3875 ﬁunt,
3148 3809 3522 3880 probationes.
3553 3806 3739 3879 Neque

2149 3904 2295 3959 enim
2343 3904 2474 3974 quia
2519 3903 2700 3958 catelli
2744 3902 2834 3957 isti
2872 3900 3183 3957 Melitenses
3215 3915 3314 3973 per
3344 3900 3544 3965 solaria
3586 3899 3737 3955 ince-

2148 3998 2341 4053 dentes
2373 4013 2438 4051 ea
2483 4005 2538 4051 ct
2588 3996 2799 4067 agitant
2840 4004 2896 4050 et
2922 4003 3301 4063 commovent,
3324 4002 3380 4048 et
3406 3994 3626 4064 quidem
3660 3994 3739 4052 le.-

2147 4090 2377 4146 vissimo
2430 4090 2675 4155 incessu,
2736 4087 2973 4144 similem
3025 4085 3141 4143 fere
3198 4085 3397 4157 aliquis
3452 4100 3566 4140 rem
3618 4100 3739 4141 esse

2148 4183 2371 4248 dixerit,
2412 4191 2579 4254 atque
2614 4181 2720 4238 hoc
2758 4179 2928 4238 veluti
2954 4179 3153 4235 idoneo
3178 4178 3510 4243 documento
3532 4186 3735 4241 utetur,

2148 4275 2423 4332 Caeterum
2470 4273 2698 4334 ludicrae
2743 4272 2853 4335 illa:
2901 4270 3336 4327 machinationes
3391 4283 3738 4343 nequaquam

2148 4366 2516 4438 despicabiles
2552 4375 2650 4434 aut
2693 4365 3032 4434 inelegantes
3085 4369 3215 4417 sunt
3253 4361 3561 4433 censenda,
3591 4359 3741 4417 defe-

2149 4468 2339 4516 ctuum
2368 4474 2500 4515 vero
2545 4467 2740 4525 terrae,
2777 4456 2898 4512 alite
2943 4453 3192 4526 quaedam
3240 4453 3319 4523 (si
3368 4456 3532 4521 modo
3574 4453 3738 4508 etiam

2120 4549 2439 4623 -convenit)
2484 4549 2793 4621 quaerenda:
2843 4555 2976 4604 sunt
3004 4561 3206 4614 causae,
3248 4544 3528 4613 Siquidem
3565 4560 3741 4615 neque

443 4637 515 4695 ta
541 4635 713 4690 αἴτια.
758 4637 915 4691 Ἐπεὶ
941 4636 1064 4691 οὐδὲ
1095 4635 1256 4691 τοῦτο
1287 4638 1448 4709 μόνον
1487 4638 1772 4710 Ἀνθέμιος
1809 4640 1904 4695 ἐπὶ
1934 4643 2044 4712 Ζή-

2150 4644 2257 4699 hoc
2285 4643 2463 4700 solum
2481 4641 2812 4706 Anthemius
2835 4641 2888 4695 in
2914 4640 3189 4709 Zenonem
3204 4637 3380 4712 295.
3397 4639 3742 4694 machinatus

444 4745 576 4787 νωνι
603 4729 1016 4800 ἐμηχανήσατο,
1047 4728 1166 4784 ἀλλ’
1192 4730 1302 4801 ἄρα
1331 4730 1424 4799 ὅγε
1448 4731 1838 4803 κατήστραψεν
1866 4749 1929 4802 γε
1958 4734 2049 4787 αὑ-

443 4820 541 4879 τοῦ
572 4823 669 4877 καὶ
703 4822 1104 4894 κατεϐρόντησε
1132 4824 1191 4878 τὸ
1225 4823 1520 4895 δωμάτιον.
1568 4825 1764 4880 Δίσκον
1811 4825 1910 4897 μὲν
1938 4828 2049 4900 γάρ

443 4932 569 4968 τινα
598 4914 866 4987 ἐσόπτρου
900 4914 1059 4985 δίκην
1092 4914 1517 4987 ἐσκευασμένον,
1555 4914 1651 4973 καὶ
1691 4916 1878 4989 ἡρέμα
1911 4918 2049 4981 ὐπο-

445 5007 858 5079 κοιλαινόμενον
893 5011 1016 5072 ταῖς
1047 5007 1161 5081 ,τοῦ
1207 5008 1361 5080 ἡλίου
1400 5009 1727 5082 ἀντερείδων
1751 5011 1797 5043 ¹⁹
1832 5014 2048 5068 ἀκτῖσιν

446 5101 761 5172 ἐνεπίμπλα
784 5100 885 5171 τῆς
908 5100 1100 5171 αἴγλης
1124 5116 1137 5130 ’
1173 5101 1269 5156 καὶ
1295 5096 1415 5154 εἶτα
1448 5101 1704 5172 μετάγων
1735 5103 1821 5172 ἐφ’
1850 5103 2038 5176 ἕτερα,

447 5190 653 5265 πολλὴν
701 5192 899 5264 ἀθρόον
945 5194 1094 5266 αὐτῴ
1144 5192 1506 5264 κατηκόντιζε
1549 5193 1876 5266 λαμπηδόνα
1897 5235 1913 5261 ,
1965 5195 2042 5260 ὡς

448 5286 707 5347 ἀπάντων
752 5288 837 5357 ἐφ’
876 5286 971 5351 οὓς
1002 5287 1068 5342 ἂν
1111 5287 1330 5359 φέροιτο
1358 5287 1732 5359 ἀμϐλύνεσθαι
1760 5289 1861 5353 τὰς
1888 5289 2041 5362 ὄψεις

2147 4744 2254 4802 est,
2279 4735 2374 4792 sed
2393 4744 2448 4790 et
2470 4734 2687 4806 fulgura
2718 4742 2771 4788 et
2797 4726 3039 4792 tonitrua
3086 4731 3143 4791 in
3175 4730 3399 4792 domum
3448 4729 3624 4787 torsit.
3649 4728 3741 4784 Di-

2149 4843 2313 4891 scum
2328 4827 2473 4883 enim
2503 4828 2558 4882 in
2587 4827 2796 4898 speculi
2828 4825 3065 4896 speciem
3093 4832 3472 4894 comparatum
3497 4822 3739 4879 modice-

2150 4936 2257 4991 que
2286 4930 2611 4983 excavatum
2638 4918 2922 4988 radiisque
2949 4918 3083 4975 solis
3107 4918 3421 4989 oppositum
3448 4916 3740 4987 splendore

2149 5013 2415 5083 implebat
2433 5031 2459 5081 ί
2487 5028 2552 5069 ac
2569 5012 2767 5069 deinde
2787 5012 3050 5067 aliorsum
3072 5009 3431 5072 transferens,
3466 5010 3736 5079 ingentem

2150 5104 2444 5165 confestim
2470 5106 2525 5161 iu
2554 5107 2778 5163 domum
2802 5105 3182 5175 ejaculabatur
3204 5102 3571 5175 splendorem,
3599 5100 3737 5157 adeo

2151 5207 2219 5253 ut
2240 5198 2513 5265 omnium,
2562 5198 2616 5253 in
2647 5214 2790 5268 quos
2835 5197 3128 5262 ferebatur,
3168 5197 3421 5251 obtutum
3471 5192 3737 5262 perstrin-

2151 5301 2305 5365 geret
2330 5301 2497 5363 atque
2529 5290 2878 5348 obtunderct.
2923 5292 3228 5361 Corporum
3261 5289 3425 5345 etiam
3468 5301 3733 5358 quorum-

1782 5485 2015 5546 YABUE
2048 5485 2462 5545 LECTIONES.

527 5652 570 5684 ¹⁸
599 5669 735 5724 γυμ.
766 5693 778 5706 .
810 5696 824 5711 .
859 5693 873 5708 .
904 5652 971 5708 R.

1083 5654 1130 5688 "
1154 5654 1539 5727 διαθερομένου
1563 5653 1632 5722 B,
1655 5653 1821 5725 Lugd.
1859 5663 1914 5710 et
1934 5654 2030 5727 fed.
2057 5670 2168 5727 pr.,
2192 5651 2721 5727 ίδιαθερμαινομένου
2754 5650 2904 5727 far,
2934 5643 3255 5727 su_bsilieute_
3277 5643 3448 5727 intpr:
3480 5638 3550 5727 Is,
3576 5646 3734 5727 puto,

450 5712 817 5808 vertere:sibi_
845 5725 1133 5808 videbatur
1173 5712 1802 5808 διαθόρρυμένουιίιιιιοζ
1817 5726 2039 5808 quidem
2059 5712 2412 5808 .nih_i.ii_es_t'.:
2439 5725 2502 5808 f°
2545 5712 2723 5808 παχξς
2754 5717 3123 5808 “hausti-ﬁn
3157 5712 3278 5808 (πέρ
3305 5714 3615 5808 ςξξλβξς.
3637 5726 3739 5808 ff:

452 5795 553 5871 χὺς
576 5809 643 5871 9.x
671 5793 841 5871 Lugd.
872 5812 981 5864 mg.
1015 5782 1549 5871 Ριιιτ.,τί-ιιιέμὶιιίιιικΔ
1603 5782 1919 5871 “Esaias
1949 5798 2095 5871 vulg.
2173 5798 2219 5827 “
2241 5782 2775 5871 6§6qlﬁaawo:[{._
2804 5790 2849 5821 ³³
2880 5782 3061 5871 ᾖξεν
3084 5784 3151 5871 Βε

3228 5787 3274 5815 ’⁸
3318 5778 3521 5865 ἐφοίκη
3547 5778 3594 5833 R

3228 5855 3262 5909 ι.
3340 5855 3387 5886 ²⁹
3416 5864 3627 5911 αντερει

450 5849 665 5937 ἔφ’έοῖςο
687 5849 1106 5937 ὲ-πῖστατδοόάί
1150 5849 1210 5937 ῖῗδ
1233 5849 1561 5937 ἀρέίυκῐδίαὶ
1583 5882 1704 5933 γεγ.
1872 5849 1922 5899 ξε
1943 5849 2018 5932 δέ
2043 5849 2151 5925 ius.
2187 5883 2250 5924 cx
2281 5866 2345 5921 R.
2379 5849 2390 5865 ’
2424 5849 2465 5897 ’θ
2502 5866 2714 5933 χρεοῖτο
2739 5861 2801 5915 R.
2880 5856 2925 5891 ⁸⁸
2952 5858 3032 5911 δεῖ
3069 5856 3164 5910 καὶ
3198 5853 3262 5909 Β.
3340 5849 3387 5886 η
3416 5849 3628 5920 ἀντερεῖ

448 5936 575 5992 add.
611 5951 677 5990 ex
703 5933 747 5989 Β
778 5945 832 5992 ct
879 5937 1043 6007 intpr.
1079 5936 1203 5992 solis
1230 5933 1527 6007 oppositum
1562 5938 1747 5993 radiis.
