4020 6452
440 430 443 435 .
485 377 622 437 1559

1676 388 2034 450 AGATHL'E
2061 388 2551 448 SCIIOLASTICI

3598 390 3718 459 1560

399 493 407 501 ’
482 488 756 541 vivebant.
802 487 975 545 Morbi
1024 500 1207 549 autem
1254 495 1466 564 spec-ius
1514 497 1681 551 veteri
1722 504 1842 552 erat
1887 494 2059 565 persi-

2166 474 2343 564 μένοι·
2383 497 2429 548 οἱ
2476 494 2536 547 δέ
2581 512 2643 563 γε
2700 494 2952 548 πλεῖστον
3008 493 3354 566 διαρκοῦντες
3406 496 3553 566 μόλις
3597 517 3725 572 πεμ-

483 579 650 634 milis.
691 577 894 638 Febres
934 583 1080 639 enim
1110 600 1235 640 cum
1279 585 1589 643 bubonibus
1630 586 2067 643 accendebantur

483 672 778 739 continuat,
814 683 870 728 et
895 688 1004 728 non
1042 676 1400 744 quotidianm,
1435 692 1611 748 neque
1652 678 1738 733 vel
1787 676 2064 732 modicum

485 764 845 831 remittentes,
886 765 980 820 sed
1019 766 1139 821 solo
1166 766 1307 837 ejus,
1337 782 1502 838 quem
1546 767 1950 839 corripuerant,
1981 767 2067 821 in-

485 855 649 908 teritu
686 866 986 911 cessantes.
1023 853 1279 911 Nonnulli
1322 874 1452 915 vero
1483 875 1658 930 neque
1701 870 1836 915 aestu
1868 859 2064 924 fcbrili,

441 990 450 1015 λ
488 959 663 1013 neque
698 945 805 998 alio
834 946 1023 1000 dolore
1062 949 1422 1017 praecedente,
1467 949 1563 1004 sed
1607 965 1731 1018 qua;
1761 965 2067 1004 consueve-

486 1042 610 1086 rant
642 1042 866 1103 agentes
895 1044 950 1089 et
987 1033 1136 1090 domi
1172 1046 1227 1092 et
1261 1038 1316 1091 in
1347 1039 1562 1108 plateis,
1606 1039 1679 1094 ita
1711 1048 1938 1110 cogente
1970 1054 2067 1095 te-

483 1128 740 1184 cessitate
774 1131 1127 1196 corruebant,
1163 1142 1385 1203 repente
1419 1133 1699 1191 exanimes
1729 1131 1880 1200 facti,
1901 1133 2067 1190 veluti

483 1232 551 1271 ex
614 1219 948 1288 temporaria
999 1230 1181 1276 morte
1233 1222 1523 1279 accersita.
1579 1221 1835 1294 Cujusvis
1883 1223 2070 1295 itaque

483 1306 659 1362 aetatis
709 1308 964 1365 homines
1023 1310 1338 1380 promiscue
1402 1313 1742 1382 interibant,
1796 1315 2070 1385 praecipue

482 1414 614 1454 vero
643 1399 876 1470 juvenes
905 1416 972 1456 ac
1010 1402 1269 1471 puberes,
1305 1410 1471 1474 atque
1499 1420 1567 1459 ex
1601 1406 1687 1462 his
1719 1406 2067 1477 potissimum

483 1505 666 1546 mares
694 1508 708 1545 :
741 1491 957 1549 feminae
983 1493 1130 1549 enim
1158 1508 1269 1551 non
1298 1497 1523 1566 perinde
1549 1496 1702 1553 hisce
1724 1498 1884 1554 malis
1911 1506 2071 1554 erant

482 1582 1159 1641 obnoxiaVetustissima
1188 1586 1375 1660 itaque
1403 1587 1788 1660 Egyptiorum
1818 1589 2066 1657 oracula,

480 1683 536 1728 et
567 1675 661 1744 qui
696 1674 838 1744 apud
873 1675 1073 1733 Persas
1108 1659 1418 1734 caelestium
1453 1659 1704 1735 motuum
1743 1680 1912 1752 299
1939 1691 2070 1738 sunt

2158 576 2351 642 ίπταῖοι
2379 586 2717 642 ἀπώλλυντο.
2764 587 2828 640 'll
2867 586 2925 640 δὲ
2946 585 3044 657 τῆς
3067 587 3224 640 νόσου
3279 587 3392 640 ἰδέα
3444 591 3723 663 παραπλη-

2169 680 2262 734 σία
2294 682 2362 751 τῇ
2390 678 2739 750 πρεσϐυτέρᾳ
2759 678 3057 749 ἐτύγχανεν
3079 674 3234 733 οὖσα.
3257 680 3493 751 Πυρετοὶ
3510 682 3617 768 γὰρ
3642 685 3728 740 ἐπὶ

2168 769 2437 840 βουϐὦσιν
2496 769 2802 839 ἀνήπτοντο
2851 771 3096 840 συνεχεῖς
3157 772 3253 822 καὶ
3319 771 3422 823 οὐκ
3456 772 3731 845 ἐφήμεροι,

2165 861 2289 915 οὐδὲ
2313 861 2553 932 μετρίως
2569 861 2702 930 γοῦν
2719 860 3123 933 ὑποχαλῶντες,
3146 862 3279 932 μόνῃ
3295 862 3351 915 δὲ
3368 864 3435 933 τῇ
3458 863 3674 937 τελευτῇ
3695 868 3735 901 ’⁵⁷

2164 951 2259 1005 τοῦ
2293 952 2516 1017 ἁλόντος
2557 953 2993 1024 ἀποπαυόμενοι.
3033 953 3208 1008 Ἔνιοι
3246 953 3305 1007 δὲ
3357 954 3498 1024 μήτε
3544 954 3739 1029 θέρμης

2167 1040 2546 1112 ἡγησαμένης,
2576 1042 2712 1111 μήτε
2751 1040 2912 1095 ἄλλου
2959 1040 3300 1111 ἀλγήματος,
3347 1041 3488 1096 ἀλλά
3522 1043 3741 1114 δρῶντες

2167 1131 2251 1185 ἔτι
2279 1131 2347 1185 τὰ
2381 1131 2692 1202 εἰθισμένα,
2722 1133 2861 1186 οῐκοι
2907 1130 2993 1204 [Ρ.
3027 1129 3150 1204 154]
3176 1148 3235 1184 τε
3260 1133 3357 1186 καὶ
3381 1132 3487 1189 ἀνὰ
3506 1133 3605 1198 τὰς
3622 1134 3743 1190 λεω-

2169 1223 2374 1296 φόρους
2429 1222 2576 1277 οῦτω
2649 1222 2937 1293 παρασχὸν
2993 1223 3354 1286 κατέπιπτον,
3414 1224 3513 1278 καὶ
3564 1225 3744 1298 ἀθρόον

2169 1316 2331 1372 ἀπνοι
2368 1315 2670 1384 ἐγίγνοντο,
2701 1313 3004 1385 ὦσπερτδν
3047 1313 3280 1369 θάνατον
3334 1316 3741 1386 σχεδιάσαντες·

2171 1409 2266 1464 καὶ
2299 1408 2488 1463 ἅπασα
2516 1407 2614 1478 μὲν
2654 1405 2844 1478 ἡλικία
2880 1407 3047 1478 χύδην
3088 1407 3401 1480 ἐφθείρετο,
3442 1408 3671 1479 μάλιστα
3695 1410 3745 1463 δὲ

2168 1502 2232 1555 τὸ
2255 1499 2508 1572 ἀκμάζον
2534 1516 2596 1553 τε
2623 1499 2720 1554 καὶ
2764 1498 3025 1570 ἡϐάσκον,
3072 1499 3169 1555 καὶ
3201 1501 3260 1555 ὲν
3299 1499 3483 1571 τούτῳ
3519 1501 3676 1555 πλέον
3702 1504 3746 1555 οἰ

2169 1594 2401 1665 ἄρρενες
2431 1609 2444 1623 ο
2468 1591 2530 1646 τὸ
2564 1592 2674 1662 γὰρ
2732 1590 2798 1662 δὴ
2846 1590 2979 1661 θῆλυ
3017 1590 3080 1644 ού
3139 1590 3289 1662 μάλα
3320 1590 3490 1661 ὃμοια
3533 1589 3743 1662 ἔπασχε.

2171 1685 2252 1739 Τὰ
2285 1685 2384 1756 μὲν
2411 1679 2505 1739 οὖν
2537 1681 2847 1738 παλαίτατα
2872 1682 2981 1739 τῶν
3015 1683 3337 1752 Αἰγυπτίων
3369 1683 3554 1752 λόγια,
3595 1684 3685 1738 καὶ
3703 1687 3746 1739 οἰ

481 1767 837 1836 peritissimi,
900 1777 1207 1838 temporum
1264 1771 1630 1840 quorumdam
1696 1773 2066 1829 revolutiones

2172 1778 2322 1850 παρά
2352 1776 2592 1847 Πέρσαις
2627 1774 2709 1830 ἔτι
2729 1775 2828 1846 τῆς
2856 1774 2969 1829 τῶν
2995 1774 3291 1846 μετεώρων
3344 1775 3615 1848 κινήσεως
3634 1775 3748 1847 δαη-

480 1860 537 1912 in
582 1858 797 1914 infinito
829 1873 948 1915 aevo
979 1860 1143 1914 simul
1180 1859 1312 1915 ferri
1340 1870 1615 1928 asserunt,
1652 1864 1817 1921 modo
1846 1863 2065 1934 quidem

2173 1847 2514 1942 μονέστατοι,
2549 1867 2758 1940 χρόνων
2789 1866 2954 1921 τινῶν
3004 1867 3290 1940 περιόδους
3338 1868 3402 1920 ἐν
3554 1868 3747 1939 ἀπείρῳ

480 1955 656 2010 bonas
697 1969 761 2009 ac
793 1952 1011 2021 felices,
1038 1955 1203 2011 modo
1231 1964 1413 2010 autem
1444 1971 1642 2027 pravas
1671 1966 1725 2013 et
1756 1956 2062 2013 infaustas:

477 2062 603 2101 esse
635 2061 762 2101 vero
792 2059 1121 2118 praesentem
1152 2047 1552 2104 revolutionem
1586 2065 1652 2105 ex
1677 2050 1934 2121 pessimis
1960 2050 2068 2106 illis

479 2148 646 2209 atque
673 2138 953 2196 infaustis.
994 2138 1133 2194 llinc
1166 2154 1298 2211 ergo
1324 2146 1380 2194 et
1410 2139 1552 2195 bella
1583 2141 1792 2211 passim
1834 2151 1889 2198 et
1922 2142 2068 2197 sedi-

478 2231 661 2286 tiones
709 2231 939 2288 urbibus
993 2232 1129 2286 oriri
1180 2241 1351 2303 atque
1386 2232 1767 2300 invalesccre,
1805 2244 1861 2290 et
1896 2235 2068 2305 pesti-

476 2322 656 2378 lentes
698 2324 922 2379 morbos
970 2338 1068 2394 per
1111 2322 1345 2379 multum
1391 2332 1609 2394 tempus
1662 2326 1862 2380 durare
1906 2335 2069 2397 atque

474 2417 873 2473 adhaerescere.
904 2416 1012 2471 Alii
1044 2431 1171 2474 vero
1196 2416 1453 2473 interitus
1472 2430 1697 2472 causam
1727 2416 1797 2472 ad
1826 2416 2066 2471 divinam

475 2510 619 2563 iram
650 2507 916 2574 referunt,
950 2524 1074 2577 quae
1096 2507 1327 2564 humani
1352 2507 1568 2579 generis
1602 2516 1825 2578 peccata
1856 2508 2067 2578 puniat,

474 2600 1003 2671 multitudinemque
1049 2600 1319 2655 succidat.
1368 2600 1452 2656 Me
1514 2614 1646 2656 vero
1706 2600 1775 2656 de
1836 2609 2069 2672 utraque

474 2692 733 2763 opinione
757 2692 1008 2763 judicare
1028 2692 1417 2763 verioremque
1458 2691 1756 2749 decernere
1785 2692 1921 2747 nihil
1945 2694 2070 2749 atti-

473 2789 606 2847 net,
654 2783 740 2840 vel
779 2783 925 2853 quod
961 2784 1207 2840 nesciam
1246 2782 1500 2850 fortasse,
1540 2782 1647 2851 vel,
1688 2782 1908 2840 etiamsi
1930 2784 2070 2841 forte

473 2876 673 2941 sciam,
705 2892 900 2948 parum
932 2884 1116 2932 tamen
1151 2876 1528 2934 necessarium
1568 2875 1623 2932 id
1649 2890 1928 2944 censeam,
1972 2892 2069 2933 ne-

472 2981 584 3037 que
633 2967 885 3038 praesenti
926 2968 1237 3024 tractationi
1280 2976 1732 3025 consentaneum.
1798 2966 1856 3023 Si
1920 2971 2066 3026 enim

475 3059 718 3114 breviter
756 3075 880 3129 qua:
924 3060 1250 3116 acciderunt
1294 3060 1766 3128 commemoravi,
1822 3061 2066 3119 historia:

472 3151 580 3225 legi
621 3151 886 3208 satisfeci.

550 3408 637 3463 ll.
679 3408 807 3463 llzec
852 3422 983 3462 vero
1017 3422 1142 3463 cum
1190 3408 1263 3461 ita
1305 3407 1678 3473 accidissent,
1729 3407 1833 3462 alia
1898 3407 2062 3461 etiam

472 3497 727 3570 quaedam
763 3512 861 3569 per
893 3497 945 3552 id
980 3505 1194 3568 tempus
1220 3499 1274 3553 in
1301 3499 1437 3556 urbe
1463 3508 1765 3555 evenerunt
1794 3499 2066 3553 tumultus

475 3607 543 3646 ac
590 3589 1024 3661 perturbationis
1068 3591 1249 3660 plena,
1285 3606 1466 3662 neque
1502 3590 1708 3657 minus,
1747 3605 1910 3661 quam
1943 3605 2066 3660 qua:

473 3684 738 3747 diximus,
770 3682 990 3738 acerba.
1028 3680 1223 3749 Qualia
1262 3690 1442 3737 autem
1475 3682 1591 3738 hare
1622 3681 1849 3748 fuerint,
1879 3680 2063 3738 statim

473 3762 678 3842 dicam,
725 3776 771 3832 si
816 3776 970 3846 prius
1004 3775 1244 3830 breviter
1276 3774 1576 3830 vetustiora
1612 3773 1865 3845 quazdam
1916 3790 2067 3830 com-

474 3883 877 3924 ntemoravero.
922 3865 1249 3922 Hunnorum
1294 3882 1429 3938 gens
1466 3866 1596 3922 olim
1641 3868 1863 3939 quidem
1908 3866 2067 3922 babi-

476 3961 613 4015 tavit
644 3961 792 4016 circa
826 3977 948 4016 eam
979 3960 1247 4016 Maeotidis
1283 3959 1500 4032 paludis
1525 3969 1762 4031 partem,
1786 3975 1908 4031 qua:
1934 3960 2068 4016 sub-

2169 1963 2328 2017 αἱῶνι
2353 1959 2736 2033 συμφέρεσθαι
2771 1958 3015 2028 λέγουσι’
3062 1958 3159 2012 νῦν
3202 1959 3306 2028 μὲν
3345 1958 3563 2028 ἀγαθάς
3590 1958 3635 1994 ⁸⁵⁸
3666 1960 3748 2013 καὶ

2170 2054 2518 2124 εὐδαίμονας,
2543 2051 2638 2105 νῦν
2668 2050 2725 2103 δὲ
2749 2049 3030 2122 μοχθηρὰς
3056 2049 3102 2083 ⁸⁸
3130 2048 3227 2104 καὶ
3248 2051 3599 2122 ἀποφράδας,
3623 2045 3745 2104 εἶναί

2169 2163 2230 2200 τε
2255 2145 2356 2217 τὴν
2395 2142 2680 2215 παροῦσαν
2722 2140 3028 2213 περιφοράν
3075 2142 3141 2196 ὲκ
3170 2141 3283 2195 τῶν
3315 2141 3596 2196 κακίστων
3617 2141 3745 2196 ὲκεί-

2170 2255 2278 2293 νων
2332 2236 2429 2289 καὶ
2476 2224 2754 2290 ἀπαισίων
2779 2251 2794 2264 ο
2830 2231 3084 2286 ἐντεῦθεν
3134 2232 3438 2305 τοιγαροῦν
3494 2233 3746 2304 πολέμους

2143 2347 2231 2384 ..τε
2268 2325 2586 2397 ἁπανταχοῦ
2615 2323 2968 2393 ξυνίστασθαι
2995 2323 3091 2377 καὶ
3135 2324 3364 2387 στάσεις
3400 2326 3524 2387 ταῖς
3555 2324 3740 2390 πόλεσι,

2172 2421 2269 2478 καὶ
2291 2419 2365 2475 τὰ
2407 2416 2646 2490 λοιμώδη
2699 2415 2844 2486 πάθη
2880 2415 3085 2487 μόνιμα
3125 2432 3185 2469 τε
3233 2410 3383 2468 εἶναι
3425 2414 3520 2468 xui.
3554 2431 3742 2483 συνίημι

2173 2515 2331 2586 μένα.
2365 2512 2581 2583 Ἕτεροι
2618 2509 2676 2564 δὲ
2706 2510 2875 2582 ὀργὴν
2901 2505 2999 2562 τοῦ
3045 2508 3366 2579 κρείττονος
3408 2505 3590 2560 αἰτίαν
3617 2502 3742 2558 εἷναί

2171 2625 2304 2680 φασι
2332 2607 2432 2679 τῆς
2480 2603 2713 2675 φθορᾶς,
2758 2599 3053 2673 μετιοῦσαν
3105 2599 3279 2667 ἀξίως
3317 2597 3393 2652 τά
3433 2597 3526 2652 τοῦ
3554 2597 3743 2668 ἀνθρω-

2170 2701 2325 2754 πείου
2354 2700 2548 2768 γένους
2580 2696 2919 2767 ἀδικήματα,
2954 2693 3049 2747 καὶ
3096 2692 3158 2746 τὸ
3205 2690 3421 2761 πλῆθος
3461 2692 3741 2759 ὑποτεμνο·

2172 2792 2363 2863 μένην.
2404 2787 2560 2859 Ἐμοὶ
2589 2785 2647 2840 δὲ
2678 2785 2894 2856 διαιτᾷν
2941 2784 3181 2854 ἑκατέρᾳ
3219 2781 3361 2857 δόξῃ
3404 2782 3502 2836 καί⁵
3526 2778 3742 2850 ἀποφαί-

2169 2882 2359 2937 νεσθαι
2385 2881 2482 2951 τὴν
2511 2876 2889 2949 ἀληθεστάτην
2920 2875 3023 2929 οὐκ
3075 2873 3432 2945 ὲγχειρητέα,
3474 2871 3629 2942 τυχὸν
3655 2869 3742 2941 μὲν

2168 2974 2292 3029 οὐδὲ
2329 2969 2703 3043 ἐπισταμένῳ,
2747 2968 2909 3039 τυχὸν
2955 2967 3034 3033 δὲ,
3068 2968 3118 3020 εἰ
3159 2967 3206 2999 ⁵⁹
3233 2965 3335 3019 καὶ
3381 2965 3602 3034 εἰδείην,
3641 2961 3740 3017 ἀλλ’

2167 3067 2268 3122 οὐκ
2291 3065 2336 3097 ⁸⁸
2372 3065 2669 3133 ἀναγκαῖον
2706 3060 2866 3115 τοῦτό
2919 3075 2984 3130 γε
3030 3055 3172 3113 εἶναι
3227 3057 3454 3123 δοκοῦν,
3508 3056 3625 3110 οὐδὲ
3673 3054 3741 3125 τῷ

2170 3157 2403 3230 παρόντι
2442 3155 2589 3226 λόγῳ
2645 3153 2925 3225 προσῆκον
2961 3168 2977 3184 ο
3008 3151 3171 3223 μόνου
3213 3151 3331 3224 γάρ
3357 3166 3451 3221 μοι
3474 3147 3563 3203 τοῦ
3613 3163 3738 3215 cup.-

2093 3213 2140 3274 C
2172 3213 2469 3321 σεέηκότος
2497 3213 2823 3302 έι”καὶ’διὰ’
2853 3213 3103 3316 βραχέων
3147 3213 3569 3315 ἐπιμνηςσθέντι,
3599 3240 3630 3293 ὁ
3656 3213 3742 3310 τῆς

2169 3341 2415 3414 ἱστορίας
2449 3337 2917 3411 ὲκτεθεράπευται
2946 3335 3132 3407 νόμος.

2240 3439 2333 3488 ια’.
2363 3432 2583 3484 Τούτων
2611 3428 2670 3483 δὲ
2694 3425 2840 3481 οὕτω
2867 3424 3324 3496 ξυνενεχθέντων,
3350 3424 3633 3492 ἐπεγένετο
3654 3419 3741 3474 καί

2166 3522 2302 3579 ἄλλα
2328 3522 2469 3577 am
2492 3523 2559 3593 τῇ
2595 3519 2747 3573 πόλει
2778 3518 2901 3571 κατ’
2931 3520 3107 3572 έκεῖνο
3132 3515 3225 3569 τοῦ
3256 3516 3478 3588 καιροῦ,
3512 3512 3736 3585 ταραχῆς

2167 3632 2223 3669 τε
2251 3616 2346 3668 καὶ
2381 3611 2612 3685 θορύϐου
2643 3611 2947 3680 ἀνάμεστα,
2972 3608 3067 3663 καὶ
3104 3607 3202 3679 οὐχ
3243 3602 3422 3680 ἧσσον
3467 3606 3573 3660 τῶν
3602 3605 3740 3676 εἰρη-

2171 3708 2350 3780 μένων
2380 3705 2712 3775 ἀνιαρότατα
2746 3704 2815 3757 ⁸².
2857 3702 3048 3756 Ὅποῖα
3071 3701 3128 3755 δὲ
3157 3701 3340 3755 ταῦτά
3371 3703 3538 3764 ἐστιν,
3561 3696 3739 3752 αὐτίκα

2168 3798 2300 3871 ἐρῶ,
2330 3797 2503 3868 βραχύ
2532 3814 2587 3851 τι
2617 3795 2882 3868 πρότερον
2910 3792 3197 3859 διεξελθὼν
3225 3793 3342 3848 τῶν
3368 3789 3735 3863 ἀρχαιοτέρων.

2169 3893 2233 3947 Oi
2267 3884 2460 3944 Οὗννοι
2489 3888 2551 3942 τδ
2594 3886 2776 3956 γένος,
2819 3887 2883 3944 τὸ
2938 3887 3038 3958 μὲν
3092 3883 3329 3939 παλαιὸν
3358 3881 3632 3952 κατῴκουν
3651 3876 3738 3947 τῆς
3792 3900 3808 3915 ε

2168 3980 2480 4043 Μαιώτιδος
2517 3978 2717 4050 λίμνης
2747 3976 2820 4031 τά
2850 3976 2989 4048 πρὸς
3030 3973 3360 4046 ἀπηλιώτην
3402 3972 3619 4042 ἄνεμον,
3657 3966 3739 4021 καὶ

472 4055 730 4110 solanum
776 4062 998 4109 ventum
1058 4069 1255 4110 versus
1295 4060 1530 4124 spectat,
1570 4064 1840 4135 erantque
1890 4051 2066 4108 Tanai

2168 4067 2310 4143 ἦσαν
2336 4069 2432 4124 τοῦ
2463 4068 2726 4132 Τανάϊδος
2765 4065 3013 4137 ποταμοῦ
3043 4062 3469 4136 ἀρκτικώτεροι,
3506 4057 3737 4125 καθάπερ

474 4147 703 4203 flumine
746 4147 924 4219 magis
955 4146 1449 4217 septentrionales;
1494 4146 1962 4217 quemadmodum
2013 4153 2066 4201 et

2170 4165 2265 4219 καὶ
2286 4163 2358 4217 τὰ
2385 4162 2522 4219 ἄλλα
2549 4160 2805 4233 βάρϐαρα
2855 4157 3008 4230 ἔθνη,
3058 4157 3233 4211 ὁπόσα
3274 4154 3426 4218 ἐντὸς
3472 4144 3665 4224 Ἰμαίου
3695 4147 3736 4181 ⁸⁸

471 4240 596 4294 alia:
650 4239 902 4295 barbara:
961 4240 1261 4306 nationes,
1328 4248 1599 4310 quotquot
1653 4239 1800 4294 intra
1854 4236 2064 4295 Imaum

2169 4257 2331 4329 ὅρους
2361 4254 2467 4310 ἀνά
2492 4254 2592 4326 τὴν
2633 4253 2818 4306 Ἀσίαν
2848 4249 3147 4321 ἐτύγχανον
3187 4247 3472 4319 ἱδρυμένα.
3512 4239 3662 4300 Οὗτοι
3685 4238 3735 4295 δί

474 4342 724 4388 montem
766 4334 819 4386 in
860 4331 990 4386 Asia
1018 4332 1407 4388 consederunt.
1439 4330 1504 4386 lli
1528 4347 1658 4387 vero
1687 4348 1879 4387 omnes
1904 4331 2066 4403 300

2171 4348 2411 4412 ἅπαντες
2436 4348 2590 4418 κοινῇ
2620 4345 2719 4415 μὲν
2737 4342 2945 4398 Σκύθαι
2965 4344 3061 4397 καὶ
3078 4332 3274 4397 Οὗννοι
3303 4337 3731 4408 ἑπωνομάζοντο·

471 4427 845 4481 communiter
869 4425 1090 4495 quidem
1133 4423 1351 4498 Scytlue
1392 4436 1447 4480 et
1478 4424 1658 4480 llunni
1694 4426 2064 4491 vocabantur;

2174 4441 2280 4512 ἰδίᾳ
2301 4440 2359 4493 δὲ
2385 4439 2527 4494 κατά
2547 4438 2707 4509 γένη,
2734 4437 2796 4490 τὸ
2835 4436 2934 4507 μέν
2970 4452 3023 4488 τι
3059 4434 3242 4487 αὐτῶν
3296 4430 3647 4503 Κοτρίγουροι
3672 4423 3732 4485 ⁵⁸,

475 4522 738 4591 privatim
774 4529 956 4577 autem
1002 4520 1308 4578 secundum
1358 4520 1635 4585 nationes,
1678 4520 1924 4576 nonnulli
1972 4536 2066 4576 eo-

2172 4532 2234 4587 τὸ
2270 4532 2328 4586 δὲ
2372 4530 2715 4602 Οὐτίγουροι,
2763 4527 2911 4583 ἄλλοι
2959 4526 3017 4580 δὲ
3058 4523 3430 4594 Οὐλτίζουροι,
3472 4521 3564 4574 καὶ
3602 4514 3732 4616 ἀλλον.

478 4630 596 4668 rum
639 4613 940 4685 Cotriguri,
995 4616 1085 4669 alii
1119 4605 1358 4687 Utiguri,
1393 4613 1486 4668 alii
1514 4628 1643 4669 vero
1678 4613 1931 4677 Ultizuri,
1970 4613 2063 4667 alii

2175 4623 2596 4696 Βουρούγουνδοι
2621 4639 2638 4657 ο
2669 4620 2765 4675 καὶ
2802 4619 2953 4674 ἄλλοι
2992 4618 3070 4683 ὡς
3103 4617 3171 4673 ἂν
3216 4617 3403 4680 αὐτοῖς
3443 4610 3730 4686 πάτριόνοτε

472 4712 639 4768 etiam
675 4711 993 4784 Burugundi
1034 4712 1380 4778 dicebantur,
1441 4709 1534 4765 alii
1579 4710 1738 4767 aliter
1776 4727 1842 4766 ex
1888 4711 2063 4781 patria

477 4806 678 4874 cuique
721 4816 886 4876 atque
930 4806 1129 4889 usitata
1192 4804 1561 4875 appellatione
1609 4804 2060 4860 nominabantur.

474 4896 664 4952 Multis
705 4909 888 4953 autem
928 4908 1118 4969 postea
1153 4897 1372 4953 saeculis
1411 4897 1752 4952 transierunt
1782 4897 1839 4953 in
1879 4896 2060 4953 Euro-

2172 4714 2242 4789 ἦν
2270 4716 2366 4771 καὶ
2412 4713 2741 4786 εἰθισμένον.
2794 4713 3017 4776 Γενεαῖς
3056 4709 3115 4764 δὲ
3144 4708 3373 4772 πολλαῖς
3426 4704 3641 4774 ὕστερον
3661 4699 3729 4752 δι-

2174 4808 2378 4879 έϐησαν
2408 4809 2466 4870 ἐς
2483 4806 2581 4877 τὴν
2622 4803 2915 4877 Εὐρώπην,
2941 4804 3053 4856 εῐτε
3081 4800 3159 4866 ὡς
3196 4799 3415 4873 ἀληθῶς
3451 4797 3639 4866 ἐλάφου
3661 4808 3729 4844 τι·

2175 4899 2265 4963 νὸς
2296 4897 2439 4952 κατά
2458 4896 2619 4951 τοῦτο
2643 4895 2709 4966 δὴ
2743 4896 2807 4950 τὸ
2858 4894 3261 4967 θρυλλούμενον
3310 4890 3572 4962 ταπρῶτα
3608 4888 3729 4957 ἡγη-

473 5005 638 5061 pam;
670 4989 784 5045 sive
834 5005 1021 5044 revera
1062 5005 1092 5045 a
1144 5004 1308 5044 cervo
1341 4989 1608 5060 quodam,
1638 4997 1698 5045 ut
1739 4988 1883 5044 fama
1931 5003 2060 5058 per-

2176 4988 2449 5060 σαμένης,
2478 4987 2591 5042 εἴτε
2623 4988 2718 5041 καὶ
2758 4985 2949 5059 ἀλλοία
2983 4985 3323 5058 χρησάμενοι
3349 4981 3507 5053 τύχη,
3537 4979 3624 5033 καὶ
3642 4976 3727 5045 τὴν

488 5082 722 5144 crebuit,
767 5082 1004 5152 primum
1039 5068 1208 5149 ducti,
1239 5081 1354 5138 sive
1395 5082 1500 5137 alia
1538 5084 1796 5153 quapiam
1841 5081 2064 5136 fortuna

2174 5081 2376 5154 ἰκροὴν
2402 5081 2502 5152 τῆς
2532 5081 2579 5113 ⁸⁸
2612 5080 2810 5152 λίμνης
2833 5080 2932 5151 τὴν
2960 5081 3020 5144 ἰις
3044 5079 3139 5133 τὸν
3168 5077 3419 5143 Εὔξεινον
3449 5073 3630 5129 πόντον
3653 5083 3729 5138 cpe-

475 5175 598 5241 usi,
626 5183 682 5231 et
723 5174 1026 5233 Maotidem
1071 5175 1347 5246 paludem,
1375 5190 1483 5246 qua
1518 5183 1674 5246 parte
1705 5174 1759 5230 in
1788 5174 2063 5229 Euxinum

2180 5175 2438 5248 ρομένην,
2478 5174 2687 5245 ἄπορον
2716 5173 2857 5237 τέως
2880 5170 3177 5238 δοκοῦσαν,
3207 5171 3329 5225 τότε
3371 5168 3435 5241 δὴ
3476 5162 3662 5237 ὁτῳοῦν
3687 5157 3727 5191 ⁸⁸

477 5276 706 5339 pontum
736 5266 931 5335 fertur,
966 5284 1091 5325 cum
1117 5278 1274 5323 antea
1315 5267 1491 5338 trajici
1520 5282 1868 5339 nequaquam
1898 5282 2061 5337 posse

2174 5270 2364 5343 τρόπῳ
2392 5268 2906 5341 διαπεραιωθέντες,
2947 5267 3220 5339 ἀλώμενοι
3257 5266 3313 5321 δὲ
3343 5265 3489 5336 ὅμως
3515 5256 3617 5315 ἀνὰ
3637 5253 3724 5342 Th".

490 5361 844 5427 crederetur,
884 5370 1015 5417 tunc
1065 5369 1211 5417 certe
1263 5374 1591 5432 quocunque
1634 5361 1854 5417 tandem
1900 5359 2064 5414 modo

2174 5362 2411 5429 ὀθνείαν,
2466 5362 2697 5416 πλεῖστα
2760 5362 2861 5415 ὅσα
2928 5361 2990 5421 τὺ
3068 5359 3314 5429 ἰθαγενὲς
3389 5351 3718 5424 ἐλυμήναντο,

1769 5537 2003 5594 nam
2067 5537 2472 5626 LECTlONES.

556 5697 604 5773 δῖ
640 5698 867 5769 τελευτῇ
905 5699 1107 5773 excidit
1132 5701 1193 5773 in
1215 5699 1338 5773 Par.
1415 5700 1460 5733 "
1497 5702 1706 5770 ἀγαθὰς
1737 5703 1805 5767 Β,
1840 5702 2082 5773 ἀγαθοὺς
2114 5703 2262 5773 vulg.
2338 5704 2384 5735 ⁸³
2416 5699 2697 5773 μοχθηρὰς
2717 5696 2782 5773 ll,
2822 5700 3128 5773 μοχθηροὺς
3158 5701 3298 5770 vulg.
3328 5771 3341 5773 _
3364 5693 3491 5773 _”_£l
3518 5701 3619 5745 οων

474 5766 522 5843 gg
553 5749 1105 5843 aestimasti";
1130 5749 1192 5825 ξιξ
1212 5749 1467 5843 sane.
1498 5749 1704 5827 3;."8
1733 5749 2083 5843 διῑῑεσῐροιςῖέᾱξξ
2122 5749 2325 5843 τετυ
2360 5749 2695 5843 «sane?
2722 5749 2789 5801 si
2808 5749 3614 5843 ξιιξβίξέιῑροῖεῖτοςηεχουροι
3647 5749 3703 5812 ιι,

476 5835 800 5911 Κοτρῐγοροι
830 5848 883 5894 ct
920 5835 1203 5912 Οῖῦτίγοροι
1241 5842 1386 5912 vulg.
1463 5843 1507 5875 ⁸³
1540 5844 1636 5914 τῆς
1661 5859 1771 5899 om.
1807 5835 1877 5896 Ri
1950 5843 1994 5873 “
2017 5839 2106 5895 οὖν
2139 5842 2244 5898 ins.
2278 5842 2319 5897 ιι
2349 5835 2467 5911 post
2506 5841 2588 5913 δὴ,
2614 5840 2741 5896 fort.
2776 5836 2870 5896 οὖν
2902 5835 3097 5911 ὁτῳδή.
