  <div class='ocr_page' id='page_1' title='image "/cluster/home/n/w/nwhite01/storage/ocr_20150623/88/coo.31924054869924/798.png"; bbox 0 0 4020 6408; ppageno 0'>
   <div class='ocr_carea' id='block_1_1' title="bbox 299 426 439 494">
    <p class='ocr_par' dir='ltr' id='par_1_1' title="bbox 299 426 439 494">
     <span class='ocr_line' id='line_1_1' title="bbox 299 426 439 494; baseline -0.021 -3"><span class='ocrx_word' id='word_1_1' title='bbox 299 426 439 494; x_wconf 82' lang='grc'>1561</span> 
     </span>
    </p>
   </div>
   <div class='ocr_carea' id='block_1_2' title="bbox 1492 400 2337 467">
    <p class='ocr_par' dir='ltr' id='par_1_2' title="bbox 1492 400 2337 467">
     <span class='ocr_line' id='line_1_2' title="bbox 1492 400 2337 467; baseline -0.013 0"><span class='ocrx_word' id='word_1_2' title='bbox 1492 402 2032 467; x_wconf 78' lang='lat' dir='ltr'><strong>HISTORIARUM</strong></span> <span class='ocrx_word' id='word_1_3' title='bbox 2084 400 2231 461; x_wconf 84' lang='lat' dir='ltr'><strong>LIB.</strong></span> <span class='ocrx_word' id='word_1_4' title='bbox 2272 400 2337 457; x_wconf 67' lang='grc' dir='ltr'><strong>Υ.</strong></span> 
     </span>
    </p>
   </div>
   <div class='ocr_carea' id='block_1_3' title="bbox 3427 379 3563 448">
    <p class='ocr_par' dir='ltr' id='par_1_3' title="bbox 3427 379 3563 448">
     <span class='ocr_line' id='line_1_3' title="bbox 3427 379 3563 448; baseline 0.015 -3"><span class='ocrx_word' id='word_1_5' title='bbox 3427 379 3563 448; x_wconf 70' lang='lat'><strong>1562</strong></span> 
     </span>
    </p>
   </div>
   <div class='ocr_carea' id='block_1_4' title="bbox 296 499 1915 607">
    <p class='ocr_par' dir='ltr' id='par_1_4' title="bbox 296 513 1885 607">
     <span class='ocr_line' id='line_1_4' title="bbox 296 513 1885 607; baseline -0.018 -16"><span class='ocrx_word' id='word_1_6' title='bbox 296 535 691 607; x_wconf 73' lang='grc' dir='ltr'><strong>ἀπροσδόκητα</strong></span> <span class='ocrx_word' id='word_1_7' title='bbox 724 525 1151 600; x_wconf 78' lang='grc' dir='ltr'><strong>προσπεσόντες,</strong></span> <span class='ocrx_word' id='word_1_8' title='bbox 1180 522 1255 586; x_wconf 85' lang='grc' dir='ltr'>ὡς</span> <span class='ocrx_word' id='word_1_9' title='bbox 1291 520 1404 582; x_wconf 73' lang='grc' dir='ltr'>καὶ,</span> <span class='ocrx_word' id='word_1_10' title='bbox 1433 519 1557 579; x_wconf 80' lang='grc' dir='ltr'>τοὺς</span> <span class='ocrx_word' id='word_1_11' title='bbox 1583 513 1885 586; x_wconf 79' lang='grc' dir='ltr'>προτέρους</span> 
     </span>
    </p>
   </div>
   <div class='ocr_carea' id='block_1_5' title="bbox 2019 499 3565 607">
    <p class='ocr_par' dir='ltr' id='par_1_5' title="bbox 2021 499 3565 579">
     <span class='ocr_line' id='line_1_5' title="bbox 2021 499 3565 579; baseline -0.008 -17"><span class='ocrx_word' id='word_1_12' title='bbox 2021 509 2368 579; x_wconf 85' lang='lat' dir='ltr'><strong>rajicientcs,</strong></span> <span class='ocrx_word' id='word_1_13' title='bbox 2430 512 2482 559; x_wconf 87' lang='lat' dir='ltr'><strong>et</strong></span> <span class='ocrx_word' id='word_1_14' title='bbox 2546 519 2639 575; x_wconf 79' lang='lat' dir='ltr'><strong>por</strong></span> <span class='ocrx_word' id='word_1_15' title='bbox 2694 502 2871 557; x_wconf 88' lang='lat' dir='ltr'><strong>aliena</strong></span> <span class='ocrx_word' id='word_1_16' title='bbox 2920 507 3212 570; x_wconf 73' lang='lat' dir='ltr'><strong>vagantes,</strong></span> <span class='ocrx_word' id='word_1_17' title='bbox 3262 499 3565 551; x_wconf 72' lang='lat' dir='ltr'><strong>innumeris</strong></span> 
     </span>
    </p>
   </div>
   <div class='ocr_carea' id='block_1_6' title="bbox 298 608 1873 699">
    <p class='ocr_par' dir='ltr' id='par_1_6' title="bbox 298 608 1873 699">
     <span class='ocr_line' id='line_1_6' title="bbox 298 608 1873 699; baseline -0.019 -15"><span class='ocrx_word' id='word_1_18' title='bbox 298 629 595 699; x_wconf 86' lang='grc' dir='ltr'>οἰκήτορας</span> <span class='ocrx_word' id='word_1_19' title='bbox 642 621 1037 684; x_wconf 78' lang='grc' dir='ltr'><strong>ἀπελάσαντες,</strong></span> <span class='ocrx_word' id='word_1_20' title='bbox 1091 614 1246 669; x_wconf 74' lang='grc' dir='ltr'>αὐτοὶ</span> <span class='ocrx_word' id='word_1_21' title='bbox 1301 611 1400 682; x_wconf 78' lang='grc' dir='ltr'>τὴν</span> <span class='ocrx_word' id='word_1_22' title='bbox 1461 608 1687 662; x_wconf 76' lang='grc' dir='ltr'>ἐκείνων</span> <span class='ocrx_word' id='word_1_23' title='bbox 1748 619 1873 657; x_wconf 70' lang='grc' dir='ltr'>κατ-</span> 
     </span>
    </p>
   </div>
   <div class='ocr_carea' id='block_1_7' title="bbox 309 696 1885 795">
    <p class='ocr_par' dir='ltr' id='par_1_7' title="bbox 309 696 1885 795">
     <span class='ocr_line' id='line_1_7' title="bbox 309 696 1885 795; baseline -0.02 -16"><span class='ocrx_word' id='word_1_24' title='bbox 309 696 792 795; x_wconf 78' lang='grc' dir='ltr'>έχειν.¹Ἠμελλον</span> <span class='ocrx_word' id='word_1_25' title='bbox 817 712 875 767; x_wconf 86' lang='grc' dir='ltr'><strong>δέ</strong></span> <span class='ocrx_word' id='word_1_26' title='bbox 905 711 1014 782; x_wconf 80' lang='grc' dir='ltr'>ἄρα</span> <span class='ocrx_word' id='word_1_27' title='bbox 1053 709 1154 763; x_wconf 76' lang='grc' dir='ltr'><strong>οὐκ</strong></span> <span class='ocrx_word' id='word_1_28' title='bbox 1193 706 1288 759; x_wconf 74' lang='grc' dir='ltr'><strong>ἐπὶ</strong></span> <span class='ocrx_word' id='word_1_29' title='bbox 1317 702 1662 775; x_wconf 76' lang='grc' dir='ltr'><strong>μακρότατον</strong></span> <span class='ocrx_word' id='word_1_30' title='bbox 1694 696 1885 766; x_wconf 80' lang='grc' dir='ltr'>διαμέ-</span> 
     </span>
    </p>
   </div>
   <div class='ocr_carea' id='block_1_8' title="bbox 298 787 1888 877">
    <p class='ocr_par' dir='ltr' id='par_1_8' title="bbox 298 787 1888 877">
     <span class='ocr_line' id='line_1_8' title="bbox 298 787 1888 877; baseline -0.018 -10"><span class='ocrx_word' id='word_1_31' title='bbox 298 787 441 875; x_wconf 70' lang='grc' dir='ltr'>νειν,</span> <span class='ocrx_word' id='word_1_32' title='bbox 471 787 610 864; x_wconf 70' lang='grc' dir='ltr'>ἀλλά</span> <span class='ocrx_word' id='word_1_33' title='bbox 644 804 932 877; x_wconf 76' lang='grc' dir='ltr'>πρόρριζοι</span> <span class='ocrx_word' id='word_1_34' title='bbox 956 802 1046 866; x_wconf 74' lang='grc' dir='ltr'><strong>τὸ,</strong></span> <span class='ocrx_word' id='word_1_35' title='bbox 1071 797 1382 868; x_wconf 86' lang='grc' dir='ltr'>λεγόμενον,</span> <span class='ocrx_word' id='word_1_36' title='bbox 1412 789 1752 848; x_wconf 77' lang='grc' dir='ltr'>ἀπολεῖσθαι.</span> 
     </span>
    </p>
   </div>
   <div class='ocr_carea' id='block_1_9' title="bbox 302 875 1889 972">
    <p class='ocr_par' dir='ltr' id='par_1_9' title="bbox 302 875 1889 972">
     <span class='ocr_line' id='line_1_9' title="bbox 302 875 1889 972; baseline -0.018 -15"><span class='ocrx_word' id='word_1_37' title='bbox 302 902 434 956; x_wconf 86' lang='grc' dir='ltr'>τίκα</span> <span class='ocrx_word' id='word_1_38' title='bbox 480 898 567 972; x_wconf 86' lang='grc' dir='ltr'><strong>[Ρ.</strong></span> <span class='ocrx_word' id='word_1_39' title='bbox 610 875 916 968; x_wconf 18' lang='grc' dir='ltr'>155]Ἰγοῦν</span> <span class='ocrx_word' id='word_1_40' title='bbox 964 885 1387 958; x_wconf 81' lang='grc' dir='ltr'>οὺλτίζουροί⁹⁷</span> <span class='ocrx_word' id='word_1_41' title='bbox 1411 900 1470 936; x_wconf 87' lang='grc' dir='ltr'><strong>τε</strong></span> <span class='ocrx_word' id='word_1_42' title='bbox 1514 882 1607 935; x_wconf 77' lang='grc' dir='ltr'><strong>καὶ</strong></span> <span class='ocrx_word' id='word_1_43' title='bbox 1654 875 1889 947; x_wconf 82' lang='grc' dir='ltr'>Βουρού-</span> 
     </span>
    </p>
   </div>
   <div class='ocr_carea' id='block_1_10' title="bbox 304 968 1890 1060">
    <p class='ocr_par' dir='ltr' id='par_1_10' title="bbox 304 968 1890 1060">
     <span class='ocr_line' id='line_1_10' title="bbox 304 968 1890 1060; baseline -0.015 -17"><span class='ocrx_word' id='word_1_44' title='bbox 304 968 525 1060; x_wconf 71' lang='grc' dir='ltr'>γουνδόι</span> <span class='ocrx_word' id='word_1_45' title='bbox 559 985 723 1057; x_wconf 86' lang='grc' dir='ltr'>μέχρι</span> <span class='ocrx_word' id='word_1_46' title='bbox 773 983 874 1054; x_wconf 83' lang='grc' dir='ltr'><strong>μὲν</strong></span> <span class='ocrx_word' id='word_1_47' title='bbox 928 981 1159 1040; x_wconf 83' lang='grc' dir='ltr'>Λέοντος</span> <span class='ocrx_word' id='word_1_48' title='bbox 1193 974 1289 1029; x_wconf 88' lang='grc' dir='ltr'><strong>τοῦ</strong></span> <span class='ocrx_word' id='word_1_49' title='bbox 1336 972 1739 1043; x_wconf 75' lang='grc' dir='ltr'><strong>αὐτοκράτορος</strong></span> <span class='ocrx_word' id='word_1_50' title='bbox 1793 968 1890 1020; x_wconf 76' lang='grc' dir='ltr'><strong>καὶ</strong></span> 
     </span>
    </p>
   </div>
   <div class='ocr_carea' id='block_1_11' title="bbox 304 1059 1890 1147">
    <p class='ocr_par' dir='ltr' id='par_1_11' title="bbox 304 1059 1890 1147">
     <span class='ocr_line' id='line_1_11' title="bbox 304 1059 1890 1147; baseline -0.015 -13"><span class='ocrx_word' id='word_1_51' title='bbox 304 1059 422 1133; x_wconf 81' lang='grc' dir='ltr'>τῶν</span> <span class='ocrx_word' id='word_1_52' title='bbox 450 1080 507 1132; x_wconf 80' lang='grc' dir='ltr'><strong>ἐν</strong></span> <span class='ocrx_word' id='word_1_53' title='bbox 535 1075 615 1147; x_wconf 84' lang='grc' dir='ltr'>τῷ</span> <span class='ocrx_word' id='word_1_54' title='bbox 638 1075 761 1128; x_wconf 84' lang='grc' dir='ltr'>τότε</span> <span class='ocrx_word' id='word_1_55' title='bbox 803 1069 1088 1142; x_wconf 81' lang='grc' dir='ltr'>Ῥωμαίων</span> <span class='ocrx_word' id='word_1_56' title='bbox 1114 1065 1385 1138; x_wconf 84' lang='grc' dir='ltr'>γνώριμοί</span> <span class='ocrx_word' id='word_1_57' title='bbox 1413 1081 1471 1116; x_wconf 89' lang='grc' dir='ltr'><strong>τε</strong></span> <span class='ocrx_word' id='word_1_58' title='bbox 1520 1062 1766 1132; x_wconf 83' lang='grc' dir='ltr'>ὑπῆρχον</span> <span class='ocrx_word' id='word_1_59' title='bbox 1797 1059 1890 1111; x_wconf 76' lang='grc' dir='ltr'>καὶ</span> 
     </span>
    </p>
   </div>
   <div class='ocr_carea' id='block_1_12' title="bbox 310 1150 1892 1241">
    <p class='ocr_par' dir='ltr' id='par_1_12' title="bbox 310 1150 1892 1241">
     <span class='ocr_line' id='line_1_12' title="bbox 310 1150 1892 1241; baseline -0.016 -15"><span class='ocrx_word' id='word_1_60' title='bbox 310 1173 536 1241; x_wconf 73' lang='grc' dir='ltr'>ἄλκιμοι</span> <span class='ocrx_word' id='word_1_61' title='bbox 570 1164 710 1222; x_wconf 82' lang='grc' dir='ltr'>εἶναι</span> <span class='ocrx_word' id='word_1_62' title='bbox 752 1166 972 1220; x_wconf 86' lang='grc' dir='ltr'>ἐδόκουν</span> <span class='ocrx_word' id='word_1_63' title='bbox 999 1178 1013 1192; x_wconf 76' lang='grc'>⁸</span> <span class='ocrx_word' id='word_1_64' title='bbox 1048 1163 1209 1232; x_wconf 80' lang='grc' dir='ltr'><strong>ἡμεῖς</strong></span> <span class='ocrx_word' id='word_1_65' title='bbox 1237 1160 1295 1212; x_wconf 86' lang='grc' dir='ltr'><strong>δέ</strong></span> <span class='ocrx_word' id='word_1_66' title='bbox 1332 1159 1381 1211; x_wconf 83' lang='grc' dir='ltr'>οἱ</span> <span class='ocrx_word' id='word_1_67' title='bbox 1428 1154 1524 1210; x_wconf 90' lang='grc' dir='ltr'><strong>νῦν</strong></span> <span class='ocrx_word' id='word_1_68' title='bbox 1562 1151 1687 1207; x_wconf 73' lang='grc' dir='ltr'>οὔτε</span> <span class='ocrx_word' id='word_1_69' title='bbox 1735 1150 1892 1220; x_wconf 76' lang='grc' dir='ltr'>ἴσμεν</span> 
     </span>
    </p>
   </div>
   <div class='ocr_carea' id='block_1_13' title="bbox 308 1241 1894 1326">
    <p class='ocr_par' dir='ltr' id='par_1_13' title="bbox 308 1241 1894 1326">
     <span class='ocr_line' id='line_1_13' title="bbox 308 1241 1894 1326; baseline -0.015 -9"><span class='ocrx_word' id='word_1_70' title='bbox 308 1263 533 1325; x_wconf 75' lang='grc' dir='ltr'>αὐτοὺς,</span> <span class='ocrx_word' id='word_1_71' title='bbox 564 1258 708 1325; x_wconf 77' lang='grc' dir='ltr'>οὔτε,</span> <span class='ocrx_word' id='word_1_72' title='bbox 743 1254 900 1326; x_wconf 75' lang='grc' dir='ltr'>οἶμαι</span> <span class='ocrx_word' id='word_1_73' title='bbox 930 1255 997 1320; x_wconf 83' lang='grc'>⁸⁸,</span> <span class='ocrx_word' id='word_1_74' title='bbox 1023 1252 1302 1323; x_wconf 85' lang='grc' dir='ltr'>εἰσόμεθα,</span> <span class='ocrx_word' id='word_1_75' title='bbox 1328 1248 1491 1320; x_wconf 83' lang='grc' dir='ltr'>τυχὸν</span> <span class='ocrx_word' id='word_1_76' title='bbox 1523 1245 1627 1317; x_wconf 81' lang='grc' dir='ltr'><strong>μὲν</strong></span> <span class='ocrx_word' id='word_1_77' title='bbox 1661 1241 1894 1312; x_wconf 76' lang='grc' dir='ltr'>διαφθα-</span> 
     </span>
    </p>
   </div>
   <div class='ocr_carea' id='block_1_14' title="bbox 313 1338 1892 1426">
    <p class='ocr_par' dir='ltr' id='par_1_14' title="bbox 313 1338 1892 1426">
     <span class='ocr_line' id='line_1_14' title="bbox 313 1338 1892 1426; baseline -0.012 -17"><span class='ocrx_word' id='word_1_78' title='bbox 313 1355 530 1426; x_wconf 79' lang='grc' dir='ltr'>ρέντας,</span> <span class='ocrx_word' id='word_1_79' title='bbox 585 1352 747 1421; x_wconf 63' lang='grc' dir='ltr'>τυχὸν</span> <span class='ocrx_word' id='word_1_80' title='bbox 791 1348 847 1402; x_wconf 81' lang='grc' dir='ltr'>δὲ</span> <span class='ocrx_word' id='word_1_81' title='bbox 893 1346 969 1410; x_wconf 89' lang='grc' dir='ltr'>ὼς</span> <span class='ocrx_word' id='word_1_82' title='bbox 1025 1343 1363 1416; x_wconf 68' lang='grc' dir='ltr'>πορρωτάτω</span> <span class='ocrx_word' id='word_1_83' title='bbox 1425 1338 1892 1410; x_wconf 69' lang='grc' dir='ltr'><strong>μεταναστάντας.</strong></span> 
     </span>
    </p>
   </div>
   <div class='ocr_carea' id='block_1_15' title="bbox 323 1429 1897 1512">
    <p class='ocr_par' dir='ltr' id='par_1_15' title="bbox 323 1429 1897 1512">
     <span class='ocr_line' id='line_1_15' title="bbox 323 1429 1897 1512; baseline -0.01 -11"><span class='ocrx_word' id='word_1_84' title='bbox 323 1445 570 1500; x_wconf 83' lang='grc' dir='ltr'>Ἐκείνου</span> <span class='ocrx_word' id='word_1_85' title='bbox 595 1459 660 1512; x_wconf 82' lang='grc' dir='ltr'><strong>γε</strong></span> <span class='ocrx_word' id='word_1_86' title='bbox 702 1442 810 1512; x_wconf 78' lang='grc' dir='ltr'><strong>μὴν</strong></span> <span class='ocrx_word' id='word_1_87' title='bbox 849 1439 943 1492; x_wconf 89' lang='grc' dir='ltr'><strong>τοῦ</strong></span> <span class='ocrx_word' id='word_1_88' title='bbox 991 1437 1169 1502; x_wconf 75' lang='grc' dir='ltr'>ἔτους,</span> <span class='ocrx_word' id='word_1_89' title='bbox 1216 1439 1277 1490; x_wconf 81' lang='grc' dir='ltr'><strong>ἐν</strong></span> <span class='ocrx_word' id='word_1_90' title='bbox 1295 1429 1339 1503; x_wconf 79' lang='grc' dir='ltr'>ᾧ</span> <span class='ocrx_word' id='word_1_91' title='bbox 1360 1434 1425 1506; x_wconf 84' lang='grc' dir='ltr'><strong>δὴ</strong></span> <span class='ocrx_word' id='word_1_92' title='bbox 1469 1433 1605 1503; x_wconf 77' lang='grc' dir='ltr'>ἔφην</span> <span class='ocrx_word' id='word_1_93' title='bbox 1651 1432 1751 1503; x_wconf 84' lang='grc' dir='ltr'><strong>τὴν</strong></span> <span class='ocrx_word' id='word_1_94' title='bbox 1788 1433 1897 1486; x_wconf 82' lang='grc' dir='ltr'>λοι-</span> 
     </span>
    </p>
   </div>
   <div class='ocr_carea' id='block_1_16' title="bbox 316 1520 1901 1607">
    <p class='ocr_par' dir='ltr' id='par_1_16' title="bbox 316 1520 1901 1607">
     <span class='ocr_line' id='line_1_16' title="bbox 316 1520 1901 1607; baseline -0.009 -18"><span class='ocrx_word' id='word_1_95' title='bbox 316 1535 473 1607; x_wconf 81' lang='grc' dir='ltr'>μώδη</span> <span class='ocrx_word' id='word_1_96' title='bbox 504 1534 658 1587; x_wconf 86' lang='grc' dir='ltr'>νόσον</span> <span class='ocrx_word' id='word_1_97' title='bbox 680 1534 746 1603; x_wconf 76' lang='grc' dir='ltr'>τῇ</span> <span class='ocrx_word' id='word_1_98' title='bbox 780 1530 933 1583; x_wconf 83' lang='grc' dir='ltr'>πόλει</span> <span class='ocrx_word' id='word_1_99' title='bbox 980 1526 1273 1596; x_wconf 68' lang='grc' dir='ltr'>ἐνσκῆψαι,</span> <span class='ocrx_word' id='word_1_100' title='bbox 1317 1524 1387 1578; x_wconf 84' lang='grc' dir='ltr'><strong>τὰ</strong></span> <span class='ocrx_word' id='word_1_101' title='bbox 1424 1523 1589 1576; x_wconf 74' lang='grc' dir='ltr'>λοιπὰ</span> <span class='ocrx_word' id='word_1_102' title='bbox 1622 1522 1729 1576; x_wconf 82' lang='grc' dir='ltr'>τῶν</span> <span class='ocrx_word' id='word_1_103' title='bbox 1769 1520 1901 1575; x_wconf 85' lang='grc' dir='ltr'>Οῦν-</span> 
     </span>
    </p>
   </div>
   <div class='ocr_carea' id='block_1_17' title="bbox 311 1614 1894 1696">
    <p class='ocr_par' dir='ltr' id='par_1_17' title="bbox 311 1614 1894 1696">
     <span class='ocr_line' id='line_1_17' title="bbox 311 1614 1894 1696; baseline -0.009 -13"><span class='ocrx_word' id='word_1_104' title='bbox 311 1646 426 1683; x_wconf 86' lang='grc' dir='ltr'><strong>νων</strong></span> <span class='ocrx_word' id='word_1_105' title='bbox 464 1628 595 1696; x_wconf 81' lang='grc' dir='ltr'>γένη</span> <span class='ocrx_word' id='word_1_106' title='bbox 626 1622 863 1688; x_wconf 77' lang='grc' dir='ltr'>ἐσώζετο</span> <span class='ocrx_word' id='word_1_107' title='bbox 889 1623 958 1687; x_wconf 80' lang='lat'><strong>&quot;,</strong></span> <span class='ocrx_word' id='word_1_108' title='bbox 1011 1621 1108 1675; x_wconf 69' lang='lat' dir='ltr'><strong>xui.</strong></span> <span class='ocrx_word' id='word_1_109' title='bbox 1147 1614 1290 1691; x_wconf 81' lang='grc' dir='ltr'>ἦσαν</span> <span class='ocrx_word' id='word_1_110' title='bbox 1337 1617 1417 1671; x_wconf 75' lang='grc' dir='ltr'>ἔτι</span> <span class='ocrx_word' id='word_1_111' title='bbox 1462 1615 1894 1683; x_wconf 81' lang='grc' dir='ltr'>ὀνομαστότατα.</span> 
     </span>
    </p>
   </div>
   <div class='ocr_carea' id='block_1_18' title="bbox 315 1706 1899 1785">
    <p class='ocr_par' dir='ltr' id='par_1_18' title="bbox 315 1706 1899 1785">
     <span class='ocr_line' id='line_1_18' title="bbox 315 1706 1899 1785; baseline -0.011 -10"><span class='ocrx_word' id='word_1_112' title='bbox 315 1723 440 1775; x_wconf 78' lang='grc' dir='ltr'><strong>Κατ</strong></span> <span class='ocrx_word' id='word_1_113' title='bbox 450 1722 620 1781; x_wconf 86' lang='grc' dir='ltr'>ιόντες</span> <span class='ocrx_word' id='word_1_114' title='bbox 642 1717 699 1770; x_wconf 85' lang='grc' dir='ltr'>δὲ</span> <span class='ocrx_word' id='word_1_115' title='bbox 724 1717 873 1785; x_wconf 83' lang='grc' dir='ltr'>ὅμως</span> <span class='ocrx_word' id='word_1_116' title='bbox 900 1714 949 1767; x_wconf 77' lang='lat' dir='ltr'><strong>oi</strong></span> <span class='ocrx_word' id='word_1_117' title='bbox 968 1711 1161 1767; x_wconf 79' lang='grc' dir='ltr'>Οῦννοι</span> <span class='ocrx_word' id='word_1_118' title='bbox 1181 1714 1236 1774; x_wconf 84' lang='grc' dir='ltr'><strong>ἐς</strong></span> <span class='ocrx_word' id='word_1_119' title='bbox 1253 1710 1321 1764; x_wconf 78' lang='grc' dir='ltr'>τὰ</span> <span class='ocrx_word' id='word_1_120' title='bbox 1338 1708 1475 1781; x_wconf 65' lang='grc' dir='ltr'>πρὸς</span> <span class='ocrx_word' id='word_1_121' title='bbox 1496 1708 1649 1762; x_wconf 82' lang='grc' dir='ltr'>νότον</span> <span class='ocrx_word' id='word_1_122' title='bbox 1674 1706 1899 1777; x_wconf 75' lang='grc' dir='ltr'>ἄνεμον,</span> 
     </span>
    </p>
   </div>
   <div class='ocr_carea' id='block_1_19' title="bbox 315 1797 1900 1880">
    <p class='ocr_par' dir='ltr' id='par_1_19' title="bbox 315 1797 1900 1880">
     <span class='ocr_line' id='line_1_19' title="bbox 315 1797 1900 1880; baseline -0.008 -17"><span class='ocrx_word' id='word_1_123' title='bbox 315 1809 386 1863; x_wconf 78' lang='grc' dir='ltr'><strong>οὐ</strong></span> <span class='ocrx_word' id='word_1_124' title='bbox 439 1808 630 1880; x_wconf 70' lang='grc' dir='ltr'>πόρρω</span> <span class='ocrx_word' id='word_1_125' title='bbox 645 1804 746 1875; x_wconf 87' lang='grc' dir='ltr'>τῆς</span> <span class='ocrx_word' id='word_1_126' title='bbox 766 1803 935 1874; x_wconf 77' lang='grc' dir='ltr'>δχθης</span> <span class='ocrx_word' id='word_1_127' title='bbox 959 1802 1054 1856; x_wconf 87' lang='grc' dir='ltr'><strong>τοῦ</strong></span> <span class='ocrx_word' id='word_1_128' title='bbox 1087 1803 1301 1872; x_wconf 82' lang='grc' dir='ltr'>Ἴστρου</span> <span class='ocrx_word' id='word_1_129' title='bbox 1327 1798 1576 1869; x_wconf 79' lang='grc' dir='ltr'>ποταμοῦ</span> <span class='ocrx_word' id='word_1_130' title='bbox 1593 1797 1900 1869; x_wconf 73' lang='grc' dir='ltr'>ηὐλίζοντο,</span> 
     </span>
    </p>
   </div>
   <div class='ocr_carea' id='block_1_20' title="bbox 1987 588 3566 668">
    <p class='ocr_par' dir='ltr' id='par_1_20' title="bbox 1987 588 3566 668">
     <span class='ocr_line' id='line_1_20' title="bbox 1987 588 3566 668; baseline -0.011 -13"><span class='ocrx_word' id='word_1_131' title='bbox 1987 601 2207 655; x_wconf 81' lang='lat' dir='ltr'><strong>damnis</strong></span> <span class='ocrx_word' id='word_1_132' title='bbox 2252 599 2542 668; x_wconf 69' lang='lat' dir='ltr'><strong>indigenas</strong></span> <span class='ocrx_word' id='word_1_133' title='bbox 2566 593 2883 655; x_wconf 71' lang='lat' dir='ltr'><strong>aﬂ‘eceruut,</strong></span> <span class='ocrx_word' id='word_1_134' title='bbox 2920 591 3202 660; x_wconf 88' lang='lat' dir='ltr'><strong>inopinato</strong></span> <span class='ocrx_word' id='word_1_135' title='bbox 3233 604 3327 644; x_wconf 85' lang='lat' dir='ltr'><strong>eos</strong></span> <span class='ocrx_word' id='word_1_136' title='bbox 3357 588 3566 654; x_wconf 87' lang='lat' dir='ltr'><strong>adorti;</strong></span> 
     </span>
    </p>
   </div>
   <div class='ocr_carea' id='block_1_21' title="bbox 1987 678 3570 759">
    <p class='ocr_par' dir='ltr' id='par_1_21' title="bbox 1987 678 3570 759">
     <span class='ocr_line' id='line_1_21' title="bbox 1987 678 3570 759; baseline -0.009 -12"><span class='ocrx_word' id='word_1_137' title='bbox 1987 691 2126 746; x_wconf 90' lang='lat' dir='ltr'><strong>adeo</strong></span> <span class='ocrx_word' id='word_1_138' title='bbox 2156 700 2234 753; x_wconf 82' lang='lat' dir='ltr'><strong>ut,</strong></span> <span class='ocrx_word' id='word_1_139' title='bbox 2268 688 2544 759; x_wconf 83' lang='lat' dir='ltr'><strong>prioribus</strong></span> <span class='ocrx_word' id='word_1_140' title='bbox 2591 682 3026 740; x_wconf 74' lang='lat' dir='ltr'><strong>habitationibus</strong></span> <span class='ocrx_word' id='word_1_141' title='bbox 3052 680 3264 750; x_wconf 70' lang='lat' dir='ltr'><strong>ejectis,</strong></span> <span class='ocrx_word' id='word_1_142' title='bbox 3311 678 3410 748; x_wconf 90' lang='lat' dir='ltr'><strong>ipsi</strong></span> <span class='ocrx_word' id='word_1_143' title='bbox 3449 678 3570 732; x_wconf 85' lang='lat' dir='ltr'><strong>illo-</strong></span> 
     </span>
    </p>
   </div>
   <div class='ocr_carea' id='block_1_22' title="bbox 1988 770 3569 848">
    <p class='ocr_par' dir='ltr' id='par_1_22' title="bbox 1988 770 3569 848">
     <span class='ocr_line' id='line_1_22' title="bbox 1988 770 3569 848; baseline -0.009 -10"><span class='ocrx_word' id='word_1_144' title='bbox 1988 799 2111 838; x_wconf 84' lang='lat' dir='ltr'><strong>rum</strong></span> <span class='ocrx_word' id='word_1_145' title='bbox 2149 783 2416 836; x_wconf 77' lang='lat' dir='ltr'><strong>ditionem</strong></span> <span class='ocrx_word' id='word_1_146' title='bbox 2454 777 2797 848; x_wconf 77' lang='lat' dir='ltr'><strong>occuparint,</strong></span> <span class='ocrx_word' id='word_1_147' title='bbox 2833 776 2886 829; x_wconf 91' lang='lat' dir='ltr'><strong>in</strong></span> <span class='ocrx_word' id='word_1_148' title='bbox 2919 790 3027 844; x_wconf 89' lang='lat' dir='ltr'><strong>qua</strong></span> <span class='ocrx_word' id='word_1_149' title='bbox 3062 782 3242 827; x_wconf 89' lang='lat' dir='ltr'><strong>tamen</strong></span> <span class='ocrx_word' id='word_1_150' title='bbox 3281 787 3387 825; x_wconf 89' lang='lat' dir='ltr'><strong>non</strong></span> <span class='ocrx_word' id='word_1_151' title='bbox 3418 770 3569 823; x_wconf 84' lang='lat' dir='ltr'><strong>vide-</strong></span> 
     </span>
    </p>
   </div>
   <div class='ocr_carea' id='block_1_23' title="bbox 1988 863 3569 931">
    <p class='ocr_par' dir='ltr' id='par_1_23' title="bbox 1988 863 3569 931">
     <span class='ocr_line' id='line_1_23' title="bbox 1988 863 3569 931; baseline -0.013 0"><span class='ocrx_word' id='word_1_152' title='bbox 1988 876 2193 931; x_wconf 80' lang='lat' dir='ltr'><strong>bantur</strong></span> <span class='ocrx_word' id='word_1_153' title='bbox 2223 872 2535 928; x_wconf 79' lang='lat' dir='ltr'><strong>diutissilnc</strong></span> <span class='ocrx_word' id='word_1_154' title='bbox 2558 867 2977 927; x_wconf 87' lang='lat' dir='ltr'><strong>commoratnri.</strong></span> <span class='ocrx_word' id='word_1_155' title='bbox 3002 864 3096 920; x_wconf 89' lang='lat' dir='ltr'><strong>sed</strong></span> <span class='ocrx_word' id='word_1_156' title='bbox 3126 863 3398 931; x_wconf 80' lang='lat' dir='ltr'><strong>stirpitus,</strong></span> <span class='ocrx_word' id='word_1_157' title='bbox 3426 864 3569 928; x_wconf 84' lang='lat' dir='ltr'><strong>quod</strong></span> 
     </span>
    </p>
   </div>
   <div class='ocr_carea' id='block_1_24' title="bbox 1992 950 3565 1034">
    <p class='ocr_par' dir='ltr' id='par_1_24' title="bbox 1992 950 3565 1034">
     <span class='ocr_line' id='line_1_24' title="bbox 1992 950 3565 1034; baseline -0.01 -15"><span class='ocrx_word' id='word_1_158' title='bbox 1992 966 2167 1030; x_wconf 89' lang='lat' dir='ltr'><strong>aiunt,</strong></span> <span class='ocrx_word' id='word_1_159' title='bbox 2203 963 2454 1034; x_wconf 86' lang='lat' dir='ltr'><strong>perituri.</strong></span> <span class='ocrx_word' id='word_1_160' title='bbox 2492 960 2647 1015; x_wconf 88' lang='lat' dir='ltr'><strong>Tunc</strong></span> <span class='ocrx_word' id='word_1_161' title='bbox 2685 961 2869 1028; x_wconf 83' lang='lat' dir='ltr'><strong>itaque</strong></span> <span class='ocrx_word' id='word_1_162' title='bbox 2903 955 3128 1011; x_wconf 80' lang='lat' dir='ltr'><strong>Ultizuri</strong></span> <span class='ocrx_word' id='word_1_163' title='bbox 3167 965 3220 1008; x_wconf 87' lang='lat' dir='ltr'><strong>et</strong></span> <span class='ocrx_word' id='word_1_164' title='bbox 3250 950 3565 1020; x_wconf 78' lang='lat' dir='ltr'><strong>Bnrugundi</strong></span> 
     </span>
    </p>
   </div>
   <div class='ocr_carea' id='block_1_25' title="bbox 1993 1043 3570 1124">
    <p class='ocr_par' dir='ltr' id='par_1_25' title="bbox 1993 1043 3570 1124">
     <span class='ocr_line' id='line_1_25' title="bbox 1993 1043 3570 1124; baseline -0.013 -13"><span class='ocrx_word' id='word_1_165' title='bbox 1993 1070 2171 1124; x_wconf 88' lang='lat' dir='ltr'><strong>usque</strong></span> <span class='ocrx_word' id='word_1_166' title='bbox 2198 1055 2264 1108; x_wconf 83' lang='lat' dir='ltr'><strong>ad</strong></span> <span class='ocrx_word' id='word_1_167' title='bbox 2296 1053 2531 1107; x_wconf 84' lang='lat' dir='ltr'><strong>Leonem</strong></span> <span class='ocrx_word' id='word_1_168' title='bbox 2556 1052 2939 1119; x_wconf 81' lang='lat' dir='ltr'><strong>imperatorem</strong></span> <span class='ocrx_word' id='word_1_169' title='bbox 2964 1058 3019 1101; x_wconf 92' lang='lat' dir='ltr'><strong>et</strong></span> <span class='ocrx_word' id='word_1_170' title='bbox 3037 1045 3130 1115; x_wconf 92' lang='lat' dir='ltr'><strong>qui</strong></span> <span class='ocrx_word' id='word_1_171' title='bbox 3163 1060 3254 1113; x_wconf 87' lang='lat' dir='ltr'><strong>per</strong></span> <span class='ocrx_word' id='word_1_172' title='bbox 3281 1043 3332 1096; x_wconf 92' lang='lat' dir='ltr'><strong>id</strong></span> <span class='ocrx_word' id='word_1_173' title='bbox 3356 1052 3570 1110; x_wconf 88' lang='lat' dir='ltr'><strong>tempus</strong></span> 
     </span>
    </p>
   </div>
   <div class='ocr_carea' id='block_1_26' title="bbox 1993 1135 3573 1209">
    <p class='ocr_par' dir='ltr' id='par_1_26' title="bbox 1993 1135 3573 1209">
     <span class='ocr_line' id='line_1_26' title="bbox 1993 1135 3573 1209; baseline -0.013 -7"><span class='ocrx_word' id='word_1_174' title='bbox 1993 1156 2149 1202; x_wconf 86' lang='lat' dir='ltr'><strong>erant</strong></span> <span class='ocrx_word' id='word_1_175' title='bbox 2183 1145 2484 1209; x_wconf 81' lang='lat' dir='ltr'><strong>Romanos,</strong></span> <span class='ocrx_word' id='word_1_176' title='bbox 2538 1141 2781 1196; x_wconf 86' lang='lat' dir='ltr'><strong>celebres</strong></span> <span class='ocrx_word' id='word_1_177' title='bbox 2809 1139 3087 1198; x_wconf 79' lang='lat' dir='ltr'><strong>exstitere,</strong></span> <span class='ocrx_word' id='word_1_178' title='bbox 3138 1135 3416 1203; x_wconf 79' lang='lat' dir='ltr'><strong>fortesque</strong></span> <span class='ocrx_word' id='word_1_179' title='bbox 3443 1139 3573 1183; x_wconf 78' lang='lat' dir='ltr'><strong>sunt</strong></span> 
     </span>
    </p>
   </div>
   <div class='ocr_carea' id='block_1_27' title="bbox 1997 1230 3576 1305">
    <p class='ocr_par' dir='ltr' id='par_1_27' title="bbox 1997 1230 3576 1305">
     <span class='ocr_line' id='line_1_27' title="bbox 1997 1230 3576 1305; baseline -0.012 -9"><span class='ocrx_word' id='word_1_180' title='bbox 1997 1241 2165 1296; x_wconf 88' lang='lat' dir='ltr'><strong>habiti</strong></span> <span class='ocrx_word' id='word_1_181' title='bbox 2201 1259 2215 1295; x_wconf 90' lang='lat'><strong>:</strong></span> <span class='ocrx_word' id='word_1_182' title='bbox 2253 1254 2354 1294; x_wconf 89' lang='lat' dir='ltr'><strong>nos</strong></span> <span class='ocrx_word' id='word_1_183' title='bbox 2400 1252 2551 1301; x_wconf 80' lang='lat' dir='ltr'><strong>vero,</strong></span> <span class='ocrx_word' id='word_1_184' title='bbox 2599 1235 2692 1305; x_wconf 91' lang='lat' dir='ltr'><strong>qui</strong></span> <span class='ocrx_word' id='word_1_185' title='bbox 2744 1235 2850 1287; x_wconf 86' lang='lat' dir='ltr'><strong>hac</strong></span> <span class='ocrx_word' id='word_1_186' title='bbox 2881 1240 3041 1287; x_wconf 66' lang='lat' dir='ltr'><strong>aetate</strong></span> <span class='ocrx_word' id='word_1_187' title='bbox 3078 1230 3336 1293; x_wconf 77' lang='lat' dir='ltr'><strong>vivimus,</strong></span> <span class='ocrx_word' id='word_1_188' title='bbox 3397 1239 3576 1294; x_wconf 81' lang='lat' dir='ltr'><strong>neque</strong></span> 
     </span>
    </p>
   </div>
   <div class='ocr_carea' id='block_1_28' title="bbox 1995 1318 3580 1398">
    <p class='ocr_par' dir='ltr' id='par_1_28' title="bbox 1995 1318 3580 1398">
     <span class='ocr_line' id='line_1_28' title="bbox 1995 1318 3580 1398; baseline -0.013 -8"><span class='ocrx_word' id='word_1_189' title='bbox 1995 1349 2093 1390; x_wconf 85' lang='lat' dir='ltr'><strong>eos</strong></span> <span class='ocrx_word' id='word_1_190' title='bbox 2135 1332 2413 1395; x_wconf 85' lang='lat' dir='ltr'><strong>novimus,</strong></span> <span class='ocrx_word' id='word_1_191' title='bbox 2441 1342 2620 1398; x_wconf 88' lang='lat' dir='ltr'><strong>neque</strong></span> <span class='ocrx_word' id='word_1_192' title='bbox 2650 1338 2963 1386; x_wconf 82' lang='lat' dir='ltr'><strong>noscemus,</strong></span> <span class='ocrx_word' id='word_1_193' title='bbox 2995 1323 3138 1392; x_wconf 89' lang='lat' dir='ltr'><strong>quod</strong></span> <span class='ocrx_word' id='word_1_194' title='bbox 3170 1322 3252 1375; x_wconf 83' lang='lat' dir='ltr'><strong>vel</strong></span> <span class='ocrx_word' id='word_1_195' title='bbox 3281 1321 3438 1373; x_wconf 79' lang='lat' dir='ltr'><strong>deleti</strong></span> <span class='ocrx_word' id='word_1_196' title='bbox 3468 1318 3580 1372; x_wconf 80' lang='lat' dir='ltr'><strong>for—</strong></span> 
     </span>
    </p>
   </div>
   <div class='ocr_carea' id='block_1_29' title="bbox 1998 1412 3581 1490">
    <p class='ocr_par' dir='ltr' id='par_1_29' title="bbox 1998 1412 3581 1490">
     <span class='ocr_line' id='line_1_29' title="bbox 1998 1412 3581 1490; baseline -0.012 -9"><span class='ocrx_word' id='word_1_197' title='bbox 1998 1438 2144 1481; x_wconf 84' lang='lat' dir='ltr'><strong>tasse</strong></span> <span class='ocrx_word' id='word_1_198' title='bbox 2177 1425 2308 1486; x_wconf 87' lang='lat' dir='ltr'><strong>sint,</strong></span> <span class='ocrx_word' id='word_1_199' title='bbox 2343 1422 2427 1477; x_wconf 85' lang='lat' dir='ltr'><strong>vel</strong></span> <span class='ocrx_word' id='word_1_200' title='bbox 2478 1434 2640 1490; x_wconf 89' lang='lat' dir='ltr'><strong>quam</strong></span> <span class='ocrx_word' id='word_1_201' title='bbox 2680 1415 3048 1472; x_wconf 88' lang='lat' dir='ltr'><strong>remotissime</strong></span> <span class='ocrx_word' id='word_1_202' title='bbox 3093 1412 3222 1468; x_wconf 87' lang='lat' dir='ltr'><strong>hinc</strong></span> <span class='ocrx_word' id='word_1_203' title='bbox 3254 1412 3412 1466; x_wconf 67' lang='lat' dir='ltr'><strong>sedes</strong></span> <span class='ocrx_word' id='word_1_204' title='bbox 3450 1425 3581 1463; x_wconf 86' lang='lat' dir='ltr'><strong>suas</strong></span> 
     </span>
    </p>
   </div>
   <div class='ocr_carea' id='block_1_30' title="bbox 2000 1502 3581 1579">
    <p class='ocr_par' dir='ltr' id='par_1_30' title="bbox 2000 1502 3581 1579">
     <span class='ocr_line' id='line_1_30' title="bbox 2000 1502 3581 1579; baseline -0.015 -5"><span class='ocrx_word' id='word_1_205' title='bbox 2000 1514 2404 1574; x_wconf 79' lang='lat' dir='ltr'><strong>transtulerint.</strong></span> <span class='ocrx_word' id='word_1_206' title='bbox 2434 1512 2545 1567; x_wconf 85' lang='lat' dir='ltr'><strong>illo</strong></span> <span class='ocrx_word' id='word_1_207' title='bbox 2569 1510 2757 1579; x_wconf 89' lang='lat' dir='ltr'><strong>utique</strong></span> <span class='ocrx_word' id='word_1_208' title='bbox 2790 1521 2958 1572; x_wconf 89' lang='lat' dir='ltr'><strong>anno,</strong></span> <span class='ocrx_word' id='word_1_209' title='bbox 2995 1519 3104 1575; x_wconf 89' lang='lat' dir='ltr'><strong>quo</strong></span> <span class='ocrx_word' id='word_1_210' title='bbox 3140 1502 3450 1573; x_wconf 82' lang='lat' dir='ltr'><strong>pestilentia</strong></span> <span class='ocrx_word' id='word_1_211' title='bbox 3484 1517 3581 1552; x_wconf 86' lang='lat' dir='ltr'><strong>ur-</strong></span> 
     </span>
    </p>
   </div>
   <div class='ocr_carea' id='block_1_31' title="bbox 1998 1592 3584 1673">
    <p class='ocr_par' dir='ltr' id='par_1_31' title="bbox 1998 1592 3584 1673">
     <span class='ocr_line' id='line_1_31' title="bbox 1998 1592 3584 1673; baseline -0.015 -10"><span class='ocrx_word' id='word_1_212' title='bbox 1998 1609 2122 1664; x_wconf 83' lang='lat' dir='ltr'><strong>bem</strong></span> <span class='ocrx_word' id='word_1_213' title='bbox 2162 1605 2382 1670; x_wconf 79' lang='lat' dir='ltr'><strong>invasit,</strong></span> <span class='ocrx_word' id='word_1_214' title='bbox 2416 1603 2641 1673; x_wconf 66' lang='lat' dir='ltr'><strong>reliquae</strong></span> <span class='ocrx_word' id='word_1_215' title='bbox 2664 1598 2986 1653; x_wconf 83' lang='lat' dir='ltr'><strong>Hunnorum</strong></span> <span class='ocrx_word' id='word_1_216' title='bbox 3010 1606 3197 1667; x_wconf 84' lang='lat' dir='ltr'><strong>gentes</strong></span> <span class='ocrx_word' id='word_1_217' title='bbox 3221 1593 3383 1648; x_wconf 66' lang='lat' dir='ltr'><strong>salva:</strong></span> <span class='ocrx_word' id='word_1_218' title='bbox 3409 1592 3584 1643; x_wconf 78' lang='lat' dir='ltr'><strong>adhuc</strong></span> 
     </span>
    </p>
   </div>
   <div class='ocr_carea' id='block_1_32' title="bbox 2002 1683 3587 1757">
    <p class='ocr_par' dir='ltr' id='par_1_32' title="bbox 2002 1683 3587 1757">
     <span class='ocr_line' id='line_1_32' title="bbox 2002 1683 3587 1757; baseline -0.015 -1"><span class='ocrx_word' id='word_1_219' title='bbox 2002 1711 2056 1756; x_wconf 89' lang='lat' dir='ltr'><strong>et</strong></span> <span class='ocrx_word' id='word_1_220' title='bbox 2085 1698 2308 1754; x_wconf 74' lang='lat' dir='ltr'><strong>maximi</strong></span> <span class='ocrx_word' id='word_1_221' title='bbox 2333 1704 2493 1752; x_wconf 88' lang='lat' dir='ltr'><strong>erant</strong></span> <span class='ocrx_word' id='word_1_222' title='bbox 2517 1692 2780 1747; x_wconf 85' lang='lat' dir='ltr'><strong>nominis.</strong></span> <span class='ocrx_word' id='word_1_223' title='bbox 2804 1690 2939 1746; x_wconf 88' lang='lat' dir='ltr'><strong>Cum</strong></span> <span class='ocrx_word' id='word_1_224' title='bbox 2964 1689 3149 1757; x_wconf 87' lang='lat' dir='ltr'><strong>itaque</strong></span> <span class='ocrx_word' id='word_1_225' title='bbox 3175 1683 3587 1740; x_wconf 84' lang='lat' dir='ltr'><strong>descendissent</strong></span> 
     </span>
    </p>
   </div>
   <div class='ocr_carea' id='block_1_33' title="bbox 2004 1773 3585 1850">
    <p class='ocr_par' dir='ltr' id='par_1_33' title="bbox 2004 1773 3585 1850">
     <span class='ocr_line' id='line_1_33' title="bbox 2004 1773 3585 1850; baseline -0.014 -3"><span class='ocrx_word' id='word_1_226' title='bbox 2004 1792 2189 1848; x_wconf 87' lang='lat' dir='ltr'><strong>ilunni</strong></span> <span class='ocrx_word' id='word_1_227' title='bbox 2244 1792 2298 1846; x_wconf 90' lang='lat' dir='ltr'><strong>in</strong></span> <span class='ocrx_word' id='word_1_228' title='bbox 2349 1790 2466 1843; x_wconf 90' lang='lat' dir='ltr'><strong>loca</strong></span> <span class='ocrx_word' id='word_1_229' title='bbox 2513 1787 2578 1841; x_wconf 88' lang='lat' dir='ltr'><strong>ad</strong></span> <span class='ocrx_word' id='word_1_230' title='bbox 2612 1794 2858 1839; x_wconf 85' lang='lat' dir='ltr'><strong>austrum</strong></span> <span class='ocrx_word' id='word_1_231' title='bbox 2911 1778 3207 1850; x_wconf 81' lang='lat' dir='ltr'><strong>vergentia,</strong></span> <span class='ocrx_word' id='word_1_232' title='bbox 3254 1791 3362 1830; x_wconf 86' lang='lat' dir='ltr'><strong>non</strong></span> <span class='ocrx_word' id='word_1_233' title='bbox 3395 1773 3585 1844; x_wconf 81' lang='lat' dir='ltr'><strong>procul</strong></span> 
     </span>
    </p>
   </div>
   <div class='ocr_carea' id='block_1_34' title="bbox 320 1861 1915 1972">
    <p class='ocr_par' dir='ltr' id='par_1_34' title="bbox 320 1861 1904 1972">
     <span class='ocr_line' id='line_1_34' title="bbox 325 1861 1894 1880; baseline -0.007 -2"><span class='ocrx_word' id='word_1_234' title='bbox 325 1861 340 1863; x_wconf 86' lang='lat'><strong>-</strong></span> <span class='ocrx_word' id='word_1_235' title='bbox 365 1861 376 1863; x_wconf 57' lang='grc' dir='ltr'><strong>τ</strong></span> <span class='ocrx_word' id='word_1_236' title='bbox 512 1861 525 1880; x_wconf 88' lang='grc'><strong>.</strong></span> <span class='ocrx_word' id='word_1_237' title='bbox 551 1861 564 1880; x_wconf 90' lang='grc'><strong>.</strong></span> <span class='ocrx_word' id='word_1_238' title='bbox 702 1861 742 1875; x_wconf 81' lang='grc'><strong>.-</strong></span> <span class='ocrx_word' id='word_1_239' title='bbox 800 1861 831 1874; x_wconf 73' lang='grc' dir='ltr'>η</span> <span class='ocrx_word' id='word_1_240' title='bbox 891 1861 927 1872; x_wconf 87' lang='grc'><strong>.-</strong></span> <span class='ocrx_word' id='word_1_241' title='bbox 1208 1861 1220 1872; x_wconf 93' lang='grc'><strong>.</strong></span> <span class='ocrx_word' id='word_1_242' title='bbox 1474 1861 1487 1869; x_wconf 86' lang='grc'>.</span> <span class='ocrx_word' id='word_1_243' title='bbox 1615 1861 1626 1869; x_wconf 96' lang='grc'>.</span> <span class='ocrx_word' id='word_1_244' title='bbox 1886 1861 1894 1864; x_wconf 90' lang='grc'>.</span> 
     </span>
     <span class='ocr_line' id='line_1_35' title="bbox 320 1885 1904 1972; baseline -0.008 -18"><span class='ocrx_word' id='word_1_245' title='bbox 320 1900 488 1972; x_wconf 76' lang='grc' dir='ltr'>ἡνίκα</span> <span class='ocrx_word' id='word_1_246' title='bbox 514 1895 581 1971; x_wconf 79' lang='grc' dir='ltr'>ἦν</span> <span class='ocrx_word' id='word_1_247' title='bbox 612 1897 795 1959; x_wconf 81' lang='grc' dir='ltr'>αὐτοῖς</span> <span class='ocrx_word' id='word_1_248' title='bbox 846 1894 1212 1967; x_wconf 78' lang='grc' dir='ltr'><strong>βουλομένοις.</strong></span> <span class='ocrx_word' id='word_1_249' title='bbox 1258 1893 1394 1946; x_wconf 83' lang='grc' dir='ltr'>Τότε</span> <span class='ocrx_word' id='word_1_250' title='bbox 1446 1890 1510 1963; x_wconf 81' lang='grc' dir='ltr'>δὴ</span> <span class='ocrx_word' id='word_1_251' title='bbox 1537 1885 1632 1945; x_wconf 82' lang='grc' dir='ltr'><strong>οῦν</strong></span> <span class='ocrx_word' id='word_1_252' title='bbox 1669 1889 1763 1943; x_wconf 88' lang='grc' dir='ltr'><strong>τοῦ</strong></span> <span class='ocrx_word' id='word_1_253' title='bbox 1786 1906 1904 1959; x_wconf 89' lang='grc' dir='ltr'>χει-</span> 
     </span>
    </p>
   </div>
   <div class='ocr_carea' id='block_1_35' title="bbox 2019 1861 3585 1972">
    <p class='ocr_par' dir='ltr' id='par_1_35' title="bbox 2019 1866 3585 1957">
     <span class='ocr_line' id='line_1_36' title="bbox 2019 1866 3585 1957; baseline -0.015 -15"><span class='ocrx_word' id='word_1_254' title='bbox 2019 1886 2161 1957; x_wconf 74' lang='lat'><strong>301</strong></span> <span class='ocrx_word' id='word_1_255' title='bbox 2195 1900 2226 1939; x_wconf 89' lang='lat' dir='ltr'><strong>a</strong></span> <span class='ocrx_word' id='word_1_256' title='bbox 2262 1883 2378 1953; x_wconf 84' lang='lat' dir='ltr'><strong>ripa</strong></span> <span class='ocrx_word' id='word_1_257' title='bbox 2411 1879 2534 1935; x_wconf 87' lang='lat' dir='ltr'><strong>lstri</strong></span> <span class='ocrx_word' id='word_1_258' title='bbox 2579 1875 2821 1932; x_wconf 90' lang='lat' dir='ltr'><strong>ﬂuminis</strong></span> <span class='ocrx_word' id='word_1_259' title='bbox 2856 1890 2921 1927; x_wconf 79' lang='lat' dir='ltr'><strong>ex</strong></span> <span class='ocrx_word' id='word_1_260' title='bbox 2962 1873 3130 1927; x_wconf 88' lang='lat' dir='ltr'><strong>animi</strong></span> <span class='ocrx_word' id='word_1_261' title='bbox 3178 1869 3265 1924; x_wconf 88' lang='lat' dir='ltr'><strong>sui</strong></span> <span class='ocrx_word' id='word_1_262' title='bbox 3315 1866 3585 1923; x_wconf 84' lang='lat' dir='ltr'><strong>sententia</strong></span> 
     </span>
    </p>
   </div>
   <div class='ocr_carea' id='block_1_36' title="bbox 329 1980 1903 2062">
    <p class='ocr_par' dir='ltr' id='par_1_36' title="bbox 329 1980 1903 2062">
     <span class='ocr_line' id='line_1_37' title="bbox 329 1980 1903 2062; baseline -0.006 -18"><span class='ocrx_word' id='word_1_263' title='bbox 329 1990 509 2062; x_wconf 82' lang='grc' dir='ltr'>μῶνος</span> <span class='ocrx_word' id='word_1_264' title='bbox 552 1988 973 2059; x_wconf 80' lang='grc' dir='ltr'>ἐπιλαϐομένου,</span> <span class='ocrx_word' id='word_1_265' title='bbox 1039 1986 1109 2039; x_wconf 81' lang='grc' dir='ltr'><strong>τὰ</strong></span> <span class='ocrx_word' id='word_1_266' title='bbox 1161 1985 1259 2055; x_wconf 82' lang='grc' dir='ltr'>μὲν</span> <span class='ocrx_word' id='word_1_267' title='bbox 1300 1985 1493 2055; x_wconf 77' lang='grc' dir='ltr'>ῥεῖθρα</span> <span class='ocrx_word' id='word_1_268' title='bbox 1546 1981 1700 2035; x_wconf 87' lang='grc' dir='ltr'>τοῦδε</span> <span class='ocrx_word' id='word_1_269' title='bbox 1733 1982 1778 2014; x_wconf 73' lang='grc' dir='ltr'><strong>⁸ο</strong></span> <span class='ocrx_word' id='word_1_270' title='bbox 1808 1980 1903 2035; x_wconf 87' lang='grc' dir='ltr'><strong>τοῦ</strong></span> 
     </span>
    </p>
   </div>
   <div class='ocr_carea' id='block_1_37' title="bbox 330 2072 1907 2152">
    <p class='ocr_par' dir='ltr' id='par_1_37' title="bbox 330 2072 1907 2152">
     <span class='ocr_line' id='line_1_38' title="bbox 330 2072 1907 2152; baseline -0.007 -17"><span class='ocrx_word' id='word_1_271' title='bbox 330 2079 581 2152; x_wconf 78' lang='grc' dir='ltr'>ποταμοῦ</span> <span class='ocrx_word' id='word_1_272' title='bbox 605 2079 743 2133; x_wconf 69' lang='grc' dir='ltr'>κατὰ</span> <span class='ocrx_word' id='word_1_273' title='bbox 774 2078 834 2131; x_wconf 84' lang='grc' dir='ltr'><strong>τὸ</strong></span> <span class='ocrx_word' id='word_1_274' title='bbox 851 2076 1041 2139; x_wconf 74' lang='grc' dir='ltr'>εἰωθὸς</span> <span class='ocrx_word' id='word_1_275' title='bbox 1064 2075 1171 2128; x_wconf 82' lang='grc' dir='ltr'><strong>ὑπὸ</strong></span> <span class='ocrx_word' id='word_1_276' title='bbox 1197 2074 1290 2127; x_wconf 90' lang='grc' dir='ltr'><strong>τοῦ</strong></span> <span class='ocrx_word' id='word_1_277' title='bbox 1325 2072 1526 2143; x_wconf 80' lang='grc' dir='ltr'>κρύους</span> <span class='ocrx_word' id='word_1_278' title='bbox 1553 2073 1828 2143; x_wconf 84' lang='grc' dir='ltr'>ἐπήγνυτο</span> <span class='ocrx_word' id='word_1_279' title='bbox 1848 2073 1907 2135; x_wconf 90' lang='grc' dir='ltr'><strong>ἐς</strong></span> 
     </span>
    </p>
   </div>
   <div class='ocr_carea' id='block_1_38' title="bbox 332 2163 1909 2243">
    <p class='ocr_par' dir='ltr' id='par_1_38' title="bbox 332 2163 1909 2243">
     <span class='ocr_line' id='line_1_39' title="bbox 332 2163 1909 2243; baseline -0.01 -15"><span class='ocrx_word' id='word_1_280' title='bbox 332 2172 524 2243; x_wconf 75' lang='grc' dir='ltr'>βάθος,</span> <span class='ocrx_word' id='word_1_281' title='bbox 564 2172 657 2226; x_wconf 72' lang='grc' dir='ltr'><strong>καὶ</strong></span> <span class='ocrx_word' id='word_1_282' title='bbox 692 2167 832 2241; x_wconf 79' lang='grc' dir='ltr'>ἦσαν</span> <span class='ocrx_word' id='word_1_283' title='bbox 862 2169 963 2240; x_wconf 74' lang='grc' dir='ltr'><strong>ἤδη</strong></span> <span class='ocrx_word' id='word_1_284' title='bbox 1015 2165 1228 2236; x_wconf 84' lang='grc' dir='ltr'>σκληρᾶ</span> <span class='ocrx_word' id='word_1_285' title='bbox 1266 2163 1597 2234; x_wconf 71' lang='grc' dir='ltr'>καὶ,βάσιμα</span> <span class='ocrx_word' id='word_1_286' title='bbox 1619 2164 1712 2216; x_wconf 75' lang='grc' dir='ltr'>καὶ</span> <span class='ocrx_word' id='word_1_287' title='bbox 1737 2163 1909 2232; x_wconf 63' lang='grc' dir='ltr'>ίππήυ</span> 
     </span>
    </p>
   </div>
   <div class='ocr_carea' id='block_1_39' title="bbox 331 2253 1909 2333">
    <p class='ocr_par' dir='ltr' id='par_1_39' title="bbox 331 2253 1909 2333">
     <span class='ocr_line' id='line_1_40' title="bbox 331 2253 1909 2333; baseline -0.007 -17"><span class='ocrx_word' id='word_1_288' title='bbox 331 2264 494 2318; x_wconf 86' lang='grc' dir='ltr'>λατα.</span> <span class='ocrx_word' id='word_1_289' title='bbox 533 2262 815 2333; x_wconf 78' lang='grc' dir='ltr'>Ζαὸεργάν</span> <span class='ocrx_word' id='word_1_290' title='bbox 843 2261 883 2292; x_wconf 78' lang='grc'><strong>⁶¹</strong></span> <span class='ocrx_word' id='word_1_291' title='bbox 916 2259 974 2312; x_wconf 86' lang='grc' dir='ltr'><strong>δέ</strong></span> <span class='ocrx_word' id='word_1_292' title='bbox 1016 2259 1044 2310; x_wconf 91' lang='grc' dir='ltr'><strong>ό</strong></span> <span class='ocrx_word' id='word_1_293' title='bbox 1083 2258 1193 2312; x_wconf 81' lang='grc' dir='ltr'><strong>τῶν</strong></span> <span class='ocrx_word' id='word_1_294' title='bbox 1247 2255 1635 2327; x_wconf 84' lang='grc' dir='ltr'>Κοτριγούρων</span> <span class='ocrx_word' id='word_1_295' title='bbox 1692 2253 1909 2333; x_wconf 76' lang='grc' dir='ltr'>Οῦννων</span> 
     </span>
    </p>
   </div>
   <div class='ocr_carea' id='block_1_40' title="bbox 328 2329 1910 2425">
    <p class='ocr_par' dir='ltr' id='par_1_40' title="bbox 328 2329 1910 2425">
     <span class='ocr_line' id='line_1_41' title="bbox 328 2329 1910 2425; baseline -0.007 -18"><span class='ocrx_word' id='word_1_296' title='bbox 328 2353 560 2425; x_wconf 79' lang='grc' dir='ltr'>ἡγεμὼν</span> <span class='ocrx_word' id='word_1_297' title='bbox 615 2354 712 2407; x_wconf 84' lang='grc' dir='ltr'><strong>σὺν</strong></span> <span class='ocrx_word' id='word_1_298' title='bbox 754 2351 1034 2413; x_wconf 81' lang='grc' dir='ltr'>πλείστοις</span> <span class='ocrx_word' id='word_1_299' title='bbox 1090 2350 1236 2412; x_wconf 78' lang='grc' dir='ltr'>ὅσοις</span> <span class='ocrx_word' id='word_1_300' title='bbox 1292 2347 1550 2410; x_wconf 83' lang='grc' dir='ltr'>ἱππόταις</span> <span class='ocrx_word' id='word_1_301' title='bbox 1592 2329 1910 2417; x_wconf 71' lang='grc' dir='ltr'>ἐπιδραμῶν</span> 
     </span>
    </p>
   </div>
   <div class='ocr_carea' id='block_1_41' title="bbox 326 2430 1915 2514">
    <p class='ocr_par' dir='ltr' id='par_1_41' title="bbox 326 2430 1915 2514">
     <span class='ocr_line' id='line_1_42' title="bbox 326 2430 1915 2514; baseline -0.011 -16"><span class='ocrx_word' id='word_1_302' title='bbox 326 2443 584 2514; x_wconf 79' lang='grc' dir='ltr'>καθάπερ</span> <span class='ocrx_word' id='word_1_303' title='bbox 622 2441 817 2512; x_wconf 84' lang='grc' dir='ltr'>χέρσον</span> <span class='ocrx_word' id='word_1_304' title='bbox 854 2438 953 2502; x_wconf 86' lang='grc' dir='ltr'>τὰς</span> <span class='ocrx_word' id='word_1_305' title='bbox 997 2436 1169 2501; x_wconf 88' lang='grc' dir='ltr'>δίνας,</span> <span class='ocrx_word' id='word_1_306' title='bbox 1202 2437 1261 2499; x_wconf 87' lang='grc' dir='ltr'><strong>ἐς</strong></span> <span class='ocrx_word' id='word_1_307' title='bbox 1306 2432 1406 2504; x_wconf 80' lang='grc' dir='ltr'>τὴν</span> <span class='ocrx_word' id='word_1_308' title='bbox 1451 2430 1744 2501; x_wconf 83' lang='grc' dir='ltr'>Ῥωμαίων</span> <span class='ocrx_word' id='word_1_309' title='bbox 1793 2431 1915 2481; x_wconf 83' lang='grc' dir='ltr'>ἐπι-</span> 
     </span>
    </p>
   </div>
   <div class='ocr_carea' id='block_1_42' title="bbox 327 2519 1917 2604">
    <p class='ocr_par' dir='ltr' id='par_1_42' title="bbox 327 2519 1917 2604">
     <span class='ocr_line' id='line_1_43' title="bbox 327 2519 1917 2604; baseline -0.01 -18"><span class='ocrx_word' id='word_1_310' title='bbox 327 2533 594 2604; x_wconf 86' lang='grc' dir='ltr'>κράτειαν</span> <span class='ocrx_word' id='word_1_311' title='bbox 622 2529 969 2584; x_wconf 79' lang='grc' dir='ltr'>εὐκολώτατα</span> <span class='ocrx_word' id='word_1_312' title='bbox 994 2525 1261 2580; x_wconf 77' lang='grc' dir='ltr'>διαϐαίνει</span> <span class='ocrx_word' id='word_1_313' title='bbox 1282 2541 1295 2554; x_wconf 80' lang='grc'><em>’</em></span> <span class='ocrx_word' id='word_1_314' title='bbox 1322 2523 1507 2596; x_wconf 72' lang='grc' dir='ltr'>ἔρημά</span> <span class='ocrx_word' id='word_1_315' title='bbox 1549 2538 1608 2574; x_wconf 86' lang='grc' dir='ltr'><strong>τε</strong></span> <span class='ocrx_word' id='word_1_316' title='bbox 1646 2519 1821 2592; x_wconf 79' lang='grc' dir='ltr'>εὑρὼν</span> <span class='ocrx_word' id='word_1_317' title='bbox 1845 2519 1917 2571; x_wconf 72' lang='grc' dir='ltr'>τὰ</span> 
     </span>
    </p>
   </div>
   <div class='ocr_carea' id='block_1_43' title="bbox 325 2612 1918 2696">
    <p class='ocr_par' dir='ltr' id='par_1_43' title="bbox 325 2612 1918 2696">
     <span class='ocr_line' id='line_1_44' title="bbox 325 2612 1918 2696; baseline -0.008 -21"><span class='ocrx_word' id='word_1_318' title='bbox 325 2622 520 2696; x_wconf 76' lang='grc' dir='ltr'>ἐκείνῃ</span> <span class='ocrx_word' id='word_1_319' title='bbox 551 2620 751 2693; x_wconf 80' lang='grc' dir='ltr'>χωρία,</span> <span class='ocrx_word' id='word_1_320' title='bbox 787 2621 884 2675; x_wconf 79' lang='grc' dir='ltr'>καὶ</span> <span class='ocrx_word' id='word_1_321' title='bbox 913 2617 1141 2690; x_wconf 80' lang='grc' dir='ltr'>μηδενὸς</span> <span class='ocrx_word' id='word_1_322' title='bbox 1175 2614 1327 2685; x_wconf 79' lang='grc' dir='ltr'>αὐτῷ</span> <span class='ocrx_word' id='word_1_323' title='bbox 1375 2612 1698 2682; x_wconf 84' lang='grc' dir='ltr'>κωλύματος</span> <span class='ocrx_word' id='word_1_324' title='bbox 1741 2613 1918 2680; x_wconf 82' lang='grc' dir='ltr'>γιγνο-</span> 
     </span>
    </p>
   </div>
   <div class='ocr_carea' id='block_1_44' title="bbox 332 2704 1917 2785">
    <p class='ocr_par' dir='ltr' id='par_1_44' title="bbox 332 2704 1917 2785">
     <span class='ocr_line' id='line_1_45' title="bbox 332 2704 1917 2785; baseline -0.007 -18"><span class='ocrx_word' id='word_1_325' title='bbox 332 2712 500 2785; x_wconf 82' lang='grc' dir='ltr'>μένου</span> <span class='ocrx_word' id='word_1_326' title='bbox 525 2711 635 2765; x_wconf 81' lang='grc' dir='ltr'><strong>ἀνὰ</strong></span> <span class='ocrx_word' id='word_1_327' title='bbox 663 2710 732 2765; x_wconf 79' lang='grc' dir='ltr'>τὰ</span> <span class='ocrx_word' id='word_1_328' title='bbox 760 2711 949 2782; x_wconf 86' lang='grc' dir='ltr'>πρόσω</span> <span class='ocrx_word' id='word_1_329' title='bbox 1000 2707 1374 2780; x_wconf 82' lang='grc' dir='ltr'>πορευομένῳ,</span> <span class='ocrx_word' id='word_1_330' title='bbox 1431 2705 1633 2759; x_wconf 82' lang='grc' dir='ltr'>αὐτίκα</span> <span class='ocrx_word' id='word_1_331' title='bbox 1665 2704 1759 2772; x_wconf 82' lang='grc' dir='ltr'>ὅγε</span> <span class='ocrx_word' id='word_1_332' title='bbox 1794 2705 1917 2757; x_wconf 84' lang='grc' dir='ltr'><strong>Μυ-</strong></span> 
     </span>
    </p>
   </div>
   <div class='ocr_carea' id='block_1_45' title="bbox 330 2792 1921 2866">
    <p class='ocr_par' dir='ltr' id='par_1_45' title="bbox 330 2792 1921 2866">
     <span class='ocr_line' id='line_1_46' title="bbox 330 2792 1921 2866; baseline -0.008 -10"><span class='ocrx_word' id='word_1_333' title='bbox 330 2801 461 2856; x_wconf 85' lang='grc' dir='ltr'>σίαν</span> <span class='ocrx_word' id='word_1_334' title='bbox 507 2817 568 2853; x_wconf 87' lang='grc' dir='ltr'><strong>τε</strong></span> <span class='ocrx_word' id='word_1_335' title='bbox 621 2797 716 2853; x_wconf 82' lang='grc' dir='ltr'>καὶ</span> <span class='ocrx_word' id='word_1_336' title='bbox 778 2798 1014 2852; x_wconf 77' lang='grc' dir='ltr'>Σκυθίαν</span> <span class='ocrx_word' id='word_1_337' title='bbox 1060 2795 1575 2866; x_wconf 78' lang='grc' dir='ltr'>παραμειψάμενος,</span> <span class='ocrx_word' id='word_1_338' title='bbox 1618 2795 1690 2865; x_wconf 78' lang='grc' dir='ltr'>τῇ</span> <span class='ocrx_word' id='word_1_339' title='bbox 1728 2792 1921 2864; x_wconf 74' lang='grc' dir='ltr'>Θράκῃ</span> 
     </span>
    </p>
   </div>
   <div class='ocr_carea' id='block_1_46' title="bbox 333 2884 1922 2963">
    <p class='ocr_par' dir='ltr' id='par_1_46' title="bbox 333 2884 1922 2963">
     <span class='ocr_line' id='line_1_47' title="bbox 333 2884 1922 2963; baseline -0.007 -18"><span class='ocrx_word' id='word_1_340' title='bbox 333 2891 679 2963; x_wconf 75' lang='grc' dir='ltr'>προσέϐαλεν</span> <span class='ocrx_word' id='word_1_341' title='bbox 706 2892 774 2945; x_wconf 77' lang='grc'><strong>⁵⁸,</strong></span> <span class='ocrx_word' id='word_1_342' title='bbox 819 2887 1088 2943; x_wconf 79' lang='grc' dir='ltr'>Ἐνταῦθα</span> <span class='ocrx_word' id='word_1_343' title='bbox 1108 2887 1167 2940; x_wconf 83' lang='grc' dir='ltr'>δὲ</span> <span class='ocrx_word' id='word_1_344' title='bbox 1189 2884 1381 2940; x_wconf 88' lang='grc' dir='ltr'>διελὼν</span> <span class='ocrx_word' id='word_1_345' title='bbox 1408 2885 1499 2939; x_wconf 81' lang='grc' dir='ltr'><strong>τὸν</strong></span> <span class='ocrx_word' id='word_1_346' title='bbox 1525 2886 1726 2938; x_wconf 77' lang='grc' dir='ltr'>οἰκεῖον</span> <span class='ocrx_word' id='word_1_347' title='bbox 1756 2899 1922 2952; x_wconf 88' lang='grc' dir='ltr'>στρα-</span> 
     </span>
    </p>
   </div>
   <div class='ocr_carea' id='block_1_47' title="bbox 331 2971 1923 3054">
    <p class='ocr_par' dir='ltr' id='par_1_47' title="bbox 331 2971 1923 3054">
     <span class='ocr_line' id='line_1_48' title="bbox 331 2971 1923 3054; baseline -0.008 -17"><span class='ocrx_word' id='word_1_348' title='bbox 331 2982 456 3048; x_wconf 74' lang='grc' dir='ltr'>τὸν,</span> <span class='ocrx_word' id='word_1_349' title='bbox 492 2982 802 3054; x_wconf 80' lang='grc' dir='ltr'>ἀπόμοιραν</span> <span class='ocrx_word' id='word_1_350' title='bbox 825 2979 926 3050; x_wconf 83' lang='grc' dir='ltr'><strong>μέν</strong></span> <span class='ocrx_word' id='word_1_351' title='bbox 950 2995 1073 3034; x_wconf 80' lang='grc' dir='ltr'>τινα</span> <span class='ocrx_word' id='word_1_352' title='bbox 1104 2976 1348 3031; x_wconf 68' lang='grc' dir='ltr'>ἔστειλεν</span> <span class='ocrx_word' id='word_1_353' title='bbox 1396 2974 1501 3029; x_wconf 81' lang='grc' dir='ltr'><strong>ἀνὰ</strong></span> <span class='ocrx_word' id='word_1_354' title='bbox 1529 2975 1629 3046; x_wconf 82' lang='grc' dir='ltr'><strong>τὴν</strong></span> <span class='ocrx_word' id='word_1_355' title='bbox 1669 2971 1923 3038; x_wconf 82' lang='grc' dir='ltr'>Ἐλλάδα,</span> 
     </span>
    </p>
   </div>
   <div class='ocr_carea' id='block_1_48' title="bbox 338 3063 1922 3144">
    <p class='ocr_par' dir='ltr' id='par_1_48' title="bbox 338 3063 1922 3144">
     <span class='ocr_line' id='line_1_49' title="bbox 338 3063 1922 3144; baseline -0.008 -17"><span class='ocrx_word' id='word_1_356' title='bbox 338 3071 897 3144; x_wconf 80' lang='grc' dir='ltr'>καταδραμουμένους</span> <span class='ocrx_word' id='word_1_357' title='bbox 923 3068 992 3123; x_wconf 82' lang='grc' dir='ltr'>τὰ</span> <span class='ocrx_word' id='word_1_358' title='bbox 1021 3067 1314 3135; x_wconf 78' lang='grc' dir='ltr'>ἀφύλακτα</span> <span class='ocrx_word' id='word_1_359' title='bbox 1346 3064 1455 3118; x_wconf 80' lang='grc' dir='ltr'>τῶν</span> <span class='ocrx_word' id='word_1_360' title='bbox 1477 3064 1605 3136; x_wconf 79' lang='grc' dir='ltr'>τῇδε</span> <span class='ocrx_word' id='word_1_361' title='bbox 1630 3063 1846 3134; x_wconf 83' lang='grc' dir='ltr'>χωρίων</span> <span class='ocrx_word' id='word_1_362' title='bbox 1876 3064 1922 3097; x_wconf 73' lang='grc'><strong>⁸³</strong></span> 
     </span>
    </p>
   </div>
   <div class='ocr_carea' id='block_1_49' title="bbox 2006 1960 3587 2040">
    <p class='ocr_par' dir='ltr' id='par_1_49' title="bbox 2006 1960 3587 2040">
     <span class='ocr_line' id='line_1_50' title="bbox 2006 1960 3587 2040; baseline -0.015 -6"><span class='ocrx_word' id='word_1_363' title='bbox 2006 1977 2402 2034; x_wconf 84' lang='lat' dir='ltr'><strong>consederunt.</strong></span> <span class='ocrx_word' id='word_1_364' title='bbox 2435 1972 2575 2027; x_wconf 86' lang='lat' dir='ltr'><strong>Tum</strong></span> <span class='ocrx_word' id='word_1_365' title='bbox 2613 1972 2795 2040; x_wconf 89' lang='lat' dir='ltr'><strong>itaque</strong></span> <span class='ocrx_word' id='word_1_366' title='bbox 2824 1967 3039 2037; x_wconf 78' lang='lat' dir='ltr'><strong>vigente</strong></span> <span class='ocrx_word' id='word_1_367' title='bbox 3070 1964 3251 2017; x_wconf 86' lang='lat' dir='ltr'><strong>hieme</strong></span> <span class='ocrx_word' id='word_1_368' title='bbox 3284 1960 3483 2015; x_wconf 88' lang='lat' dir='ltr'><strong>ﬂuvius</strong></span> <span class='ocrx_word' id='word_1_369' title='bbox 3519 1976 3587 2015; x_wconf 76' lang='lat' dir='ltr'><strong>ex</strong></span> 
     </span>
    </p>
   </div>
   <div class='ocr_carea' id='block_1_50' title="bbox 2007 2052 3587 2138">
    <p class='ocr_par' dir='ltr' id='par_1_50' title="bbox 2007 2052 3587 2138">
     <span class='ocr_line' id='line_1_51' title="bbox 2007 2052 3587 2138; baseline -0.014 -13"><span class='ocrx_word' id='word_1_370' title='bbox 2007 2085 2159 2125; x_wconf 84' lang='lat' dir='ltr'><strong>more</strong></span> <span class='ocrx_word' id='word_1_371' title='bbox 2189 2068 2238 2123; x_wconf 91' lang='lat' dir='ltr'><strong>vi</strong></span> <span class='ocrx_word' id='word_1_372' title='bbox 2273 2066 2490 2138; x_wconf 78' lang='lat' dir='ltr'><strong>frigoris</strong></span> <span class='ocrx_word' id='word_1_373' title='bbox 2522 2062 2861 2131; x_wconf 79' lang='lat' dir='ltr'><strong>congelatas,</strong></span> <span class='ocrx_word' id='word_1_374' title='bbox 2896 2059 2960 2111; x_wconf 89' lang='lat' dir='ltr'><strong>ad</strong></span> <span class='ocrx_word' id='word_1_375' title='bbox 2987 2058 3155 2110; x_wconf 88' lang='lat' dir='ltr'><strong>imum</strong></span> <span class='ocrx_word' id='word_1_376' title='bbox 3179 2069 3354 2123; x_wconf 83' lang='lat' dir='ltr'><strong>usque</strong></span> <span class='ocrx_word' id='word_1_377' title='bbox 3392 2052 3587 2106; x_wconf 86' lang='lat' dir='ltr'><strong>vadum</strong></span> 
     </span>
    </p>
   </div>
   <div class='ocr_carea' id='block_1_51' title="bbox 2009 2145 3593 2223">
    <p class='ocr_par' dir='ltr' id='par_1_51' title="bbox 2009 2145 3593 2223">
     <span class='ocr_line' id='line_1_52' title="bbox 2009 2145 3593 2223; baseline -0.013 -8"><span class='ocrx_word' id='word_1_378' title='bbox 2009 2162 2083 2215; x_wconf 90' lang='lat' dir='ltr'><strong>ita</strong></span> <span class='ocrx_word' id='word_1_379' title='bbox 2112 2158 2464 2215; x_wconf 73' lang='lat' dir='ltr'><strong>obduruerat.</strong></span> <span class='ocrx_word' id='word_1_380' title='bbox 2497 2164 2557 2209; x_wconf 92' lang='lat' dir='ltr'><strong>ut</strong></span> <span class='ocrx_word' id='word_1_381' title='bbox 2590 2162 2644 2209; x_wconf 90' lang='lat' dir='ltr'><strong>et</strong></span> <span class='ocrx_word' id='word_1_382' title='bbox 2671 2150 3015 2223; x_wconf 78' lang='lat' dir='ltr'><strong>pedestribus</strong></span> <span class='ocrx_word' id='word_1_383' title='bbox 3049 2160 3105 2202; x_wconf 86' lang='lat' dir='ltr'><strong>et</strong></span> <span class='ocrx_word' id='word_1_384' title='bbox 3129 2145 3473 2216; x_wconf 84' lang='lat' dir='ltr'><strong>equestribus</strong></span> <span class='ocrx_word' id='word_1_385' title='bbox 3498 2158 3593 2197; x_wconf 90' lang='lat' dir='ltr'><strong>co-</strong></span> 
     </span>
    </p>
   </div>
   <div class='ocr_carea' id='block_1_52' title="bbox 2013 2237 3588 2322">
    <p class='ocr_par' dir='ltr' id='par_1_52' title="bbox 2013 2237 3588 2322">
     <span class='ocr_line' id='line_1_53' title="bbox 2013 2237 3588 2322; baseline -0.011 -16"><span class='ocrx_word' id='word_1_386' title='bbox 2013 2252 2117 2322; x_wconf 85' lang='lat' dir='ltr'><strong>piis</strong></span> <span class='ocrx_word' id='word_1_387' title='bbox 2145 2250 2365 2305; x_wconf 87' lang='lat' dir='ltr'><strong>transiri</strong></span> <span class='ocrx_word' id='word_1_388' title='bbox 2398 2254 2600 2318; x_wconf 85' lang='lat' dir='ltr'><strong>posset.</strong></span> <span class='ocrx_word' id='word_1_389' title='bbox 2636 2245 2913 2314; x_wconf 80' lang='lat' dir='ltr'><strong>Zahcrgan</strong></span> <span class='ocrx_word' id='word_1_390' title='bbox 2944 2256 3074 2295; x_wconf 89' lang='lat' dir='ltr'><strong>vero</strong></span> <span class='ocrx_word' id='word_1_391' title='bbox 3120 2239 3466 2301; x_wconf 81' lang='lat' dir='ltr'><strong>Hunnorum,</strong></span> <span class='ocrx_word' id='word_1_392' title='bbox 3497 2237 3588 2304; x_wconf 89' lang='lat' dir='ltr'><strong>qui</strong></span> 
     </span>
    </p>
   </div>
   <div class='ocr_carea' id='block_1_53' title="bbox 2011 2329 3589 2411">
    <p class='ocr_par' dir='ltr' id='par_1_53' title="bbox 2011 2329 3589 2411">
     <span class='ocr_line' id='line_1_54' title="bbox 2011 2329 3589 2411; baseline -0.01 -17"><span class='ocrx_word' id='word_1_393' title='bbox 2011 2343 2284 2411; x_wconf 70' lang='lat' dir='ltr'><strong>Cult‘igllri</strong></span> <span class='ocrx_word' id='word_1_394' title='bbox 2322 2342 2602 2400; x_wconf 69' lang='lat' dir='ltr'><strong>dicuntur,</strong></span> <span class='ocrx_word' id='word_1_395' title='bbox 2635 2339 2766 2403; x_wconf 76' lang='lat' dir='ltr'><strong>dux,</strong></span> <span class='ocrx_word' id='word_1_396' title='bbox 2815 2351 2938 2389; x_wconf 89' lang='lat' dir='ltr'><strong>cum</strong></span> <span class='ocrx_word' id='word_1_397' title='bbox 2972 2334 3241 2403; x_wconf 79' lang='lat' dir='ltr'><strong>ingentem</strong></span> <span class='ocrx_word' id='word_1_398' title='bbox 3287 2329 3589 2398; x_wconf 86' lang='lat' dir='ltr'><strong>equitatum</strong></span> 
     </span>
    </p>
   </div>
   <div class='ocr_carea' id='block_1_54' title="bbox 2012 2420 3596 2506">
    <p class='ocr_par' dir='ltr' id='par_1_54' title="bbox 2012 2420 3596 2506">
     <span class='ocr_line' id='line_1_55' title="bbox 2012 2420 3596 2506; baseline -0.01 -18"><span class='ocrx_word' id='word_1_399' title='bbox 2012 2450 2107 2506; x_wconf 86' lang='lat' dir='ltr'><strong>per</strong></span> <span class='ocrx_word' id='word_1_400' title='bbox 2134 2434 2334 2487; x_wconf 85' lang='lat' dir='ltr'><strong>ﬂumen</strong></span> <span class='ocrx_word' id='word_1_401' title='bbox 2365 2432 2584 2502; x_wconf 83' lang='lat' dir='ltr'><strong>perinde</strong></span> <span class='ocrx_word' id='word_1_402' title='bbox 2613 2440 2775 2498; x_wconf 90' lang='lat' dir='ltr'><strong>atque</strong></span> <span class='ocrx_word' id='word_1_403' title='bbox 2803 2442 2898 2497; x_wconf 91' lang='lat' dir='ltr'><strong>per</strong></span> <span class='ocrx_word' id='word_1_404' title='bbox 2925 2425 3292 2480; x_wconf 88' lang='lat' dir='ltr'><strong>continentem</strong></span> <span class='ocrx_word' id='word_1_405' title='bbox 3324 2420 3596 2474; x_wconf 78' lang='lat' dir='ltr'><strong>traduxis-</strong></span> 
     </span>
    </p>
   </div>
   <div class='ocr_carea' id='block_1_55' title="bbox 2016 2512 3600 2591">
    <p class='ocr_par' dir='ltr' id='par_1_55' title="bbox 2016 2512 3600 2591">
     <span class='ocr_line' id='line_1_56' title="bbox 2016 2512 3600 2591; baseline -0.011 -12"><span class='ocrx_word' id='word_1_406' title='bbox 2016 2533 2118 2591; x_wconf 80' lang='lat' dir='ltr'><strong>set,</strong></span> <span class='ocrx_word' id='word_1_407' title='bbox 2150 2523 2407 2578; x_wconf 81' lang='lat' dir='ltr'><strong>facillime</strong></span> <span class='ocrx_word' id='word_1_408' title='bbox 2435 2523 2488 2576; x_wconf 88' lang='lat' dir='ltr'><strong>in</strong></span> <span class='ocrx_word' id='word_1_409' title='bbox 2523 2521 2829 2574; x_wconf 77' lang='lat' dir='ltr'><strong>Romanum</strong></span> <span class='ocrx_word' id='word_1_410' title='bbox 2852 2516 3140 2586; x_wconf 84' lang='lat' dir='ltr'><strong>imperium</strong></span> <span class='ocrx_word' id='word_1_411' title='bbox 3166 2512 3431 2583; x_wconf 75' lang='lat' dir='ltr'><strong>pervenit,</strong></span> <span class='ocrx_word' id='word_1_412' title='bbox 3451 2526 3600 2564; x_wconf 59' lang='lat' dir='ltr'><strong>eum.</strong></span> 
     </span>
    </p>
   </div>
   <div class='ocr_carea' id='block_1_56' title="bbox 2016 2601 3596 2682">
    <p class='ocr_par' dir='ltr' id='par_1_56' title="bbox 2016 2601 3596 2682">
     <span class='ocr_line' id='line_1_57' title="bbox 2016 2601 3596 2682; baseline -0.009 -16"><span class='ocrx_word' id='word_1_413' title='bbox 2016 2628 2123 2682; x_wconf 89' lang='lat' dir='ltr'><strong>que</strong></span> <span class='ocrx_word' id='word_1_414' title='bbox 2149 2611 2353 2682; x_wconf 83' lang='lat' dir='ltr'><strong>passim</strong></span> <span class='ocrx_word' id='word_1_415' title='bbox 2388 2625 2558 2663; x_wconf 74' lang='lat' dir='ltr'><strong>vacua</strong></span> <span class='ocrx_word' id='word_1_416' title='bbox 2590 2609 2657 2663; x_wconf 88' lang='lat' dir='ltr'><strong>ab</strong></span> <span class='ocrx_word' id='word_1_417' title='bbox 2689 2604 3094 2661; x_wconf 90' lang='lat' dir='ltr'><strong>habitatoribus</strong></span> <span class='ocrx_word' id='word_1_418' title='bbox 3123 2603 3238 2656; x_wconf 78' lang='lat' dir='ltr'><strong>loca</strong></span> <span class='ocrx_word' id='word_1_419' title='bbox 3274 2601 3596 2661; x_wconf 85' lang='lat' dir='ltr'><strong>invenisset,</strong></span> 
     </span>
    </p>
   </div>
   <div class='ocr_carea' id='block_1_57' title="bbox 2019 2690 3599 2773">
    <p class='ocr_par' dir='ltr' id='par_1_57' title="bbox 2019 2690 3599 2773">
     <span class='ocr_line' id='line_1_58' title="bbox 2019 2690 3599 2773; baseline -0.011 -15"><span class='ocrx_word' id='word_1_420' title='bbox 2019 2704 2266 2771; x_wconf 82' lang='lat' dir='ltr'><strong>nihilque</strong></span> <span class='ocrx_word' id='word_1_421' title='bbox 2297 2703 2402 2773; x_wconf 89' lang='lat' dir='ltr'><strong>ipsi</strong></span> <span class='ocrx_word' id='word_1_422' title='bbox 2435 2701 2828 2772; x_wconf 84' lang='lat' dir='ltr'><strong>impedimento</strong></span> <span class='ocrx_word' id='word_1_423' title='bbox 2855 2704 3022 2761; x_wconf 81' lang='lat' dir='ltr'><strong>esset,</strong></span> <span class='ocrx_word' id='word_1_424' title='bbox 3056 2695 3355 2764; x_wconf 79' lang='lat' dir='ltr'><strong>quominus</strong></span> <span class='ocrx_word' id='word_1_425' title='bbox 3404 2691 3469 2744; x_wconf 85' lang='lat' dir='ltr'><strong>ad</strong></span> <span class='ocrx_word' id='word_1_426' title='bbox 3516 2690 3599 2742; x_wconf 84' lang='lat' dir='ltr'><strong>ul-</strong></span> 
     </span>
    </p>
   </div>
   <div class='ocr_carea' id='block_1_58' title="bbox 2022 2783 3599 2864">
    <p class='ocr_par' dir='ltr' id='par_1_58' title="bbox 2022 2783 3599 2864">
     <span class='ocr_line' id='line_1_59' title="bbox 2022 2783 3599 2864; baseline -0.009 -16"><span class='ocrx_word' id='word_1_427' title='bbox 2022 2795 2222 2848; x_wconf 72' lang='lat' dir='ltr'><strong>teriora</strong></span> <span class='ocrx_word' id='word_1_428' title='bbox 2262 2796 2709 2864; x_wconf 74' lang='lat' dir='ltr'><strong>progrederetur,</strong></span> <span class='ocrx_word' id='word_1_429' title='bbox 2753 2788 2936 2845; x_wconf 86' lang='lat' dir='ltr'><strong>statim</strong></span> <span class='ocrx_word' id='word_1_430' title='bbox 2974 2786 3199 2858; x_wconf 86' lang='lat' dir='ltr'><strong>Mysiam</strong></span> <span class='ocrx_word' id='word_1_431' title='bbox 3232 2794 3282 2840; x_wconf 85' lang='lat' dir='ltr'><strong>et</strong></span> <span class='ocrx_word' id='word_1_432' title='bbox 3317 2783 3599 2855; x_wconf 82' lang='lat' dir='ltr'><strong>Scythiam</strong></span> 
     </span>
    </p>
   </div>
   <div class='ocr_carea' id='block_1_59' title="bbox 2023 2876 3603 2955">
    <p class='ocr_par' dir='ltr' id='par_1_59' title="bbox 2023 2876 3603 2955">
     <span class='ocr_line' id='line_1_60' title="bbox 2023 2876 3603 2955; baseline -0.007 -15"><span class='ocrx_word' id='word_1_433' title='bbox 2023 2895 2425 2955; x_wconf 67' lang='lat' dir='ltr'><strong>transgressus,</strong></span> <span class='ocrx_word' id='word_1_434' title='bbox 2451 2886 2504 2937; x_wconf 90' lang='lat' dir='ltr'><strong>in</strong></span> <span class='ocrx_word' id='word_1_435' title='bbox 2538 2883 2826 2938; x_wconf 84' lang='lat' dir='ltr'><strong>Thraciam</strong></span> <span class='ocrx_word' id='word_1_436' title='bbox 2871 2882 3088 2950; x_wconf 88' lang='lat' dir='ltr'><strong>irrupit.</strong></span> <span class='ocrx_word' id='word_1_437' title='bbox 3137 2877 3216 2932; x_wconf 92' lang='lat' dir='ltr'><strong>Ibi</strong></span> <span class='ocrx_word' id='word_1_438' title='bbox 3250 2892 3382 2931; x_wconf 87' lang='lat' dir='ltr'><strong>vero</strong></span> <span class='ocrx_word' id='word_1_439' title='bbox 3422 2876 3603 2930; x_wconf 83' lang='lat' dir='ltr'><strong>diviso</strong></span> 
     </span>
    </p>
   </div>
   <div class='ocr_carea' id='block_1_60' title="bbox 2021 2967 3601 3048">
    <p class='ocr_par' dir='ltr' id='par_1_60' title="bbox 2021 2967 3601 3048">
     <span class='ocr_line' id='line_1_61' title="bbox 2021 2967 3601 3048; baseline -0.009 -12"><span class='ocrx_word' id='word_1_440' title='bbox 2021 2981 2297 3045; x_wconf 78' lang='lat' dir='ltr'><strong>exercitu,</strong></span> <span class='ocrx_word' id='word_1_441' title='bbox 2345 2979 2571 3033; x_wconf 84' lang='lat' dir='ltr'><strong>alteram</strong></span> <span class='ocrx_word' id='word_1_442' title='bbox 2608 2968 2743 3048; x_wconf 31' lang='lat' dir='ltr'><strong>ejus-</strong></span> <span class='ocrx_word' id='word_1_443' title='bbox 2770 2983 2978 3047; x_wconf 88' lang='lat' dir='ltr'><strong>partem</strong></span> <span class='ocrx_word' id='word_1_444' title='bbox 3021 2974 3075 3027; x_wconf 93' lang='lat' dir='ltr'><strong>in</strong></span> <span class='ocrx_word' id='word_1_445' title='bbox 3118 2970 3383 3027; x_wconf 61' lang='lat' dir='ltr'><strong>Graiciam</strong></span> <span class='ocrx_word' id='word_1_446' title='bbox 3432 2967 3601 3029; x_wconf 85' lang='lat' dir='ltr'><strong>misit,</strong></span> 
     </span>
    </p>
   </div>
   <div class='ocr_carea' id='block_1_61' title="bbox 2024 3065 3607 3139">
    <p class='ocr_par' dir='ltr' id='par_1_61' title="bbox 2024 3065 3607 3139">
     <span class='ocr_line' id='line_1_62' title="bbox 2024 3065 3607 3139; baseline -0.007 -14"><span class='ocrx_word' id='word_1_447' title='bbox 2024 3072 2117 3139; x_wconf 91' lang='lat' dir='ltr'><strong>qui</strong></span> <span class='ocrx_word' id='word_1_448' title='bbox 2147 3071 2265 3125; x_wconf 85' lang='lat' dir='ltr'><strong>loca</strong></span> <span class='ocrx_word' id='word_1_449' title='bbox 2298 3069 2482 3125; x_wconf 88' lang='lat' dir='ltr'><strong>omnia</strong></span> <span class='ocrx_word' id='word_1_450' title='bbox 2513 3068 2680 3124; x_wconf 88' lang='lat' dir='ltr'><strong>nullis</strong></span> <span class='ocrx_word' id='word_1_451' title='bbox 2709 3066 2983 3138; x_wconf 64' lang='lat' dir='ltr'><strong>praesidiis</strong></span> <span class='ocrx_word' id='word_1_452' title='bbox 3012 3065 3222 3118; x_wconf 91' lang='lat' dir='ltr'><strong>munita</strong></span> <span class='ocrx_word' id='word_1_453' title='bbox 3261 3070 3607 3133; x_wconf 86' lang='lat' dir='ltr'><strong>percurreret</strong></span> 
     </span>
    </p>
   </div>
   <div class='ocr_carea' id='block_1_62' title="bbox 338 3150 1915 3248">
    <p class='ocr_par' dir='ltr' id='par_1_62' title="bbox 338 3155 1915 3235">
     <span class='ocr_line' id='line_1_63' title="bbox 338 3155 1915 3235; baseline -0.007 -16"><span class='ocrx_word' id='word_1_454' title='bbox 338 3165 442 3219; x_wconf 77' lang='grc' dir='ltr'><strong>καὶ</strong></span> <span class='ocrx_word' id='word_1_455' title='bbox 484 3164 949 3235; x_wconf 72' lang='grc' dir='ltr'>λεηλατήσοντας·</span> <span class='ocrx_word' id='word_1_456' title='bbox 1000 3160 1220 3232; x_wconf 85' lang='grc' dir='ltr'>ἐτέρους</span> <span class='ocrx_word' id='word_1_457' title='bbox 1256 3159 1315 3212; x_wconf 89' lang='grc' dir='ltr'><strong>δέ</strong></span> <span class='ocrx_word' id='word_1_458' title='bbox 1373 3160 1432 3221; x_wconf 75' lang='grc' dir='ltr'><strong>ἐς</strong></span> <span class='ocrx_word' id='word_1_459' title='bbox 1475 3157 1575 3229; x_wconf 80' lang='grc' dir='ltr'><strong>τὴν</strong></span> <span class='ocrx_word' id='word_1_460' title='bbox 1647 3155 1915 3228; x_wconf 69' lang='grc' dir='ltr'>Χερρόνη-</span> 
     </span>
    </p>
   </div>
   <div class='ocr_carea' id='block_1_63' title="bbox 2019 3150 3605 3248">
    <p class='ocr_par' dir='ltr' id='par_1_63' title="bbox 2025 3150 3605 3229">
     <span class='ocr_line' id='line_1_64' title="bbox 2025 3150 3605 3229; baseline -0.008 -15"><span class='ocrx_word' id='word_1_461' title='bbox 2025 3170 2188 3229; x_wconf 83' lang='lat' dir='ltr'><strong>atque</strong></span> <span class='ocrx_word' id='word_1_462' title='bbox 2228 3167 2505 3223; x_wconf 83' lang='lat' dir='ltr'><strong>vastaret;</strong></span> <span class='ocrx_word' id='word_1_463' title='bbox 2545 3158 2770 3211; x_wconf 88' lang='lat' dir='ltr'><strong>alteram</strong></span> <span class='ocrx_word' id='word_1_464' title='bbox 2810 3170 2937 3210; x_wconf 78' lang='lat' dir='ltr'><strong>vero</strong></span> <span class='ocrx_word' id='word_1_465' title='bbox 2992 3151 3269 3209; x_wconf 85' lang='lat' dir='ltr'><strong>exercitus</strong></span> <span class='ocrx_word' id='word_1_466' title='bbox 3309 3159 3517 3221; x_wconf 88' lang='lat' dir='ltr'><strong>partem</strong></span> <span class='ocrx_word' id='word_1_467' title='bbox 3549 3150 3605 3203; x_wconf 85' lang='lat' dir='ltr'><strong>in</strong></span> 
     </span>
    </p>
   </div>
   <div class='ocr_carea' id='block_1_64' title="bbox 338 3253 953 3327">
    <p class='ocr_par' dir='ltr' id='par_1_64' title="bbox 338 3253 953 3327">
     <span class='ocr_line' id='line_1_65' title="bbox 338 3253 953 3327; baseline -0.007 -16"><span class='ocrx_word' id='word_1_468' title='bbox 338 3272 441 3311; x_wconf 86' lang='grc' dir='ltr'><strong>σον</strong></span> <span class='ocrx_word' id='word_1_469' title='bbox 477 3256 576 3327; x_wconf 83' lang='grc' dir='ltr'>τὴν</span> <span class='ocrx_word' id='word_1_470' title='bbox 607 3255 853 3326; x_wconf 78' lang='grc' dir='ltr'>Θρᾳκίαν</span> <span class='ocrx_word' id='word_1_471' title='bbox 888 3253 953 3307; x_wconf 68' lang='grc'><strong>⁸⁸.</strong></span> 
     </span>
    </p>
   </div>
   <div class='ocr_carea' id='block_1_65' title="bbox 420 3336 1924 3418">
    <p class='ocr_par' dir='ltr' id='par_1_65' title="bbox 420 3336 1924 3418">
     <span class='ocr_line' id='line_1_66' title="bbox 420 3336 1924 3418; baseline -0.008 -18"><span class='ocrx_word' id='word_1_472' title='bbox 420 3348 510 3418; x_wconf 81' lang='grc' dir='ltr'><strong>ιβ’.</strong></span> <span class='ocrx_word' id='word_1_473' title='bbox 562 3347 736 3417; x_wconf 79' lang='grc' dir='ltr'>Τῆσδε</span> <span class='ocrx_word' id='word_1_474' title='bbox 782 3347 839 3400; x_wconf 80' lang='grc' dir='ltr'>δὲ</span> <span class='ocrx_word' id='word_1_475' title='bbox 888 3345 989 3415; x_wconf 78' lang='grc' dir='ltr'>τῆς</span> <span class='ocrx_word' id='word_1_476' title='bbox 1020 3344 1067 3376; x_wconf 78' lang='grc'><strong>⁸⁵</strong></span> <span class='ocrx_word' id='word_1_477' title='bbox 1132 3342 1479 3414; x_wconf 72' lang='grc' dir='ltr'>Χερῤόνησου</span> <span class='ocrx_word' id='word_1_478' title='bbox 1515 3338 1584 3393; x_wconf 77' lang='grc' dir='ltr'>τὰ</span> <span class='ocrx_word' id='word_1_479' title='bbox 1630 3337 1731 3408; x_wconf 80' lang='grc' dir='ltr'><strong>μὲν</strong></span> <span class='ocrx_word' id='word_1_480' title='bbox 1786 3336 1924 3405; x_wconf 67' lang='grc' dir='ltr'>πρὸς</span> 
     </span>
    </p>
   </div>
   <div class='ocr_carea' id='block_1_66' title="bbox 340 3429 1925 3511">
    <p class='ocr_par' dir='ltr' id='par_1_66' title="bbox 340 3429 1925 3511">
     <span class='ocr_line' id='line_1_67' title="bbox 340 3429 1925 3511; baseline -0.008 -16"><span class='ocrx_word' id='word_1_481' title='bbox 340 3439 641 3511; x_wconf 78' lang='grc' dir='ltr'>ἀνίσχοντα</span> <span class='ocrx_word' id='word_1_482' title='bbox 684 3437 837 3510; x_wconf 82' lang='grc' dir='ltr'>ἦλιον</span> <span class='ocrx_word' id='word_1_483' title='bbox 897 3435 1190 3490; x_wconf 84' lang='grc' dir='ltr'>νενευκότα</span> <span class='ocrx_word' id='word_1_484' title='bbox 1236 3435 1330 3489; x_wconf 79' lang='grc' dir='ltr'>καὶ</span> <span class='ocrx_word' id='word_1_485' title='bbox 1393 3432 1676 3505; x_wconf 82' lang='grc' dir='ltr'>εὐρόνοτον</span> <span class='ocrx_word' id='word_1_486' title='bbox 1703 3429 1925 3501; x_wconf 84' lang='grc' dir='ltr'>άνεμον,</span> 
     </span>
    </p>
   </div>
   <div class='ocr_carea' id='block_1_67' title="bbox 344 3523 1927 3604">
    <p class='ocr_par' dir='ltr' id='par_1_67' title="bbox 344 3523 1927 3604">
     <span class='ocr_line' id='line_1_68' title="bbox 344 3523 1927 3604; baseline -0.008 -16"><span class='ocrx_word' id='word_1_487' title='bbox 344 3533 449 3588; x_wconf 74' lang='grc' dir='ltr'><strong>καὶ</strong></span> <span class='ocrx_word' id='word_1_488' title='bbox 506 3532 669 3604; x_wconf 80' lang='grc' dir='ltr'>μέχρι</span> <span class='ocrx_word' id='word_1_489' title='bbox 701 3530 798 3585; x_wconf 86' lang='grc' dir='ltr'><strong>τοῦ</strong></span> <span class='ocrx_word' id='word_1_490' title='bbox 864 3528 1241 3601; x_wconf 77' lang='grc' dir='ltr'>μεσημϐρινοῦ</span> <span class='ocrx_word' id='word_1_491' title='bbox 1295 3527 1523 3598; x_wconf 79' lang='grc' dir='ltr'>κέντρου</span> <span class='ocrx_word' id='word_1_492' title='bbox 1584 3523 1661 3595; x_wconf 80' lang='grc' dir='ltr'>τῷ</span> <span class='ocrx_word' id='word_1_493' title='bbox 1700 3524 1927 3593; x_wconf 84' lang='grc' dir='ltr'>Ἑλλησ-</span> 
     </span>
    </p>
   </div>
   <div class='ocr_carea' id='block_1_68' title="bbox 347 3614 1931 3695">
    <p class='ocr_par' dir='ltr' id='par_1_68' title="bbox 347 3614 1931 3695">
     <span class='ocr_line' id='line_1_69' title="bbox 347 3614 1931 3695; baseline -0.008 -16"><span class='ocrx_word' id='word_1_494' title='bbox 347 3625 535 3694; x_wconf 78' lang='grc' dir='ltr'>πόντῳ</span> <span class='ocrx_word' id='word_1_495' title='bbox 575 3621 987 3695; x_wconf 82' lang='grc' dir='ltr'>παρατείνεται.</span> <span class='ocrx_word' id='word_1_496' title='bbox 1037 3621 1301 3692; x_wconf 82' lang='grc' dir='ltr'>Περιῤῥεῖ</span> <span class='ocrx_word' id='word_1_497' title='bbox 1343 3619 1452 3690; x_wconf 76' lang='grc' dir='ltr'><strong>γὰρ</strong></span> <span class='ocrx_word' id='word_1_498' title='bbox 1490 3617 1676 3687; x_wconf 87' lang='grc' dir='ltr'>σχεδόν</span> <span class='ocrx_word' id='word_1_499' title='bbox 1703 3632 1757 3668; x_wconf 91' lang='grc' dir='ltr'><strong>τι</strong></span> <span class='ocrx_word' id='word_1_500' title='bbox 1785 3614 1931 3668; x_wconf 77' lang='grc' dir='ltr'>ᾶπα-</span> 
     </span>
    </p>
   </div>
   <div class='ocr_carea' id='block_1_69' title="bbox 351 3707 1933 3784">
    <p class='ocr_par' dir='ltr' id='par_1_69' title="bbox 351 3707 1933 3784">
     <span class='ocr_line' id='line_1_70' title="bbox 351 3707 1933 3784; baseline -0.008 -14"><span class='ocrx_word' id='word_1_501' title='bbox 351 3733 477 3777; x_wconf 84' lang='grc' dir='ltr'>σαν,</span> <span class='ocrx_word' id='word_1_502' title='bbox 524 3715 620 3769; x_wconf 75' lang='grc' dir='ltr'>καὶ</span> <span class='ocrx_word' id='word_1_503' title='bbox 669 3718 789 3779; x_wconf 85' lang='grc' dir='ltr'>ταῖς</span> <span class='ocrx_word' id='word_1_504' title='bbox 834 3715 1085 3784; x_wconf 81' lang='grc' dir='ltr'>καμπαῖς</span> <span class='ocrx_word' id='word_1_505' title='bbox 1129 3710 1241 3765; x_wconf 83' lang='grc' dir='ltr'>τῶν</span> <span class='ocrx_word' id='word_1_506' title='bbox 1269 3711 1467 3781; x_wconf 71' lang='grc' dir='ltr'>ἡῖόνων</span> <span class='ocrx_word' id='word_1_507' title='bbox 1493 3707 1933 3779; x_wconf 87' lang='grc' dir='ltr'>συμπεριάγεται</span> 
     </span>
    </p>
   </div>
   <div class='ocr_carea' id='block_1_70' title="bbox 355 3801 1936 3880">
    <p class='ocr_par' dir='ltr' id='par_1_70' title="bbox 355 3801 1936 3880">
     <span class='ocr_line' id='line_1_71' title="bbox 355 3801 1936 3880; baseline -0.01 -15"><span class='ocrx_word' id='word_1_508' title='bbox 355 3810 554 3880; x_wconf 76' lang='grc' dir='ltr'>βραχεῖ</span> <span class='ocrx_word' id='word_1_509' title='bbox 581 3824 693 3863; x_wconf 86' lang='grc' dir='ltr'>τινι</span> <span class='ocrx_word' id='word_1_510' title='bbox 720 3807 877 3878; x_wconf 82' lang='grc' dir='ltr'>μέρει</span> <span class='ocrx_word' id='word_1_511' title='bbox 922 3806 1024 3876; x_wconf 84' lang='grc' dir='ltr'>τῆς</span> <span class='ocrx_word' id='word_1_512' title='bbox 1065 3803 1324 3875; x_wconf 74' lang='grc' dir='ltr'>ἠπείρου,</span> <span class='ocrx_word' id='word_1_513' title='bbox 1370 3801 1464 3856; x_wconf 78' lang='grc' dir='ltr'><strong>καὶ</strong></span> <span class='ocrx_word' id='word_1_514' title='bbox 1509 3801 1696 3870; x_wconf 83' lang='grc' dir='ltr'>μόνοις</span> <span class='ocrx_word' id='word_1_515' title='bbox 1733 3813 1936 3852; x_wconf 85' lang='grc' dir='ltr'>τεσσα-</span> 
     </span>
    </p>
   </div>
   <div class='ocr_carea' id='block_1_71' title="bbox 342 3886 1938 3967">
    <p class='ocr_par' dir='ltr' id='par_1_71' title="bbox 342 3886 1938 3967">
     <span class='ocr_line' id='line_1_72' title="bbox 342 3886 1938 3967; baseline -0.009 -14"><span class='ocrx_word' id='word_1_516' title='bbox 342 3894 599 3967; x_wconf 70' lang='grc' dir='ltr'>ράκοντά</span> <span class='ocrx_word' id='word_1_517' title='bbox 627 3914 730 3952; x_wconf 88' lang='grc' dir='ltr'><strong>που</strong></span> <span class='ocrx_word' id='word_1_518' title='bbox 769 3897 1005 3959; x_wconf 78' lang='grc' dir='ltr'>σταδίοις</span> <span class='ocrx_word' id='word_1_519' title='bbox 1044 3894 1365 3966; x_wconf 70' lang='grc' dir='ltr'>εἰργόμενος</span> <span class='ocrx_word' id='word_1_520' title='bbox 1412 3890 1507 3945; x_wconf 85' lang='grc' dir='ltr'><strong>τοῦ</strong></span> <span class='ocrx_word' id='word_1_521' title='bbox 1551 3891 1714 3961; x_wconf 74' lang='grc' dir='ltr'>νῆσον</span> <span class='ocrx_word' id='word_1_522' title='bbox 1768 3886 1938 3958; x_wconf 79' lang='grc' dir='ltr'>αὐτὴν</span> 
     </span>
    </p>
   </div>
   <div class='ocr_carea' id='block_1_72' title="bbox 364 3980 1937 4059">
    <p class='ocr_par' dir='ltr' id='par_1_72' title="bbox 364 3980 1937 4059">
     <span class='ocr_line' id='line_1_73' title="bbox 364 3980 1937 4059; baseline -0.006 -20"><span class='ocrx_word' id='word_1_523' title='bbox 364 3987 804 4059; x_wconf 81' lang='grc' dir='ltr'>ἀπεργάσασθαι.</span> <span class='ocrx_word' id='word_1_524' title='bbox 848 3986 937 4039; x_wconf 84' lang='grc' dir='ltr'><strong>Ἐν</strong></span> <span class='ocrx_word' id='word_1_525' title='bbox 974 3984 1152 4056; x_wconf 82' lang='grc' dir='ltr'>τούτῳ</span> <span class='ocrx_word' id='word_1_526' title='bbox 1189 3983 1246 4036; x_wconf 83' lang='grc' dir='ltr'><strong>δέ</strong></span> <span class='ocrx_word' id='word_1_527' title='bbox 1279 3983 1360 4052; x_wconf 82' lang='grc' dir='ltr'>τῷ</span> <span class='ocrx_word' id='word_1_528' title='bbox 1412 3980 1590 4051; x_wconf 76' lang='grc' dir='ltr'>ἰσθμῷ</span> <span class='ocrx_word' id='word_1_529' title='bbox 1629 3981 1811 4048; x_wconf 79' lang='grc' dir='ltr'>τεῖχος</span> <span class='ocrx_word' id='word_1_530' title='bbox 1842 3980 1937 4030; x_wconf 67' lang='grc' dir='ltr'>ἐκς</span> 
     </span>
    </p>
   </div>
   <div class='ocr_carea' id='block_1_73' title="bbox 364 4067 1940 4149">
    <p class='ocr_par' dir='ltr' id='par_1_73' title="bbox 364 4067 1940 4149">
     <span class='ocr_line' id='line_1_74' title="bbox 364 4067 1940 4149; baseline -0.008 -18"><span class='ocrx_word' id='word_1_531' title='bbox 364 4079 524 4133; x_wconf 78' lang='grc' dir='ltr'>ταδὸν</span> <span class='ocrx_word' id='word_1_532' title='bbox 549 4077 756 4149; x_wconf 78' lang='grc' dir='ltr'>ἵδρυται</span> <span class='ocrx_word' id='word_1_533' title='bbox 783 4076 1003 4147; x_wconf 78' lang='grc' dir='ltr'>ξυνεχὲς</span> <span class='ocrx_word' id='word_1_534' title='bbox 1051 4076 1139 4143; x_wconf 79' lang='grc' dir='ltr'>ἐφ’</span> <span class='ocrx_word' id='word_1_535' title='bbox 1186 4072 1421 4142; x_wconf 67' lang='grc' dir='ltr'>ἑκατέρᾳ</span> <span class='ocrx_word' id='word_1_536' title='bbox 1469 4069 1709 4141; x_wconf 75' lang='grc' dir='ltr'>θαλάττῃ</span> <span class='ocrx_word' id='word_1_537' title='bbox 1736 4067 1940 4139; x_wconf 75' lang='grc' dir='ltr'>προδε-</span> 
     </span>
    </p>
   </div>
   <div class='ocr_carea' id='block_1_74' title="bbox 363 4158 1942 4240">
    <p class='ocr_par' dir='ltr' id='par_1_74' title="bbox 363 4158 1942 4240">
     <span class='ocr_line' id='line_1_75' title="bbox 363 4158 1942 4240; baseline -0.006 -18"><span class='ocrx_word' id='word_1_538' title='bbox 363 4169 631 4240; x_wconf 75' lang='grc' dir='ltr'>δλημένον</span> <span class='ocrx_word' id='word_1_539' title='bbox 654 4186 669 4199; x_wconf 89' lang='grc'><strong>·</strong></span> <span class='ocrx_word' id='word_1_540' title='bbox 704 4169 889 4232; x_wconf 86' lang='grc' dir='ltr'>πόλεις</span> <span class='ocrx_word' id='word_1_541' title='bbox 908 4183 966 4221; x_wconf 88' lang='grc' dir='ltr'><strong>τε</strong></span> <span class='ocrx_word' id='word_1_542' title='bbox 998 4164 1210 4220; x_wconf 74' lang='grc' dir='ltr'>ἔνδοθεν</span> <span class='ocrx_word' id='word_1_543' title='bbox 1230 4162 1380 4234; x_wconf 85' lang='grc' dir='ltr'>αὑτῷ</span> <span class='ocrx_word' id='word_1_544' title='bbox 1416 4160 1870 4232; x_wconf 86' lang='grc' dir='ltr'>προσπεπηγυῖαι</span> <span class='ocrx_word' id='word_1_545' title='bbox 1894 4158 1942 4191; x_wconf 78' lang='grc'><strong>⁸⁸</strong></span> 
     </span>
    </p>
   </div>
   <div class='ocr_carea' id='block_1_75' title="bbox 360 4250 1942 4333">
    <p class='ocr_par' dir='ltr' id='par_1_75' title="bbox 360 4250 1942 4333">
     <span class='ocr_line' id='line_1_76' title="bbox 360 4250 1942 4333; baseline -0.008 -16"><span class='ocrx_word' id='word_1_546' title='bbox 360 4260 746 4333; x_wconf 83' lang='grc' dir='ltr'>τυγχάνουσιν,</span> <span class='ocrx_word' id='word_1_547' title='bbox 792 4258 1136 4329; x_wconf 81' lang='grc' dir='ltr'>Ἀφροδισιάς</span> <span class='ocrx_word' id='word_1_548' title='bbox 1182 4273 1242 4310; x_wconf 87' lang='grc' dir='ltr'><strong>τε</strong></span> <span class='ocrx_word' id='word_1_549' title='bbox 1300 4254 1397 4308; x_wconf 70' lang='grc' dir='ltr'>καὶ</span> <span class='ocrx_word' id='word_1_550' title='bbox 1436 4253 1651 4324; x_wconf 86' lang='grc' dir='ltr'>Θῆσκος</span> <span class='ocrx_word' id='word_1_551' title='bbox 1694 4253 1790 4306; x_wconf 75' lang='grc' dir='ltr'><strong>καὶ</strong></span> <span class='ocrx_word' id='word_1_552' title='bbox 1837 4250 1942 4305; x_wconf 84' lang='grc' dir='ltr'><strong>Κί-</strong></span> 
     </span>
    </p>
   </div>
   <div class='ocr_carea' id='block_1_76' title="bbox 363 4342 1941 4425">
    <p class='ocr_par' dir='ltr' id='par_1_76' title="bbox 363 4342 1941 4425">
     <span class='ocr_line' id='line_1_77' title="bbox 363 4342 1941 4425; baseline -0.008 -19"><span class='ocrx_word' id='word_1_553' title='bbox 363 4352 550 4425; x_wconf 85' lang='grc' dir='ltr'>6ηρις.</span> <span class='ocrx_word' id='word_1_554' title='bbox 580 4352 799 4405; x_wconf 80' lang='grc' dir='ltr'>Τούτων</span> <span class='ocrx_word' id='word_1_555' title='bbox 838 4351 895 4404; x_wconf 84' lang='grc' dir='ltr'><strong>δὲ</strong></span> <span class='ocrx_word' id='word_1_556' title='bbox 932 4351 1008 4413; x_wconf 84' lang='grc' dir='ltr'><strong>ὡς</strong></span> <span class='ocrx_word' id='word_1_557' title='bbox 1059 4346 1332 4402; x_wconf 84' lang='grc' dir='ltr'>ἀπωτάτω</span> <span class='ocrx_word' id='word_1_558' title='bbox 1376 4344 1515 4414; x_wconf 77' lang='grc' dir='ltr'><strong>ἀμφ’</strong></span> <span class='ocrx_word' id='word_1_559' title='bbox 1546 4343 1711 4397; x_wconf 84' lang='grc' dir='ltr'>αὐτὸν</span> <span class='ocrx_word' id='word_1_560' title='bbox 1769 4342 1941 4413; x_wconf 84' lang='grc' dir='ltr'>δήπου</span> 
     </span>
    </p>
   </div>
   <div class='ocr_carea' id='block_1_77' title="bbox 361 4433 1943 4517">
    <p class='ocr_par' dir='ltr' id='par_1_77' title="bbox 361 4433 1943 4517">
     <span class='ocr_line' id='line_1_78' title="bbox 361 4433 1943 4517; baseline -0.008 -20"><span class='ocrx_word' id='word_1_561' title='bbox 361 4443 459 4498; x_wconf 74' lang='grc' dir='ltr'>τὸν</span> <span class='ocrx_word' id='word_1_562' title='bbox 497 4442 743 4517; x_wconf 74' lang='grc' dir='ltr'>πορθμὸν</span> <span class='ocrx_word' id='word_1_563' title='bbox 781 4440 878 4495; x_wconf 61' lang='grc' dir='ltr'><strong>καὶ⁵</strong></span> <span class='ocrx_word' id='word_1_564' title='bbox 910 4440 1036 4503; x_wconf 79' lang='grc' dir='ltr'>τοὺς</span> <span class='ocrx_word' id='word_1_565' title='bbox 1077 4436 1414 4508; x_wconf 82' lang='grc' dir='ltr'>παρακτίους</span> <span class='ocrx_word' id='word_1_566' title='bbox 1455 4434 1712 4503; x_wconf 85' lang='grc' dir='ltr'>ἀγκῶνας</span> <span class='ocrx_word' id='word_1_567' title='bbox 1740 4433 1943 4503; x_wconf 87' lang='grc' dir='ltr'>Σηστός</span> 
     </span>
    </p>
   </div>
   <div class='ocr_carea' id='block_1_78' title="bbox 2026 3246 2990 3307">
    <p class='ocr_par' dir='ltr' id='par_1_78' title="bbox 2026 3246 2990 3307">
     <span class='ocr_line' id='line_1_79' title="bbox 2026 3246 2990 3307; baseline -0.007 0"><span class='ocrx_word' id='word_1_568' title='bbox 2026 3252 2429 3307; x_wconf 86' lang='lat' dir='ltr'><strong>Chersonesum</strong></span> <span class='ocrx_word' id='word_1_569' title='bbox 2462 3249 2786 3303; x_wconf 88' lang='lat' dir='ltr'><strong>Thracicam</strong></span> <span class='ocrx_word' id='word_1_570' title='bbox 2816 3246 2990 3302; x_wconf 85' lang='lat' dir='ltr'><strong>misit.</strong></span> 
     </span>
    </p>
   </div>
   <div class='ocr_carea' id='block_1_79' title="bbox 2097 3334 3608 3412">
    <p class='ocr_par' dir='ltr' id='par_1_79' title="bbox 2097 3334 3608 3412">
     <span class='ocr_line' id='line_1_80' title="bbox 2097 3334 3608 3412; baseline -0.006 -16"><span class='ocrx_word' id='word_1_571' title='bbox 2097 3342 2184 3399; x_wconf 73' lang='grc'><strong>12.</strong></span> <span class='ocrx_word' id='word_1_572' title='bbox 2226 3341 2401 3412; x_wconf 82' lang='lat' dir='ltr'><strong>Hujus</strong></span> <span class='ocrx_word' id='word_1_573' title='bbox 2451 3350 2632 3402; x_wconf 85' lang='lat' dir='ltr'><strong>autem</strong></span> <span class='ocrx_word' id='word_1_574' title='bbox 2673 3338 3003 3394; x_wconf 89' lang='lat' dir='ltr'><strong>Chersonesi</strong></span> <span class='ocrx_word' id='word_1_575' title='bbox 3055 3351 3177 3407; x_wconf 72' lang='lat' dir='ltr'><strong>qua:</strong></span> <span class='ocrx_word' id='word_1_576' title='bbox 3227 3335 3295 3391; x_wconf 89' lang='lat' dir='ltr'><strong>ad</strong></span> <span class='ocrx_word' id='word_1_577' title='bbox 3340 3334 3608 3389; x_wconf 88' lang='lat' dir='ltr'><strong>orientem</strong></span> 
     </span>
    </p>
   </div>
   <div class='ocr_carea' id='block_1_80' title="bbox 2028 3425 3613 3500">
    <p class='ocr_par' dir='ltr' id='par_1_80' title="bbox 2028 3425 3613 3500">
     <span class='ocr_line' id='line_1_81' title="bbox 2028 3425 3613 3500; baseline -0.008 -9"><span class='ocrx_word' id='word_1_578' title='bbox 2028 3435 2196 3491; x_wconf 89' lang='lat' dir='ltr'><strong>solem</strong></span> <span class='ocrx_word' id='word_1_579' title='bbox 2228 3442 2282 3488; x_wconf 91' lang='lat' dir='ltr'><strong>et</strong></span> <span class='ocrx_word' id='word_1_580' title='bbox 2313 3441 2639 3489; x_wconf 91' lang='lat' dir='ltr'><strong>euronotum</strong></span> <span class='ocrx_word' id='word_1_581' title='bbox 2672 3440 2893 3486; x_wconf 88' lang='lat' dir='ltr'><strong>ventum</strong></span> <span class='ocrx_word' id='word_1_582' title='bbox 2926 3437 3191 3500; x_wconf 81' lang='lat' dir='ltr'><strong>vergunt,</strong></span> <span class='ocrx_word' id='word_1_583' title='bbox 3236 3438 3292 3481; x_wconf 90' lang='lat' dir='ltr'><strong>et</strong></span> <span class='ocrx_word' id='word_1_584' title='bbox 3333 3427 3399 3481; x_wconf 89' lang='lat' dir='ltr'><strong>ad</strong></span> <span class='ocrx_word' id='word_1_585' title='bbox 3444 3425 3613 3479; x_wconf 90' lang='lat' dir='ltr'><strong>meri-</strong></span> 
     </span>
    </p>
   </div>
   <div class='ocr_carea' id='block_1_81' title="bbox 2029 3518 3616 3601">
    <p class='ocr_par' dir='ltr' id='par_1_81' title="bbox 2029 3518 3616 3601">
     <span class='ocr_line' id='line_1_82' title="bbox 2029 3518 3616 3601; baseline -0.008 -18"><span class='ocrx_word' id='word_1_586' title='bbox 2029 3528 2251 3583; x_wconf 90' lang='lat' dir='ltr'><strong>dianum</strong></span> <span class='ocrx_word' id='word_1_587' title='bbox 2297 3541 2469 3595; x_wconf 86' lang='lat' dir='ltr'><strong>usque</strong></span> <span class='ocrx_word' id='word_1_588' title='bbox 2508 3533 2770 3601; x_wconf 74' lang='lat' dir='ltr'><strong>punctum</strong></span> <span class='ocrx_word' id='word_1_589' title='bbox 2812 3523 2956 3577; x_wconf 88' lang='lat' dir='ltr'><strong>circa</strong></span> <span class='ocrx_word' id='word_1_590' title='bbox 2995 3521 3398 3591; x_wconf 80' lang='lat' dir='ltr'><strong>Hellespontum</strong></span> <span class='ocrx_word' id='word_1_591' title='bbox 3440 3518 3616 3588; x_wconf 87' lang='lat' dir='ltr'><strong>porri-</strong></span> 
     </span>
    </p>
   </div>
   <div class='ocr_carea' id='block_1_82' title="bbox 2031 3612 3617 3690">
    <p class='ocr_par' dir='ltr' id='par_1_82' title="bbox 2031 3612 3617 3690">
     <span class='ocr_line' id='line_1_83' title="bbox 2031 3612 3617 3690; baseline -0.006 -17"><span class='ocrx_word' id='word_1_592' title='bbox 2031 3620 2215 3690; x_wconf 82' lang='lat' dir='ltr'><strong>gitur;</strong></span> <span class='ocrx_word' id='word_1_593' title='bbox 2271 3616 2603 3673; x_wconf 88' lang='lat' dir='ltr'><strong>circumﬂuit</strong></span> <span class='ocrx_word' id='word_1_594' title='bbox 2654 3615 2799 3669; x_wconf 87' lang='lat' dir='ltr'><strong>enim</strong></span> <span class='ocrx_word' id='word_1_595' title='bbox 2852 3623 3022 3669; x_wconf 89' lang='lat' dir='ltr'><strong>totam</strong></span> <span class='ocrx_word' id='word_1_596' title='bbox 3081 3612 3515 3684; x_wconf 85' lang='lat' dir='ltr'><strong>propemodum,</strong></span> <span class='ocrx_word' id='word_1_597' title='bbox 3564 3618 3617 3664; x_wconf 89' lang='lat' dir='ltr'><strong>et</strong></span> 
     </span>
    </p>
   </div>
   <div class='ocr_carea' id='block_1_83' title="bbox 2032 3703 3613 3776">
    <p class='ocr_par' dir='ltr' id='par_1_83' title="bbox 2032 3703 3613 3776">
     <span class='ocr_line' id='line_1_84' title="bbox 2032 3703 3613 3776; baseline -0.006 -12"><span class='ocrx_word' id='word_1_598' title='bbox 2032 3710 2263 3766; x_wconf 80' lang='lat' dir='ltr'><strong>ﬂexibus</strong></span> <span class='ocrx_word' id='word_1_599' title='bbox 2288 3710 2531 3764; x_wconf 89' lang='lat' dir='ltr'><strong>littorum</strong></span> <span class='ocrx_word' id='word_1_600' title='bbox 2567 3722 2672 3761; x_wconf 91' lang='lat' dir='ltr'><strong>una</strong></span> <span class='ocrx_word' id='word_1_601' title='bbox 2706 3705 3116 3776; x_wconf 78' lang='lat' dir='ltr'><strong>circumagitur,</strong></span> <span class='ocrx_word' id='word_1_602' title='bbox 3156 3703 3351 3774; x_wconf 82' lang='lat' dir='ltr'><strong>exigua</strong></span> <span class='ocrx_word' id='word_1_603' title='bbox 3379 3703 3613 3773; x_wconf 85' lang='lat' dir='ltr'><strong>quadam</strong></span> 
     </span>
    </p>
   </div>
   <div class='ocr_carea' id='block_1_84' title="bbox 2035 3794 3620 3870">
    <p class='ocr_par' dir='ltr' id='par_1_84' title="bbox 2035 3794 3620 3870">
     <span class='ocr_line' id='line_1_85' title="bbox 2035 3794 3620 3870; baseline -0.008 -13"><span class='ocrx_word' id='word_1_604' title='bbox 2035 3802 2360 3858; x_wconf 87' lang='lat' dir='ltr'><strong>continentis</strong></span> <span class='ocrx_word' id='word_1_605' title='bbox 2391 3800 2671 3870; x_wconf 86' lang='lat' dir='ltr'><strong>portione,</strong></span> <span class='ocrx_word' id='word_1_606' title='bbox 2698 3801 2802 3853; x_wconf 81' lang='lat' dir='ltr'><strong>hoc</strong></span> <span class='ocrx_word' id='word_1_607' title='bbox 2829 3805 2915 3851; x_wconf 87' lang='lat' dir='ltr'><strong>est</strong></span> <span class='ocrx_word' id='word_1_608' title='bbox 2951 3797 3088 3852; x_wconf 88' lang='lat' dir='ltr'><strong>solis</strong></span> <span class='ocrx_word' id='word_1_609' title='bbox 3123 3794 3480 3865; x_wconf 77' lang='lat' dir='ltr'><strong>quadraginta</strong></span> <span class='ocrx_word' id='word_1_610' title='bbox 3507 3802 3620 3846; x_wconf 79' lang='lat' dir='ltr'><strong>sta-</strong></span> 
     </span>
    </p>
   </div>
   <div class='ocr_carea' id='block_1_85' title="bbox 2037 3883 3621 3959">
    <p class='ocr_par' dir='ltr' id='par_1_85' title="bbox 2037 3883 3621 3959">
     <span class='ocr_line' id='line_1_86' title="bbox 2037 3883 3621 3959; baseline -0.008 -11"><span class='ocrx_word' id='word_1_611' title='bbox 2037 3893 2180 3957; x_wconf 86' lang='lat' dir='ltr'><strong>diis,</strong></span> <span class='ocrx_word' id='word_1_612' title='bbox 2227 3891 2503 3958; x_wconf 78' lang='lat' dir='ltr'><strong>exclusus,</strong></span> <span class='ocrx_word' id='word_1_613' title='bbox 2551 3889 2844 3959; x_wconf 81' lang='lat' dir='ltr'><strong>quominus</strong></span> <span class='ocrx_word' id='word_1_614' title='bbox 2888 3887 3121 3941; x_wconf 86' lang='lat' dir='ltr'><strong>insulam</strong></span> <span class='ocrx_word' id='word_1_615' title='bbox 3169 3884 3351 3939; x_wconf 75' lang='lat' dir='ltr'><strong>faciat.</strong></span> <span class='ocrx_word' id='word_1_616' title='bbox 3403 3883 3460 3936; x_wconf 87' lang='lat' dir='ltr'><strong>In</strong></span> <span class='ocrx_word' id='word_1_617' title='bbox 3519 3884 3621 3937; x_wconf 86' lang='lat' dir='ltr'><strong>hac</strong></span> 
     </span>
    </p>
   </div>
   <div class='ocr_carea' id='block_1_86' title="bbox 2039 3973 3622 4048">
    <p class='ocr_par' dir='ltr' id='par_1_86' title="bbox 2039 3973 3622 4048">
     <span class='ocr_line' id='line_1_87' title="bbox 2039 3973 3622 4048; baseline -0.008 -11"><span class='ocrx_word' id='word_1_618' title='bbox 2039 3997 2170 4037; x_wconf 89' lang='lat' dir='ltr'><strong>vero</strong></span> <span class='ocrx_word' id='word_1_619' title='bbox 2217 3981 2401 4036; x_wconf 87' lang='lat' dir='ltr'><strong>isthmi</strong></span> <span class='ocrx_word' id='word_1_620' title='bbox 2452 3979 2702 4048; x_wconf 83' lang='lat' dir='ltr'><strong>angustia</strong></span> <span class='ocrx_word' id='word_1_621' title='bbox 2749 3991 2938 4032; x_wconf 88' lang='lat' dir='ltr'><strong>murus</strong></span> <span class='ocrx_word' id='word_1_622' title='bbox 2987 3976 3042 4030; x_wconf 91' lang='lat' dir='ltr'><strong>in</strong></span> <span class='ocrx_word' id='word_1_623' title='bbox 3097 3977 3315 4045; x_wconf 83' lang='lat' dir='ltr'><strong>longum</strong></span> <span class='ocrx_word' id='word_1_624' title='bbox 3364 3973 3622 4028; x_wconf 83' lang='lat' dir='ltr'><strong>continue</strong></span> 
     </span>
    </p>
   </div>
   <div class='ocr_carea' id='block_1_87' title="bbox 2040 4070 3619 4144">
    <p class='ocr_par' dir='ltr' id='par_1_87' title="bbox 2040 4070 3619 4144">
     <span class='ocr_line' id='line_1_88' title="bbox 2040 4070 3619 4144; baseline -0.006 -18"><span class='ocrx_word' id='word_1_625' title='bbox 2040 4073 2200 4144; x_wconf 76' lang='lat'><strong>302</strong></span> <span class='ocrx_word' id='word_1_626' title='bbox 2255 4073 2449 4126; x_wconf 84' lang='lat' dir='ltr'><strong>ductus</strong></span> <span class='ocrx_word' id='word_1_627' title='bbox 2497 4079 2583 4125; x_wconf 87' lang='lat' dir='ltr'><strong>est</strong></span> <span class='ocrx_word' id='word_1_628' title='bbox 2629 4070 2695 4124; x_wconf 90' lang='lat' dir='ltr'><strong>ad</strong></span> <span class='ocrx_word' id='word_1_629' title='bbox 2749 4077 3044 4138; x_wconf 90' lang='lat' dir='ltr'><strong>utrumque</strong></span> <span class='ocrx_word' id='word_1_630' title='bbox 3098 4081 3248 4120; x_wconf 88' lang='lat' dir='ltr'><strong>mare</strong></span> <span class='ocrx_word' id='word_1_631' title='bbox 3298 4076 3619 4135; x_wconf 81' lang='lat' dir='ltr'><strong>porrectus;</strong></span> 
     </span>
    </p>
   </div>
   <div class='ocr_carea' id='block_1_88' title="bbox 2043 4157 3625 4234">
    <p class='ocr_par' dir='ltr' id='par_1_88' title="bbox 2043 4157 3625 4234">
     <span class='ocr_line' id='line_1_89' title="bbox 2043 4157 3625 4234; baseline -0.008 -14"><span class='ocrx_word' id='word_1_632' title='bbox 2043 4166 2314 4234; x_wconf 88' lang='lat' dir='ltr'><strong>urbesque</strong></span> <span class='ocrx_word' id='word_1_633' title='bbox 2358 4164 2587 4221; x_wconf 91' lang='lat' dir='ltr'><strong>interius</strong></span> <span class='ocrx_word' id='word_1_634' title='bbox 2632 4163 2732 4232; x_wconf 91' lang='lat' dir='ltr'><strong>ipsi</strong></span> <span class='ocrx_word' id='word_1_635' title='bbox 2775 4160 2952 4215; x_wconf 64' lang='lat' dir='ltr'><strong>aliisue</strong></span> <span class='ocrx_word' id='word_1_636' title='bbox 3002 4169 3131 4215; x_wconf 89' lang='lat' dir='ltr'><strong>sunt</strong></span> <span class='ocrx_word' id='word_1_637' title='bbox 3175 4157 3531 4227; x_wconf 76' lang='lat' dir='ltr'><strong>Aphrodisias</strong></span> <span class='ocrx_word' id='word_1_638' title='bbox 3569 4163 3625 4209; x_wconf 87' lang='lat' dir='ltr'><strong>et</strong></span> 
     </span>
    </p>
   </div>
   <div class='ocr_carea' id='block_1_89' title="bbox 2045 4248 3624 4321">
    <p class='ocr_par' dir='ltr' id='par_1_89' title="bbox 2045 4248 3624 4321">
     <span class='ocr_line' id='line_1_90' title="bbox 2045 4248 3624 4321; baseline -0.006 -11"><span class='ocrx_word' id='word_1_639' title='bbox 2045 4254 2284 4311; x_wconf 83' lang='lat' dir='ltr'><strong>Theseos</strong></span> <span class='ocrx_word' id='word_1_640' title='bbox 2315 4264 2368 4310; x_wconf 89' lang='lat' dir='ltr'><strong>et</strong></span> <span class='ocrx_word' id='word_1_641' title='bbox 2395 4253 2628 4309; x_wconf 87' lang='lat' dir='ltr'><strong>Ciberis.</strong></span> <span class='ocrx_word' id='word_1_642' title='bbox 2672 4253 2756 4309; x_wconf 87' lang='lat' dir='ltr'><strong>Ab</strong></span> <span class='ocrx_word' id='word_1_643' title='bbox 2783 4253 2868 4307; x_wconf 90' lang='lat' dir='ltr'><strong>his</strong></span> <span class='ocrx_word' id='word_1_644' title='bbox 2894 4266 3023 4306; x_wconf 89' lang='lat' dir='ltr'><strong>vero</strong></span> <span class='ocrx_word' id='word_1_645' title='bbox 3055 4266 3222 4321; x_wconf 90' lang='lat' dir='ltr'><strong>quam</strong></span> <span class='ocrx_word' id='word_1_646' title='bbox 3260 4248 3624 4303; x_wconf 84' lang='lat' dir='ltr'><strong>remotissime</strong></span> 
     </span>
    </p>
   </div>
   <div class='ocr_carea' id='block_1_90' title="bbox 2045 4340 3621 4414">
    <p class='ocr_par' dir='ltr' id='par_1_90' title="bbox 2045 4340 3621 4414">
     <span class='ocr_line' id='line_1_91' title="bbox 2045 4340 3621 4414; baseline -0.007 -14"><span class='ocrx_word' id='word_1_647' title='bbox 2045 4344 2188 4400; x_wconf 89' lang='lat' dir='ltr'><strong>circa</strong></span> <span class='ocrx_word' id='word_1_648' title='bbox 2232 4343 2432 4400; x_wconf 78' lang='lat' dir='ltr'><strong>fretum</strong></span> <span class='ocrx_word' id='word_1_649' title='bbox 2462 4344 2642 4414; x_wconf 89' lang='lat' dir='ltr'><strong>ipsum</strong></span> <span class='ocrx_word' id='word_1_650' title='bbox 2682 4353 2737 4398; x_wconf 91' lang='lat' dir='ltr'><strong>et</strong></span> <span class='ocrx_word' id='word_1_651' title='bbox 2769 4342 3034 4397; x_wconf 89' lang='lat' dir='ltr'><strong>littorales</strong></span> <span class='ocrx_word' id='word_1_652' title='bbox 3068 4341 3240 4395; x_wconf 85' lang='lat' dir='ltr'><strong>ﬂexus</strong></span> <span class='ocrx_word' id='word_1_653' title='bbox 3273 4340 3465 4394; x_wconf 87' lang='lat' dir='ltr'><strong>Sestus</strong></span> <span class='ocrx_word' id='word_1_654' title='bbox 3503 4348 3585 4392; x_wconf 89' lang='lat' dir='ltr'><strong>est</strong></span> <span class='ocrx_word' id='word_1_655' title='bbox 3606 4378 3621 4397; x_wconf 87' lang='lat'><strong>,</strong></span> 
     </span>
    </p>
   </div>
   <div class='ocr_carea' id='block_1_91' title="bbox 2048 4430 3627 4504">
    <p class='ocr_par' dir='ltr' id='par_1_91' title="bbox 2048 4430 3627 4504">
     <span class='ocr_line' id='line_1_92' title="bbox 2048 4430 3627 4504; baseline -0.007 -14"><span class='ocrx_word' id='word_1_656' title='bbox 2048 4436 2180 4494; x_wconf 90' lang='lat' dir='ltr'><strong>urbs</strong></span> <span class='ocrx_word' id='word_1_657' title='bbox 2213 4435 2568 4490; x_wconf 84' lang='lat' dir='ltr'><strong>celeberrima</strong></span> <span class='ocrx_word' id='word_1_658' title='bbox 2610 4435 2666 4488; x_wconf 89' lang='lat' dir='ltr'><strong>in</strong></span> <span class='ocrx_word' id='word_1_659' title='bbox 2716 4433 2869 4504; x_wconf 84' lang='lat' dir='ltr'><strong>poesi</strong></span> <span class='ocrx_word' id='word_1_660' title='bbox 2909 4442 2963 4487; x_wconf 90' lang='lat' dir='ltr'><strong>et</strong></span> <span class='ocrx_word' id='word_1_661' title='bbox 3004 4430 3474 4497; x_wconf 88' lang='lat' dir='ltr'><strong>nominatissima,</strong></span> <span class='ocrx_word' id='word_1_662' title='bbox 3516 4444 3627 4480; x_wconf 92' lang='lat' dir='ltr'><strong>non</strong></span> 
     </span>
    </p>
   </div>
   <div class='ocr_carea' id='block_1_92' title="bbox 363 4515 1915 4603">
    <p class='ocr_par' dir='ltr' id='par_1_92' title="bbox 363 4515 1912 4603">
     <span class='ocr_line' id='line_1_93' title="bbox 363 4515 1912 4603; baseline -0.009 -14"><span class='ocrx_word' id='word_1_663' title='bbox 363 4533 433 4603; x_wconf 77' lang='grc' dir='ltr'><strong>γέ</strong></span> <span class='ocrx_word' id='word_1_664' title='bbox 484 4515 602 4587; x_wconf 83' lang='grc' dir='ltr'>ἐστι</span> <span class='ocrx_word' id='word_1_665' title='bbox 643 4533 795 4595; x_wconf 76' lang='grc' dir='ltr'>πόλις</span> <span class='ocrx_word' id='word_1_666' title='bbox 822 4532 855 4602; x_wconf 75' lang='grc' dir='ltr'>ἡ</span> <span class='ocrx_word' id='word_1_667' title='bbox 885 4528 1246 4601; x_wconf 83' lang='grc' dir='ltr'>περιλάλητος</span> <span class='ocrx_word' id='word_1_668' title='bbox 1295 4528 1361 4596; x_wconf 84' lang='grc' dir='ltr'>τῇ</span> <span class='ocrx_word' id='word_1_669' title='bbox 1414 4525 1633 4596; x_wconf 88' lang='grc' dir='ltr'>ποιήσει</span> <span class='ocrx_word' id='word_1_670' title='bbox 1689 4524 1787 4576; x_wconf 73' lang='grc' dir='ltr'><strong>καὶ</strong></span> <span class='ocrx_word' id='word_1_671' title='bbox 1823 4523 1912 4576; x_wconf 87' lang='grc' dir='ltr'>ὀνο</span> 
     </span>
    </p>
   </div>
   <div class='ocr_carea' id='block_1_93' title="bbox 2019 4515 3628 4603">
    <p class='ocr_par' dir='ltr' id='par_1_93' title="bbox 2019 4515 3628 4592">
     <span class='ocr_line' id='line_1_94' title="bbox 2019 4515 3628 4592; baseline -0.005 -14"><span class='ocrx_word' id='word_1_672' title='bbox 2019 4559 2021 4570; x_wconf 53' lang='grc' dir='ltr'><strong>ν</strong></span> <span class='ocrx_word' id='word_1_673' title='bbox 2046 4524 2231 4589; x_wconf 86' lang='lat' dir='ltr'><strong>aliam,</strong></span> <span class='ocrx_word' id='word_1_674' title='bbox 2263 4523 2449 4588; x_wconf 91' lang='lat' dir='ltr'><strong>credo,</strong></span> <span class='ocrx_word' id='word_1_675' title='bbox 2478 4523 2548 4577; x_wconf 88' lang='lat' dir='ltr'><strong>ob</strong></span> <span class='ocrx_word' id='word_1_676' title='bbox 2576 4537 2821 4589; x_wconf 85' lang='lat' dir='ltr'><strong>causam,</strong></span> <span class='ocrx_word' id='word_1_677' title='bbox 2849 4536 3013 4592; x_wconf 90' lang='lat' dir='ltr'><strong>quam</strong></span> <span class='ocrx_word' id='word_1_678' title='bbox 3041 4520 3110 4575; x_wconf 90' lang='lat' dir='ltr'><strong>ob</strong></span> <span class='ocrx_word' id='word_1_679' title='bbox 3140 4519 3417 4574; x_wconf 87' lang='lat' dir='ltr'><strong>lucernam</strong></span> <span class='ocrx_word' id='word_1_680' title='bbox 3451 4515 3628 4570; x_wconf 87' lang='lat' dir='ltr'><strong>Herus</strong></span> 
     </span>
    </p>
   </div>
   <div class='ocr_carea' id='block_1_94' title="bbox 371 4610 1945 4696">
    <p class='ocr_par' dir='ltr' id='par_1_94' title="bbox 371 4610 1945 4696">
     <span class='ocr_line' id='line_1_95' title="bbox 371 4610 1945 4696; baseline -0.01 -16"><span class='ocrx_word' id='word_1_681' title='bbox 371 4625 706 4696; x_wconf 85' lang='grc' dir='ltr'>μαστοτάτη,</span> <span class='ocrx_word' id='word_1_682' title='bbox 736 4624 837 4676; x_wconf 78' lang='grc' dir='ltr'><strong>οὐκ</strong></span> <span class='ocrx_word' id='word_1_683' title='bbox 871 4620 1033 4676; x_wconf 74' lang='grc' dir='ltr'>ἄλλου</span> <span class='ocrx_word' id='word_1_684' title='bbox 1074 4635 1167 4671; x_wconf 91' lang='grc' dir='ltr'><strong>του</strong></span> <span class='ocrx_word' id='word_1_685' title='bbox 1206 4616 1389 4680; x_wconf 83' lang='grc' dir='ltr'>ἓνεκα,</span> <span class='ocrx_word' id='word_1_686' title='bbox 1419 4610 1575 4686; x_wconf 74' lang='grc' dir='ltr'>οἶμαι</span> <span class='ocrx_word' id='word_1_687' title='bbox 1608 4613 1674 4678; x_wconf 77' lang='grc'><strong>⁸⁷,</strong></span> <span class='ocrx_word' id='word_1_688' title='bbox 1714 4613 1748 4684; x_wconf 78' lang='grc' dir='ltr'>ἢ</span> <span class='ocrx_word' id='word_1_689' title='bbox 1784 4612 1945 4684; x_wconf 81' lang='grc' dir='ltr'>μόνον</span> 
     </span>
    </p>
   </div>
   <div class='ocr_carea' id='block_1_95' title="bbox 368 4702 1946 4786">
    <p class='ocr_par' dir='ltr' id='par_1_95' title="bbox 368 4702 1946 4786">
     <span class='ocr_line' id='line_1_96' title="bbox 368 4702 1946 4786; baseline -0.01 -16"><span class='ocrx_word' id='word_1_690' title='bbox 368 4717 464 4770; x_wconf 78' lang='grc' dir='ltr'>ἐπὶ</span> <span class='ocrx_word' id='word_1_691' title='bbox 489 4714 568 4786; x_wconf 80' lang='grc' dir='ltr'>τῷ</span> <span class='ocrx_word' id='word_1_692' title='bbox 605 4713 786 4785; x_wconf 81' lang='grc' dir='ltr'>λύχνῳ</span> <span class='ocrx_word' id='word_1_693' title='bbox 824 4712 926 4783; x_wconf 81' lang='grc' dir='ltr'>τῆς</span> <span class='ocrx_word' id='word_1_694' title='bbox 965 4709 1163 4782; x_wconf 83' lang='grc' dir='ltr'>Ἡροῦς</span> <span class='ocrx_word' id='word_1_695' title='bbox 1195 4707 1242 4740; x_wconf 82' lang='grc'>⁸⁸</span> <span class='ocrx_word' id='word_1_696' title='bbox 1269 4706 1486 4776; x_wconf 86' lang='grc' dir='ltr'>ἐκείνης</span> <span class='ocrx_word' id='word_1_697' title='bbox 1526 4704 1629 4774; x_wconf 79' lang='grc' dir='ltr'><strong>τῆς</strong></span> <span class='ocrx_word' id='word_1_698' title='bbox 1667 4702 1946 4773; x_wconf 86' lang='grc' dir='ltr'>Σηστίδος,</span> 
     </span>
    </p>
   </div>
   <div class='ocr_carea' id='block_1_96' title="bbox 2047 4612 3627 4679">
    <p class='ocr_par' dir='ltr' id='par_1_96' title="bbox 2047 4612 3627 4679">
     <span class='ocr_line' id='line_1_97' title="bbox 2047 4612 3627 4679; baseline -0.006 -11"><span class='ocrx_word' id='word_1_699' title='bbox 2047 4614 2191 4668; x_wconf 91' lang='lat' dir='ltr'><strong>illius</strong></span> <span class='ocrx_word' id='word_1_700' title='bbox 2218 4613 2483 4668; x_wconf 86' lang='lat' dir='ltr'><strong>Sestiadis</strong></span> <span class='ocrx_word' id='word_1_701' title='bbox 2505 4653 2521 4679; x_wconf 87' lang='lat'><strong>,</strong></span> <span class='ocrx_word' id='word_1_702' title='bbox 2555 4623 2610 4669; x_wconf 88' lang='lat' dir='ltr'><strong>et</strong></span> <span class='ocrx_word' id='word_1_703' title='bbox 2634 4613 2705 4668; x_wconf 84' lang='lat' dir='ltr'><strong>ob</strong></span> <span class='ocrx_word' id='word_1_704' title='bbox 2737 4612 2966 4668; x_wconf 87' lang='lat' dir='ltr'><strong>Leandri</strong></span> <span class='ocrx_word' id='word_1_705' title='bbox 2996 4626 3236 4666; x_wconf 85' lang='lat' dir='ltr'><strong>amorem</strong></span> <span class='ocrx_word' id='word_1_706' title='bbox 3276 4625 3341 4663; x_wconf 90' lang='lat' dir='ltr'><strong>ac</strong></span> <span class='ocrx_word' id='word_1_707' title='bbox 3372 4616 3627 4663; x_wconf 90' lang='lat' dir='ltr'><strong>mortem.</strong></span> 
     </span>
    </p>
   </div>
   <div class='ocr_carea' id='block_1_97' title="bbox 2048 4699 3667 4774">
    <p class='ocr_par' dir='ltr' id='par_1_97' title="bbox 2048 4699 3667 4774">
     <span class='ocr_line' id='line_1_98' title="bbox 2048 4699 3667 4774; baseline -0.004 -17"><span class='ocrx_word' id='word_1_708' title='bbox 2048 4703 2165 4760; x_wconf 86' lang='lat' dir='ltr'><strong>Non</strong></span> <span class='ocrx_word' id='word_1_709' title='bbox 2191 4704 2376 4774; x_wconf 86' lang='lat' dir='ltr'><strong>procul</strong></span> <span class='ocrx_word' id='word_1_710' title='bbox 2405 4714 2584 4760; x_wconf 89' lang='lat' dir='ltr'><strong>autem</strong></span> <span class='ocrx_word' id='word_1_711' title='bbox 2616 4702 2746 4759; x_wconf 87' lang='lat' dir='ltr'><strong>hinc</strong></span> <span class='ocrx_word' id='word_1_712' title='bbox 2765 4703 2927 4758; x_wconf 87' lang='lat' dir='ltr'><strong>etiam</strong></span> <span class='ocrx_word' id='word_1_713' title='bbox 2953 4703 3096 4757; x_wconf 91' lang='lat' dir='ltr'><strong>aliud</strong></span> <span class='ocrx_word' id='word_1_714' title='bbox 3122 4701 3441 4771; x_wconf 88' lang='lat' dir='ltr'><strong>oppidulum</strong></span> <span class='ocrx_word' id='word_1_715' title='bbox 3465 4699 3633 4753; x_wconf 89' lang='lat' dir='ltr'><strong>situm</strong></span> <span class='ocrx_word' id='word_1_716' title='bbox 3664 4748 3667 4751; x_wconf 72' lang='lat'><strong>.</strong></span> 
     </span>
    </p>
   </div>
   <div class='ocr_carea' id='block_1_98' title="bbox 370 4791 1915 4876">
    <p class='ocr_par' dir='ltr' id='par_1_98' title="bbox 370 4791 1915 4876">
     <span class='ocr_line' id='line_1_99' title="bbox 370 4791 1915 4876; baseline -0.01 -17"><span class='ocrx_word' id='word_1_717' title='bbox 370 4805 467 4859; x_wconf 72' lang='lat' dir='ltr'><strong>ml.</strong></span> <span class='ocrx_word' id='word_1_718' title='bbox 487 4804 565 4876; x_wconf 84' lang='grc' dir='ltr'>τῷ</span> <span class='ocrx_word' id='word_1_719' title='bbox 616 4803 889 4875; x_wconf 80' lang='grc' dir='ltr'>Λεάνδρου</span> <span class='ocrx_word' id='word_1_720' title='bbox 938 4799 1104 4871; x_wconf 74' lang='grc' dir='ltr'>ἔρωτι</span> <span class='ocrx_word' id='word_1_721' title='bbox 1160 4796 1254 4850; x_wconf 79' lang='grc' dir='ltr'>καὶ</span> <span class='ocrx_word' id='word_1_722' title='bbox 1300 4794 1532 4865; x_wconf 78' lang='grc' dir='ltr'>θανάτῳ.</span> <span class='ocrx_word' id='word_1_723' title='bbox 1566 4793 1641 4847; x_wconf 82' lang='grc' dir='ltr'><strong>Οὐ</strong></span> <span class='ocrx_word' id='word_1_724' title='bbox 1672 4791 1915 4865; x_wconf 75' lang='grc' dir='ltr'>πόρρωδ</span> 
     </span>
    </p>
   </div>
   <div class='ocr_carea' id='block_1_99' title="bbox 2019 4791 3632 4876">
    <p class='ocr_par' dir='ltr' id='par_1_99' title="bbox 2049 4791 3632 4866">
     <span class='ocr_line' id='line_1_100' title="bbox 2049 4791 3632 4866; baseline -0.006 -14"><span class='ocrx_word' id='word_1_725' title='bbox 2049 4806 2153 4863; x_wconf 89' lang='lat' dir='ltr'><strong>est,</strong></span> <span class='ocrx_word' id='word_1_726' title='bbox 2177 4796 2461 4851; x_wconf 90' lang='lat' dir='ltr'><strong>minimum</strong></span> <span class='ocrx_word' id='word_1_727' title='bbox 2484 4796 2705 4866; x_wconf 86' lang='lat' dir='ltr'><strong>quidem</strong></span> <span class='ocrx_word' id='word_1_728' title='bbox 2728 4794 2860 4849; x_wconf 90' lang='lat' dir='ltr'><strong>illud</strong></span> <span class='ocrx_word' id='word_1_729' title='bbox 2880 4803 2933 4848; x_wconf 87' lang='lat' dir='ltr'><strong>et</strong></span> <span class='ocrx_word' id='word_1_730' title='bbox 2955 4807 3299 4865; x_wconf 85' lang='lat' dir='ltr'><strong>nequaquam</strong></span> <span class='ocrx_word' id='word_1_731' title='bbox 3322 4791 3632 4862; x_wconf 86' lang='lat' dir='ltr'><strong>pulchrum,</strong></span> 
     </span>
    </p>
   </div>
   <div class='ocr_carea' id='block_1_100' title="bbox 371 4882 1915 4970">
    <p class='ocr_par' dir='ltr' id='par_1_100' title="bbox 371 4886 1915 4970">
     <span class='ocr_line' id='line_1_101' title="bbox 371 4886 1915 4970; baseline -0.01 -15"><span class='ocrx_word' id='word_1_732' title='bbox 371 4898 544 4970; x_wconf 78' lang='grc' dir='ltr'>αὐτῆς</span> <span class='ocrx_word' id='word_1_733' title='bbox 577 4899 621 4930; x_wconf 79' lang='grc'>⁸⁸</span> <span class='ocrx_word' id='word_1_734' title='bbox 647 4896 742 4952; x_wconf 77' lang='grc' dir='ltr'>καὶ</span> <span class='ocrx_word' id='word_1_735' title='bbox 781 4894 968 4965; x_wconf 72' lang='grc' dir='ltr'>ἕτερόν</span> <span class='ocrx_word' id='word_1_736' title='bbox 1011 4910 1065 4945; x_wconf 89' lang='grc' dir='ltr'><strong>τι</strong></span> <span class='ocrx_word' id='word_1_737' title='bbox 1113 4893 1290 4944; x_wconf 76' lang='grc' dir='ltr'>κεῖται</span> <span class='ocrx_word' id='word_1_738' title='bbox 1327 4889 1621 4959; x_wconf 82' lang='grc' dir='ltr'>πολίχνιον,</span> <span class='ocrx_word' id='word_1_739' title='bbox 1664 4886 1915 4957; x_wconf 84' lang='grc' dir='ltr'>ἐλάχιστο</span> 
     </span>
    </p>
   </div>
   <div class='ocr_carea' id='block_1_101' title="bbox 2019 4882 3636 4970">
    <p class='ocr_par' dir='ltr' id='par_1_101' title="bbox 2052 4882 3636 4959">
     <span class='ocr_line' id='line_1_102' title="bbox 2052 4882 3636 4959; baseline -0.005 -16"><span class='ocrx_word' id='word_1_740' title='bbox 2052 4903 2230 4958; x_wconf 87' lang='lat' dir='ltr'><strong>neque</strong></span> <span class='ocrx_word' id='word_1_741' title='bbox 2260 4888 2558 4959; x_wconf 83' lang='lat' dir='ltr'><strong>quidquam</strong></span> <span class='ocrx_word' id='word_1_742' title='bbox 2589 4887 2816 4942; x_wconf 91' lang='lat' dir='ltr'><strong>omnino</strong></span> <span class='ocrx_word' id='word_1_743' title='bbox 2843 4888 3050 4942; x_wconf 89' lang='lat' dir='ltr'><strong>habens</strong></span> <span class='ocrx_word' id='word_1_744' title='bbox 3074 4885 3329 4949; x_wconf 83' lang='lat' dir='ltr'><strong>amabile,</strong></span> <span class='ocrx_word' id='word_1_745' title='bbox 3356 4882 3636 4952; x_wconf 86' lang='lat' dir='ltr'><strong>Callipolis</strong></span> 
     </span>
    </p>
   </div>
   <div class='ocr_carea' id='block_1_102' title="bbox 376 4977 1948 5060">
    <p class='ocr_par' dir='ltr' id='par_1_102' title="bbox 376 4977 1948 5060">
     <span class='ocr_line' id='line_1_103' title="bbox 376 4977 1948 5060; baseline -0.009 -16"><span class='ocrx_word' id='word_1_746' title='bbox 376 4989 478 5060; x_wconf 78' lang='grc' dir='ltr'>μὲν</span> <span class='ocrx_word' id='word_1_747' title='bbox 515 4989 612 5044; x_wconf 74' lang='grc' dir='ltr'><strong>καὶ</strong></span> <span class='ocrx_word' id='word_1_748' title='bbox 634 4987 891 5051; x_wconf 81' lang='grc' dir='ltr'>ἀκαλλὲς,</span> <span class='ocrx_word' id='word_1_749' title='bbox 921 4985 1017 5039; x_wconf 73' lang='grc' dir='ltr'><strong>καὶ</strong></span> <span class='ocrx_word' id='word_1_750' title='bbox 1062 4981 1217 5036; x_wconf 82' lang='grc' dir='ltr'>οὐδὲν</span> <span class='ocrx_word' id='word_1_751' title='bbox 1249 4979 1426 5034; x_wconf 86' lang='grc' dir='ltr'>ὁτιοῦν</span> <span class='ocrx_word' id='word_1_752' title='bbox 1457 4979 1761 5049; x_wconf 85' lang='grc' dir='ltr'>ἐπέραστον</span> <span class='ocrx_word' id='word_1_753' title='bbox 1805 4977 1948 5049; x_wconf 67' lang='grc' dir='ltr'>ἔχον,</span> 
     </span>
    </p>
   </div>
   <div class='ocr_carea' id='block_1_103' title="bbox 2060 4973 3637 5050">
    <p class='ocr_par' dir='ltr' id='par_1_103' title="bbox 2060 4973 3637 5050">
     <span class='ocr_line' id='line_1_104' title="bbox 2060 4973 3637 5050; baseline -0.005 -15"><span class='ocrx_word' id='word_1_754' title='bbox 2060 4987 2241 5035; x_wconf 86' lang='lat' dir='ltr'><strong>tamen</strong></span> <span class='ocrx_word' id='word_1_755' title='bbox 2284 4990 2558 5035; x_wconf 87' lang='lat' dir='ltr'><strong>vocatum.</strong></span> <span class='ocrx_word' id='word_1_756' title='bbox 2607 4978 3094 5050; x_wconf 86' lang='lat' dir='ltr'><strong>Circumjacentem</strong></span> <span class='ocrx_word' id='word_1_757' title='bbox 3150 4991 3310 5044; x_wconf 91' lang='lat' dir='ltr'><strong>porro</strong></span> <span class='ocrx_word' id='word_1_758' title='bbox 3363 4973 3637 5043; x_wconf 85' lang='lat' dir='ltr'><strong>regionem</strong></span> 
     </span>
    </p>
   </div>
   <div class='ocr_carea' id='block_1_104' title="bbox 374 5062 1915 5149">
    <p class='ocr_par' dir='ltr' id='par_1_104' title="bbox 374 5070 1915 5149">
     <span class='ocr_line' id='line_1_105' title="bbox 374 5070 1915 5149; baseline -0.009 -14"><span class='ocrx_word' id='word_1_759' title='bbox 374 5079 709 5143; x_wconf 80' lang='grc' dir='ltr'>Καλλίπολις</span> <span class='ocrx_word' id='word_1_760' title='bbox 747 5078 804 5133; x_wconf 84' lang='grc' dir='ltr'><strong>δέ</strong></span> <span class='ocrx_word' id='word_1_761' title='bbox 822 5079 972 5149; x_wconf 83' lang='grc' dir='ltr'>ὅμως</span> <span class='ocrx_word' id='word_1_762' title='bbox 993 5072 1469 5144; x_wconf 82' lang='grc' dir='ltr'>ἐπονομαζόμενον</span> <span class='ocrx_word' id='word_1_763' title='bbox 1509 5071 1553 5104; x_wconf 78' lang='grc' dir='ltr'><strong>⁷ο</strong></span> <span class='ocrx_word' id='word_1_764' title='bbox 1576 5086 1589 5100; x_wconf 86' lang='grc'>·</span> <span class='ocrx_word' id='word_1_765' title='bbox 1622 5071 1721 5136; x_wconf 84' lang='grc' dir='ltr'><strong>τάς</strong></span> <span class='ocrx_word' id='word_1_766' title='bbox 1751 5087 1816 5139; x_wconf 85' lang='grc' dir='ltr'><strong>γε</strong></span> <span class='ocrx_word' id='word_1_767' title='bbox 1843 5070 1915 5142; x_wconf 84' lang='grc' dir='ltr'><strong>μὴ</strong></span> 
     </span>
    </p>
   </div>
   <div class='ocr_carea' id='block_1_105' title="bbox 2019 5062 3634 5149">
    <p class='ocr_par' dir='ltr' id='par_1_105' title="bbox 2056 5062 3634 5140">
     <span class='ocr_line' id='line_1_106' title="bbox 2056 5062 3634 5140; baseline -0.01 -13"><span class='ocrx_word' id='word_1_768' title='bbox 2056 5079 2324 5127; x_wconf 82' lang='lat' dir='ltr'><strong>exornant</strong></span> <span class='ocrx_word' id='word_1_769' title='bbox 2363 5080 2417 5125; x_wconf 90' lang='lat' dir='ltr'><strong>et</strong></span> <span class='ocrx_word' id='word_1_770' title='bbox 2443 5070 2558 5140; x_wconf 81' lang='lat' dir='ltr'><strong>agri</strong></span> <span class='ocrx_word' id='word_1_771' title='bbox 2601 5079 2658 5125; x_wconf 83' lang='lat' dir='ltr'><strong>et</strong></span> <span class='ocrx_word' id='word_1_772' title='bbox 2684 5070 2895 5123; x_wconf 84' lang='lat' dir='ltr'><strong>navalia</strong></span> <span class='ocrx_word' id='word_1_773' title='bbox 2916 5109 2932 5132; x_wconf 96' lang='lat'><strong>,</strong></span> <span class='ocrx_word' id='word_1_774' title='bbox 2965 5069 3334 5135; x_wconf 89' lang='lat' dir='ltr'><strong>arborumque</strong></span> <span class='ocrx_word' id='word_1_775' title='bbox 3361 5062 3634 5117; x_wconf 75' lang='lat' dir='ltr'><strong>variarum</strong></span> 
     </span>
    </p>
   </div>
   <div class='ocr_carea' id='block_1_106' title="bbox 373 5152 1915 5245">
    <p class='ocr_par' dir='ltr' id='par_1_106' title="bbox 373 5163 1915 5245">
     <span class='ocr_line' id='line_1_107' title="bbox 373 5163 1915 5245; baseline -0.008 -18"><span class='ocrx_word' id='word_1_776' title='bbox 373 5171 716 5245; x_wconf 86' lang='grc' dir='ltr'>περιοικίδας</span> <span class='ocrx_word' id='word_1_777' title='bbox 773 5165 1071 5240; x_wconf 85' lang='grc' dir='ltr'>κοσμοῦσιν</span> <span class='ocrx_word' id='word_1_778' title='bbox 1119 5163 1278 5236; x_wconf 80' lang='grc' dir='ltr'>ἀγροί</span> <span class='ocrx_word' id='word_1_779' title='bbox 1328 5180 1387 5218; x_wconf 88' lang='grc' dir='ltr'><strong>τε</strong></span> <span class='ocrx_word' id='word_1_780' title='bbox 1447 5167 1540 5217; x_wconf 75' lang='grc' dir='ltr'>καὶ</span> <span class='ocrx_word' id='word_1_781' title='bbox 1594 5163 1808 5217; x_wconf 88' lang='grc' dir='ltr'>ἐπίνεια</span> <span class='ocrx_word' id='word_1_782' title='bbox 1853 5180 1915 5216; x_wconf 82' lang='grc' dir='ltr'><strong>κα</strong></span> 
     </span>
    </p>
   </div>
   <div class='ocr_carea' id='block_1_107' title="bbox 2019 5152 3636 5245">
    <p class='ocr_par' dir='ltr' id='par_1_107' title="bbox 2055 5152 3636 5232">
     <span class='ocr_line' id='line_1_108' title="bbox 2055 5152 3636 5232; baseline -0.008 -14"><span class='ocrx_word' id='word_1_783' title='bbox 2055 5170 2111 5218; x_wconf 89' lang='lat' dir='ltr'><strong>et</strong></span> <span class='ocrx_word' id='word_1_784' title='bbox 2157 5162 2488 5218; x_wconf 87' lang='lat' dir='ltr'><strong>ﬂuentorum</strong></span> <span class='ocrx_word' id='word_1_785' title='bbox 2545 5160 2864 5232; x_wconf 84' lang='lat' dir='ltr'><strong>potabilium</strong></span> <span class='ocrx_word' id='word_1_786' title='bbox 2906 5161 3091 5230; x_wconf 88' lang='lat' dir='ltr'><strong>copia,</strong></span> <span class='ocrx_word' id='word_1_787' title='bbox 3145 5168 3394 5226; x_wconf 89' lang='lat' dir='ltr'><strong>terraque</strong></span> <span class='ocrx_word' id='word_1_788' title='bbox 3433 5152 3636 5223; x_wconf 77' lang='lat' dir='ltr'><strong>irrigua</strong></span> 
     </span>
    </p>
   </div>
   <div class='ocr_carea' id='block_1_108' title="bbox 1670 5314 2354 5373">
    <p class='ocr_par' dir='ltr' id='par_1_108' title="bbox 1670 5314 2354 5373">
     <span class='ocr_line' id='line_1_109' title="bbox 1670 5314 2354 5373; baseline -0.003 -1"><span class='ocrx_word' id='word_1_789' title='bbox 1670 5314 1909 5372; x_wconf 70' lang='lat' dir='ltr'><strong>VARIIE</strong></span> <span class='ocrx_word' id='word_1_790' title='bbox 1949 5315 2354 5373; x_wconf 76' lang='lat' dir='ltr'><strong>LECTIONES.</strong></span> 
     </span>
    </p>
   </div>
   <div class='ocr_carea' id='block_1_109' title="bbox 452 5459 3634 5588">
    <p class='ocr_par' dir='ltr' id='par_1_109' title="bbox 452 5459 3634 5588">
     <span class='ocr_line' id='line_1_110' title="bbox 452 5459 3634 5559; baseline -0.009 -17"><span class='ocrx_word' id='word_1_791' title='bbox 452 5489 497 5521; x_wconf 85' lang='grc'><strong>⁸⁷</strong></span> <span class='ocrx_word' id='word_1_792' title='bbox 527 5487 907 5559; x_wconf 77' lang='grc' dir='ltr'>Οὑλτίνξουροι</span> <span class='ocrx_word' id='word_1_793' title='bbox 926 5487 971 5542; x_wconf 75' lang='grc' dir='ltr'><strong>Β</strong></span> <span class='ocrx_word' id='word_1_794' title='bbox 991 5491 1047 5540; x_wconf 90' lang='lat' dir='ltr'><strong>et</strong></span> <span class='ocrx_word' id='word_1_795' title='bbox 1071 5484 1158 5541; x_wconf 89' lang='lat' dir='ltr'><strong>vul</strong></span> <span class='ocrx_word' id='word_1_796' title='bbox 1201 5525 1241 5551; x_wconf 91' lang='lat'><strong>.,</strong></span> <span class='ocrx_word' id='word_1_797' title='bbox 1268 5483 1498 5540; x_wconf 73' lang='lat' dir='ltr'><strong>Ultizuri</strong></span> <span class='ocrx_word' id='word_1_798' title='bbox 1529 5483 1692 5554; x_wconf 84' lang='lat' dir='ltr'><strong>intpr.</strong></span> <span class='ocrx_word' id='word_1_799' title='bbox 1767 5479 1813 5512; x_wconf 77' lang='lat'>“</span> <span class='ocrx_word' id='word_1_800' title='bbox 1838 5475 1993 5548; x_wconf 73' lang='grc' dir='ltr'>οἶμαι</span> <span class='ocrx_word' id='word_1_801' title='bbox 2014 5475 2215 5531; x_wconf 74' lang='lat' dir='ltr'><strong>add.ex</strong></span> <span class='ocrx_word' id='word_1_802' title='bbox 2243 5475 2306 5529; x_wconf 77' lang='grc' dir='ltr'><strong>Β.</strong></span> <span class='ocrx_word' id='word_1_803' title='bbox 2330 5472 2719 5545; x_wconf 80' lang='grc' dir='ltr'>διαφθαρέντες</span> <span class='ocrx_word' id='word_1_804' title='bbox 2741 5481 2793 5528; x_wconf 87' lang='lat' dir='ltr'><strong>et</strong></span> <span class='ocrx_word' id='word_1_805' title='bbox 2817 5468 3246 5542; x_wconf 77' lang='grc' dir='ltr'>μεταναστάντες</span> <span class='ocrx_word' id='word_1_806' title='bbox 3269 5463 3332 5517; x_wconf 82' lang='lat' dir='ltr'><strong>R.</strong></span> <span class='ocrx_word' id='word_1_807' title='bbox 3410 5462 3456 5494; x_wconf 80' lang='lat'>&quot;</span> <span class='ocrx_word' id='word_1_808' title='bbox 3491 5459 3634 5513; x_wconf 80' lang='grc' dir='ltr'>ἐσώ-</span> 
     </span>
     <span class='ocr_line' id='line_1_111' title="bbox 452 5500 3634 5588; baseline -0.001 0"><span class='ocrx_word' id='word_1_809' title='bbox 452 5576 507 5588; x_wconf 77' lang='grc'>-,.</span> <span class='ocrx_word' id='word_1_810' title='bbox 530 5559 572 5588; x_wconf 79' lang='grc' dir='ltr'><strong>ι)</strong></span> <span class='ocrx_word' id='word_1_811' title='bbox 623 5558 886 5588; x_wconf 49' lang='grc' dir='ltr'><strong>»φάγω-ι.</strong></span> <span class='ocrx_word' id='word_1_812' title='bbox 919 5558 1045 5588; x_wconf 73' lang='grc' dir='ltr'><em>-..ιη</em></span> <span class='ocrx_word' id='word_1_813' title='bbox 1141 5500 1360 5588; x_wconf 45' lang='lat' dir='ltr'><strong>eguisse</strong></span> <span class='ocrx_word' id='word_1_814' title='bbox 1384 5553 1485 5588; x_wconf 65' lang='grc' dir='ltr'><em>..ΛΑ</em></span> <span class='ocrx_word' id='word_1_815' title='bbox 1543 5570 1605 5588; x_wconf 72' lang='grc' dir='ltr'>ιη</span> <span class='ocrx_word' id='word_1_816' title='bbox 1654 5551 1695 5588; x_wconf 80' lang='lat' dir='ltr'><strong>n</strong></span> <span class='ocrx_word' id='word_1_817' title='bbox 1744 5558 1793 5588; x_wconf 73' lang='lat' dir='ltr'><strong>m</strong></span> <span class='ocrx_word' id='word_1_818' title='bbox 1842 5551 1985 5588; x_wconf 79' lang='lat' dir='ltr'><strong>inmr</strong></span> <span class='ocrx_word' id='word_1_819' title='bbox 2042 5546 2198 5588; x_wconf 66' lang='lat' dir='ltr'><strong>huius</strong></span> <span class='ocrx_word' id='word_1_820' title='bbox 2226 5547 2475 5588; x_wconf 65' lang='lat' dir='ltr'><strong>ﬂuminis.</strong></span> <span class='ocrx_word' id='word_1_821' title='bbox 2551 5544 2591 5584; x_wconf 66' lang='grc'><strong>9⁸</strong></span> <span class='ocrx_word' id='word_1_822' title='bbox 2628 5542 2907 5588; x_wconf 76' lang='grc' dir='ltr'>Ζαϐεογὰν</span> <span class='ocrx_word' id='word_1_823' title='bbox 2928 5540 2970 5588; x_wconf 80' lang='lat' dir='ltr'><strong>R</strong></span> <span class='ocrx_word' id='word_1_824' title='bbox 3001 5540 3052 5588; x_wconf 91' lang='lat' dir='ltr'><strong>in</strong></span> <span class='ocrx_word' id='word_1_825' title='bbox 3085 5554 3193 5588; x_wconf 76' lang='lat' dir='ltr'><strong>m2.</strong></span> <span class='ocrx_word' id='word_1_826' title='bbox 3232 5545 3285 5587; x_wconf 87' lang='lat' dir='ltr'><strong>et</strong></span> <span class='ocrx_word' id='word_1_827' title='bbox 3315 5534 3503 5588; x_wconf 88' lang='lat' dir='ltr'><strong>intnr..</strong></span> <span class='ocrx_word' id='word_1_828' title='bbox 3531 5532 3634 5585; x_wconf 91' lang='grc' dir='ltr'><strong>Ζα-</strong></span> 
     </span>
    </p>
   </div>
   <div class='ocr_carea' id='block_1_110' title="bbox 384 5557 1162 5626">
    <p class='ocr_par' dir='ltr' id='par_1_110' title="bbox 384 5557 1162 5626">
     <span class='ocr_line' id='line_1_112' title="bbox 384 5557 1162 5626; baseline -0.009 -12"><span class='ocrx_word' id='word_1_829' title='bbox 384 5560 509 5625; x_wconf 84' lang='grc' dir='ltr'>ζετο</span> <span class='ocrx_word' id='word_1_830' title='bbox 530 5559 600 5622; x_wconf 83' lang='lat' dir='ltr'><strong>R,</strong></span> <span class='ocrx_word' id='word_1_831' title='bbox 621 5557 887 5623; x_wconf 79' lang='grc' dir='ltr'>ἐσώζοντο</span> <span class='ocrx_word' id='word_1_832' title='bbox 919 5558 1063 5626; x_wconf 83' lang='lat' dir='ltr'><strong>vulg.</strong></span> <span class='ocrx_word' id='word_1_833' title='bbox 1121 5557 1162 5626; x_wconf 15' lang='lat'><strong>7&#39;</strong></span> 
     </span>
    </p>
   </div>
   <div class='ocr_carea' id='block_1_111' title="bbox 384 5625 1377 5701">
    <p class='ocr_par' dir='ltr' id='par_1_111' title="bbox 384 5625 1377 5701">
     <span class='ocr_line' id='line_1_113' title="bbox 384 5625 1377 5701; baseline -0.003 -20"><span class='ocrx_word' id='word_1_834' title='bbox 384 5629 584 5701; x_wconf 69' lang='grc' dir='ltr'>ὅερσνάν</span> <span class='ocrx_word' id='word_1_835' title='bbox 625 5630 679 5683; x_wconf 93' lang='lat' dir='ltr'><strong>in</strong></span> <span class='ocrx_word' id='word_1_836' title='bbox 707 5629 850 5701; x_wconf 39' lang='lat' dir='ltr'><strong>0rd”</strong></span> <span class='ocrx_word' id='word_1_837' title='bbox 886 5625 1176 5701; x_wconf 66' lang='grc' dir='ltr'>ζαμεργδιν</span> <span class='ocrx_word' id='word_1_838' title='bbox 1216 5626 1377 5701; x_wconf 68' lang='grc' dir='ltr'><strong>ΔνιιΙε.</strong></span> 
     </span>
    </p>
   </div>
   <div class='ocr_carea' id='block_1_112' title="bbox 387 5696 1349 5767">
    <p class='ocr_par' dir='ltr' id='par_1_112' title="bbox 387 5696 1349 5767">
     <span class='ocr_line' id='line_1_114' title="bbox 387 5696 1349 5767; baseline -0.003 -14"><span class='ocrx_word' id='word_1_839' title='bbox 387 5696 523 5767; x_wconf 56' lang='lat' dir='ltr'><strong>Spit.</strong></span> <span class='ocrx_word' id='word_1_840' title='bbox 553 5700 702 5753; x_wconf 65' lang='lat' dir='ltr'><strong>Pan.</strong></span> <span class='ocrx_word' id='word_1_841' title='bbox 777 5698 822 5730; x_wconf 72' lang='grc' dir='ltr'><strong>σε</strong></span> <span class='ocrx_word' id='word_1_842' title='bbox 860 5697 959 5767; x_wconf 82' lang='grc' dir='ltr'><strong>τῆς</strong></span> <span class='ocrx_word' id='word_1_843' title='bbox 986 5696 1090 5767; x_wconf 85' lang='lat' dir='ltr'><strong>del.</strong></span> <span class='ocrx_word' id='word_1_844' title='bbox 1137 5698 1179 5748; x_wconf 77' lang='grc' dir='ltr'><strong>ιι</strong></span> <span class='ocrx_word' id='word_1_845' title='bbox 1211 5696 1246 5750; x_wconf 77' lang='lat'><strong>2</strong></span> <span class='ocrx_word' id='word_1_846' title='bbox 1268 5710 1349 5767; x_wconf 87' lang='lat' dir='ltr'><strong>_m.</strong></span> 
     </span>
    </p>
   </div>
   <div class='ocr_carea' id='block_1_113' title="bbox 1496 5617 2027 5693">
    <p class='ocr_par' dir='ltr' id='par_1_113' title="bbox 1496 5617 2027 5693">
     <span class='ocr_line' id='line_1_115' title="bbox 1496 5617 2027 5693; baseline -0.013 -16"><span class='ocrx_word' id='word_1_847' title='bbox 1496 5624 1541 5655; x_wconf 78' lang='lat'><strong>“</strong></span> <span class='ocrx_word' id='word_1_848' title='bbox 1569 5617 1937 5693; x_wconf 71' lang='grc' dir='ltr'>προσέϐαλλεν</span> <span class='ocrx_word' id='word_1_849' title='bbox 1960 5617 2027 5672; x_wconf 76' lang='grc' dir='ltr'><strong>Β.</strong></span> 
     </span>
    </p>
   </div>
   <div class='ocr_carea' id='block_1_114' title="bbox 1461 5670 3641 5764">
    <p class='ocr_par' dir='ltr' id='par_1_114' title="bbox 1461 5670 3641 5764">
     <span class='ocr_line' id='line_1_116' title="bbox 1461 5670 3641 5764; baseline -0.019 1"><span class='ocrx_word' id='word_1_850' title='bbox 1461 5693 1507 5726; x_wconf 73' lang='grc'><strong>⁸⁸</strong></span> <span class='ocrx_word' id='word_1_851' title='bbox 1540 5670 2118 5764; x_wconf 23' lang='grc' dir='ltr'>πτρδᾶίέεέέίίλεῖτάειῖε</span> <span class='ocrx_word' id='word_1_852' title='bbox 2157 5670 2524 5764; x_wconf 47' lang='grc' dir='ltr'>Ἀφροδίᾷιᾶςη</span> <span class='ocrx_word' id='word_1_853' title='bbox 2550 5684 2590 5764; x_wconf 67' lang='lat' dir='ltr'><strong>li</strong></span> <span class='ocrx_word' id='word_1_854' title='bbox 2644 5692 2698 5736; x_wconf 71' lang='lat' dir='ltr'><strong>et</strong></span> <span class='ocrx_word' id='word_1_855' title='bbox 2744 5670 3293 5764; x_wconf 41' lang='lat' dir='ltr'><strong>intprftlcﬁli’rncop.</strong></span> <span class='ocrx_word' id='word_1_856' title='bbox 3345 5674 3411 5764; x_wconf 76' lang='lat' dir='ltr'><strong>de</strong></span> <span class='ocrx_word' id='word_1_857' title='bbox 3441 5670 3641 5764; x_wconf 42' lang='lat' dir='ltr'><strong>redit),</strong></span> 
     </span>
    </p>
   </div>
   <div class='ocr_carea' id='block_1_115' title="bbox 1207 5532 3640 5618">
    <p class='ocr_par' dir='ltr' id='par_1_115' title="bbox 1207 5532 3640 5618">
     <span class='ocr_line' id='line_1_117' title="bbox 1207 5532 3640 5618; baseline -0.01 -9"><span class='ocrx_word' id='word_1_858' title='bbox 1744 5558 1798 5605; x_wconf 81' lang='lat' dir='ltr'><strong>et</strong></span> <span class='ocrx_word' id='word_1_859' title='bbox 1842 5532 2004 5618; x_wconf 62' lang='lat' dir='ltr'><strong>inipr.</strong></span> <span class='ocrx_word' id='word_1_860' title='bbox 2041 5546 2199 5618; x_wconf 71' lang='lat' dir='ltr'><strong>hujus</strong></span> <span class='ocrx_word' id='word_1_861' title='bbox 2221 5532 2500 5618; x_wconf 65' lang='lat' dir='ltr'><strong>ﬂuminis._</strong></span> <span class='ocrx_word' id='word_1_862' title='bbox 2536 5532 2591 5584; x_wconf 64' lang='grc'><strong>’9⁸</strong></span> <span class='ocrx_word' id='word_1_863' title='bbox 2627 5532 2907 5618; x_wconf 60' lang='grc' dir='ltr'>ζαδεργὰν</span> <span class='ocrx_word' id='word_1_864' title='bbox 2927 5540 2971 5593; x_wconf 77' lang='grc' dir='ltr'><strong>ιι</strong></span> <span class='ocrx_word' id='word_1_865' title='bbox 3001 5540 3052 5593; x_wconf 93' lang='lat' dir='ltr'><strong>in</strong></span> <span class='ocrx_word' id='word_1_866' title='bbox 3077 5554 3193 5618; x_wconf 57' lang='lat' dir='ltr'><strong>Iug.</strong></span> <span class='ocrx_word' id='word_1_867' title='bbox 3232 5545 3285 5587; x_wconf 87' lang='lat' dir='ltr'><strong>et</strong></span> <span class='ocrx_word' id='word_1_868' title='bbox 3315 5534 3506 5618; x_wconf 26' lang='lat' dir='ltr'><strong>intra</strong></span> <span class='ocrx_word' id='word_1_869' title='bbox 3531 5532 3640 5618; x_wconf 36' lang='lat' dir='ltr'><strong>Ziat-</strong></span> 
     </span>
    </p>
   </div>
   <div class='ocr_carea' id='block_1_116' title="bbox 2129 5601 3642 5684">
    <p class='ocr_par' dir='ltr' id='par_1_116' title="bbox 2129 5601 3642 5684">
     <span class='ocr_line' id='line_1_118' title="bbox 2129 5601 3642 5684; baseline -0.011 -14"><span class='ocrx_word' id='word_1_870' title='bbox 2129 5616 2174 5650; x_wconf 84' lang='grc'>⁶³</span> <span class='ocrx_word' id='word_1_871' title='bbox 2221 5601 2326 5669; x_wconf 67' lang='lat' dir='ltr'><strong>i’ro</strong></span> <span class='ocrx_word' id='word_1_872' title='bbox 2363 5614 2578 5684; x_wconf 83' lang='grc' dir='ltr'>χωρίων</span> <span class='ocrx_word' id='word_1_873' title='bbox 2637 5611 2679 5665; x_wconf 73' lang='grc' dir='ltr'><strong><em>Β</em></strong></span> <span class='ocrx_word' id='word_1_874' title='bbox 2730 5601 2785 5684; x_wconf 74' lang='lat' dir='ltr'><strong>ili</strong></span> <span class='ocrx_word' id='word_1_875' title='bbox 2817 5601 2945 5680; x_wconf 53' lang='lat' dir='ltr'><strong>&#39;ntg.</strong></span> <span class='ocrx_word' id='word_1_876' title='bbox 2996 5601 3217 5684; x_wconf 69' lang='grc' dir='ltr'>πεδίων.</span> <span class='ocrx_word' id='word_1_877' title='bbox 3316 5601 3642 5684; x_wconf 49' lang='grc' dir='ltr'>’ξτρα-κςαν</span> 
     </span>
    </p>
   </div>
   <div class='ocr_carea' id='block_1_117' title="bbox 399 5741 3638 5845">
    <p class='ocr_par' dir='ltr' id='par_1_117' title="bbox 399 5741 3638 5845">
     <span class='ocr_line' id='line_1_119' title="bbox 399 5741 3638 5845; baseline -0.009 -21"><span class='ocrx_word' id='word_1_878' title='bbox 399 5741 1357 5845; x_wconf 37' lang='grc' dir='ltr'><strong>ῗὲξέρόδέσία-ιυιςξ</strong></span> <span class='ocrx_word' id='word_1_879' title='bbox 1381 5741 1729 5845; x_wconf 29' lang='lat' dir='ltr'><strong>iuvui-gr?&quot;</strong></span> <span class='ocrx_word' id='word_1_880' title='bbox 1767 5741 1964 5845; x_wconf 49' lang='grc' dir='ltr'>’ίίροΙῦς</span> <span class='ocrx_word' id='word_1_881' title='bbox 1999 5758 2083 5845; x_wconf 30' lang='lat' dir='ltr'><strong>liv.“</strong></span> <span class='ocrx_word' id='word_1_882' title='bbox 2100 5741 2276 5840; x_wconf 62' lang='grc' dir='ltr'>ηροῦέ</span> <span class='ocrx_word' id='word_1_883' title='bbox 2309 5757 2452 5845; x_wconf 49' lang='lat' dir='ltr'><strong>vtilg.</strong></span> <span class='ocrx_word' id='word_1_884' title='bbox 2474 5741 2673 5845; x_wconf 45' lang='grc' dir='ltr'>ἶὶιιιιῃ.</span> <span class='ocrx_word' id='word_1_885' title='bbox 2705 5753 2806 5845; x_wconf 62' lang='lat' dir='ltr'><strong>nisi</strong></span> <span class='ocrx_word' id='word_1_886' title='bbox 2826 5741 2907 5837; x_wconf 37' lang='lat' dir='ltr'><strong>et,</strong></span> <span class='ocrx_word' id='word_1_887' title='bbox 2928 5741 3259 5845; x_wconf 54' lang='lat' dir='ltr'><strong>illo|her0tmi</strong></span> <span class='ocrx_word' id='word_1_888' title='bbox 3308 5742 3489 5811; x_wconf 69' lang='lat' dir='ltr'><strong>cortu).</strong></span> <span class='ocrx_word' id='word_1_889' title='bbox 3526 5741 3638 5808; x_wconf 79' lang='grc' dir='ltr'><strong>Ση-</strong></span> 
     </span>
    </p>
   </div>
   <div class='ocr_carea' id='block_1_118' title="bbox 388 5837 1158 5910">
    <p class='ocr_par' dir='ltr' id='par_1_118' title="bbox 388 5837 1158 5910">
     <span class='ocr_line' id='line_1_120' title="bbox 388 5837 1158 5910; baseline 0 -17"><span class='ocrx_word' id='word_1_890' title='bbox 388 5837 566 5904; x_wconf 51' lang='lat' dir='ltr'><strong>adeo;</strong></span> <span class='ocrx_word' id='word_1_891' title='bbox 588 5838 652 5892; x_wconf 69' lang='lat' dir='ltr'><strong>li.</strong></span> <span class='ocrx_word' id='word_1_892' title='bbox 692 5837 981 5910; x_wconf 70' lang='grc' dir='ltr'>Σηστὶάδος</span> <span class='ocrx_word' id='word_1_893' title='bbox 1011 5837 1158 5908; x_wconf 85' lang='lat' dir='ltr'><strong>vnlg.</strong></span> 
     </span>
    </p>
   </div>
   <div class='ocr_carea' id='block_1_119' title="bbox 1235 5829 1962 5904">
    <p class='ocr_par' dir='ltr' id='par_1_119' title="bbox 1235 5829 1962 5904">
     <span class='ocr_line' id='line_1_121' title="bbox 1235 5829 1962 5904; baseline -0.006 -16"><span class='ocrx_word' id='word_1_894' title='bbox 1235 5835 1277 5868; x_wconf 70' lang='grc' dir='ltr'><strong>⁸ο</strong></span> <span class='ocrx_word' id='word_1_895' title='bbox 1298 5829 1466 5904; x_wconf 71' lang='grc' dir='ltr'>αὐτῆς</span> <span class='ocrx_word' id='word_1_896' title='bbox 1496 5829 1792 5902; x_wconf 52' lang='lat' dir='ltr'><strong>“fw-3:1};</strong></span> <span class='ocrx_word' id='word_1_897' title='bbox 1818 5829 1962 5900; x_wconf 82' lang='lat' dir='ltr'><strong>vulg.</strong></span> 
     </span>
    </p>
   </div>
   <div class='ocr_carea' id='block_1_120' title="bbox 2039 5820 3105 5895">
    <p class='ocr_par' dir='ltr' id='par_1_120' title="bbox 2039 5820 3105 5895">
     <span class='ocr_line' id='line_1_122' title="bbox 2039 5820 3105 5895; baseline -0.007 -15"><span class='ocrx_word' id='word_1_898' title='bbox 2039 5830 2083 5859; x_wconf 70' lang='grc' dir='ltr'><strong>τυ</strong></span> <span class='ocrx_word' id='word_1_899' title='bbox 2114 5820 2578 5895; x_wconf 57' lang='grc' dir='ltr'>ἐπονομαζόμενον</span> <span class='ocrx_word' id='word_1_900' title='bbox 2596 5820 2641 5874; x_wconf 69' lang='grc' dir='ltr'><strong>Ιὶ</strong></span> <span class='ocrx_word' id='word_1_901' title='bbox 2653 5863 2665 5888; x_wconf 86' lang='grc'><strong>,</strong></span> <span class='ocrx_word' id='word_1_902' title='bbox 2705 5820 2927 5891; x_wconf 73' lang='grc' dir='ltr'>όνομαζ.</span> <span class='ocrx_word' id='word_1_903' title='bbox 2960 5820 3105 5889; x_wconf 76' lang='lat' dir='ltr'><strong>vulg.</strong></span> 
     </span>
    </p>
   </div>
  </div>
