  <div class='ocr_page' id='page_1' title='image "/cluster/home/n/w/nwhite01/storage/ocr_20150623/88/coo.31924054869924/801.png"; bbox 0 0 4020 6490; ppageno 0'>
   <div class='ocr_carea' id='block_1_1' title="bbox 544 456 682 519">
    <p class='ocr_par' dir='ltr' id='par_1_1' title="bbox 544 456 682 519">
     <span class='ocr_line' id='line_1_1' title="bbox 544 456 682 519; baseline 0 -1"><span class='ocrx_word' id='word_1_1' title='bbox 544 456 682 519; x_wconf 76' lang='grc'>1567</span> 
     </span>
    </p>
   </div>
   <div class='ocr_carea' id='block_1_2' title="bbox 1741 447 2618 509">
    <p class='ocr_par' dir='ltr' id='par_1_2' title="bbox 1741 447 2618 509">
     <span class='ocr_line' id='line_1_2' title="bbox 1741 447 2618 509; baseline 0.001 -2"><span class='ocrx_word' id='word_1_2' title='bbox 1741 450 1830 508; x_wconf 82' lang='lat' dir='ltr'><strong>AG</strong></span> <span class='ocrx_word' id='word_1_3' title='bbox 1845 449 2095 509; x_wconf 70' lang='lat' dir='ltr'><strong>ATHLE</strong></span> <span class='ocrx_word' id='word_1_4' title='bbox 2130 447 2618 508; x_wconf 78' lang='lat' dir='ltr'><strong>SCHOLASTICI</strong></span> 
     </span>
    </p>
   </div>
   <div class='ocr_carea' id='block_1_3' title="bbox 3663 445 3775 513">
    <p class='ocr_par' dir='ltr' id='par_1_3' title="bbox 3663 445 3775 513">
     <span class='ocr_line' id='line_1_3' title="bbox 3663 445 3775 513; baseline 0.045 -5"><span class='ocrx_word' id='word_1_5' title='bbox 3663 445 3775 513; x_wconf 74' lang='lat'><strong>1568</strong></span> 
     </span>
    </p>
   </div>
   <div class='ocr_carea' id='block_1_4' title="bbox 535 555 2126 636">
    <p class='ocr_par' dir='ltr' id='par_1_4' title="bbox 535 558 2124 635">
     <span class='ocr_line' id='line_1_4' title="bbox 535 558 2124 635; baseline -0.007 -11"><span class='ocrx_word' id='word_1_6' title='bbox 535 568 869 624; x_wconf 90' lang='lat' dir='ltr'><strong>curriculum</strong></span> <span class='ocrx_word' id='word_1_7' title='bbox 913 565 1064 635; x_wconf 83' lang='lat' dir='ltr'><strong>(jam</strong></span> <span class='ocrx_word' id='word_1_8' title='bbox 1097 563 1240 619; x_wconf 90' lang='lat' dir='ltr'><strong>enim</strong></span> <span class='ocrx_word' id='word_1_9' title='bbox 1289 558 1740 630; x_wconf 77' lang='lat' dir='ltr'><strong>consenuerat),</strong></span> <span class='ocrx_word' id='word_1_10' title='bbox 1792 560 2030 615; x_wconf 85' lang='lat' dir='ltr'><strong>cessisse</strong></span> <span class='ocrx_word' id='word_1_11' title='bbox 2070 568 2124 613; x_wconf 89' lang='lat' dir='ltr'><strong>et</strong></span> 
     </span>
    </p>
   </div>
   <div class='ocr_carea' id='block_1_5' title="bbox 2228 555 3777 636">
    <p class='ocr_par' dir='ltr' id='par_1_5' title="bbox 2228 555 3777 636">
     <span class='ocr_line' id='line_1_5' title="bbox 2228 555 3777 636; baseline 0.004 -26"><span class='ocrx_word' id='word_1_12' title='bbox 2228 559 2346 612; x_wconf 81' lang='grc' dir='ltr'>τότε</span> <span class='ocrx_word' id='word_1_13' title='bbox 2375 559 2438 630; x_wconf 82' lang='grc' dir='ltr'>δὴ</span> <span class='ocrx_word' id='word_1_14' title='bbox 2468 559 2612 629; x_wconf 74' lang='grc' dir='ltr'>ἀμφὶ</span> <span class='ocrx_word' id='word_1_15' title='bbox 2638 558 2735 628; x_wconf 84' lang='grc' dir='ltr'>τὴν</span> <span class='ocrx_word' id='word_1_16' title='bbox 2760 558 2997 628; x_wconf 75' lang='grc' dir='ltr'><strong>ἐσχάτην</strong></span> <span class='ocrx_word' id='word_1_17' title='bbox 3021 556 3115 611; x_wconf 81' lang='grc' dir='ltr'>τοῦ</span> <span class='ocrx_word' id='word_1_18' title='bbox 3147 555 3261 627; x_wconf 82' lang='grc' dir='ltr'>βίον</span> <span class='ocrx_word' id='word_1_19' title='bbox 3286 555 3512 627; x_wconf 76' lang='grc' dir='ltr'><strong>πορείαν</strong></span> <span class='ocrx_word' id='word_1_20' title='bbox 3542 557 3657 630; x_wconf 65' lang='grc' dir='ltr'><strong>(ἤδη</strong></span> <span class='ocrx_word' id='word_1_21' title='bbox 3683 563 3777 636; x_wconf 80' lang='grc' dir='ltr'>γὰρ</span> 
     </span>
    </p>
   </div>
   <div class='ocr_carea' id='block_1_6' title="bbox 537 651 2121 722">
    <p class='ocr_par' dir='ltr' id='par_1_6' title="bbox 537 651 2121 722">
     <span class='ocr_line' id='line_1_6' title="bbox 537 651 2121 722; baseline -0.004 -10"><span class='ocrx_word' id='word_1_22' title='bbox 537 659 885 713; x_wconf 78' lang='lat' dir='ltr'><strong>renuntiasse</strong></span> <span class='ocrx_word' id='word_1_23' title='bbox 923 655 1204 710; x_wconf 82' lang='lat' dir='ltr'><strong>laboribus</strong></span> <span class='ocrx_word' id='word_1_24' title='bbox 1240 652 1388 708; x_wconf 83' lang='lat' dir='ltr'><strong>visus</strong></span> <span class='ocrx_word' id='word_1_25' title='bbox 1407 661 1528 711; x_wconf 86' lang='lat' dir='ltr'><strong>est.</strong></span> <span class='ocrx_word' id='word_1_26' title='bbox 1577 651 1860 721; x_wconf 83' lang='lat' dir='ltr'><strong>magisque</strong></span> <span class='ocrx_word' id='word_1_27' title='bbox 1893 652 1942 706; x_wconf 90' lang='lat' dir='ltr'><strong>ei</strong></span> <span class='ocrx_word' id='word_1_28' title='bbox 1983 666 2121 722; x_wconf 87' lang='lat' dir='ltr'><strong>quo-</strong></span> 
     </span>
    </p>
   </div>
   <div class='ocr_carea' id='block_1_7' title="bbox 538 744 2124 819">
    <p class='ocr_par' dir='ltr' id='par_1_7' title="bbox 538 744 2124 819">
     <span class='ocr_line' id='line_1_7' title="bbox 538 744 2124 819; baseline -0.003 -14"><span class='ocrx_word' id='word_1_29' title='bbox 538 751 834 805; x_wconf 85' lang='lat' dir='ltr'><strong>dammodo</strong></span> <span class='ocrx_word' id='word_1_30' title='bbox 878 749 1082 819; x_wconf 91' lang='lat' dir='ltr'><strong>placuit</strong></span> <span class='ocrx_word' id='word_1_31' title='bbox 1124 748 1311 800; x_wconf 88' lang='lat' dir='ltr'><strong>hostes</strong></span> <span class='ocrx_word' id='word_1_32' title='bbox 1355 745 1498 799; x_wconf 89' lang='lat' dir='ltr'><strong>inter</strong></span> <span class='ocrx_word' id='word_1_33' title='bbox 1547 759 1607 798; x_wconf 80' lang='lat' dir='ltr'><strong>se</strong></span> <span class='ocrx_word' id='word_1_34' title='bbox 1650 744 2026 808; x_wconf 82' lang='lat' dir='ltr'><strong>committere,</strong></span> <span class='ocrx_word' id='word_1_35' title='bbox 2067 753 2124 800; x_wconf 87' lang='lat' dir='ltr'><strong>et</strong></span> 
     </span>
    </p>
   </div>
   <div class='ocr_carea' id='block_1_8' title="bbox 536 834 2124 907">
    <p class='ocr_par' dir='ltr' id='par_1_8' title="bbox 536 834 2124 907">
     <span class='ocr_line' id='line_1_8' title="bbox 536 834 2124 907; baseline -0.004 -10"><span class='ocrx_word' id='word_1_36' title='bbox 536 843 697 897; x_wconf 90' lang='lat' dir='ltr'><strong>donis</strong></span> <span class='ocrx_word' id='word_1_37' title='bbox 727 841 858 896; x_wconf 84' lang='lat' dir='ltr'><strong>deos</strong></span> <span class='ocrx_word' id='word_1_38' title='bbox 896 839 1071 894; x_wconf 85' lang='lat' dir='ltr'><strong>sicubi</strong></span> <span class='ocrx_word' id='word_1_39' title='bbox 1107 853 1244 907; x_wconf 80' lang='lat' dir='ltr'><strong>Opus</strong></span> <span class='ocrx_word' id='word_1_40' title='bbox 1274 844 1393 892; x_wconf 90' lang='lat' dir='ltr'><strong>erat</strong></span> <span class='ocrx_word' id='word_1_41' title='bbox 1422 834 1736 891; x_wconf 85' lang='lat' dir='ltr'><strong>demulcere</strong></span> <span class='ocrx_word' id='word_1_42' title='bbox 1764 878 1779 903; x_wconf 94' lang='lat'><strong>,</strong></span> <span class='ocrx_word' id='word_1_43' title='bbox 1819 850 1992 907; x_wconf 88' lang='lat' dir='ltr'><strong>eaque</strong></span> <span class='ocrx_word' id='word_1_44' title='bbox 2032 852 2124 891; x_wconf 90' lang='lat' dir='ltr'><strong>ra-</strong></span> 
     </span>
    </p>
   </div>
   <div class='ocr_carea' id='block_1_9' title="bbox 538 926 2122 1002">
    <p class='ocr_par' dir='ltr' id='par_1_9' title="bbox 538 926 2122 1002">
     <span class='ocr_line' id='line_1_9' title="bbox 538 926 2122 1002; baseline -0.006 -13"><span class='ocrx_word' id='word_1_45' title='bbox 538 937 685 989; x_wconf 90' lang='lat' dir='ltr'><strong>tione</strong></span> <span class='ocrx_word' id='word_1_46' title='bbox 711 931 1116 1002; x_wconf 88' lang='lat' dir='ltr'><strong>quodammodo</strong></span> <span class='ocrx_word' id='word_1_47' title='bbox 1160 929 1482 1001; x_wconf 90' lang='lat' dir='ltr'><strong>propulsare</strong></span> <span class='ocrx_word' id='word_1_48' title='bbox 1518 928 1702 998; x_wconf 89' lang='lat' dir='ltr'><strong>potius</strong></span> <span class='ocrx_word' id='word_1_49' title='bbox 1726 970 1742 995; x_wconf 97' lang='lat'><strong>,</strong></span> <span class='ocrx_word' id='word_1_50' title='bbox 1792 944 1959 998; x_wconf 87' lang='lat' dir='ltr'><strong>qnam</strong></span> <span class='ocrx_word' id='word_1_51' title='bbox 2016 926 2122 983; x_wconf 83' lang='lat' dir='ltr'><strong>sibi</strong></span> 
     </span>
    </p>
   </div>
   <div class='ocr_carea' id='block_1_10' title="bbox 535 1018 2129 1092">
    <p class='ocr_par' dir='ltr' id='par_1_10' title="bbox 535 1018 2129 1092">
     <span class='ocr_line' id='line_1_10' title="bbox 535 1018 2129 1092; baseline -0.003 -13"><span class='ocrx_word' id='word_1_52' title='bbox 535 1023 640 1092; x_wconf 89' lang='lat' dir='ltr'><strong>ipsi</strong></span> <span class='ocrx_word' id='word_1_53' title='bbox 674 1023 946 1078; x_wconf 82' lang='lat' dir='ltr'><strong>conlidere</strong></span> <span class='ocrx_word' id='word_1_54' title='bbox 994 1030 1052 1077; x_wconf 90' lang='lat' dir='ltr'><strong>et</strong></span> <span class='ocrx_word' id='word_1_55' title='bbox 1092 1028 1356 1090; x_wconf 88' lang='lat' dir='ltr'><strong>perpetuo</strong></span> <span class='ocrx_word' id='word_1_56' title='bbox 1390 1019 1719 1090; x_wconf 86' lang='lat' dir='ltr'><strong>belligerari.</strong></span> <span class='ocrx_word' id='word_1_57' title='bbox 1760 1018 2027 1086; x_wconf 84' lang='lat' dir='ltr'><strong>Quocirca</strong></span> <span class='ocrx_word' id='word_1_58' title='bbox 2071 1026 2129 1075; x_wconf 87' lang='lat' dir='ltr'><strong>et</strong></span> 
     </span>
    </p>
   </div>
   <div class='ocr_carea' id='block_1_11' title="bbox 538 1105 2125 1181">
    <p class='ocr_par' dir='ltr' id='par_1_11' title="bbox 538 1105 2125 1181">
     <span class='ocr_line' id='line_1_11' title="bbox 538 1105 2125 1181; baseline -0.001 -16"><span class='ocrx_word' id='word_1_59' title='bbox 538 1110 782 1181; x_wconf 80' lang='lat' dir='ltr'><strong>legiones</strong></span> <span class='ocrx_word' id='word_1_60' title='bbox 819 1108 1071 1164; x_wconf 91' lang='lat' dir='ltr'><strong>imminui</strong></span> <span class='ocrx_word' id='word_1_61' title='bbox 1095 1106 1402 1176; x_wconf 88' lang='lat' dir='ltr'><strong>collabique</strong></span> <span class='ocrx_word' id='word_1_62' title='bbox 1435 1105 1592 1160; x_wconf 79' lang='lat' dir='ltr'><strong>facile</strong></span> <span class='ocrx_word' id='word_1_63' title='bbox 1630 1108 1955 1176; x_wconf 86' lang='lat' dir='ltr'><strong>patiebatur,</strong></span> <span class='ocrx_word' id='word_1_64' title='bbox 1999 1122 2125 1178; x_wconf 86' lang='lat' dir='ltr'><strong>per-</strong></span> 
     </span>
    </p>
   </div>
   <div class='ocr_carea' id='block_1_12' title="bbox 536 1200 2123 1270">
    <p class='ocr_par' dir='ltr' id='par_1_12' title="bbox 536 1200 2123 1270">
     <span class='ocr_line' id='line_1_12' title="bbox 536 1200 2123 1270; baseline 0 -14"><span class='ocrx_word' id='word_1_65' title='bbox 536 1201 665 1256; x_wconf 87' lang='lat' dir='ltr'><strong>inde</strong></span> <span class='ocrx_word' id='word_1_66' title='bbox 710 1217 774 1256; x_wconf 91' lang='lat' dir='ltr'><strong>ac</strong></span> <span class='ocrx_word' id='word_1_67' title='bbox 836 1201 881 1257; x_wconf 93' lang='lat' dir='ltr'><strong>si</strong></span> <span class='ocrx_word' id='word_1_68' title='bbox 940 1202 1197 1270; x_wconf 82' lang='lat' dir='ltr'><strong>deinceps</strong></span> <span class='ocrx_word' id='word_1_69' title='bbox 1257 1200 1393 1254; x_wconf 89' lang='lat' dir='ltr'><strong>nulli</strong></span> <span class='ocrx_word' id='word_1_70' title='bbox 1450 1200 1761 1254; x_wconf 84' lang='lat' dir='ltr'><strong>necessario</strong></span> <span class='ocrx_word' id='word_1_71' title='bbox 1841 1201 1964 1255; x_wconf 83' lang='lat' dir='ltr'><strong>usui</strong></span> <span class='ocrx_word' id='word_1_72' title='bbox 2015 1200 2123 1256; x_wconf 80' lang='lat' dir='ltr'><strong>sibi</strong></span> 
     </span>
    </p>
   </div>
   <div class='ocr_carea' id='block_1_13' title="bbox 535 1289 2121 1360">
    <p class='ocr_par' dir='ltr' id='par_1_13' title="bbox 535 1289 2121 1360">
     <span class='ocr_line' id='line_1_13' title="bbox 535 1289 2121 1360; baseline -0.001 -14"><span class='ocrx_word' id='word_1_73' title='bbox 535 1302 721 1347; x_wconf 83' lang='lat' dir='ltr'><strong>essent</strong></span> <span class='ocrx_word' id='word_1_74' title='bbox 754 1291 973 1347; x_wconf 76' lang='lat' dir='ltr'><strong>futurae.</strong></span> <span class='ocrx_word' id='word_1_75' title='bbox 1012 1291 1145 1356; x_wconf 62' lang='lat' dir='ltr'><strong>Quae</strong></span> <span class='ocrx_word' id='word_1_76' title='bbox 1177 1290 1395 1360; x_wconf 78' lang='lat' dir='ltr'><strong>quidem</strong></span> <span class='ocrx_word' id='word_1_77' title='bbox 1438 1289 1766 1359; x_wconf 78' lang='lat' dir='ltr'><strong>negligentia</strong></span> <span class='ocrx_word' id='word_1_78' title='bbox 1809 1305 1929 1343; x_wconf 91' lang='lat' dir='ltr'><strong>cum</strong></span> <span class='ocrx_word' id='word_1_79' title='bbox 1957 1290 2121 1345; x_wconf 86' lang='lat' dir='ltr'><strong>etiam</strong></span> 
     </span>
    </p>
   </div>
   <div class='ocr_carea' id='block_1_14' title="bbox 533 1382 2124 1454">
    <p class='ocr_par' dir='ltr' id='par_1_14' title="bbox 533 1382 2124 1454">
     <span class='ocr_line' id='line_1_14' title="bbox 533 1382 2124 1454; baseline -0.001 -15"><span class='ocrx_word' id='word_1_80' title='bbox 533 1400 652 1450; x_wconf 81' lang='lat' dir='ltr'><strong>eos,</strong></span> <span class='ocrx_word' id='word_1_81' title='bbox 675 1385 771 1454; x_wconf 90' lang='lat' dir='ltr'><strong>qui</strong></span> <span class='ocrx_word' id='word_1_82' title='bbox 803 1384 1075 1439; x_wconf 88' lang='lat' dir='ltr'><strong>secundas</strong></span> <span class='ocrx_word' id='word_1_83' title='bbox 1107 1383 1164 1437; x_wconf 91' lang='lat' dir='ltr'><strong>in</strong></span> <span class='ocrx_word' id='word_1_84' title='bbox 1189 1382 1668 1437; x_wconf 86' lang='lat' dir='ltr'><strong>administratione</strong></span> <span class='ocrx_word' id='word_1_85' title='bbox 1700 1382 1910 1452; x_wconf 88' lang='lat' dir='ltr'><strong>imperii</strong></span> <span class='ocrx_word' id='word_1_86' title='bbox 1942 1392 2124 1452; x_wconf 86' lang='lat' dir='ltr'><strong>partes</strong></span> 
     </span>
    </p>
   </div>
   <div class='ocr_carea' id='block_1_15' title="bbox 536 1474 2124 1547">
    <p class='ocr_par' dir='ltr' id='par_1_15' title="bbox 536 1474 2124 1547">
     <span class='ocr_line' id='line_1_15' title="bbox 536 1474 2124 1547; baseline -0.001 -16"><span class='ocrx_word' id='word_1_87' title='bbox 536 1476 887 1543; x_wconf 87' lang='lat' dir='ltr'><strong>obtinebant,</strong></span> <span class='ocrx_word' id='word_1_88' title='bbox 928 1484 1292 1547; x_wconf 88' lang='lat' dir='ltr'><strong>occupasset,</strong></span> <span class='ocrx_word' id='word_1_89' title='bbox 1338 1476 1539 1545; x_wconf 89' lang='lat' dir='ltr'><strong>quibus</strong></span> <span class='ocrx_word' id='word_1_90' title='bbox 1567 1474 1794 1544; x_wconf 83' lang='lat' dir='ltr'><strong>cogendi</strong></span> <span class='ocrx_word' id='word_1_91' title='bbox 1830 1491 1860 1529; x_wconf 85' lang='lat' dir='ltr'><strong>a</strong></span> <span class='ocrx_word' id='word_1_92' title='bbox 1890 1475 2124 1530; x_wconf 87' lang='lat' dir='ltr'><strong>subditis</strong></span> 
     </span>
    </p>
   </div>
   <div class='ocr_carea' id='block_1_16' title="bbox 536 1565 2124 1636">
    <p class='ocr_par' dir='ltr' id='par_1_16' title="bbox 536 1565 2124 1636">
     <span class='ocr_line' id='line_1_16' title="bbox 536 1565 2124 1636; baseline 0.001 -16"><span class='ocrx_word' id='word_1_93' title='bbox 536 1567 741 1623; x_wconf 89' lang='lat' dir='ltr'><strong>tributa</strong></span> <span class='ocrx_word' id='word_1_94' title='bbox 795 1575 851 1621; x_wconf 91' lang='lat' dir='ltr'><strong>et</strong></span> <span class='ocrx_word' id='word_1_95' title='bbox 914 1567 1113 1623; x_wconf 89' lang='lat' dir='ltr'><strong>deinde</strong></span> <span class='ocrx_word' id='word_1_96' title='bbox 1180 1566 1513 1623; x_wconf 79' lang='lat' dir='ltr'><strong>exercitibus</strong></span> <span class='ocrx_word' id='word_1_97' title='bbox 1591 1565 1754 1636; x_wconf 78' lang='lat'><strong>307</strong></span> <span class='ocrx_word' id='word_1_98' title='bbox 1812 1567 2124 1622; x_wconf 87' lang='lat' dir='ltr'><strong>necessaria</strong></span> 
     </span>
    </p>
   </div>
   <div class='ocr_carea' id='block_1_17' title="bbox 537 1658 2126 1728">
    <p class='ocr_par' dir='ltr' id='par_1_17' title="bbox 537 1658 2126 1728">
     <span class='ocr_line' id='line_1_17' title="bbox 537 1658 2126 1728; baseline -0.001 -14"><span class='ocrx_word' id='word_1_99' title='bbox 537 1659 918 1728; x_wconf 81' lang='lat' dir='ltr'><strong>suppeditandi</strong></span> <span class='ocrx_word' id='word_1_100' title='bbox 959 1675 1089 1715; x_wconf 92' lang='lat' dir='ltr'><strong>cura</strong></span> <span class='ocrx_word' id='word_1_101' title='bbox 1131 1660 1385 1728; x_wconf 85' lang='lat' dir='ltr'><strong>imposita</strong></span> <span class='ocrx_word' id='word_1_102' title='bbox 1425 1667 1576 1722; x_wconf 88' lang='lat' dir='ltr'><strong>erat,</strong></span> <span class='ocrx_word' id='word_1_103' title='bbox 1611 1659 1667 1711; x_wconf 89' lang='lat' dir='ltr'><strong>hi</strong></span> <span class='ocrx_word' id='word_1_104' title='bbox 1721 1658 1916 1728; x_wconf 84' lang='lat' dir='ltr'><strong>partim</strong></span> <span class='ocrx_word' id='word_1_105' title='bbox 1941 1666 2126 1727; x_wconf 90' lang='lat' dir='ltr'><strong>aperte</strong></span> 
     </span>
    </p>
   </div>
   <div class='ocr_carea' id='block_1_18' title="bbox 538 1739 2128 1821">
    <p class='ocr_par' dir='ltr' id='par_1_18' title="bbox 538 1739 2128 1821">
     <span class='ocr_line' id='line_1_18' title="bbox 538 1739 2128 1821; baseline -0.001 -17"><span class='ocrx_word' id='word_1_106' title='bbox 538 1766 634 1805; x_wconf 90' lang='lat' dir='ltr'><strong>eos</strong></span> <span class='ocrx_word' id='word_1_107' title='bbox 664 1739 1080 1818; x_wconf 35' lang='lat' dir='ltr'><strong>defraudabant&#39;,</strong></span> <span class='ocrx_word' id='word_1_108' title='bbox 1115 1751 1314 1821; x_wconf 81' lang='lat' dir='ltr'><strong>partim</strong></span> <span class='ocrx_word' id='word_1_109' title='bbox 1342 1750 1515 1805; x_wconf 88' lang='lat' dir='ltr'><strong>multo</strong></span> <span class='ocrx_word' id='word_1_110' title='bbox 1542 1749 1741 1815; x_wconf 85' lang='lat' dir='ltr'><strong>serius,</strong></span> <span class='ocrx_word' id='word_1_111' title='bbox 1768 1765 1931 1820; x_wconf 87' lang='lat' dir='ltr'><strong>quam</strong></span> <span class='ocrx_word' id='word_1_112' title='bbox 1964 1765 2128 1821; x_wconf 89' lang='lat' dir='ltr'><strong>opor-</strong></span> 
     </span>
    </p>
   </div>
   <div class='ocr_carea' id='block_1_19' title="bbox 538 1842 2123 1913">
    <p class='ocr_par' dir='ltr' id='par_1_19' title="bbox 538 1842 2123 1913">
     <span class='ocr_line' id='line_1_19' title="bbox 538 1842 2123 1913; baseline 0.001 -17"><span class='ocrx_word' id='word_1_113' title='bbox 538 1842 708 1906; x_wconf 89' lang='lat' dir='ltr'><strong>tebat,</strong></span> <span class='ocrx_word' id='word_1_114' title='bbox 732 1843 1132 1913; x_wconf 87' lang='lat' dir='ltr'><strong>persolvebaut.</strong></span> <span class='ocrx_word' id='word_1_115' title='bbox 1176 1843 1464 1899; x_wconf 81' lang='lat' dir='ltr'><strong>Persoluto</strong></span> <span class='ocrx_word' id='word_1_116' title='bbox 1492 1856 1622 1898; x_wconf 79' lang='lat' dir='ltr'><strong>vero</strong></span> <span class='ocrx_word' id='word_1_117' title='bbox 1638 1842 1775 1912; x_wconf 87' lang='lat' dir='ltr'><strong>jam,</strong></span> <span class='ocrx_word' id='word_1_118' title='bbox 1808 1857 2123 1913; x_wconf 86' lang='lat' dir='ltr'><strong>quanquam</strong></span> 
     </span>
    </p>
   </div>
   <div class='ocr_carea' id='block_1_20' title="bbox 540 1934 2124 2006">
    <p class='ocr_par' dir='ltr' id='par_1_20' title="bbox 540 1934 2124 2006">
     <span class='ocr_line' id='line_1_20' title="bbox 540 1934 2124 2006; baseline 0.001 -18"><span class='ocrx_word' id='word_1_119' title='bbox 540 1949 694 2001; x_wconf 83' lang='lat' dir='ltr'><strong>sero,</strong></span> <span class='ocrx_word' id='word_1_120' title='bbox 729 1935 944 2002; x_wconf 88' lang='lat' dir='ltr'><strong>debito,</strong></span> <span class='ocrx_word' id='word_1_121' title='bbox 976 1935 1162 1990; x_wconf 82' lang='lat' dir='ltr'><strong>statim</strong></span> <span class='ocrx_word' id='word_1_122' title='bbox 1193 1936 1250 1989; x_wconf 88' lang='lat' dir='ltr'><strong>hi</strong></span> <span class='ocrx_word' id='word_1_123' title='bbox 1282 1935 1336 1989; x_wconf 91' lang='lat' dir='ltr'><strong>in</strong></span> <span class='ocrx_word' id='word_1_124' title='bbox 1364 1934 1712 1989; x_wconf 87' lang='lat' dir='ltr'><strong>fraudulenta</strong></span> <span class='ocrx_word' id='word_1_125' title='bbox 1756 1934 1846 1989; x_wconf 87' lang='lat' dir='ltr'><strong>illa</strong></span> <span class='ocrx_word' id='word_1_126' title='bbox 1871 1943 1926 1990; x_wconf 88' lang='lat' dir='ltr'><strong>et</strong></span> <span class='ocrx_word' id='word_1_127' title='bbox 1950 1949 2124 2006; x_wconf 83' lang='lat' dir='ltr'><strong>pOpu-</strong></span> 
     </span>
    </p>
   </div>
   <div class='ocr_carea' id='block_1_21' title="bbox 538 2023 2121 2096">
    <p class='ocr_par' dir='ltr' id='par_1_21' title="bbox 538 2023 2121 2096">
     <span class='ocr_line' id='line_1_21' title="bbox 538 2023 2121 2096; baseline 0 -16"><span class='ocrx_word' id='word_1_128' title='bbox 538 2023 638 2080; x_wconf 88' lang='lat' dir='ltr'><strong>lari</strong></span> <span class='ocrx_word' id='word_1_129' title='bbox 682 2027 1064 2096; x_wconf 87' lang='lat' dir='ltr'><strong>supputatoria</strong></span> <span class='ocrx_word' id='word_1_130' title='bbox 1114 2036 1232 2082; x_wconf 87' lang='lat' dir='ltr'><strong>arte</strong></span> <span class='ocrx_word' id='word_1_131' title='bbox 1264 2026 1589 2092; x_wconf 81' lang='lat' dir='ltr'><strong>exercitati,</strong></span> <span class='ocrx_word' id='word_1_132' title='bbox 1642 2025 1833 2081; x_wconf 81' lang='lat' dir='ltr'><strong>fraude</strong></span> <span class='ocrx_word' id='word_1_133' title='bbox 1855 2040 1949 2082; x_wconf 84' lang='lat' dir='ltr'><strong>eos</strong></span> <span class='ocrx_word' id='word_1_134' title='bbox 1974 2069 1988 2093; x_wconf 91' lang='lat'><strong>,</strong></span> <span class='ocrx_word' id='word_1_135' title='bbox 2030 2027 2121 2096; x_wconf 89' lang='lat' dir='ltr'><strong>qui</strong></span> 
     </span>
    </p>
   </div>
   <div class='ocr_carea' id='block_1_22' title="bbox 544 2117 2126 2189">
    <p class='ocr_par' dir='ltr' id='par_1_22' title="bbox 544 2117 2126 2189">
     <span class='ocr_line' id='line_1_22' title="bbox 544 2117 2126 2189; baseline 0.001 -17"><span class='ocrx_word' id='word_1_136' title='bbox 544 2118 816 2187; x_wconf 87' lang='lat' dir='ltr'><strong>stipendia</strong></span> <span class='ocrx_word' id='word_1_137' title='bbox 851 2119 1103 2173; x_wconf 81' lang='lat' dir='ltr'><strong>militaria</strong></span> <span class='ocrx_word' id='word_1_138' title='bbox 1137 2119 1432 2189; x_wconf 76' lang='lat' dir='ltr'><strong>cogebant,</strong></span> <span class='ocrx_word' id='word_1_139' title='bbox 1467 2117 1880 2183; x_wconf 88' lang='lat' dir='ltr'><strong>adoriebantur,</strong></span> <span class='ocrx_word' id='word_1_140' title='bbox 1914 2128 1971 2171; x_wconf 90' lang='lat' dir='ltr'><strong>et</strong></span> <span class='ocrx_word' id='word_1_141' title='bbox 2002 2133 2126 2187; x_wconf 66' lang='lat' dir='ltr'><strong>qua:</strong></span> 
     </span>
    </p>
   </div>
   <div class='ocr_carea' id='block_1_23' title="bbox 538 2206 2122 2278">
    <p class='ocr_par' dir='ltr' id='par_1_23' title="bbox 538 2206 2122 2278">
     <span class='ocr_line' id='line_1_23' title="bbox 538 2206 2122 2278; baseline -0.001 -17"><span class='ocrx_word' id='word_1_142' title='bbox 538 2206 651 2276; x_wconf 79' lang='lat' dir='ltr'><strong>jaiu</strong></span> <span class='ocrx_word' id='word_1_143' title='bbox 678 2208 951 2276; x_wconf 88' lang='lat' dir='ltr'><strong>persoluta</strong></span> <span class='ocrx_word' id='word_1_144' title='bbox 981 2217 1171 2275; x_wconf 83' lang='lat' dir='ltr'><strong>erant,</strong></span> <span class='ocrx_word' id='word_1_145' title='bbox 1201 2208 1582 2278; x_wconf 86' lang='lat' dir='ltr'><strong>reposcebant.</strong></span> <span class='ocrx_word' id='word_1_146' title='bbox 1618 2206 1719 2261; x_wconf 79' lang='lat' dir='ltr'><strong>ilic</strong></span> <span class='ocrx_word' id='word_1_147' title='bbox 1751 2207 1898 2261; x_wconf 86' lang='lat' dir='ltr'><strong>enim</strong></span> <span class='ocrx_word' id='word_1_148' title='bbox 1932 2221 2122 2262; x_wconf 87' lang='lat' dir='ltr'><strong>eorum</strong></span> 
     </span>
    </p>
   </div>
   <div class='ocr_carea' id='block_1_24' title="bbox 541 2300 2124 2370">
    <p class='ocr_par' dir='ltr' id='par_1_24' title="bbox 541 2300 2124 2370">
     <span class='ocr_line' id='line_1_24' title="bbox 541 2300 2124 2370; baseline -0.001 -16"><span class='ocrx_word' id='word_1_149' title='bbox 541 2301 716 2355; x_wconf 85' lang='lat' dir='ltr'><strong>honor</strong></span> <span class='ocrx_word' id='word_1_150' title='bbox 754 2316 819 2364; x_wconf 83' lang='lat' dir='ltr'><strong>ac</strong></span> <span class='ocrx_word' id='word_1_151' title='bbox 849 2301 1089 2370; x_wconf 83' lang='lat' dir='ltr'><strong>dignitas</strong></span> <span class='ocrx_word' id='word_1_152' title='bbox 1117 2308 1274 2366; x_wconf 89' lang='lat' dir='ltr'><strong>erat,</strong></span> <span class='ocrx_word' id='word_1_153' title='bbox 1316 2301 1441 2355; x_wconf 82' lang='lat' dir='ltr'><strong>aliis</strong></span> <span class='ocrx_word' id='word_1_154' title='bbox 1487 2309 1651 2370; x_wconf 86' lang='lat' dir='ltr'><strong>atque</strong></span> <span class='ocrx_word' id='word_1_155' title='bbox 1693 2300 1816 2354; x_wconf 89' lang='lat' dir='ltr'><strong>aliis</strong></span> <span class='ocrx_word' id='word_1_156' title='bbox 1861 2300 2124 2354; x_wconf 69' lang='lat' dir='ltr'><strong>crimina~</strong></span> 
     </span>
    </p>
   </div>
   <div class='ocr_carea' id='block_1_25' title="bbox 538 2390 2124 2463">
    <p class='ocr_par' dir='ltr' id='par_1_25' title="bbox 538 2390 2124 2463">
     <span class='ocr_line' id='line_1_25' title="bbox 538 2390 2124 2463; baseline 0.001 -19"><span class='ocrx_word' id='word_1_157' title='bbox 538 2392 785 2450; x_wconf 83' lang='lat' dir='ltr'><strong>tionibus</strong></span> <span class='ocrx_word' id='word_1_158' title='bbox 825 2393 1025 2448; x_wconf 83' lang='lat' dir='ltr'><strong>milites</strong></span> <span class='ocrx_word' id='word_1_159' title='bbox 1070 2392 1343 2448; x_wconf 86' lang='lat' dir='ltr'><strong>lacessere</strong></span> <span class='ocrx_word' id='word_1_160' title='bbox 1378 2392 1716 2463; x_wconf 87' lang='lat' dir='ltr'><strong>cibariisque</strong></span> <span class='ocrx_word' id='word_1_161' title='bbox 1765 2407 1861 2447; x_wconf 92' lang='lat' dir='ltr'><strong>eos</strong></span> <span class='ocrx_word' id='word_1_162' title='bbox 1902 2390 2124 2446; x_wconf 89' lang='lat' dir='ltr'><strong>defrau-</strong></span> 
     </span>
    </p>
   </div>
   <div class='ocr_carea' id='block_1_26' title="bbox 536 2482 2127 2554">
    <p class='ocr_par' dir='ltr' id='par_1_26' title="bbox 536 2482 2127 2554">
     <span class='ocr_line' id='line_1_26' title="bbox 536 2482 2127 2554; baseline 0 -16"><span class='ocrx_word' id='word_1_163' title='bbox 536 2485 703 2551; x_wconf 88' lang='lat' dir='ltr'><strong>dare;</strong></span> <span class='ocrx_word' id='word_1_164' title='bbox 737 2499 801 2538; x_wconf 92' lang='lat' dir='ltr'><strong>ac</strong></span> <span class='ocrx_word' id='word_1_165' title='bbox 820 2484 1282 2554; x_wconf 73' lang='lat' dir='ltr'><strong>quenadmodum</strong></span> <span class='ocrx_word' id='word_1_166' title='bbox 1312 2484 1369 2538; x_wconf 91' lang='lat' dir='ltr'><strong>in</strong></span> <span class='ocrx_word' id='word_1_167' title='bbox 1397 2484 1677 2553; x_wconf 89' lang='lat' dir='ltr'><strong>reciproco</strong></span> <span class='ocrx_word' id='word_1_168' title='bbox 1706 2482 1855 2540; x_wconf 70' lang='lat' dir='ltr'><strong>ﬂuxu</strong></span> <span class='ocrx_word' id='word_1_169' title='bbox 1887 2483 2127 2538; x_wconf 77' lang='lat' dir='ltr'><strong>reﬂuxu-</strong></span> 
     </span>
    </p>
   </div>
   <div class='ocr_carea' id='block_1_27' title="bbox 534 2575 2124 2648">
    <p class='ocr_par' dir='ltr' id='par_1_27' title="bbox 534 2575 2124 2648">
     <span class='ocr_line' id='line_1_27' title="bbox 534 2575 2124 2648; baseline 0.001 -18"><span class='ocrx_word' id='word_1_170' title='bbox 534 2591 643 2645; x_wconf 89' lang='lat' dir='ltr'><strong>que</strong></span> <span class='ocrx_word' id='word_1_171' title='bbox 663 2575 933 2632; x_wconf 87' lang='lat' dir='ltr'><strong>undarum</strong></span> <span class='ocrx_word' id='word_1_172' title='bbox 969 2577 1108 2632; x_wconf 88' lang='lat' dir='ltr'><strong>idem</strong></span> <span class='ocrx_word' id='word_1_173' title='bbox 1143 2577 1490 2641; x_wconf 86' lang='lat' dir='ltr'><strong>demensum,</strong></span> <span class='ocrx_word' id='word_1_174' title='bbox 1521 2577 1665 2648; x_wconf 84' lang='lat' dir='ltr'><strong>quod</strong></span> <span class='ocrx_word' id='word_1_175' title='bbox 1696 2592 1762 2632; x_wconf 75' lang='lat' dir='ltr'><strong>ex</strong></span> <span class='ocrx_word' id='word_1_176' title='bbox 1802 2576 2021 2633; x_wconf 85' lang='lat' dir='ltr'><strong>tributis</strong></span> <span class='ocrx_word' id='word_1_177' title='bbox 2055 2577 2124 2631; x_wconf 91' lang='lat' dir='ltr'><strong>ad</strong></span> 
     </span>
    </p>
   </div>
   <div class='ocr_carea' id='block_1_28' title="bbox 532 2667 2121 2739">
    <p class='ocr_par' dir='ltr' id='par_1_28' title="bbox 532 2667 2121 2739">
     <span class='ocr_line' id='line_1_28' title="bbox 532 2667 2121 2739; baseline 0 -18"><span class='ocrx_word' id='word_1_178' title='bbox 532 2667 778 2739; x_wconf 88' lang='lat' dir='ltr'><strong>legiones</strong></span> <span class='ocrx_word' id='word_1_179' title='bbox 807 2667 1190 2734; x_wconf 83' lang='lat' dir='ltr'><strong>deferebatur,</strong></span> <span class='ocrx_word' id='word_1_180' title='bbox 1241 2668 1427 2725; x_wconf 90' lang='lat' dir='ltr'><strong>nescio</strong></span> <span class='ocrx_word' id='word_1_181' title='bbox 1471 2683 1580 2738; x_wconf 91' lang='lat' dir='ltr'><strong>quo</strong></span> <span class='ocrx_word' id='word_1_182' title='bbox 1621 2677 1781 2739; x_wconf 86' lang='lat' dir='ltr'><strong>pacto</strong></span> <span class='ocrx_word' id='word_1_183' title='bbox 1819 2675 2121 2722; x_wconf 89' lang='lat' dir='ltr'><strong>retrorsum</strong></span> 
     </span>
    </p>
   </div>
   <div class='ocr_carea' id='block_1_29' title="bbox 534 2759 2123 2832">
    <p class='ocr_par' dir='ltr' id='par_1_29' title="bbox 534 2759 2123 2832">
     <span class='ocr_line' id='line_1_29' title="bbox 534 2759 2123 2832; baseline 0.001 -20"><span class='ocrx_word' id='word_1_184' title='bbox 534 2759 915 2825; x_wconf 79' lang='lat' dir='ltr'><strong>derivabatur,</strong></span> <span class='ocrx_word' id='word_1_185' title='bbox 949 2761 1275 2832; x_wconf 85' lang='lat' dir='ltr'><strong>redibatque</strong></span> <span class='ocrx_word' id='word_1_186' title='bbox 1299 2761 1488 2817; x_wconf 81' lang='lat' dir='ltr'><strong>eodem</strong></span> <span class='ocrx_word' id='word_1_187' title='bbox 1514 2802 1529 2828; x_wconf 90' lang='lat'><strong>,</strong></span> <span class='ocrx_word' id='word_1_188' title='bbox 1575 2762 1718 2816; x_wconf 90' lang='lat' dir='ltr'><strong>unde</strong></span> <span class='ocrx_word' id='word_1_189' title='bbox 1746 2760 1994 2816; x_wconf 83' lang='lat' dir='ltr'><strong>ﬂuxerat.</strong></span> <span class='ocrx_word' id='word_1_190' title='bbox 2023 2762 2123 2815; x_wconf 85' lang='lat' dir='ltr'><strong>At-</strong></span> 
     </span>
    </p>
   </div>
   <div class='ocr_carea' id='block_1_30' title="bbox 532 2852 2124 2924">
    <p class='ocr_par' dir='ltr' id='par_1_30' title="bbox 532 2852 2124 2924">
     <span class='ocr_line' id='line_1_30' title="bbox 532 2852 2124 2924; baseline 0.002 -20"><span class='ocrx_word' id='word_1_191' title='bbox 532 2868 642 2922; x_wconf 87' lang='lat' dir='ltr'><strong>que</strong></span> <span class='ocrx_word' id='word_1_192' title='bbox 671 2852 744 2907; x_wconf 88' lang='lat' dir='ltr'><strong>ita</strong></span> <span class='ocrx_word' id='word_1_193' title='bbox 772 2852 992 2922; x_wconf 90' lang='lat' dir='ltr'><strong>quidem</strong></span> <span class='ocrx_word' id='word_1_194' title='bbox 1023 2861 1456 2923; x_wconf 85' lang='lat' dir='ltr'><strong>propugnatores</strong></span> <span class='ocrx_word' id='word_1_195' title='bbox 1489 2861 1545 2908; x_wconf 88' lang='lat' dir='ltr'><strong>et</strong></span> <span class='ocrx_word' id='word_1_196' title='bbox 1583 2853 1922 2924; x_wconf 66' lang='lat' dir='ltr'><strong>praeliatores</strong></span> <span class='ocrx_word' id='word_1_197' title='bbox 1952 2853 2124 2922; x_wconf 87' lang='lat' dir='ltr'><strong>negli-</strong></span> 
     </span>
    </p>
   </div>
   <div class='ocr_carea' id='block_1_31' title="bbox 534 2943 2123 3014">
    <p class='ocr_par' dir='ltr' id='par_1_31' title="bbox 534 2943 2123 3014">
     <span class='ocr_line' id='line_1_31' title="bbox 534 2943 2123 3014; baseline 0 -17"><span class='ocrx_word' id='word_1_198' title='bbox 534 2943 841 3013; x_wconf 81' lang='lat' dir='ltr'><strong>gebantur,</strong></span> <span class='ocrx_word' id='word_1_199' title='bbox 883 2954 937 2999; x_wconf 91' lang='lat' dir='ltr'><strong>et</strong></span> <span class='ocrx_word' id='word_1_200' title='bbox 977 2944 1311 2998; x_wconf 87' lang='lat' dir='ltr'><strong>cibariorum</strong></span> <span class='ocrx_word' id='word_1_201' title='bbox 1355 2944 1585 3014; x_wconf 89' lang='lat' dir='ltr'><strong>penuria</strong></span> <span class='ocrx_word' id='word_1_202' title='bbox 1626 2944 1835 3014; x_wconf 89' lang='lat' dir='ltr'><strong>pressi,</strong></span> <span class='ocrx_word' id='word_1_203' title='bbox 1871 2943 2123 2998; x_wconf 87' lang='lat' dir='ltr'><strong>militiam</strong></span> 
     </span>
    </p>
   </div>
   <div class='ocr_carea' id='block_1_32' title="bbox 533 3033 2123 3105">
    <p class='ocr_par' dir='ltr' id='par_1_32' title="bbox 533 3033 2123 3105">
     <span class='ocr_line' id='line_1_32' title="bbox 533 3033 2123 3105; baseline -0.001 -16"><span class='ocrx_word' id='word_1_204' title='bbox 533 3034 870 3105; x_wconf 84' lang='lat' dir='ltr'><strong>bellicosque</strong></span> <span class='ocrx_word' id='word_1_205' title='bbox 899 3034 1114 3091; x_wconf 87' lang='lat' dir='ltr'><strong>labores</strong></span> <span class='ocrx_word' id='word_1_206' title='bbox 1133 3077 1148 3102; x_wconf 89' lang='lat'><strong>,</strong></span> <span class='ocrx_word' id='word_1_207' title='bbox 1174 3033 1230 3088; x_wconf 90' lang='lat' dir='ltr'><strong>in</strong></span> <span class='ocrx_word' id='word_1_208' title='bbox 1257 3034 1459 3105; x_wconf 88' lang='lat' dir='ltr'><strong>quibus</strong></span> <span class='ocrx_word' id='word_1_209' title='bbox 1481 3042 1639 3090; x_wconf 90' lang='lat' dir='ltr'><strong>erant</strong></span> <span class='ocrx_word' id='word_1_210' title='bbox 1674 3034 1938 3100; x_wconf 85' lang='lat' dir='ltr'><strong>enutriti,</strong></span> <span class='ocrx_word' id='word_1_211' title='bbox 1966 3035 2123 3090; x_wconf 88' lang='lat' dir='ltr'><strong>dese-</strong></span> 
     </span>
    </p>
   </div>
   <div class='ocr_carea' id='block_1_33' title="bbox 533 3120 2125 3191">
    <p class='ocr_par' dir='ltr' id='par_1_33' title="bbox 533 3120 2125 3191">
     <span class='ocr_line' id='line_1_33' title="bbox 533 3120 2125 3191; baseline 0.001 -13"><span class='ocrx_word' id='word_1_212' title='bbox 533 3124 728 3180; x_wconf 87' lang='lat' dir='ltr'><strong>rebant</strong></span> <span class='ocrx_word' id='word_1_213' title='bbox 751 3164 766 3190; x_wconf 86' lang='lat'><strong>,</strong></span> <span class='ocrx_word' id='word_1_214' title='bbox 800 3133 854 3180; x_wconf 89' lang='lat' dir='ltr'><strong>et</strong></span> <span class='ocrx_word' id='word_1_215' title='bbox 890 3125 981 3179; x_wconf 92' lang='lat' dir='ltr'><strong>alii</strong></span> <span class='ocrx_word' id='word_1_216' title='bbox 1010 3125 1119 3180; x_wconf 91' lang='lat' dir='ltr'><strong>alio</strong></span> <span class='ocrx_word' id='word_1_217' title='bbox 1142 3123 1526 3180; x_wconf 89' lang='lat' dir='ltr'><strong>dilabebantur</strong></span> <span class='ocrx_word' id='word_1_218' title='bbox 1552 3166 1568 3191; x_wconf 91' lang='lat'><strong>,</strong></span> <span class='ocrx_word' id='word_1_219' title='bbox 1615 3125 1782 3180; x_wconf 87' lang='lat' dir='ltr'><strong>veluti</strong></span> <span class='ocrx_word' id='word_1_220' title='bbox 1819 3123 1966 3179; x_wconf 85' lang='lat' dir='ltr'><strong>aliud</strong></span> <span class='ocrx_word' id='word_1_221' title='bbox 2000 3120 2125 3179; x_wconf 67' lang='lat' dir='ltr'><strong>vitae</strong></span> 
     </span>
    </p>
   </div>
   <div class='ocr_carea' id='block_1_34' title="bbox 2224 647 3776 720">
    <p class='ocr_par' dir='ltr' id='par_1_34' title="bbox 2224 647 3776 720">
     <span class='ocr_line' id='line_1_34' title="bbox 2224 647 3776 720; baseline 0.001 -19"><span class='ocrx_word' id='word_1_222' title='bbox 2224 650 2317 702; x_wconf 76' lang='grc' dir='ltr'>καὶ</span> <span class='ocrx_word' id='word_1_223' title='bbox 2344 649 2390 681; x_wconf 80' lang='grc'><strong><em>⁸³</em></strong></span> <span class='ocrx_word' id='word_1_224' title='bbox 2419 647 2773 720; x_wconf 85' lang='grc' dir='ltr'>ἐγεγηράκει)</span> <span class='ocrx_word' id='word_1_225' title='bbox 2816 648 3175 719; x_wconf 77' lang='grc' dir='ltr'><strong>ἀπειρηκέναι</strong></span> <span class='ocrx_word' id='word_1_226' title='bbox 3221 650 3335 712; x_wconf 82' lang='grc' dir='ltr'>τοῖς</span> <span class='ocrx_word' id='word_1_227' title='bbox 3387 647 3571 713; x_wconf 83' lang='grc' dir='ltr'>πόνοις</span> <span class='ocrx_word' id='word_1_228' title='bbox 3608 651 3776 717; x_wconf 81' lang='grc' dir='ltr'>ἐδόκει,</span> 
     </span>
    </p>
   </div>
   <div class='ocr_carea' id='block_1_35' title="bbox 2224 739 3779 812">
    <p class='ocr_par' dir='ltr' id='par_1_35' title="bbox 2224 739 3779 812">
     <span class='ocr_line' id='line_1_35' title="bbox 2224 739 3779 812; baseline 0.004 -18"><span class='ocrx_word' id='word_1_229' title='bbox 2224 740 2321 794; x_wconf 72' lang='grc' dir='ltr'>καὶ</span> <span class='ocrx_word' id='word_1_230' title='bbox 2351 741 2552 811; x_wconf 80' lang='grc' dir='ltr'>μᾶλλόν</span> <span class='ocrx_word' id='word_1_231' title='bbox 2571 759 2626 794; x_wconf 85' lang='grc' dir='ltr'><strong>τι</strong></span> <span class='ocrx_word' id='word_1_232' title='bbox 2651 741 2812 794; x_wconf 82' lang='grc' dir='ltr'>αὐτὸν</span> <span class='ocrx_word' id='word_1_233' title='bbox 2836 740 3039 812; x_wconf 67' lang='grc' dir='ltr'>ἤρεσκε</span> <span class='ocrx_word' id='word_1_234' title='bbox 3066 739 3388 812; x_wconf 86' lang='grc' dir='ltr'>ξυγκρούειν</span> <span class='ocrx_word' id='word_1_235' title='bbox 3418 742 3476 794; x_wconf 83' lang='grc' dir='ltr'><strong>ἐν</strong></span> <span class='ocrx_word' id='word_1_236' title='bbox 3508 743 3653 811; x_wconf 84' lang='grc' dir='ltr'>σφίσι</span> <span class='ocrx_word' id='word_1_237' title='bbox 3672 748 3779 811; x_wconf 75' lang='grc' dir='ltr'>τοὺς</span> 
     </span>
    </p>
   </div>
   <div class='ocr_carea' id='block_1_36' title="bbox 2226 830 3781 905">
    <p class='ocr_par' dir='ltr' id='par_1_36' title="bbox 2226 830 3781 905">
     <span class='ocr_line' id='line_1_36' title="bbox 2226 830 3781 905; baseline 0.004 -17"><span class='ocrx_word' id='word_1_238' title='bbox 2226 833 2540 905; x_wconf 82' lang='grc' dir='ltr'>πολεμίους,</span> <span class='ocrx_word' id='word_1_239' title='bbox 2571 830 2764 904; x_wconf 88' lang='grc' dir='ltr'>δώροις</span> <span class='ocrx_word' id='word_1_240' title='bbox 2787 849 2847 886; x_wconf 90' lang='grc' dir='ltr'><strong>τε</strong></span> <span class='ocrx_word' id='word_1_241' title='bbox 2873 834 3089 900; x_wconf 75' lang='grc' dir='ltr'>αὐτοὺς,</span> <span class='ocrx_word' id='word_1_242' title='bbox 3127 832 3181 885; x_wconf 79' lang='grc' dir='ltr'>εἴ</span> <span class='ocrx_word' id='word_1_243' title='bbox 3210 850 3286 903; x_wconf 85' lang='grc' dir='ltr'>πη</span> <span class='ocrx_word' id='word_1_244' title='bbox 3308 833 3358 866; x_wconf 68' lang='grc'>⁸⁸</span> <span class='ocrx_word' id='word_1_245' title='bbox 3394 833 3597 904; x_wconf 74' lang='grc' dir='ltr'>δεήσοι,</span> <span class='ocrx_word' id='word_1_246' title='bbox 3634 854 3781 895; x_wconf 86' lang='grc' dir='ltr'>κατα-</span> 
     </span>
    </p>
   </div>
   <div class='ocr_carea' id='block_1_37' title="bbox 2224 923 3781 999">
    <p class='ocr_par' dir='ltr' id='par_1_37' title="bbox 2224 923 3781 999">
     <span class='ocr_line' id='line_1_37' title="bbox 2224 923 3781 999; baseline 0.001 -20"><span class='ocrx_word' id='word_1_247' title='bbox 2224 925 2515 988; x_wconf 83' lang='grc' dir='ltr'>θωπεύειν,</span> <span class='ocrx_word' id='word_1_248' title='bbox 2544 925 2638 979; x_wconf 79' lang='grc' dir='ltr'>καὶ</span> <span class='ocrx_word' id='word_1_249' title='bbox 2660 923 2835 997; x_wconf 83' lang='grc' dir='ltr'>ταύτῃ</span> <span class='ocrx_word' id='word_1_250' title='bbox 2855 924 3200 995; x_wconf 80' lang='grc' dir='ltr'>ἀμωσγέπως</span> <span class='ocrx_word' id='word_1_251' title='bbox 3223 924 3643 992; x_wconf 80' lang='grc' dir='ltr'><strong>ἀποκρούεσθαι,</strong></span> <span class='ocrx_word' id='word_1_252' title='bbox 3662 928 3693 999; x_wconf 75' lang='grc' dir='ltr'>ἦ</span> <span class='ocrx_word' id='word_1_253' title='bbox 3712 930 3781 999; x_wconf 78' lang='grc' dir='ltr'>ἐφ’</span> 
     </span>
    </p>
   </div>
   <div class='ocr_carea' id='block_1_38' title="bbox 2224 1013 3782 1087">
    <p class='ocr_par' dir='ltr' id='par_1_38' title="bbox 2224 1013 3782 1087">
     <span class='ocr_line' id='line_1_38' title="bbox 2224 1013 3782 1087; baseline 0.004 -18"><span class='ocrx_word' id='word_1_254' title='bbox 2224 1014 2404 1087; x_wconf 87' lang='grc' dir='ltr'>ἐαυτῷ</span> <span class='ocrx_word' id='word_1_255' title='bbox 2446 1013 2765 1068; x_wconf 79' lang='grc' dir='ltr'>πεποιθέναι</span> <span class='ocrx_word' id='word_1_256' title='bbox 2802 1015 2896 1068; x_wconf 74' lang='grc' dir='ltr'><strong>καὶ</strong></span> <span class='ocrx_word' id='word_1_257' title='bbox 2934 1014 3096 1085; x_wconf 85' lang='grc' dir='ltr'>μέχρι</span> <span class='ocrx_word' id='word_1_258' title='bbox 3131 1013 3332 1079; x_wconf 78' lang='grc' dir='ltr'>παντὸς</span> <span class='ocrx_word' id='word_1_259' title='bbox 3366 1014 3782 1078; x_wconf 78' lang='grc' dir='ltr'><strong>διακινδυνεύειν.</strong></span> 
     </span>
    </p>
   </div>
   <div class='ocr_carea' id='block_1_39' title="bbox 2225 1103 3784 1179">
    <p class='ocr_par' dir='ltr' id='par_1_39' title="bbox 2225 1103 3784 1179">
     <span class='ocr_line' id='line_1_39' title="bbox 2225 1103 3784 1179; baseline -0.003 -18"><span class='ocrx_word' id='word_1_260' title='bbox 2225 1107 2517 1179; x_wconf 87' lang='grc' dir='ltr'>Τοιγάρτοι</span> <span class='ocrx_word' id='word_1_261' title='bbox 2534 1105 2617 1178; x_wconf 73' lang='grc' dir='ltr'><strong>[Ρ.</strong></span> <span class='ocrx_word' id='word_1_262' title='bbox 2639 1103 2763 1178; x_wconf 81' lang='grc'><strong>158]</strong></span> <span class='ocrx_word' id='word_1_263' title='bbox 2797 1106 2890 1160; x_wconf 77' lang='grc' dir='ltr'>καὶ</span> <span class='ocrx_word' id='word_1_264' title='bbox 2922 1104 3198 1178; x_wconf 77' lang='grc' dir='ltr'>περιεώρα</span> <span class='ocrx_word' id='word_1_265' title='bbox 3224 1106 3327 1170; x_wconf 78' lang='grc' dir='ltr'>τὰς</span> <span class='ocrx_word' id='word_1_266' title='bbox 3359 1105 3544 1171; x_wconf 77' lang='grc' dir='ltr'>τάξεις</span> <span class='ocrx_word' id='word_1_267' title='bbox 3568 1108 3784 1179; x_wconf 78' lang='grc' dir='ltr'>διαφθει-</span> 
     </span>
    </p>
   </div>
   <div class='ocr_carea' id='block_1_40' title="bbox 2230 1198 3784 1273">
    <p class='ocr_par' dir='ltr' id='par_1_40' title="bbox 2230 1198 3784 1273">
     <span class='ocr_line' id='line_1_40' title="bbox 2230 1198 3784 1273; baseline 0.002 -19"><span class='ocrx_word' id='word_1_268' title='bbox 2230 1200 2486 1273; x_wconf 78' lang='grc' dir='ltr'>ρομένας,</span> <span class='ocrx_word' id='word_1_269' title='bbox 2526 1199 2602 1263; x_wconf 86' lang='grc' dir='ltr'>ὡς</span> <span class='ocrx_word' id='word_1_270' title='bbox 2627 1198 2691 1270; x_wconf 84' lang='grc' dir='ltr'>δὴ</span> <span class='ocrx_word' id='word_1_271' title='bbox 2725 1198 2973 1252; x_wconf 83' lang='grc' dir='ltr'>τολοιπδν</span> <span class='ocrx_word' id='word_1_272' title='bbox 3001 1198 3207 1269; x_wconf 74' lang='grc' dir='ltr'>ἥκιστά</span> <span class='ocrx_word' id='word_1_273' title='bbox 3246 1216 3310 1268; x_wconf 91' lang='grc' dir='ltr'><strong>γε</strong></span> <span class='ocrx_word' id='word_1_274' title='bbox 3341 1198 3390 1231; x_wconf 74' lang='grc'><strong>⁸⁸</strong></span> <span class='ocrx_word' id='word_1_275' title='bbox 3423 1199 3604 1253; x_wconf 77' lang='grc' dir='ltr'>αὐτῶν</span> <span class='ocrx_word' id='word_1_276' title='bbox 3641 1218 3784 1272; x_wconf 87' lang='grc' dir='ltr'>προσ-</span> 
     </span>
    </p>
   </div>
   <div class='ocr_carea' id='block_1_41' title="bbox 2224 1289 3783 1365">
    <p class='ocr_par' dir='ltr' id='par_1_41' title="bbox 2224 1289 3783 1365">
     <span class='ocr_line' id='line_1_41' title="bbox 2224 1289 3783 1365; baseline -0.001 -18"><span class='ocrx_word' id='word_1_277' title='bbox 2224 1292 2576 1362; x_wconf 83' lang='grc' dir='ltr'>δεησόμενος.</span> <span class='ocrx_word' id='word_1_278' title='bbox 2592 1289 3106 1360; x_wconf 71' lang='grc' dir='ltr'>Καὶτοίνυνταύτης</span> <span class='ocrx_word' id='word_1_279' title='bbox 3130 1289 3518 1362; x_wconf 76' lang='grc' dir='ltr'>ἐπιλαϐόμενοι</span> <span class='ocrx_word' id='word_1_280' title='bbox 3529 1292 3624 1362; x_wconf 81' lang='grc' dir='ltr'>τῆς</span> <span class='ocrx_word' id='word_1_281' title='bbox 3643 1294 3758 1365; x_wconf 79' lang='grc' dir='ltr'>ρᾳθυ</span> <span class='ocrx_word' id='word_1_282' title='bbox 3772 1328 3783 1336; x_wconf 90' lang='grc'><strong>-</strong></span> 
     </span>
    </p>
   </div>
   <div class='ocr_carea' id='block_1_42' title="bbox 2228 1383 3782 1457">
    <p class='ocr_par' dir='ltr' id='par_1_42' title="bbox 2228 1383 3782 1457">
     <span class='ocr_line' id='line_1_42' title="bbox 2228 1383 3782 1457; baseline 0.001 -18"><span class='ocrx_word' id='word_1_283' title='bbox 2228 1384 2358 1457; x_wconf 86' lang='grc' dir='ltr'>μίας</span> <span class='ocrx_word' id='word_1_284' title='bbox 2397 1385 2448 1437; x_wconf 78' lang='lat' dir='ltr'><strong>oi</strong></span> <span class='ocrx_word' id='word_1_285' title='bbox 2484 1383 2583 1455; x_wconf 78' lang='grc' dir='ltr'>τὴν</span> <span class='ocrx_word' id='word_1_286' title='bbox 2621 1383 2883 1455; x_wconf 82' lang='grc' dir='ltr'>δευτέραν</span> <span class='ocrx_word' id='word_1_287' title='bbox 2913 1383 3089 1456; x_wconf 78' lang='grc' dir='ltr'>ἀρχὴν</span> <span class='ocrx_word' id='word_1_288' title='bbox 3122 1383 3230 1437; x_wconf 84' lang='grc' dir='ltr'>τῶν</span> <span class='ocrx_word' id='word_1_289' title='bbox 3278 1384 3579 1456; x_wconf 81' lang='grc' dir='ltr'>σκήπτρων</span> <span class='ocrx_word' id='word_1_290' title='bbox 3604 1385 3782 1441; x_wconf 79' lang='grc' dir='ltr'>διέπον-</span> 
     </span>
    </p>
   </div>
   <div class='ocr_carea' id='block_1_43' title="bbox 2224 1470 3782 1547">
    <p class='ocr_par' dir='ltr' id='par_1_43' title="bbox 2224 1470 3782 1547">
     <span class='ocr_line' id='line_1_43' title="bbox 2224 1470 3782 1547; baseline 0.002 -17"><span class='ocrx_word' id='word_1_291' title='bbox 2224 1495 2335 1544; x_wconf 85' lang='grc' dir='ltr'><strong>τες,</strong></span> <span class='ocrx_word' id='word_1_292' title='bbox 2359 1473 2442 1540; x_wconf 77' lang='grc' dir='ltr'>οἶς</span> <span class='ocrx_word' id='word_1_293' title='bbox 2462 1476 2526 1547; x_wconf 86' lang='grc' dir='ltr'>δὴ</span> <span class='ocrx_word' id='word_1_294' title='bbox 2553 1476 2865 1547; x_wconf 82' lang='grc' dir='ltr'>φορολογεῖν</span> <span class='ocrx_word' id='word_1_295' title='bbox 2890 1474 2989 1546; x_wconf 86' lang='grc' dir='ltr'>τὴν</span> <span class='ocrx_word' id='word_1_296' title='bbox 3021 1475 3259 1546; x_wconf 85' lang='grc' dir='ltr'>ὑπήκοον</span> <span class='ocrx_word' id='word_1_297' title='bbox 3281 1475 3379 1527; x_wconf 72' lang='grc' dir='ltr'>καὶ</span> <span class='ocrx_word' id='word_1_298' title='bbox 3398 1470 3521 1528; x_wconf 80' lang='grc' dir='ltr'>εἶτα</span> <span class='ocrx_word' id='word_1_299' title='bbox 3545 1475 3782 1547; x_wconf 80' lang='grc' dir='ltr'>διανέμειν</span> 
     </span>
    </p>
   </div>
   <div class='ocr_carea' id='block_1_44' title="bbox 2225 1562 3779 1641">
    <p class='ocr_par' dir='ltr' id='par_1_44' title="bbox 2225 1562 3779 1641">
     <span class='ocr_line' id='line_1_44' title="bbox 2225 1562 3779 1641; baseline 0.001 -18"><span class='ocrx_word' id='word_1_300' title='bbox 2225 1572 2340 1634; x_wconf 88' lang='grc' dir='ltr'>τοῖς</span> <span class='ocrx_word' id='word_1_301' title='bbox 2365 1568 2739 1641; x_wconf 82' lang='grc' dir='ltr'>στρατεύμασι</span> <span class='ocrx_word' id='word_1_302' title='bbox 2759 1568 2827 1623; x_wconf 84' lang='grc' dir='ltr'>τὰ</span> <span class='ocrx_word' id='word_1_303' title='bbox 2846 1567 3129 1638; x_wconf 80' lang='grc' dir='ltr'>ἐπιτήδεια</span> <span class='ocrx_word' id='word_1_304' title='bbox 3158 1569 3337 1635; x_wconf 83' lang='grc' dir='ltr'>ἐκπεφ</span> <span class='ocrx_word' id='word_1_305' title='bbox 3347 1567 3637 1638; x_wconf 86' lang='grc' dir='ltr'>ρόντισται,</span> <span class='ocrx_word' id='word_1_306' title='bbox 3661 1562 3779 1625; x_wconf 77' lang='grc' dir='ltr'>οὗτοι</span> 
     </span>
    </p>
   </div>
   <div class='ocr_carea' id='block_1_45' title="bbox 2226 1657 3780 1732">
    <p class='ocr_par' dir='ltr' id='par_1_45' title="bbox 2226 1657 3780 1732">
     <span class='ocr_line' id='line_1_45' title="bbox 2226 1657 3780 1732; baseline 0 -18"><span class='ocrx_word' id='word_1_307' title='bbox 2226 1660 2291 1732; x_wconf 86' lang='grc' dir='ltr'>δὴ</span> <span class='ocrx_word' id='word_1_308' title='bbox 2328 1660 2375 1692; x_wconf 86' lang='grc'><strong>⁹⁶</strong></span> <span class='ocrx_word' id='word_1_309' title='bbox 2406 1660 2475 1712; x_wconf 89' lang='grc' dir='ltr'><strong>τά</strong></span> <span class='ocrx_word' id='word_1_310' title='bbox 2509 1660 2606 1730; x_wconf 86' lang='grc' dir='ltr'>μὲν</span> <span class='ocrx_word' id='word_1_311' title='bbox 2633 1657 2952 1730; x_wconf 83' lang='grc' dir='ltr'>περιφανῶς</span> <span class='ocrx_word' id='word_1_312' title='bbox 2977 1657 3340 1729; x_wconf 75' lang='grc' dir='ltr'>ἀπεστέρουν,</span> <span class='ocrx_word' id='word_1_313' title='bbox 3370 1658 3442 1710; x_wconf 87' lang='grc' dir='ltr'><strong>τά</strong></span> <span class='ocrx_word' id='word_1_314' title='bbox 3467 1657 3524 1710; x_wconf 90' lang='grc' dir='ltr'><strong>δέ</strong></span> <span class='ocrx_word' id='word_1_315' title='bbox 3551 1659 3642 1712; x_wconf 80' lang='grc' dir='ltr'>καὶ</span> <span class='ocrx_word' id='word_1_316' title='bbox 3677 1662 3780 1715; x_wconf 83' lang='grc' dir='ltr'>πολ-</span> 
     </span>
    </p>
   </div>
   <div class='ocr_carea' id='block_1_46' title="bbox 2226 1749 3777 1823">
    <p class='ocr_par' dir='ltr' id='par_1_46' title="bbox 2226 1749 3777 1823">
     <span class='ocr_line' id='line_1_46' title="bbox 2226 1749 3777 1823; baseline -0.001 -16"><span class='ocrx_word' id='word_1_317' title='bbox 2226 1751 2305 1823; x_wconf 80' lang='grc' dir='ltr'>λῷ</span> <span class='ocrx_word' id='word_1_318' title='bbox 2328 1751 2554 1823; x_wconf 77' lang='grc' dir='ltr'>ὕστερον</span> <span class='ocrx_word' id='word_1_319' title='bbox 2584 1752 2619 1823; x_wconf 80' lang='grc' dir='ltr'>ἢ</span> <span class='ocrx_word' id='word_1_320' title='bbox 2645 1752 2881 1821; x_wconf 80' lang='grc' dir='ltr'>ὁπηνίκα</span> <span class='ocrx_word' id='word_1_321' title='bbox 2918 1749 3085 1821; x_wconf 83' lang='grc' dir='ltr'>ἐχρῆν</span> <span class='ocrx_word' id='word_1_322' title='bbox 3113 1749 3463 1804; x_wconf 85' lang='grc' dir='ltr'>ἀπεδίδοσαν·</span> <span class='ocrx_word' id='word_1_323' title='bbox 3495 1749 3718 1815; x_wconf 75' lang='grc' dir='ltr'>δοθέντος</span> <span class='ocrx_word' id='word_1_324' title='bbox 3735 1754 3777 1806; x_wconf 79' lang='grc' dir='ltr'>δὲ</span> 
     </span>
    </p>
   </div>
   <div class='ocr_carea' id='block_1_47' title="bbox 2227 1825 3777 1915">
    <p class='ocr_par' dir='ltr' id='par_1_47' title="bbox 2227 1825 3777 1915">
     <span class='ocr_line' id='line_1_47' title="bbox 2227 1825 3777 1915; baseline -0.008 -16"><span class='ocrx_word' id='word_1_325' title='bbox 2227 1846 2377 1915; x_wconf 81' lang='grc' dir='ltr'>ὅμως</span> <span class='ocrx_word' id='word_1_326' title='bbox 2406 1843 2506 1914; x_wconf 70' lang='grc' dir='ltr'><strong>ὀψὲ</strong></span> <span class='ocrx_word' id='word_1_327' title='bbox 2545 1843 2674 1912; x_wconf 84' lang='grc' dir='ltr'>γοῦν</span> <span class='ocrx_word' id='word_1_328' title='bbox 2703 1843 2748 1874; x_wconf 75' lang='grc'><strong>⁸⁷</strong></span> <span class='ocrx_word' id='word_1_329' title='bbox 2773 1841 2868 1894; x_wconf 83' lang='grc' dir='ltr'>τοῦ</span> <span class='ocrx_word' id='word_1_330' title='bbox 2893 1840 3231 1912; x_wconf 81' lang='grc' dir='ltr'>ὀφλήματος,</span> <span class='ocrx_word' id='word_1_331' title='bbox 3273 1840 3444 1906; x_wconf 79' lang='grc' dir='ltr'>εὐθὺς</span> <span class='ocrx_word' id='word_1_332' title='bbox 3475 1825 3525 1895; x_wconf 83' lang='lat' dir='ltr'><strong>oi</strong></span> <span class='ocrx_word' id='word_1_333' title='bbox 3558 1842 3651 1914; x_wconf 75' lang='grc' dir='ltr'>τὴν</span> <span class='ocrx_word' id='word_1_334' title='bbox 3675 1861 3777 1897; x_wconf 83' lang='grc' dir='ltr'>παν.</span> 
     </span>
    </p>
   </div>
   <div class='ocr_carea' id='block_1_48' title="bbox 2227 1932 3773 2010">
    <p class='ocr_par' dir='ltr' id='par_1_48' title="bbox 2227 1932 3773 2010">
     <span class='ocr_line' id='line_1_48' title="bbox 2227 1932 3773 2010; baseline -0.005 -17"><span class='ocrx_word' id='word_1_335' title='bbox 2227 1939 2425 2010; x_wconf 80' lang='grc' dir='ltr'>οὖργον</span> <span class='ocrx_word' id='word_1_336' title='bbox 2443 1935 2647 2008; x_wconf 83' lang='grc' dir='ltr'>ταύτην</span> <span class='ocrx_word' id='word_1_337' title='bbox 2673 1936 2766 1989; x_wconf 74' lang='grc' dir='ltr'>καὶ</span> <span class='ocrx_word' id='word_1_338' title='bbox 2786 1933 3008 2006; x_wconf 80' lang='grc' dir='ltr'>δημώδη</span> <span class='ocrx_word' id='word_1_339' title='bbox 3030 1932 3349 2003; x_wconf 76' lang='grc' dir='ltr'>λογιστικὴν</span> <span class='ocrx_word' id='word_1_340' title='bbox 3370 1935 3518 2004; x_wconf 81' lang='grc' dir='ltr'>ὴσκη</span> <span class='ocrx_word' id='word_1_341' title='bbox 3528 1935 3684 2004; x_wconf 84' lang='grc' dir='ltr'>μένοι,</span> <span class='ocrx_word' id='word_1_342' title='bbox 3706 1937 3773 2007; x_wconf 75' lang='grc' dir='ltr'><strong>ἐφ-</strong></span> 
     </span>
    </p>
   </div>
   <div class='ocr_carea' id='block_1_49' title="bbox 2228 2023 3764 2096">
    <p class='ocr_par' dir='ltr' id='par_1_49' title="bbox 2228 2023 3764 2096">
     <span class='ocr_line' id='line_1_49' title="bbox 2228 2023 3764 2096; baseline -0.006 -12"><span class='ocrx_word' id='word_1_343' title='bbox 2228 2031 2446 2087; x_wconf 86' lang='grc' dir='ltr'>ίσταντο</span> <span class='ocrx_word' id='word_1_344' title='bbox 2474 2031 2586 2092; x_wconf 82' lang='grc' dir='ltr'>τοῖς</span> <span class='ocrx_word' id='word_1_345' title='bbox 2615 2026 2934 2096; x_wconf 87' lang='grc' dir='ltr'>καταλόγοις</span> <span class='ocrx_word' id='word_1_346' title='bbox 2961 2026 3058 2080; x_wconf 70' lang='grc' dir='ltr'>καὶ</span> <span class='ocrx_word' id='word_1_347' title='bbox 3092 2023 3466 2080; x_wconf 81' lang='grc' dir='ltr'>ἀνεκαλοῦντο</span> <span class='ocrx_word' id='word_1_348' title='bbox 3494 2024 3565 2078; x_wconf 88' lang='grc' dir='ltr'><strong>τά</strong></span> <span class='ocrx_word' id='word_1_349' title='bbox 3594 2042 3764 2095; x_wconf 64' lang='lat' dir='ltr'><strong>rte-mpi-</strong></span> 
     </span>
    </p>
   </div>
   <div class='ocr_carea' id='block_1_50' title="bbox 2230 2114 3771 2193">
    <p class='ocr_par' dir='ltr' id='par_1_50' title="bbox 2230 2114 3771 2193">
     <span class='ocr_line' id='line_1_50' title="bbox 2230 2114 3771 2193; baseline -0.003 -18"><span class='ocrx_word' id='word_1_350' title='bbox 2230 2121 2423 2193; x_wconf 85' lang='grc' dir='ltr'>σμένα.</span> <span class='ocrx_word' id='word_1_351' title='bbox 2456 2120 2626 2173; x_wconf 76' lang='grc' dir='ltr'>Τοῦτο</span> <span class='ocrx_word' id='word_1_352' title='bbox 2672 2119 2720 2155; x_wconf 71' lang='grc'><strong>⁸⁸</strong></span> <span class='ocrx_word' id='word_1_353' title='bbox 2752 2117 2861 2188; x_wconf 86' lang='grc' dir='ltr'><strong>γὰρ</strong></span> <span class='ocrx_word' id='word_1_354' title='bbox 2892 2116 3076 2180; x_wconf 81' lang='grc' dir='ltr'>αὐτοῖς</span> <span class='ocrx_word' id='word_1_355' title='bbox 3119 2115 3292 2188; x_wconf 82' lang='grc' dir='ltr'>γέρας</span> <span class='ocrx_word' id='word_1_356' title='bbox 3355 2131 3417 2169; x_wconf 87' lang='grc' dir='ltr'><strong>τε</strong></span> <span class='ocrx_word' id='word_1_357' title='bbox 3467 2114 3672 2185; x_wconf 78' lang='grc' dir='ltr'>ὑπῆρχε</span> <span class='ocrx_word' id='word_1_358' title='bbox 3708 2119 3771 2170; x_wconf 69' lang='grc' dir='ltr'>καὶ</span> 
     </span>
    </p>
   </div>
   <div class='ocr_carea' id='block_1_51' title="bbox 2227 2206 3774 2285">
    <p class='ocr_par' dir='ltr' id='par_1_51' title="bbox 2227 2206 3774 2285">
     <span class='ocr_line' id='line_1_51' title="bbox 2227 2206 3774 2285; baseline -0.005 -18"><span class='ocrx_word' id='word_1_359' title='bbox 2227 2214 2466 2285; x_wconf 78' lang='grc' dir='ltr'>ἀξίωμα,</span> <span class='ocrx_word' id='word_1_360' title='bbox 2494 2213 2557 2266; x_wconf 83' lang='grc' dir='ltr'>τὸ</span> <span class='ocrx_word' id='word_1_361' title='bbox 2585 2214 2696 2275; x_wconf 84' lang='grc' dir='ltr'>τοῖς</span> <span class='ocrx_word' id='word_1_362' title='bbox 2724 2208 3086 2280; x_wconf 80' lang='grc' dir='ltr'>στρατιώταις</span> <span class='ocrx_word' id='word_1_363' title='bbox 3133 2206 3496 2277; x_wconf 81' lang='grc' dir='ltr'>ἐπικλήματα</span> <span class='ocrx_word' id='word_1_364' title='bbox 3522 2206 3569 2237; x_wconf 83' lang='grc'><strong>⁹⁹</strong></span> <span class='ocrx_word' id='word_1_365' title='bbox 3596 2206 3774 2274; x_wconf 75' lang='grc' dir='ltr'>ἐπάγειν</span> 
     </span>
    </p>
   </div>
   <div class='ocr_carea' id='block_1_52' title="bbox 2227 2295 3776 2371">
    <p class='ocr_par' dir='ltr' id='par_1_52' title="bbox 2227 2295 3776 2371">
     <span class='ocr_line' id='line_1_52' title="bbox 2227 2295 3776 2371; baseline -0.006 -11"><span class='ocrx_word' id='word_1_366' title='bbox 2227 2305 2415 2360; x_wconf 74' lang='grc' dir='ltr'>ἄλλοτε</span> <span class='ocrx_word' id='word_1_367' title='bbox 2445 2303 2604 2366; x_wconf 82' lang='grc' dir='ltr'>ἄλλα,</span> <span class='ocrx_word' id='word_1_368' title='bbox 2625 2302 2719 2356; x_wconf 69' lang='grc' dir='ltr'>καὶ</span> <span class='ocrx_word' id='word_1_369' title='bbox 2739 2302 2838 2371; x_wconf 80' lang='grc' dir='ltr'>τῆς</span> <span class='ocrx_word' id='word_1_370' title='bbox 2863 2298 3065 2370; x_wconf 81' lang='grc' dir='ltr'>ἐδωδῆς</span> <span class='ocrx_word' id='word_1_371' title='bbox 3094 2297 3299 2361; x_wconf 74' lang='grc' dir='ltr'>αὐτοὺς</span> <span class='ocrx_word' id='word_1_372' title='bbox 3324 2295 3690 2368; x_wconf 82' lang='grc' dir='ltr'>ἀφαιρεῖσθαι·</span> <span class='ocrx_word' id='word_1_373' title='bbox 3708 2298 3776 2351; x_wconf 80' lang='grc' dir='ltr'>καὶ</span> 
     </span>
    </p>
   </div>
   <div class='ocr_carea' id='block_1_53' title="bbox 2227 2387 3776 2467">
    <p class='ocr_par' dir='ltr' id='par_1_53' title="bbox 2227 2387 3776 2467">
     <span class='ocr_line' id='line_1_53' title="bbox 2227 2387 3776 2467; baseline -0.007 -17"><span class='ocrx_word' id='word_1_374' title='bbox 2227 2396 2482 2467; x_wconf 84' lang='grc' dir='ltr'>καθάπερ</span> <span class='ocrx_word' id='word_1_375' title='bbox 2526 2395 2587 2447; x_wconf 77' lang='grc' dir='ltr'><strong>ἐν</strong></span> <span class='ocrx_word' id='word_1_376' title='bbox 2630 2392 2924 2464; x_wconf 72' lang='grc' dir='ltr'>παλιρροία</span> <span class='ocrx_word' id='word_1_377' title='bbox 2953 2390 3165 2444; x_wconf 79' lang='grc' dir='ltr'>ὑδάτων</span> <span class='ocrx_word' id='word_1_378' title='bbox 3205 2389 3344 2444; x_wconf 81' lang='grc' dir='ltr'>αὐτὸ</span> <span class='ocrx_word' id='word_1_379' title='bbox 3371 2388 3548 2458; x_wconf 87' lang='grc' dir='ltr'>δήπου</span> <span class='ocrx_word' id='word_1_380' title='bbox 3581 2387 3638 2441; x_wconf 84' lang='grc' dir='ltr'><strong>τδ</strong></span> <span class='ocrx_word' id='word_1_381' title='bbox 3660 2388 3677 2419; x_wconf 76' lang='grc'>³</span> <span class='ocrx_word' id='word_1_382' title='bbox 3705 2388 3776 2458; x_wconf 78' lang='grc' dir='ltr'>μί-</span> 
     </span>
    </p>
   </div>
   <div class='ocr_carea' id='block_1_54' title="bbox 2224 2481 3774 2560">
    <p class='ocr_par' dir='ltr' id='par_1_54' title="bbox 2224 2481 3774 2560">
     <span class='ocr_line' id='line_1_54' title="bbox 2224 2481 3774 2560; baseline -0.005 -19"><span class='ocrx_word' id='word_1_383' title='bbox 2224 2505 2354 2560; x_wconf 85' lang='grc' dir='ltr'>τρον</span> <span class='ocrx_word' id='word_1_384' title='bbox 2385 2487 2486 2557; x_wconf 78' lang='grc' dir='ltr'>τῆς</span> <span class='ocrx_word' id='word_1_385' title='bbox 2516 2483 2958 2557; x_wconf 81' lang='grc' dir='ltr'>παρασχεθείσης</span> <span class='ocrx_word' id='word_1_386' title='bbox 2985 2486 3098 2547; x_wconf 83' lang='grc' dir='ltr'>τοῖς</span> <span class='ocrx_word' id='word_1_387' title='bbox 3139 2483 3392 2553; x_wconf 79' lang='grc' dir='ltr'>τάγμασι</span> <span class='ocrx_word' id='word_1_388' title='bbox 3425 2481 3774 2553; x_wconf 78' lang='grc' dir='ltr'>δασμοφορίας,</span> 
     </span>
    </p>
   </div>
   <div class='ocr_carea' id='block_1_55' title="bbox 2225 2574 3776 2650">
    <p class='ocr_par' dir='ltr' id='par_1_55' title="bbox 2225 2574 3776 2650">
     <span class='ocr_line' id='line_1_55' title="bbox 2225 2574 3776 2650; baseline -0.006 -15"><span class='ocrx_word' id='word_1_389' title='bbox 2225 2583 2331 2635; x_wconf 79' lang='grc' dir='ltr'>οὐκ</span> <span class='ocrx_word' id='word_1_390' title='bbox 2358 2575 2477 2634; x_wconf 82' lang='grc' dir='ltr'>οἶδα</span> <span class='ocrx_word' id='word_1_391' title='bbox 2499 2580 2683 2632; x_wconf 81' lang='grc' dir='ltr'>ὅντινα</span> <span class='ocrx_word' id='word_1_392' title='bbox 2714 2577 2936 2650; x_wconf 86' lang='grc' dir='ltr'>τρόπον,</span> <span class='ocrx_word' id='word_1_393' title='bbox 2960 2578 3019 2640; x_wconf 88' lang='grc' dir='ltr'><strong>ἐς</strong></span> <span class='ocrx_word' id='word_1_394' title='bbox 3047 2574 3364 2648; x_wconf 76' lang='grc' dir='ltr'>τοῦμπαλιν</span> <span class='ocrx_word' id='word_1_395' title='bbox 3398 2574 3776 2646; x_wconf 81' lang='grc' dir='ltr'>μετωχετεύετο,</span> 
     </span>
    </p>
   </div>
   <div class='ocr_carea' id='block_1_56' title="bbox 2228 2666 3897 2744">
    <p class='ocr_par' dir='ltr' id='par_1_56' title="bbox 2228 2666 3897 2744">
     <span class='ocr_line' id='line_1_56' title="bbox 2228 2666 3897 2744; baseline -0.008 -16"><span class='ocrx_word' id='word_1_396' title='bbox 2228 2673 2322 2728; x_wconf 72' lang='grc' dir='ltr'>καὶ</span> <span class='ocrx_word' id='word_1_397' title='bbox 2360 2671 2589 2744; x_wconf 75' lang='grc' dir='ltr'>ἐπανῄει</span> <span class='ocrx_word' id='word_1_398' title='bbox 2621 2669 2746 2726; x_wconf 82' lang='grc' dir='ltr'>ὃθεν</span> <span class='ocrx_word' id='word_1_399' title='bbox 2776 2670 2971 2742; x_wconf 76' lang='grc' dir='ltr'>ἐρρύη·</span> <span class='ocrx_word' id='word_1_400' title='bbox 3009 2671 3105 2724; x_wconf 79' lang='grc' dir='ltr'>καὶ</span> <span class='ocrx_word' id='word_1_401' title='bbox 3135 2666 3281 2722; x_wconf 76' lang='grc' dir='ltr'>οὕτω</span> <span class='ocrx_word' id='word_1_402' title='bbox 3334 2667 3436 2739; x_wconf 83' lang='grc' dir='ltr'>μὲν</span> <span class='ocrx_word' id='word_1_403' title='bbox 3477 2666 3540 2722; x_wconf 77' lang='grc' dir='ltr'>τὸ</span> <span class='ocrx_word' id='word_1_404' title='bbox 3575 2668 3780 2737; x_wconf 77' lang='grc' dir='ltr'>ὑπερμαο</span> <span class='ocrx_word' id='word_1_405' title='bbox 3896 2684 3897 2707; x_wconf 49' lang='grc' dir='ltr'><strong>ι</strong></span> 
     </span>
    </p>
   </div>
   <div class='ocr_carea' id='block_1_57' title="bbox 2226 2754 3897 2839">
    <p class='ocr_par' dir='ltr' id='par_1_57' title="bbox 2226 2754 3897 2839">
     <span class='ocr_line' id='line_1_57' title="bbox 2226 2754 3897 2839; baseline -0.005 -19"><span class='ocrx_word' id='word_1_406' title='bbox 2226 2764 2356 2839; x_wconf 84' lang='grc' dir='ltr'>χοῦν</span> <span class='ocrx_word' id='word_1_407' title='bbox 2397 2766 2492 2820; x_wconf 77' lang='grc' dir='ltr'>καὶ</span> <span class='ocrx_word' id='word_1_408' title='bbox 2530 2761 3014 2835; x_wconf 86' lang='grc' dir='ltr'>παραταττόμενον</span> <span class='ocrx_word' id='word_1_409' title='bbox 3053 2759 3435 2832; x_wconf 80' lang='grc' dir='ltr'>κατημέλητο,</span> <span class='ocrx_word' id='word_1_410' title='bbox 3477 2758 3570 2812; x_wconf 76' lang='grc' dir='ltr'>καὶ</span> <span class='ocrx_word' id='word_1_411' title='bbox 3609 2755 3777 2827; x_wconf 80' lang='grc' dir='ltr'>τροφῆς</span> <span class='ocrx_word' id='word_1_412' title='bbox 3895 2754 3897 2779; x_wconf 68' lang='lat'>‘</span> 
     </span>
    </p>
   </div>
   <div class='ocr_carea' id='block_1_58' title="bbox 2226 2843 3778 2932">
    <p class='ocr_par' dir='ltr' id='par_1_58' title="bbox 2226 2843 3778 2932">
     <span class='ocr_line' id='line_1_58' title="bbox 2226 2843 3778 2932; baseline -0.01 -16"><span class='ocrx_word' id='word_1_413' title='bbox 2226 2859 2433 2932; x_wconf 68' lang='grc' dir='ltr'>ἀπορίᾳ</span> <span class='ocrx_word' id='word_1_414' title='bbox 2482 2857 2795 2927; x_wconf 84' lang='grc' dir='ltr'>πιεζόμενοι</span> <span class='ocrx_word' id='word_1_415' title='bbox 2829 2853 3235 2926; x_wconf 83' lang='grc' dir='ltr'>κατελίμπανον</span> <span class='ocrx_word' id='word_1_416' title='bbox 3275 2854 3413 2917; x_wconf 78' lang='grc' dir='ltr'>τοὺς</span> <span class='ocrx_word' id='word_1_417' title='bbox 3451 2851 3677 2922; x_wconf 79' lang='grc' dir='ltr'>ἀγῶνας,</span> <span class='ocrx_word' id='word_1_418' title='bbox 3715 2843 3778 2911; x_wconf 74' lang='grc' dir='ltr'><strong>οἷς</strong></span> 
     </span>
    </p>
   </div>
   <div class='ocr_carea' id='block_1_59' title="bbox 2226 2940 3778 3023">
    <p class='ocr_par' dir='ltr' id='par_1_59' title="bbox 2226 2940 3778 3023">
     <span class='ocr_line' id='line_1_59' title="bbox 2226 2940 3778 3023; baseline -0.008 -17"><span class='ocrx_word' id='word_1_419' title='bbox 2226 2951 2526 3023; x_wconf 72' lang='grc' dir='ltr'>ἐτύγχανον</span> <span class='ocrx_word' id='word_1_420' title='bbox 2566 2947 3020 3021; x_wconf 79' lang='grc' dir='ltr'>ἐντεθραμμένοι·</span> <span class='ocrx_word' id='word_1_421' title='bbox 3061 2946 3158 3002; x_wconf 77' lang='grc' dir='ltr'>καὶ</span> <span class='ocrx_word' id='word_1_422' title='bbox 3192 2945 3351 3001; x_wconf 78' lang='grc' dir='ltr'>ἄλλοι</span> <span class='ocrx_word' id='word_1_423' title='bbox 3394 2944 3570 3000; x_wconf 72' lang='grc' dir='ltr'>ἄλλοθι</span> <span class='ocrx_word' id='word_1_424' title='bbox 3601 2940 3778 3012; x_wconf 82' lang='grc' dir='ltr'>ἀπεχώ-</span> 
     </span>
    </p>
   </div>
   <div class='ocr_carea' id='block_1_60' title="bbox 2230 3032 3777 3115">
    <p class='ocr_par' dir='ltr' id='par_1_60' title="bbox 2230 3032 3777 3115">
     <span class='ocr_line' id='line_1_60' title="bbox 2230 3032 3777 3115; baseline -0.006 -20"><span class='ocrx_word' id='word_1_425' title='bbox 2230 3058 2380 3115; x_wconf 90' lang='grc' dir='ltr'>ρουν,</span> <span class='ocrx_word' id='word_1_426' title='bbox 2402 3040 2479 3104; x_wconf 82' lang='grc' dir='ltr'>ὡς</span> <span class='ocrx_word' id='word_1_427' title='bbox 2509 3040 2697 3112; x_wconf 70' lang='grc' dir='ltr'>ἔτερόν</span> <span class='ocrx_word' id='word_1_428' title='bbox 2722 3054 2845 3092; x_wconf 89' lang='grc' dir='ltr'>τινα</span> <span class='ocrx_word' id='word_1_429' title='bbox 2876 3036 3337 3108; x_wconf 87' lang='grc' dir='ltr'>μετελευσόμενοι</span> <span class='ocrx_word' id='word_1_430' title='bbox 3370 3034 3502 3105; x_wconf 83' lang='grc' dir='ltr'>βίον·</span> <span class='ocrx_word' id='word_1_431' title='bbox 3526 3034 3600 3098; x_wconf 77' lang='grc' dir='ltr'><strong>εἰς</strong></span> <span class='ocrx_word' id='word_1_432' title='bbox 3619 3032 3669 3085; x_wconf 80' lang='grc' dir='ltr'>δὲ</span> <span class='ocrx_word' id='word_1_433' title='bbox 3700 3046 3777 3099; x_wconf 79' lang='grc' dir='ltr'>γυ-</span> 
     </span>
    </p>
   </div>
   <div class='ocr_carea' id='block_1_61' title="bbox 2227 3120 3780 3205">
    <p class='ocr_par' dir='ltr' id='par_1_61' title="bbox 2227 3120 3780 3205">
     <span class='ocr_line' id='line_1_61' title="bbox 2227 3120 3780 3205; baseline -0.01 -14"><span class='ocrx_word' id='word_1_434' title='bbox 2227 3139 2422 3199; x_wconf 79' lang='grc' dir='ltr'>ναῖκας</span> <span class='ocrx_word' id='word_1_435' title='bbox 2448 3134 2727 3205; x_wconf 74' lang='grc' dir='ltr'>ἀκόσμους</span> <span class='ocrx_word' id='word_1_436' title='bbox 2752 3132 2830 3196; x_wconf 82' lang='grc' dir='ltr'><strong>ὡς</strong></span> <span class='ocrx_word' id='word_1_437' title='bbox 2861 3131 2930 3185; x_wconf 89' lang='grc' dir='ltr'><strong>τά</strong></span> <span class='ocrx_word' id='word_1_438' title='bbox 2956 3129 3130 3183; x_wconf 84' lang='grc' dir='ltr'>πολλὰ</span> <span class='ocrx_word' id='word_1_439' title='bbox 3156 3130 3177 3161; x_wconf 81' lang='grc'><strong><em>’</em></strong></span> <span class='ocrx_word' id='word_1_440' title='bbox 3211 3128 3315 3181; x_wconf 68' lang='grc' dir='ltr'>καὶ</span> <span class='ocrx_word' id='word_1_441' title='bbox 3344 3127 3587 3197; x_wconf 81' lang='grc' dir='ltr'>ἡνιόχους</span> <span class='ocrx_word' id='word_1_442' title='bbox 3614 3123 3695 3177; x_wconf 69' lang='grc' dir='ltr'>καὶ</span> <span class='ocrx_word' id='word_1_443' title='bbox 3713 3120 3780 3175; x_wconf 83' lang='grc' dir='ltr'>άν-</span> 
     </span>
    </p>
   </div>
   <div class='ocr_carea' id='block_1_62' title="bbox 534 3212 2126 3313">
    <p class='ocr_par' dir='ltr' id='par_1_62' title="bbox 534 3216 2122 3288">
     <span class='ocr_line' id='line_1_62' title="bbox 534 3216 2122 3288; baseline 0.001 -16"><span class='ocrx_word' id='word_1_444' title='bbox 534 3232 711 3288; x_wconf 83' lang='lat' dir='ltr'><strong>genus</strong></span> <span class='ocrx_word' id='word_1_445' title='bbox 739 3217 1068 3288; x_wconf 84' lang='lat' dir='ltr'><strong>amplexuri.</strong></span> <span class='ocrx_word' id='word_1_446' title='bbox 1110 3216 1170 3272; x_wconf 87' lang='lat' dir='ltr'><strong>lu</strong></span> <span class='ocrx_word' id='word_1_447' title='bbox 1199 3218 1463 3273; x_wconf 88' lang='lat' dir='ltr'><strong>mulieres</strong></span> <span class='ocrx_word' id='word_1_448' title='bbox 1493 3233 1621 3273; x_wconf 90' lang='lat' dir='ltr'><strong>vero</strong></span> <span class='ocrx_word' id='word_1_449' title='bbox 1653 3217 1973 3273; x_wconf 84' lang='lat' dir='ltr'><strong>inbouestas</strong></span> <span class='ocrx_word' id='word_1_450' title='bbox 2008 3232 2122 3273; x_wconf 88' lang='lat' dir='ltr'><strong>ma-</strong></span> 
     </span>
    </p>
   </div>
   <div class='ocr_carea' id='block_1_63' title="bbox 2228 3212 3777 3313">
    <p class='ocr_par' dir='ltr' id='par_1_63' title="bbox 2228 3212 3777 3313">
     <span class='ocr_line' id='line_1_63' title="bbox 2228 3212 3777 3313; baseline -0.012 -29"><span class='ocrx_word' id='word_1_451' title='bbox 2228 3229 2360 3301; x_wconf 90' lang='grc' dir='ltr'>δρας</span> <span class='ocrx_word' id='word_1_452' title='bbox 2386 3228 2634 3290; x_wconf 82' lang='grc' dir='ltr'>ἀγεννεῖς</span> <span class='ocrx_word' id='word_1_453' title='bbox 2668 3224 2766 3296; x_wconf 82' lang='grc' dir='ltr'>μὲν</span> <span class='ocrx_word' id='word_1_454' title='bbox 2804 3224 2862 3278; x_wconf 86' lang='grc' dir='ltr'><strong>ἐν</strong></span> <span class='ocrx_word' id='word_1_455' title='bbox 2895 3224 3012 3288; x_wconf 82' lang='grc' dir='ltr'>τοῖς</span> <span class='ocrx_word' id='word_1_456' title='bbox 3041 3219 3371 3289; x_wconf 79' lang='grc' dir='ltr'>ἀναγκαίοις</span> <span class='ocrx_word' id='word_1_457' title='bbox 3412 3218 3507 3272; x_wconf 72' lang='grc' dir='ltr'>καὶ</span> <span class='ocrx_word' id='word_1_458' title='bbox 3538 3212 3777 3313; x_wconf 70' lang='grc' dir='ltr'>ἁϐροδιαί-</span> 
     </span>
    </p>
   </div>
   <div class='ocr_carea' id='block_1_64' title="bbox 533 3308 2118 3382">
    <p class='ocr_par' dir='ltr' id='par_1_64' title="bbox 533 3308 2118 3382">
     <span class='ocr_line' id='line_1_64' title="bbox 533 3308 2118 3382; baseline 0.001 -19"><span class='ocrx_word' id='word_1_459' title='bbox 533 3311 684 3364; x_wconf 78' lang='lat' dir='ltr'><strong>xima</strong></span> <span class='ocrx_word' id='word_1_460' title='bbox 713 3325 780 3365; x_wconf 75' lang='lat' dir='ltr'><strong>ex</strong></span> <span class='ocrx_word' id='word_1_461' title='bbox 818 3320 972 3381; x_wconf 87' lang='lat' dir='ltr'><strong>parte</strong></span> <span class='ocrx_word' id='word_1_462' title='bbox 1011 3321 1066 3366; x_wconf 92' lang='lat' dir='ltr'><strong>et</strong></span> <span class='ocrx_word' id='word_1_463' title='bbox 1103 3311 1321 3382; x_wconf 86' lang='lat' dir='ltr'><strong>aurigas</strong></span> <span class='ocrx_word' id='word_1_464' title='bbox 1351 3317 1406 3365; x_wconf 93' lang='lat' dir='ltr'><strong>et</strong></span> <span class='ocrx_word' id='word_1_465' title='bbox 1434 3309 1582 3365; x_wconf 87' lang='lat' dir='ltr'><strong>viros</strong></span> <span class='ocrx_word' id='word_1_466' title='bbox 1610 3325 1802 3380; x_wconf 90' lang='lat' dir='ltr'><strong>parum</strong></span> <span class='ocrx_word' id='word_1_467' title='bbox 1827 3347 1843 3373; x_wconf 90' lang='lat'><strong>,</strong></span> <span class='ocrx_word' id='word_1_468' title='bbox 1894 3308 1983 3363; x_wconf 90' lang='lat' dir='ltr'><strong>ubi</strong></span> <span class='ocrx_word' id='word_1_469' title='bbox 2027 3323 2118 3364; x_wconf 89' lang='lat' dir='ltr'><strong>res</strong></span> 
     </span>
    </p>
   </div>
   <div class='ocr_carea' id='block_1_65' title="bbox 535 3401 2121 3474">
    <p class='ocr_par' dir='ltr' id='par_1_65' title="bbox 535 3401 2121 3474">
     <span class='ocr_line' id='line_1_65' title="bbox 535 3401 2121 3474; baseline 0 -17"><span class='ocrx_word' id='word_1_470' title='bbox 535 3402 859 3472; x_wconf 83' lang='lat' dir='ltr'><strong>postularet,</strong></span> <span class='ocrx_word' id='word_1_471' title='bbox 899 3403 1065 3459; x_wconf 83' lang='lat' dir='ltr'><strong>fortes</strong></span> <span class='ocrx_word' id='word_1_472' title='bbox 1088 3442 1104 3467; x_wconf 86' lang='lat'><strong>,</strong></span> <span class='ocrx_word' id='word_1_473' title='bbox 1136 3404 1231 3459; x_wconf 89' lang='lat' dir='ltr'><strong>sed</strong></span> <span class='ocrx_word' id='word_1_474' title='bbox 1259 3402 1573 3470; x_wconf 88' lang='lat' dir='ltr'><strong>deliciosos,</strong></span> <span class='ocrx_word' id='word_1_475' title='bbox 1601 3404 1807 3474; x_wconf 89' lang='lat' dir='ltr'><strong>quique</strong></span> <span class='ocrx_word' id='word_1_476' title='bbox 1834 3402 1902 3458; x_wconf 85' lang='lat' dir='ltr'><strong>ad</strong></span> <span class='ocrx_word' id='word_1_477' title='bbox 1934 3401 2121 3457; x_wconf 82' lang='lat' dir='ltr'><strong>civiles</strong></span> 
     </span>
    </p>
   </div>
   <div class='ocr_carea' id='block_1_66' title="bbox 537 3494 2132 3564">
    <p class='ocr_par' dir='ltr' id='par_1_66' title="bbox 537 3494 2132 3564">
     <span class='ocr_line' id='line_1_66' title="bbox 537 3494 2132 3564; baseline 0 -16"><span class='ocrx_word' id='word_1_478' title='bbox 537 3504 750 3549; x_wconf 84' lang='lat' dir='ltr'><strong>tantum</strong></span> <span class='ocrx_word' id='word_1_479' title='bbox 808 3494 1000 3551; x_wconf 89' lang='lat' dir='ltr'><strong>turbas</strong></span> <span class='ocrx_word' id='word_1_480' title='bbox 1047 3503 1102 3550; x_wconf 88' lang='lat' dir='ltr'><strong>et</strong></span> <span class='ocrx_word' id='word_1_481' title='bbox 1143 3496 1274 3551; x_wconf 91' lang='lat' dir='ltr'><strong>circi</strong></span> <span class='ocrx_word' id='word_1_482' title='bbox 1327 3495 1594 3552; x_wconf 86' lang='lat' dir='ltr'><strong>factiones</strong></span> <span class='ocrx_word' id='word_1_483' title='bbox 1642 3509 1850 3551; x_wconf 88' lang='lat' dir='ltr'><strong>vesano</strong></span> <span class='ocrx_word' id='word_1_484' title='bbox 1893 3494 2132 3564; x_wconf 85' lang='lat' dir='ltr'><strong>quodam</strong></span> 
     </span>
    </p>
   </div>
   <div class='ocr_carea' id='block_1_67' title="bbox 535 3585 2135 3658">
    <p class='ocr_par' dir='ltr' id='par_1_67' title="bbox 535 3585 2135 3658">
     <span class='ocr_line' id='line_1_67' title="bbox 535 3585 2135 3658; baseline 0.001 -16"><span class='ocrx_word' id='word_1_485' title='bbox 535 3586 725 3643; x_wconf 84' lang='lat' dir='ltr'><strong>studio</strong></span> <span class='ocrx_word' id='word_1_486' title='bbox 765 3585 1108 3658; x_wconf 85' lang='lat' dir='ltr'><strong>audaciaque</strong></span> <span class='ocrx_word' id='word_1_487' title='bbox 1154 3587 1508 3653; x_wconf 87' lang='lat' dir='ltr'><strong>ferebantur,</strong></span> <span class='ocrx_word' id='word_1_488' title='bbox 1550 3597 1607 3644; x_wconf 87' lang='lat' dir='ltr'><strong>et</strong></span> <span class='ocrx_word' id='word_1_489' title='bbox 1648 3588 1703 3642; x_wconf 91' lang='lat' dir='ltr'><strong>in</strong></span> <span class='ocrx_word' id='word_1_490' title='bbox 1746 3588 1886 3644; x_wconf 89' lang='lat' dir='ltr'><strong>alios</strong></span> <span class='ocrx_word' id='word_1_491' title='bbox 1918 3588 2006 3644; x_wconf 90' lang='lat' dir='ltr'><strong>his</strong></span> <span class='ocrx_word' id='word_1_492' title='bbox 2039 3587 2135 3643; x_wconf 81' lang='lat' dir='ltr'><strong>ad-</strong></span> 
     </span>
    </p>
   </div>
   <div class='ocr_carea' id='block_1_68' title="bbox 536 3678 2133 3751">
    <p class='ocr_par' dir='ltr' id='par_1_68' title="bbox 536 3678 2133 3751">
     <span class='ocr_line' id='line_1_68' title="bbox 536 3678 2133 3751; baseline 0.002 -18"><span class='ocrx_word' id='word_1_493' title='bbox 536 3679 649 3733; x_wconf 84' lang='lat' dir='ltr'><strong>huc</strong></span> <span class='ocrx_word' id='word_1_494' title='bbox 700 3678 1008 3733; x_wconf 84' lang='lat' dir='ltr'><strong>inutiliores</strong></span> <span class='ocrx_word' id='word_1_495' title='bbox 1061 3678 1320 3734; x_wconf 84' lang='lat' dir='ltr'><strong>militaria</strong></span> <span class='ocrx_word' id='word_1_496' title='bbox 1380 3680 1652 3751; x_wconf 88' lang='lat' dir='ltr'><strong>stipendia</strong></span> <span class='ocrx_word' id='word_1_497' title='bbox 1700 3680 2133 3750; x_wconf 61' lang='lat' dir='ltr'><strong>dissipabantur.</strong></span> 
     </span>
    </p>
   </div>
   <div class='ocr_carea' id='block_1_69' title="bbox 535 3769 2134 3842">
    <p class='ocr_par' dir='ltr' id='par_1_69' title="bbox 535 3769 2134 3842">
     <span class='ocr_line' id='line_1_69' title="bbox 535 3769 2134 3842; baseline 0 -14"><span class='ocrx_word' id='word_1_498' title='bbox 535 3771 702 3842; x_wconf 74' lang='lat'><strong>308</strong></span> <span class='ocrx_word' id='word_1_499' title='bbox 735 3785 844 3841; x_wconf 83' lang='lat' dir='ltr'><strong>quo</strong></span> <span class='ocrx_word' id='word_1_500' title='bbox 886 3769 1093 3826; x_wconf 84' lang='lat' dir='ltr'><strong>factum</strong></span> <span class='ocrx_word' id='word_1_501' title='bbox 1147 3780 1229 3827; x_wconf 86' lang='lat' dir='ltr'><strong>est</strong></span> <span class='ocrx_word' id='word_1_502' title='bbox 1286 3782 1344 3827; x_wconf 90' lang='lat' dir='ltr'><strong>ut</strong></span> <span class='ocrx_word' id='word_1_503' title='bbox 1375 3781 1431 3828; x_wconf 90' lang='lat' dir='ltr'><strong>et</strong></span> <span class='ocrx_word' id='word_1_504' title='bbox 1476 3773 1688 3842; x_wconf 88' lang='lat' dir='ltr'><strong>reliqua</strong></span> <span class='ocrx_word' id='word_1_505' title='bbox 1728 3770 1976 3827; x_wconf 82' lang='lat' dir='ltr'><strong>Thraciae</strong></span> <span class='ocrx_word' id='word_1_506' title='bbox 2013 3772 2134 3828; x_wconf 89' lang='lat' dir='ltr'><strong>loca</strong></span> 
     </span>
    </p>
   </div>
   <div class='ocr_carea' id='block_1_70' title="bbox 541 3860 2134 3932">
    <p class='ocr_par' dir='ltr' id='par_1_70' title="bbox 541 3860 2134 3932">
     <span class='ocr_line' id='line_1_70' title="bbox 541 3860 2134 3932; baseline 0.003 -19"><span class='ocrx_word' id='word_1_507' title='bbox 541 3861 853 3931; x_wconf 84' lang='lat' dir='ltr'><strong>oppidaque</strong></span> <span class='ocrx_word' id='word_1_508' title='bbox 901 3861 1065 3931; x_wconf 72' lang='lat' dir='ltr'><strong>regiae</strong></span> <span class='ocrx_word' id='word_1_509' title='bbox 1112 3860 1234 3916; x_wconf 90' lang='lat' dir='ltr'><strong>urbi</strong></span> <span class='ocrx_word' id='word_1_510' title='bbox 1282 3861 1638 3932; x_wconf 72' lang='lat' dir='ltr'><strong>circumiecta</strong></span> <span class='ocrx_word' id='word_1_511' title='bbox 1680 3861 1898 3918; x_wconf 86' lang='lat' dir='ltr'><strong>deserta</strong></span> <span class='ocrx_word' id='word_1_512' title='bbox 1947 3871 2134 3917; x_wconf 88' lang='lat' dir='ltr'><strong>essent</strong></span> 
     </span>
    </p>
   </div>
   <div class='ocr_carea' id='block_1_71' title="bbox 537 3954 2133 4026">
    <p class='ocr_par' dir='ltr' id='par_1_71' title="bbox 537 3954 2133 4026">
     <span class='ocr_line' id='line_1_71' title="bbox 537 3954 2133 4026; baseline 0.001 -17"><span class='ocrx_word' id='word_1_513' title='bbox 537 3954 799 4025; x_wconf 86' lang='lat' dir='ltr'><strong>omnique</strong></span> <span class='ocrx_word' id='word_1_514' title='bbox 845 3955 1103 4025; x_wconf 71' lang='lat' dir='ltr'><strong>pmsidio</strong></span> <span class='ocrx_word' id='word_1_515' title='bbox 1139 3970 1352 4022; x_wconf 86' lang='lat' dir='ltr'><strong>vacua,</strong></span> <span class='ocrx_word' id='word_1_516' title='bbox 1404 3963 1572 4026; x_wconf 88' lang='lat' dir='ltr'><strong>atque</strong></span> <span class='ocrx_word' id='word_1_517' title='bbox 1608 3954 1744 4010; x_wconf 90' lang='lat' dir='ltr'><strong>adeo</strong></span> <span class='ocrx_word' id='word_1_518' title='bbox 1772 3954 2133 4010; x_wconf 87' lang='lat' dir='ltr'><strong>barbarorum</strong></span> 
     </span>
    </p>
   </div>
   <div class='ocr_carea' id='block_1_72' title="bbox 542 4044 2134 4119">
    <p class='ocr_par' dir='ltr' id='par_1_72' title="bbox 542 4044 2134 4119">
     <span class='ocr_line' id='line_1_72' title="bbox 542 4044 2134 4119; baseline 0.001 -18"><span class='ocrx_word' id='word_1_519' title='bbox 542 4047 954 4103; x_wconf 87' lang='lat' dir='ltr'><strong>incursionibus</strong></span> <span class='ocrx_word' id='word_1_520' title='bbox 994 4057 1303 4119; x_wconf 91' lang='lat' dir='ltr'><strong>opportuna</strong></span> <span class='ocrx_word' id='word_1_521' title='bbox 1355 4061 1422 4103; x_wconf 91' lang='lat' dir='ltr'><strong>ac</strong></span> <span class='ocrx_word' id='word_1_522' title='bbox 1472 4046 1682 4117; x_wconf 83' lang='lat' dir='ltr'><strong>pervia.</strong></span> <span class='ocrx_word' id='word_1_523' title='bbox 1723 4044 1804 4102; x_wconf 93' lang='lat' dir='ltr'><strong>Eo</strong></span> <span class='ocrx_word' id='word_1_524' title='bbox 1847 4047 1993 4101; x_wconf 87' lang='lat' dir='ltr'><strong>enim</strong></span> <span class='ocrx_word' id='word_1_525' title='bbox 2055 4047 2134 4102; x_wconf 83' lang='lat' dir='ltr'><strong>illi</strong></span> 
     </span>
    </p>
   </div>
   <div class='ocr_carea' id='block_1_73' title="bbox 539 4138 2131 4210">
    <p class='ocr_par' dir='ltr' id='par_1_73' title="bbox 539 4138 2131 4210">
     <span class='ocr_line' id='line_1_73' title="bbox 539 4138 2131 4210; baseline 0.001 -17"><span class='ocrx_word' id='word_1_526' title='bbox 539 4140 875 4210; x_wconf 66' lang='lat' dir='ltr'><strong>arrogantia:</strong></span> <span class='ocrx_word' id='word_1_527' title='bbox 920 4149 1079 4195; x_wconf 90' lang='lat' dir='ltr'><strong>crant</strong></span> <span class='ocrx_word' id='word_1_528' title='bbox 1113 4140 1280 4208; x_wconf 88' lang='lat' dir='ltr'><strong>elati,</strong></span> <span class='ocrx_word' id='word_1_529' title='bbox 1332 4148 1393 4196; x_wconf 91' lang='lat' dir='ltr'><strong>ut</strong></span> <span class='ocrx_word' id='word_1_530' title='bbox 1447 4148 1504 4195; x_wconf 91' lang='lat' dir='ltr'><strong>et</strong></span> <span class='ocrx_word' id='word_1_531' title='bbox 1553 4141 1702 4195; x_wconf 89' lang='lat' dir='ltr'><strong>circa</strong></span> <span class='ocrx_word' id='word_1_532' title='bbox 1749 4138 2131 4194; x_wconf 83' lang='lat' dir='ltr'><strong>Melantiadem</strong></span> 
     </span>
    </p>
   </div>
   <div class='ocr_carea' id='block_1_74' title="bbox 538 4231 2135 4302">
    <p class='ocr_par' dir='ltr' id='par_1_74' title="bbox 538 4231 2135 4302">
     <span class='ocr_line' id='line_1_74' title="bbox 538 4231 2135 4302; baseline 0.001 -17"><span class='ocrx_word' id='word_1_533' title='bbox 538 4232 720 4287; x_wconf 64' lang='lat' dir='ltr'><strong>vicum</strong></span> <span class='ocrx_word' id='word_1_534' title='bbox 747 4241 927 4290; x_wconf 86' lang='lat' dir='ltr'><strong>castra</strong></span> <span class='ocrx_word' id='word_1_535' title='bbox 959 4232 1211 4299; x_wconf 88' lang='lat' dir='ltr'><strong>locarint,</strong></span> <span class='ocrx_word' id='word_1_536' title='bbox 1244 4247 1353 4290; x_wconf 91' lang='lat' dir='ltr'><strong>non</strong></span> <span class='ocrx_word' id='word_1_537' title='bbox 1389 4232 1610 4302; x_wconf 77' lang='lat' dir='ltr'><strong>longius</strong></span> <span class='ocrx_word' id='word_1_538' title='bbox 1635 4239 1855 4287; x_wconf 90' lang='lat' dir='ltr'><strong>centum</strong></span> <span class='ocrx_word' id='word_1_539' title='bbox 1890 4240 1946 4286; x_wconf 88' lang='lat' dir='ltr'><strong>et</strong></span> <span class='ocrx_word' id='word_1_540' title='bbox 1976 4231 2135 4300; x_wconf 90' lang='lat' dir='ltr'><strong>quin-</strong></span> 
     </span>
    </p>
   </div>
   <div class='ocr_carea' id='block_1_75' title="bbox 540 4323 2135 4396">
    <p class='ocr_par' dir='ltr' id='par_1_75' title="bbox 540 4323 2135 4396">
     <span class='ocr_line' id='line_1_75' title="bbox 540 4323 2135 4396; baseline 0 -17"><span class='ocrx_word' id='word_1_541' title='bbox 540 4324 800 4396; x_wconf 81' lang='lat' dir='ltr'><strong>quaginta</strong></span> <span class='ocrx_word' id='word_1_542' title='bbox 851 4325 1044 4382; x_wconf 87' lang='lat' dir='ltr'><strong>stadiis</strong></span> <span class='ocrx_word' id='word_1_543' title='bbox 1094 4325 1162 4379; x_wconf 89' lang='lat' dir='ltr'><strong>ab</strong></span> <span class='ocrx_word' id='word_1_544' title='bbox 1227 4327 1362 4381; x_wconf 88' lang='lat' dir='ltr'><strong>urbe</strong></span> <span class='ocrx_word' id='word_1_545' title='bbox 1411 4325 1729 4382; x_wconf 88' lang='lat' dir='ltr'><strong>distantem.</strong></span> <span class='ocrx_word' id='word_1_546' title='bbox 1788 4323 2135 4380; x_wconf 90' lang='lat' dir='ltr'><strong>Circumﬂuit</strong></span> 
     </span>
    </p>
   </div>
   <div class='ocr_carea' id='block_1_76' title="bbox 2234 3305 3777 3389">
    <p class='ocr_par' dir='ltr' id='par_1_76' title="bbox 2234 3305 3777 3389">
     <span class='ocr_line' id='line_1_76' title="bbox 2234 3305 3777 3389; baseline -0.01 -15"><span class='ocrx_word' id='word_1_547' title='bbox 2234 3337 2381 3383; x_wconf 80' lang='grc' dir='ltr'>τους,</span> <span class='ocrx_word' id='word_1_548' title='bbox 2407 3316 2569 3389; x_wconf 88' lang='grc' dir='ltr'>μόνον</span> <span class='ocrx_word' id='word_1_549' title='bbox 2595 3315 2654 3369; x_wconf 78' lang='grc' dir='ltr'>δὲ</span> <span class='ocrx_word' id='word_1_550' title='bbox 2693 3314 2831 3387; x_wconf 86' lang='grc' dir='ltr'>πρὸς</span> <span class='ocrx_word' id='word_1_551' title='bbox 2872 3312 2972 3377; x_wconf 78' lang='grc' dir='ltr'>τὰς</span> <span class='ocrx_word' id='word_1_552' title='bbox 3005 3310 3283 3383; x_wconf 81' lang='grc' dir='ltr'>ἐμφύλους</span> <span class='ocrx_word' id='word_1_553' title='bbox 3314 3307 3556 3379; x_wconf 80' lang='grc' dir='ltr'>ταραχὰς</span> <span class='ocrx_word' id='word_1_554' title='bbox 3589 3306 3673 3360; x_wconf 70' lang='grc' dir='ltr'>καὶ</span> <span class='ocrx_word' id='word_1_555' title='bbox 3702 3305 3777 3375; x_wconf 81' lang='grc' dir='ltr'>τὴν</span> 
     </span>
    </p>
   </div>
   <div class='ocr_carea' id='block_1_77' title="bbox 2235 3401 3775 3486">
    <p class='ocr_par' dir='ltr' id='par_1_77' title="bbox 2235 3401 3775 3486">
     <span class='ocr_line' id='line_1_77' title="bbox 2235 3401 3775 3486; baseline -0.01 -19"><span class='ocrx_word' id='word_1_556' title='bbox 2235 3414 2365 3486; x_wconf 71' lang='grc' dir='ltr'>περὶ</span> <span class='ocrx_word' id='word_1_557' title='bbox 2407 3413 2475 3468; x_wconf 83' lang='grc' dir='ltr'><strong>τά</strong></span> <span class='ocrx_word' id='word_1_558' title='bbox 2515 3410 2782 3483; x_wconf 85' lang='grc' dir='ltr'>χρώματα</span> <span class='ocrx_word' id='word_1_559' title='bbox 2810 3409 2831 3441; x_wconf 87' lang='grc'><strong><em>³</em></strong></span> <span class='ocrx_word' id='word_1_560' title='bbox 2867 3408 2987 3481; x_wconf 74' lang='grc' dir='ltr'>ἔριν</span> <span class='ocrx_word' id='word_1_561' title='bbox 3019 3407 3300 3478; x_wconf 78' lang='grc' dir='ltr'>ἐμμανεῖς</span> <span class='ocrx_word' id='word_1_562' title='bbox 3331 3405 3426 3460; x_wconf 79' lang='grc' dir='ltr'>καὶ</span> <span class='ocrx_word' id='word_1_563' title='bbox 3467 3401 3775 3476; x_wconf 75' lang='grc' dir='ltr'>θαρραλέους,</span> 
     </span>
    </p>
   </div>
   <div class='ocr_carea' id='block_1_78' title="bbox 2234 3492 3777 3573">
    <p class='ocr_par' dir='ltr' id='par_1_78' title="bbox 2234 3492 3777 3573">
     <span class='ocr_line' id='line_1_78' title="bbox 2234 3492 3777 3573; baseline -0.007 -13"><span class='ocrx_word' id='word_1_564' title='bbox 2234 3507 2331 3563; x_wconf 71' lang='grc' dir='ltr'>καὶ</span> <span class='ocrx_word' id='word_1_565' title='bbox 2351 3505 2542 3569; x_wconf 83' lang='grc' dir='ltr'>ἀλλους</span> <span class='ocrx_word' id='word_1_566' title='bbox 2574 3503 2655 3558; x_wconf 79' lang='grc' dir='ltr'>ἔτι</span> <span class='ocrx_word' id='word_1_567' title='bbox 2679 3503 2885 3557; x_wconf 88' lang='grc' dir='ltr'>τούτων</span> <span class='ocrx_word' id='word_1_568' title='bbox 2916 3500 3329 3573; x_wconf 79' lang='grc' dir='ltr'>ἀχρειοτέρους,</span> <span class='ocrx_word' id='word_1_569' title='bbox 3358 3501 3425 3555; x_wconf 72' lang='grc' dir='ltr'>τὰ</span> <span class='ocrx_word' id='word_1_570' title='bbox 3457 3492 3777 3571; x_wconf 78' lang='grc' dir='ltr'>στρατιωτικὰ</span> 
     </span>
    </p>
   </div>
   <div class='ocr_carea' id='block_1_79' title="bbox 2234 3587 3775 3668">
    <p class='ocr_par' dir='ltr' id='par_1_79' title="bbox 2234 3587 3775 3668">
     <span class='ocr_line' id='line_1_79' title="bbox 2234 3587 3775 3668; baseline -0.008 -14"><span class='ocrx_word' id='word_1_571' title='bbox 2234 3599 2620 3654; x_wconf 79' lang='grc' dir='ltr'>ἐσκεδάννυντο</span> <span class='ocrx_word' id='word_1_572' title='bbox 2639 3597 2924 3668; x_wconf 82' lang='grc' dir='ltr'>χρήματα.</span> <span class='ocrx_word' id='word_1_573' title='bbox 2945 3593 3138 3648; x_wconf 84' lang='grc' dir='ltr'>Ταῦτά</span> <span class='ocrx_word' id='word_1_574' title='bbox 3160 3610 3243 3648; x_wconf 87' lang='grc' dir='ltr'><strong>τοι</strong></span> <span class='ocrx_word' id='word_1_575' title='bbox 3277 3593 3305 3626; x_wconf 69' lang='grc'>⁸</span> <span class='ocrx_word' id='word_1_576' title='bbox 3333 3593 3369 3664; x_wconf 80' lang='grc' dir='ltr'>ἦ</span> <span class='ocrx_word' id='word_1_577' title='bbox 3393 3609 3453 3646; x_wconf 89' lang='grc' dir='ltr'><strong>τε</strong></span> <span class='ocrx_word' id='word_1_578' title='bbox 3473 3591 3598 3661; x_wconf 81' lang='grc' dir='ltr'>άλλη</span> <span class='ocrx_word' id='word_1_579' title='bbox 3620 3587 3775 3659; x_wconf 79' lang='grc' dir='ltr'>Θρᾴκη</span> 
     </span>
    </p>
   </div>
   <div class='ocr_carea' id='block_1_80' title="bbox 2236 3677 3774 3762">
    <p class='ocr_par' dir='ltr' id='par_1_80' title="bbox 2236 3677 3774 3762">
     <span class='ocr_line' id='line_1_80' title="bbox 2236 3677 3774 3762; baseline -0.012 -16"><span class='ocrx_word' id='word_1_580' title='bbox 2236 3691 2328 3746; x_wconf 72' lang='grc' dir='ltr'>καὶ</span> <span class='ocrx_word' id='word_1_581' title='bbox 2355 3692 2423 3745; x_wconf 85' lang='grc' dir='ltr'><strong>τὰ</strong></span> <span class='ocrx_word' id='word_1_582' title='bbox 2449 3689 2587 3762; x_wconf 80' lang='grc' dir='ltr'>πρὸς</span> <span class='ocrx_word' id='word_1_583' title='bbox 2616 3690 2754 3759; x_wconf 75' lang='grc' dir='ltr'>αὐτῇ</span> <span class='ocrx_word' id='word_1_584' title='bbox 2784 3688 2851 3759; x_wconf 77' lang='grc' dir='ltr'>τῇ</span> <span class='ocrx_word' id='word_1_585' title='bbox 2891 3684 3123 3756; x_wconf 84' lang='grc' dir='ltr'>βασιλίδι</span> <span class='ocrx_word' id='word_1_586' title='bbox 3154 3683 3316 3738; x_wconf 86' lang='grc' dir='ltr'>πόλει</span> <span class='ocrx_word' id='word_1_587' title='bbox 3345 3682 3521 3754; x_wconf 81' lang='grc' dir='ltr'>χωρία</span> <span class='ocrx_word' id='word_1_588' title='bbox 3551 3677 3715 3752; x_wconf 75' lang='grc' dir='ltr'>ἔρημά</span> <span class='ocrx_word' id='word_1_589' title='bbox 3727 3692 3774 3728; x_wconf 79' lang='grc' dir='ltr'><strong>τι</strong></span> 
     </span>
    </p>
   </div>
   <div class='ocr_carea' id='block_1_81' title="bbox 2232 3765 3775 3856">
    <p class='ocr_par' dir='ltr' id='par_1_81' title="bbox 2232 3765 3775 3856">
     <span class='ocr_line' id='line_1_81' title="bbox 2232 3765 3775 3856; baseline -0.013 -18"><span class='ocrx_word' id='word_1_590' title='bbox 2232 3779 2302 3856; x_wconf 81' lang='grc' dir='ltr'>ἧν</span> <span class='ocrx_word' id='word_1_591' title='bbox 2334 3783 2429 3838; x_wconf 75' lang='grc' dir='ltr'><strong>καὶ</strong></span> <span class='ocrx_word' id='word_1_592' title='bbox 2460 3780 2772 3852; x_wconf 81' lang='grc' dir='ltr'>ἀφύλακτα,</span> <span class='ocrx_word' id='word_1_593' title='bbox 2798 3779 2858 3843; x_wconf 87' lang='grc' dir='ltr'><strong>ἐς</strong></span> <span class='ocrx_word' id='word_1_594' title='bbox 2897 3778 3022 3832; x_wconf 81' lang='grc' dir='ltr'>ὅσον</span> <span class='ocrx_word' id='word_1_595' title='bbox 3060 3775 3299 3841; x_wconf 82' lang='grc' dir='ltr'>καὶτοῖς</span> <span class='ocrx_word' id='word_1_596' title='bbox 3332 3773 3629 3847; x_wconf 76' lang='grc' dir='ltr'>Βαρϐάροις</span> <span class='ocrx_word' id='word_1_597' title='bbox 3666 3765 3775 3839; x_wconf 82' lang='grc' dir='ltr'>βατὰ</span> 
     </span>
    </p>
   </div>
   <div class='ocr_carea' id='block_1_82' title="bbox 2235 3859 3775 3942">
    <p class='ocr_par' dir='ltr' id='par_1_82' title="bbox 2235 3859 3775 3942">
     <span class='ocr_line' id='line_1_82' title="bbox 2235 3859 3775 3942; baseline -0.01 -15"><span class='ocrx_word' id='word_1_598' title='bbox 2235 3869 2376 3928; x_wconf 71' lang='grc' dir='ltr'>εἶναι</span> <span class='ocrx_word' id='word_1_599' title='bbox 2400 3871 2498 3926; x_wconf 78' lang='grc' dir='ltr'>καὶ</span> <span class='ocrx_word' id='word_1_600' title='bbox 2523 3869 2881 3942; x_wconf 82' lang='grc' dir='ltr'>εύεπίδρομα·</span> <span class='ocrx_word' id='word_1_601' title='bbox 2915 3867 2996 3934; x_wconf 74' lang='grc' dir='ltr'>εἰς</span> <span class='ocrx_word' id='word_1_602' title='bbox 3022 3866 3185 3922; x_wconf 80' lang='grc' dir='ltr'>τοῦτο</span> <span class='ocrx_word' id='word_1_603' title='bbox 3212 3866 3327 3938; x_wconf 80' lang='grc' dir='ltr'><strong>γὰρ</strong></span> <span class='ocrx_word' id='word_1_604' title='bbox 3353 3867 3544 3920; x_wconf 84' lang='grc' dir='ltr'>ἐκεῖνοι</span> <span class='ocrx_word' id='word_1_605' title='bbox 3572 3859 3775 3933; x_wconf 72' lang='grc' dir='ltr'>ἥρϐησαν</span> 
     </span>
    </p>
   </div>
   <div class='ocr_carea' id='block_1_83' title="bbox 2233 3952 3775 4033">
    <p class='ocr_par' dir='ltr' id='par_1_83' title="bbox 2233 3952 3775 4033">
     <span class='ocr_line' id='line_1_83' title="bbox 2233 3952 3775 4033; baseline -0.013 -12"><span class='ocrx_word' id='word_1_606' title='bbox 2233 3965 2572 4030; x_wconf 78' lang='grc' dir='ltr'>ἀλαζονείας,</span> <span class='ocrx_word' id='word_1_607' title='bbox 2618 3964 2696 4027; x_wconf 82' lang='grc' dir='ltr'><strong>ὡς</strong></span> <span class='ocrx_word' id='word_1_608' title='bbox 2734 3960 2831 4016; x_wconf 74' lang='grc' dir='ltr'>καὶ</span> <span class='ocrx_word' id='word_1_609' title='bbox 2875 3960 3021 4033; x_wconf 76' lang='grc' dir='ltr'>ἀμφὶ</span> <span class='ocrx_word' id='word_1_610' title='bbox 3065 3959 3412 4014; x_wconf 82' lang='grc' dir='ltr'>Μελαντιάδα</span> <span class='ocrx_word' id='word_1_611' title='bbox 3451 3957 3473 3991; x_wconf 86' lang='grc'><em>³</em></span> <span class='ocrx_word' id='word_1_612' title='bbox 3498 3955 3592 4027; x_wconf 81' lang='grc' dir='ltr'><strong>τὴν</strong></span> <span class='ocrx_word' id='word_1_613' title='bbox 3618 3952 3775 4021; x_wconf 84' lang='grc' dir='ltr'>κώμην</span> 
     </span>
    </p>
   </div>
   <div class='ocr_carea' id='block_1_84' title="bbox 2236 4043 3773 4127">
    <p class='ocr_par' dir='ltr' id='par_1_84' title="bbox 2236 4043 3773 4127">
     <span class='ocr_line' id='line_1_84' title="bbox 2236 4043 3773 4127; baseline -0.009 -17"><span class='ocrx_word' id='word_1_614' title='bbox 2236 4051 2841 4127; x_wconf 83' lang='grc' dir='ltr'>στρατοπεδεύσασθαι,·</span> <span class='ocrx_word' id='word_1_615' title='bbox 2876 4049 2939 4104; x_wconf 82' lang='grc' dir='ltr'>οὐ</span> <span class='ocrx_word' id='word_1_616' title='bbox 2985 4048 3167 4121; x_wconf 87' lang='grc' dir='ltr'>πολλῷ</span> <span class='ocrx_word' id='word_1_617' title='bbox 3211 4049 3320 4120; x_wconf 85' lang='grc' dir='ltr'>τῆς</span> <span class='ocrx_word' id='word_1_618' title='bbox 3356 4046 3556 4109; x_wconf 82' lang='grc' dir='ltr'>πόλεως</span> <span class='ocrx_word' id='word_1_619' title='bbox 3595 4043 3773 4110; x_wconf 79' lang='grc' dir='ltr'>διεστη-</span> 
     </span>
    </p>
   </div>
   <div class='ocr_carea' id='block_1_85' title="bbox 2235 4135 3773 4220">
    <p class='ocr_par' dir='ltr' id='par_1_85' title="bbox 2235 4135 3773 4220">
     <span class='ocr_line' id='line_1_85' title="bbox 2235 4135 3773 4220; baseline -0.011 -18"><span class='ocrx_word' id='word_1_620' title='bbox 2235 4150 2414 4214; x_wconf 81' lang='grc' dir='ltr'>κυῐαν,</span> <span class='ocrx_word' id='word_1_621' title='bbox 2441 4148 2524 4202; x_wconf 84' lang='grc' dir='ltr'>ὅτι</span> <span class='ocrx_word' id='word_1_622' title='bbox 2551 4146 2627 4219; x_wconf 86' lang='grc' dir='ltr'>μὴ</span> <span class='ocrx_word' id='word_1_623' title='bbox 2646 4145 3059 4220; x_wconf 86' lang='grc' dir='ltr'>τεσσαράκοντα</span> <span class='ocrx_word' id='word_1_624' title='bbox 3085 4142 3181 4197; x_wconf 77' lang='grc' dir='ltr'>καὶ</span> <span class='ocrx_word' id='word_1_625' title='bbox 3201 4142 3400 4198; x_wconf 77' lang='grc' dir='ltr'>ἑκατόν</span> <span class='ocrx_word' id='word_1_626' title='bbox 3420 4157 3520 4194; x_wconf 90' lang='grc' dir='ltr'><strong>που</strong></span> <span class='ocrx_word' id='word_1_627' title='bbox 3547 4135 3773 4195; x_wconf 82' lang='grc' dir='ltr'>σταδίους.</span> 
     </span>
    </p>
   </div>
   <div class='ocr_carea' id='block_1_86' title="bbox 2234 4226 3774 4312">
    <p class='ocr_par' dir='ltr' id='par_1_86' title="bbox 2234 4226 3774 4312">
     <span class='ocr_line' id='line_1_86' title="bbox 2234 4226 3774 4312; baseline -0.011 -18"><span class='ocrx_word' id='word_1_628' title='bbox 2234 4241 2523 4312; x_wconf 79' lang='grc' dir='ltr'>Παραρῤεἶ</span> <span class='ocrx_word' id='word_1_629' title='bbox 2548 4240 2569 4273; x_wconf 82' lang='grc'>⁸</span> <span class='ocrx_word' id='word_1_630' title='bbox 2592 4239 2649 4292; x_wconf 83' lang='grc' dir='ltr'>δὲ</span> <span class='ocrx_word' id='word_1_631' title='bbox 2683 4238 2856 4308; x_wconf 84' lang='grc' dir='ltr'>αὐτὴν</span> <span class='ocrx_word' id='word_1_632' title='bbox 2894 4234 3127 4308; x_wconf 83' lang='grc' dir='ltr'>’Δθύρας</span> <span class='ocrx_word' id='word_1_633' title='bbox 3159 4234 3428 4306; x_wconf 81' lang='grc' dir='ltr'>ποταμὸς,</span> <span class='ocrx_word' id='word_1_634' title='bbox 3458 4232 3516 4297; x_wconf 77' lang='grc' dir='ltr'>ὃς</span> <span class='ocrx_word' id='word_1_635' title='bbox 3540 4231 3601 4300; x_wconf 80' lang='grc' dir='ltr'>δὴ</span> <span class='ocrx_word' id='word_1_636' title='bbox 3629 4226 3774 4293; x_wconf 83' lang='grc' dir='ltr'>ὀλίγον</span> 
     </span>
    </p>
   </div>
   <div class='ocr_carea' id='block_1_87' title="bbox 2232 4317 3772 4403">
    <p class='ocr_par' dir='ltr' id='par_1_87' title="bbox 2232 4317 3772 4403">
     <span class='ocr_line' id='line_1_87' title="bbox 2232 4317 3772 4403; baseline -0.01 -19"><span class='ocrx_word' id='word_1_637' title='bbox 2232 4348 2286 4385; x_wconf 90' lang='grc' dir='ltr'><strong>τι</strong></span> <span class='ocrx_word' id='word_1_638' title='bbox 2309 4329 2588 4403; x_wconf 88' lang='grc' dir='ltr'>προελθὼν</span> <span class='ocrx_word' id='word_1_639' title='bbox 2618 4328 2712 4383; x_wconf 78' lang='grc' dir='ltr'>καὶ</span> <span class='ocrx_word' id='word_1_640' title='bbox 2733 4328 2826 4381; x_wconf 68' lang='grc' dir='ltr'>ἐπὶ</span> <span class='ocrx_word' id='word_1_641' title='bbox 2852 4328 3055 4397; x_wconf 79' lang='grc' dir='ltr'>ἄνεμον</span> <span class='ocrx_word' id='word_1_642' title='bbox 3087 4322 3311 4380; x_wconf 88' lang='grc' dir='ltr'>καικίαν</span> <span class='ocrx_word' id='word_1_643' title='bbox 3335 4325 3512 4395; x_wconf 78' lang='grc' dir='ltr'>ἠρέμα</span> <span class='ocrx_word' id='word_1_644' title='bbox 3540 4317 3772 4377; x_wconf 81' lang='grc' dir='ltr'>ἐκκλίνας.</span> 
     </span>
    </p>
   </div>
   <div class='ocr_carea' id='block_1_88' title="bbox 546 4403 2126 4494">
    <p class='ocr_par' dir='ltr' id='par_1_88' title="bbox 546 4414 2126 4488">
     <span class='ocr_line' id='line_1_88' title="bbox 546 4414 2126 4488; baseline 0.001 -18"><span class='ocrx_word' id='word_1_645' title='bbox 546 4425 722 4470; x_wconf 86' lang='lat' dir='ltr'><strong>autem</strong></span> <span class='ocrx_word' id='word_1_646' title='bbox 748 4417 897 4471; x_wconf 87' lang='lat' dir='ltr'><strong>hunc</strong></span> <span class='ocrx_word' id='word_1_647' title='bbox 916 4417 1155 4488; x_wconf 86' lang='lat' dir='ltr'><strong>Athyras</strong></span> <span class='ocrx_word' id='word_1_648' title='bbox 1176 4414 1395 4486; x_wconf 81' lang='lat' dir='ltr'><strong>ﬂuvius,</strong></span> <span class='ocrx_word' id='word_1_649' title='bbox 1419 4417 1513 4487; x_wconf 91' lang='lat' dir='ltr'><strong>qui</strong></span> <span class='ocrx_word' id='word_1_650' title='bbox 1540 4414 1761 4486; x_wconf 82' lang='lat' dir='ltr'><strong>quidem</strong></span> <span class='ocrx_word' id='word_1_651' title='bbox 1786 4415 1855 4470; x_wconf 87' lang='lat' dir='ltr'><strong>ad</strong></span> <span class='ocrx_word' id='word_1_652' title='bbox 1874 4415 2126 4486; x_wconf 83' lang='lat' dir='ltr'><strong>exiguum</strong></span> 
     </span>
    </p>
   </div>
   <div class='ocr_carea' id='block_1_89' title="bbox 2228 4403 3772 4494">
    <p class='ocr_par' dir='ltr' id='par_1_89' title="bbox 2232 4403 3772 4494">
     <span class='ocr_line' id='line_1_89' title="bbox 2232 4403 3772 4494; baseline -0.012 -17"><span class='ocrx_word' id='word_1_653' title='bbox 2232 4424 2292 4487; x_wconf 86' lang='grc' dir='ltr'><strong>ἐς</strong></span> <span class='ocrx_word' id='word_1_654' title='bbox 2342 4420 2443 4494; x_wconf 80' lang='grc' dir='ltr'>τὴν</span> <span class='ocrx_word' id='word_1_655' title='bbox 2493 4419 2834 4491; x_wconf 86' lang='grc' dir='ltr'>Προποντίδα</span> <span class='ocrx_word' id='word_1_656' title='bbox 2877 4417 2972 4472; x_wconf 83' lang='grc' dir='ltr'>τὸν</span> <span class='ocrx_word' id='word_1_657' title='bbox 3014 4416 3141 4489; x_wconf 79' lang='grc' dir='ltr'>ῥοῦν</span> <span class='ocrx_word' id='word_1_658' title='bbox 3170 4414 3556 4488; x_wconf 73' lang='grc' dir='ltr'>ἀπερεύγεταιο</span> <span class='ocrx_word' id='word_1_659' title='bbox 3598 4408 3703 4464; x_wconf 85' lang='grc' dir='ltr'>ὅθεν</span> <span class='ocrx_word' id='word_1_660' title='bbox 3723 4403 3772 4473; x_wconf 79' lang='grc' dir='ltr'>δὴ</span> 
     </span>
    </p>
   </div>
   <div class='ocr_carea' id='block_1_90' title="bbox 540 4505 2126 4582">
    <p class='ocr_par' dir='ltr' id='par_1_90' title="bbox 540 4507 2126 4580">
     <span class='ocr_line' id='line_1_90' title="bbox 540 4507 2126 4580; baseline 0.003 -21"><span class='ocrx_word' id='word_1_661' title='bbox 540 4508 814 4576; x_wconf 83' lang='lat' dir='ltr'><strong>quoddam</strong></span> <span class='ocrx_word' id='word_1_662' title='bbox 836 4509 1071 4578; x_wconf 89' lang='lat' dir='ltr'><strong>spatium</strong></span> <span class='ocrx_word' id='word_1_663' title='bbox 1093 4523 1440 4580; x_wconf 84' lang='lat' dir='ltr'><strong>progressus,</strong></span> <span class='ocrx_word' id='word_1_664' title='bbox 1466 4517 1520 4564; x_wconf 82' lang='lat' dir='ltr'><strong>et</strong></span> <span class='ocrx_word' id='word_1_665' title='bbox 1539 4508 1607 4564; x_wconf 88' lang='lat' dir='ltr'><strong>ad</strong></span> <span class='ocrx_word' id='word_1_666' title='bbox 1630 4507 1867 4564; x_wconf 85' lang='lat' dir='ltr'><strong>Caeciam</strong></span> <span class='ocrx_word' id='word_1_667' title='bbox 1886 4517 2126 4574; x_wconf 86' lang='lat' dir='ltr'><strong>ventum,</strong></span> 
     </span>
    </p>
   </div>
   <div class='ocr_carea' id='block_1_91' title="bbox 2228 4505 3773 4582">
    <p class='ocr_par' dir='ltr' id='par_1_91' title="bbox 2234 4505 3773 4582">
     <span class='ocr_line' id='line_1_91' title="bbox 2234 4505 3773 4582; baseline -0.012 -14"><span class='ocrx_word' id='word_1_668' title='bbox 2234 4514 2330 4569; x_wconf 78' lang='grc' dir='ltr'>καὶ</span> <span class='ocrx_word' id='word_1_669' title='bbox 2361 4512 2383 4545; x_wconf 74' lang='grc'><strong>⁷</strong></span> <span class='ocrx_word' id='word_1_670' title='bbox 2414 4513 2478 4566; x_wconf 84' lang='grc' dir='ltr'>τὸ</span> <span class='ocrx_word' id='word_1_671' title='bbox 2513 4511 2651 4582; x_wconf 77' lang='grc' dir='ltr'>πρὸς</span> <span class='ocrx_word' id='word_1_672' title='bbox 2678 4513 2744 4582; x_wconf 77' lang='grc' dir='ltr'>τῇ</span> <span class='ocrx_word' id='word_1_673' title='bbox 2781 4510 2923 4579; x_wconf 77' lang='grc' dir='ltr'>ἀκτῇ</span> <span class='ocrx_word' id='word_1_674' title='bbox 2954 4508 3051 4561; x_wconf 68' lang='grc' dir='ltr'>καὶ</span> <span class='ocrx_word' id='word_1_675' title='bbox 3071 4508 3193 4571; x_wconf 80' lang='grc' dir='ltr'>ταῖς</span> <span class='ocrx_word' id='word_1_676' title='bbox 3226 4505 3473 4569; x_wconf 79' lang='grc' dir='ltr'>ἐκϐολαῖς</span> <span class='ocrx_word' id='word_1_677' title='bbox 3506 4512 3773 4573; x_wconf 83' lang='grc' dir='ltr'>παρατετα-</span> 
     </span>
    </p>
   </div>
   <div class='ocr_carea' id='block_1_92' title="bbox 540 4587 2126 4675">
    <p class='ocr_par' dir='ltr' id='par_1_92' title="bbox 540 4598 2126 4672">
     <span class='ocr_line' id='line_1_92' title="bbox 540 4598 2126 4672; baseline 0.003 -19"><span class='ocrx_word' id='word_1_678' title='bbox 540 4600 746 4655; x_wconf 85' lang='lat' dir='ltr'><strong>sensim</strong></span> <span class='ocrx_word' id='word_1_679' title='bbox 787 4614 848 4655; x_wconf 88' lang='lat' dir='ltr'><strong>se</strong></span> <span class='ocrx_word' id='word_1_680' title='bbox 885 4598 1107 4656; x_wconf 90' lang='lat' dir='ltr'><strong>ﬂectens</strong></span> <span class='ocrx_word' id='word_1_681' title='bbox 1152 4600 1207 4655; x_wconf 93' lang='lat' dir='ltr'><strong>in</strong></span> <span class='ocrx_word' id='word_1_682' title='bbox 1259 4599 1649 4672; x_wconf 87' lang='lat' dir='ltr'><strong>Propontidem</strong></span> <span class='ocrx_word' id='word_1_683' title='bbox 1692 4599 1900 4668; x_wconf 84' lang='lat' dir='ltr'><strong>fertur;</strong></span> <span class='ocrx_word' id='word_1_684' title='bbox 1943 4600 2126 4668; x_wconf 84' lang='lat' dir='ltr'><strong>unde,</strong></span> 
     </span>
    </p>
   </div>
   <div class='ocr_carea' id='block_1_93' title="bbox 2228 4587 3769 4675">
    <p class='ocr_par' dir='ltr' id='par_1_93' title="bbox 2240 4587 3769 4675">
     <span class='ocr_line' id='line_1_93' title="bbox 2240 4587 3769 4675; baseline -0.013 -17"><span class='ocrx_word' id='word_1_685' title='bbox 2240 4603 2403 4675; x_wconf 78' lang='grc' dir='ltr'>μένον</span> <span class='ocrx_word' id='word_1_686' title='bbox 2431 4601 2691 4665; x_wconf 90' lang='grc' dir='ltr'>ἐπίνειον,</span> <span class='ocrx_word' id='word_1_687' title='bbox 2740 4599 2840 4670; x_wconf 80' lang='grc' dir='ltr'>τὴν</span> <span class='ocrx_word' id='word_1_688' title='bbox 2897 4596 3110 4652; x_wconf 89' lang='grc' dir='ltr'>ἐκείνου</span> <span class='ocrx_word' id='word_1_689' title='bbox 3155 4596 3384 4666; x_wconf 82' lang='grc' dir='ltr'>φέρεται</span> <span class='ocrx_word' id='word_1_690' title='bbox 3429 4587 3769 4665; x_wconf 82' lang='grc' dir='ltr'>προσηγορίαν.</span> 
     </span>
    </p>
   </div>
   <div class='ocr_carea' id='block_1_94' title="bbox 539 4680 2126 4767">
    <p class='ocr_par' dir='ltr' id='par_1_94' title="bbox 539 4691 2126 4767">
     <span class='ocr_line' id='line_1_94' title="bbox 539 4691 2126 4767; baseline 0.002 -21"><span class='ocrx_word' id='word_1_691' title='bbox 539 4701 594 4746; x_wconf 89' lang='lat' dir='ltr'><strong>et</strong></span> <span class='ocrx_word' id='word_1_692' title='bbox 622 4691 766 4761; x_wconf 83' lang='lat' dir='ltr'><strong>quod</strong></span> <span class='ocrx_word' id='word_1_693' title='bbox 795 4692 862 4748; x_wconf 89' lang='lat' dir='ltr'><strong>ad</strong></span> <span class='ocrx_word' id='word_1_694' title='bbox 886 4693 1042 4748; x_wconf 91' lang='lat' dir='ltr'><strong>littus</strong></span> <span class='ocrx_word' id='word_1_695' title='bbox 1073 4693 1303 4763; x_wconf 85' lang='lat' dir='ltr'><strong>ejusque</strong></span> <span class='ocrx_word' id='word_1_696' title='bbox 1321 4692 1567 4750; x_wconf 92' lang='lat' dir='ltr'><strong>ﬂuminis</strong></span> <span class='ocrx_word' id='word_1_697' title='bbox 1594 4692 1781 4767; x_wconf 79' lang='lat' dir='ltr'><strong>fauces</strong></span> <span class='ocrx_word' id='word_1_698' title='bbox 1808 4702 2126 4764; x_wconf 89' lang='lat' dir='ltr'><strong>protensum</strong></span> 
     </span>
    </p>
   </div>
   <div class='ocr_carea' id='block_1_95' title="bbox 2228 4680 3768 4767">
    <p class='ocr_par' dir='ltr' id='par_1_95' title="bbox 2236 4680 3768 4760">
     <span class='ocr_line' id='line_1_95' title="bbox 2236 4680 3768 4760; baseline -0.007 -9"><span class='ocrx_word' id='word_1_699' title='bbox 2236 4695 2394 4751; x_wconf 72' lang='grc' dir='ltr'>Οὕτω</span> <span class='ocrx_word' id='word_1_700' title='bbox 2437 4693 2497 4760; x_wconf 26' lang='grc' dir='ltr'>δὲ,</span> <span class='ocrx_word' id='word_1_701' title='bbox 2528 4692 2638 4746; x_wconf 86' lang='grc' dir='ltr'><strong>τῶν</strong></span> <span class='ocrx_word' id='word_1_702' title='bbox 2668 4690 2944 4759; x_wconf 86' lang='grc' dir='ltr'>πολεμίων</span> <span class='ocrx_word' id='word_1_703' title='bbox 2991 4690 3067 4754; x_wconf 87' lang='grc' dir='ltr'><strong>ὡς</strong></span> <span class='ocrx_word' id='word_1_704' title='bbox 3099 4688 3378 4758; x_wconf 87' lang='grc' dir='ltr'>ἐγγύτατα</span> <span class='ocrx_word' id='word_1_705' title='bbox 3428 4680 3768 4754; x_wconf 70' lang='grc' dir='ltr'>αύλιζομὲνωνν</span> 
     </span>
    </p>
   </div>
   <div class='ocr_carea' id='block_1_96' title="bbox 540 4768 2126 4857">
    <p class='ocr_par' dir='ltr' id='par_1_96' title="bbox 540 4785 2126 4857">
     <span class='ocr_line' id='line_1_96' title="bbox 540 4785 2126 4857; baseline 0.003 -18"><span class='ocrx_word' id='word_1_706' title='bbox 540 4791 626 4839; x_wconf 87' lang='lat' dir='ltr'><strong>est</strong></span> <span class='ocrx_word' id='word_1_707' title='bbox 673 4785 907 4852; x_wconf 88' lang='lat' dir='ltr'><strong>navale,</strong></span> <span class='ocrx_word' id='word_1_708' title='bbox 952 4785 1003 4841; x_wconf 89' lang='lat' dir='ltr'><strong>ei</strong></span> <span class='ocrx_word' id='word_1_709' title='bbox 1055 4796 1140 4842; x_wconf 90' lang='lat' dir='ltr'><strong>est</strong></span> <span class='ocrx_word' id='word_1_710' title='bbox 1182 4787 1530 4857; x_wconf 83' lang='lat' dir='ltr'><strong>cognomine.</strong></span> <span class='ocrx_word' id='word_1_711' title='bbox 1574 4787 1713 4843; x_wconf 86' lang='lat' dir='ltr'><strong>Cum</strong></span> <span class='ocrx_word' id='word_1_712' title='bbox 1759 4787 1945 4857; x_wconf 87' lang='lat' dir='ltr'><strong>itaque</strong></span> <span class='ocrx_word' id='word_1_713' title='bbox 1991 4787 2126 4844; x_wconf 89' lang='lat' dir='ltr'><strong>adeo</strong></span> 
     </span>
    </p>
   </div>
   <div class='ocr_carea' id='block_1_97' title="bbox 2228 4768 3770 4857">
    <p class='ocr_par' dir='ltr' id='par_1_97' title="bbox 2234 4768 3770 4855">
     <span class='ocr_line' id='line_1_97' title="bbox 2234 4768 3770 4855; baseline -0.017 -12"><span class='ocrx_word' id='word_1_714' title='bbox 2234 4789 2397 4852; x_wconf 81' lang='grc' dir='ltr'>εὐθὺς</span> <span class='ocrx_word' id='word_1_715' title='bbox 2433 4785 2537 4842; x_wconf 69' lang='grc' dir='ltr'>ἀνὰ</span> <span class='ocrx_word' id='word_1_716' title='bbox 2558 4785 2620 4839; x_wconf 80' lang='grc' dir='ltr'>τὸ</span> <span class='ocrx_word' id='word_1_717' title='bbox 2653 4785 2950 4850; x_wconf 79' lang='grc' dir='ltr'>Βυζάντιον</span> <span class='ocrx_word' id='word_1_718' title='bbox 2977 4782 3048 4837; x_wconf 91' lang='grc' dir='ltr'><strong>τά</strong></span> <span class='ocrx_word' id='word_1_719' title='bbox 3075 4782 3256 4855; x_wconf 76' lang='grc' dir='ltr'>πλήθη</span> <span class='ocrx_word' id='word_1_720' title='bbox 3285 4780 3393 4834; x_wconf 86' lang='grc' dir='ltr'><strong>τῶν</strong></span> <span class='ocrx_word' id='word_1_721' title='bbox 3420 4776 3588 4835; x_wconf 84' lang='grc' dir='ltr'>ἀστῶν</span> <span class='ocrx_word' id='word_1_722' title='bbox 3617 4768 3770 4826; x_wconf 80' lang='grc' dir='ltr'>ἐδεδίει</span> 
     </span>
    </p>
   </div>
   <div class='ocr_carea' id='block_1_98' title="bbox 542 4870 2126 4950">
    <p class='ocr_par' dir='ltr' id='par_1_98' title="bbox 542 4873 2126 4946">
     <span class='ocr_line' id='line_1_98' title="bbox 542 4873 2126 4946; baseline 0.001 -19"><span class='ocrx_word' id='word_1_723' title='bbox 542 4889 712 4945; x_wconf 86' lang='lat' dir='ltr'><strong>prope</strong></span> <span class='ocrx_word' id='word_1_724' title='bbox 746 4873 936 4929; x_wconf 86' lang='lat' dir='ltr'><strong>urbem</strong></span> <span class='ocrx_word' id='word_1_725' title='bbox 971 4874 1159 4931; x_wconf 88' lang='lat' dir='ltr'><strong>hostes</strong></span> <span class='ocrx_word' id='word_1_726' title='bbox 1186 4883 1367 4931; x_wconf 89' lang='lat' dir='ltr'><strong>castra</strong></span> <span class='ocrx_word' id='word_1_727' title='bbox 1418 4875 1763 4945; x_wconf 89' lang='lat' dir='ltr'><strong>posuissent,</strong></span> <span class='ocrx_word' id='word_1_728' title='bbox 1794 4875 1979 4930; x_wconf 83' lang='lat' dir='ltr'><strong>statim</strong></span> <span class='ocrx_word' id='word_1_729' title='bbox 2017 4873 2126 4946; x_wconf 55' lang='grc' dir='ltr'><strong>ΒΥ-</strong></span> 
     </span>
    </p>
   </div>
   <div class='ocr_carea' id='block_1_99' title="bbox 2228 4870 3769 4950">
    <p class='ocr_par' dir='ltr' id='par_1_99' title="bbox 2234 4870 3769 4950">
     <span class='ocr_line' id='line_1_99' title="bbox 2234 4870 3769 4950; baseline -0.014 -14"><span class='ocrx_word' id='word_1_730' title='bbox 2234 4884 2330 4936; x_wconf 72' lang='lat' dir='ltr'><strong>ml.</strong></span> <span class='ocrx_word' id='word_1_731' title='bbox 2363 4877 2807 4950; x_wconf 84' lang='grc' dir='ltr'>κατεπέπληκτο,</span> <span class='ocrx_word' id='word_1_732' title='bbox 2837 4877 2932 4931; x_wconf 78' lang='grc' dir='ltr'>καὶ</span> <span class='ocrx_word' id='word_1_733' title='bbox 2964 4877 3034 4931; x_wconf 88' lang='grc' dir='ltr'><strong>τά</strong></span> <span class='ocrx_word' id='word_1_734' title='bbox 3060 4874 3209 4931; x_wconf 89' lang='grc' dir='ltr'>δεινά</span> <span class='ocrx_word' id='word_1_735' title='bbox 3231 4876 3294 4929; x_wconf 83' lang='grc' dir='ltr'>οὐ</span> <span class='ocrx_word' id='word_1_736' title='bbox 3325 4873 3480 4946; x_wconf 84' lang='grc' dir='ltr'>μόνον</span> <span class='ocrx_word' id='word_1_737' title='bbox 3499 4870 3642 4921; x_wconf 87' lang='grc' dir='ltr'><strong>όποία</strong></span> <span class='ocrx_word' id='word_1_738' title='bbox 3662 4875 3769 4930; x_wconf 78' lang='grc' dir='ltr'>παρ·</span> 
     </span>
    </p>
   </div>
   <div class='ocr_carea' id='block_1_100' title="bbox 542 4955 2126 5043">
    <p class='ocr_par' dir='ltr' id='par_1_100' title="bbox 542 4963 2121 5036">
     <span class='ocr_line' id='line_1_100' title="bbox 542 4963 2121 5036; baseline 0.002 -19"><span class='ocrx_word' id='word_1_739' title='bbox 542 4965 892 5019; x_wconf 82' lang='lat' dir='ltr'><strong>zautinorum</strong></span> <span class='ocrx_word' id='word_1_740' title='bbox 927 4964 1130 5019; x_wconf 89' lang='lat' dir='ltr'><strong>civium</strong></span> <span class='ocrx_word' id='word_1_741' title='bbox 1159 4963 1449 5020; x_wconf 89' lang='lat' dir='ltr'><strong>multitudo</strong></span> <span class='ocrx_word' id='word_1_742' title='bbox 1488 4963 1693 5036; x_wconf 86' lang='lat' dir='ltr'><strong>ingenti</strong></span> <span class='ocrx_word' id='word_1_743' title='bbox 1729 4972 1875 5020; x_wconf 91' lang='lat' dir='ltr'><strong>metu</strong></span> <span class='ocrx_word' id='word_1_744' title='bbox 1916 4979 1983 5020; x_wconf 91' lang='lat' dir='ltr'><strong>ac</strong></span> <span class='ocrx_word' id='word_1_745' title='bbox 2013 4974 2121 5020; x_wconf 89' lang='lat' dir='ltr'><strong>ter-</strong></span> 
     </span>
    </p>
   </div>
   <div class='ocr_carea' id='block_1_101' title="bbox 2228 4955 3769 5043">
    <p class='ocr_par' dir='ltr' id='par_1_101' title="bbox 2232 4955 3769 5043">
     <span class='ocr_line' id='line_1_101' title="bbox 2232 4955 3769 5043; baseline -0.014 -16"><span class='ocrx_word' id='word_1_746' title='bbox 2232 4973 2322 5043; x_wconf 81' lang='grc' dir='ltr'>ἦν,</span> <span class='ocrx_word' id='word_1_747' title='bbox 2352 4971 2471 5025; x_wconf 79' lang='grc' dir='ltr'>ἀλλ’</span> <span class='ocrx_word' id='word_1_748' title='bbox 2492 4969 2572 5024; x_wconf 75' lang='grc' dir='ltr'><strong>ἐτι</strong></span> <span class='ocrx_word' id='word_1_749' title='bbox 2602 4970 2827 5041; x_wconf 83' lang='grc' dir='ltr'>μείζονα</span> <span class='ocrx_word' id='word_1_750' title='bbox 2846 4966 3168 5032; x_wconf 80' lang='grc' dir='ltr'>διενοοῦντο,</span> <span class='ocrx_word' id='word_1_751' title='bbox 3199 4962 3508 5036; x_wconf 85' lang='grc' dir='ltr'>πολιορκίας</span> <span class='ocrx_word' id='word_1_752' title='bbox 3531 4975 3586 5012; x_wconf 85' lang='grc' dir='ltr'><strong>τε</strong></span> <span class='ocrx_word' id='word_1_753' title='bbox 3604 4955 3769 5022; x_wconf 69' lang='grc' dir='ltr'>ὀνειροο</span> 
     </span>
    </p>
   </div>
   <div class='ocr_carea' id='block_1_102' title="bbox 544 5045 2126 5135">
    <p class='ocr_par' dir='ltr' id='par_1_102' title="bbox 544 5057 2121 5129">
     <span class='ocr_line' id='line_1_102' title="bbox 544 5057 2121 5129; baseline 0.001 -17"><span class='ocrx_word' id='word_1_754' title='bbox 544 5073 668 5114; x_wconf 92' lang='lat' dir='ltr'><strong>rore</strong></span> <span class='ocrx_word' id='word_1_755' title='bbox 691 5066 775 5114; x_wconf 90' lang='lat' dir='ltr'><strong>est</strong></span> <span class='ocrx_word' id='word_1_756' title='bbox 815 5057 1059 5129; x_wconf 87' lang='lat' dir='ltr'><strong>perculsa</strong></span> <span class='ocrx_word' id='word_1_757' title='bbox 1095 5066 1152 5112; x_wconf 78' lang='lat' dir='ltr'><strong>et</strong></span> <span class='ocrx_word' id='word_1_758' title='bbox 1178 5058 1321 5113; x_wconf 87' lang='lat' dir='ltr'><strong>mala</strong></span> <span class='ocrx_word' id='word_1_759' title='bbox 1349 5073 1448 5114; x_wconf 90' lang='lat' dir='ltr'><strong>sua</strong></span> <span class='ocrx_word' id='word_1_760' title='bbox 1468 5099 1483 5122; x_wconf 90' lang='lat'><strong>,</strong></span> <span class='ocrx_word' id='word_1_761' title='bbox 1513 5071 1622 5112; x_wconf 91' lang='lat' dir='ltr'><strong>non</strong></span> <span class='ocrx_word' id='word_1_762' title='bbox 1646 5057 1829 5127; x_wconf 89' lang='lat' dir='ltr'><strong>qualia</strong></span> <span class='ocrx_word' id='word_1_763' title='bbox 1855 5057 1970 5128; x_wconf 83' lang='lat' dir='ltr'><strong>jam</strong></span> <span class='ocrx_word' id='word_1_764' title='bbox 2010 5074 2121 5128; x_wconf 81' lang='lat' dir='ltr'><strong>prae</strong></span> 
     </span>
    </p>
   </div>
   <div class='ocr_carea' id='block_1_103' title="bbox 2228 5045 3766 5135">
    <p class='ocr_par' dir='ltr' id='par_1_103' title="bbox 2228 5045 3766 5135">
     <span class='ocr_line' id='line_1_103' title="bbox 2228 5045 3766 5135; baseline -0.01 -16"><span class='ocrx_word' id='word_1_765' title='bbox 2228 5064 2519 5128; x_wconf 80' lang='grc' dir='ltr'>πολοῦντες</span> <span class='ocrx_word' id='word_1_766' title='bbox 2549 5063 2644 5117; x_wconf 76' lang='grc' dir='ltr'>καὶ</span> <span class='ocrx_word' id='word_1_767' title='bbox 2666 5063 2972 5135; x_wconf 77' lang='grc' dir='ltr'>ἐμπρήσεις</span> <span class='ocrx_word' id='word_1_768' title='bbox 3011 5059 3109 5115; x_wconf 80' lang='grc' dir='ltr'>καὶ</span> <span class='ocrx_word' id='word_1_769' title='bbox 3139 5062 3336 5115; x_wconf 83' lang='grc' dir='ltr'>σπάνιν</span> <span class='ocrx_word' id='word_1_770' title='bbox 3358 5057 3462 5111; x_wconf 80' lang='grc' dir='ltr'><strong>τῶν</strong></span> <span class='ocrx_word' id='word_1_771' title='bbox 3485 5045 3766 5118; x_wconf 74' lang='grc' dir='ltr'>ἀναγκαίων.</span> 
     </span>
    </p>
   </div>
   <div class='ocr_carea' id='block_1_104' title="bbox 541 5135 2126 5229">
    <p class='ocr_par' dir='ltr' id='par_1_104' title="bbox 541 5149 2116 5221">
     <span class='ocr_line' id='line_1_104' title="bbox 541 5149 2116 5221; baseline 0.001 -16"><span class='ocrx_word' id='word_1_772' title='bbox 541 5150 719 5207; x_wconf 91' lang='lat' dir='ltr'><strong>oculis</strong></span> <span class='ocrx_word' id='word_1_773' title='bbox 763 5158 959 5218; x_wconf 90' lang='lat' dir='ltr'><strong>erant,</strong></span> <span class='ocrx_word' id='word_1_774' title='bbox 1006 5150 1102 5207; x_wconf 86' lang='lat' dir='ltr'><strong>sed</strong></span> <span class='ocrx_word' id='word_1_775' title='bbox 1144 5151 1305 5221; x_wconf 84' lang='lat' dir='ltr'><strong>longe</strong></span> <span class='ocrx_word' id='word_1_776' title='bbox 1335 5149 1544 5221; x_wconf 89' lang='lat' dir='ltr'><strong>majora</strong></span> <span class='ocrx_word' id='word_1_777' title='bbox 1584 5149 1771 5204; x_wconf 89' lang='lat' dir='ltr'><strong>animo</strong></span> <span class='ocrx_word' id='word_1_778' title='bbox 1801 5149 2116 5220; x_wconf 82' lang='lat' dir='ltr'><strong>agitabant,</strong></span> 
     </span>
    </p>
   </div>
   <div class='ocr_carea' id='block_1_105' title="bbox 2228 5135 3767 5229">
    <p class='ocr_par' dir='ltr' id='par_1_105' title="bbox 2228 5135 3767 5229">
     <span class='ocr_line' id='line_1_105' title="bbox 2228 5135 3767 5229; baseline -0.012 -17"><span class='ocrx_word' id='word_1_779' title='bbox 2228 5157 2324 5212; x_wconf 74' lang='grc' dir='ltr'>καὶ</span> <span class='ocrx_word' id='word_1_780' title='bbox 2364 5155 2678 5229; x_wconf 75' lang='grc' dir='ltr'>διαρῥήξεις</span> <span class='ocrx_word' id='word_1_781' title='bbox 2718 5154 2812 5210; x_wconf 81' lang='grc' dir='ltr'><strong>τοῦ</strong></span> <span class='ocrx_word' id='word_1_782' title='bbox 2861 5151 3173 5226; x_wconf 71' lang='grc' dir='ltr'>περιϐόλου.</span> <span class='ocrx_word' id='word_1_783' title='bbox 3226 5149 3509 5221; x_wconf 80' lang='grc' dir='ltr'>Τοιγάρτοι</span> <span class='ocrx_word' id='word_1_784' title='bbox 3555 5135 3767 5196; x_wconf 80' lang='grc' dir='ltr'>πολλάκις</span> 
     </span>
    </p>
   </div>
   <div class='ocr_carea' id='block_1_106' title="bbox 1086 5358 2532 5417">
    <p class='ocr_par' dir='ltr' id='par_1_106' title="bbox 1086 5358 2532 5417">
     <span class='ocr_line' id='line_1_106' title="bbox 1086 5358 2532 5417; baseline -0.001 -3"><span class='ocrx_word' id='word_1_785' title='bbox 1086 5370 1117 5375; x_wconf 76' lang='grc'><em>“</em></span> <span class='ocrx_word' id='word_1_786' title='bbox 1862 5359 2093 5416; x_wconf 72' lang='grc' dir='ltr'><strong>νΑΒῐᾹΞ</strong></span> <span class='ocrx_word' id='word_1_787' title='bbox 2128 5358 2532 5417; x_wconf 81' lang='lat' dir='ltr'><strong>LECTIONES.</strong></span> 
     </span>
    </p>
   </div>
   <div class='ocr_carea' id='block_1_107' title="bbox 638 5514 3755 5630">
    <p class='ocr_par' dir='ltr' id='par_1_107' title="bbox 638 5514 3755 5630">
     <span class='ocr_line' id='line_1_107' title="bbox 638 5514 3755 5607; baseline 0.001 -21"><span class='ocrx_word' id='word_1_788' title='bbox 638 5530 684 5563; x_wconf 82' lang='lat'>”</span> <span class='ocrx_word' id='word_1_789' title='bbox 713 5531 808 5586; x_wconf 71' lang='lat' dir='ltr'><strong>mi.</strong></span> <span class='ocrx_word' id='word_1_790' title='bbox 831 5530 956 5587; x_wconf 82' lang='lat' dir='ltr'><strong>add.</strong></span> <span class='ocrx_word' id='word_1_791' title='bbox 990 5548 1057 5588; x_wconf 85' lang='lat' dir='ltr'><strong>ex</strong></span> <span class='ocrx_word' id='word_1_792' title='bbox 1111 5531 1177 5586; x_wconf 72' lang='grc' dir='ltr'><strong>Β.</strong></span> <span class='ocrx_word' id='word_1_793' title='bbox 1286 5534 1334 5567; x_wconf 70' lang='grc'>⁸⁸</span> <span class='ocrx_word' id='word_1_794' title='bbox 1354 5533 1408 5587; x_wconf 71' lang='grc' dir='ltr'>εἴ</span> <span class='ocrx_word' id='word_1_795' title='bbox 1446 5551 1523 5605; x_wconf 84' lang='grc' dir='ltr'>πη</span> <span class='ocrx_word' id='word_1_796' title='bbox 1549 5533 1615 5597; x_wconf 78' lang='lat' dir='ltr'><strong>it,</strong></span> <span class='ocrx_word' id='word_1_797' title='bbox 1641 5534 1695 5586; x_wconf 79' lang='grc' dir='ltr'><strong>εἰ</strong></span> <span class='ocrx_word' id='word_1_798' title='bbox 1722 5551 1825 5589; x_wconf 84' lang='grc' dir='ltr'><strong>που</strong></span> <span class='ocrx_word' id='word_1_799' title='bbox 1865 5535 2012 5607; x_wconf 85' lang='lat' dir='ltr'><strong>vulg.</strong></span> <span class='ocrx_word' id='word_1_800' title='bbox 2116 5537 2162 5570; x_wconf 81' lang='grc'><strong>⁸⁸</strong></span> <span class='ocrx_word' id='word_1_801' title='bbox 2187 5552 2250 5605; x_wconf 88' lang='grc' dir='ltr'><strong>γε</strong></span> <span class='ocrx_word' id='word_1_802' title='bbox 2279 5537 2385 5592; x_wconf 92' lang='lat' dir='ltr'><strong>ins.</strong></span> <span class='ocrx_word' id='word_1_803' title='bbox 2413 5550 2476 5590; x_wconf 81' lang='lat' dir='ltr'><strong>ex</strong></span> <span class='ocrx_word' id='word_1_804' title='bbox 2505 5532 2569 5588; x_wconf 82' lang='lat' dir='ltr'><strong>R.</strong></span> <span class='ocrx_word' id='word_1_805' title='bbox 2659 5534 2704 5566; x_wconf 77' lang='lat'><strong>”</strong></span> <span class='ocrx_word' id='word_1_806' title='bbox 2730 5527 2874 5588; x_wconf 72' lang='grc' dir='ltr'>οὗτοι</span> <span class='ocrx_word' id='word_1_807' title='bbox 2904 5532 2962 5586; x_wconf 74' lang='grc' dir='ltr'>δὲ</span> <span class='ocrx_word' id='word_1_808' title='bbox 2990 5531 3058 5587; x_wconf 83' lang='lat' dir='ltr'><strong>R.</strong></span> <span class='ocrx_word' id='word_1_809' title='bbox 3153 5533 3200 5566; x_wconf 77' lang='grc'><strong>³⁷</strong></span> <span class='ocrx_word' id='word_1_810' title='bbox 3230 5533 3314 5585; x_wconf 82' lang='grc' dir='ltr'>ὅτε</span> <span class='ocrx_word' id='word_1_811' title='bbox 3344 5526 3469 5598; x_wconf 76' lang='grc' dir='ltr'>γοῦν</span> <span class='ocrx_word' id='word_1_812' title='bbox 3523 5521 3580 5580; x_wconf 72' lang='grc' dir='ltr'><strong>Β.</strong></span> <span class='ocrx_word' id='word_1_813' title='bbox 3626 5514 3755 5589; x_wconf 64' lang='lat' dir='ltr'><strong>5W?&quot;</strong></span> 
     </span>
     <span class='ocr_line' id='line_1_108' title="bbox 644 5576 3755 5630; baseline 0 0"><span class='ocrx_word' id='word_1_814' title='bbox 644 5617 812 5630; x_wconf 74' lang='lat'><strong>..........</strong></span> <span class='ocrx_word' id='word_1_815' title='bbox 907 5602 952 5630; x_wconf 73' lang='lat' dir='ltr'><strong>an</strong></span> <span class='ocrx_word' id='word_1_816' title='bbox 979 5603 1149 5630; x_wconf 60' lang='grc' dir='ltr'><strong>--.ι-η</strong></span> <span class='ocrx_word' id='word_1_817' title='bbox 1189 5604 1225 5630; x_wconf 81' lang='grc' dir='ltr'><strong><em>υ</em></strong></span> <span class='ocrx_word' id='word_1_818' title='bbox 1283 5604 1372 5630; x_wconf 69' lang='grc' dir='ltr'><strong>.-.Α</strong></span> <span class='ocrx_word' id='word_1_819' title='bbox 1394 5605 1502 5630; x_wconf 53' lang='lat' dir='ltr'><strong>an...</strong></span> <span class='ocrx_word' id='word_1_820' title='bbox 1537 5605 1645 5630; x_wconf 59' lang='grc' dir='ltr'>με.-</span> <span class='ocrx_word' id='word_1_821' title='bbox 1677 5604 1786 5630; x_wconf 38' lang='grc' dir='ltr'>ραι.</span> <span class='ocrx_word' id='word_1_822' title='bbox 1851 5604 1953 5630; x_wconf 70' lang='lat' dir='ltr'><strong>n-..</strong></span> <span class='ocrx_word' id='word_1_823' title='bbox 2067 5607 2114 5630; x_wconf 75' lang='grc' dir='ltr'>ιο</span> <span class='ocrx_word' id='word_1_824' title='bbox 2137 5607 2451 5630; x_wconf 48' lang='lat' dir='ltr'><strong>suumn”---</strong></span> <span class='ocrx_word' id='word_1_825' title='bbox 2483 5602 2520 5630; x_wconf 78' lang='grc' dir='ltr'>ι)</span> <span class='ocrx_word' id='word_1_826' title='bbox 2627 5607 2640 5630; x_wconf 82' lang='grc' dir='ltr'><strong>ι</strong></span> <span class='ocrx_word' id='word_1_827' title='bbox 2676 5605 2779 5630; x_wconf 58' lang='lat' dir='ltr'><strong>nm.</strong></span> <span class='ocrx_word' id='word_1_828' title='bbox 2823 5604 2881 5630; x_wconf 63' lang='lat' dir='ltr'><strong>-x</strong></span> <span class='ocrx_word' id='word_1_829' title='bbox 2916 5604 3106 5630; x_wconf 77' lang='lat' dir='ltr'><strong>I.......m</strong></span> <span class='ocrx_word' id='word_1_830' title='bbox 3152 5602 3204 5630; x_wconf 73' lang='grc' dir='ltr'><strong>ε..</strong></span> <span class='ocrx_word' id='word_1_831' title='bbox 3257 5601 3294 5630; x_wconf 77' lang='grc' dir='ltr'>ι)</span> <span class='ocrx_word' id='word_1_832' title='bbox 3392 5600 3411 5629; x_wconf 70' lang='grc' dir='ltr'><strong>Ι</strong></span> <span class='ocrx_word' id='word_1_833' title='bbox 3434 5596 3504 5630; x_wconf 64' lang='grc' dir='ltr'><strong>,ειη</strong></span> <span class='ocrx_word' id='word_1_834' title='bbox 3531 5590 3590 5630; x_wconf 62' lang='grc' dir='ltr'>εὶ</span> <span class='ocrx_word' id='word_1_835' title='bbox 3622 5576 3755 5630; x_wconf 67' lang='grc' dir='ltr'>πολλὰ</span> 
     </span>
    </p>
   </div>
   <div class='ocr_carea' id='block_1_108' title="bbox 548 5590 3756 5746">
    <p class='ocr_par' dir='ltr' id='par_1_108' title="bbox 548 5590 3756 5746">
     <span class='ocr_line' id='line_1_109' title="bbox 548 5590 3756 5685; baseline 0.003 -33"><span class='ocrx_word' id='word_1_836' title='bbox 548 5610 830 5670; x_wconf 76' lang='lat' dir='ltr'><strong>ulcunque.</strong></span> <span class='ocrx_word' id='word_1_837' title='bbox 879 5602 952 5684; x_wconf 46' lang='grc'><strong>,⁸⁸</strong></span> <span class='ocrx_word' id='word_1_838' title='bbox 978 5603 1152 5657; x_wconf 87' lang='grc' dir='ltr'>τούτω</span> <span class='ocrx_word' id='word_1_839' title='bbox 1186 5604 1251 5658; x_wconf 77' lang='grc' dir='ltr'><strong>Β.</strong></span> <span class='ocrx_word' id='word_1_840' title='bbox 1283 5590 1648 5677; x_wconf 61' lang='grc' dir='ltr'>καὶᾮνᾶγᾶίρ</span> <span class='ocrx_word' id='word_1_841' title='bbox 1677 5604 1811 5674; x_wconf 87' lang='lat' dir='ltr'><strong>Sph.</strong></span> <span class='ocrx_word' id='word_1_842' title='bbox 1851 5590 1991 5661; x_wconf 66' lang='lat' dir='ltr'><strong>Par.u</strong></span> <span class='ocrx_word' id='word_1_843' title='bbox 2067 5607 2114 5641; x_wconf 81' lang='lat'><strong>”</strong></span> <span class='ocrx_word' id='word_1_844' title='bbox 2134 5590 2456 5678; x_wconf 60' lang='grc' dir='ltr'>ἐκέιλῆματα</span> <span class='ocrx_word' id='word_1_845' title='bbox 2481 5602 2547 5657; x_wconf 75' lang='grc' dir='ltr'><strong>Β.</strong></span> <span class='ocrx_word' id='word_1_846' title='bbox 2627 5607 2642 5637; x_wconf 86' lang='grc'>¹</span> <span class='ocrx_word' id='word_1_847' title='bbox 2676 5605 2782 5659; x_wconf 87' lang='lat' dir='ltr'><strong>Pro</strong></span> <span class='ocrx_word' id='word_1_848' title='bbox 2823 5604 2883 5657; x_wconf 85' lang='grc' dir='ltr'>τὸ</span> <span class='ocrx_word' id='word_1_849' title='bbox 2915 5604 3108 5659; x_wconf 83' lang='lat' dir='ltr'><strong>lacuna</strong></span> <span class='ocrx_word' id='word_1_850' title='bbox 3152 5602 3206 5657; x_wconf 91' lang='lat' dir='ltr'><strong>in</strong></span> <span class='ocrx_word' id='word_1_851' title='bbox 3256 5601 3317 5656; x_wconf 70' lang='grc' dir='ltr'><strong>Β.</strong></span> <span class='ocrx_word' id='word_1_852' title='bbox 3355 5590 3411 5629; x_wconf 75' lang='grc'><strong>’²</strong></span> <span class='ocrx_word' id='word_1_853' title='bbox 3434 5596 3504 5657; x_wconf 81' lang='grc' dir='ltr'><strong>ὡς</strong></span> <span class='ocrx_word' id='word_1_854' title='bbox 3531 5590 3756 5685; x_wconf 29' lang='lat' dir='ltr'><strong>ﬂaui</strong></span> 
     </span>
     <span class='ocr_line' id='line_1_110' title="bbox 549 5650 3734 5746; baseline 0 -27"><span class='ocrx_word' id='word_1_855' title='bbox 549 5685 661 5746; x_wconf 64' lang='lat' dir='ltr'><strong>om.</strong></span> <span class='ocrx_word' id='word_1_856' title='bbox 715 5671 755 5724; x_wconf 80' lang='grc' dir='ltr'><strong>ιι</strong></span> <span class='ocrx_word' id='word_1_857' title='bbox 799 5681 1041 5746; x_wconf 71' lang='lat' dir='ltr'><strong>etintpr.</strong></span> <span class='ocrx_word' id='word_1_858' title='bbox 1122 5672 1439 5746; x_wconf 31' lang='grc' dir='ltr'>’.χρώματα</span> <span class='ocrx_word' id='word_1_859' title='bbox 1474 5703 1545 5714; x_wconf 90' lang='grc'><strong>-</strong></span> <span class='ocrx_word' id='word_1_860' title='bbox 1581 5675 1703 5730; x_wconf 88' lang='lat' dir='ltr'><strong>scil.</strong></span> <span class='ocrx_word' id='word_1_861' title='bbox 1739 5677 1792 5728; x_wconf 89' lang='lat' dir='ltr'><strong>in</strong></span> <span class='ocrx_word' id='word_1_862' title='bbox 1818 5675 1961 5731; x_wconf 88' lang='lat' dir='ltr'><strong>ludis</strong></span> <span class='ocrx_word' id='word_1_863' title='bbox 1984 5676 2329 5733; x_wconf 88' lang='lat' dir='ltr'><strong>circensibus</strong></span> <span class='ocrx_word' id='word_1_864' title='bbox 2356 5695 2372 5738; x_wconf 86' lang='lat'>;</span> <span class='ocrx_word' id='word_1_865' title='bbox 2396 5677 2657 5746; x_wconf 79' lang='grc' dir='ltr'>χρήματα</span> <span class='ocrx_word' id='word_1_866' title='bbox 2678 5674 3038 5746; x_wconf 24' lang='lat' dir='ltr'><strong>APar.,Aintpr.</strong></span> <span class='ocrx_word' id='word_1_867' title='bbox 3068 5672 3310 5746; x_wconf 60' lang='lat' dir='ltr'><strong>occisam</strong></span> <span class='ocrx_word' id='word_1_868' title='bbox 3341 5670 3504 5746; x_wconf 63' lang='lat' dir='ltr'><strong>legere</strong></span> <span class='ocrx_word' id='word_1_869' title='bbox 3521 5650 3734 5746; x_wconf 48' lang='grc' dir='ltr'><strong>ξιψινξξξθ</strong></span> 
     </span>
    </p>
   </div>
   <div class='ocr_carea' id='block_1_109' title="bbox 551 5714 3750 5824">
    <p class='ocr_par' dir='ltr' id='par_1_109' title="bbox 551 5714 3750 5824">
     <span class='ocr_line' id='line_1_111' title="bbox 553 5714 3497 5748; baseline 0.006 -27"><span class='ocrx_word' id='word_1_870' title='bbox 715 5714 755 5724; x_wconf 85' lang='grc'><strong>..</strong></span> <span class='ocrx_word' id='word_1_871' title='bbox 801 5714 851 5726; x_wconf 72' lang='grc' dir='ltr'><strong>ν,</strong></span> <span class='ocrx_word' id='word_1_872' title='bbox 881 5714 1041 5741; x_wconf 72' lang='grc' dir='ltr'><strong>...Ἷιη</strong></span> <span class='ocrx_word' id='word_1_873' title='bbox 1172 5714 1439 5743; x_wconf 48' lang='grc' dir='ltr'><strong>κισ-πμ...</strong></span> <span class='ocrx_word' id='word_1_874' title='bbox 1581 5714 1703 5730; x_wconf 47' lang='lat' dir='ltr'><strong>ac...</strong></span> <span class='ocrx_word' id='word_1_875' title='bbox 1740 5714 1792 5728; x_wconf 78' lang='lat' dir='ltr'><strong>.u</strong></span> <span class='ocrx_word' id='word_1_876' title='bbox 1820 5714 1961 5731; x_wconf 70' lang='grc' dir='ltr'><strong>εισι-ὐ</strong></span> <span class='ocrx_word' id='word_1_877' title='bbox 1984 5714 2329 5733; x_wconf 67' lang='grc' dir='ltr'><strong>υιιυνιιδιυιιῠ</strong></span> <span class='ocrx_word' id='word_1_878' title='bbox 2356 5721 2372 5738; x_wconf 84' lang='grc'><strong>,</strong></span> <span class='ocrx_word' id='word_1_879' title='bbox 2398 5714 2657 5746; x_wconf 62' lang='lat' dir='ltr'><strong>“wn-unw-</strong></span> <span class='ocrx_word' id='word_1_880' title='bbox 2691 5714 2706 5726; x_wconf 85' lang='lat'><strong>-</strong></span> <span class='ocrx_word' id='word_1_881' title='bbox 2732 5714 2838 5737; x_wconf 69' lang='grc' dir='ltr'><strong>ιιι-ν</strong></span> <span class='ocrx_word' id='word_1_882' title='bbox 2872 5714 3038 5742; x_wconf 69' lang='lat' dir='ltr'><strong>&quot;nr--</strong></span> <span class='ocrx_word' id='word_1_883' title='bbox 3083 5714 3310 5742; x_wconf 63' lang='grc' dir='ltr'><strong>*ωσι-*π-</strong></span> <span class='ocrx_word' id='word_1_884' title='bbox 3342 5714 3464 5748; x_wconf 72' lang='lat' dir='ltr'><strong>&quot;-p&quot;</strong></span> <span class='ocrx_word' id='word_1_885' title='bbox 3485 5714 3497 5717; x_wconf 64' lang='lat'>‘</span> 
     </span>
     <span class='ocr_line' id='line_1_112' title="bbox 551 5726 3750 5824; baseline 0 -34"><span class='ocrx_word' id='word_1_886' title='bbox 551 5738 711 5821; x_wconf 75' lang='lat' dir='ltr'><strong>batur</strong></span> <span class='ocrx_word' id='word_1_887' title='bbox 733 5760 745 5796; x_wconf 88' lang='lat'><strong>:</strong></span> <span class='ocrx_word' id='word_1_888' title='bbox 769 5742 942 5824; x_wconf 80' lang='lat' dir='ltr'><strong>c_ivile_s</strong></span> <span class='ocrx_word' id='word_1_889' title='bbox 984 5745 1037 5797; x_wconf 85' lang='lat' dir='ltr'><strong>in</strong></span> <span class='ocrx_word' id='word_1_890' title='bbox 1058 5744 1695 5824; x_wconf 46' lang='lat' dir='ltr'><strong>seditiones_inteutos_et</strong></span> <span class='ocrx_word' id='word_1_891' title='bbox 1721 5762 2017 5824; x_wconf 53' lang='lat' dir='ltr'><strong>carpantur</strong></span> <span class='ocrx_word' id='word_1_892' title='bbox 2037 5764 2241 5824; x_wconf 61' lang='lat' dir='ltr'><strong>curant.</strong></span> <span class='ocrx_word' id='word_1_893' title='bbox 2319 5750 2340 5780; x_wconf 68' lang='grc' dir='ltr'>δ</span> <span class='ocrx_word' id='word_1_894' title='bbox 2362 5747 2537 5824; x_wconf 78' lang='grc' dir='ltr'><strong>ταύτά</strong></span> <span class='ocrx_word' id='word_1_895' title='bbox 2564 5744 2938 5824; x_wconf 36' lang='lat' dir='ltr'><strong>&quot;coiit-5dr}</strong></span> <span class='ocrx_word' id='word_1_896' title='bbox 2968 5761 3038 5824; x_wconf 44' lang='lat' dir='ltr'><strong>se</strong></span> <span class='ocrx_word' id='word_1_897' title='bbox 3065 5741 3265 5824; x_wconf 67' lang='lat' dir='ltr'><strong>Lugd.2</strong></span> <span class='ocrx_word' id='word_1_898' title='bbox 3293 5726 3750 5824; x_wconf 39' lang='lat' dir='ltr'><strong>.mguci&#39;tﬁnftt‘l’Jr&quot;</strong></span> 
     </span>
    </p>
   </div>
   <div class='ocr_carea' id='block_1_110' title="bbox 550 5797 3732 5886">
    <p class='ocr_par' dir='ltr' id='par_1_110' title="bbox 550 5797 3732 5886">
     <span class='ocr_line' id='line_1_113' title="bbox 550 5797 3732 5886; baseline -0.001 -22"><span class='ocrx_word' id='word_1_899' title='bbox 550 5809 721 5886; x_wconf 63' lang='grc' dir='ltr'>[εαύτῃ</span> <span class='ocrx_word' id='word_1_900' title='bbox 746 5815 811 5881; x_wconf 82' lang='grc' dir='ltr'>τῇ</span> <span class='ocrx_word' id='word_1_901' title='bbox 837 5813 991 5886; x_wconf 59' lang='grc' dir='ltr'><strong>νιιΙξζ.Δ</strong></span> <span class='ocrx_word' id='word_1_902' title='bbox 1056 5814 1077 5842; x_wconf 77' lang='grc'>⁸</span> <span class='ocrx_word' id='word_1_903' title='bbox 1108 5813 1201 5867; x_wconf 85' lang='grc' dir='ltr'><strong>δύο</strong></span> <span class='ocrx_word' id='word_1_904' title='bbox 1213 5797 1573 5886; x_wconf 14' lang='grc' dir='ltr'>-καένέκατδνγ</span> <span class='ocrx_word' id='word_1_905' title='bbox 1596 5797 1757 5869; x_wconf 69' lang='lat' dir='ltr'><strong>sunt.</strong></span> <span class='ocrx_word' id='word_1_906' title='bbox 2375 5797 2416 5847; x_wconf 38' lang='grc' dir='ltr'><strong>-δ</strong></span> <span class='ocrx_word' id='word_1_907' title='bbox 2736 5814 2779 5867; x_wconf 79' lang='lat' dir='ltr'><strong>R</strong></span> <span class='ocrx_word' id='word_1_908' title='bbox 2803 5797 2860 5869; x_wconf 89' lang='lat' dir='ltr'><strong>et</strong></span> <span class='ocrx_word' id='word_1_909' title='bbox 2885 5797 3361 5886; x_wconf 40' lang='lat' dir='ltr'><strong>Suid.,_ﬂgptb{3$z</strong></span> <span class='ocrx_word' id='word_1_910' title='bbox 3386 5797 3589 5874; x_wconf 61' lang='grc' dir='ltr'>νυιςὶέι</span> <span class='ocrx_word' id='word_1_911' title='bbox 3618 5797 3732 5856; x_wconf 62' lang='lat' dir='ltr'><strong>impr</strong></span> 
     </span>
    </p>
   </div>
   <div class='ocr_carea' id='block_1_111' title="bbox 554 5867 3154 5959">
    <p class='ocr_par' dir='ltr' id='par_1_111' title="bbox 554 5867 3154 5959">
     <span class='ocr_line' id='line_1_114' title="bbox 554 5867 3154 5959; baseline 0.016 -29"><span class='ocrx_word' id='word_1_912' title='bbox 554 5879 573 5908; x_wconf 89' lang='grc'><strong>⁷</strong></span> <span class='ocrx_word' id='word_1_913' title='bbox 604 5867 862 5936; x_wconf 59' lang='grc' dir='ltr'>καῖἰιιῖιο</span> <span class='ocrx_word' id='word_1_914' title='bbox 896 5867 959 5935; x_wconf 62' lang='grc' dir='ltr'>τῗῖ</span> <span class='ocrx_word' id='word_1_915' title='bbox 981 5882 1086 5941; x_wconf 88' lang='lat' dir='ltr'><strong>ius.</strong></span> <span class='ocrx_word' id='word_1_916' title='bbox 1120 5899 1182 5939; x_wconf 79' lang='lat' dir='ltr'><strong>cx</strong></span> <span class='ocrx_word' id='word_1_917' title='bbox 1211 5883 1274 5938; x_wconf 73' lang='grc' dir='ltr'><strong>Β.</strong></span> <span class='ocrx_word' id='word_1_918' title='bbox 1310 5887 1374 5956; x_wconf 72' lang='grc' dir='ltr'>τῇ</span> <span class='ocrx_word' id='word_1_919' title='bbox 1406 5867 1541 5959; x_wconf 68' lang='grc' dir='ltr'><strong>ἁκτῇ</strong></span> <span class='ocrx_word' id='word_1_920' title='bbox 1575 5867 1666 5939; x_wconf 52' lang='grc' dir='ltr'><strong>καὶ</strong></span> <span class='ocrx_word' id='word_1_921' title='bbox 1687 5867 2306 5955; x_wconf 12' lang='grc' dir='ltr'><strong>ταῖξήξκϐο-ὶαῗξῖἶιξξὶῖθ</strong></span> <span class='ocrx_word' id='word_1_922' title='bbox 2342 5867 2573 5955; x_wconf 37' lang='grc' dir='ltr'><strong>ὲκδολῆθ</strong></span> <span class='ocrx_word' id='word_1_923' title='bbox 2594 5867 2662 5939; x_wconf 36' lang='grc' dir='ltr'><strong>δέ·</strong></span> <span class='ocrx_word' id='word_1_924' title='bbox 2685 5867 2782 5950; x_wconf 48' lang='grc' dir='ltr'><strong>τὰς</strong></span> <span class='ocrx_word' id='word_1_925' title='bbox 2809 5867 3154 5953; x_wconf 35' lang='grc' dir='ltr'><strong>ἆκτᾶςδί¹¹⁸¹</strong></span> 
     </span>
    </p>
   </div>
  </div>
