  <div class='ocr_page' id='page_1' title='image "/cluster/home/n/w/nwhite01/storage/ocr_20150623/88/coo.31924054869924/802.png"; bbox 0 0 4020 6408; ppageno 0'>
   <div class='ocr_carea' id='block_1_1' title="bbox 208 314 348 383">
    <p class='ocr_par' dir='ltr' id='par_1_1' title="bbox 208 314 348 383">
     <span class='ocr_line' id='line_1_1' title="bbox 208 314 348 383; baseline -0.014 -1"><span class='ocrx_word' id='word_1_1' title='bbox 208 314 348 383; x_wconf 82' lang='grc'><strong>1569</strong></span> 
     </span>
    </p>
   </div>
   <div class='ocr_carea' id='block_1_2' title="bbox 1404 312 2260 377">
    <p class='ocr_par' dir='ltr' id='par_1_2' title="bbox 1404 312 2260 377">
     <span class='ocr_line' id='line_1_2' title="bbox 1404 312 2260 377; baseline 0.001 -4"><span class='ocrx_word' id='word_1_2' title='bbox 1404 312 1942 374; x_wconf 79' lang='lat' dir='ltr'><strong>I-IISTORIARUM</strong></span> <span class='ocrx_word' id='word_1_3' title='bbox 1990 314 2138 377; x_wconf 78' lang='lat' dir='ltr'><strong>LIB.</strong></span> <span class='ocrx_word' id='word_1_4' title='bbox 2195 316 2260 374; x_wconf 72' lang='grc' dir='ltr'><strong>Υ.</strong></span> 
     </span>
    </p>
   </div>
   <div class='ocr_carea' id='block_1_3' title="bbox 3352 315 3484 382">
    <p class='ocr_par' dir='ltr' id='par_1_3' title="bbox 3352 315 3484 382">
     <span class='ocr_line' id='line_1_3' title="bbox 3352 315 3484 382; baseline -0.023 -3"><span class='ocrx_word' id='word_1_5' title='bbox 3352 315 3484 382; x_wconf 74' lang='grc'><strong>1570</strong></span> 
     </span>
    </p>
   </div>
   <div class='ocr_carea' id='block_1_4' title="bbox 203 422 1803 496">
    <p class='ocr_par' dir='ltr' id='par_1_4' title="bbox 203 422 1794 495">
     <span class='ocr_line' id='line_1_4' title="bbox 203 422 1794 495; baseline -0.004 -10"><span class='ocrx_word' id='word_1_6' title='bbox 203 433 304 485; x_wconf 78' lang='grc' dir='ltr'>καὶ</span> <span class='ocrx_word' id='word_1_7' title='bbox 333 432 393 483; x_wconf 82' lang='grc' dir='ltr'>ὲν</span> <span class='ocrx_word' id='word_1_8' title='bbox 419 428 541 490; x_wconf 87' lang='grc' dir='ltr'>ταῖς</span> <span class='ocrx_word' id='word_1_9' title='bbox 562 422 824 493; x_wconf 73' lang='grc' dir='ltr'><strong>ἐνδοτέρω</strong></span> <span class='ocrx_word' id='word_1_10' title='bbox 852 423 1146 495; x_wconf 67' lang='grc' dir='ltr'>λεωφόροις</span> <span class='ocrx_word' id='word_1_11' title='bbox 1176 425 1345 494; x_wconf 68' lang='grc' dir='ltr'>φυγαὶ</span> <span class='ocrx_word' id='word_1_12' title='bbox 1373 425 1559 495; x_wconf 85' lang='grc' dir='ltr'>ἀθρόοι</span> <span class='ocrx_word' id='word_1_13' title='bbox 1591 425 1700 479; x_wconf 86' lang='grc' dir='ltr'><strong>τῶν</strong></span> <span class='ocrx_word' id='word_1_14' title='bbox 1730 426 1794 478; x_wconf 85' lang='grc' dir='ltr'>ὲκ</span> 
     </span>
    </p>
   </div>
   <div class='ocr_carea' id='block_1_5' title="bbox 1904 422 3478 496">
    <p class='ocr_par' dir='ltr' id='par_1_5' title="bbox 1904 423 3478 496">
     <span class='ocr_line' id='line_1_5' title="bbox 1904 423 3478 496; baseline 0.004 -18"><span class='ocrx_word' id='word_1_15' title='bbox 1904 425 2208 482; x_wconf 78' lang='lat' dir='ltr'><strong>obsidiones</strong></span> <span class='ocrx_word' id='word_1_16' title='bbox 2246 424 2495 478; x_wconf 80' lang='lat' dir='ltr'><strong>videlicet</strong></span> <span class='ocrx_word' id='word_1_17' title='bbox 2547 423 2910 493; x_wconf 74' lang='lat' dir='ltr'><strong>incendiaque</strong></span> <span class='ocrx_word' id='word_1_18' title='bbox 2969 426 3365 496; x_wconf 85' lang='lat' dir='ltr'><strong>imaginantes,</strong></span> <span class='ocrx_word' id='word_1_19' title='bbox 3423 442 3478 484; x_wconf 93' lang='lat' dir='ltr'><strong>et</strong></span> 
     </span>
    </p>
   </div>
   <div class='ocr_carea' id='block_1_6' title="bbox 201 515 1794 592">
    <p class='ocr_par' dir='ltr' id='par_1_6' title="bbox 201 515 1794 592">
     <span class='ocr_line' id='line_1_6' title="bbox 201 515 1794 592; baseline -0.004 -16"><span class='ocrx_word' id='word_1_20' title='bbox 201 521 301 576; x_wconf 81' lang='grc' dir='ltr'>τοῦ</span> <span class='ocrx_word' id='word_1_21' title='bbox 330 520 519 592; x_wconf 80' lang='grc' dir='ltr'><strong>ὁμίλου</strong></span> <span class='ocrx_word' id='word_1_22' title='bbox 546 515 842 585; x_wconf 76' lang='grc' dir='ltr'>ἐγίγνοντο,</span> <span class='ocrx_word' id='word_1_23' title='bbox 863 515 958 568; x_wconf 81' lang='grc' dir='ltr'>καὶ</span> <span class='ocrx_word' id='word_1_24' title='bbox 978 515 1210 585; x_wconf 76' lang='grc' dir='ltr'>ὼθισμοὶ</span> <span class='ocrx_word' id='word_1_25' title='bbox 1232 517 1253 549; x_wconf 82' lang='grc'>⁸</span> <span class='ocrx_word' id='word_1_26' title='bbox 1286 517 1379 570; x_wconf 76' lang='grc' dir='ltr'>καὶ</span> <span class='ocrx_word' id='word_1_27' title='bbox 1399 519 1583 569; x_wconf 78' lang='grc' dir='ltr'><strong>πτοῖαι</strong></span> <span class='ocrx_word' id='word_1_28' title='bbox 1617 517 1794 587; x_wconf 85' lang='grc' dir='ltr'>παρά-</span> 
     </span>
    </p>
   </div>
   <div class='ocr_carea' id='block_1_7' title="bbox 199 604 1791 678">
    <p class='ocr_par' dir='ltr' id='par_1_7' title="bbox 199 604 1791 678">
     <span class='ocr_line' id='line_1_7' title="bbox 199 604 1791 678; baseline -0.004 -14"><span class='ocrx_word' id='word_1_29' title='bbox 199 610 373 678; x_wconf 85' lang='grc' dir='ltr'>λογοι,</span> <span class='ocrx_word' id='word_1_30' title='bbox 442 607 626 676; x_wconf 69' lang='grc' dir='ltr'>ὥσπερ</span> <span class='ocrx_word' id='word_1_31' title='bbox 674 604 774 675; x_wconf 74' lang='grc' dir='ltr'>ήδη</span> <span class='ocrx_word' id='word_1_32' title='bbox 827 604 937 657; x_wconf 89' lang='grc' dir='ltr'><strong>τῶν</strong></span> <span class='ocrx_word' id='word_1_33' title='bbox 986 605 1286 676; x_wconf 77' lang='grc' dir='ltr'>Βαρϐάρων</span> <span class='ocrx_word' id='word_1_34' title='bbox 1335 604 1791 675; x_wconf 73' lang='grc' dir='ltr'>εἰσϐεϐληκότων.</span> 
     </span>
    </p>
   </div>
   <div class='ocr_carea' id='block_1_8' title="bbox 198 694 1795 766">
    <p class='ocr_par' dir='ltr' id='par_1_8' title="bbox 198 694 1795 766">
     <span class='ocr_line' id='line_1_8' title="bbox 198 694 1795 766; baseline -0.003 -12"><span class='ocrx_word' id='word_1_35' title='bbox 198 696 458 766; x_wconf 79' lang='grc' dir='ltr'>Πάταγὸς</span> <span class='ocrx_word' id='word_1_36' title='bbox 492 713 550 748; x_wconf 90' lang='grc' dir='ltr'><strong>τε</strong></span> <span class='ocrx_word' id='word_1_37' title='bbox 586 694 756 758; x_wconf 86' lang='grc' dir='ltr'>πολὺς</span> <span class='ocrx_word' id='word_1_38' title='bbox 795 695 958 766; x_wconf 75' lang='grc' dir='ltr'>ᾔρετο</span> <span class='ocrx_word' id='word_1_39' title='bbox 1002 697 1059 747; x_wconf 84' lang='grc' dir='ltr'>ὲν</span> <span class='ocrx_word' id='word_1_40' title='bbox 1102 697 1216 756; x_wconf 86' lang='grc' dir='ltr'>τοῖς</span> <span class='ocrx_word' id='word_1_41' title='bbox 1251 694 1640 765; x_wconf 84' lang='grc' dir='ltr'>πωλητηρίοις,</span> <span class='ocrx_word' id='word_1_42' title='bbox 1687 712 1795 749; x_wconf 91' lang='grc' dir='ltr'><strong>των</strong></span> 
     </span>
    </p>
   </div>
   <div class='ocr_carea' id='block_1_9' title="bbox 197 783 1795 859">
    <p class='ocr_par' dir='ltr' id='par_1_9' title="bbox 197 783 1795 859">
     <span class='ocr_line' id='line_1_9' title="bbox 197 783 1795 859; baseline -0.002 -19"><span class='ocrx_word' id='word_1_43' title='bbox 197 787 391 859; x_wconf 84' lang='grc' dir='ltr'>θυρῶν</span> <span class='ocrx_word' id='word_1_44' title='bbox 434 784 738 855; x_wconf 82' lang='grc' dir='ltr'>βιαιότερον</span> <span class='ocrx_word' id='word_1_45' title='bbox 789 784 1348 855; x_wconf 80' lang='grc' dir='ltr'>προσαρασσομένων.</span> <span class='ocrx_word' id='word_1_46' title='bbox 1403 783 1487 855; x_wconf 81' lang='grc' dir='ltr'><strong>[Ρ.</strong></span> <span class='ocrx_word' id='word_1_47' title='bbox 1545 784 1669 858; x_wconf 80' lang='grc'><strong>159]</strong></span> <span class='ocrx_word' id='word_1_48' title='bbox 1719 785 1795 838; x_wconf 90' lang='grc' dir='ltr'>Ού</span> 
     </span>
    </p>
   </div>
   <div class='ocr_carea' id='block_1_10' title="bbox 201 876 1796 948">
    <p class='ocr_par' dir='ltr' id='par_1_10' title="bbox 201 876 1796 948">
     <span class='ocr_line' id='line_1_10' title="bbox 201 876 1796 948; baseline -0.001 -17"><span class='ocrx_word' id='word_1_49' title='bbox 201 880 374 948; x_wconf 84' lang='grc' dir='ltr'>μόνον</span> <span class='ocrx_word' id='word_1_50' title='bbox 407 877 464 930; x_wconf 77' lang='grc' dir='ltr'>δὲ</span> <span class='ocrx_word' id='word_1_51' title='bbox 487 880 601 941; x_wconf 89' lang='grc' dir='ltr'>τοῖς</span> <span class='ocrx_word' id='word_1_52' title='bbox 627 876 846 940; x_wconf 81' lang='grc' dir='ltr'><strong>πολλοῖς</strong></span> <span class='ocrx_word' id='word_1_53' title='bbox 876 877 972 929; x_wconf 75' lang='grc' dir='ltr'>καὶ</span> <span class='ocrx_word' id='word_1_54' title='bbox 1006 876 1365 947; x_wconf 78' lang='grc' dir='ltr'><strong>ἠγνοημένοις</strong></span> <span class='ocrx_word' id='word_1_55' title='bbox 1393 886 1415 917; x_wconf 77' lang='grc' dir='ltr'><strong>ο</strong></span> <span class='ocrx_word' id='word_1_56' title='bbox 1449 876 1510 929; x_wconf 84' lang='grc' dir='ltr'><strong>τὸ</strong></span> <span class='ocrx_word' id='word_1_57' title='bbox 1542 876 1796 930; x_wconf 85' lang='grc' dir='ltr'>ἀνιᾶσθαι</span> 
     </span>
    </p>
   </div>
   <div class='ocr_carea' id='block_1_11' title="bbox 194 963 1796 1039">
    <p class='ocr_par' dir='ltr' id='par_1_11' title="bbox 194 963 1796 1039">
     <span class='ocr_line' id='line_1_11' title="bbox 194 963 1796 1039; baseline -0.004 -18"><span class='ocrx_word' id='word_1_58' title='bbox 194 965 419 1039; x_wconf 80' lang='grc' dir='ltr'>προσῆν</span> <span class='ocrx_word' id='word_1_59' title='bbox 451 966 548 1018; x_wconf 76' lang='grc' dir='ltr'><strong>καὶ</strong></span> <span class='ocrx_word' id='word_1_60' title='bbox 577 964 896 1035; x_wconf 81' lang='grc' dir='ltr'>δειμαίνειν,</span> <span class='ocrx_word' id='word_1_61' title='bbox 928 963 1063 1018; x_wconf 82' lang='grc' dir='ltr'>ἀλλὰ</span> <span class='ocrx_word' id='word_1_62' title='bbox 1098 964 1207 1035; x_wconf 83' lang='grc' dir='ltr'>γὰρ</span> <span class='ocrx_word' id='word_1_63' title='bbox 1238 966 1335 1018; x_wconf 82' lang='grc' dir='ltr'><strong>καὶ</strong></span> <span class='ocrx_word' id='word_1_64' title='bbox 1379 965 1552 1018; x_wconf 74' lang='grc' dir='ltr'>ἅπασι</span> <span class='ocrx_word' id='word_1_65' title='bbox 1596 968 1708 1027; x_wconf 82' lang='grc' dir='ltr'>τοῖς</span> <span class='ocrx_word' id='word_1_66' title='bbox 1739 967 1796 1017; x_wconf 81' lang='grc' dir='ltr'>ἐν</span> 
     </span>
    </p>
   </div>
   <div class='ocr_carea' id='block_1_12' title="bbox 194 1050 1796 1127">
    <p class='ocr_par' dir='ltr' id='par_1_12' title="bbox 194 1050 1796 1127">
     <span class='ocr_line' id='line_1_12' title="bbox 194 1050 1796 1127; baseline -0.002 -17"><span class='ocrx_word' id='word_1_67' title='bbox 194 1058 372 1111; x_wconf 77' lang='grc' dir='ltr'>τέλει·</span> <span class='ocrx_word' id='word_1_68' title='bbox 394 1056 488 1110; x_wconf 81' lang='grc' dir='ltr'>καὶ</span> <span class='ocrx_word' id='word_1_69' title='bbox 512 1055 769 1127; x_wconf 77' lang='grc' dir='ltr'>βασιλεὺς</span> <span class='ocrx_word' id='word_1_70' title='bbox 785 1055 862 1122; x_wconf 74' lang='grc' dir='ltr'><strong>δὲ,</strong></span> <span class='ocrx_word' id='word_1_71' title='bbox 887 1050 1063 1125; x_wconf 77' lang='grc' dir='ltr'>οἶμαι,</span> <span class='ocrx_word' id='word_1_72' title='bbox 1088 1054 1250 1117; x_wconf 76' lang='grc' dir='ltr'>αὐτὸς</span> <span class='ocrx_word' id='word_1_73' title='bbox 1276 1055 1337 1107; x_wconf 83' lang='grc' dir='ltr'><strong>ού</strong></span> <span class='ocrx_word' id='word_1_74' title='bbox 1367 1055 1510 1125; x_wconf 82' lang='grc' dir='ltr'>μάλα</span> <span class='ocrx_word' id='word_1_75' title='bbox 1525 1055 1592 1108; x_wconf 87' lang='grc' dir='ltr'><strong>τά</strong></span> <span class='ocrx_word' id='word_1_76' title='bbox 1613 1053 1796 1119; x_wconf 74' lang='grc' dir='ltr'>ξυνεν-</span> 
     </span>
    </p>
   </div>
   <div class='ocr_carea' id='block_1_13' title="bbox 202 1147 1796 1223">
    <p class='ocr_par' dir='ltr' id='par_1_13' title="bbox 202 1147 1796 1223">
     <span class='ocr_line' id='line_1_13' title="bbox 202 1147 1796 1223; baseline -0.003 -19"><span class='ocrx_word' id='word_1_77' title='bbox 202 1150 434 1223; x_wconf 79' lang='grc' dir='ltr'>εχθέντα</span> <span class='ocrx_word' id='word_1_78' title='bbox 454 1149 827 1220; x_wconf 83' lang='grc' dir='ltr'>περιεφρόνει.</span> <span class='ocrx_word' id='word_1_79' title='bbox 858 1147 1298 1218; x_wconf 85' lang='grc' dir='ltr'>Ἀπεκοσμοῦντο</span> <span class='ocrx_word' id='word_1_80' title='bbox 1321 1148 1630 1219; x_wconf 82' lang='grc' dir='ltr'>τοιγαροῦν,</span> <span class='ocrx_word' id='word_1_81' title='bbox 1658 1147 1796 1218; x_wconf 81' lang='grc' dir='ltr'>πρὸς</span> 
     </span>
    </p>
   </div>
   <div class='ocr_carea' id='block_1_14' title="bbox 203 1238 1795 1312">
    <p class='ocr_par' dir='ltr' id='par_1_14' title="bbox 203 1238 1795 1312">
     <span class='ocr_line' id='line_1_14' title="bbox 203 1238 1795 1312; baseline -0.004 -14"><span class='ocrx_word' id='word_1_82' title='bbox 203 1242 372 1298; x_wconf 78' lang='grc' dir='ltr'>αὐτοῦ</span> <span class='ocrx_word' id='word_1_83' title='bbox 438 1240 936 1312; x_wconf 78' lang='grc' dir='ltr'>ἐπιτετραμμένον,</span> <span class='ocrx_word' id='word_1_84' title='bbox 986 1239 1056 1292; x_wconf 90' lang='grc' dir='ltr'><strong>τά</strong></span> <span class='ocrx_word' id='word_1_85' title='bbox 1112 1239 1233 1311; x_wconf 86' lang='grc' dir='ltr'><strong>ίερά</strong></span> <span class='ocrx_word' id='word_1_86' title='bbox 1277 1240 1451 1293; x_wconf 83' lang='grc' dir='ltr'>ὁπόσα</span> <span class='ocrx_word' id='word_1_87' title='bbox 1501 1240 1658 1303; x_wconf 76' lang='grc' dir='ltr'>ἐκτὸς</span> <span class='ocrx_word' id='word_1_88' title='bbox 1699 1238 1795 1292; x_wconf 81' lang='grc' dir='ltr'>τοῦ</span> 
     </span>
    </p>
   </div>
   <div class='ocr_carea' id='block_1_15' title="bbox 201 1330 1797 1403">
    <p class='ocr_par' dir='ltr' id='par_1_15' title="bbox 201 1330 1797 1403">
     <span class='ocr_line' id='line_1_15' title="bbox 201 1330 1797 1403; baseline -0.004 -14"><span class='ocrx_word' id='word_1_89' title='bbox 201 1336 402 1397; x_wconf 79' lang='grc' dir='ltr'>ἄστεος</span> <span class='ocrx_word' id='word_1_90' title='bbox 441 1333 655 1403; x_wconf 80' lang='grc' dir='ltr'>ἵδρυται</span> <span class='ocrx_word' id='word_1_91' title='bbox 699 1331 742 1363; x_wconf 79' lang='grc'><strong>¹⁰</strong></span> <span class='ocrx_word' id='word_1_92' title='bbox 780 1330 924 1384; x_wconf 87' lang='grc' dir='ltr'><strong>κατά</strong></span> <span class='ocrx_word' id='word_1_93' title='bbox 958 1331 1029 1384; x_wconf 86' lang='grc' dir='ltr'>τὰ</span> <span class='ocrx_word' id='word_1_94' title='bbox 1064 1330 1364 1401; x_wconf 83' lang='grc' dir='ltr'>Εύρωπαῖα</span> <span class='ocrx_word' id='word_1_95' title='bbox 1396 1331 1537 1401; x_wconf 81' lang='grc' dir='ltr'>μέρη</span> <span class='ocrx_word' id='word_1_96' title='bbox 1580 1330 1672 1383; x_wconf 73' lang='grc' dir='ltr'>καὶ</span> <span class='ocrx_word' id='word_1_97' title='bbox 1701 1330 1797 1383; x_wconf 84' lang='grc' dir='ltr'><strong>τὸν</strong></span> 
     </span>
    </p>
   </div>
   <div class='ocr_carea' id='block_1_16' title="bbox 201 1421 1797 1496">
    <p class='ocr_par' dir='ltr' id='par_1_16' title="bbox 201 1421 1797 1496">
     <span class='ocr_line' id='line_1_16' title="bbox 201 1421 1797 1496; baseline -0.003 -18"><span class='ocrx_word' id='word_1_98' title='bbox 201 1425 512 1496; x_wconf 85' lang='grc' dir='ltr'>παράκτιον</span> <span class='ocrx_word' id='word_1_99' title='bbox 541 1422 739 1493; x_wconf 87' lang='grc' dir='ltr'>χῶρον,</span> <span class='ocrx_word' id='word_1_100' title='bbox 786 1421 846 1485; x_wconf 79' lang='grc' dir='ltr'>ὃς</span> <span class='ocrx_word' id='word_1_101' title='bbox 878 1421 943 1492; x_wconf 85' lang='grc' dir='ltr'>δὴ</span> <span class='ocrx_word' id='word_1_102' title='bbox 982 1421 1212 1493; x_wconf 77' lang='grc' dir='ltr'>ἄρχεται</span> <span class='ocrx_word' id='word_1_103' title='bbox 1242 1422 1283 1452; x_wconf 80' lang='grc'>¹¹</span> <span class='ocrx_word' id='word_1_104' title='bbox 1317 1422 1417 1492; x_wconf 75' lang='grc' dir='ltr'>μὲν</span> <span class='ocrx_word' id='word_1_105' title='bbox 1456 1423 1521 1475; x_wconf 79' lang='grc' dir='ltr'>ὲκ</span> <span class='ocrx_word' id='word_1_106' title='bbox 1558 1421 1667 1475; x_wconf 90' lang='grc' dir='ltr'><strong>τῶν</strong></span> <span class='ocrx_word' id='word_1_107' title='bbox 1699 1439 1797 1474; x_wconf 86' lang='grc' dir='ltr'>κα-</span> 
     </span>
    </p>
   </div>
   <div class='ocr_carea' id='block_1_17' title="bbox 202 1512 1796 1588">
    <p class='ocr_par' dir='ltr' id='par_1_17' title="bbox 202 1512 1796 1588">
     <span class='ocr_line' id='line_1_17' title="bbox 202 1512 1796 1588; baseline -0.003 -17"><span class='ocrx_word' id='word_1_108' title='bbox 202 1518 486 1588; x_wconf 86' lang='grc' dir='ltr'>λουμένων</span> <span class='ocrx_word' id='word_1_109' title='bbox 515 1513 837 1586; x_wconf 88' lang='grc' dir='ltr'>Βλαχερνῶν</span> <span class='ocrx_word' id='word_1_110' title='bbox 862 1513 1072 1569; x_wconf 76' lang='grc' dir='ltr'>καὶτοῦ</span> <span class='ocrx_word' id='word_1_111' title='bbox 1096 1515 1290 1585; x_wconf 84' lang='grc' dir='ltr'>Κέρως</span> <span class='ocrx_word' id='word_1_112' title='bbox 1314 1515 1379 1580; x_wconf 73' lang='grc' dir='ltr'>η,</span> <span class='ocrx_word' id='word_1_113' title='bbox 1414 1514 1580 1585; x_wconf 76' lang='grc' dir='ltr'>μέχρι</span> <span class='ocrx_word' id='word_1_114' title='bbox 1610 1513 1669 1567; x_wconf 80' lang='grc' dir='ltr'>δὲ</span> <span class='ocrx_word' id='word_1_115' title='bbox 1699 1512 1796 1567; x_wconf 84' lang='grc' dir='ltr'>τοῦ</span> 
     </span>
    </p>
   </div>
   <div class='ocr_carea' id='block_1_18' title="bbox 205 1604 1795 1678">
    <p class='ocr_par' dir='ltr' id='par_1_18' title="bbox 205 1604 1795 1678">
     <span class='ocr_line' id='line_1_18' title="bbox 205 1604 1795 1678; baseline -0.003 -17"><span class='ocrx_word' id='word_1_116' title='bbox 205 1608 470 1672; x_wconf 78' lang='grc' dir='ltr'>Εὐξείνου</span> <span class='ocrx_word' id='word_1_117' title='bbox 506 1607 705 1660; x_wconf 84' lang='grc' dir='ltr'>πόντου</span> <span class='ocrx_word' id='word_1_118' title='bbox 749 1605 1235 1678; x_wconf 90' lang='grc' dir='ltr'>παρατεινόμενος,</span> <span class='ocrx_word' id='word_1_119' title='bbox 1268 1604 1347 1675; x_wconf 87' lang='grc' dir='ltr'>τῷ</span> <span class='ocrx_word' id='word_1_120' title='bbox 1376 1606 1639 1678; x_wconf 84' lang='grc' dir='ltr'><strong>Βοσπόρῳ</strong></span> <span class='ocrx_word' id='word_1_121' title='bbox 1670 1623 1795 1658; x_wconf 88' lang='grc' dir='ltr'>συν-</span> 
     </span>
    </p>
   </div>
   <div class='ocr_carea' id='block_1_19' title="bbox 1897 517 3481 589">
    <p class='ocr_par' dir='ltr' id='par_1_19' title="bbox 1897 517 3481 589">
     <span class='ocr_line' id='line_1_19' title="bbox 1897 517 3481 589; baseline 0.003 -17"><span class='ocrx_word' id='word_1_122' title='bbox 1897 533 2080 573; x_wconf 86' lang='lat' dir='ltr'><strong>rerqu</strong></span> <span class='ocrx_word' id='word_1_123' title='bbox 2115 521 2550 573; x_wconf 84' lang='lat' dir='ltr'><strong>necessariarum</strong></span> <span class='ocrx_word' id='word_1_124' title='bbox 2578 517 2842 587; x_wconf 82' lang='lat' dir='ltr'><strong>inopiam,</strong></span> <span class='ocrx_word' id='word_1_125' title='bbox 2873 519 3244 587; x_wconf 75' lang='lat' dir='ltr'><strong>tnmniumque</strong></span> <span class='ocrx_word' id='word_1_126' title='bbox 3272 520 3481 589; x_wconf 76' lang='lat' dir='ltr'><strong>perfra-</strong></span> 
     </span>
    </p>
   </div>
   <div class='ocr_carea' id='block_1_20' title="bbox 1896 608 3480 678">
    <p class='ocr_par' dir='ltr' id='par_1_20' title="bbox 1896 608 3480 678">
     <span class='ocr_line' id='line_1_20' title="bbox 1896 608 3480 678; baseline 0.003 -15"><span class='ocrx_word' id='word_1_127' title='bbox 1896 610 2130 665; x_wconf 84' lang='lat' dir='ltr'><strong>ctiones.</strong></span> <span class='ocrx_word' id='word_1_128' title='bbox 2163 609 2433 675; x_wconf 83' lang='lat' dir='ltr'><strong>Quocirca</strong></span> <span class='ocrx_word' id='word_1_129' title='bbox 2479 608 2796 678; x_wconf 88' lang='lat' dir='ltr'><strong>frequenter</strong></span> <span class='ocrx_word' id='word_1_130' title='bbox 2820 609 2983 663; x_wconf 88' lang='lat' dir='ltr'><strong>etiam</strong></span> <span class='ocrx_word' id='word_1_131' title='bbox 3033 609 3086 664; x_wconf 90' lang='lat' dir='ltr'><strong>in</strong></span> <span class='ocrx_word' id='word_1_132' title='bbox 3126 611 3480 668; x_wconf 81' lang='lat' dir='ltr'><strong>interioribus</strong></span> 
     </span>
    </p>
   </div>
   <div class='ocr_carea' id='block_1_21' title="bbox 1896 700 3482 773">
    <p class='ocr_par' dir='ltr' id='par_1_21' title="bbox 1896 700 3482 773">
     <span class='ocr_line' id='line_1_21' title="bbox 1896 700 3482 773; baseline 0.003 -18"><span class='ocrx_word' id='word_1_133' title='bbox 1896 702 2093 772; x_wconf 94' lang='lat' dir='ltr'><strong>plateis</strong></span> <span class='ocrx_word' id='word_1_134' title='bbox 2124 702 2293 757; x_wconf 90' lang='lat' dir='ltr'><strong>densa</strong></span> <span class='ocrx_word' id='word_1_135' title='bbox 2319 702 2683 757; x_wconf 88' lang='lat' dir='ltr'><strong>multitudinis</strong></span> <span class='ocrx_word' id='word_1_136' title='bbox 2708 700 2833 773; x_wconf 77' lang='lat' dir='ltr'><strong>fuga</strong></span> <span class='ocrx_word' id='word_1_137' title='bbox 2865 702 3061 768; x_wconf 86' lang='lat' dir='ltr'><strong>fiebat,</strong></span> <span class='ocrx_word' id='word_1_138' title='bbox 3092 701 3482 772; x_wconf 87' lang='lat' dir='ltr'><strong>impulsiones-</strong></span> 
     </span>
    </p>
   </div>
   <div class='ocr_carea' id='block_1_22' title="bbox 1895 794 3481 864">
    <p class='ocr_par' dir='ltr' id='par_1_22' title="bbox 1895 794 3481 864">
     <span class='ocr_line' id='line_1_22' title="bbox 1895 794 3481 864; baseline 0.002 -18"><span class='ocrx_word' id='word_1_139' title='bbox 1895 808 2002 864; x_wconf 89' lang='lat' dir='ltr'><strong>que</strong></span> <span class='ocrx_word' id='word_1_140' title='bbox 2024 801 2228 847; x_wconf 65' lang='lat' dir='ltr'><strong>mutua:</strong></span> <span class='ocrx_word' id='word_1_141' title='bbox 2246 834 2260 858; x_wconf 94' lang='lat'><strong>,</strong></span> <span class='ocrx_word' id='word_1_142' title='bbox 2285 802 2339 847; x_wconf 89' lang='lat' dir='ltr'><strong>et</strong></span> <span class='ocrx_word' id='word_1_143' title='bbox 2368 809 2596 863; x_wconf 84' lang='lat' dir='ltr'><strong>pavores</strong></span> <span class='ocrx_word' id='word_1_144' title='bbox 2619 794 2910 858; x_wconf 79' lang='lat' dir='ltr'><strong>subitanei,</strong></span> <span class='ocrx_word' id='word_1_145' title='bbox 2944 794 3166 863; x_wconf 87' lang='lat' dir='ltr'><strong>perinde</strong></span> <span class='ocrx_word' id='word_1_146' title='bbox 3196 810 3259 850; x_wconf 89' lang='lat' dir='ltr'><strong>ac</strong></span> <span class='ocrx_word' id='word_1_147' title='bbox 3284 796 3328 851; x_wconf 90' lang='lat' dir='ltr'><strong>si</strong></span> <span class='ocrx_word' id='word_1_148' title='bbox 3355 796 3481 849; x_wconf 87' lang='lat' dir='ltr'><strong>bar-</strong></span> 
     </span>
    </p>
   </div>
   <div class='ocr_carea' id='block_1_23' title="bbox 1897 883 3482 956">
    <p class='ocr_par' dir='ltr' id='par_1_23' title="bbox 1897 883 3482 956">
     <span class='ocr_line' id='line_1_23' title="bbox 1897 883 3482 956; baseline 0 -16"><span class='ocrx_word' id='word_1_149' title='bbox 1897 885 2011 940; x_wconf 89' lang='lat' dir='ltr'><strong>bari</strong></span> <span class='ocrx_word' id='word_1_150' title='bbox 2041 883 2154 954; x_wconf 83' lang='lat' dir='ltr'><strong>jam</strong></span> <span class='ocrx_word' id='word_1_151' title='bbox 2181 884 2524 953; x_wconf 86' lang='lat' dir='ltr'><strong>irrupissem.</strong></span> <span class='ocrx_word' id='word_1_152' title='bbox 2555 885 2751 956; x_wconf 84' lang='lat' dir='ltr'><strong>lugens</strong></span> <span class='ocrx_word' id='word_1_153' title='bbox 2782 885 2945 940; x_wconf 86' lang='lat' dir='ltr'><strong>etiam</strong></span> <span class='ocrx_word' id='word_1_154' title='bbox 2982 883 3166 952; x_wconf 75' lang='lat' dir='ltr'><strong>fragor</strong></span> <span class='ocrx_word' id='word_1_155' title='bbox 3194 900 3258 940; x_wconf 90' lang='lat' dir='ltr'><strong>ac</strong></span> <span class='ocrx_word' id='word_1_156' title='bbox 3284 887 3482 956; x_wconf 79' lang='lat' dir='ltr'><strong>strepi—</strong></span> 
     </span>
    </p>
   </div>
   <div class='ocr_carea' id='block_1_24' title="bbox 1896 974 3484 1043">
    <p class='ocr_par' dir='ltr' id='par_1_24' title="bbox 1896 974 3484 1043">
     <span class='ocr_line' id='line_1_24' title="bbox 1896 974 3484 1043; baseline 0 -14"><span class='ocrx_word' id='word_1_157' title='bbox 1896 984 1983 1029; x_wconf 85' lang='lat' dir='ltr'><strong>tus</strong></span> <span class='ocrx_word' id='word_1_158' title='bbox 2014 975 2068 1027; x_wconf 92' lang='lat' dir='ltr'><strong>in</strong></span> <span class='ocrx_word' id='word_1_159' title='bbox 2095 974 2336 1028; x_wconf 83' lang='lat' dir='ltr'><strong>tabernis</strong></span> <span class='ocrx_word' id='word_1_160' title='bbox 2362 975 2505 1043; x_wconf 89' lang='lat' dir='ltr'><strong>apud</strong></span> <span class='ocrx_word' id='word_1_161' title='bbox 2536 974 2712 1029; x_wconf 89' lang='lat' dir='ltr'><strong>forum</strong></span> <span class='ocrx_word' id='word_1_162' title='bbox 2740 975 3101 1042; x_wconf 77' lang='lat' dir='ltr'><strong>excitabatur,</strong></span> <span class='ocrx_word' id='word_1_163' title='bbox 3132 974 3342 1032; x_wconf 90' lang='lat' dir='ltr'><strong>foribus</strong></span> <span class='ocrx_word' id='word_1_164' title='bbox 3372 977 3484 1030; x_wconf 81' lang='lat' dir='ltr'><strong>vio-</strong></span> 
     </span>
    </p>
   </div>
   <div class='ocr_carea' id='block_1_25' title="bbox 1897 1063 3481 1136">
    <p class='ocr_par' dir='ltr' id='par_1_25' title="bbox 1897 1063 3481 1136">
     <span class='ocr_line' id='line_1_25' title="bbox 1897 1063 3481 1136; baseline 0.001 -16"><span class='ocrx_word' id='word_1_165' title='bbox 1897 1065 2099 1121; x_wconf 90' lang='lat' dir='ltr'><strong>lentius</strong></span> <span class='ocrx_word' id='word_1_166' title='bbox 2129 1066 2360 1120; x_wconf 87' lang='lat' dir='ltr'><strong>collisis.</strong></span> <span class='ocrx_word' id='word_1_167' title='bbox 2392 1063 2580 1135; x_wconf 85' lang='lat' dir='ltr'><strong>Neque</strong></span> <span class='ocrx_word' id='word_1_168' title='bbox 2609 1065 2773 1136; x_wconf 81' lang='lat'><strong>309</strong></span> <span class='ocrx_word' id='word_1_169' title='bbox 2793 1081 2921 1121; x_wconf 84' lang='lat' dir='ltr'><strong>vero</strong></span> <span class='ocrx_word' id='word_1_170' title='bbox 2946 1067 3156 1136; x_wconf 82' lang='lat' dir='ltr'><strong>plebem</strong></span> <span class='ocrx_word' id='word_1_171' title='bbox 3183 1076 3391 1122; x_wconf 90' lang='lat' dir='ltr'><strong>tantum</strong></span> <span class='ocrx_word' id='word_1_172' title='bbox 3416 1083 3481 1123; x_wconf 89' lang='lat' dir='ltr'><strong>ac</strong></span> 
     </span>
    </p>
   </div>
   <div class='ocr_carea' id='block_1_26' title="bbox 1896 1153 3479 1224">
    <p class='ocr_par' dir='ltr' id='par_1_26' title="bbox 1896 1153 3479 1224">
     <span class='ocr_line' id='line_1_26' title="bbox 1896 1153 3479 1224; baseline 0.003 -17"><span class='ocrx_word' id='word_1_173' title='bbox 1896 1154 2093 1224; x_wconf 83' lang='lat' dir='ltr'><strong>vulgus</strong></span> <span class='ocrx_word' id='word_1_174' title='bbox 2117 1153 2403 1207; x_wconf 86' lang='lat' dir='ltr'><strong>hominum</strong></span> <span class='ocrx_word' id='word_1_175' title='bbox 2429 1154 2586 1207; x_wconf 87' lang='lat' dir='ltr'><strong>dolor</strong></span> <span class='ocrx_word' id='word_1_176' title='bbox 2606 1164 2656 1208; x_wconf 90' lang='lat' dir='ltr'><strong>et</strong></span> <span class='ocrx_word' id='word_1_177' title='bbox 2692 1169 2855 1223; x_wconf 81' lang='lat' dir='ltr'><strong>pavor</strong></span> <span class='ocrx_word' id='word_1_178' title='bbox 2883 1155 3175 1220; x_wconf 80' lang='lat' dir='ltr'><strong>invaserat,</strong></span> <span class='ocrx_word' id='word_1_179' title='bbox 3201 1157 3293 1211; x_wconf 89' lang='lat' dir='ltr'><strong>sed</strong></span> <span class='ocrx_word' id='word_1_180' title='bbox 3316 1157 3479 1211; x_wconf 88' lang='lat' dir='ltr'><strong>etiam</strong></span> 
     </span>
    </p>
   </div>
   <div class='ocr_carea' id='block_1_27' title="bbox 1894 1244 3479 1317">
    <p class='ocr_par' dir='ltr' id='par_1_27' title="bbox 1894 1244 3479 1317">
     <span class='ocr_line' id='line_1_27' title="bbox 1894 1244 3479 1317; baseline 0.002 -17"><span class='ocrx_word' id='word_1_181' title='bbox 1894 1259 2090 1300; x_wconf 79' lang='lat' dir='ltr'><strong>ornnes</strong></span> <span class='ocrx_word' id='word_1_182' title='bbox 2122 1245 2277 1301; x_wconf 89' lang='lat' dir='ltr'><strong>urbis</strong></span> <span class='ocrx_word' id='word_1_183' title='bbox 2302 1246 2593 1316; x_wconf 82' lang='lat' dir='ltr'><strong>primores.</strong></span> <span class='ocrx_word' id='word_1_184' title='bbox 2620 1244 2761 1312; x_wconf 86' lang='lat' dir='ltr'><strong>Quin</strong></span> <span class='ocrx_word' id='word_1_185' title='bbox 2796 1255 2850 1300; x_wconf 91' lang='lat' dir='ltr'><strong>et</strong></span> <span class='ocrx_word' id='word_1_186' title='bbox 2893 1247 3190 1317; x_wconf 86' lang='lat' dir='ltr'><strong>imperator</strong></span> <span class='ocrx_word' id='word_1_187' title='bbox 3225 1250 3338 1317; x_wconf 89' lang='lat' dir='ltr'><strong>ipse</strong></span> <span class='ocrx_word' id='word_1_188' title='bbox 3371 1265 3479 1303; x_wconf 90' lang='lat' dir='ltr'><strong>non</strong></span> 
     </span>
    </p>
   </div>
   <div class='ocr_carea' id='block_1_28' title="bbox 1896 1338 3485 1405">
    <p class='ocr_par' dir='ltr' id='par_1_28' title="bbox 1896 1338 3485 1405">
     <span class='ocr_line' id='line_1_28' title="bbox 1896 1338 3485 1405; baseline 0.003 -16"><span class='ocrx_word' id='word_1_189' title='bbox 1896 1350 2088 1405; x_wconf 87' lang='lat' dir='ltr'><strong>parum</strong></span> <span class='ocrx_word' id='word_1_190' title='bbox 2124 1350 2190 1391; x_wconf 89' lang='lat' dir='ltr'><strong>eo</strong></span> <span class='ocrx_word' id='word_1_191' title='bbox 2216 1351 2399 1391; x_wconf 89' lang='lat' dir='ltr'><strong>rerum</strong></span> <span class='ocrx_word' id='word_1_192' title='bbox 2436 1345 2579 1392; x_wconf 88' lang='lat' dir='ltr'><strong>statu</strong></span> <span class='ocrx_word' id='word_1_193' title='bbox 2618 1338 3086 1393; x_wconf 82' lang='lat' dir='ltr'><strong>commovebatur.</strong></span> <span class='ocrx_word' id='word_1_194' title='bbox 3126 1338 3485 1394; x_wconf 86' lang='lat' dir='ltr'><strong>Nudabantur</strong></span> 
     </span>
    </p>
   </div>
   <div class='ocr_carea' id='block_1_29' title="bbox 1900 1427 3485 1500">
    <p class='ocr_par' dir='ltr' id='par_1_29' title="bbox 1900 1427 3485 1500">
     <span class='ocr_line' id='line_1_29' title="bbox 1900 1427 3485 1500; baseline 0.002 -17"><span class='ocrx_word' id='word_1_195' title='bbox 1900 1429 2092 1498; x_wconf 82' lang='lat' dir='ltr'><strong>itaque</strong></span> <span class='ocrx_word' id='word_1_196' title='bbox 2121 1427 2238 1484; x_wconf 88' lang='lat' dir='ltr'><strong>suis</strong></span> <span class='ocrx_word' id='word_1_197' title='bbox 2274 1429 2615 1483; x_wconf 80' lang='lat' dir='ltr'><strong>ornamentis</strong></span> <span class='ocrx_word' id='word_1_198' title='bbox 2659 1429 2830 1498; x_wconf 90' lang='lat' dir='ltr'><strong>ipsius</strong></span> <span class='ocrx_word' id='word_1_199' title='bbox 2866 1430 3134 1499; x_wconf 89' lang='lat' dir='ltr'><strong>permissu</strong></span> <span class='ocrx_word' id='word_1_200' title='bbox 3181 1440 3343 1500; x_wconf 89' lang='lat' dir='ltr'><strong>atque</strong></span> <span class='ocrx_word' id='word_1_201' title='bbox 3372 1449 3485 1486; x_wconf 89' lang='lat' dir='ltr'><strong>au-</strong></span> 
     </span>
    </p>
   </div>
   <div class='ocr_carea' id='block_1_30' title="bbox 1895 1523 3481 1593">
    <p class='ocr_par' dir='ltr' id='par_1_30' title="bbox 1895 1523 3481 1593">
     <span class='ocr_line' id='line_1_30' title="bbox 1895 1523 3481 1593; baseline 0 -14"><span class='ocrx_word' id='word_1_202' title='bbox 1895 1523 2151 1579; x_wconf 84' lang='lat' dir='ltr'><strong>ctoritate</strong></span> <span class='ocrx_word' id='word_1_203' title='bbox 2180 1524 2379 1593; x_wconf 89' lang='lat' dir='ltr'><strong>templa</strong></span> <span class='ocrx_word' id='word_1_204' title='bbox 2401 1563 2416 1587; x_wconf 92' lang='lat'><strong>,</strong></span> <span class='ocrx_word' id='word_1_205' title='bbox 2445 1531 2716 1593; x_wconf 91' lang='lat' dir='ltr'><strong>quotquot</strong></span> <span class='ocrx_word' id='word_1_206' title='bbox 2753 1532 2906 1577; x_wconf 69' lang='lat' dir='ltr'><strong>extra</strong></span> <span class='ocrx_word' id='word_1_207' title='bbox 2932 1524 3122 1576; x_wconf 86' lang='lat' dir='ltr'><strong>urbem</strong></span> <span class='ocrx_word' id='word_1_208' title='bbox 3153 1532 3308 1578; x_wconf 90' lang='lat' dir='ltr'><strong>erant</strong></span> <span class='ocrx_word' id='word_1_209' title='bbox 3344 1526 3481 1589; x_wconf 89' lang='lat' dir='ltr'><strong>sita,</strong></span> 
     </span>
    </p>
   </div>
   <div class='ocr_carea' id='block_1_31' title="bbox 1898 1615 3485 1686">
    <p class='ocr_par' dir='ltr' id='par_1_31' title="bbox 1898 1615 3485 1686">
     <span class='ocr_line' id='line_1_31' title="bbox 1898 1615 3485 1686; baseline 0.001 -17"><span class='ocrx_word' id='word_1_210' title='bbox 1898 1615 1965 1670; x_wconf 88' lang='lat' dir='ltr'><strong>ad</strong></span> <span class='ocrx_word' id='word_1_211' title='bbox 2001 1615 2330 1685; x_wconf 65' lang='lat' dir='ltr'><strong>Europa-um</strong></span> <span class='ocrx_word' id='word_1_212' title='bbox 2362 1616 2507 1671; x_wconf 91' lang='lat' dir='ltr'><strong>latus</strong></span> <span class='ocrx_word' id='word_1_213' title='bbox 2539 1623 2593 1669; x_wconf 89' lang='lat' dir='ltr'><strong>ct</strong></span> <span class='ocrx_word' id='word_1_214' title='bbox 2637 1616 2756 1670; x_wconf 92' lang='lat' dir='ltr'><strong>loca</strong></span> <span class='ocrx_word' id='word_1_215' title='bbox 2791 1616 2958 1670; x_wconf 85' lang='lat' dir='ltr'><strong>littori</strong></span> <span class='ocrx_word' id='word_1_216' title='bbox 3006 1616 3331 1684; x_wconf 74' lang='lat' dir='ltr'><strong>adiacentia,</strong></span> <span class='ocrx_word' id='word_1_217' title='bbox 3364 1633 3485 1686; x_wconf 68' lang='lat' dir='ltr'><strong>qua:</strong></span> 
     </span>
    </p>
   </div>
   <div class='ocr_carea' id='block_1_32' title="bbox 204 1693 1803 1775">
    <p class='ocr_par' dir='ltr' id='par_1_32' title="bbox 204 1693 1798 1771">
     <span class='ocr_line' id='line_1_32' title="bbox 204 1693 1798 1771; baseline -0.003 -16"><span class='ocrx_word' id='word_1_218' title='bbox 204 1700 496 1771; x_wconf 80' lang='grc' dir='ltr'>ἀπολήγει.</span> <span class='ocrx_word' id='word_1_219' title='bbox 530 1698 752 1752; x_wconf 81' lang='grc' dir='ltr'>Τούτων</span> <span class='ocrx_word' id='word_1_220' title='bbox 775 1697 839 1769; x_wconf 84' lang='grc' dir='ltr'>δὴ</span> <span class='ocrx_word' id='word_1_221' title='bbox 866 1693 960 1752; x_wconf 82' lang='grc' dir='ltr'>οὖν</span> <span class='ocrx_word' id='word_1_222' title='bbox 999 1698 1253 1752; x_wconf 84' lang='grc' dir='ltr'>ἁπάντων</span> <span class='ocrx_word' id='word_1_223' title='bbox 1278 1697 1347 1752; x_wconf 88' lang='grc' dir='ltr'><strong>τά</strong></span> <span class='ocrx_word' id='word_1_224' title='bbox 1374 1715 1434 1751; x_wconf 90' lang='grc' dir='ltr'><strong>τε</strong></span> <span class='ocrx_word' id='word_1_225' title='bbox 1470 1697 1661 1768; x_wconf 77' lang='grc' dir='ltr'>ἔντιμα</span> <span class='ocrx_word' id='word_1_226' title='bbox 1687 1697 1798 1751; x_wconf 90' lang='grc' dir='ltr'><strong>τῶν</strong></span> 
     </span>
    </p>
   </div>
   <div class='ocr_carea' id='block_1_33' title="bbox 1904 1693 3482 1775">
    <p class='ocr_par' dir='ltr' id='par_1_33' title="bbox 1904 1704 3482 1775">
     <span class='ocr_line' id='line_1_33' title="bbox 1904 1704 3482 1775; baseline 0.003 -18"><span class='ocrx_word' id='word_1_227' title='bbox 1904 1705 2118 1775; x_wconf 89' lang='lat' dir='ltr'><strong>quidem</strong></span> <span class='ocrx_word' id='word_1_228' title='bbox 2150 1720 2182 1760; x_wconf 92' lang='lat' dir='ltr'><strong>e</strong></span> <span class='ocrx_word' id='word_1_229' title='bbox 2208 1704 2522 1760; x_wconf 88' lang='lat' dir='ltr'><strong>Blachernis</strong></span> <span class='ocrx_word' id='word_1_230' title='bbox 2545 1714 2599 1760; x_wconf 88' lang='lat' dir='ltr'><strong>et</strong></span> <span class='ocrx_word' id='word_1_231' title='bbox 2631 1704 2812 1761; x_wconf 89' lang='lat' dir='ltr'><strong>Cornu</strong></span> <span class='ocrx_word' id='word_1_232' title='bbox 2840 1706 2911 1759; x_wconf 91' lang='lat' dir='ltr'><strong>ita</strong></span> <span class='ocrx_word' id='word_1_233' title='bbox 2937 1706 3099 1760; x_wconf 90' lang='lat' dir='ltr'><strong>dictis</strong></span> <span class='ocrx_word' id='word_1_234' title='bbox 3119 1706 3184 1760; x_wconf 89' lang='lat' dir='ltr'><strong>ad</strong></span> <span class='ocrx_word' id='word_1_235' title='bbox 3213 1707 3482 1761; x_wconf 75' lang='lat' dir='ltr'><strong>Euxinum</strong></span> 
     </span>
    </p>
   </div>
   <div class='ocr_carea' id='block_1_34' title="bbox 205 1772 1803 1867">
    <p class='ocr_par' dir='ltr' id='par_1_34' title="bbox 205 1785 1798 1861">
     <span class='ocr_line' id='line_1_34' title="bbox 205 1785 1798 1861; baseline 0.001 -20"><span class='ocrx_word' id='word_1_236' title='bbox 205 1786 581 1858; x_wconf 81' lang='grc' dir='ltr'>ἀναθημάτων</span> <span class='ocrx_word' id='word_1_237' title='bbox 632 1786 727 1840; x_wconf 79' lang='grc' dir='ltr'>καὶ</span> <span class='ocrx_word' id='word_1_238' title='bbox 770 1785 871 1858; x_wconf 78' lang='grc' dir='ltr'>τὴν</span> <span class='ocrx_word' id='word_1_239' title='bbox 918 1786 1085 1858; x_wconf 80' lang='grc' dir='ltr'>ἀλλην</span> <span class='ocrx_word' id='word_1_240' title='bbox 1125 1787 1521 1861; x_wconf 77' lang='grc' dir='ltr'>ἀφαιρούμενοι</span> <span class='ocrx_word' id='word_1_241' title='bbox 1554 1788 1599 1820; x_wconf 73' lang='grc'><strong>⁸³</strong></span> <span class='ocrx_word' id='word_1_242' title='bbox 1630 1805 1798 1842; x_wconf 80' lang='grc' dir='ltr'>κατα·-</span> 
     </span>
    </p>
   </div>
   <div class='ocr_carea' id='block_1_35' title="bbox 1904 1772 3483 1867">
    <p class='ocr_par' dir='ltr' id='par_1_35' title="bbox 1904 1772 3483 1867">
     <span class='ocr_line' id='line_1_35' title="bbox 1904 1772 3483 1867; baseline 0.001 -18"><span class='ocrx_word' id='word_1_243' title='bbox 1904 1772 2074 1866; x_wconf 81' lang='lat' dir='ltr'><strong>usque</strong></span> <span class='ocrx_word' id='word_1_244' title='bbox 2103 1804 2328 1866; x_wconf 89' lang='lat' dir='ltr'><strong>pontum</strong></span> <span class='ocrx_word' id='word_1_245' title='bbox 2354 1805 2610 1867; x_wconf 85' lang='lat' dir='ltr'><strong>protcnsa</strong></span> <span class='ocrx_word' id='word_1_246' title='bbox 2635 1796 2689 1849; x_wconf 92' lang='lat' dir='ltr'><strong>in</strong></span> <span class='ocrx_word' id='word_1_247' title='bbox 2721 1795 3065 1865; x_wconf 86' lang='lat' dir='ltr'><strong>Bosphorum</strong></span> <span class='ocrx_word' id='word_1_248' title='bbox 3100 1795 3376 1851; x_wconf 74' lang='lat' dir='ltr'><strong>desinunt.</strong></span> <span class='ocrx_word' id='word_1_249' title='bbox 3408 1797 3483 1851; x_wconf 67' lang='lat' dir='ltr'><strong>Ex</strong></span> 
     </span>
    </p>
   </div>
   <div class='ocr_carea' id='block_1_36' title="bbox 210 1874 1797 1952">
    <p class='ocr_par' dir='ltr' id='par_1_36' title="bbox 210 1874 1797 1952">
     <span class='ocr_line' id='line_1_36' title="bbox 210 1874 1797 1952; baseline 0.002 -22"><span class='ocrx_word' id='word_1_250' title='bbox 210 1878 413 1950; x_wconf 79' lang='grc' dir='ltr'>σκευὴν</span> <span class='ocrx_word' id='word_1_251' title='bbox 436 1874 517 1942; x_wconf 74' lang='grc' dir='ltr'>οἷς</span> <span class='ocrx_word' id='word_1_252' title='bbox 549 1877 725 1931; x_wconf 78' lang='grc' dir='ltr'>ταῦτα</span> <span class='ocrx_word' id='word_1_253' title='bbox 750 1879 952 1943; x_wconf 84' lang='grc' dir='ltr'>ἀνεῖτο,</span> <span class='ocrx_word' id='word_1_254' title='bbox 994 1879 1062 1933; x_wconf 85' lang='grc' dir='ltr'>τὰ</span> <span class='ocrx_word' id='word_1_255' title='bbox 1092 1878 1193 1950; x_wconf 82' lang='grc' dir='ltr'>μὲν</span> <span class='ocrx_word' id='word_1_256' title='bbox 1230 1880 1317 1947; x_wconf 73' lang='grc' dir='ltr'><strong>ἐφ’</strong></span> <span class='ocrx_word' id='word_1_257' title='bbox 1346 1877 1571 1951; x_wconf 82' lang='grc' dir='ltr'>ἁμαξῶν</span> <span class='ocrx_word' id='word_1_258' title='bbox 1602 1881 1797 1952; x_wconf 82' lang='grc' dir='ltr'>φέρον-</span> 
     </span>
    </p>
   </div>
   <div class='ocr_carea' id='block_1_37' title="bbox 208 1969 1798 2038">
    <p class='ocr_par' dir='ltr' id='par_1_37' title="bbox 208 1969 1798 2038">
     <span class='ocr_line' id='line_1_37' title="bbox 208 1969 1798 2038; baseline 0.001 -15"><span class='ocrx_word' id='word_1_259' title='bbox 208 1988 322 2035; x_wconf 86' lang='grc' dir='ltr'>τες,</span> <span class='ocrx_word' id='word_1_260' title='bbox 365 1970 497 2023; x_wconf 82' lang='grc' dir='ltr'>εἴσω</span> <span class='ocrx_word' id='word_1_261' title='bbox 537 1970 636 2038; x_wconf 84' lang='grc' dir='ltr'>τῆς</span> <span class='ocrx_word' id='word_1_262' title='bbox 676 1969 884 2032; x_wconf 85' lang='grc' dir='ltr'>πόλεως</span> <span class='ocrx_word' id='word_1_263' title='bbox 914 1970 1234 2023; x_wconf 82' lang='grc' dir='ltr'>ἀπετίθεντο</span> <span class='ocrx_word' id='word_1_264' title='bbox 1263 1970 1328 2037; x_wconf 72' lang='grc'>¹⁸,</span> <span class='ocrx_word' id='word_1_265' title='bbox 1360 1969 1430 2023; x_wconf 82' lang='grc' dir='ltr'>τὰ</span> <span class='ocrx_word' id='word_1_266' title='bbox 1469 1971 1529 2025; x_wconf 77' lang='grc' dir='ltr'>δὲ</span> <span class='ocrx_word' id='word_1_267' title='bbox 1572 1972 1798 2037; x_wconf 81' lang='grc' dir='ltr'>ἀκάτοις</span> 
     </span>
    </p>
   </div>
   <div class='ocr_carea' id='block_1_38' title="bbox 218 2060 1799 2134">
    <p class='ocr_par' dir='ltr' id='par_1_38' title="bbox 218 2060 1799 2134">
     <span class='ocr_line' id='line_1_38' title="bbox 218 2060 1799 2134; baseline 0.001 -19"><span class='ocrx_word' id='word_1_268' title='bbox 218 2060 579 2131; x_wconf 75' lang='grc' dir='ltr'>ἐμϐάλλοντες</span> <span class='ocrx_word' id='word_1_269' title='bbox 608 2061 704 2115; x_wconf 75' lang='grc' dir='ltr'>καὶ</span> <span class='ocrx_word' id='word_1_270' title='bbox 731 2061 823 2115; x_wconf 71' lang='grc' dir='ltr'>τὸν</span> <span class='ocrx_word' id='word_1_271' title='bbox 859 2061 1062 2132; x_wconf 78' lang='grc' dir='ltr'>μεταξὺ</span> <span class='ocrx_word' id='word_1_272' title='bbox 1103 2062 1350 2134; x_wconf 86' lang='grc' dir='ltr'>πορθμὸν</span> <span class='ocrx_word' id='word_1_273' title='bbox 1377 2062 1799 2134; x_wconf 89' lang='grc' dir='ltr'>διαπεραιούμε-</span> 
     </span>
    </p>
   </div>
   <div class='ocr_carea' id='block_1_39' title="bbox 222 2151 1798 2226">
    <p class='ocr_par' dir='ltr' id='par_1_39' title="bbox 222 2151 1798 2226">
     <span class='ocr_line' id='line_1_39' title="bbox 222 2151 1798 2226; baseline 0.002 -20"><span class='ocrx_word' id='word_1_274' title='bbox 222 2170 323 2220; x_wconf 91' lang='grc' dir='ltr'>νοι,</span> <span class='ocrx_word' id='word_1_275' title='bbox 351 2155 409 2217; x_wconf 74' lang='grc' dir='ltr'>ἐς</span> <span class='ocrx_word' id='word_1_276' title='bbox 442 2153 540 2225; x_wconf 76' lang='grc' dir='ltr'><strong>τὴν</strong></span> <span class='ocrx_word' id='word_1_277' title='bbox 577 2154 911 2224; x_wconf 81' lang='grc' dir='ltr'>καταντικρὺ</span> <span class='ocrx_word' id='word_1_278' title='bbox 941 2154 1169 2226; x_wconf 76' lang='grc' dir='ltr'>ήπειρον</span> <span class='ocrx_word' id='word_1_279' title='bbox 1200 2154 1552 2226; x_wconf 74' lang='grc' dir='ltr'>ἀπεκόμιζον.</span> <span class='ocrx_word' id='word_1_280' title='bbox 1591 2155 1700 2208; x_wconf 82' lang='grc' dir='ltr'><strong>Καὶ</strong></span> <span class='ocrx_word' id='word_1_281' title='bbox 1717 2151 1798 2226; x_wconf 66' lang='grc' dir='ltr'>ἦν</span> 
     </span>
    </p>
   </div>
   <div class='ocr_carea' id='block_1_40' title="bbox 218 2244 1798 2319">
    <p class='ocr_par' dir='ltr' id='par_1_40' title="bbox 218 2244 1798 2319">
     <span class='ocr_line' id='line_1_40' title="bbox 218 2244 1798 2319; baseline 0.004 -22"><span class='ocrx_word' id='word_1_282' title='bbox 218 2248 277 2299; x_wconf 86' lang='grc' dir='ltr'><strong>ἐν</strong></span> <span class='ocrx_word' id='word_1_283' title='bbox 322 2245 400 2316; x_wconf 81' lang='grc' dir='ltr'>τῷ</span> <span class='ocrx_word' id='word_1_284' title='bbox 425 2247 548 2299; x_wconf 85' lang='grc' dir='ltr'>τότε</span> <span class='ocrx_word' id='word_1_285' title='bbox 572 2244 864 2300; x_wconf 80' lang='grc' dir='ltr'>θεάσασθαι</span> <span class='ocrx_word' id='word_1_286' title='bbox 890 2246 1016 2311; x_wconf 83' lang='grc' dir='ltr'>τοὺς</span> <span class='ocrx_word' id='word_1_287' title='bbox 1049 2247 1233 2319; x_wconf 82' lang='grc' dir='ltr'>ἐκείνῃ</span> <span class='ocrx_word' id='word_1_288' title='bbox 1258 2246 1395 2311; x_wconf 87' lang='grc' dir='ltr'>νεὼς</span> <span class='ocrx_word' id='word_1_289' title='bbox 1425 2249 1670 2319; x_wconf 83' lang='grc' dir='ltr'>γυμνοὺς</span> <span class='ocrx_word' id='word_1_290' title='bbox 1701 2250 1798 2303; x_wconf 77' lang='grc' dir='ltr'>καὶ</span> 
     </span>
    </p>
   </div>
   <div class='ocr_carea' id='block_1_41' title="bbox 215 2333 1808 2412">
    <p class='ocr_par' dir='ltr' id='par_1_41' title="bbox 215 2333 1808 2412">
     <span class='ocr_line' id='line_1_41' title="bbox 215 2333 1808 2412; baseline 0.004 -26"><span class='ocrx_word' id='word_1_291' title='bbox 215 2334 722 2406; x_wconf 83' lang='grc' dir='ltr'>ἀπηγλαῖσμένους.</span> <span class='ocrx_word' id='word_1_292' title='bbox 754 2333 943 2406; x_wconf 82' lang='grc' dir='ltr'>ὥσπερ</span> <span class='ocrx_word' id='word_1_293' title='bbox 970 2334 1124 2389; x_wconf 79' lang='grc' dir='ltr'>οὔπω</span> <span class='ocrx_word' id='word_1_294' title='bbox 1147 2338 1245 2407; x_wconf 80' lang='grc' dir='ltr'>τῆς</span> <span class='ocrx_word' id='word_1_295' title='bbox 1277 2338 1558 2405; x_wconf 81' lang='grc' dir='ltr'>ἁγιστείας</span> <span class='ocrx_word' id='word_1_296' title='bbox 1585 2338 1628 2371; x_wconf 77' lang='grc'><strong>³⁸</strong></span> <span class='ocrx_word' id='word_1_297' title='bbox 1673 2355 1808 2412; x_wconf 28' lang='grc' dir='ltr'>μετ-ε</span> 
     </span>
    </p>
   </div>
   <div class='ocr_carea' id='block_1_42' title="bbox 211 2425 1595 2499">
    <p class='ocr_par' dir='ltr' id='par_1_42' title="bbox 211 2425 1595 2499">
     <span class='ocr_line' id='line_1_42' title="bbox 211 2425 1595 2499; baseline 0.004 -21"><span class='ocrx_word' id='word_1_298' title='bbox 211 2426 525 2497; x_wconf 87' lang='grc' dir='ltr'>ειληχότας,</span> <span class='ocrx_word' id='word_1_299' title='bbox 555 2425 670 2480; x_wconf 79' lang='grc' dir='ltr'>ἀλλ’</span> <span class='ocrx_word' id='word_1_300' title='bbox 699 2426 825 2498; x_wconf 76' lang='grc' dir='ltr'>ἄρτι</span> <span class='ocrx_word' id='word_1_301' title='bbox 850 2426 1209 2482; x_wconf 83' lang='grc' dir='ltr'>καθίστασθαι</span> <span class='ocrx_word' id='word_1_302' title='bbox 1237 2430 1595 2499; x_wconf 77' lang='grc' dir='ltr'>ἀρχομένους.</span> 
     </span>
    </p>
   </div>
   <div class='ocr_carea' id='block_1_43' title="bbox 286 2713 1804 2787">
    <p class='ocr_par' dir='ltr' id='par_1_43' title="bbox 286 2713 1804 2787">
     <span class='ocr_line' id='line_1_43' title="bbox 286 2713 1804 2787; baseline 0.001 -18"><span class='ocrx_word' id='word_1_303' title='bbox 286 2721 370 2770; x_wconf 83' lang='grc' dir='ltr'>ιε’.</span> <span class='ocrx_word' id='word_1_304' title='bbox 403 2714 562 2768; x_wconf 77' lang='grc' dir='ltr'>Οὕτω</span> <span class='ocrx_word' id='word_1_305' title='bbox 592 2715 649 2769; x_wconf 82' lang='grc' dir='ltr'>δὲ</span> <span class='ocrx_word' id='word_1_306' title='bbox 676 2714 897 2787; x_wconf 76' lang='grc' dir='ltr'>φοϐεροί</span> <span class='ocrx_word' id='word_1_307' title='bbox 925 2732 985 2769; x_wconf 91' lang='grc' dir='ltr'><strong>τε</strong></span> <span class='ocrx_word' id='word_1_308' title='bbox 1009 2714 1102 2768; x_wconf 78' lang='grc' dir='ltr'>καὶ</span> <span class='ocrx_word' id='word_1_309' title='bbox 1128 2713 1377 2786; x_wconf 80' lang='grc' dir='ltr'>μέγιστοι</span> <span class='ocrx_word' id='word_1_310' title='bbox 1416 2714 1652 2770; x_wconf 86' lang='grc' dir='ltr'>κίνδυνοι</span> <span class='ocrx_word' id='word_1_311' title='bbox 1682 2717 1804 2770; x_wconf 81' lang='grc' dir='ltr'>ἐπί-</span> 
     </span>
    </p>
   </div>
   <div class='ocr_carea' id='block_1_44' title="bbox 204 2804 1802 2880">
    <p class='ocr_par' dir='ltr' id='par_1_44' title="bbox 204 2804 1802 2880">
     <span class='ocr_line' id='line_1_44' title="bbox 204 2804 1802 2880; baseline 0.001 -19"><span class='ocrx_word' id='word_1_312' title='bbox 204 2806 355 2873; x_wconf 80' lang='grc' dir='ltr'>δοξοι</span> <span class='ocrx_word' id='word_1_313' title='bbox 402 2808 444 2838; x_wconf 81' lang='grc'><strong>¹⁶</strong></span> <span class='ocrx_word' id='word_1_314' title='bbox 478 2804 622 2879; x_wconf 81' lang='grc' dir='ltr'>ἦσαν</span> <span class='ocrx_word' id='word_1_315' title='bbox 659 2808 733 2871; x_wconf 86' lang='grc' dir='ltr'>ὡς</span> <span class='ocrx_word' id='word_1_316' title='bbox 758 2807 974 2871; x_wconf 84' lang='grc' dir='ltr'>πάντως</span> <span class='ocrx_word' id='word_1_317' title='bbox 1003 2808 1273 2878; x_wconf 72' lang='grc' dir='ltr'>ἐσόμενοι,</span> <span class='ocrx_word' id='word_1_318' title='bbox 1316 2807 1457 2862; x_wconf 82' lang='grc' dir='ltr'>ὥστε</span> <span class='ocrx_word' id='word_1_319' title='bbox 1503 2808 1696 2879; x_wconf 85' lang='grc' dir='ltr'>ἀμέλει</span> <span class='ocrx_word' id='word_1_320' title='bbox 1723 2808 1802 2880; x_wconf 87' lang='grc' dir='ltr'>τῷ</span> 
     </span>
    </p>
   </div>
   <div class='ocr_carea' id='block_1_45' title="bbox 210 2899 1799 2973">
    <p class='ocr_par' dir='ltr' id='par_1_45' title="bbox 210 2899 1799 2973">
     <span class='ocr_line' id='line_1_45' title="bbox 210 2899 1799 2973; baseline 0.002 -21"><span class='ocrx_word' id='word_1_321' title='bbox 210 2916 275 2952; x_wconf 88' lang='grc' dir='ltr'><strong>τε</strong></span> <span class='ocrx_word' id='word_1_322' title='bbox 302 2901 360 2952; x_wconf 79' lang='grc' dir='ltr'>ὲν</span> <span class='ocrx_word' id='word_1_323' title='bbox 385 2901 587 2962; x_wconf 83' lang='grc' dir='ltr'>Συκαῖς</span> <span class='ocrx_word' id='word_1_324' title='bbox 614 2899 786 2970; x_wconf 88' lang='grc' dir='ltr'>τείχει</span> <span class='ocrx_word' id='word_1_325' title='bbox 815 2900 910 2952; x_wconf 80' lang='grc' dir='ltr'><strong>καὶ</strong></span> <span class='ocrx_word' id='word_1_326' title='bbox 930 2901 996 2970; x_wconf 84' lang='grc' dir='ltr'>τῇ</span> <span class='ocrx_word' id='word_1_327' title='bbox 1029 2900 1217 2971; x_wconf 82' lang='grc' dir='ltr'>Χρυσῇ</span> <span class='ocrx_word' id='word_1_328' title='bbox 1246 2899 1553 2971; x_wconf 84' lang='grc' dir='ltr'>καλουμένῃ</span> <span class='ocrx_word' id='word_1_329' title='bbox 1588 2900 1731 2973; x_wconf 77' lang='grc' dir='ltr'>πύλῃ</span> <span class='ocrx_word' id='word_1_330' title='bbox 1754 2902 1799 2932; x_wconf 84' lang='grc'><strong>¹⁷</strong></span> 
     </span>
    </p>
   </div>
   <div class='ocr_carea' id='block_1_46' title="bbox 213 2989 1801 3063">
    <p class='ocr_par' dir='ltr' id='par_1_46' title="bbox 213 2989 1801 3063">
     <span class='ocr_line' id='line_1_46' title="bbox 213 2989 1801 3063; baseline -0.001 -17"><span class='ocrx_word' id='word_1_331' title='bbox 213 2993 438 3063; x_wconf 81' lang='grc' dir='ltr'>λοχαγοί</span> <span class='ocrx_word' id='word_1_332' title='bbox 463 3009 608 3055; x_wconf 84' lang='grc' dir='ltr'>τινες</span> <span class='ocrx_word' id='word_1_333' title='bbox 650 2992 747 3046; x_wconf 77' lang='grc' dir='ltr'><strong>καὶ</strong></span> <span class='ocrx_word' id='word_1_334' title='bbox 788 2989 1072 3062; x_wconf 79' lang='grc' dir='ltr'>ταξίαρχοι</span> <span class='ocrx_word' id='word_1_335' title='bbox 1115 2991 1209 3045; x_wconf 79' lang='grc' dir='ltr'>καὶ</span> <span class='ocrx_word' id='word_1_336' title='bbox 1235 2991 1450 3044; x_wconf 85' lang='grc' dir='ltr'>ὁπλῖται</span> <span class='ocrx_word' id='word_1_337' title='bbox 1480 2992 1667 3045; x_wconf 75' lang='grc' dir='ltr'>πολλοὶ</span> <span class='ocrx_word' id='word_1_338' title='bbox 1705 2995 1801 3063; x_wconf 78' lang='grc' dir='ltr'><strong>ἐφ-</strong></span> 
     </span>
    </p>
   </div>
   <div class='ocr_carea' id='block_1_47' title="bbox 213 3081 1871 3177">
    <p class='ocr_par' dir='ltr' id='par_1_47' title="bbox 213 3081 1871 3177">
     <span class='ocr_line' id='line_1_47' title="bbox 213 3081 1871 3177; baseline 0.009 -45"><span class='ocrx_word' id='word_1_339' title='bbox 213 3085 584 3155; x_wconf 83' lang='grc' dir='ltr'>ειστήκεισαν,</span> <span class='ocrx_word' id='word_1_340' title='bbox 640 3081 717 3146; x_wconf 83' lang='grc' dir='ltr'>ὠς</span> <span class='ocrx_word' id='word_1_341' title='bbox 757 3081 822 3153; x_wconf 82' lang='grc' dir='ltr'>δὴ</span> <span class='ocrx_word' id='word_1_342' title='bbox 866 3081 1162 3177; x_wconf 70' lang='grc' dir='ltr'>προθύμως</span> <span class='ocrx_word' id='word_1_343' title='bbox 1210 3083 1542 3152; x_wconf 86' lang='grc' dir='ltr'>ἀμυνόμενοι</span> <span class='ocrx_word' id='word_1_344' title='bbox 1594 3084 1635 3113; x_wconf 73' lang='grc' dir='ltr'><strong>ιιι</strong></span> <span class='ocrx_word' id='word_1_345' title='bbox 1666 3085 1800 3151; x_wconf 23' lang='grc' dir='ltr'>’τοὺς</span> <span class='ocrx_word' id='word_1_346' title='bbox 1826 3117 1871 3177; x_wconf 76' lang='lat' dir='ltr'><strong>C</strong></span> 
     </span>
    </p>
   </div>
   <div class='ocr_carea' id='block_1_48' title="bbox 209 3168 1799 3245">
    <p class='ocr_par' dir='ltr' id='par_1_48' title="bbox 209 3168 1799 3245">
     <span class='ocr_line' id='line_1_48' title="bbox 209 3168 1799 3245; baseline 0.001 -18"><span class='ocrx_word' id='word_1_347' title='bbox 209 3176 523 3244; x_wconf 80' lang='grc' dir='ltr'>δυσμενεῖς,</span> <span class='ocrx_word' id='word_1_348' title='bbox 546 3173 720 3227; x_wconf 77' lang='grc' dir='ltr'>εἵπου</span> <span class='ocrx_word' id='word_1_349' title='bbox 744 3172 969 3226; x_wconf 77' lang='grc' dir='ltr'>ἐπίοιεν.</span> <span class='ocrx_word' id='word_1_350' title='bbox 1010 3168 1189 3225; x_wconf 86' lang='grc' dir='ltr'>Ἦσαν</span> <span class='ocrx_word' id='word_1_351' title='bbox 1223 3172 1279 3225; x_wconf 86' lang='grc' dir='ltr'>δὲ</span> <span class='ocrx_word' id='word_1_352' title='bbox 1315 3174 1357 3205; x_wconf 78' lang='grc'><strong>¹⁹</strong></span> <span class='ocrx_word' id='word_1_353' title='bbox 1383 3173 1441 3227; x_wconf 88' lang='grc' dir='ltr'><strong>ού</strong></span> <span class='ocrx_word' id='word_1_354' title='bbox 1469 3173 1696 3245; x_wconf 87' lang='grc' dir='ltr'>μάχιμοι</span> <span class='ocrx_word' id='word_1_355' title='bbox 1723 3173 1799 3238; x_wconf 83' lang='grc' dir='ltr'>ὡς</span> 
     </span>
    </p>
   </div>
   <div class='ocr_carea' id='block_1_49' title="bbox 209 3263 1802 3336">
    <p class='ocr_par' dir='ltr' id='par_1_49' title="bbox 209 3263 1802 3336">
     <span class='ocr_line' id='line_1_49' title="bbox 209 3263 1802 3336; baseline 0 -17"><span class='ocrx_word' id='word_1_356' title='bbox 209 3265 455 3336; x_wconf 77' lang='grc' dir='ltr'>ἀληθῶς,</span> <span class='ocrx_word' id='word_1_357' title='bbox 488 3265 611 3318; x_wconf 73' lang='grc' dir='ltr'>οὐδὲ</span> <span class='ocrx_word' id='word_1_358' title='bbox 644 3263 883 3336; x_wconf 81' lang='grc' dir='ltr'>μετρίως</span> <span class='ocrx_word' id='word_1_359' title='bbox 911 3263 1044 3332; x_wconf 77' lang='grc' dir='ltr'>γοῦν</span> <span class='ocrx_word' id='word_1_360' title='bbox 1080 3264 1148 3318; x_wconf 74' lang='grc' dir='ltr'>τὰ</span> <span class='ocrx_word' id='word_1_361' title='bbox 1176 3264 1399 3318; x_wconf 83' lang='grc' dir='ltr'>τοιαῦτα</span> <span class='ocrx_word' id='word_1_362' title='bbox 1436 3266 1802 3336; x_wconf 83' lang='grc' dir='ltr'>πεπαιδευμέ-</span> 
     </span>
    </p>
   </div>
   <div class='ocr_carea' id='block_1_50' title="bbox 208 3356 1801 3427">
    <p class='ocr_par' dir='ltr' id='par_1_50' title="bbox 208 3356 1801 3427">
     <span class='ocr_line' id='line_1_50' title="bbox 208 3356 1801 3427; baseline 0 -15"><span class='ocrx_word' id='word_1_363' title='bbox 208 3376 318 3422; x_wconf 91' lang='grc' dir='ltr'>νοι,</span> <span class='ocrx_word' id='word_1_364' title='bbox 352 3358 469 3411; x_wconf 84' lang='grc' dir='ltr'>ἀλλ’</span> <span class='ocrx_word' id='word_1_365' title='bbox 508 3359 574 3411; x_wconf 82' lang='grc' dir='ltr'><strong>ἐκ</strong></span> <span class='ocrx_word' id='word_1_366' title='bbox 615 3357 724 3411; x_wconf 89' lang='grc' dir='ltr'><strong>τῶν</strong></span> <span class='ocrx_word' id='word_1_367' title='bbox 752 3356 1052 3427; x_wconf 86' lang='grc' dir='ltr'>ταγμάτων</span> <span class='ocrx_word' id='word_1_368' title='bbox 1083 3357 1330 3423; x_wconf 76' lang='grc' dir='ltr'>ἐκείνων,</span> <span class='ocrx_word' id='word_1_369' title='bbox 1370 3357 1419 3411; x_wconf 81' lang='grc' dir='ltr'>οἳ</span> <span class='ocrx_word' id='word_1_370' title='bbox 1449 3358 1493 3389; x_wconf 70' lang='grc'><strong>⁸³</strong></span> <span class='ocrx_word' id='word_1_371' title='bbox 1523 3360 1580 3421; x_wconf 70' lang='grc' dir='ltr'>ἐς</span> <span class='ocrx_word' id='word_1_372' title='bbox 1613 3358 1674 3412; x_wconf 83' lang='grc' dir='ltr'>τὸ</span> <span class='ocrx_word' id='word_1_373' title='bbox 1718 3359 1801 3412; x_wconf 87' lang='grc' dir='ltr'>δι-</span> 
     </span>
    </p>
   </div>
   <div class='ocr_carea' id='block_1_51' title="bbox 205 3449 1801 3522">
    <p class='ocr_par' dir='ltr' id='par_1_51' title="bbox 205 3449 1801 3522">
     <span class='ocr_line' id='line_1_51' title="bbox 205 3449 1801 3522; baseline 0.001 -18"><span class='ocrx_word' id='word_1_374' title='bbox 205 3450 514 3521; x_wconf 84' lang='grc' dir='ltr'>ημερεύειν</span> <span class='ocrx_word' id='word_1_375' title='bbox 546 3467 605 3503; x_wconf 86' lang='grc' dir='ltr'><strong>τε</strong></span> <span class='ocrx_word' id='word_1_376' title='bbox 635 3451 729 3503; x_wconf 81' lang='grc' dir='ltr'>καὶ</span> <span class='ocrx_word' id='word_1_377' title='bbox 753 3449 1191 3520; x_wconf 85' lang='grc' dir='ltr'>διανυκτερεύειν</span> <span class='ocrx_word' id='word_1_378' title='bbox 1223 3452 1281 3503; x_wconf 83' lang='grc' dir='ltr'><strong>ἐν</strong></span> <span class='ocrx_word' id='word_1_379' title='bbox 1316 3452 1382 3522; x_wconf 77' lang='grc' dir='ltr'><strong>τῇ</strong></span> <span class='ocrx_word' id='word_1_380' title='bbox 1419 3450 1557 3522; x_wconf 82' lang='grc' dir='ltr'>αύλῇ</span> <span class='ocrx_word' id='word_1_381' title='bbox 1597 3451 1801 3505; x_wconf 82' lang='grc' dir='ltr'>ἀπεκέ-</span> 
     </span>
    </p>
   </div>
   <div class='ocr_carea' id='block_1_52' title="bbox 211 3539 1802 3613">
    <p class='ocr_par' dir='ltr' id='par_1_52' title="bbox 211 3539 1802 3613">
     <span class='ocr_line' id='line_1_52' title="bbox 211 3539 1802 3613; baseline 0.001 -18"><span class='ocrx_word' id='word_1_382' title='bbox 211 3558 406 3613; x_wconf 87' lang='grc' dir='ltr'>κριντο</span> <span class='ocrx_word' id='word_1_383' title='bbox 426 3542 493 3608; x_wconf 79' lang='grc'>¹²,</span> <span class='ocrx_word' id='word_1_384' title='bbox 520 3539 615 3604; x_wconf 77' lang='grc' dir='ltr'><strong>οὓς</strong></span> <span class='ocrx_word' id='word_1_385' title='bbox 658 3540 721 3612; x_wconf 82' lang='grc' dir='ltr'>δὴ</span> <span class='ocrx_word' id='word_1_386' title='bbox 763 3541 1083 3612; x_wconf 86' lang='grc' dir='ltr'>σχολαρίους</span> <span class='ocrx_word' id='word_1_387' title='bbox 1116 3542 1499 3596; x_wconf 77' lang='grc' dir='ltr'>ἀποκαλοῦσιν.</span> <span class='ocrx_word' id='word_1_388' title='bbox 1546 3539 1704 3597; x_wconf 73' lang='grc' dir='ltr'>Οὗτοι</span> <span class='ocrx_word' id='word_1_389' title='bbox 1744 3544 1802 3597; x_wconf 83' lang='grc' dir='ltr'>δὲ</span> 
     </span>
    </p>
   </div>
   <div class='ocr_carea' id='block_1_53' title="bbox 210 3631 1803 3707">
    <p class='ocr_par' dir='ltr' id='par_1_53' title="bbox 210 3631 1803 3707">
     <span class='ocr_line' id='line_1_53' title="bbox 210 3631 1803 3707; baseline 0.001 -22"><span class='ocrx_word' id='word_1_390' title='bbox 210 3631 550 3703; x_wconf 70' lang='grc' dir='ltr'>στρατιῶται</span> <span class='ocrx_word' id='word_1_391' title='bbox 580 3635 680 3703; x_wconf 84' lang='grc' dir='ltr'>μὲν</span> <span class='ocrx_word' id='word_1_392' title='bbox 706 3633 1083 3704; x_wconf 73' lang='grc' dir='ltr'>ὀνομάζονται,</span> <span class='ocrx_word' id='word_1_393' title='bbox 1114 3635 1206 3688; x_wconf 75' lang='grc' dir='ltr'>καὶ</span> <span class='ocrx_word' id='word_1_394' title='bbox 1238 3635 1647 3707; x_wconf 74' lang='grc' dir='ltr'>ἐγγεγράφαται</span> <span class='ocrx_word' id='word_1_395' title='bbox 1692 3638 1803 3699; x_wconf 83' lang='grc' dir='ltr'>τοῖς</span> 
     </span>
    </p>
   </div>
   <div class='ocr_carea' id='block_1_54' title="bbox 210 3725 1803 3796">
    <p class='ocr_par' dir='ltr' id='par_1_54' title="bbox 210 3725 1803 3796">
     <span class='ocr_line' id='line_1_54' title="bbox 210 3725 1803 3796; baseline 0.003 -17"><span class='ocrx_word' id='word_1_396' title='bbox 210 3726 328 3779; x_wconf 86' lang='grc' dir='ltr'><strong>τῶν</strong></span> <span class='ocrx_word' id='word_1_397' title='bbox 362 3725 681 3794; x_wconf 84' lang='grc' dir='ltr'>καταλόγων</span> <span class='ocrx_word' id='word_1_398' title='bbox 708 3725 953 3796; x_wconf 79' lang='grc' dir='ltr'>βιϐλίοις·</span> <span class='ocrx_word' id='word_1_399' title='bbox 988 3729 1095 3781; x_wconf 73' lang='grc' dir='ltr'>εἰσὶ</span> <span class='ocrx_word' id='word_1_400' title='bbox 1125 3728 1181 3782; x_wconf 85' lang='grc' dir='ltr'>δὲ</span> <span class='ocrx_word' id='word_1_401' title='bbox 1208 3730 1259 3782; x_wconf 80' lang='lat' dir='ltr'><strong>el</strong></span> <span class='ocrx_word' id='word_1_402' title='bbox 1285 3731 1329 3761; x_wconf 82' lang='grc'>¹¹</span> <span class='ocrx_word' id='word_1_403' title='bbox 1368 3728 1552 3782; x_wconf 79' lang='grc' dir='ltr'>πολλοὶ</span> <span class='ocrx_word' id='word_1_404' title='bbox 1592 3730 1803 3783; x_wconf 86' lang='grc' dir='ltr'>ἀστικοί</span> 
     </span>
    </p>
   </div>
   <div class='ocr_carea' id='block_1_55' title="bbox 212 3814 1803 3891">
    <p class='ocr_par' dir='ltr' id='par_1_55' title="bbox 212 3814 1803 3891">
     <span class='ocr_line' id='line_1_55' title="bbox 212 3814 1803 3891; baseline 0.003 -21"><span class='ocrx_word' id='word_1_405' title='bbox 212 3835 277 3871; x_wconf 88' lang='grc' dir='ltr'><strong>τε</strong></span> <span class='ocrx_word' id='word_1_406' title='bbox 319 3818 415 3870; x_wconf 71' lang='grc' dir='ltr'><strong>καὶ</strong></span> <span class='ocrx_word' id='word_1_407' title='bbox 454 3817 886 3888; x_wconf 85' lang='grc' dir='ltr'>φαιδροείμονες,</span> <span class='ocrx_word' id='word_1_408' title='bbox 922 3820 1016 3874; x_wconf 73' lang='grc' dir='ltr'>καὶ</span> <span class='ocrx_word' id='word_1_409' title='bbox 1060 3820 1239 3890; x_wconf 79' lang='grc' dir='ltr'>μόνον,</span> <span class='ocrx_word' id='word_1_410' title='bbox 1285 3814 1462 3891; x_wconf 79' lang='grc' dir='ltr'>οἶμαι,</span> <span class='ocrx_word' id='word_1_411' title='bbox 1493 3821 1659 3891; x_wconf 74' lang='grc' dir='ltr'>ὄγκου</span> <span class='ocrx_word' id='word_1_412' title='bbox 1707 3822 1803 3875; x_wconf 82' lang='grc' dir='ltr'>τοῦ</span> 
     </span>
    </p>
   </div>
   <div class='ocr_carea' id='block_1_56' title="bbox 221 3909 1806 3985">
    <p class='ocr_par' dir='ltr' id='par_1_56' title="bbox 221 3909 1806 3985">
     <span class='ocr_line' id='line_1_56' title="bbox 221 3909 1806 3985; baseline 0.004 -24"><span class='ocrx_word' id='word_1_413' title='bbox 221 3909 498 3980; x_wconf 79' lang='grc' dir='ltr'>βασιλείου</span> <span class='ocrx_word' id='word_1_414' title='bbox 524 3910 687 3964; x_wconf 69' lang='grc' dir='ltr'>ἕνεκα</span> <span class='ocrx_word' id='word_1_415' title='bbox 716 3911 937 3983; x_wconf 73' lang='grc' dir='ltr'>καὶτῆς</span> <span class='ocrx_word' id='word_1_416' title='bbox 972 3912 1030 3966; x_wconf 82' lang='grc' dir='ltr'>ὲν</span> <span class='ocrx_word' id='word_1_417' title='bbox 1072 3915 1193 3975; x_wconf 88' lang='grc' dir='ltr'>ταῖς</span> <span class='ocrx_word' id='word_1_418' title='bbox 1238 3913 1489 3983; x_wconf 87' lang='grc' dir='ltr'>προόδοις</span> <span class='ocrx_word' id='word_1_419' title='bbox 1530 3913 1806 3985; x_wconf 87' lang='grc' dir='ltr'>μεγαλαυ-</span> 
     </span>
    </p>
   </div>
   <div class='ocr_carea' id='block_1_57' title="bbox 223 3999 1804 4075">
    <p class='ocr_par' dir='ltr' id='par_1_57' title="bbox 223 3999 1804 4075">
     <span class='ocr_line' id='line_1_57' title="bbox 223 3999 1804 4075; baseline 0.004 -21"><span class='ocrx_word' id='word_1_420' title='bbox 223 4000 350 4071; x_wconf 82' lang='grc' dir='ltr'>χίας</span> <span class='ocrx_word' id='word_1_421' title='bbox 385 4002 431 4032; x_wconf 76' lang='grc'><strong>’³</strong></span> <span class='ocrx_word' id='word_1_422' title='bbox 465 3999 836 4074; x_wconf 73' lang='grc' dir='ltr'>ἐξευρημένοι.</span> <span class='ocrx_word' id='word_1_423' title='bbox 873 4004 985 4058; x_wconf 81' lang='grc' dir='ltr'>Καὶ</span> <span class='ocrx_word' id='word_1_424' title='bbox 1013 4003 1075 4057; x_wconf 81' lang='grc' dir='ltr'>τὸ</span> <span class='ocrx_word' id='word_1_425' title='bbox 1115 4005 1213 4075; x_wconf 80' lang='grc' dir='ltr'><strong>μὲν</strong></span> <span class='ocrx_word' id='word_1_426' title='bbox 1250 4004 1296 4035; x_wconf 68' lang='grc'>³⁸</span> <span class='ocrx_word' id='word_1_427' title='bbox 1323 4004 1551 4058; x_wconf 80' lang='grc' dir='ltr'>παλαιὸν</span> <span class='ocrx_word' id='word_1_428' title='bbox 1579 4005 1679 4059; x_wconf 80' lang='grc' dir='ltr'><strong>οὐκ</strong></span> <span class='ocrx_word' id='word_1_429' title='bbox 1708 4006 1804 4060; x_wconf 80' lang='grc' dir='ltr'>άλ-</span> 
     </span>
    </p>
   </div>
   <div class='ocr_carea' id='block_1_58' title="bbox 159 4089 1803 4169">
    <p class='ocr_par' dir='ltr' id='par_1_58' title="bbox 159 4089 1803 4169">
     <span class='ocr_line' id='line_1_58' title="bbox 159 4089 1803 4169; baseline 0.005 -28"><span class='ocrx_word' id='word_1_430' title='bbox 159 4164 163 4169; x_wconf 16' lang='lat'><strong>,</strong></span> <span class='ocrx_word' id='word_1_431' title='bbox 222 4091 351 4154; x_wconf 81' lang='grc' dir='ltr'>λους</span> <span class='ocrx_word' id='word_1_432' title='bbox 376 4090 525 4155; x_wconf 75' lang='grc' dir='ltr'>τινὰς</span> <span class='ocrx_word' id='word_1_433' title='bbox 546 4094 602 4145; x_wconf 85' lang='grc' dir='ltr'>ὲν</span> <span class='ocrx_word' id='word_1_434' title='bbox 627 4093 801 4146; x_wconf 85' lang='grc' dir='ltr'>τοῖσδε</span> <span class='ocrx_word' id='word_1_435' title='bbox 822 4092 1044 4164; x_wconf 82' lang='grc' dir='ltr'>θεμιτὸν</span> <span class='ocrx_word' id='word_1_436' title='bbox 1060 4089 1126 4165; x_wconf 79' lang='grc' dir='ltr'>ἦν</span> <span class='ocrx_word' id='word_1_437' title='bbox 1142 4095 1597 4160; x_wconf 86' lang='grc' dir='ltr'>κατατάττεσθαι,</span> <span class='ocrx_word' id='word_1_438' title='bbox 1626 4096 1657 4166; x_wconf 78' lang='grc' dir='ltr'><strong>ἢ</strong></span> <span class='ocrx_word' id='word_1_439' title='bbox 1679 4098 1803 4159; x_wconf 81' lang='grc' dir='ltr'>τοὺς</span> 
     </span>
    </p>
   </div>
   <div class='ocr_carea' id='block_1_59' title="bbox 218 4182 1805 4258">
    <p class='ocr_par' dir='ltr' id='par_1_59' title="bbox 218 4182 1805 4258">
     <span class='ocr_line' id='line_1_59' title="bbox 218 4182 1805 4258; baseline 0.003 -22"><span class='ocrx_word' id='word_1_440' title='bbox 218 4183 543 4252; x_wconf 83' lang='grc' dir='ltr'>αὐτουργεῖν</span> <span class='ocrx_word' id='word_1_441' title='bbox 574 4184 645 4238; x_wconf 78' lang='grc' dir='ltr'>τὰ</span> <span class='ocrx_word' id='word_1_442' title='bbox 676 4182 913 4254; x_wconf 83' lang='grc' dir='ltr'>πολέμια</span> <span class='ocrx_word' id='word_1_443' title='bbox 949 4186 1314 4258; x_wconf 76' lang='grc' dir='ltr'>ἠσκημένους.</span> <span class='ocrx_word' id='word_1_444' title='bbox 1348 4187 1460 4241; x_wconf 76' lang='grc' dir='ltr'>Καὶ</span> <span class='ocrx_word' id='word_1_445' title='bbox 1487 4186 1664 4240; x_wconf 91' lang='grc' dir='ltr'>τοίνυν</span> <span class='ocrx_word' id='word_1_446' title='bbox 1684 4187 1805 4241; x_wconf 74' lang='grc' dir='ltr'>οὐδὲ</span> 
     </span>
    </p>
   </div>
   <div class='ocr_carea' id='block_1_60' title="bbox 216 4268 1807 4349">
    <p class='ocr_par' dir='ltr' id='par_1_60' title="bbox 216 4268 1807 4349">
     <span class='ocr_line' id='line_1_60' title="bbox 216 4268 1807 4349; baseline 0.002 -22"><span class='ocrx_word' id='word_1_447' title='bbox 216 4274 483 4345; x_wconf 84' lang='grc' dir='ltr'>χρήματα</span> <span class='ocrx_word' id='word_1_448' title='bbox 499 4274 545 4305; x_wconf 75' lang='grc'><strong><em>³⁸</em></strong></span> <span class='ocrx_word' id='word_1_449' title='bbox 568 4274 787 4344; x_wconf 78' lang='grc' dir='ltr'>εἰσῆγον</span> <span class='ocrx_word' id='word_1_450' title='bbox 807 4268 946 4344; x_wconf 67' lang='grc' dir='ltr'>ἐφἰἶι</span> <span class='ocrx_word' id='word_1_451' title='bbox 966 4276 1486 4347; x_wconf 81' lang='grc' dir='ltr'>ὲνστρατεύσασθαι,</span> <span class='ocrx_word' id='word_1_452' title='bbox 1501 4277 1638 4332; x_wconf 89' lang='grc' dir='ltr'><strong>ἀλλά</strong></span> <span class='ocrx_word' id='word_1_453' title='bbox 1658 4295 1807 4349; x_wconf 81' lang='grc' dir='ltr'>χαρι·</span> 
     </span>
    </p>
   </div>
   <div class='ocr_carea' id='block_1_61' title="bbox 220 4362 1803 4440">
    <p class='ocr_par' dir='ltr' id='par_1_61' title="bbox 220 4362 1803 4440">
     <span class='ocr_line' id='line_1_61' title="bbox 220 4362 1803 4440; baseline 0.003 -23"><span class='ocrx_word' id='word_1_454' title='bbox 220 4362 457 4435; x_wconf 85' lang='grc' dir='ltr'>στηρίαν</span> <span class='ocrx_word' id='word_1_455' title='bbox 491 4362 763 4432; x_wconf 80' lang='grc' dir='ltr'>διαφανῶς</span> <span class='ocrx_word' id='word_1_456' title='bbox 794 4364 888 4418; x_wconf 74' lang='grc' dir='ltr'>καὶ</span> <span class='ocrx_word' id='word_1_457' title='bbox 918 4363 1151 4438; x_wconf 81' lang='grc' dir='ltr'>ἀζήμιον</span> <span class='ocrx_word' id='word_1_458' title='bbox 1190 4366 1435 4438; x_wconf 77' lang='grc' dir='ltr'>ἐδέχοντο</span> <span class='ocrx_word' id='word_1_459' title='bbox 1479 4370 1579 4439; x_wconf 81' lang='grc' dir='ltr'>τὴν</span> <span class='ocrx_word' id='word_1_460' title='bbox 1616 4370 1803 4440; x_wconf 86' lang='grc' dir='ltr'>τιμὴν,</span> 
     </span>
    </p>
   </div>
   <div class='ocr_carea' id='block_1_62' title="bbox 1898 1883 3487 1957">
    <p class='ocr_par' dir='ltr' id='par_1_62' title="bbox 1898 1883 3487 1957">
     <span class='ocr_line' id='line_1_62' title="bbox 1898 1883 3487 1957; baseline 0.001 -18"><span class='ocrx_word' id='word_1_461' title='bbox 1898 1883 1986 1941; x_wconf 86' lang='lat' dir='ltr'><strong>bis</strong></span> <span class='ocrx_word' id='word_1_462' title='bbox 2033 1885 2221 1956; x_wconf 85' lang='lat' dir='ltr'><strong>itaque</strong></span> <span class='ocrx_word' id='word_1_463' title='bbox 2247 1884 2504 1942; x_wconf 88' lang='lat' dir='ltr'><strong>omnibus</strong></span> <span class='ocrx_word' id='word_1_464' title='bbox 2546 1885 2790 1955; x_wconf 84' lang='lat' dir='ltr'><strong>pretiosa</strong></span> <span class='ocrx_word' id='word_1_465' title='bbox 2832 1884 3060 1940; x_wconf 89' lang='lat' dir='ltr'><strong>donaria</strong></span> <span class='ocrx_word' id='word_1_466' title='bbox 3107 1886 3487 1957; x_wconf 72' lang='lat' dir='ltr'><strong>reliquumque</strong></span> 
     </span>
    </p>
   </div>
   <div class='ocr_carea' id='block_1_63' title="bbox 1897 1974 3484 2049">
    <p class='ocr_par' dir='ltr' id='par_1_63' title="bbox 1897 1974 3484 2049">
     <span class='ocr_line' id='line_1_63' title="bbox 1897 1974 3484 2049; baseline 0.001 -19"><span class='ocrx_word' id='word_1_467' title='bbox 1897 1990 2115 2031; x_wconf 89' lang='lat' dir='ltr'><strong>omnem</strong></span> <span class='ocrx_word' id='word_1_468' title='bbox 2147 1984 2467 2046; x_wconf 84' lang='lat' dir='ltr'><strong>apparatum</strong></span> <span class='ocrx_word' id='word_1_469' title='bbox 2506 1974 2813 2031; x_wconf 79' lang='lat' dir='ltr'><strong>auferentes</strong></span> <span class='ocrx_word' id='word_1_470' title='bbox 2857 1975 2929 2043; x_wconf 92' lang='lat' dir='ltr'><strong>ii,</strong></span> <span class='ocrx_word' id='word_1_471' title='bbox 2964 1977 3164 2047; x_wconf 84' lang='lat' dir='ltr'><strong>quibus</strong></span> <span class='ocrx_word' id='word_1_472' title='bbox 3198 1976 3250 2030; x_wconf 87' lang='lat' dir='ltr'><strong>id</strong></span> <span class='ocrx_word' id='word_1_473' title='bbox 3282 1979 3484 2049; x_wconf 77' lang='lat' dir='ltr'><strong>negotii</strong></span> 
     </span>
    </p>
   </div>
   <div class='ocr_carea' id='block_1_64' title="bbox 1897 2067 3482 2138">
    <p class='ocr_par' dir='ltr' id='par_1_64' title="bbox 1897 2067 3482 2138">
     <span class='ocr_line' id='line_1_64' title="bbox 1897 2067 3482 2138; baseline 0.001 -16"><span class='ocrx_word' id='word_1_474' title='bbox 1897 2074 2017 2122; x_wconf 89' lang='lat' dir='ltr'><strong>erat</strong></span> <span class='ocrx_word' id='word_1_475' title='bbox 2052 2067 2238 2121; x_wconf 88' lang='lat' dir='ltr'><strong>datum</strong></span> <span class='ocrx_word' id='word_1_476' title='bbox 2264 2108 2280 2134; x_wconf 94' lang='lat'><strong>,</strong></span> <span class='ocrx_word' id='word_1_477' title='bbox 2331 2068 2527 2138; x_wconf 84' lang='lat' dir='ltr'><strong>partim</strong></span> <span class='ocrx_word' id='word_1_478' title='bbox 2569 2068 2827 2137; x_wconf 89' lang='lat' dir='ltr'><strong>plaustris</strong></span> <span class='ocrx_word' id='word_1_479' title='bbox 2866 2070 2922 2124; x_wconf 91' lang='lat' dir='ltr'><strong>in</strong></span> <span class='ocrx_word' id='word_1_480' title='bbox 2963 2070 3152 2126; x_wconf 86' lang='lat' dir='ltr'><strong>urbem</strong></span> <span class='ocrx_word' id='word_1_481' title='bbox 3201 2071 3382 2125; x_wconf 85' lang='lat' dir='ltr'><strong>delata</strong></span> <span class='ocrx_word' id='word_1_482' title='bbox 3429 2072 3482 2124; x_wconf 87' lang='lat' dir='ltr'><strong>in</strong></span> 
     </span>
    </p>
   </div>
   <div class='ocr_carea' id='block_1_65' title="bbox 1899 2159 3487 2233">
    <p class='ocr_par' dir='ltr' id='par_1_65' title="bbox 1899 2159 3487 2233">
     <span class='ocr_line' id='line_1_65' title="bbox 1899 2159 3487 2233; baseline 0.001 -19"><span class='ocrx_word' id='word_1_483' title='bbox 1899 2167 2015 2215; x_wconf 93' lang='lat' dir='ltr'><strong>tuto</strong></span> <span class='ocrx_word' id='word_1_484' title='bbox 2048 2159 2423 2225; x_wconf 85' lang='lat' dir='ltr'><strong>collocarunt,</strong></span> <span class='ocrx_word' id='word_1_485' title='bbox 2472 2161 2669 2230; x_wconf 90' lang='lat' dir='ltr'><strong>partim</strong></span> <span class='ocrx_word' id='word_1_486' title='bbox 2704 2161 2914 2233; x_wconf 84' lang='lat' dir='ltr'><strong>cymbis</strong></span> <span class='ocrx_word' id='word_1_487' title='bbox 2948 2162 3234 2233; x_wconf 89' lang='lat' dir='ltr'><strong>imposita,</strong></span> <span class='ocrx_word' id='word_1_488' title='bbox 3268 2170 3322 2217; x_wconf 87' lang='lat' dir='ltr'><strong>et</strong></span> <span class='ocrx_word' id='word_1_489' title='bbox 3348 2160 3487 2218; x_wconf 87' lang='lat' dir='ltr'><strong>freto</strong></span> 
     </span>
    </p>
   </div>
   <div class='ocr_carea' id='block_1_66' title="bbox 1899 2252 3485 2324">
    <p class='ocr_par' dir='ltr' id='par_1_66' title="bbox 1899 2252 3485 2324">
     <span class='ocr_line' id='line_1_66' title="bbox 1899 2252 3485 2324; baseline 0.002 -18"><span class='ocrx_word' id='word_1_490' title='bbox 1899 2252 2225 2309; x_wconf 89' lang='lat' dir='ltr'><strong>intermedio</strong></span> <span class='ocrx_word' id='word_1_491' title='bbox 2258 2254 2508 2324; x_wconf 87' lang='lat' dir='ltr'><strong>trajecto,</strong></span> <span class='ocrx_word' id='word_1_492' title='bbox 2530 2254 2581 2307; x_wconf 91' lang='lat' dir='ltr'><strong>in</strong></span> <span class='ocrx_word' id='word_1_493' title='bbox 2609 2255 2894 2311; x_wconf 87' lang='lat' dir='ltr'><strong>adversam</strong></span> <span class='ocrx_word' id='word_1_494' title='bbox 2926 2256 3299 2311; x_wconf 88' lang='lat' dir='ltr'><strong>continentem</strong></span> <span class='ocrx_word' id='word_1_495' title='bbox 3321 2257 3485 2312; x_wconf 88' lang='lat' dir='ltr'><strong>detu-</strong></span> 
     </span>
    </p>
   </div>
   <div class='ocr_carea' id='block_1_67' title="bbox 1898 2344 3487 2416">
    <p class='ocr_par' dir='ltr' id='par_1_67' title="bbox 1898 2344 3487 2416">
     <span class='ocr_line' id='line_1_67' title="bbox 1898 2344 3487 2416; baseline 0.002 -18"><span class='ocrx_word' id='word_1_496' title='bbox 1898 2344 2109 2411; x_wconf 89' lang='lat' dir='ltr'><strong>lerunt;</strong></span> <span class='ocrx_word' id='word_1_497' title='bbox 2133 2353 2358 2416; x_wconf 89' lang='lat' dir='ltr'><strong>eratque</strong></span> <span class='ocrx_word' id='word_1_498' title='bbox 2390 2353 2507 2401; x_wconf 90' lang='lat' dir='ltr'><strong>tum</strong></span> <span class='ocrx_word' id='word_1_499' title='bbox 2532 2346 2720 2402; x_wconf 86' lang='lat' dir='ltr'><strong>videre</strong></span> <span class='ocrx_word' id='word_1_500' title='bbox 2758 2361 2945 2402; x_wconf 88' lang='lat' dir='ltr'><strong>sacras</strong></span> <span class='ocrx_word' id='word_1_501' title='bbox 2978 2347 3044 2402; x_wconf 80' lang='lat' dir='ltr'><strong>iis</strong></span> <span class='ocrx_word' id='word_1_502' title='bbox 3077 2349 3131 2402; x_wconf 91' lang='lat' dir='ltr'><strong>in</strong></span> <span class='ocrx_word' id='word_1_503' title='bbox 3176 2348 3311 2403; x_wconf 92' lang='lat' dir='ltr'><strong>locis</strong></span> <span class='ocrx_word' id='word_1_504' title='bbox 3344 2347 3487 2402; x_wconf 81' lang='lat' dir='ltr'><strong>ardes</strong></span> 
     </span>
    </p>
   </div>
   <div class='ocr_carea' id='block_1_68' title="bbox 1902 2436 3487 2507">
    <p class='ocr_par' dir='ltr' id='par_1_68' title="bbox 1902 2436 3487 2507">
     <span class='ocr_line' id='line_1_68' title="bbox 1902 2436 3487 2507; baseline 0 -16"><span class='ocrx_word' id='word_1_505' title='bbox 1902 2438 2073 2491; x_wconf 88' lang='lat' dir='ltr'><strong>nudas</strong></span> <span class='ocrx_word' id='word_1_506' title='bbox 2101 2437 2467 2507; x_wconf 92' lang='lat' dir='ltr'><strong>omnibusque</strong></span> <span class='ocrx_word' id='word_1_507' title='bbox 2499 2436 2612 2493; x_wconf 89' lang='lat' dir='ltr'><strong>suis</strong></span> <span class='ocrx_word' id='word_1_508' title='bbox 2637 2437 2978 2492; x_wconf 86' lang='lat' dir='ltr'><strong>ornamentis</strong></span> <span class='ocrx_word' id='word_1_509' title='bbox 3014 2448 3231 2502; x_wconf 79' lang='lat' dir='ltr'><strong>exutas,</strong></span> <span class='ocrx_word' id='word_1_510' title='bbox 3262 2438 3487 2506; x_wconf 55' lang='lat' dir='ltr'><strong>perinde</strong></span> 
     </span>
    </p>
   </div>
   <div class='ocr_carea' id='block_1_69' title="bbox 1901 2527 3489 2585">
    <p class='ocr_par' dir='ltr' id='par_1_69' title="bbox 1901 2527 3489 2585">
     <span class='ocr_line' id='line_1_69' title="bbox 1901 2527 3489 2585; baseline 0.003 -4"><span class='ocrx_word' id='word_1_511' title='bbox 1901 2543 1965 2581; x_wconf 90' lang='lat' dir='ltr'><strong>ac</strong></span> <span class='ocrx_word' id='word_1_512' title='bbox 2017 2527 2153 2581; x_wconf 85' lang='lat' dir='ltr'><strong>nihil</strong></span> <span class='ocrx_word' id='word_1_513' title='bbox 2205 2528 2388 2583; x_wconf 89' lang='lat' dir='ltr'><strong>adhuc</strong></span> <span class='ocrx_word' id='word_1_514' title='bbox 2449 2529 2838 2584; x_wconf 71' lang='lat' dir='ltr'><strong>sanctimoniae</strong></span> <span class='ocrx_word' id='word_1_515' title='bbox 2892 2540 3086 2585; x_wconf 84' lang='lat' dir='ltr'><strong>nactas</strong></span> <span class='ocrx_word' id='word_1_516' title='bbox 3135 2539 3190 2585; x_wconf 89' lang='lat' dir='ltr'><strong>et</strong></span> <span class='ocrx_word' id='word_1_517' title='bbox 3241 2540 3489 2585; x_wconf 86' lang='lat' dir='ltr'><strong>recenter</strong></span> 
     </span>
    </p>
   </div>
   <div class='ocr_carea' id='block_1_70' title="bbox 1899 2621 2379 2690">
    <p class='ocr_par' dir='ltr' id='par_1_70' title="bbox 1899 2621 2379 2690">
     <span class='ocr_line' id='line_1_70' title="bbox 1899 2621 2379 2690; baseline 0.008 -17"><span class='ocrx_word' id='word_1_518' title='bbox 1899 2621 2109 2675; x_wconf 79' lang='lat' dir='ltr'><strong>exstrui</strong></span> <span class='ocrx_word' id='word_1_519' title='bbox 2147 2632 2379 2690; x_wconf 67' lang='lat' dir='ltr'><strong>coeptas.</strong></span> 
     </span>
    </p>
   </div>
   <div class='ocr_carea' id='block_1_71' title="bbox 1973 2706 3489 2783">
    <p class='ocr_par' dir='ltr' id='par_1_71' title="bbox 1973 2706 3489 2783">
     <span class='ocr_line' id='line_1_71' title="bbox 1973 2706 3489 2783; baseline 0.001 -19"><span class='ocrx_word' id='word_1_520' title='bbox 1973 2711 2061 2764; x_wconf 81' lang='lat' dir='ltr'><strong>l5.</strong></span> <span class='ocrx_word' id='word_1_521' title='bbox 2117 2706 2272 2766; x_wconf 82' lang='lat' dir='ltr'><strong>Adeo</strong></span> <span class='ocrx_word' id='word_1_522' title='bbox 2292 2726 2422 2767; x_wconf 93' lang='lat' dir='ltr'><strong>vero</strong></span> <span class='ocrx_word' id='word_1_523' title='bbox 2448 2712 2711 2767; x_wconf 89' lang='lat' dir='ltr'><strong>terribilia</strong></span> <span class='ocrx_word' id='word_1_524' title='bbox 2764 2712 3114 2783; x_wconf 78' lang='lat' dir='ltr'><strong>maximaque</strong></span> <span class='ocrx_word' id='word_1_525' title='bbox 3158 2712 3396 2783; x_wconf 87' lang='lat' dir='ltr'><strong>pericula</strong></span> <span class='ocrx_word' id='word_1_526' title='bbox 3429 2722 3489 2767; x_wconf 92' lang='lat' dir='ltr'><strong>ut</strong></span> 
     </span>
    </p>
   </div>
   <div class='ocr_carea' id='block_1_72' title="bbox 1901 2799 3489 2871">
    <p class='ocr_par' dir='ltr' id='par_1_72' title="bbox 1901 2799 3489 2871">
     <span class='ocr_line' id='line_1_72' title="bbox 1901 2799 3489 2871; baseline 0.001 -15"><span class='ocrx_word' id='word_1_527' title='bbox 1901 2801 2126 2856; x_wconf 91' lang='lat' dir='ltr'><strong>omnino</strong></span> <span class='ocrx_word' id='word_1_528' title='bbox 2152 2799 2358 2866; x_wconf 86' lang='lat' dir='ltr'><strong>futura,</strong></span> <span class='ocrx_word' id='word_1_529' title='bbox 2382 2801 2598 2856; x_wconf 89' lang='lat' dir='ltr'><strong>animos</strong></span> <span class='ocrx_word' id='word_1_530' title='bbox 2627 2803 3000 2871; x_wconf 88' lang='lat' dir='ltr'><strong>occupabant,</strong></span> <span class='ocrx_word' id='word_1_531' title='bbox 3046 2813 3102 2856; x_wconf 93' lang='lat' dir='ltr'><strong>ut</strong></span> <span class='ocrx_word' id='word_1_532' title='bbox 3130 2803 3217 2856; x_wconf 81' lang='lat' dir='ltr'><strong>vix</strong></span> <span class='ocrx_word' id='word_1_533' title='bbox 3253 2803 3306 2857; x_wconf 90' lang='lat' dir='ltr'><strong>in</strong></span> <span class='ocrx_word' id='word_1_534' title='bbox 3329 2817 3489 2857; x_wconf 86' lang='lat' dir='ltr'><strong>muro</strong></span> 
     </span>
    </p>
   </div>
   <div class='ocr_carea' id='block_1_73' title="bbox 1913 2893 3488 2963">
    <p class='ocr_par' dir='ltr' id='par_1_73' title="bbox 1913 2893 3488 2963">
     <span class='ocr_line' id='line_1_73' title="bbox 1913 2893 3488 2963; baseline 0.001 -17"><span class='ocrx_word' id='word_1_535' title='bbox 1913 2908 1944 2946; x_wconf 91' lang='lat' dir='ltr'><strong>a</strong></span> <span class='ocrx_word' id='word_1_536' title='bbox 1987 2893 2227 2948; x_wconf 84' lang='lat' dir='ltr'><strong>Fieubus</strong></span> <span class='ocrx_word' id='word_1_537' title='bbox 2274 2893 2424 2947; x_wconf 86' lang='lat' dir='ltr'><strong>dicto</strong></span> <span class='ocrx_word' id='word_1_538' title='bbox 2451 2900 2505 2946; x_wconf 91' lang='lat' dir='ltr'><strong>et</strong></span> <span class='ocrx_word' id='word_1_539' title='bbox 2550 2901 2705 2961; x_wconf 87' lang='lat' dir='ltr'><strong>porta</strong></span> <span class='ocrx_word' id='word_1_540' title='bbox 2748 2901 3053 2963; x_wconf 88' lang='lat' dir='ltr'><strong>nuncupata</strong></span> <span class='ocrx_word' id='word_1_541' title='bbox 3085 2908 3270 2959; x_wconf 88' lang='lat' dir='ltr'><strong>aurea,</strong></span> <span class='ocrx_word' id='word_1_542' title='bbox 3320 2894 3488 2949; x_wconf 88' lang='lat' dir='ltr'><strong>duces</strong></span> 
     </span>
    </p>
   </div>
   <div class='ocr_carea' id='block_1_74' title="bbox 1899 2983 3481 3055">
    <p class='ocr_par' dir='ltr' id='par_1_74' title="bbox 1899 2983 3481 3055">
     <span class='ocr_line' id='line_1_74' title="bbox 1899 2983 3481 3055; baseline 0.002 -19"><span class='ocrx_word' id='word_1_543' title='bbox 1899 2985 2122 3054; x_wconf 91' lang='lat' dir='ltr'><strong>quidam</strong></span> <span class='ocrx_word' id='word_1_544' title='bbox 2161 2993 2214 3040; x_wconf 90' lang='lat' dir='ltr'><strong>et</strong></span> <span class='ocrx_word' id='word_1_545' title='bbox 2249 2985 2457 3039; x_wconf 92' lang='lat' dir='ltr'><strong>tribuni</strong></span> <span class='ocrx_word' id='word_1_546' title='bbox 2488 2986 2752 3040; x_wconf 84' lang='lat' dir='ltr'><strong>militares</strong></span> <span class='ocrx_word' id='word_1_547' title='bbox 2777 2984 3043 3055; x_wconf 89' lang='lat' dir='ltr'><strong>multique</strong></span> <span class='ocrx_word' id='word_1_548' title='bbox 3096 2983 3307 3040; x_wconf 81' lang='lat' dir='ltr'><strong>Armati</strong></span> <span class='ocrx_word' id='word_1_549' title='bbox 3343 3000 3481 3041; x_wconf 87' lang='lat' dir='ltr'><strong>con-</strong></span> 
     </span>
    </p>
   </div>
   <div class='ocr_carea' id='block_1_75' title="bbox 1901 3075 3485 3147">
    <p class='ocr_par' dir='ltr' id='par_1_75' title="bbox 1901 3075 3485 3147">
     <span class='ocr_line' id='line_1_75' title="bbox 1901 3075 3485 3147; baseline 0.001 -16"><span class='ocrx_word' id='word_1_550' title='bbox 1901 3077 2157 3143; x_wconf 87' lang='lat' dir='ltr'><strong>stiterint,</strong></span> <span class='ocrx_word' id='word_1_551' title='bbox 2194 3086 2254 3131; x_wconf 92' lang='lat' dir='ltr'><strong>ut</strong></span> <span class='ocrx_word' id='word_1_552' title='bbox 2294 3076 2508 3132; x_wconf 81' lang='lat' dir='ltr'><strong>fortiter</strong></span> <span class='ocrx_word' id='word_1_553' title='bbox 2549 3078 2750 3143; x_wconf 89' lang='lat' dir='ltr'><strong>hostes,</strong></span> <span class='ocrx_word' id='word_1_554' title='bbox 2793 3079 2838 3131; x_wconf 90' lang='lat' dir='ltr'><strong>si</strong></span> <span class='ocrx_word' id='word_1_555' title='bbox 2869 3075 3010 3132; x_wconf 88' lang='lat' dir='ltr'><strong>forte</strong></span> <span class='ocrx_word' id='word_1_556' title='bbox 3042 3078 3302 3147; x_wconf 86' lang='lat' dir='ltr'><strong>impetum</strong></span> <span class='ocrx_word' id='word_1_557' title='bbox 3338 3076 3485 3133; x_wconf 86' lang='lat' dir='ltr'><strong>face-</strong></span> 
     </span>
    </p>
   </div>
   <div class='ocr_carea' id='block_1_76' title="bbox 1901 3165 3485 3238">
    <p class='ocr_par' dir='ltr' id='par_1_76' title="bbox 1901 3165 3485 3238">
     <span class='ocr_line' id='line_1_76' title="bbox 1901 3165 3485 3238; baseline 0 -18"><span class='ocrx_word' id='word_1_558' title='bbox 1901 3176 2054 3233; x_wconf 90' lang='lat' dir='ltr'><strong>rent,</strong></span> <span class='ocrx_word' id='word_1_559' title='bbox 2109 3167 2504 3238; x_wconf 85' lang='lat' dir='ltr'><strong>propulsarent.</strong></span> <span class='ocrx_word' id='word_1_560' title='bbox 2584 3165 2750 3220; x_wconf 89' lang='lat' dir='ltr'><strong>Erant</strong></span> <span class='ocrx_word' id='word_1_561' title='bbox 2814 3180 2945 3221; x_wconf 86' lang='lat' dir='ltr'><strong>vero</strong></span> <span class='ocrx_word' id='word_1_562' title='bbox 3007 3181 3185 3237; x_wconf 88' lang='lat' dir='ltr'><strong>neque</strong></span> <span class='ocrx_word' id='word_1_563' title='bbox 3241 3166 3485 3222; x_wconf 87' lang='lat' dir='ltr'><strong>bellicosi</strong></span> 
     </span>
    </p>
   </div>
   <div class='ocr_carea' id='block_1_77' title="bbox 1898 3258 3489 3331">
    <p class='ocr_par' dir='ltr' id='par_1_77' title="bbox 1898 3258 3489 3331">
     <span class='ocr_line' id='line_1_77' title="bbox 1898 3258 3489 3331; baseline 0.002 -17"><span class='ocrx_word' id='word_1_564' title='bbox 1898 3275 2110 3325; x_wconf 82' lang='lat' dir='ltr'><strong>revera,</strong></span> <span class='ocrx_word' id='word_1_565' title='bbox 2158 3261 2251 3315; x_wconf 88' lang='lat' dir='ltr'><strong>sed</strong></span> <span class='ocrx_word' id='word_1_566' title='bbox 2286 3275 2355 3314; x_wconf 85' lang='lat' dir='ltr'><strong>ne</strong></span> <span class='ocrx_word' id='word_1_567' title='bbox 2383 3259 2730 3314; x_wconf 88' lang='lat' dir='ltr'><strong>mediocriter</strong></span> <span class='ocrx_word' id='word_1_568' title='bbox 2767 3258 2987 3327; x_wconf 89' lang='lat' dir='ltr'><strong>quidem</strong></span> <span class='ocrx_word' id='word_1_569' title='bbox 3032 3260 3084 3313; x_wconf 95' lang='lat' dir='ltr'><strong>in</strong></span> <span class='ocrx_word' id='word_1_570' title='bbox 3130 3260 3294 3315; x_wconf 87' lang='lat' dir='ltr'><strong>rebus</strong></span> <span class='ocrx_word' id='word_1_571' title='bbox 3324 3260 3489 3331; x_wconf 81' lang='lat'><strong>310</strong></span> 
     </span>
    </p>
   </div>
   <div class='ocr_carea' id='block_1_78' title="bbox 1900 3354 3488 3425">
    <p class='ocr_par' dir='ltr' id='par_1_78' title="bbox 1900 3354 3488 3425">
     <span class='ocr_line' id='line_1_78' title="bbox 1900 3354 3488 3425; baseline -0.003 -14"><span class='ocrx_word' id='word_1_572' title='bbox 1900 3356 2108 3412; x_wconf 89' lang='lat' dir='ltr'><strong>bellicis</strong></span> <span class='ocrx_word' id='word_1_573' title='bbox 2151 3356 2459 3420; x_wconf 77' lang='lat' dir='ltr'><strong>exercitati,</strong></span> <span class='ocrx_word' id='word_1_574' title='bbox 2501 3354 2598 3409; x_wconf 92' lang='lat' dir='ltr'><strong>sed</strong></span> <span class='ocrx_word' id='word_1_575' title='bbox 2639 3369 2707 3409; x_wconf 78' lang='lat' dir='ltr'><strong>ex</strong></span> <span class='ocrx_word' id='word_1_576' title='bbox 2745 3354 2853 3410; x_wconf 91' lang='lat' dir='ltr'><strong>illis</strong></span> <span class='ocrx_word' id='word_1_577' title='bbox 2890 3355 3214 3425; x_wconf 80' lang='lat' dir='ltr'><strong>legionibus.</strong></span> <span class='ocrx_word' id='word_1_578' title='bbox 3261 3370 3385 3424; x_wconf 73' lang='lat' dir='ltr'><strong>qna:</strong></span> <span class='ocrx_word' id='word_1_579' title='bbox 3418 3357 3488 3409; x_wconf 90' lang='lat' dir='ltr'><strong>ad</strong></span> 
     </span>
    </p>
   </div>
   <div class='ocr_carea' id='block_1_79' title="bbox 1901 3446 3487 3513">
    <p class='ocr_par' dir='ltr' id='par_1_79' title="bbox 1901 3446 3487 3513">
     <span class='ocr_line' id='line_1_79' title="bbox 1901 3446 3487 3513; baseline -0.001 -10"><span class='ocrx_word' id='word_1_580' title='bbox 1901 3448 2007 3505; x_wconf 90' lang='lat' dir='ltr'><strong>hoc</strong></span> <span class='ocrx_word' id='word_1_581' title='bbox 2072 3458 2199 3505; x_wconf 92' lang='lat' dir='ltr'><strong>sunt</strong></span> <span class='ocrx_word' id='word_1_582' title='bbox 2230 3449 2531 3513; x_wconf 82' lang='lat' dir='ltr'><strong>destinatae,</strong></span> <span class='ocrx_word' id='word_1_583' title='bbox 2580 3455 2641 3499; x_wconf 89' lang='lat' dir='ltr'><strong>ut</strong></span> <span class='ocrx_word' id='word_1_584' title='bbox 2693 3446 2927 3501; x_wconf 86' lang='lat' dir='ltr'><strong>interdiu</strong></span> <span class='ocrx_word' id='word_1_585' title='bbox 2984 3456 3038 3501; x_wconf 88' lang='lat' dir='ltr'><strong>et</strong></span> <span class='ocrx_word' id='word_1_586' title='bbox 3093 3453 3258 3501; x_wconf 90' lang='lat' dir='ltr'><strong>noctu</strong></span> <span class='ocrx_word' id='word_1_587' title='bbox 3287 3447 3340 3500; x_wconf 92' lang='lat' dir='ltr'><strong>in</strong></span> <span class='ocrx_word' id='word_1_588' title='bbox 3364 3447 3487 3501; x_wconf 85' lang='lat' dir='ltr'><strong>aula</strong></span> 
     </span>
    </p>
   </div>
   <div class='ocr_carea' id='block_1_80' title="bbox 1900 3536 3488 3609">
    <p class='ocr_par' dir='ltr' id='par_1_80' title="bbox 1900 3536 3488 3609">
     <span class='ocr_line' id='line_1_80' title="bbox 1900 3536 3488 3609; baseline 0.001 -18"><span class='ocrx_word' id='word_1_589' title='bbox 1900 3549 2223 3607; x_wconf 79' lang='lat' dir='ltr'><strong>versentur;</strong></span> <span class='ocrx_word' id='word_1_590' title='bbox 2278 3554 2415 3609; x_wconf 83' lang='lat' dir='ltr'><strong>quos</strong></span> <span class='ocrx_word' id='word_1_591' title='bbox 2435 3536 2737 3594; x_wconf 85' lang='lat' dir='ltr'><strong>scholarios</strong></span> <span class='ocrx_word' id='word_1_592' title='bbox 2764 3538 3055 3607; x_wconf 90' lang='lat' dir='ltr'><strong>appellant.</strong></span> <span class='ocrx_word' id='word_1_593' title='bbox 3086 3538 3152 3593; x_wconf 83' lang='lat' dir='ltr'><strong>Hi</strong></span> <span class='ocrx_word' id='word_1_594' title='bbox 3188 3553 3317 3593; x_wconf 89' lang='lat' dir='ltr'><strong>vero</strong></span> <span class='ocrx_word' id='word_1_595' title='bbox 3343 3539 3488 3593; x_wconf 87' lang='lat' dir='ltr'><strong>mili-</strong></span> 
     </span>
    </p>
   </div>
   <div class='ocr_carea' id='block_1_81' title="bbox 1902 3629 3486 3702">
    <p class='ocr_par' dir='ltr' id='par_1_81' title="bbox 1902 3629 3486 3702">
     <span class='ocr_line' id='line_1_81' title="bbox 1902 3629 3486 3702; baseline -0.002 -16"><span class='ocrx_word' id='word_1_596' title='bbox 1902 3640 1984 3686; x_wconf 89' lang='lat' dir='ltr'><strong>tes</strong></span> <span class='ocrx_word' id='word_1_597' title='bbox 2006 3633 2223 3702; x_wconf 88' lang='lat' dir='ltr'><strong>quidem</strong></span> <span class='ocrx_word' id='word_1_598' title='bbox 2252 3640 2535 3697; x_wconf 88' lang='lat' dir='ltr'><strong>vocantur,</strong></span> <span class='ocrx_word' id='word_1_599' title='bbox 2575 3644 2628 3686; x_wconf 91' lang='lat' dir='ltr'><strong>et</strong></span> <span class='ocrx_word' id='word_1_600' title='bbox 2666 3629 2720 3684; x_wconf 88' lang='lat' dir='ltr'><strong>in</strong></span> <span class='ocrx_word' id='word_1_601' title='bbox 2740 3629 3002 3701; x_wconf 72' lang='lat' dir='ltr'><strong>catalogo</strong></span> <span class='ocrx_word' id='word_1_602' title='bbox 3036 3629 3486 3699; x_wconf 86' lang='lat' dir='ltr'><strong>stipendiatorum</strong></span> 
     </span>
    </p>
   </div>
   <div class='ocr_carea' id='block_1_82' title="bbox 1904 3723 3490 3793">
    <p class='ocr_par' dir='ltr' id='par_1_82' title="bbox 1904 3723 3490 3793">
     <span class='ocr_line' id='line_1_82' title="bbox 1904 3723 3490 3793; baseline -0.001 -14"><span class='ocrx_word' id='word_1_603' title='bbox 1904 3732 2232 3789; x_wconf 85' lang='lat' dir='ltr'><strong>censentur;</strong></span> <span class='ocrx_word' id='word_1_604' title='bbox 2287 3733 2416 3779; x_wconf 92' lang='lat' dir='ltr'><strong>sunt</strong></span> <span class='ocrx_word' id='word_1_605' title='bbox 2464 3732 2645 3779; x_wconf 91' lang='lat' dir='ltr'><strong>autem</strong></span> <span class='ocrx_word' id='word_1_606' title='bbox 2698 3724 2942 3793; x_wconf 88' lang='lat' dir='ltr'><strong>plerique</strong></span> <span class='ocrx_word' id='word_1_607' title='bbox 2969 3737 3160 3777; x_wconf 90' lang='lat' dir='ltr'><strong>eorum</strong></span> <span class='ocrx_word' id='word_1_608' title='bbox 3201 3723 3393 3776; x_wconf 86' lang='lat' dir='ltr'><strong>urbani</strong></span> <span class='ocrx_word' id='word_1_609' title='bbox 3434 3732 3490 3778; x_wconf 89' lang='lat' dir='ltr'><strong>et</strong></span> 
     </span>
    </p>
   </div>
   <div class='ocr_carea' id='block_1_83' title="bbox 1903 3812 3489 3886">
    <p class='ocr_par' dir='ltr' id='par_1_83' title="bbox 1903 3812 3489 3886">
     <span class='ocr_line' id='line_1_83' title="bbox 1903 3812 3489 3886; baseline -0.001 -16"><span class='ocrx_word' id='word_1_610' title='bbox 1903 3815 2188 3885; x_wconf 88' lang='lat' dir='ltr'><strong>splendide</strong></span> <span class='ocrx_word' id='word_1_611' title='bbox 2205 3816 2405 3880; x_wconf 77' lang='lat' dir='ltr'><strong>vestiti,</strong></span> <span class='ocrx_word' id='word_1_612' title='bbox 2425 3816 2517 3871; x_wconf 85' lang='lat' dir='ltr'><strong>sed</strong></span> <span class='ocrx_word' id='word_1_613' title='bbox 2543 3825 2751 3871; x_wconf 92' lang='lat' dir='ltr'><strong>tantum</strong></span> <span class='ocrx_word' id='word_1_614' title='bbox 2777 3814 2998 3886; x_wconf 74' lang='lat' dir='ltr'><strong>agenda:</strong></span> <span class='ocrx_word' id='word_1_615' title='bbox 3016 3812 3298 3884; x_wconf 78' lang='lat' dir='ltr'><strong>dignitatis</strong></span> <span class='ocrx_word' id='word_1_616' title='bbox 3328 3814 3489 3883; x_wconf 75' lang='lat' dir='ltr'><strong>regiae</strong></span> 
     </span>
    </p>
   </div>
   <div class='ocr_carea' id='block_1_84' title="bbox 1903 3904 3483 3977">
    <p class='ocr_par' dir='ltr' id='par_1_84' title="bbox 1903 3904 3483 3977">
     <span class='ocr_line' id='line_1_84' title="bbox 1903 3904 3483 3977; baseline -0.003 -16"><span class='ocrx_word' id='word_1_617' title='bbox 1903 3921 2070 3962; x_wconf 82' lang='lat' dir='ltr'><strong>causa</strong></span> <span class='ocrx_word' id='word_1_618' title='bbox 2089 3917 2144 3961; x_wconf 89' lang='lat' dir='ltr'><strong>et</strong></span> <span class='ocrx_word' id='word_1_619' title='bbox 2161 3906 2593 3977; x_wconf 70' lang='lat' dir='ltr'><strong>magnificentiae,</strong></span> <span class='ocrx_word' id='word_1_620' title='bbox 2617 3907 2831 3976; x_wconf 86' lang='lat' dir='ltr'><strong>quoties</strong></span> <span class='ocrx_word' id='word_1_621' title='bbox 2847 3906 3085 3976; x_wconf 86' lang='lat' dir='ltr'><strong>prodiret</strong></span> <span class='ocrx_word' id='word_1_622' title='bbox 3109 3905 3162 3958; x_wconf 92' lang='lat' dir='ltr'><strong>in</strong></span> <span class='ocrx_word' id='word_1_623' title='bbox 3186 3904 3483 3974; x_wconf 89' lang='lat' dir='ltr'><strong>publicum.</strong></span> 
     </span>
    </p>
   </div>
   <div class='ocr_carea' id='block_1_85' title="bbox 1905 3997 3489 4069">
    <p class='ocr_par' dir='ltr' id='par_1_85' title="bbox 1905 3997 3489 4069">
     <span class='ocr_line' id='line_1_85' title="bbox 1905 3997 3489 4069; baseline 0.001 -18"><span class='ocrx_word' id='word_1_624' title='bbox 1905 3999 2084 4067; x_wconf 83' lang='lat' dir='ltr'><strong>Atque</strong></span> <span class='ocrx_word' id='word_1_625' title='bbox 2141 3998 2272 4054; x_wconf 87' lang='lat' dir='ltr'><strong>olim</strong></span> <span class='ocrx_word' id='word_1_626' title='bbox 2321 3999 2542 4069; x_wconf 88' lang='lat' dir='ltr'><strong>quidem</strong></span> <span class='ocrx_word' id='word_1_627' title='bbox 2599 4013 2709 4053; x_wconf 89' lang='lat' dir='ltr'><strong>non</strong></span> <span class='ocrx_word' id='word_1_628' title='bbox 2751 3998 2888 4052; x_wconf 88' lang='lat' dir='ltr'><strong>alios</strong></span> <span class='ocrx_word' id='word_1_629' title='bbox 2942 3997 3209 4065; x_wconf 85' lang='lat' dir='ltr'><strong>quosdam</strong></span> <span class='ocrx_word' id='word_1_630' title='bbox 3251 3997 3305 4050; x_wconf 91' lang='lat' dir='ltr'><strong>in</strong></span> <span class='ocrx_word' id='word_1_631' title='bbox 3341 3997 3489 4052; x_wconf 91' lang='lat' dir='ltr'><strong>hunc</strong></span> 
     </span>
    </p>
   </div>
   <div class='ocr_carea' id='block_1_86' title="bbox 1905 4088 3488 4159">
    <p class='ocr_par' dir='ltr' id='par_1_86' title="bbox 1905 4088 3488 4159">
     <span class='ocr_line' id='line_1_86' title="bbox 1905 4088 3488 4159; baseline -0.003 -13"><span class='ocrx_word' id='word_1_632' title='bbox 1905 4090 2153 4146; x_wconf 90' lang='lat' dir='ltr'><strong>ordinem</strong></span> <span class='ocrx_word' id='word_1_633' title='bbox 2189 4091 2461 4147; x_wconf 90' lang='lat' dir='ltr'><strong>asciscere</strong></span> <span class='ocrx_word' id='word_1_634' title='bbox 2497 4090 2714 4154; x_wconf 89' lang='lat' dir='ltr'><strong>licebat,</strong></span> <span class='ocrx_word' id='word_1_635' title='bbox 2744 4104 2907 4159; x_wconf 90' lang='lat' dir='ltr'><strong>quam</strong></span> <span class='ocrx_word' id='word_1_636' title='bbox 2946 4088 3040 4159; x_wconf 92' lang='lat' dir='ltr'><strong>qui</strong></span> <span class='ocrx_word' id='word_1_637' title='bbox 3080 4088 3379 4143; x_wconf 87' lang='lat' dir='ltr'><strong>tractandis</strong></span> <span class='ocrx_word' id='word_1_638' title='bbox 3401 4102 3488 4142; x_wconf 87' lang='lat' dir='ltr'><strong>re-</strong></span> 
     </span>
    </p>
   </div>
   <div class='ocr_carea' id='block_1_87' title="bbox 1908 4181 3490 4250">
    <p class='ocr_par' dir='ltr' id='par_1_87' title="bbox 1908 4181 3490 4250">
     <span class='ocr_line' id='line_1_87' title="bbox 1908 4181 3490 4250; baseline -0.004 -13"><span class='ocrx_word' id='word_1_639' title='bbox 1908 4182 2012 4237; x_wconf 89' lang='lat' dir='ltr'><strong>bus</strong></span> <span class='ocrx_word' id='word_1_640' title='bbox 2062 4181 2271 4237; x_wconf 87' lang='lat' dir='ltr'><strong>bellicis</strong></span> <span class='ocrx_word' id='word_1_641' title='bbox 2308 4191 2465 4236; x_wconf 90' lang='lat' dir='ltr'><strong>erant</strong></span> <span class='ocrx_word' id='word_1_642' title='bbox 2489 4181 2806 4246; x_wconf 78' lang='lat' dir='ltr'><strong>exercitati,</strong></span> <span class='ocrx_word' id='word_1_643' title='bbox 2849 4181 3077 4250; x_wconf 88' lang='lat' dir='ltr'><strong>ideoque</strong></span> <span class='ocrx_word' id='word_1_644' title='bbox 3114 4192 3289 4249; x_wconf 90' lang='lat' dir='ltr'><strong>neque</strong></span> <span class='ocrx_word' id='word_1_645' title='bbox 3323 4190 3490 4248; x_wconf 87' lang='lat' dir='ltr'><strong>pecu-</strong></span> 
     </span>
    </p>
   </div>
   <div class='ocr_carea' id='block_1_88' title="bbox 1910 4271 3488 4342">
    <p class='ocr_par' dir='ltr' id='par_1_88' title="bbox 1910 4271 3488 4342">
     <span class='ocr_line' id='line_1_88' title="bbox 1910 4271 3488 4342; baseline -0.003 -15"><span class='ocrx_word' id='word_1_646' title='bbox 1910 4274 2057 4327; x_wconf 90' lang='lat' dir='ltr'><strong>niam</strong></span> <span class='ocrx_word' id='word_1_647' title='bbox 2090 4272 2255 4326; x_wconf 81' lang='lat' dir='ltr'><strong>ullam</strong></span> <span class='ocrx_word' id='word_1_648' title='bbox 2278 4272 2605 4342; x_wconf 86' lang='lat' dir='ltr'><strong>pendebant,</strong></span> <span class='ocrx_word' id='word_1_649' title='bbox 2637 4281 2696 4327; x_wconf 88' lang='lat' dir='ltr'><strong>ut</strong></span> <span class='ocrx_word' id='word_1_650' title='bbox 2718 4272 2845 4327; x_wconf 86' lang='lat' dir='ltr'><strong>huic</strong></span> <span class='ocrx_word' id='word_1_651' title='bbox 2872 4271 3048 4326; x_wconf 90' lang='lat' dir='ltr'><strong>ordini</strong></span> <span class='ocrx_word' id='word_1_652' title='bbox 3067 4271 3488 4335; x_wconf 85' lang='lat' dir='ltr'><strong>ascriberentur,</strong></span> 
     </span>
    </p>
   </div>
   <div class='ocr_carea' id='block_1_89' title="bbox 1910 4364 3492 4435">
    <p class='ocr_par' dir='ltr' id='par_1_89' title="bbox 1910 4364 3492 4435">
     <span class='ocr_line' id='line_1_89' title="bbox 1910 4364 3492 4435; baseline -0.001 -15"><span class='ocrx_word' id='word_1_653' title='bbox 1910 4367 2005 4420; x_wconf 86' lang='lat' dir='ltr'><strong>sed</strong></span> <span class='ocrx_word' id='word_1_654' title='bbox 2068 4366 2237 4435; x_wconf 75' lang='lat' dir='ltr'><strong>gratis</strong></span> <span class='ocrx_word' id='word_1_655' title='bbox 2292 4366 2426 4421; x_wconf 89' lang='lat' dir='ltr'><strong>citra</strong></span> <span class='ocrx_word' id='word_1_656' title='bbox 2463 4366 2605 4421; x_wconf 90' lang='lat' dir='ltr'><strong>ullos</strong></span> <span class='ocrx_word' id='word_1_657' title='bbox 2656 4380 2787 4421; x_wconf 89' lang='lat' dir='ltr'><strong>suos</strong></span> <span class='ocrx_word' id='word_1_658' title='bbox 2836 4375 3087 4435; x_wconf 87' lang='lat' dir='ltr'><strong>sumptus</strong></span> <span class='ocrx_word' id='word_1_659' title='bbox 3138 4367 3242 4421; x_wconf 90' lang='lat' dir='ltr'><strong>hoc</strong></span> <span class='ocrx_word' id='word_1_660' title='bbox 3281 4364 3492 4420; x_wconf 86' lang='lat' dir='ltr'><strong>honore</strong></span> 
     </span>
    </p>
   </div>
   <div class='ocr_carea' id='block_1_90' title="bbox 217 4453 1803 4531">
    <p class='ocr_par' dir='ltr' id='par_1_90' title="bbox 217 4453 1803 4531">
     <span class='ocr_line' id='line_1_90' title="bbox 217 4453 1803 4531; baseline 0.003 -22"><span class='ocrx_word' id='word_1_661' title='bbox 217 4455 320 4509; x_wconf 73' lang='grc' dir='ltr'>ἅτε</span> <span class='ocrx_word' id='word_1_662' title='bbox 352 4454 418 4525; x_wconf 81' lang='grc' dir='ltr'>δὴ</span> <span class='ocrx_word' id='word_1_663' title='bbox 451 4453 592 4520; x_wconf 76' lang='grc' dir='ltr'>ἄξιοι</span> <span class='ocrx_word' id='word_1_664' title='bbox 614 4458 679 4510; x_wconf 81' lang='grc' dir='ltr'>ὲκ</span> <span class='ocrx_word' id='word_1_665' title='bbox 707 4456 816 4510; x_wconf 90' lang='grc' dir='ltr'><strong>τῶν</strong></span> <span class='ocrx_word' id='word_1_666' title='bbox 850 4460 1351 4529; x_wconf 79' lang='grc' dir='ltr'>προηγωνισμένων</span> <span class='ocrx_word' id='word_1_667' title='bbox 1381 4460 1803 4531; x_wconf 85' lang='grc' dir='ltr'>ἀναδειχθέντες.</span> 
     </span>
    </p>
   </div>
   <div class='ocr_carea' id='block_1_91' title="bbox 1904 4453 3492 4531">
    <p class='ocr_par' dir='ltr' id='par_1_91' title="bbox 1912 4457 3492 4530">
     <span class='ocr_line' id='line_1_91' title="bbox 1912 4457 3492 4530; baseline -0.001 -16"><span class='ocrx_word' id='word_1_668' title='bbox 1912 4458 2276 4521; x_wconf 89' lang='lat' dir='ltr'><strong>donabantur,</strong></span> <span class='ocrx_word' id='word_1_669' title='bbox 2325 4466 2512 4528; x_wconf 88' lang='lat' dir='ltr'><strong>utpote</strong></span> <span class='ocrx_word' id='word_1_670' title='bbox 2567 4458 2714 4530; x_wconf 79' lang='lat' dir='ltr'><strong>digni</strong></span> <span class='ocrx_word' id='word_1_671' title='bbox 2763 4475 2829 4514; x_wconf 75' lang='lat' dir='ltr'><strong>ex</strong></span> <span class='ocrx_word' id='word_1_672' title='bbox 2881 4459 3147 4515; x_wconf 83' lang='lat' dir='ltr'><strong>anteactis</strong></span> <span class='ocrx_word' id='word_1_673' title='bbox 3177 4457 3492 4529; x_wconf 69' lang='lat' dir='ltr'><strong>prmliorum</strong></span> 
     </span>
    </p>
   </div>
   <div class='ocr_carea' id='block_1_92' title="bbox 218 4547 1809 4623">
    <p class='ocr_par' dir='ltr' id='par_1_92' title="bbox 218 4547 1809 4623">
     <span class='ocr_line' id='line_1_92' title="bbox 218 4547 1809 4623; baseline 0.003 -22"><span class='ocrx_word' id='word_1_674' title='bbox 218 4548 414 4619; x_wconf 78' lang='grc' dir='ltr'>Ζήνων</span> <span class='ocrx_word' id='word_1_675' title='bbox 465 4547 523 4599; x_wconf 79' lang='grc' dir='ltr'><strong>δὲ</strong></span> <span class='ocrx_word' id='word_1_676' title='bbox 558 4548 805 4617; x_wconf 80' lang='grc' dir='ltr'>φαίνεται</span> <span class='ocrx_word' id='word_1_677' title='bbox 850 4551 895 4581; x_wconf 74' lang='grc'><strong>’⁸</strong></span> <span class='ocrx_word' id='word_1_678' title='bbox 946 4551 1163 4622; x_wconf 89' lang='grc' dir='ltr'>πρῶτος</span> <span class='ocrx_word' id='word_1_679' title='bbox 1200 4555 1228 4606; x_wconf 87' lang='grc' dir='ltr'>ὁ</span> <span class='ocrx_word' id='word_1_680' title='bbox 1254 4552 1508 4623; x_wconf 84' lang='grc' dir='ltr'>Ἰσαυρος</span> <span class='ocrx_word' id='word_1_681' title='bbox 1542 4551 1679 4623; x_wconf 87' lang='grc' dir='ltr'><strong>μετά</strong></span> <span class='ocrx_word' id='word_1_682' title='bbox 1710 4553 1809 4622; x_wconf 80' lang='grc' dir='ltr'>τὴν</span> 
     </span>
    </p>
   </div>
   <div class='ocr_carea' id='block_1_93' title="bbox 217 4637 1813 4715">
    <p class='ocr_par' dir='ltr' id='par_1_93' title="bbox 217 4637 1813 4715">
     <span class='ocr_line' id='line_1_93' title="bbox 217 4637 1813 4715; baseline 0.004 -25"><span class='ocrx_word' id='word_1_683' title='bbox 217 4641 325 4710; x_wconf 84' lang='grc' dir='ltr'><strong>τῆς</strong></span> <span class='ocrx_word' id='word_1_684' title='bbox 385 4637 662 4709; x_wconf 87' lang='grc' dir='ltr'>βασιλείας</span> <span class='ocrx_word' id='word_1_685' title='bbox 714 4640 1015 4712; x_wconf 86' lang='grc' dir='ltr'>ἀνάκτησιν</span> <span class='ocrx_word' id='word_1_686' title='bbox 1072 4642 1300 4707; x_wconf 77' lang='grc' dir='ltr'>πολλοὺς</span> <span class='ocrx_word' id='word_1_687' title='bbox 1358 4644 1467 4697; x_wconf 84' lang='grc' dir='ltr'><strong>τῶν</strong></span> <span class='ocrx_word' id='word_1_688' title='bbox 1525 4644 1813 4715; x_wconf 84' lang='grc' dir='ltr'>ὁμοφύλων</span> 
     </span>
    </p>
   </div>
   <div class='ocr_carea' id='block_1_94' title="bbox 218 4729 1818 4806">
    <p class='ocr_par' dir='ltr' id='par_1_94' title="bbox 218 4729 1818 4806">
     <span class='ocr_line' id='line_1_94' title="bbox 218 4729 1818 4806; baseline 0.004 -24"><span class='ocrx_word' id='word_1_689' title='bbox 218 4729 403 4783; x_wconf 84' lang='grc' dir='ltr'>τοῖσδε</span> <span class='ocrx_word' id='word_1_690' title='bbox 449 4733 562 4795; x_wconf 90' lang='grc' dir='ltr'>τοῖς</span> <span class='ocrx_word' id='word_1_691' title='bbox 617 4731 894 4801; x_wconf 88' lang='grc' dir='ltr'>τάγμασιν</span> <span class='ocrx_word' id='word_1_692' title='bbox 951 4733 1350 4805; x_wconf 70' lang='grc' dir='ltr'>ἐναριθμῆσας,</span> <span class='ocrx_word' id='word_1_693' title='bbox 1380 4735 1582 4805; x_wconf 76' lang='grc' dir='ltr'>ἥκιστα</span> <span class='ocrx_word' id='word_1_694' title='bbox 1614 4734 1714 4806; x_wconf 83' lang='grc' dir='ltr'>μὲν</span> <span class='ocrx_word' id='word_1_695' title='bbox 1760 4736 1818 4788; x_wconf 83' lang='grc' dir='ltr'>ὲν</span> 
     </span>
    </p>
   </div>
   <div class='ocr_carea' id='block_1_95' title="bbox 221 4822 1814 4899">
    <p class='ocr_par' dir='ltr' id='par_1_95' title="bbox 221 4822 1814 4899">
     <span class='ocr_line' id='line_1_95' title="bbox 221 4822 1814 4899; baseline 0.003 -23"><span class='ocrx_word' id='word_1_696' title='bbox 221 4822 572 4893; x_wconf 84' lang='grc' dir='ltr'>συμπλοκαῖς</span> <span class='ocrx_word' id='word_1_697' title='bbox 608 4825 1041 4896; x_wconf 71' lang='grc' dir='ltr'>ἀριστεύσαντας</span> <span class='ocrx_word' id='word_1_698' title='bbox 1075 4826 1107 4897; x_wconf 81' lang='grc' dir='ltr'>ἦ</span> <span class='ocrx_word' id='word_1_699' title='bbox 1138 4826 1274 4890; x_wconf 80' lang='grc' dir='ltr'>ὅλως</span> <span class='ocrx_word' id='word_1_700' title='bbox 1322 4827 1617 4899; x_wconf 78' lang='grc' dir='ltr'>ἐμπείρους</span> <span class='ocrx_word' id='word_1_701' title='bbox 1653 4843 1814 4895; x_wconf 86' lang='grc' dir='ltr'>γεγε-</span> 
     </span>
    </p>
   </div>
   <div class='ocr_carea' id='block_1_96' title="bbox 224 4914 1814 4991">
    <p class='ocr_par' dir='ltr' id='par_1_96' title="bbox 224 4914 1814 4991">
     <span class='ocr_line' id='line_1_96' title="bbox 224 4914 1814 4991; baseline 0.006 -26"><span class='ocrx_word' id='word_1_702' title='bbox 224 4914 519 4984; x_wconf 80' lang='grc' dir='ltr'>νημένους,</span> <span class='ocrx_word' id='word_1_703' title='bbox 548 4915 727 4977; x_wconf 76' lang='grc' dir='ltr'>ἄλλως</span> <span class='ocrx_word' id='word_1_704' title='bbox 767 4917 825 4970; x_wconf 81' lang='grc' dir='ltr'>δέ</span> <span class='ocrx_word' id='word_1_705' title='bbox 876 4935 993 4981; x_wconf 89' lang='grc' dir='ltr'><strong>πως</strong></span> <span class='ocrx_word' id='word_1_706' title='bbox 1035 4918 1346 4990; x_wconf 86' lang='grc' dir='ltr'>γνωρίμους</span> <span class='ocrx_word' id='word_1_707' title='bbox 1379 4920 1529 4991; x_wconf 82' lang='grc' dir='ltr'>αύτῷ</span> <span class='ocrx_word' id='word_1_708' title='bbox 1564 4923 1659 4975; x_wconf 81' lang='grc' dir='ltr'>καὶ</span> <span class='ocrx_word' id='word_1_709' title='bbox 1690 4922 1814 4987; x_wconf 81' lang='grc' dir='ltr'>ξυν-</span> 
     </span>
    </p>
   </div>
   <div class='ocr_carea' id='block_1_97' title="bbox 226 4996 1812 5081">
    <p class='ocr_par' dir='ltr' id='par_1_97' title="bbox 226 4996 1812 5081">
     <span class='ocr_line' id='line_1_97' title="bbox 226 4996 1812 5081; baseline 0.005 -25"><span class='ocrx_word' id='word_1_710' title='bbox 226 4996 403 5073; x_wconf 80' lang='grc' dir='ltr'>ήθεις.</span> <span class='ocrx_word' id='word_1_711' title='bbox 435 5002 570 5061; x_wconf 81' lang='grc' dir='ltr'>Εἶτα</span> <span class='ocrx_word' id='word_1_712' title='bbox 598 5006 845 5072; x_wconf 80' lang='grc' dir='ltr'>δοθέντος</span> <span class='ocrx_word' id='word_1_713' title='bbox 879 5009 938 5062; x_wconf 86' lang='grc' dir='ltr'>ἐν</span> <span class='ocrx_word' id='word_1_714' title='bbox 971 5007 1048 5078; x_wconf 84' lang='grc' dir='ltr'>τῷ</span> <span class='ocrx_word' id='word_1_715' title='bbox 1076 5007 1198 5079; x_wconf 83' lang='grc' dir='ltr'>τότε</span> <span class='ocrx_word' id='word_1_716' title='bbox 1238 5009 1333 5062; x_wconf 72' lang='grc' dir='ltr'><strong>καὶ</strong></span> <span class='ocrx_word' id='word_1_717' title='bbox 1361 5010 1812 5081; x_wconf 78' lang='grc' dir='ltr'>παρειλημμένου</span> 
     </span>
    </p>
   </div>
   <div class='ocr_carea' id='block_1_98' title="bbox 221 5094 1815 5169">
    <p class='ocr_par' dir='ltr' id='par_1_98' title="bbox 221 5094 1815 5169">
     <span class='ocr_line' id='line_1_98' title="bbox 221 5094 1815 5169; baseline 0.003 -20"><span class='ocrx_word' id='word_1_718' title='bbox 221 5094 323 5149; x_wconf 83' lang='grc' dir='ltr'>τοῦ</span> <span class='ocrx_word' id='word_1_719' title='bbox 356 5097 560 5164; x_wconf 79' lang='grc' dir='ltr'>ἐξεῖναι</span> <span class='ocrx_word' id='word_1_720' title='bbox 594 5097 656 5152; x_wconf 88' lang='grc' dir='ltr'><strong>ού</strong></span> <span class='ocrx_word' id='word_1_721' title='bbox 686 5098 848 5169; x_wconf 80' lang='grc' dir='ltr'>μόνον</span> <span class='ocrx_word' id='word_1_722' title='bbox 869 5097 991 5151; x_wconf 76' lang='grc' dir='ltr'>ἀντὶ</span> <span class='ocrx_word' id='word_1_723' title='bbox 1022 5096 1238 5168; x_wconf 84' lang='grc' dir='ltr'>μόχθων</span> <span class='ocrx_word' id='word_1_724' title='bbox 1258 5115 1318 5152; x_wconf 87' lang='grc' dir='ltr'><strong>τε</strong></span> <span class='ocrx_word' id='word_1_725' title='bbox 1343 5099 1440 5153; x_wconf 81' lang='grc' dir='ltr'><strong>καὶ</strong></span> <span class='ocrx_word' id='word_1_726' title='bbox 1468 5101 1695 5169; x_wconf 84' lang='grc' dir='ltr'>ἀγώνων</span> <span class='ocrx_word' id='word_1_727' title='bbox 1720 5100 1815 5154; x_wconf 82' lang='grc' dir='ltr'>καὶ</span> 
     </span>
    </p>
   </div>
   <div class='ocr_carea' id='block_1_99' title="bbox 1914 4550 3495 4619">
    <p class='ocr_par' dir='ltr' id='par_1_99' title="bbox 1914 4550 3495 4619">
     <span class='ocr_line' id='line_1_99' title="bbox 1914 4550 3495 4619; baseline 0 -13"><span class='ocrx_word' id='word_1_728' title='bbox 1914 4552 2193 4608; x_wconf 84' lang='lat' dir='ltr'><strong>laboribus</strong></span> <span class='ocrx_word' id='word_1_729' title='bbox 2251 4552 2532 4619; x_wconf 74' lang='lat' dir='ltr'><strong>declarati.</strong></span> <span class='ocrx_word' id='word_1_730' title='bbox 2605 4551 2754 4605; x_wconf 83' lang='lat' dir='ltr'><strong>Zeno</strong></span> <span class='ocrx_word' id='word_1_731' title='bbox 2795 4560 2977 4607; x_wconf 86' lang='lat' dir='ltr'><strong>autem</strong></span> <span class='ocrx_word' id='word_1_732' title='bbox 3031 4550 3252 4607; x_wconf 90' lang='lat' dir='ltr'><strong>lsaurus</strong></span> <span class='ocrx_word' id='word_1_733' title='bbox 3280 4553 3495 4607; x_wconf 82' lang='lat' dir='ltr'><strong>videtur</strong></span> 
     </span>
    </p>
   </div>
   <div class='ocr_carea' id='block_1_100' title="bbox 1919 4643 3497 4714">
    <p class='ocr_par' dir='ltr' id='par_1_100' title="bbox 1919 4643 3497 4714">
     <span class='ocr_line' id='line_1_100' title="bbox 1919 4643 3497 4714; baseline 0.002 -17"><span class='ocrx_word' id='word_1_734' title='bbox 1919 4644 2129 4714; x_wconf 89' lang='lat' dir='ltr'><strong>primus</strong></span> <span class='ocrx_word' id='word_1_735' title='bbox 2151 4653 2276 4714; x_wconf 88' lang='lat' dir='ltr'><strong>post</strong></span> <span class='ocrx_word' id='word_1_736' title='bbox 2303 4651 2681 4714; x_wconf 89' lang='lat' dir='ltr'><strong>recuperatum</strong></span> <span class='ocrx_word' id='word_1_737' title='bbox 2704 4643 2992 4712; x_wconf 90' lang='lat' dir='ltr'><strong>imperium</strong></span> <span class='ocrx_word' id='word_1_738' title='bbox 3020 4644 3245 4700; x_wconf 77' lang='lat' dir='ltr'><strong>multos:</strong></span> <span class='ocrx_word' id='word_1_739' title='bbox 3265 4643 3497 4700; x_wconf 86' lang='lat' dir='ltr'><strong>tribules</strong></span> 
     </span>
    </p>
   </div>
   <div class='ocr_carea' id='block_1_101' title="bbox 1919 4734 3496 4808">
    <p class='ocr_par' dir='ltr' id='par_1_101' title="bbox 1919 4734 3496 4808">
     <span class='ocr_line' id='line_1_101' title="bbox 1919 4734 3496 4808; baseline -0.003 -15"><span class='ocrx_word' id='word_1_740' title='bbox 1919 4736 2070 4793; x_wconf 88' lang='lat' dir='ltr'><strong>hisce</strong></span> <span class='ocrx_word' id='word_1_741' title='bbox 2130 4736 2436 4808; x_wconf 78' lang='lat' dir='ltr'><strong>legionibus</strong></span> <span class='ocrx_word' id='word_1_742' title='bbox 2475 4734 2845 4798; x_wconf 84' lang='lat' dir='ltr'><strong>accensuisse,</strong></span> <span class='ocrx_word' id='word_1_743' title='bbox 2875 4748 3111 4804; x_wconf 89' lang='lat' dir='ltr'><strong>quorum</strong></span> <span class='ocrx_word' id='word_1_744' title='bbox 3176 4734 3351 4790; x_wconf 87' lang='lat' dir='ltr'><strong>virtus</strong></span> <span class='ocrx_word' id='word_1_745' title='bbox 3396 4749 3496 4788; x_wconf 88' lang='lat' dir='ltr'><strong>ne-</strong></span> 
     </span>
    </p>
   </div>
   <div class='ocr_carea' id='block_1_102' title="bbox 1917 4826 3496 4897">
    <p class='ocr_par' dir='ltr' id='par_1_102' title="bbox 1917 4826 3496 4897">
     <span class='ocr_line' id='line_1_102' title="bbox 1917 4826 3496 4897; baseline -0.001 -17"><span class='ocrx_word' id='word_1_746' title='bbox 1917 4840 2193 4896; x_wconf 88' lang='lat' dir='ltr'><strong>quaquam</strong></span> <span class='ocrx_word' id='word_1_747' title='bbox 2224 4827 2277 4881; x_wconf 89' lang='lat' dir='ltr'><strong>in</strong></span> <span class='ocrx_word' id='word_1_748' title='bbox 2308 4827 2509 4897; x_wconf 68' lang='lat' dir='ltr'><strong>praeliis</strong></span> <span class='ocrx_word' id='word_1_749' title='bbox 2542 4826 2861 4891; x_wconf 83' lang='lat' dir='ltr'><strong>emicuerat,</strong></span> <span class='ocrx_word' id='word_1_750' title='bbox 2892 4836 2986 4881; x_wconf 89' lang='lat' dir='ltr'><strong>aut</strong></span> <span class='ocrx_word' id='word_1_751' title='bbox 3009 4826 3252 4896; x_wconf 90' lang='lat' dir='ltr'><strong>alioquin</strong></span> <span class='ocrx_word' id='word_1_752' title='bbox 3284 4826 3496 4881; x_wconf 77' lang='lat' dir='ltr'><strong>exerci-</strong></span> 
     </span>
    </p>
   </div>
   <div class='ocr_carea' id='block_1_103' title="bbox 1918 4918 3497 4986">
    <p class='ocr_par' dir='ltr' id='par_1_103' title="bbox 1918 4918 3497 4986">
     <span class='ocr_line' id='line_1_103' title="bbox 1918 4918 3497 4986; baseline -0.002 -13"><span class='ocrx_word' id='word_1_753' title='bbox 1918 4926 2085 4986; x_wconf 81' lang='lat' dir='ltr'><strong>talos,</strong></span> <span class='ocrx_word' id='word_1_754' title='bbox 2123 4919 2220 4975; x_wconf 90' lang='lat' dir='ltr'><strong>sed</strong></span> <span class='ocrx_word' id='word_1_755' title='bbox 2261 4927 2422 4975; x_wconf 91' lang='lat' dir='ltr'><strong>notos</strong></span> <span class='ocrx_word' id='word_1_756' title='bbox 2455 4918 2559 4976; x_wconf 88' lang='lat' dir='ltr'><strong>sibi</strong></span> <span class='ocrx_word' id='word_1_757' title='bbox 2594 4934 2660 4974; x_wconf 90' lang='lat' dir='ltr'><strong>ac</strong></span> <span class='ocrx_word' id='word_1_758' title='bbox 2681 4918 2999 4976; x_wconf 82' lang='lat' dir='ltr'><strong>familiares.</strong></span> <span class='ocrx_word' id='word_1_759' title='bbox 3035 4919 3252 4984; x_wconf 87' lang='lat' dir='ltr'><strong>Postea,</strong></span> <span class='ocrx_word' id='word_1_760' title='bbox 3282 4933 3406 4974; x_wconf 89' lang='lat' dir='ltr'><strong>cum</strong></span> <span class='ocrx_word' id='word_1_761' title='bbox 3428 4931 3497 4971; x_wconf 89' lang='lat' dir='ltr'><strong>eo</strong></span> 
     </span>
    </p>
   </div>
   <div class='ocr_carea' id='block_1_104' title="bbox 1920 5002 3497 5081">
    <p class='ocr_par' dir='ltr' id='par_1_104' title="bbox 1920 5002 3497 5081">
     <span class='ocr_line' id='line_1_104' title="bbox 1920 5002 3497 5081; baseline -0.003 -16"><span class='ocrx_word' id='word_1_762' title='bbox 1920 5019 2164 5080; x_wconf 89' lang='lat' dir='ltr'><strong>tempore</strong></span> <span class='ocrx_word' id='word_1_763' title='bbox 2221 5025 2543 5067; x_wconf 88' lang='lat' dir='ltr'><strong>concessum</strong></span> <span class='ocrx_word' id='word_1_764' title='bbox 2591 5002 2979 5081; x_wconf 84' lang='lat' dir='ltr'><strong>receptumque</strong></span> <span class='ocrx_word' id='word_1_765' title='bbox 3037 5020 3218 5074; x_wconf 80' lang='lat' dir='ltr'><strong>esset,</strong></span> <span class='ocrx_word' id='word_1_766' title='bbox 3266 5016 3329 5064; x_wconf 87' lang='lat' dir='ltr'><strong>ut</strong></span> <span class='ocrx_word' id='word_1_767' title='bbox 3386 5022 3497 5062; x_wconf 86' lang='lat' dir='ltr'><strong>non</strong></span> 
     </span>
    </p>
   </div>
   <div class='ocr_carea' id='block_1_105' title="bbox 1922 5098 3500 5173">
    <p class='ocr_par' dir='ltr' id='par_1_105' title="bbox 1922 5098 3500 5173">
     <span class='ocr_line' id='line_1_105' title="bbox 1922 5098 3500 5173; baseline -0.003 -15"><span class='ocrx_word' id='word_1_768' title='bbox 1922 5102 2099 5158; x_wconf 84' lang='lat' dir='ltr'><strong>solum</strong></span> <span class='ocrx_word' id='word_1_769' title='bbox 2120 5118 2221 5173; x_wconf 88' lang='lat' dir='ltr'><strong>pro</strong></span> <span class='ocrx_word' id='word_1_770' title='bbox 2259 5103 2537 5159; x_wconf 89' lang='lat' dir='ltr'><strong>laboribus</strong></span> <span class='ocrx_word' id='word_1_771' title='bbox 2564 5110 2618 5157; x_wconf 90' lang='lat' dir='ltr'><strong>et</strong></span> <span class='ocrx_word' id='word_1_772' title='bbox 2640 5101 2956 5158; x_wconf 87' lang='lat' dir='ltr'><strong>fortitudine</strong></span> <span class='ocrx_word' id='word_1_773' title='bbox 2988 5102 3041 5157; x_wconf 94' lang='lat' dir='ltr'><strong>in</strong></span> <span class='ocrx_word' id='word_1_774' title='bbox 3073 5099 3410 5158; x_wconf 84' lang='lat' dir='ltr'><strong>conflictibus</strong></span> <span class='ocrx_word' id='word_1_775' title='bbox 3429 5098 3500 5154; x_wconf 85' lang='lat' dir='ltr'><strong>de</strong></span> 
     </span>
    </p>
   </div>
   <div class='ocr_carea' id='block_1_106' title="bbox 1517 5256 2204 5318">
    <p class='ocr_par' dir='ltr' id='par_1_106' title="bbox 1517 5256 2204 5318">
     <span class='ocr_line' id='line_1_106' title="bbox 1517 5256 2204 5318; baseline 0.009 -6"><span class='ocrx_word' id='word_1_776' title='bbox 1517 5256 1754 5315; x_wconf 65' lang='lat' dir='ltr'><strong>VARIIE</strong></span> <span class='ocrx_word' id='word_1_777' title='bbox 1797 5256 2204 5318; x_wconf 74' lang='lat' dir='ltr'><strong>LECTIONES.</strong></span> 
     </span>
    </p>
   </div>
   <div class='ocr_carea' id='block_1_107' title="bbox 301 5414 3497 5503">
    <p class='ocr_par' dir='ltr' id='par_1_107' title="bbox 301 5414 3497 5503">
     <span class='ocr_line' id='line_1_107' title="bbox 301 5414 3497 5503; baseline -0 1"><span class='ocrx_word' id='word_1_778' title='bbox 301 5415 700 5503; x_wconf 51' lang='grc' dir='ltr'>’φθισισιέοηί-</span> <span class='ocrx_word' id='word_1_779' title='bbox 756 5414 2649 5503; x_wconf 26' lang='grc' dir='ltr'><strong>ἴθεειῇτνρηξξένφιςίεραέει,Ἆςιῖνειρτ-εεοδεςπνωξρνιίξιιοιηὶιιςσο</strong></span> <span class='ocrx_word' id='word_1_780' title='bbox 2726 5420 2771 5452; x_wconf 82' lang='lat'><strong>‘°</strong></span> <span class='ocrx_word' id='word_1_781' title='bbox 2800 5421 3031 5503; x_wconf 61' lang='grc' dir='ltr'><strong>ῆδρυῖαι</strong></span> <span class='ocrx_word' id='word_1_782' title='bbox 3060 5419 3126 5473; x_wconf 62' lang='grc' dir='ltr'><strong>ιε·</strong></span> <span class='ocrx_word' id='word_1_783' title='bbox 3179 5420 3497 5503; x_wconf 64' lang='grc' dir='ltr'><strong>,ξίὲρκεῖαι</strong></span> 
     </span>
    </p>
   </div>
   <div class='ocr_carea' id='block_1_108' title="bbox 228 5486 2131 5611">
    <p class='ocr_par' dir='ltr' id='par_1_108' title="bbox 228 5486 2131 5611">
     <span class='ocr_line' id='line_1_108' title="bbox 228 5486 2131 5560; baseline 0 -18"><span class='ocrx_word' id='word_1_784' title='bbox 228 5486 301 5552; x_wconf 72' lang='grc' dir='ltr'>Β,</span> <span class='ocrx_word' id='word_1_785' title='bbox 335 5487 506 5560; x_wconf 75' lang='lat' dir='ltr'><strong>Lugd,</strong></span> <span class='ocrx_word' id='word_1_786' title='bbox 529 5489 565 5542; x_wconf 75' lang='lat'><strong>‘2</strong></span> <span class='ocrx_word' id='word_1_787' title='bbox 607 5503 682 5542; x_wconf 90' lang='lat' dir='ltr'><strong>m.</strong></span> <span class='ocrx_word' id='word_1_788' title='bbox 740 5497 795 5541; x_wconf 83' lang='lat' dir='ltr'><strong>et</strong></span> <span class='ocrx_word' id='word_1_789' title='bbox 818 5489 987 5556; x_wconf 91' lang='lat' dir='ltr'><strong>intpr.</strong></span> <span class='ocrx_word' id='word_1_790' title='bbox 1033 5486 1246 5539; x_wconf 84' lang='lat' dir='ltr'><strong>initium</strong></span> <span class='ocrx_word' id='word_1_791' title='bbox 1277 5495 1491 5539; x_wconf 81' lang='lat' dir='ltr'><strong>sumunt</strong></span> <span class='ocrx_word' id='word_1_792' title='bbox 1529 5486 1683 5557; x_wconf 75' lang='lat' dir='ltr'><strong>(CL),</strong></span> <span class='ocrx_word' id='word_1_793' title='bbox 1733 5488 1759 5540; x_wconf 78' lang='grc' dir='ltr'>ἔ</span> <span class='ocrx_word' id='word_1_794' title='bbox 1783 5486 1951 5559; x_wconf 74' lang='grc' dir='ltr'>’χεται</span> <span class='ocrx_word' id='word_1_795' title='bbox 1982 5488 2131 5559; x_wconf 80' lang='lat' dir='ltr'><strong>vnlg.</strong></span> 
     </span>
     <span class='ocr_line' id='line_1_109' title="bbox 229 5506 2112 5611; baseline 0 0"><span class='ocrx_word' id='word_1_796' title='bbox 229 5560 551 5611; x_wconf 77' lang='grc' dir='ltr'>αιοούμενοι</span> <span class='ocrx_word' id='word_1_797' title='bbox 594 5556 639 5610; x_wconf 79' lang='lat' dir='ltr'><strong>R</strong></span> <span class='ocrx_word' id='word_1_798' title='bbox 676 5558 988 5611; x_wconf 73' lang='grc' dir='ltr'>φερόμενοι.</span> <span class='ocrx_word' id='word_1_799' title='bbox 1094 5556 1138 5587; x_wconf 70' lang='grc'><strong>⁸⁸</strong></span> <span class='ocrx_word' id='word_1_800' title='bbox 1165 5555 1486 5609; x_wconf 84' lang='grc' dir='ltr'>ἀπετίθεντο</span> <span class='ocrx_word' id='word_1_801' title='bbox 1520 5555 1588 5611; x_wconf 74' lang='grc' dir='ltr'><strong>ῐί.</strong></span> <span class='ocrx_word' id='word_1_802' title='bbox 1618 5506 1936 5611; x_wconf 63' lang='grc' dir='ltr'>ἀπετίθοντο</span> <span class='ocrx_word' id='word_1_803' title='bbox 1966 5559 2112 5611; x_wconf 69' lang='lat' dir='ltr'><strong>vulg.</strong></span> 
     </span>
    </p>
   </div>
   <div class='ocr_carea' id='block_1_109' title="bbox 1396 5559 2299 5698">
    <p class='ocr_par' dir='ltr' id='par_1_109' title="bbox 1396 5559 2299 5698">
     <span class='ocr_line' id='line_1_110' title="bbox 1396 5559 2299 5629; baseline -0.016 -18"><span class='ocrx_word' id='word_1_804' title='bbox 1396 5572 1486 5608; x_wconf 86' lang='grc' dir='ltr'><strong>ντο</strong></span> <span class='ocrx_word' id='word_1_805' title='bbox 1521 5559 1588 5618; x_wconf 74' lang='lat' dir='ltr'><strong>ll,</strong></span> <span class='ocrx_word' id='word_1_806' title='bbox 1618 5559 1936 5612; x_wconf 89' lang='grc' dir='ltr'>ἀπετίθοντο</span> <span class='ocrx_word' id='word_1_807' title='bbox 1966 5559 2112 5629; x_wconf 76' lang='lat' dir='ltr'><strong>vulg,</strong></span> <span class='ocrx_word' id='word_1_808' title='bbox 2193 5559 2235 5591; x_wconf 78' lang='grc' dir='ltr'>η</span> <span class='ocrx_word' id='word_1_809' title='bbox 2274 5560 2299 5612; x_wconf 73' lang='grc' dir='ltr'>ἀ</span> 
     </span>
     <span class='ocr_line' id='line_1_111' title="bbox 1396 5626 2299 5698; baseline -0.032 0"><span class='ocrx_word' id='word_1_810' title='bbox 1396 5626 1441 5698; x_wconf 46' lang='grc' dir='ltr'><strong>ῗ⁸</strong></span> <span class='ocrx_word' id='word_1_811' title='bbox 1474 5626 1841 5698; x_wconf 65' lang='grc' dir='ltr'>ἀίέυνούμενοι</span> <span class='ocrx_word' id='word_1_812' title='bbox 1892 5629 2034 5698; x_wconf 89' lang='lat' dir='ltr'><strong>conj.</strong></span> <span class='ocrx_word' id='word_1_813' title='bbox 2068 5629 2149 5684; x_wconf 83' lang='lat' dir='ltr'><strong>Cl.</strong></span> <span class='ocrx_word' id='word_1_814' title='bbox 2256 5631 2299 5661; x_wconf 76' lang='grc' dir='ltr'><strong><em>η</em></strong></span> 
     </span>
    </p>
   </div>
   <div class='ocr_carea' id='block_1_110' title="bbox 229 5555 1755 5658">
    <p class='ocr_par' dir='ltr' id='par_1_110' title="bbox 229 5555 1755 5658">
     <span class='ocr_line' id='line_1_112' title="bbox 229 5555 1755 5658; baseline -0.002 -45"><span class='ocrx_word' id='word_1_815' title='bbox 229 5555 551 5658; x_wconf 54' lang='grc' dir='ltr'>αιροέμενοι</span> <span class='ocrx_word' id='word_1_816' title='bbox 594 5556 647 5658; x_wconf 56' lang='grc' dir='ltr'><strong>ξξ</strong></span> <span class='ocrx_word' id='word_1_817' title='bbox 674 5558 988 5658; x_wconf 50' lang='grc' dir='ltr'>εξῗρόμενοι.</span> <span class='ocrx_word' id='word_1_818' title='bbox 1094 5556 1138 5587; x_wconf 70' lang='grc'><strong>⁸⁸</strong></span> <span class='ocrx_word' id='word_1_819' title='bbox 1165 5555 1588 5658; x_wconf 43' lang='grc' dir='ltr'>ἅπετίθεγέοᾶῐί,</span> <span class='ocrx_word' id='word_1_820' title='bbox 1618 5555 1755 5610; x_wconf 84' lang='grc' dir='ltr'>ἀπετ</span> 
     </span>
     <span class='ocr_line' id='line_1_113' title="bbox 229 5625 1754 5658; baseline 0 0"><span class='ocrx_word' id='word_1_821' title='bbox 229 5628 358 5658; x_wconf 64' lang='lat'><strong>1...:</strong></span> <span class='ocrx_word' id='word_1_822' title='bbox 398 5645 488 5658; x_wconf 64' lang='grc' dir='ltr'><strong>-..ρ</strong></span> <span class='ocrx_word' id='word_1_823' title='bbox 756 5630 865 5658; x_wconf 60' lang='lat' dir='ltr'><strong>han</strong></span> <span class='ocrx_word' id='word_1_824' title='bbox 910 5635 1065 5658; x_wconf 66' lang='lat' dir='ltr'><strong>.mun</strong></span> <span class='ocrx_word' id='word_1_825' title='bbox 1123 5625 1272 5658; x_wconf 64' lang='lat' dir='ltr'><strong>{utnu-</strong></span> <span class='ocrx_word' id='word_1_826' title='bbox 1517 5627 1754 5658; x_wconf 61' lang='grc' dir='ltr'><strong>...ηυνξ-..-</strong></span> 
     </span>
    </p>
   </div>
   <div class='ocr_carea' id='block_1_111' title="bbox 227 5627 1619 5769">
    <p class='ocr_par' dir='ltr' id='par_1_111' title="bbox 227 5627 1619 5769">
     <span class='ocr_line' id='line_1_114' title="bbox 227 5627 1619 5696; baseline -0.002 -14"><span class='ocrx_word' id='word_1_827' title='bbox 227 5627 507 5695; x_wconf 74' lang='grc' dir='ltr'>ἐπιδόξης.</span> <span class='ocrx_word' id='word_1_828' title='bbox 604 5627 866 5683; x_wconf 75' lang='lat' dir='ltr'><strong>&quot;Chiam</strong></span> <span class='ocrx_word' id='word_1_829' title='bbox 910 5635 1065 5696; x_wconf 87' lang='lat' dir='ltr'><strong>porta</strong></span> <span class='ocrx_word' id='word_1_830' title='bbox 1123 5627 1290 5694; x_wconf 87' lang='lat' dir='ltr'><strong>intpr.</strong></span> <span class='ocrx_word' id='word_1_831' title='bbox 1396 5627 1441 5657; x_wconf 79' lang='grc'><strong>’⁸</strong></span> <span class='ocrx_word' id='word_1_832' title='bbox 1474 5627 1619 5693; x_wconf 86' lang='grc' dir='ltr'>ἀμυν</span> 
     </span>
     <span class='ocr_line' id='line_1_115' title="bbox 230 5695 1619 5769; baseline -0.001 -17"><span class='ocrx_word' id='word_1_833' title='bbox 230 5701 364 5769; x_wconf 75' lang='lat' dir='ltr'><strong>(col.</strong></span> <span class='ocrx_word' id='word_1_834' title='bbox 401 5700 540 5753; x_wconf 65' lang='lat'><strong>1572</strong></span> <span class='ocrx_word' id='word_1_835' title='bbox 565 5697 607 5752; x_wconf 86' lang='grc' dir='ltr'><strong>Β</strong></span> <span class='ocrx_word' id='word_1_836' title='bbox 633 5698 687 5763; x_wconf 67' lang='grc'><strong>4)</strong></span> <span class='ocrx_word' id='word_1_837' title='bbox 717 5713 827 5769; x_wconf 77' lang='lat' dir='ltr'><strong>om.</strong></span> <span class='ocrx_word' id='word_1_838' title='bbox 871 5697 1015 5769; x_wconf 76' lang='lat' dir='ltr'><strong>intpr</strong></span> <span class='ocrx_word' id='word_1_839' title='bbox 1108 5696 1154 5769; x_wconf 53' lang='grc' dir='ltr'><strong>το</strong></span> <span class='ocrx_word' id='word_1_840' title='bbox 1179 5695 1281 5749; x_wconf 83' lang='lat' dir='ltr'><strong>Pro</strong></span> <span class='ocrx_word' id='word_1_841' title='bbox 1304 5695 1367 5769; x_wconf 57' lang='grc' dir='ltr'><strong>οξί⁸</strong></span> <span class='ocrx_word' id='word_1_842' title='bbox 1389 5696 1468 5769; x_wconf 70' lang='lat' dir='ltr'><strong>Il._</strong></span> <span class='ocrx_word' id='word_1_843' title='bbox 1490 5695 1619 5751; x_wconf 84' lang='grc' dir='ltr'>τῶν.</span> 
     </span>
    </p>
   </div>
   <div class='ocr_carea' id='block_1_112' title="bbox 227 5766 1252 5840">
    <p class='ocr_par' dir='ltr' id='par_1_112' title="bbox 227 5766 1252 5840">
     <span class='ocr_line' id='line_1_116' title="bbox 227 5766 1252 5840; baseline 0.012 -21"><span class='ocrx_word' id='word_1_844' title='bbox 227 5766 277 5803; x_wconf 65' lang='grc'><strong>⁸³</strong></span> <span class='ocrx_word' id='word_1_845' title='bbox 307 5769 705 5840; x_wconf 76' lang='grc' dir='ltr'>μεγαλαυχίαις</span> <span class='ocrx_word' id='word_1_846' title='bbox 743 5766 784 5821; x_wconf 72' lang='lat' dir='ltr'><strong>ll</strong></span> <span class='ocrx_word' id='word_1_847' title='bbox 826 5777 876 5822; x_wconf 82' lang='lat' dir='ltr'><strong>et</strong></span> <span class='ocrx_word' id='word_1_848' title='bbox 907 5766 1075 5835; x_wconf 78' lang='lat' dir='ltr'><strong>Lugd.</strong></span> <span class='ocrx_word' id='word_1_849' title='bbox 1107 5767 1128 5819; x_wconf 70' lang='grc'>1</span> <span class='ocrx_word' id='word_1_850' title='bbox 1182 5782 1252 5820; x_wconf 71' lang='lat' dir='ltr'><strong>Ill-</strong></span> 
     </span>
    </p>
   </div>
   <div class='ocr_carea' id='block_1_113' title="bbox 1330 5698 3475 5796">
    <p class='ocr_par' dir='ltr' id='par_1_113' title="bbox 1330 5698 3475 5796">
     <span class='ocr_line' id='line_1_117' title="bbox 1330 5698 3475 5785; baseline 0.003 -38"><span class='ocrx_word' id='word_1_851' title='bbox 1330 5698 1353 5747; x_wconf 70' lang='grc' dir='ltr'><strong>ιῖ</strong></span> <span class='ocrx_word' id='word_1_852' title='bbox 1389 5698 1451 5751; x_wconf 70' lang='lat' dir='ltr'><strong>Il.</strong></span> <span class='ocrx_word' id='word_1_853' title='bbox 1490 5698 1619 5751; x_wconf 84' lang='grc' dir='ltr'>τῶν.</span> <span class='ocrx_word' id='word_1_854' title='bbox 1719 5699 1762 5729; x_wconf 78' lang='grc'><strong><em>⁸³</em></strong></span> <span class='ocrx_word' id='word_1_855' title='bbox 1801 5699 2067 5785; x_wconf 80' lang='grc' dir='ltr'>ἁπεκέκρ.</span> <span class='ocrx_word' id='word_1_856' title='bbox 2111 5698 2177 5765; x_wconf 74' lang='grc' dir='ltr'><strong>ιι,</strong></span> <span class='ocrx_word' id='word_1_857' title='bbox 2205 5698 2374 5755; x_wconf 70' lang='grc' dir='ltr'>ἁποκζ</span> <span class='ocrx_word' id='word_1_858' title='bbox 2409 5701 2551 5770; x_wconf 75' lang='lat' dir='ltr'><strong>vulg.</strong></span> <span class='ocrx_word' id='word_1_859' title='bbox 2586 5700 2649 5770; x_wconf 83' lang='grc' dir='ltr'>δὴ</span> <span class='ocrx_word' id='word_1_860' title='bbox 2685 5698 2771 5762; x_wconf 69' lang='lat' dir='ltr'><strong>IL,</strong></span> <span class='ocrx_word' id='word_1_861' title='bbox 2815 5699 2871 5752; x_wconf 75' lang='grc' dir='ltr'>δὲ</span> <span class='ocrx_word' id='word_1_862' title='bbox 2917 5701 3062 5769; x_wconf 78' lang='lat' dir='ltr'><strong>vulg.</strong></span> <span class='ocrx_word' id='word_1_863' title='bbox 3138 5702 3185 5732; x_wconf 80' lang='lat'>”</span> <span class='ocrx_word' id='word_1_864' title='bbox 3221 5702 3270 5753; x_wconf 88' lang='grc' dir='ltr'>οἱ</span> <span class='ocrx_word' id='word_1_865' title='bbox 3293 5717 3405 5755; x_wconf 84' lang='lat' dir='ltr'><strong>mn.</strong></span> <span class='ocrx_word' id='word_1_866' title='bbox 3439 5700 3475 5753; x_wconf 77' lang='lat' dir='ltr'><strong>li</strong></span> 
     </span>
     <span class='ocr_line' id='line_1_118' title="bbox 1330 5764 3475 5796; baseline 0.001 -2"><span class='ocrx_word' id='word_1_867' title='bbox 1330 5764 1376 5796; x_wconf 68' lang='lat' dir='ltr'><strong>at</strong></span> <span class='ocrx_word' id='word_1_868' title='bbox 1419 5766 1513 5796; x_wconf 67' lang='lat' dir='ltr'><strong>nl...</strong></span> <span class='ocrx_word' id='word_1_869' title='bbox 1559 5782 1646 5796; x_wconf 68' lang='lat' dir='ltr'><strong>nm</strong></span> <span class='ocrx_word' id='word_1_870' title='bbox 1704 5768 1740 5796; x_wconf 81' lang='lat' dir='ltr'><strong>l)</strong></span> <span class='ocrx_word' id='word_1_871' title='bbox 1846 5771 1889 5796; x_wconf 72' lang='grc' dir='ltr'>ιιι</span> <span class='ocrx_word' id='word_1_872' title='bbox 1926 5787 2185 5796; x_wconf 74' lang='grc'><strong>.,-......-..</strong></span> <span class='ocrx_word' id='word_1_873' title='bbox 2220 5769 2255 5796; x_wconf 85' lang='lat' dir='ltr'><strong>n</strong></span> <span class='ocrx_word' id='word_1_874' title='bbox 2362 5777 2395 5796; x_wconf 75' lang='grc' dir='ltr'>ο.</span> <span class='ocrx_word' id='word_1_875' title='bbox 2437 5769 2687 5796; x_wconf 74' lang='lat' dir='ltr'><strong>.-..r...._...</strong></span> <span class='ocrx_word' id='word_1_876' title='bbox 2717 5770 2813 5796; x_wconf 60' lang='lat' dir='ltr'><strong>mm</strong></span> <span class='ocrx_word' id='word_1_877' title='bbox 2878 5770 2982 5796; x_wconf 60' lang='lat' dir='ltr'><strong>nm.</strong></span> <span class='ocrx_word' id='word_1_878' title='bbox 3018 5769 3151 5796; x_wconf 70' lang='lat' dir='ltr'><strong>..-_J.</strong></span> <span class='ocrx_word' id='word_1_879' title='bbox 3189 5769 3290 5796; x_wconf 67' lang='lat' dir='ltr'><strong>IL...</strong></span> <span class='ocrx_word' id='word_1_880' title='bbox 3343 5771 3475 5796; x_wconf 76' lang='lat'><strong>-.__.&#39;</strong></span> 
     </span>
    </p>
   </div>
   <div class='ocr_carea' id='block_1_114' title="bbox 1417 5766 3505 5840">
    <p class='ocr_par' dir='ltr' id='par_1_114' title="bbox 1417 5766 3505 5840">
     <span class='ocr_line' id='line_1_119' title="bbox 1417 5766 3505 5840; baseline 0.004 -24"><span class='ocrx_word' id='word_1_881' title='bbox 1417 5766 1513 5836; x_wconf 83' lang='grc' dir='ltr'><strong>μὲν</strong></span> <span class='ocrx_word' id='word_1_882' title='bbox 1558 5782 1669 5821; x_wconf 78' lang='lat' dir='ltr'><strong>(nn.</strong></span> <span class='ocrx_word' id='word_1_883' title='bbox 1704 5768 1769 5823; x_wconf 70' lang='lat' dir='ltr'><strong>ll.</strong></span> <span class='ocrx_word' id='word_1_884' title='bbox 1846 5771 1889 5806; x_wconf 81' lang='lat'>&quot;’</span> <span class='ocrx_word' id='word_1_885' title='bbox 1925 5766 2189 5840; x_wconf 79' lang='grc' dir='ltr'>χρώματα</span> <span class='ocrx_word' id='word_1_886' title='bbox 2218 5769 2285 5829; x_wconf 77' lang='grc' dir='ltr'><strong>Β.</strong></span> <span class='ocrx_word' id='word_1_887' title='bbox 2362 5777 2396 5807; x_wconf 71' lang='grc' dir='ltr'><strong>ι·</strong></span> <span class='ocrx_word' id='word_1_888' title='bbox 2435 5766 2692 5840; x_wconf 73' lang='grc' dir='ltr'>φαίνηται</span> <span class='ocrx_word' id='word_1_889' title='bbox 2716 5770 2838 5825; x_wconf 86' lang='lat' dir='ltr'><strong>edd.</strong></span> <span class='ocrx_word' id='word_1_890' title='bbox 2878 5770 2984 5825; x_wconf 84' lang='lat' dir='ltr'><strong>Pro</strong></span> <span class='ocrx_word' id='word_1_891' title='bbox 3013 5766 3153 5840; x_wconf 76' lang='grc' dir='ltr'>μετὰ</span> <span class='ocrx_word' id='word_1_892' title='bbox 3189 5769 3309 5827; x_wconf 80' lang='lat' dir='ltr'><strong>Par.</strong></span> <span class='ocrx_word' id='word_1_893' title='bbox 3343 5771 3505 5826; x_wconf 84' lang='grc' dir='ltr'>κατά.</span> 
     </span>
    </p>
   </div>
   <div class='ocr_carea' id='block_1_115' title="bbox 2764 5489 3506 5561">
    <p class='ocr_par' dir='ltr' id='par_1_115' title="bbox 2764 5489 3506 5561">
     <span class='ocr_line' id='line_1_120' title="bbox 2764 5489 3506 5561; baseline 0 -17"><span class='ocrx_word' id='word_1_894' title='bbox 2764 5489 2882 5544; x_wconf 68' lang='lat' dir='ltr'><strong>om.</strong></span> <span class='ocrx_word' id='word_1_895' title='bbox 2936 5491 3099 5561; x_wconf 86' lang='lat' dir='ltr'><strong>intpr.</strong></span> <span class='ocrx_word' id='word_1_896' title='bbox 3141 5490 3224 5561; x_wconf 74' lang='lat'><strong>_“</strong></span> <span class='ocrx_word' id='word_1_897' title='bbox 3253 5489 3506 5561; x_wconf 59' lang='grc' dir='ltr'>Ριῖόίάφ-</span> 
     </span>
    </p>
   </div>
   <div class='ocr_carea' id='block_1_116' title="bbox 2208 5489 2719 5553">
    <p class='ocr_par' dir='ltr' id='par_1_116' title="bbox 2208 5489 2719 5553">
     <span class='ocr_line' id='line_1_121' title="bbox 2208 5489 2719 5553; baseline 0.004 -12"><span class='ocrx_word' id='word_1_898' title='bbox 2208 5490 2253 5521; x_wconf 76' lang='lat'>&quot;</span> <span class='ocrx_word' id='word_1_899' title='bbox 2279 5489 2373 5542; x_wconf 77' lang='grc' dir='ltr'>καὶ</span> <span class='ocrx_word' id='word_1_900' title='bbox 2397 5489 2494 5542; x_wconf 83' lang='grc' dir='ltr'>τοῦ</span> <span class='ocrx_word' id='word_1_901' title='bbox 2526 5491 2719 5553; x_wconf 84' lang='grc' dir='ltr'>Κέρως</span> 
     </span>
    </p>
   </div>
   <div class='ocr_carea' id='block_1_117' title="bbox 2612 5506 3503 5623">
    <p class='ocr_par' dir='ltr' id='par_1_117' title="bbox 2612 5506 3503 5623">
     <span class='ocr_line' id='line_1_122' title="bbox 2643 5506 3503 5561; baseline 0.001 -18"><span class='ocrx_word' id='word_1_902' title='bbox 2643 5506 2719 5553; x_wconf 89' lang='grc' dir='ltr'><strong>ως</strong></span> <span class='ocrx_word' id='word_1_903' title='bbox 2764 5506 2876 5544; x_wconf 92' lang='lat' dir='ltr'><strong>om.</strong></span> <span class='ocrx_word' id='word_1_904' title='bbox 2936 5506 3008 5544; x_wconf 91' lang='lat' dir='ltr'><strong>Int</strong></span> <span class='ocrx_word' id='word_1_905' title='bbox 3056 5507 3099 5545; x_wconf 92' lang='lat' dir='ltr'><strong>r.</strong></span> <span class='ocrx_word' id='word_1_906' title='bbox 3179 5506 3224 5522; x_wconf 84' lang='lat'><strong>&quot;</strong></span> <span class='ocrx_word' id='word_1_907' title='bbox 3253 5506 3358 5544; x_wconf 79' lang='grc' dir='ltr'><strong>ιἰὀ</strong></span> <span class='ocrx_word' id='word_1_908' title='bbox 3397 5506 3503 5561; x_wconf 81' lang='grc' dir='ltr'><strong>αφ-</strong></span> 
     </span>
     <span class='ocr_line' id='line_1_123' title="bbox 2612 5506 3503 5623; baseline 0.004 -12"><span class='ocrx_word' id='word_1_909' title='bbox 2612 5506 2659 5613; x_wconf 54' lang='grc' dir='ltr'><strong>ἵ.</strong></span> <span class='ocrx_word' id='word_1_910' title='bbox 2766 5561 2810 5591; x_wconf 81' lang='grc'><strong>¹⁶</strong></span> <span class='ocrx_word' id='word_1_911' title='bbox 2837 5507 3102 5623; x_wconf 54' lang='grc' dir='ltr'>ὲπιδόξζις</span> <span class='ocrx_word' id='word_1_912' title='bbox 3140 5559 3185 5613; x_wconf 80' lang='lat' dir='ltr'><strong>R</strong></span> <span class='ocrx_word' id='word_1_913' title='bbox 3214 5571 3267 5615; x_wconf 89' lang='lat' dir='ltr'><strong>et</strong></span> <span class='ocrx_word' id='word_1_914' title='bbox 3305 5576 3335 5614; x_wconf 85' lang='lat' dir='ltr'><strong>a</strong></span> <span class='ocrx_word' id='word_1_915' title='bbox 3369 5560 3503 5616; x_wconf 70' lang='grc' dir='ltr'><strong>21η.</strong></span> 
     </span>
    </p>
   </div>
   <div class='ocr_carea' id='block_1_118' title="bbox 2193 5559 2609 5628">
    <p class='ocr_par' dir='ltr' id='par_1_118' title="bbox 2193 5559 2609 5628">
     <span class='ocr_line' id='line_1_124' title="bbox 2193 5559 2609 5628; baseline -0.002 -16"><span class='ocrx_word' id='word_1_916' title='bbox 2193 5559 2235 5591; x_wconf 82' lang='lat'>&quot;</span> <span class='ocrx_word' id='word_1_917' title='bbox 2274 5560 2561 5628; x_wconf 79' lang='grc' dir='ltr'>ἁγιστείας</span> <span class='ocrx_word' id='word_1_918' title='bbox 2593 5559 2609 5611; x_wconf 94' lang='lat' dir='ltr'><strong>l</strong></span> 
     </span>
    </p>
   </div>
   <div class='ocr_carea' id='block_1_119' title="bbox 2340 5625 3509 5701">
    <p class='ocr_par' dir='ltr' id='par_1_119' title="bbox 2340 5625 3509 5701">
     <span class='ocr_line' id='line_1_125' title="bbox 2340 5625 3509 5701; baseline 0 -18"><span class='ocrx_word' id='word_1_919' title='bbox 2340 5625 2479 5701; x_wconf 79' lang='grc' dir='ltr'>ἦσαν</span> <span class='ocrx_word' id='word_1_920' title='bbox 2510 5629 2567 5683; x_wconf 83' lang='grc' dir='ltr'>δὲ</span> <span class='ocrx_word' id='word_1_921' title='bbox 2596 5645 2774 5701; x_wconf 81' lang='lat' dir='ltr'><strong>usque</strong></span> <span class='ocrx_word' id='word_1_922' title='bbox 2822 5631 2897 5701; x_wconf 79' lang='lat' dir='ltr'><strong>ad</strong></span> <span class='ocrx_word' id='word_1_923' title='bbox 2943 5631 3235 5697; x_wconf 82' lang='grc' dir='ltr'>φυλάσσειν</span> <span class='ocrx_word' id='word_1_924' title='bbox 3288 5631 3509 5701; x_wconf 71' lang='grc' dir='ltr'>ἐδόκουν</span> 
     </span>
    </p>
   </div>
   <div class='ocr_carea' id='block_1_120' title="bbox 3138 5700 3504 5755">
    <p class='ocr_par' dir='ltr' id='par_1_120' title="bbox 3138 5700 3504 5755">
     <span class='ocr_line' id='line_1_126' title="bbox 3138 5700 3504 5755; baseline 0.003 -2"><span class='ocrx_word' id='word_1_925' title='bbox 3138 5702 3185 5732; x_wconf 80' lang='grc'>³³</span> <span class='ocrx_word' id='word_1_926' title='bbox 3221 5702 3270 5753; x_wconf 89' lang='grc' dir='ltr'>οἱ</span> <span class='ocrx_word' id='word_1_927' title='bbox 3293 5717 3405 5755; x_wconf 85' lang='lat' dir='ltr'><strong>om.</strong></span> <span class='ocrx_word' id='word_1_928' title='bbox 3439 5700 3504 5754; x_wconf 67' lang='lat' dir='ltr'><strong>ll.</strong></span> 
     </span>
    </p>
   </div>
  </div>
