4020 6458
498 318 651 383 13375

1723 307 2075 369 ACATHL’E
2122 306 2610 369 SCHOLASTICI

3599 323 3716 393 1576

513 427 701 481 bellica
724 433 773 478 et
800 421 1117 495 fortitudine
1139 420 1287 492 longe
1305 418 1466 491 315
1489 419 1635 472 nobis
1657 430 1779 472 sunt
1804 418 2096 488 inferiores,

2206 415 2352 470 αὐτὸ
2384 417 2451 471 τὸ
2474 418 2745 487 κρεῖττον
2773 419 3224 478 ἀντιτάττεσθαι
3262 429 3585 499 προαχθείη·
3614 438 3721 490 καί-

513 517 852 571 multitudine
881 526 1054 569 tamen
1084 523 1332 582 superant
1361 527 1378 563 :
1424 520 1471 563 et
1506 510 1552 562 si
1583 525 1699 580 qua:
1727 509 1973 578 utrinque
2004 524 2099 561 ea:-

514 608 725 675 cs'dunt,
756 609 894 661 inter
925 623 981 659 se
1020 604 1362 673 conferantur
1401 610 1558 672 atque
1595 599 1978 670 expenduntur,
2009 614 2101 652 ex-

511 717 689 754 cessus
735 697 804 752 ad
851 697 1209 768 a’qualitatem
1255 692 1537 763 redigetur.
1586 691 1704 757 Quo
1745 701 1901 760 pacto
1939 691 2103 761 igitur

513 804 619 841 non
649 798 799 857 turpe
828 786 1010 854 fuerit,
1040 799 1154 847 nos,
1187 782 1277 853 qui
1308 797 1455 850 ecquo
1483 790 1747 850 apparatu
1773 796 1954 835 sumus
1980 795 2104 832 con-

512 880 734 950 flictari,
762 880 891 931 adeo
917 876 1211 946 ﬁreecipites
1242 883 1399 943 atque
1424 875 1641 943 eﬁ‘renes
1665 873 1818 943 ferri,
1866 880 1924 926 ut
1942 887 2103 942 neque

513 971 781 1042 temporis,
809 984 971 1039 neque
1001 966 1226 1032 ordinis,
1253 980 1417 1035 neque
1442 964 1839 1019 temerariorum
1873 964 2103 1033 fortuna:

512 1070 893 1118 momentorum
924 1060 1183 1125 rationem
1213 1055 1378 1110 ullam
1399 1056 1690 1110 habeamus
1713 1056 1737 1109 ξ’
1761 1053 1944 1124 Neque
1964 1058 2102 1110 enim

511 1158 808 1226 quisquam,
831 1154 912 1207 uti
936 1151 1187 1213 arbitror,
1214 1165 1469 1203 manuum
1493 1150 1542 1203 vi
1562 1149 1736 1202 hostes
1754 1146 2102 1217 superaverit,

511 1249 614 1302 nisi
644 1247 785 1300 adsit
809 1245 1006 1315 judicii
1037 1241 1345 1311 consiliique
1380 1242 1658 1296 rectitudo.
1697 1241 1813 1307 Quo
1843 1239 1983 1294 enim
2007 1253 2104 1306 pa—

511 1350 592 1392 cto
629 1339 743 1407 ﬁeri
780 1348 973 1406 posset,
1007 1344 1064 1389 ut
1093 1348 1208 1404 ego,
1246 1336 1335 1405 qui
1365 1333 1432 1387 ad
1467 1343 1674 1387 tantam
1704 1331 1953 1386 canitiem
1981 1345 2103 1398 per-

511 1425 646 1487 veni,
682 1434 737 1476 ut
767 1422 1142 1493 propemodum
1180 1425 1346 1477 uictus
1388 1419 1623 1490 belloque
1652 1420 1858 1489 ineptus
1900 1419 2022 1483 sim,
2049 1420 2103 1472 in

512 1516 841 1584 conﬂictibus
869 1515 1172 1586 pra’liisque
1214 1529 1468 1579 versarer,
1510 1513 1611 1566 nisi
1650 1527 1729 1566 me
1761 1510 2102 1565 consiliorum

512 1608 745 1663 bonitate
764 1607 1145 1677 prudentiaque
1171 1607 1553 1662 sustentarem?
1576 1603 1841 1671 Quocirca
1868 1603 1913 1656 si
1941 1604 2102 1656 etiam

511 1702 795 1755 senectutis
832 1700 1252 1755 imbecillitatem
1280 1717 1424 1755 mens
1455 1710 1597 1753 recta
1633 1714 1697 1752 ac
1730 1698 1887 1765 firma
1909 1706 1958 1751 et
1985 1713 2103 1768 quia

2203 523 2291 559 τοι
2330 508 2573 575 κάκεῖνο
2619 510 2979 566 σκοπεῖσθαι
3002 513 3218 581 χρεὼν,
3250 515 3322 581 ὡς
3359 519 3408 572 εὶ
3430 521 3518 573 real
3553 526 3723 592 πολιῷ

2204 595 2314 664 τῆς
2345 599 2637 668 ὑμετέρας
2675 600 2953 670 ἀνδρείας
2979 603 3300 673 ἡττώμενοι
3326 609 3567 677 τύχοιεν.
3593 615 3725 672 ἀλλὰ

2203 687 2282 753 τῷ
2332 690 2552 756 πλήθει
2587 692 2898 760 κρατοῦσι.
2946 694 3058 748 Kal
3106 696 3272 765 εἴπερ
3314 702 3380 752 τὸ
3415 700 3726 771 ἑκατέρωθεν

2204 781 2535 843 πλεονάζον
2564 783 3068 855 ἀντεξετάσωμεν
3106 786 3173 850 ⁸⁵,
3208 789 3355 855 πρὸς
3383 790 3612 860 ἰσότητα
3635 812 3726 863 χω-

2197 870 2631 973 ρήσειτὶιπῆς
2681 875 2980 973 ἀμετρίας.
3025 874 3161 942 Πῶς
3206 872 3317 931 οὖν
3360 880 3465 932 οὐκ
3514 883 3730 973 αισζρὸν

2204 962 2362 1033 ἡμᾶς
2384 963 2455 1028 ἐξ
2486 963 2846 1035 ἀγχωμάλου
2883 965 3276 1036 παρασκευῆς
3299 966 3379 1040 [Ρ.
3412 968 3530 1043 162]
3559 962 3732 1043 (irim.

2208 1053 2492 1126 ζομένους
2521 1057 2590 1123 ⁸⁵,
2644 1058 2798 1112 οὕτω
2842 1059 2988 1114 λίαν
3029 1059 3195 1129 ἔχειν
3244 1061 3311 1114 τὸ
3355 1064 3627 1131 προπετὲς
3652 1070 3732 1123 real

2204 1147 2555 1214 ἀκάθεκτον,
2589 1150 2670 1217 ὡς
2690 1149 2849 1220 μηδὲ
2881 1152 3095 1220 καιρὸν
3140 1152 3179 1222 ἢ
3226 1151 3397 1218 τάξιν
3433 1155 3470 1223 ἢ
3498 1155 3594 1222 τὰς
3621 1158 3734 1214 ded-

2205 1255 2387 1305 κτους
2412 1239 2522 1309 τῆς
2542 1241 2731 1310 τύχης
2760 1243 2806 1274 "
2825 1241 3022 1310 ῥοπὰς
3044 1243 3116 1297 έν
3129 1244 3289 1313 λόγῳ
3320 1246 3597 1302 ποιεῖσθαι
3614 1264 3630 1313 ;
3649 1255 3734 1305 Δυ-

2204 1329 2374 1398 νάμει
2422 1331 2532 1399 γὰρ
2563 1329 2781 1400 χειρῶν
2809 1334 2921 1386 οὐκ
2970 1333 3049 1387 ἂν
3079 1350 3189 1400 τις,
3225 1330 3401 1405 οἶμαι,
3449 1339 3735 1405 περιέσοιτο

2205 1422 2530 1492 πολεμίων,
2571 1423 2653 1493 ἣν
2694 1424 2782 1494 μὴ
2830 1425 3033 1495 προσῇ
3077 1426 3145 1481 τὸ
3192 1428 3401 1495 κρῖνον
3453 1429 3624 1498 ὀρθῶς
3660 1438 3735 1491 και

2204 1514 2608 1585 λογιζόμενον.
2652 1517 2817 1573 Ἐπεὶ
2864 1519 2991 1585 πῶς
3022 1518 3102 1573 ἂν
3146 1515 3276 1573 οἷόν
3306 1538 3369 1574 τε
3395 1517 3474 1591 ἦν
3511 1522 3552 1555 ⁸⁷
3579 1524 3737 1596 ἔμοιγε

2204 1605 2271 1670 ἐς
2307 1605 2444 1660 τόδε
2474 1607 2693 1675 πολιᾶς
2721 1609 2952 1691 ἤιέοντι,
2993 1610 3095 1665 real
3128 1607 3257 1666 οἷον
3282 1613 3478 1681 ἐξώρῳ
3503 1616 3572 1669 τὰ
3597 1619 3737 1673 πολέ-

2200 1714 2308 1767 μια
2354 1699 2755 1770 γεγενημένῳ,
2797 1705 3214 1772 παρατάξεσιν
3260 1707 3492 1776 ὁμιλεῖν
3517 1708 3609 1762 real
3637 1727 3735 1764 retr-

511 1811 611 1863 par
641 1803 715 1848 est
752 1803 995 1863 appetens
1029 1792 1361 1857 corroborat,
1395 1800 1444 1843 et
1475 1792 1544 1842 ad
1572 1804 1651 1841 res
1687 1791 1813 1841 bene
1846 1784 2102 1857 gerendas

2206 1790 2435 1858 δύνοις,
2466 1794 2520 1846 εί
2533 1757 2621 1863 μὴ
2656 1757 2779 1861 tch
2812 1757 2922 1864 τῆος
2958 1757 3543 1868 εὐϐουλίαςὶὴηθοῖς

511 1886 803 1941 exsuscitat
829 1926 843 1951 ,
886 1885 1064 1939 astatis
1110 1884 1371 1955 defectum
1400 1880 1686 1951 prudentia
1716 1894 2056 1949 compensans
2083 1896 2103 1945 ;

512 1975 774 2045 quomodo
817 1990 919 2028 non
967 1972 1134 2027 multo
1181 1971 1412 2042 amplius
1454 1969 1596 2024 vobis
1637 1969 1789 2023 utilis
1826 1970 1895 2022 sit
1918 1968 2103 2038 futura

509 2067 770 2140 iuventuti
789 2066 1123 2136 corporisque
1144 2063 1323 2118 robori
1349 2063 1662 2133 coniuncta?
1681 2060 1942 2117 Sinistros
1964 2062 2105 2114 enim

510 2175 538 2212 e
570 2158 790 2227 fortuito
824 2157 1004 2228 aliquo
1034 2173 1161 2209 casu
1192 2158 1272 2211 vel
1302 2171 1491 2209 manus
1520 2155 1647 2209 vitio
1671 2153 1934 2223 profectos
1955 2168 2105 2206 even-

513 2257 595 2299 tus
639 2247 868 2316 fortasse
910 2256 1050 2299 recta
1091 2245 1367 2315 cogitatio,
1406 2260 1623 2315 quaeque
1658 2258 1712 2296 se
1756 2242 1966 2296 casibus
2013 2257 2105 2294 ac-

510 2339 847 2393 commodare
892 2341 1054 2401 norit,
1098 2337 1153 2390 in
1204 2337 1392 2390 melius
1440 2336 1731 2405 transferre
1771 2344 2106 2402 erratumque

509 2428 774 2498 corrigere
815 2426 1019 2496 possit:
1057 2425 1144 2479 ubi
1183 2440 1300 2478 vero
1341 2424 1527 2477 utentis
1568 2423 1718 2488 vitio,
1752 2423 1891 2492 quod
1921 2423 2106 2475 incon-

508 2519 721 2584 sultius,
753 2534 913 2589 quam
947 2526 1175 2587 oportet,
1206 2532 1287 2570 res
1325 2514 1721 2585 aggrediamur,
1756 2513 1965 2567 adversi
1995 2514 2103 2566 ali-

509 2611 634 2683 quid
657 2611 905 2675 evenerit,
939 2610 1098 2671 unde,
1118 2623 1316 2679 quarso,
1341 2606 1630 2661 remedium
1660 2622 1722 2659 ac
1750 2606 1897 2659 salus
1927 2617 2107 2676 peten-

510 2718 599 2761 tur
621 2747 637 2773 ,
685 2707 733 2760 si
775 2706 1005 2776 primum
1036 2702 1173 2756 illud
1198 2739 1212 2764 ,
1243 2701 1383 2770 quod
1426 2698 1536 2752 Ιιιεσ
1570 2697 1776 2768 gignere
1819 2697 1948 2751 solet
1975 2739 1990 2764 ,
2033 2699 2106 2753 sit

507 2798 853 2869 depravatum
886 2804 1042 2867 atque
1087 2793 1394 2846 subversum
1417 2790 1444 2844 ll
1471 2788 1633 2859 Atqui
1679 2789 1961 2844 mirabitur
1992 2790 2100 2859 for-

507 2889 648 2943 sitan
695 2888 888 2958 aliquis
933 2886 1097 2957 316
1140 2883 1520 2938 admonitionis
1571 2896 1700 2936 mea:
1745 2881 2103 2936 insolentiam.

509 2977 644 3035 Cum
667 2979 805 3032 enim
832 2978 1063 3033 excitare
1080 2992 1237 3046 atque
1261 2975 1460 3045 erigere
1484 2973 1854 3043 confidentiam
1881 2986 2107 3029 vestram

2205 1884 2575 1955 ἀμωσγέπως
2625 1887 3008 1955 πεποιθέναι;
3063 1891 3132 1946 El
3184 1893 3398 1946 τοίνυν
3446 1891 3542 1947 real
3588 1892 3737 1963 γήρως

2205 1974 2528 2031 ἀσθένειαν
2565 1977 2766 2049 γνώμη
2815 1982 3038 2051 στερρὰ
3078 1984 3178 2038 real
3210 1982 3333 2038 τῶν
3362 1987 3733 2054 προσηκόντων

2205 2068 2486 2140 ἐφιεμένη
2507 2073 2784 2139 κρατύνει
2816 2074 2916 2128 καὶ
2949 2075 3297 2146 διανίστησι
3323 2076 3473 2146 πρὸς
3496 2078 3560 2132 τὸ
3580 2079 3734 2133 συνοῖ-

2206 2175 2343 2226 σον,
2374 2161 2819 2232 ἀναπληροῦσα
2871 2166 2947 2237 τῇ
2994 2169 3040 2200 ⁵⁸
3098 2171 3429 2239 προμηθείᾳ
3468 2170 3531 2225 τὸ
3575 2170 3637 2224 ἐκ
3662 2171 3739 2238 τῆς

2206 2253 2449 2321 ἡλικίας
2496 2254 2736 2325 ἐνδέον,
2788 2258 2914 2326 πῶς
2961 2262 3034 2316 οὐ
3084 2261 3329 2330 μᾶλλον
3373 2260 3524 2331 ὑμᾶς
3574 2263 3740 2332 ὀνήσει

2205 2345 2445 2413 νεότητι
2488 2350 2897 2417 συμπαροῦσα
2929 2351 3030 2407 real
3050 2351 3126 2421 τῇ
3150 2353 3256 2408 τοῦ
3287 2352 3556 2422 σώματος
3579 2353 3741 2423 ῥώμης

2215 2436 2324 2503 Τὰς
2353 2437 2474 2508 μὲν
2507 2440 2618 2510 γὰρ
2663 2441 2707 2473 ⁸ο
2740 2442 2809 2496 ἐκ
2855 2447 3045 2514 τύχης
3086 2446 3247 2509 τινὸς
3292 2445 3332 2515 ἢ
3383 2446 3576 2516 χειρὸς
3609 2448 3743 2514 ἀγεν-

2207 2526 2355 2593 νοῦς
2405 2529 2758 2598 ἀποτεύξεις
2812 2532 2960 2600 ἴσως
3008 2530 3085 2587 ἂν
3128 2535 3427 2605 λογισμὸς
3484 2536 3743 2605 ἀσφαλὴς.

2208 2617 2306 2671 real
2356 2614 2481 2686 οἷος
2519 2622 2638 2684 τοῖς
2685 2621 3152 2689 προσπεσοῦσιν
3196 2627 3589 2695 ἁρμόσασθαι,
3607 2642 3746 2696 μετα-

2209 2709 2535 2765 σκευάσειε
2566 2714 2715 2781 πρὸς
2765 2714 2832 2769 τὸ
2874 2715 3212 2785 συμφέρον,
3266 2719 3366 2772 real
3412 2721 3746 2788 θεραπεύσειε

2209 2801 2277 2855 τὸ
2317 2803 2754 2874 ἡμαρτημένον.
2807 2806 2995 2873 Ἔνθα
3031 2807 3100 2861 δὲ
3142 2809 3383 2880 γνώμης
3430 2811 3747 2880 σφαλείσης,

2208 2894 2290 2961 τῷ
2310 2895 2400 2965 μὴ
2432 2897 2505 2951 τὰ
2533 2896 2747 2953 δέοντα
2775 2898 3188 2969 διανοηθῆναι,
3220 2898 3342 2955 τῶν
3366 2902 3691 2968 ἀϐουλήτων
3709 2919 3751 2956 τι

2210 2989 2631 3059 συνενεχθείη,
2681 2990 2869 3046 πόθεν
2906 2989 2985 3046 ἂν
3031 2994 3308 3060 ληπτέον
3357 2993 3424 3048 τὸ
3465 2992 3642 3054 σῶζον
3674 2995 3751 3049 καὶ

509 3073 909 3140 animorumque
942 3068 1275 3123 alacritatem
1309 3074 1608 3136 oporteret,
1638 3083 1730 3136 ego
1764 3068 1874 3120 Iure
1908 3083 1935 3121 e
1978 3084 2099 3122 con-

2210 3081 2743 3153 ἀνακαλούμενον,
2795 3086 2918 3156 εἴτε
2959 3084 3196 3155 πρῶτον
3252 3087 3448 3142 ἐκεῖνο
3495 3087 3556 3141 τὸ
3600 3087 3751 3141 ταῦτα

510 3165 678 3218 trario
721 3180 905 3218 enervo
947 3172 1104 3232 atque
1151 3160 1432 3223 imminuo,
1475 3170 1522 3212 et
1569 3159 1909 3229 cogitationes
1954 3161 2095 3217 vobis

508 3253 751 3323 injiciens
780 3261 828 3307 et
858 3263 1048 3314 metus,
1078 3260 1125 3304 et
1149 3249 1338 3302 dubias
1365 3264 1481 3317 spes
1512 3248 1737 3318 faciens.

2207 3171 2430 3226 τίκτειν
2476 3176 2750 3244 πεφυκὸς
2801 3178 3256 3246 πιιρατραπείη;
3313 3179 3515 3233 Καίτοι
3564 3175 3751 3247 θαυμά-

2204 3276 2374 3318 σειεν
2401 3265 2550 3333 ἴσως
2592 3268 2672 3321 ἄν
2717 3285 2805 3335 τις
2839 3267 2986 3339 ἐμοῦ
3024 3267 3135 3337 τῆς
3181 3269 3285 3323 ἐπὶ
3329 3269 3401 3339 τῆ
3446 3269 3751 3340 παραινέσει

510 3344 910 3441 μαινοῖομίας.
960 3344 1116 3441 Δέον.
1151 3340 1262 3410 γὰρ
1316 3338 1759 3441 ,προσεξαίρειν
1827 3343 1934 3441 καὶ.
1966 3344 2286 3421 διανιστᾷν
2336 3356 2403 3411 τὸ
2449 3360 2737 3426 πεποιθὸς
2785 3361 2854 3415 ἐν
2922 3361 3067 3432 ὑμῖν
3106 3362 3209 3417 real
3277 3338 3749 3435 προθυμούμενον,

509 3437 648 3492 ἀλλ’
696 3436 878 3505 ἔγωγε
920 3430 1201 3486 κοιλαίνω
1234 3430 1420 3484 ταῦτα
1446 3431 1808 3527 τούναντίον
1838 3435 1940 3489 real
2005 3448 2425 3519 παραιροῦμαι,
2488 3452 2587 3506 real
2627 3430 2971 3525 λογισμοὺς
3029 3430 3354 3526 ἐμϐάλλων
3546 3430 3751 3527 ὅιινους,

514 3533 613 3588 real
653 3530 1026 3602 ἀμφιϐόλους
1063 3526 1249 3581 ποιῶν
1281 3529 1383 3593 τὰς
1419 3525 1697 3593 ἐλπίδας.

588 3623 674 3678 18.
698 3621 964 3693 ,ϐοιιετιιιιι
995 3620 1123 3673 milii
1156 3619 1364 3690 quidem
1392 3618 1551 3672 etiam
1592 3618 1688 3672 hoc
1709 3618 2010 3688 jucundum
2041 3642 2107 3680 ac

514 3717 695 3787 volupe
722 3730 832 3769 esse
872 3714 1080 3767 videtur
1104 3753 1117 3775 ,
1160 3712 1449 3781 bonamque
1493 3726 1637 3780 spem
1684 3711 1813 3765 milii
1850 3717 2102 3781 concitat,

509 3808 647 3881 quod
674 3822 792 3860 cum
823 3805 1019 3859 talibus
1048 3805 1173 3859 viris
1213 3804 1283 3858 ad
1321 3802 1565 3874 prtelium
1605 3804 1817 3869 accedo,
1844 3806 2031 3875 quibus
2057 3810 2105 3865 si

510 3914 844 3970 persuasero,
884 3907 939 3951 ut
973 3895 1245 3949 tantillum
1270 3896 1334 3948 de
1362 3894 1659 3948 acrimonia
1691 3895 1991 3951 animorum
2024 3915 2106 3953 re-

510 3993 751 4056 mittant,
785 3989 1007 4043 multum
1049 3988 1271 4042 dicendo
1313 3988 1539 4042 voluisse
1578 3988 1779 4043 videar.
1823 3987 1940 4044 Hoc
1984 4007 2104 4046 vero

510 4085 611 4139 sibi
641 4085 858 4155 quisque
884 4095 1108 4136 vestrum
1150 4081 1487 4152 persuadeat,
1519 4090 1740 4136 conatus
1768 4083 2104 4154 actionesque

509 4178 793 4249 prudentia
822 4177 1106 4230 destitutas
1137 4191 1238 4229 non
1268 4190 1380 4229 esse
1408 4174 1750 4229 ascribendas
1778 4174 2101 4244 fortitudini,

510 4270 602 4324 sed
645 4270 884 4324 audacia:
938 4278 987 4323 et
1041 4268 1326 4322 temeritati
1365 4276 1412 4321 et
1457 4266 1884 4333 prtevaricationi
1929 4269 2103 4338 officii.

511 4364 772 4431 Quocirca
801 4365 1105 4419 acrimonia
1141 4362 1351 4434 quidem
1382 4363 1685 4416 animorum
1716 4361 1771 4416 in
1802 4362 1944 4418 vobis
1985 4378 2105 4417 ma-

2281 3632 2371 3705 ιη⁸.
2411 3634 2589 3701 Πλὴν
2611 3634 2750 3701 ἀλλ’
2770 3633 2970 3704 ἔμοιγε
3003 3637 3043 3667 ⁶¹
3069 3634 3188 3705 μὲν
3208 3637 3310 3691 real
3332 3639 3505 3693 τοῦτο
3532 3637 3754 3709 (lupi-ps;-

2206 3725 2363 3780 εἶναι
2403 3725 2593 3789 δοκεῖ,
2659 3726 2755 3780 real
2812 3728 2964 3796 πρὸς
3015 3729 3084 3782 τὸ
3131 3729 3351 3786 εὔελπι
3402 3731 3598 3802 φέρον,
3655 3737 3756 3800 είγε

2206 3818 2499 3884 τοιούτοις
2529 3818 2829 3886 ἀνδράσιν
2875 3819 3000 3889 ἢκω
3046 3825 3557 3893 συμπολεμήσων,
3593 3826 3688 3892 οὓς
3715 3827 3754 3879 ει

2207 3909 2478 3981 πείσαιμι
2510 3910 2714 3980 ,ϐραχὺ
2766 3911 2915 3981 γοῦν
2966 3912 3219 3983 ὑφελεῖν
3252 3915 3362 3970 τοῦ
3402 3917 3753 3986 δραστηρίου,

2206 4000 2408 4069 δεινὸς
2457 4001 2536 4056 ἂν
2583 4002 2655 4056 ἐν
2698 4004 2926 4073 λόγοις,
2967 4002 3127 4074 οἶμαι
3157 4006 3227 4071 ⁶²,
3276 4009 3561 4079 κριθείην.
3615 4011 3756 4065 Ἰστω

2205 4093 2276 4147 δὲ
2307 4092 2428 4161 πᾶς
2455 4111 2546 4161 τις
2568 4093 2739 4164 ὑμῶν
2768 4095 2832 4161 ⁸³,
2863 4096 2946 4162 ὡς
2965 4097 3249 4166 ἀνδρείας
3277 4103 3484 4172 ὁρμαῖς
3501 4104 3606 4157 οὐκ
3633 4103 3756 4156 ἀνα-

2208 4188 2415 4242 θετέον
2437 4189 2544 4255 τὰς
2576 4186 2724 4243 ἄνευ
2749 4190 3104 4259 φρονήσεως
3138 4193 3516 4265 ἐπιχειρήσεις
3537 4196 3598 4261 ⁸⁸,
3626 4193 3756 4251 ἀλλὰ

2208 4282 2537 4349 θρασύτητι
2594 4281 2694 4336 real
2748 4284 3072 4352 προπετείᾳ
3121 4286 3222 4340 real
3275 4285 3622 4358 παρατροπῇ
3668 4285 3754 4340 τοῦ

2206 4370 2580 4440 καθήκοντος
2615 4374 2841 4441 τρόπου
2861 4391 2875 4404 ·
2908 4373 3067 4430 ὥστε
3098 4378 3164 4431 τὸ
3198 4379 3320 4448 μὲν
3338 4383 3637 4450 πρόθυμον
3667 4376 3756 4446 τῆς

514 4442 654 4523 neat,
691 4458 795 4511 imo
825 4466 873 4511 et
906 4457 1075 4526 magis
1118 4456 1390 4526 magisque
1416 4455 1585 4520 vigeat
1611 4470 1630 4520 ;
1675 4455 1953 4508 moderata
1985 4470 2103 4509 vero

2209 4460 2419 4533 ψυχῆς
2463 4462 2691 4532 μενέτω
2733 4465 2872 4532 παρ’
2902 4465 3065 4536 ὑμῖν,
3258 4442 3410 4525 κατά
3456 4442 3757 4540 τιὸ-μᾶλλον

513 4554 872 4623 castigataque
900 4550 1218 4620 cogitatione
1237 4589 1253 4613 ,
1287 4558 1445 4618 atque
1471 4549 1614 4602 intra
1645 4547 1801 4617 officii
1826 4546 2024 4601 limites
2052 4564 2106 4603 se

515 4645 831 4711 continente,
857 4643 1021 4697 nimia
1049 4642 1273 4696 audacia
1298 4641 1662 4711 arrogantiam
1690 4656 1865 4694 secum
1894 4639 2105 4695 trahens

516 4736 845 4791 succidatur.
879 4734 1061 4803 Neque
1095 4737 1233 4789 enim
1267 4742 1459 4788 metum
1488 4749 1551 4787 ac
1579 4731 1915 4786 timiditatem
1944 4732 2108 4802 infert

517 4831 750 4900 cogitare
784 4839 831 4883 et
871 4829 1228 4894 considerare,
1260 4824 1361 4897 quo
1391 4834 1547 4897 pacto
1578 4825 1729 4879 rebus
1761 4823 2105 4894 prementibus

517 4925 586 4976 sit
620 4922 901 4985 utendum,
945 4923 1053 4976 imo
1092 4936 1209 4976 vero
1254 4920 1566 4990 dignitatem
1607 4927 1764 4987 atque
1803 4917 2102 4985 fidentiam.

488 5021 494 5027 '
520 5015 609 5071 Ita
633 5018 769 5071 enim
801 5015 970 5080 rebus,
999 5031 1101 5085 qua
1131 5028 1197 5067 ea:
1221 5029 1319 5066 usu
1349 5020 1492 5076 sunt,
1521 5010 1810 5079 perpensis,
1837 5018 2108 5064 consecta-

517 5127 670 5164 neum
700 5122 774 5164 est
807 5109 1041 5172 omnino,
1076 5117 1131 5161 ut
1166 5106 1370 5176 justam
1401 5104 1687 5158 audaciam
1721 5102 2104 5170 concipiamus,

518 5204 704 5273 quippe
731 5220 848 5274 quia
880 5220 979 5256 non
1019 5202 1088 5256 ad
1122 5202 1323 5254 incerta
1348 5199 1580 5267 fortuna:
1610 5207 1799 5250 temere
1825 5195 2099 5263 efferatur,

2207 4551 2577 4623 ἐνακμαζέτω
2596 4570 2610 4585 ·
2663 4553 2933 4624 λογισμῷ
2952 4554 3019 4608 δέ
3051 4556 3321 4626 σώφρονι
3341 4559 3440 4613 καὶ
3460 4559 3574 4613 τῶν
3600 4572 3756 4627 προσ-

2208 4643 2485 4713 ηκόντων
2507 4643 2772 4713 ἐχομένῳ
2796 4634 2865 4699 τῦ
2889 4648 3280 4716 ὑπερϐάλλον
3305 4648 3414 4719 τῆς
3441 4650 3653 4720 τόλμης
3674 4648 3754 4701 real

2209 4734 2362 4804 πρὸς
2386 4734 2712 4789 αὐθάδειαν
2734 4734 2966 4806 ἀνάγον
2993 4738 3038 4770 ⁸⁸
3077 4739 3525 4808 ὑποτεμνέσθω.
3565 4741 3640 4793 οὐ
3666 4738 3755 4808 γὰρ

2211 4825 2398 4880 ὄκνον
2438 4826 2710 4895 ἐντίθησι
2763 4827 2865 4882 real
2909 4827 3145 4884 δειλίαν
3193 4830 3261 4885 τὸ
3317 4831 3643 4902 λογίζεσθαι
3674 4826 3754 4881 και

2211 4917 2465 4972 σκοπεῖν
2526 4917 2689 4985 ὅπως
2753 4919 2877 4986 τοῖς
2927 4921 3193 4990 παροῦσι
3238 4923 3568 4993 χρηστέον,
3621 4918 3756 4976 ἀλλὰ

2211 5008 2551 5077 σεμνότητα
2595 5009 2695 5063 real
2730 5011 3096 5079 παρρησίαν.
3140 5014 3306 5068 Οὕτω
3350 5016 3460 5085 γὰρ
3490 5014 3601 5069 τῶν
3637 5010 3754 5080 ὠφε-

2213 5098 2406 5166 λίμων
2425 5096 2936 5167 διαξνωσθέντων,
2959 5101 3165 5158 ἕπεται
3195 5104 3432 5172 πάντως
3465 5105 3527 5158 τὸ
3547 5102 3754 5166 δικαίως

2210 5191 2470 5261 θιιρῤεἷν,
2534 5192 2614 5257 ὡς
2646 5194 2718 5246 οὐ
2760 5193 2911 5262 πρὸς
2952 5196 3219 5265 ἀδήλους
3267 5200 3456 5268 τύχας
3487 5196 3608 5264 siser“;
3644 5208 3755 5263 προ-

1831 5399 2064 5459 ἾΔιῖιιΕ
2112 5400 2516 5458 LECTIONES.

595 5581 987 5648 ιδάντεξετάζοι
1000 5601 1100 5653 μεν
1127 5581 1195 5636 R.
1230 5652 1252 5654 __
1289 5585 1334 5615 ⁵⁵
1368 5583 1812 5654 ἀγωνισαμένους
1842 5581 1965 5638 Par.

523 5653 837 5724 προμηθείᾳ
868 5683 938 5693 --
966 5652 1331 5724 σὺμπαροῦσα
1352 5652 1461 5709 om.
1490 5655 1552 5708 ll.

2071 5585 2117 5616 ⁸ο
2149 5585 2212 5619 με.
2224 5602 2248 5616 ρ
2275 5582 2412 5619 Pi'nlln
2423 5600 2446 5614 ρ

1626 5583 1812 5652 μένους
1842 5582 1965 5638 Par.
2071 5585 2117 5616 '°
2149 5585 2248 5654 τῆς
2275 5582 2446 5651 τύχης
2471 5597 2581 5637 om.
2615 5582 2678 5637 R.
2783 5583 2827 5616 ⁸⁷
2852 5582 2922 5653 ἦν
2971 5599 3083 5639 om.
3132 5583 3194 5638 Β.
3273 5584 3319 5615 ⁸⁸
3351 5582 3478 5654 ὲρῆν
3507 5582 3566 5634 Β.
3632 5582 3673 5608 ⁵⁹
3696 5582 3748 5653 ff}

1626 5654 1804 5726 “3&9
1825 5669 1937 5726 om.
1960 5654 2024 5708 Β.
2100 5656 2148 5726 θξ
2168 5657 2355 5723 ἔμοιγε
2383 5655 2446 5713 lt,
2483 5654 2605 5722 ἐμοὶ
2632 5654 2778 5725 vulg.
2851 5656 2897 5689 ⁸³
2934 5654 3037 5711 Pro
3063 5650 3217 5726 οἶμαι
3246 5654 3288 5708 R
3314 5649 3472 5707 εἶναι.
3542 5653 3585 5687 ⁵³
3617 5648 3748 5718 ἡμων

2783 5570 2922 5653 ¹⁷ἧν
2971 5599 3113 5654 οηι.⁸
3132 5583 3194 5638 Β.
3273 5584 3319 5615 ⁸⁸
3341 5582 3478 5654 ξρῆν
3507 5579 3566 5654 Β.
3627 5574 3748 5654 ξ⁹ξῆ

523 5710 585 5777 Ιιῖ
637 5710 711 5754 "*-
741 5710 1089 5796 ὲγῇειρήσεὶς
1131 5710 1205 5763 -'—
1227 5726 1504 5797 ’πρόθυμον
1530 5741 1640 5779 um.
1678 5710 1739 5777 [ἶ.
1775 5710 1786 5724 ’
1817 5724 1864 5757 θ’
1896 5726 2096 5792 ἀνάγον
2135 5710 2211 5790 li;
2241 5710 2371 5795 ᾶοξον
2410 5710 2550 5792 vnlg}.
