4020 6438
522 273 681 348 π’τθ

1730 273 2090 338 ΑῦΑΤΗΙᾸηΖ
2128 274 2619 337 SCHOLASTICI

3651 283 3763 354 1580

513 392 745 459 ~dinem,
773 383 1084 462 plusculum
1117 395 1298 443 tamen
1326 385 1455 456 quid
1482 385 1564 442 eis
1591 384 1766 441 inerat
1792 386 2127 454 circumspe-

2232 384 2330 454 τῆς
2381 383 2603 457 ἀνδρίας
2637 385 2704 450 ⁷⁸,
2743 383 2911 439 πλέον
2945 385 3004 439 δέ
3035 403 3088 441 τι
3138 381 3206 458 ἦν
3225 385 3284 442 ἐν
3326 387 3506 452 αύτοῖς
3536 399 3622 445 τοῦ
3658 412 3766 464 γαυ-

540 479 764 544 c‘tlonis,
787 479 1270 550 quam-jactentur,
1294 488 1347 534 et
1371 477 1464 533 tali
1495 476 1610 535 fere
1638 476 1945 532 animorum
1965 477 2132 548 319

515 573 866 631 ‘strcnu‘itate
912 573 1114 642 pariter
1157 579 1214 626 et
1252 569 1517 625 modestia
1559 578 1719 628 erant
1766 569 1978 639 praediti
2025 570 2130 638 (ut

541 661 770 717 minima
799 667 1180 729 comparemus
1205 657 1466 729 magnis),
1491 659 1685 729 quales
1703 659 1835 714 olim
1866 660 1960 729 qui
1985 659 2130 714 circa

521 753 842 810 iLeonidam'
864 761 1022 808 erant
1045 751 1448 808 Lacedaemonii
1479 751 1648 809 fuisse
1673 761 2127 817 commemorant,

518 859 666 900 ‘cnm
683 845 766 900 'a‘d
796 842 1190 915 Thermopylas
1213 842 1422 900 Xerxes
1445 843 1527 900 eis
1557 845 1894 900 immineret.
1919 844 2024 902 Sed
2053 845 2132 900 illi

540 934 760 1004 quidem
787 933 864 990 ‘ad
893 933 1326 989 internecionem
1357 949 1551 992 omnes
1577 936 1702 991 caesi
1738 943 1884 1001 sunt,
1921 951 1989 991 eo
2013 935 2132 992 solo

539 1027 803 1094 celebres,
846 1028 992 1098 quod
1029 1043 1140 1083 non
1189 1029 1423 1100 turpiter
1458 1030 1772 1100 periissent,
1814 1031 1908 1086 sed
1943 1031 2131 1087 multis

539 1109 908 1175 antea'Persis
953 1119 1282 1176 interfectis.
1314 1120 1420 1188 Qui
1453 1139 1580 1177 vero
1610 1121 1874 1178 Belisario
1906 1123 2132 1178 aderant

539 1208 794 1278 Romani,
817 1213 1053 1268 audacia
1078 1214 1298 1283 quidem
1323 1215 1406 1270 usi
1430 1224 1560 1269 sunt
1579 1214 1876 1278 Laconica,
1912 1215 2133 1270 univera

536 1318 629 1360 sos
649 1313 832 1359 autem
867 1305 1053 1360 hostes
1075 1304 1289 1360 fortiter
1316 1304 1598 1374 fugarunt,
1629 1315 1682 1361 et
1701 1307 2131 1377 quamplurimas

535 1408 728 1451 eorum
763 1397 1128 1465 trucidarunt,
1159 1398 1260 1468 ipsi
1298 1397 1450 1452 nullo
1483 1397 1749 1468 singulari
1779 1399 2130 1454 incommodo

530 1489 607 1543 ab
645 1487 752 1544 illis
778 1488 979 1544 affecti.
1005 1488 1141 1544 Cum
1182 1487 1331 1544 enim
1363 1504 1430 1545 ex
1463 1490 1714 1545 barbaris
1744 1489 1854 1544 duo
1883 1491 2130 1560 equitum

537 1579 710 1636 millia
749 1594 785 1635 tt
825 1581 1039 1651 reliquo
1083 1581 1326 1636 exercitu
1369 1588 1623 1649 separata
1669 1579 1958 1635 confestim
2002 1595 2128 1634 cum

521 1671 784 1727 clamore
825 1681 1239 1743 procurrerent,
1271 1673 1434 1728 veluti
1469 1671 1725 1728 facillime
1765 1673 1952 1729 hostes
1979 1673 2130 1728 delc-

2231 473 2497 544 ρουμίνου
2544 474 2605 526 τὸ
2659 473 3082 546 εὐλαϐούμενον.
3141 476 3397 531 Τοιούτου
3425 496 3483 532 τε
3524 481 3588 547 τ’,
3623 482 3767 555 οἶμαι,

2230 565 2578 636 φρονήματος
2625 567 2746 637 μετ’
2771 568 3074 638 εὐκοσμίας
3117 570 3538 640 ἐνεπίμπλαντο,
3570 576 3637 640 ὡς
3672 580 3772 636 ἐλά.

2229 673 2393 726 χιστα
2447 655 2708 728 μεγάλοις
2757 657 3000 722 εἰκάσαι,
3054 658 3227 729 ὁποίῳ
3265 660 3311 692 ⁸⁸
3351 661 3417 732 δὴ
3464 664 3622 719 πάλαι
3667 675 3772 738 φασὶ

2229 746 2359 810 τοὺς
2405 745 2492 820 [9.
2540 746 2666 820 164]
2717 750 2864 819 ἀμφὶ
2921 749 3198 804 Λεωνίδαν
3242 751 3685 823 Λακεδαιμονίους
3727 763 3774 814 ὲν

2230 838 2635 909 Θερμοπύλαις,
2681 838 3116 910 προσϐάλλοντος
3153 840 3196 872 ⁸¹
3231 843 3334 913 ἠδη
3382 843 3476 896 τοῦ
3504 844 3689 915 Ξέρξου
3719 851 3774 919 ιι³

2232 932 2770 1000 ἐγκαλλωπίσασθαι.
2818 933 2958 988 Ἀλλ’
2991 936 3192 989 ἐκεῖνοι
3229 935 3330 1006 μὲν
3371 939 3698 1014 πανωλεθρίᾳ
3738 945 3774 977 ⁸³

2234 1022 2637 1094 διεφθάρησαν,
2694 1025 2840 1096 μόνῳ
2877 1025 3052 1097 τούτῳ
3105 1027 3563 1100 εὐδοκιμήσαντες
3603 1034 3674 1104 τῷ
3719 1038 3777 1105 μὴ

2230 1113 2476 1184 ἀγεννῶς
2527 1115 2861 1182 ἀπολέσθαι,
2915 1117 3051 1172 ἀλλὰ
3113 1118 3342 1182 πολλοὺς
3393 1122 3647 1192 πρότερον
3691 1127 3779 1180 τῶν

2232 1205 2462 1277 Περσῶν
2497 1206 2922 1271 ἀποκτείναντες
2941 1224 2955 1239 ·
2983 1211 3033 1262 οἱ
3058 1209 3116 1262 δὲ
3145 1211 3289 1280 ἀμφὶ
3323 1210 3634 1283 Βελισάριον
3672 1217 3777 1271 Ῥω.

2235 1299 2386 1369 μαίοι
2417 1297 2701 1369 παρρησία
2736 1298 2837 1369 μὲν
2870 1300 3111 1370 ἐχρῶντο
3145 1302 3446 1374 Λακωνικῇ
3474 1321 3487 1334 ·
3526 1307 3712 1371 πάντας
3735 1309 3778 1364 ﬁt

2229 1389 2357 1452 τοὺς
2411 1387 2707 1458 πολεμίους
2759 1389 3057 1461 ἐτρέψαντο
3104 1391 3208 1445 ἀνά
3255 1393 3483 1463 κράτος,
3534 1396 3623 1450 καὶ⁵
3658 1397 3777 1451 nisl-

2232 1496 2392 1543 στους
2420 1481 2580 1544 ὅσους
2623 1481 3040 1559 διεχειρίσαντο,
3087 1482 3242 1537 οὐδὲν
3287 1485 3452 1539 αὐτοὶ
3487 1486 3641 1557 ἄχαρι
3671 1489 3776 1560 api;

2231 1573 2414 1630 αὐτῶν
2437 1574 2464 1627 ὅ
2486 1590 2539 1627 τι
2567 1574 2663 1628 καὶ
2705 1574 2865 1644 λόγου
2898 1575 3049 1642 ἀξιον
3073 1575 3428 1641 πεπονθότες.
3473 1578 3676 1650 Ἐπειδὴ
3694 1582 3776 1652 γὰρ

2232 1665 2429 1734 ἀθρόον
2475 1663 2542 1717 ἐκ
2589 1664 2684 1717 τοῦ
2735 1666 2999 1736 σφετέρου
3029 1667 3402 1738 στρατοπέδου
3449 1669 3498 1721 οἱ
3546 1668 3774 1742 Βάρϐαροι

456 1828 463 1834 _
537 1762 690 1827 turi,
735 1771 791 1818 et
823 1737 1194 1833 speculatores
1225 1737 1296 1818 ad
1341 1763 1664 1819 Belisarium
1712 1764 1995 1820 venissent
2033 1779 2129 1820 eos

2233 1760 2290 1821 ἐς
2318 1757 2610 1828 δισχιλίους
2651 1757 2883 1823 ἱππότας
2911 1737 3343 1831 ἀποκεκριμένοι
3385 1761 3536 1816 ἔθεον
3563 1737 3651 1816 σὺν
3684 1737 3771 1835 βοῇ,

541 1855 866 1917 indicantes,
895 1865 951 1909 et
984 1854 1206 1924 jamjam
1233 1853 1522 1911 adfuturos
1551 1855 1818 1923 dicentes,
1843 1871 1974 1912 suas
1999 1873 2132 1912 cou-

539 1956 620 1999 rra
643 1945 829 2015 copias
848 1945 1026 2012 duxit,
1049 1946 1318 2002 simulans
1339 1956 1602 2017 quantum
1629 1949 1743 2004 fieri
1763 1958 1978 2020 poterat
2002 1964 2136 2019 pau-

537 2037 758 2092 citatem
786 2046 949 2107 atque
979 2038 1288 2096 occultans.
1333 2040 1576 2096 Selectos
1605 2040 1752 2095 enim
1789 2041 2002 2112 equites
2031 2041 2135 2097 du-

539 2137 729 2184 centos
773 2137 1018 2184 scutatos
1048 2139 1102 2184 et
1135 2130 1474 2200 jaculatores
1517 2130 1572 2184 in
1618 2132 1755 2188 silva
1795 2133 2050 2204 utrinque
2077 2134 2133 2188 in

539 2219 758 2275 insidiis
788 2218 1095 2285 collocavit,
1124 2235 1232 2290 qua
1260 2229 1413 2290 parte
1457 2221 1725 2277 barbaros
1757 2222 2018 2294 impetum
2050 2223 2133 2278 fa-

537 2318 726 2365 cturos
765 2310 1024 2380 putabat,
1073 2313 1452 2381 praemonitos,
1497 2323 1554 2368 ut
1597 2315 1762 2370 simul
1811 2323 1976 2387 atque
2019 2318 2136 2387 ipse

537 2396 694 2466 signo
723 2398 851 2453 dato
883 2400 1230 2468 mandasset,
1264 2401 1555 2457 confestim
1604 2404 1658 2458 in
1693 2405 1891 2461 hostile
1938 2423 2134 2479 agtnen

531 2489 838 2564 juculantes
887 2502 1258 2562 proruerent,
1311 2504 1369 2549 ut
1422 2494 1679 2550 nimirum
1723 2494 2034 2563 jaculorum
2081 2499 2130 2552 vi

535 2585 709 2650 pressi
747 2583 799 2636 in
825 2593 1037 2639 arctum
1068 2600 1128 2640 se
1162 2586 1572 2654 contraherent,
1595 2596 1650 2642 et
1677 2588 1971 2644 multitudo
1996 2590 2130 2659 ipsis

537 2675 747 2731 inutilis
781 2676 1122 2744 redderetur,
1158 2694 1334 2750 neque
1377 2679 1564 2735 laxare
1603 2695 1666 2736 ac
1710 2679 1876 2752 320
1905 2682 2133 2738 dilatare

536 2766 710 2820 aciem
734 2776 981 2836 possent,
1007 2769 1100 2823 sed
1132 2769 1186 2822 in
1215 2769 1428 2839 seipsos
1457 2771 1732 2824 convoluti
1756 2771 2132 2843 implicatique

534 2869 738 2912 essent.
780 2859 1038 2929 Agrestes
1071 2876 1199 2916 vero
1243 2869 1297 2916 et
1339 2862 1431 2932 qui
1479 2877 1508 2916 e
1547 2862 1760 2918 civibus
1797 2874 1947 2918 erant
1989 2864 2132 2918 bello

537 2952 670 3023 apti,
700 2952 886 3022 jussit,
920 2961 980 3005 ut
1011 2951 1210 3022 ingenti
1241 2953 1484 3008 clamore
1511 2963 1563 3007 et
1590 2949 1808 3024 fragore
1848 2969 2127 3008 armorum

531 3043 705 3110 edito,
739 3060 820 3108 se,
848 3059 958 3115 quo
986 3045 1108 3111 iret,
1143 3055 1502 3115 sequerentur
1529 3065 1541 3100 :
1572 3059 1698 3100 cum
1729 3045 1956 3116 reliquis
1981 3048 2125 3102 enim
2156 3078 2202 3140 Ο

535 3135 592 3188 in
626 3135 806 3191 medio
851 3137 1215 3202 constiterat,
1259 3145 1520 3207 tanquam
1570 3138 1810 3192 hostium
1858 3138 2127 3209 impetum

529 3236 720 3298 operte
743 3234 1091 3299 excepturus.
1117 3227 1255 3283 Cum
1273 3239 1453 3283 autem
1473 3229 1588 3298 jam
1612 3215 1858 3285 venirent
1886 3231 2129 3298 barbari,

538 3322 878 3392 ulteriusque
926 3322 1345 3396 progredientes
1403 3323 1544 3378 intra
1591 3323 1821 3380 insidias
1885 3323 2133 3395 plerique

531 3414 932 3483 pervenissent,
961 3413 1259 3470 Belisarius
1285 3417 1475 3471 statim
1504 3431 1628 3469 cum
1654 3415 1741 3483 iis,
1792 3418 1886 3488 qui
1912 3417 2011 3488 ipsi
2038 3417 2133 3472 ad-

527 3513 716 3571 ierant,
737 3507 976 3562 adversa
995 3506 1174 3562 fronte
1195 3521 1512 3569 occurrens,
1541 3507 1941 3563 validissimum
1960 3510 2015 3564 in
2035 3523 2132 3565 eos

531 3597 804 3668 impetum
835 3597 984 3666 fecit,
1020 3607 1074 3654 et
1110 3607 1356 3671 agrestes
1381 3599 1672 3670 omnisque
1709 3600 1916 3672 reliqua
1943 3601 2131 3656 multi-

538 3687 669 3741 tudo
697 3688 941 3744 clamore
971 3698 1024 3744 et
1053 3689 1348 3760 lignorum,
1379 3707 1500 3759 qua:
1527 3705 1650 3744 eum
1682 3690 1737 3745 in
1765 3708 1925 3746 usum
1954 3683 2133 3762 gesta-

2231 1845 2308 1910 ὠς
2345 1847 2520 1919 ῥᾷστα
2567 1848 2696 1912 τοὺς
2727 1848 3007 1912 ἐναντίους
3052 1849 3522 1922 ἀναρπασόμενοι,
3556 1853 3771 1908 αὐτίκαό

2233 1937 2571 2010 Βελισάριος,
2623 1937 2701 2002 ὡς
2747 1939 2797 1992 oi
2849 1941 3185 1994 κατάσκοποι
3232 1940 3371 2011 ἧκον
3423 1943 3766 2008 ἐπιδεικνύντες

2233 2031 2431 2094 αὐτοὺς
2456 2031 2760 2102 μονονουχὶ,
2789 2032 2884 2088 καὶ
2910 2032 3034 2086 ὅσον
3057 2031 3210 2088 οὔπω
3229 2033 3587 2120 παρέσεσθαι
3599 2035 3752 2101 διεξιόν-

2233 2140 2325 2189 τες
2350 2123 2416 2189 “,
2472 2123 2736 2196 ἀντεξῆγε
2789 2124 2912 2188 τοὺς
2961 2125 3102 2195 ἀμφ’
3127 2125 3313 2193 αὑτὸν,
3351 2127 3688 2197 σοφιζόμενος
3719 2127 3765 2190 ὡς

2232 2211 2343 2268 οἶόν
2376 2231 2436 2268 τε
2470 2213 2567 2286 τὴν
2594 2214 2886 2285 ὀλιγότητα
2915 2217 3009 2270 καὶ
3039 2216 3419 2288 ἐπικρύπτων.
3462 2220 3768 2291 ’Δπολεξέιμε-

2233 2322 2323 2368 νος
2372 2305 2482 2377 γάρ
2534 2307 2842 2372 διακοσίους
2895 2308 3128 2372 ίππότας
3188 2310 3560 2383 πελτοφόρους
3607 2329 3659 2366 τε
3707 2315 3772 2368 καὶ

2234 2397 2580 2463 ἀκοντιστὰς,
2613 2401 2693 2463 είς
2719 2399 2940 2472 ἐνέδρας
2973 2399 3020 2435 ⁸⁵
3051 2401 3312 2473 ἐμέριζεν
3349 2405 3676 2475 ἑκατέρωθεν
3694 2404 3770 2457 ύπδ

2233 2493 2300 2562 τῇ
2331 2491 2499 2564 νάπῃ,
2528 2490 2652 2544 ὃθεν
2677 2490 2814 2562 ᾣετο
2844 2492 2942 2562 τὴν
2970 2494 3280 2564 προσϐολὴν
3309 2493 3528 2548 ἔσεσθαι
3551 2495 3650 2549 τῶν
3668 2495 3773 2565 Bap-

2234 2581 2418 2652 ϐἀρων
2441 2599 2453 2611 ο
2487 2583 2914 2654 προειρημένον,
2940 2583 3102 2650 ὥστε,
3130 2586 3353 2640 ἐπειδὰν
3377 2587 3560 2650 αὐτοῖς
3591 2587 3631 2619 ⁸⁸
3656 2589 3774 2655 ἐγκε-

2233 2673 2496 2744 λεύσηται
2537 2673 2632 2726 καὶ
2665 2677 2906 2748 σημήνῃ,
2938 2678 3067 2741 τοὺς
3093 2677 3150 2729 δὲ
3188 2677 3358 2741 εὐθὺς
3406 2678 3612 2732 ἐπιέναι
3649 2679 3772 2732 ἀκον-

2233 2764 2484 2830 τίζοντας
2515 2765 2614 2836 τὴν
2649 2768 2907 2838 φάλαγγα
2942 2769 3050 2822 τῶν
3085 2770 3388 2841 πολεμίων,
3423 2771 3567 2834 ὅπως
3597 2769 3655 2841 δὴ
3685 2786 3776 2822 πιε-

2235 2855 2437 2930 ζομένη
2490 2858 2893 2925 ύποστέλλοιτο,
2946 2860 3218 2934 ἄχρηστόν
3275 2879 3334 2916 τε
3399 2863 3576 2926 αὐτοῖς
3629 2863 3694 2915 ἔοι
3733 2860 3778 2916 τὸ

2235 2949 2457 3020 πλῆθος,
2493 2951 2914 3022 παρατείνεσθαι
2949 2955 3026 3024 μὴ
3057 2938 3382 3023 δύνάμενον,
3415 2955 3527 3009 ἀλλ’
3559 2955 3632 3018 είς
3655 2951 3779 3006 ἐαυτδ

2236 3045 2738 3115 περιελιττόμενον.
2767 3045 2905 3110 Τοὺς
2935 3046 2992 3101 δὲ
3025 3047 3325 3117 ἀγροίκους
3360 3047 3571 3102 ἐκέλευε
3598 3045 3777 3100 καὶτῶν

2233 3136 2415 3191 ἀστῶν
2458 3138 2585 3200 τοὺς
2625 3134 2882 3209 [πολλοὺς
2910 3140 3024 3201 τοῖς
3053 3139 3125 3212 ⁸⁷]
3174 3139 3463 3210 πολεμίοις
3492 3138 3778 3197 ἐπιϐοῶντες

2232 3229 2390 3301 τορόν
2432 3247 2486 3284 τι
2514 3230 2608 3285 καὶ
2640 3231 3086 3304 ἐπικροτοῦντας,
3119 3231 3355 3286 ἔπεσθαι
3381 3232 3528 3303 αὐτῷ
3571 3229 3686 3285 ἔνθα
3708 3228 3780 3284 καὶ

2235 3324 2325 3380 τοι.
2372 3325 2524 3394 Ἅμα
2557 3323 2666 3396 γὰρ
2708 3327 2821 3388 τοῖς
2868 3325 3074 3388 λοιποῖς
3123 3327 3179 3389 ἐς
3216 3326 3389 3396 μέσον
3438 3325 3680 3394 εἱστήκει,
3721 3323 3778 3384 ὡς

2231 3400 2332 3486 τὴν
2364 3414 2592 3487 ἐσϐολὴν
2639 3417 2704 3469 ἐκ
2743 3417 2836 3470 τοῦ
2887 3417 3168 3489 ἐμφανοῦς
3217 3418 3583 3489 ἐκδεξόμενος.
3637 3413 3776 3478 Ὤςδὲ

2232 3500 2368 3578 ἧκον
2417 3507 2540 3578 ἤδη,
2591 3509 2693 3562 καὶ
2747 3509 2804 3572 ἐς
2849 3507 2918 3560 τὰ
2969 3508 3154 3579 πρόσω
3189 3507 3496 3579 χωροῦντες
3535 3505 3655 3560 εἵσω
3692 3502 3777 3555 τῶν

2231 3597 2405 3670 λόχων
2439 3600 2490 3652 oi
2521 3598 2763 3653 πλεῖστοι
2791 3599 3090 3668 ἐγίγνοντο,
3120 3599 3321 3653 αὐτίκα
3350 3598 3650 3668 Βελισάριος
3685 3595 3775 3662 ἅμα

2231 3693 2347 3753 τοῖς
2379 3690 2518 3762 ἀμφ’
2547 3689 2709 3745 αὐτὸν
2737 3689 3117 3762 ἀντιμέτωπος
3157 3691 3495 3753 ὑπαντιάσας
3521 3682 3774 3758 συνὲρραξέ

534 3776 686 3843 bant,
722 3777 1095 3848 complosione
1138 3793 1202 3834 ac
1245 3778 1462 3851 fragore
1508 3781 1878 3852 pugnantibus
1917 3783 2131 3839 animos

2235 3801 2418 3853 σφισιν
2451 3782 2938 3856 ἐρρωμενέσταταο
2967 3782 3106 3836 οἵτε
3143 3781 3394 3854 ἄγροικοι
3425 3783 3515 3834 καὶ
3544 3779 3601 3832 τὸ
3621 3775 3774 3832 λοιπὸν

534 3867 828 3924 addebant.
878 3865 1013 3922 Dato
1057 3883 1187 3924 vero
1228 3871 1410 3939 signo,
1452 3870 1616 3926 etiam
1663 3872 1757 3926 alii
1803 3889 1870 3927 ex
1913 3871 2131 3929 insidiis

2236 3875 2380 3930 ἆπαν
2417 3873 2625 3944 πλῆθος
2652 3874 2964 3946 ἐμϐοῶντες
2995 3875 3062 3941 ⁵³,
3097 3873 3192 3927 καὶ
3238 3869 3649 3934 ἐπικτυποῦντες
3685 3868 3772 3926 τοῖς

533 3960 906 4028 prosilientes,
931 3960 1193 4031 utrinque
1223 3963 1578 4018 transversim
1611 3963 1668 4018 in
1697 3963 1886 4020 hostes
1914 3973 2084 4019 ruunt
2111 3981 2128 4032 ;

2236 3965 2433 4034 ξύλοις,
2480 3966 2517 4021 ἃ
2562 3965 2626 4038 δὴ
2660 3966 2718 4030 ἐς
2761 3966 2919 4021 τοῦτο
2965 3965 3182 4037 ἔφερον,
3233 3967 3632 4038 παρεθάρσυνον
3672 3957 3774 4018 τοὺς

532 4052 850 4122 clamorque
879 4060 932 4108 et
963 4054 1228 4109 tumultus
1257 4053 1433 4123 major
1464 4071 1630 4126 quam
1672 4070 1772 4126 pro
1821 4057 1990 4126 praelii
2015 4059 2131 4112 ma-

2237 4059 2600 4134 μαχομένους.
2631 4060 2886 4124 Δοθέντος
2929 4061 2986 4114 δέ
3017 4060 3110 4114 τοῦ
3140 4061 3502 4133 συνθήματος,
3542 4053 3629 4110 καὶ
3653 4052 3708 4120 δὴ
3734 4049 3771 4100 ol

533 4142 815 4213 gnitudine
837 4151 924 4198 est
948 4143 1242 4200 excitatus.
1277 4143 1414 4200 Tum
1441 4140 1668 4202 Barbari
1695 4147 1841 4203 omni
1883 4163 1947 4202 ex
1981 4142 2131 4218 parte

2233 4152 2384 4222 ἄλλοι
2420 4154 2482 4206 ἐκ
2517 4151 2623 4207 τῶν
2652 4152 2930 4225 κρυπτίων
2964 4151 3343 4223 ἀναθορόντες,
3389 4149 3511 4213 τοὺς
3556 4145 3667 4201 καθ’
3692 4141 3771 4195 αὖ·

529 4231 728 4302 jaeulis
760 4234 852 4290 icti
891 4234 969 4304 (id
995 4235 1143 4305 quod
1178 4234 1476 4293 Belisarius
1516 4239 1944 4308 praecogitarat),
1985 4241 2039 4293 in
2068 4243 2131 4295 Se

2232 4245 2358 4309 τοὺς
2406 4243 2660 4316 ἑκάτεροι
2714 4242 2856 4297 κατά
2895 4243 2957 4297 τὸ
2985 4245 3282 4315 ἐγκάρσιον
3324 4240 3571 4296 ἔϐαλλον·
3605 4234 3689 4307 βοή
3725 4245 3769 4282 τε

535 4325 684 4397 ipsos
711 4327 1104 4397 conglomeratl
1127 4337 1182 4383 et
1209 4329 1262 4383 in
1291 4337 1504 4384 arctum
1538 4329 1742 4387 redacti
1765 4346 1830 4388 ae
1857 4346 2134 4402 compres-

2235 4337 2484 4407 ἐγίγνετο
2512 4338 2607 4390 καὶ
2636 4335 2846 4406 ταραχὴ
2885 4333 3086 4408 μείζων
3119 4335 3153 4406 ἢ
3185 4334 3329 4389 κατά
3357 4331 3414 4386 τὺ
3445 4327 3658 4402 μέγεθος
3697 4317 3770 4373 τοῦ

535 4418 606 4482 εἰ,
634 4419 768 4474 tueri
800 4433 861 4474 se
897 4419 1148 4475 bellando
1180 4437 1290 4476 non
1326 4431 1598 4490 poterant.
1627 4421 1816 4494 Neque
1858 4425 2006 4479 enim
2038 4439 2131 4481 sa-

2236 4425 2498 4497 πολέμου.
2554 4425 2618 4478 Οἱ
2662 4424 2718 4480 δὲ
2759 4424 3035 4496 Βάρϐαροι
3084 4423 3350 4479 πάντοθεν
3391 4417 3768 4485 ἀκοντιζόμενοι.

536 4509 732 4578 gittare
763 4511 1052 4568 commode
1092 4522 1362 4583 poterant,
1409 4529 1537 4571 cum
1588 4531 1767 4588 neque
1808 4517 1964 4572 locus
1994 4527 2143 4575 esset

534 4597 680 4662 telis,
708 4613 886 4669 neque
909 4603 1268 4658 excursiones
1299 4603 1460 4675 equis
1493 4611 1548 4660 et
1573 4605 1788 4661 alarum
1818 4606 2139 4662 circumdu-

535 4690 745 4745 ctiones
775 4689 950 4746 facere
985 4699 1278 4763 poterant;
1311 4695 1754 4766 videbanturque
1790 4695 1960 4752 veluti
2009 4711 2132 4751 ma-

535 4782 684 4836 ximo
707 4784 954 4839 exercitu
987 4786 1348 4842 circumventi
1377 4787 1509 4842 etin
1539 4788 1731 4844 orbem
1764 4787 1958 4844 cincti.
1989 4786 2131 4844 Nam

535 4884 589 4926 et
620 4873 711 4943 qui
744 4888 776 4927 a
810 4883 960 4945 tergo
1002 4891 1201 4947 magno
1241 4879 1449 4933 ululatu
1491 4888 1545 4933 et
1583 4878 1801 4948 fragore
1835 4895 1932 4934 eos
1965 4895 2128 4949 urge-

534 4964 687 5031 bant,
724 4974 986 5022 terrorem
1019 4969 1380 5031 incutiebant,
1417 4980 1474 5026 et
1501 4973 1681 5041 pulvis
1717 4971 1770 5024 in
1807 4972 1980 5026 altum
2009 4972 2126 5026 ela-

537 5066 624 5111 tus
648 5057 804 5129 321
835 5059 1106 5128 obstabat,
1133 5063 1429 5130 quominus
1450 5064 1518 5118 de
1540 5076 1770 5117 numero
1792 5078 2004 5128 eorum,
2032 5063 2127 5132 qui

537 5165 591 5218 iu
625 5152 881 5210 conﬂictu
910 5163 1065 5211 erant
1103 5155 1354 5224 judicare
1395 5163 1641 5230 possent.
1682 5155 1903 5213 Primus
1938 5165 2126 5211 autem

2235 4518 2395 4573 τοῦτο
2422 4517 2486 4589 δὴ
2512 4517 2648 4588 ὅπερ
2679 4514 2999 4588 Βελισάριος
3027 4514 3301 4587 διενοήθη,
3349 4513 3428 4595 είς
3455 4508 3676 4595 ἑαυτοὺς
3694 4502 3768 4595 ἀν·

2235 4587 2496 4681 εχώρουν,
2530 4587 2627 4662 καλ.
2656 4608 2736 4671 είς
2765 4587 3060 4679 στενότητα
3087 4589 3632 4673 συνεσπειραμένοι⁸⁹,
3657 4587 3768 4681 diu}

2233 4679 2432 4754 νασθαι
2473 4697 2576 4752 οὐκ
2612 4696 2909 4768 ἠδύναντο·
2948 4694 3073 4750 οὔτε
3111 4695 3224 4768 γὰρ
3253 4692 3487 4761 τοξεύειν
3511 4687 3674 4747 αὐτοῖς
3696 4679 3768 4732 εὗν

2234 4789 2397 4854 πετὲς
2443 4791 2660 4862 ὑπῆρχε
2709 4786 2786 4860 τῷ
2822 4786 2974 4859 μηδὲ
3005 4773 3210 4859 ’χώραν
3251 4781 3389 4840 εἷναι
3431 4783 3536 4843 τοῖς
3569 4777 3764 4848 βέλεσιν.

2235 4883 2372 4938 ἀλλά
2409 4882 2516 4952 γὰρ
2561 4881 2688 4935 οὔτε
2738 4879 3009 4952 ἐκδρομὰς
3056 4881 3170 4942 τοῖς
3212 4879 3396 4939 ἵπποις
3445 4873 3536 4929 καὶ
3570 4872 3766 4952 ὑπερκεῗ

2237 4950 2436 5044 ρὼσεις
2483 4950 2792 5024 ποιεῖσθαιο
2824 4950 3012 5040 κύκλῳ
3055 4986 3117 5022 τε
3158 4968 3373 5023 ἐδόκουν
3401 4960 3602 5034 ἔχεσθαι
3628 4957 3690 5015 ὡς
3714 4950 3763 5019 δὴ

2238 5063 2480 5134 μεγίστῳ
2509 5062 2881 5134 στρατεύματι
2911 5061 3330 5132 ἀπειλημμένοι.
3352 5059 3471 5112 υττε
3509 5053 3607 5123 γὰρ
3637 5048 3765 5134 3135'

2235 5154 2326 5208 θεν
2373 5133 2470 5209 σὺν
2508 5133 2810 5225 ἀλαλαγμῴ
2877 5153 3260 5224 ἐπιφερόμενοι
3303 5151 3396 5206 καὶ
3440 5143 3666 5211 πατάγῳ.
3693 5133 3764 5184 ἕκ-

1856 5310 2088 5368 νΑιιιΑς
2129 5309 2534 5367 LECTIONES.

609 5439 656 5471 ⁷⁸
682 5441 932 5519 ἀνδρείας
1062 5515 1074 5519 _
1100 5445 1416 5519 "50:06:90
1435 5445 1590 5519 δέβ.
1665 5448 1714 5481 ⁸ο
1740 5448 1910 5518 ὁποίῳ
1929 5446 2086 5519 vulg.

535 5507 594 5588 "_
616 5507 1114 5588 navwie_rpi§._$pb.
1149 5514 1274 5588 Par.
1318 5516 1395 5588 _"
1420 5517 1720 5588 διεξιόντος
1751 5507 1892 5588 Sph:
1921 5518 1982 5571 P.

2059 5516 2105 5548 ει
2135 5517 2215 5578 εἰς
2245 5514 2617 5586 ἐνέργειανίιῖ.
2653 5515 2757 5568 ύπδ
2793 5517 2861 5586 τῇ

2955 5559 2968 5574 ,
3002 5516 3097 5570 ἐπὶ
3126 5517 3191 5586 τῇ
3209 5514 3378 5586 _vulg.

3598 5570 3637 5602 ιιι
3663 5569 3720 5602 ἐι-

537 5580 698 5663 gaza;
741 5579 888 5663 vulg:
930 5579 1219 5663 '_ft'aceov
1250 5586 1378 5651 τοὺς
1417 5579 1621 5663 [π.
1665 5579 2488 5663 πολεμίοις.Αδίίι-εξιῐιιξῐιιῑιινί;Δ
2526 5585 2652 5638 ἀστ.
2702 5579 3256 5663 τοὺξπρλεμίοηυξίξ
3307 5579 3360 5638 εἶ
3391 5579 3530 5663 γυῐεο
3556 5579 3754 5663 ,η”ἷιετξξ

536 5633 774 5731 saevis;
797 5633 887 5707 Ri
940 5633 1500 5731 ιξσῦὗὲἇέιὲειξᾶιὶέζὸἱ
1522 5633 2664 5730 n‘,"..;;.';§.;;,;.~;;:Lugii}?ea.155;,
2699 5633 3358 5729 ἁύνέπέὶῖήῗιῖμὲνόίριζ
3379 5633 3656 5720 ἀμύνασθαι
3699 5633 3752 5695 Β,

529 5720 840 5789 ,ἀμύνεσθαι
892 5724 1040 5795 vulg.
