4020 6468
430 422 566 487 1613

1796 422 2218 485 DOCTBINIE.

3561 421 3701 488 16M

427 538 642 606 μένωνο
700 532 795 598 οὓς
837 533 950 603 ἐγὼ
998 533 1495 605 πατροπαραδότιας
1543 532 1881 607 ἀποδέχομαι
1923 535 2009 591 διὰ

2129 541 2551 605 propugnatores
2567 533 2661 604 qui
2678 543 2732 590 et
2754 533 2857 605 ipsi
2876 532 2998 589 sine
3017 531 3194 603 capite
3215 540 3365 597 sunt,
3387 540 3486 593 aut
3507 548 3699 590 eol'um

427 627 747 699 ἐρωτήσεως
775 625 872 680 τοῦ
909 627 1013 698 ήδη
1041 623 1564 698 ἀρχιερατεύσαντος
1608 626 1886 697 Ταρασίου
1918 626 2013 681 τοῦ

425 717 731 786 ἀγιωτάτου
762 720 1105 790 πατριάρχου
1122 736 1135 751 θ
1172 719 1375 788 ἐτέρων
1403 734 1465 771 τε
1490 715 1822 782 ἀξιοπίστων
1847 735 2016 790 προσ-

424 807 590 864 ώπων
614 809 954 881 αὐτοχθόνων
983 828 1044 864 τε
1072 811 1168 866 καὶ
1192 808 1552 867 ἀνατολικῶν.
1586 809 1696 863 Καὶ
1733 810 1803 864 τὰ
1828 811 1890 864 τὸ
1922 812 2013 866 καὶ

425 904 522 974 τὴν
548 901 734 956 εἰκόνα
763 901 1172 975 Βαρσανουφίου
1212 902 1271 955 ἐν
1310 903 1378 973 τῇ
1413 899 1535 972 θείᾳ.
1566 900 1759 971 ἐνδυτῇ
1808 904 1874 973 τῇ
1917 903 2018 974 τῆς

428 995 693 1066 Μεγάλης
720 994 1018 1066 ἐκκλησίας
1076 993 1432 1047 συνίστασθαι
1481 991 1660 1064 ἁγίοις
1714 991 2014 1064 Πατρὰσιν,

439 1088 728 1159 Ἀντωνίῳ,
764 1087 1005 1157 Ἐφραῒμ
1028 1086 1123 1143 καὶ
1142 1086 1352 1158 ἑτέροις
1374 1101 1389 1115 ·
1422 1085 1519 1139 καὶ
1539 1083 1616 1149 ὡς
1650 1084 1780 1155 μήτι
1815 1084 1873 1137 ἐν
1898 1086 2019 1149 ταῖς

422 1181 798 1244 διδασκαλίαις
831 1180 1011 1237 αὐτῶν
1043 1177 1294 1250 εὑρηκὼς
1320 1176 1595 1250 ἀσέϐημα,
1624 1177 1933 1230 τούναντίον
1960 1177 2019 1231 δὲ

428 1275 524 1328 καὶ
553 1272 754 1344 πολλὴν
780 1272 1018 1344 ψυχικὴν
1048 1272 1405 1326 λυσιτέλειαν.
1436 1288 1456 1322 ι
1505 1270 1638 1324 Ἰδοὺ
1668 1269 1847 1323 τοίνυν
1875 1269 2018 1324 διευ-

429 1363 731 1437 κρινήσατο
776 1366 804 1418 ὁ
847 1364 1023 1434 μέγας
1051 1362 1236 1435 πατὴρ
1277 1362 1435 1433 ήμῶν
1470 1361 1744 1432 Θεόδωρος
1780 1361 1881 1432 τὴν
1908 1359 2019 1414 τῶν

429 1456 706 1525 ἑκατέρων
731 1454 1025 1525 Δωροθέων
1055 1454 1236 1519 δόξαν,
1277 1454 1372 1508 καὶ
1397 1453 1496 1523 τὴν
1524 1451 1621 1505 τοῦ
1657 1450 1892 1506 ἐνταῦθα
1919 1453 2020 1523 ἐμ-

430 1548 734 1619 φερομένω
759 1546 1130 1609 διδασκαλίαν,
1158 1546 1235 1611 ὡς
1263 1544 1698 1615 ὠφελιμωτάτην
1726 1538 1866 1597 εἶναι
1915 1546 2022 1599 ἀπ·

430 1640 704 1707 εφήνατοο
742 1636 934 1707 ὥσπερ
961 1632 1055 1693 οὖν
1093 1638 1189 1693 καὶ
1237 1634 1385 1688 ἔστιν
1431 1633 1648 1700 ἀληθῶς
1695 1634 2022 1706 ψυχωφελὴς

431 1729 575 1783 πάνυ
595 1745 608 1758 ·
656 1728 779 1783 καθ’
813 1729 878 1799 ἢν
907 1730 935 1781 ό
961 1725 1399 1799 ἀκριὸαζόμενος
1431 1725 1523 1778 τὸν
1551 1725 1748 1779 ἑαυτοῦ
1777 1726 1913 1795 βίον,
1941 1727 2021 1788 είς

428 1820 495 1885 τὸ,
518 1820 722 1874 τέλειον
759 1819 956 1890 μέτρον
990 1820 1047 1872 ἐν
1096 1816 1320 1889 Χριστῷ
1373 1817 1473 1887 τῆς
1522 1816 1723 1887 ἀρετῆς
1769 1816 2020 1871 ἐλάσειε·

2119 627 2214 697 qui
2244 627 2612 696 δεκακεράται
2638 627 2916 693 dicuntur,
2951 628 3291 697 conjut‘atos,
3315 642 3347 683 tt
3375 634 3570 683 sancto
3595 627 3701 681 So-

2121 718 2354 789 phronio
2389 718 2584 774 tabella
2628 719 2995 783 anathematis
3022 721 3294 785 conlisos,
3324 717 3588 789 intelligo.
3618 719 3703 774 At.

2121 812 2208 867 his
2239 811 2386 867 enim
2420 813 2583 883 longe
2633 812 3000 870 diversissimi
3056 821 3188 873 sunt
3222 811 3538 882 superiores
3579 809 3658 864 illi
3689 828 3702 862 :

2120 918 2261 973 quos
2292 920 2400 963 non
2424 906 2612 963 solum
2642 921 2708 962 ex
2750 906 3102 964 sanctissimo
3136 903 3448 977 patriarcha
3477 902 3705 959 Tarasio

2119 996 2216 1064 qui
2250 997 2355 1053 hoc
2386 1005 2630 1067 tempore
2662 1014 2883 1054 summo
2912 998 3219 1055 sacerdotio
3251 1002 3483 1067 praest,
3508 994 3607 1051 sed
3637 1009 3705 1049 ex

2120 1089 2246 1145 aliis
2274 1104 2497 1160 quoque
2530 1090 2636 1146 tide
2681 1091 2863 1162 dignis
2906 1090 3223 1146 hominibus
3267 1097 3379 1145 tam
3432 1086 3707 1157 indigenis

2121 1193 2288 1249 quam
2323 1181 2379 1234 in
2409 1178 2632 1236 Oriente
2658 1182 2827 1249 natis,
2874 1197 2971 1251 per
3002 1197 3201 1238 manus
3228 1188 3516 1252 parentum
3547 1177 3708 1234 nobis

2122 1270 2281 1340 quasi
2319 1271 2552 1331 traditos
2581 1271 2836 1337 audiens,
2864 1272 3171 1342 amplector
3198 1285 3558 1340 venerorque.
3597 1267 3708 1323 Ac-

2124 1361 2267 1418 cedit
2286 1361 2378 1423 his
2393 1363 2540 1433 quod
2562 1362 2926 1433 Barsaauphii
2955 1365 3135 1434 imago
3161 1363 3215 1418 in
3252 1362 3450 1434 Magna
3474 1361 3710 1418 ecclesia

2120 1453 2280 1524 juxta
2304 1462 2530 1513 sanctos
2558 1453 2754 1510 Patres
2781 1455 3081 1511 Antonium
3105 1495 3122 1521 ,
3175 1455 3433 1524 Ephraim
3464 1455 3714 1524 aliosque

2128 1547 2229 1603 rite
2254 1545 2435 1602 dicata
2464 1556 2518 1601 et
2545 1547 2814 1603 collocata
2841 1547 3093 1609 visitur.»
3115 1547 3481 1614 Quamobrem
3501 1561 3626 1602 cum
3657 1546 3712 1600 in

2128 1638 2323 1697 horum
2356 1639 2609 1696 doctrina
2649 1641 2856 1695 nullam
2884 1639 3245 1711 impietatem,
3281 1639 3374 1694 sed
3400 1647 3593 1694 contra
3618 1652 3715 1709 po-

2066 1779 2073 1784 .
2127 1733 2236 1789 tius
2284 1733 2591 1803 adjumenti
2646 1733 2714 1788 ad
2767 1734 2940 1791 animi
2988 1732 3379 1802 perfectionem
3414 1731 3715 1802 plurimum

2128 1839 2364 1895 magnus
2406 1840 2609 1894 parens
2650 1833 2838 1881 noster
2885 1824 3211 1881 Theodorus
3257 1823 3715 1894 deprehenderet,

428 1913 525 1967 καὶ
552 1912 631 1985 τῷ
662 1914 763 1983 τῆς
787 1911 1060 1976 ἀπαθείας
1088 1911 1334 1980 στεφάνῳ
1377 1906 1634 1979 ἐφθακὼς
1676 1906 2023 1978 ἐγκοσμηθή⁸

2129 1916 2294 1972 certis
2327 1917 2596 1973 limitibus
2635 1917 2928 1988 utriusque
2956 1917 3217 1972 Dorotbei
3249 1917 3557 1972 doctrinam
3598 1915 3720 1971 dis-

430 2023 583 2060 σεται
602 2045 617 2070 ,
645 2006 742 2061 καὶ
771 2005 874 2076 τῆς
908 2004 1130 2061 αἰωνίου
1160 2004 1307 2077 ζωῆς
1338 2001 1478 2075 μετὰ
1508 2001 1621 2057 τῶν
1651 2002 1826 2071 ἁγίων
1854 2001 2021 2067 ἁξιωυ

429 2097 683 2170 θήσεται.

2128 2007 2292 2063 tiuxit
2315 2027 2328 2061 :
2353 2022 2418 2065 ac
2451 2008 2573 2078 ejus
2594 2010 2687 2077 qui
2709 2008 2763 2062 in
2798 2008 2903 2063 hoc
2922 2008 3066 2063 libro
3090 2008 3421 2073 celebratur,
3436 2008 3719 2078 dogmata,

2129 2107 2193 2150 ut
2215 2112 2404 2154 revera
2432 2098 2503 2153 ad
2528 2098 2698 2155 animi
2728 2097 2961 2154 salutem
2998 2098 3468 2159 commodissima,
3503 2097 3580 2159 ita
3609 2093 3721 2150 uti-

434 2193 643 2247 lissima
688 2205 811 2245 esse
843 2187 1245 2244 demonstravit
1278 2205 1291 2241 :
1322 2186 1391 2242 ad
1434 2200 1673 2258 quorum
1724 2199 1998 2252 normam,
2026 2188 2119 2256 qui
2154 2203 2311 2245 suam
2360 2189 2533 2259 ipsius
2561 2191 2727 2246 vitam
2756 2190 3046 2261 diligenter
3111 2189 3436 2246 instruxerit
3470 2198 3530 2246 et
3585 2205 3720 2247 exa-

430 2284 673 2348 minarit,
746 2281 812 2335 ad
880 2281 1100 2335 virtutis
1168 2278 1497 2336 Christiana:
1563 2276 1862 2348 perfectam
1906 2292 2221 2339 mensuram
2270 2279 2433 2337 facile
2476 2283 2759 2353 perveniet
2798 2290 2853 2338 et
2912 2281 3321 2353 tranquillitate
3363 2283 3723 2355 ammentaque

425 2375 903 2447 perturbationum
955 2374 1232 2429 vacuitate
1285 2372 1576 2428 ornabitur
1628 2386 1851 2441 unaque
1894 2387 2019 2428 cum
2059 2375 2265 2432 sanctis
2295 2377 2465 2431 vitam
2539 2386 2805 2434 aternam
2868 2385 3263 2448 consequetur.

437 2547 769 2616 Ἐπιστολὴ
824 2546 974 2615 πρὸς
1030 2548 1140 2601 τὸν
1179 2543 1829 2616 αῑττξσαντανάδελφὸν
1871 2558 2020 2611 πεμ-

497 2618 721 2695 ςρβῆνᾳι
743 2614 905 2695 αὐτῷ
925 2618 1071 2695 τοὺς
1089 2619 1449 2695 ερρεθέντας
1468 2615 1695 2685 λόγους
1714 2614 1820 2668 τοῦ
1843 2615 2020 2667 ὁσίου
2089 2690 2094 2695 ι

502 2686 733 2758 Πατρός
762 2686 934 2757 ἡμῶν
960 2686 1284 2757 Δωροθέου.

502 2843 583 2898 Δ’.
635 2841 878 2897 Ἐπαινῶ
922 2858 1017 2895 σου
1057 2841 1159 2913 τὴν
1191 2840 1552 2914 προαίρεσιν,
1599 2837 1896 2910 μακαρίζω
1923 2839 2024 2911 τῆς

430 2936 565 3007 περὶ
607 2935 671 2990 τὸ
713 2935 920 3004 ἀγαθὸν
952 2934 1192 3006 σπουδῆς
1224 2933 1324 3006 τὴν
1371 2931 1749 3002 εὐλογημένην
1782 2948 1876 2984 σου
1924 2930 2025 2984 καὶ

430 3026 749 3098 φιλόκαλον,
780 3025 857 3091 ὡς
888 3024 1128 3095 ἀληθῶς,
1171 3023 1374 3096 ψυχὴν,
1419 3022 1620 3093 ἁδελφέ
1648 3021 2020 3077 ποθεινότατε.

430 3119 507 3172 Τὸ
537 3117 645 3189 γὰρ
674 3116 818 3171 οὕτω
861 3115 1168 3187 φιλοπόνως
1203 3116 1431 3187 ἐρευνᾷν
1471 3113 1567 3168 καὶ
1593 3113 1837 3183 γνησίως
1867 3113 2026 3166 ἐπαι-

431 3212 544 3266 νεῖν
569 3211 638 3265 τὰ
665 3209 808 3264 κατὰ
841 3209 932 3263 τὸν
960 3210 1130 3274 ὅντως
1163 3208 1435 3281 μακάριον
1468 3206 1560 3265 καὶ
1585 3204 1831 3279 ἀξιόθεον
1863 3205 2025 3277 ήμῶν

429 3305 668 3374 πατέρα,
690 3304 782 3356 τὸν
802 3302 901 3372 τῆς
925 3303 1132 3374 δωρεᾶς
1154 3301 1249 3355 τοῦ
1272 3301 1406 3355 Θεοῦ
1432 3300 1752 3373 φερώνυμον
1778 3318 1792 3333 ·
1826 3301 2027 3371 ἀρετήν

2197 2549 2360 2621 372
2396 2549 2643 2620 Epistola
2668 2552 2742 2605 ad
2777 2553 2999 2623 fratrem
3028 2554 3121 2623 qui
3153 2550 3360 2623 petebat
3398 2552 3500 2623 ubi
3515 2552 3655 2606 mitti

2297 2622 2569 2677 doctrinas
2601 2621 2837 2677 inventas
2868 2621 3051 2677 sancti
3072 2624 3251 2678 Patris
3285 2621 3578 2678 Durat/rei.

2200 2843 2239 2898 Ι.
2281 2841 2530 2899 Laudare
2574 2857 2742 2914 cogor
2785 2843 3125 2913 propositum
3176 2850 3366 2907 tuum,
3417 2842 3722 2913 prmdicare

2125 2932 2371 2990 studium
2383 2942 2440 2990 et
2452 2932 2809 3005 diligentiam,
2824 2933 3146 2990 benedicere
3162 2932 3443 2999 decoram,
3468 2932 3716 3004 inquam,

2127 3035 2182 3083 et
2212 3027 2497 3099 pulchram
2522 3027 2767 3083 animam
2794 3037 2966 3095 tuam,
2999 3027 3172 3083 frater
3188 3026 3552 3098 optatissime.
3583 3025 3718 3081 Tam

2130 3120 2381 3177 studiose
2410 3121 2559 3176 enim
2595 3121 2853 3189 scrutari,
2882 3130 2993 3176 tam
3023 3120 3239 3177 sincere
3262 3119 3489 3176 laudare
3515 3119 3721 3175 beatis-

2128 3213 2329 3269 simum
2369 3227 2434 3269 ac
2462 3213 2571 3269 Deo
2604 3214 2989 3286 dignissimum
3024 3221 3238 3285 patrem
3272 3221 3528 3269 nostrum
3551 3252 3566 3279 ,
3622 3211 3717 3266 Dei

2128 3304 2336 3360 donum
2387 3306 2616 3362 nomine
2665 3306 3026 3375 referentem;
3083 3307 3190 3363 hoc
3235 3307 3428 3378 utique
3463 3306 3720 3361 virtutem

392 3400 578 3453 οέστιν
600 3401 865 3464 ἐπαινεῖν,
882 3398 953 3451 τὰ
983 3399 1123 3470 μετὰ
1145 3398 1237 3452 τὸν
1262 3398 1436 3461 οὕτως
1463 3397 1754 3468 μακάριον,
1778 3396 1871 3449 καὶ
1892 3394 2027 3449 Θεὸν

2130 3399 2356 3454 laudare
2382 3407 2486 3465 est,
2525 3399 2630 3454 hoc
2657 3399 2825 3456 Deum
2856 3415 3064 3468 amare,
3109 3407 3165 3456 et
3192 3399 3461 3456 rationem
3494 3398 3722 3454 alterius

430 3492 676 3563 ἀγαπᾷν,
693 3491 786 3545 καὶ
811 3509 876 3561 με
883 3492 1081 3562 ριμνᾷν
1103 3490 1343 3561 περὶτῆς
1358 3489 1528 3551 ὅντως
1547 3486 1713 3561 ζωῆς
1736 3487 1899 3558 ζήλου
1917 3486 2024 3560 γὰρ

430 3582 579 3639 κατὰ
609 3583 699 3637 τὸν
736 3582 1007 3655 μακάριον
1052 3582 1374 3655 Γρηγόριον,
1406 3583 1434 3634 ὁ
1462 3580 1683 3644 ἔπαινος
1732 3580 1990 3651 πρόξενος
2010 3596 2023 3610 ·

433 3675 599 3745 (ἧλος
630 3675 708 3740 δὲ,
734 3675 939 3746 ἀρετῆς
962 3691 978 3706 ⁸
1032 3675 1202 3747 ἀρετὴ
1232 3673 1310 3735 δέ,
1349 3673 1772 3745 μακαριότητος.
1800 3670 2028 3741 Χαίρειν

431 3761 529 3821 οὖν
564 3765 682 3819 ἐστι
714 3766 811 3820 καὶ
842 3766 1183 3837 συγχαίρειν,
1215 3763 1292 3827 ὡς
1316 3763 1556 3835 ἀληθῶς,
1587 3763 1680 3816 ἐπὶ
1707 3765 1773 3834 τῇ
1801 3762 2030 3833 τοιαύτῃ

434 3877 530 3913 σου
561 3861 848 3931 προκοπή
904 3859 1114 3911 ἐκεῖνον
1145 3858 1254 3926 γὰρ
1305 3854 1490 3918 ἔοικας
1540 3855 1886 3925 ἰχνηλατεῖν,
1932 3853 2027 3906 τὸν

433 3951 527 4005 τοῦ
562 3952 745 4023 πράου
786 3951 1033 4022 μιμητὴν
1066 3950 1162 4003 καὶ
1188 3948 1448 4003 ταπεινὸν
1479 3950 1545 4019 τῇ
1580 3947 1780 4019 καρδίᾳ.
1800 3965 1815 3981 ·
1848 3948 1907 4011 ὃς
1929 3945 2030 4019 τὴν

436 4046 633 4119 νοητὴν
664 4045 875 4117 Πέτρου
909 4045 1003 4099 καὶ
1035 4043 1145 4097 τῶν
1178 4041 1302 4097 κατ’
1353 4042 1518 4095 αὑτὸν
1570 4039 1855 4112 ἀποταγὴν
1890 4040 2028 4094 θεω-

437 4137 648 4206 ρήσας,
707 4134 884 4199 οὕτως
929 4133 1125 4189 ἐαυτὸν
1174 4134 1274 4204 τῆς
1319 4132 1431 4186 τῶν
1477 4131 1773 4203 ὁρωμένων
1809 4130 2027 4198 ἐξέδυσε

435 4225 836 4299 προσπαθείας,
881 4224 1026 4279 οὕτω
1067 4227 1183 4288 τοῖς
1226 4223 1421 4278 ἐαυτοῦ
1472 4224 1614 4277 κατά
1658 4223 1789 4277 Θεὸν
1833 4223 2030 4276 ἑαυτὸν

430 4319 665 4385 ἐξέδωκε
685 4318 1123 4390 πράγμασιν,ὼς
1150 4315 1289 4388 μετά
1320 4315 1656 4390 παρρησίας,
1686 4312 1745 4370 εὖ
1773 4313 1908 4380 οἴδα,
1936 4318 2031 4371 καὶ

424 4410 602 4487 αὐτὸν
647 4410 784 4481 πρὸς
826 4409 916 4463 τὸν
960 4409 1189 4480 Σωτῆρα
1238 4408 1460 4477 λέγειν,
1514 4408 1597 4462 ὅτι
1654 4407 1814 4462 Ἰδοὺ
1858 4408 2032 4479 ἡμεῖς

432 4501 753 4572 ἀφήκαμεν
783 4501 1001 4565 πάντα,
1040 4501 1140 4554 καὶ
1168 4500 1684 4571 ἠκολουθήσαμέν
1710 4516 1834 4557 σοι.
1868 4502 2031 4556 Ὅθεν

434 4597 496 4648 ἐν
545 4594 712 4667 ὀλίγῳ
764 4595 863 4647 σὺν
913 4592 1031 4664 Θεῷ
1074 4592 1406 4659 τελειωθεὶς,
1443 4595 1768 4667 ἐπλήρωσεν
1804 4574 2069 4667 χρόνους.

436 4686 689 4758 μακρούς
717 4704 730 4717 ·
781 4687 882 4740 οὐκ
923 4685 1211 4756 αίσθηταῖς
1253 4686 1352 4758 μὲν
1396 4683 1683 4760 ἐρημίαις.
1722 4688 1818 4741 καὶ
1848 4687 2031 4759 ὄρεσιν

435 4778 874 4850 ἐνδιαιτώμενος,
920 4778 1040 4832 οὐδὲ
1073 4778 1133 4832 τδ
1160 4777 1354 4849 ἄρχειν
1390 4780 1795 4851 σωματοόόρων
1825 4780 2031 4852 θηρίων

2133 3506 2198 3547 ac
2219 3507 2365 3548 verae
2392 3492 2519 3547 vitae
2549 3491 2773 3556 habere,
2807 3492 3199 3549 Emulationis
3224 3492 3369 3550 enim
3404 3506 3571 3548 causa
3601 3491 3722 3546 laus

2132 3591 2219 3638 est
2252 3581 2345 3648 (ut
2367 3583 2445 3638 ait
2468 3583 2630 3640 divus
2667 3583 3036 3656 Gregorius);
3084 3585 3364 3642 aemulatio
3396 3594 3577 3641 autem
3611 3582 3726 3639 vir-

2131 3675 2303 3742 tutis,
2383 3674 2563 3731 virtus
2618 3691 2750 3731 vero
2818 3676 3199 3734 beatitudinis.
3253 3676 3721 3750 Congaudendum

2130 3767 2297 3837 igitur
2334 3776 2392 3823 et
2428 3769 2924 3839 congratulandum
2967 3780 3053 3825 est
3095 3769 3228 3826 huic
3259 3778 3409 3825 tanto
3451 3769 3719 3839 profectui

2132 3869 2246 3914 tuo.
2307 3857 2463 3913 lllum
2519 3861 2665 3916 enim
2701 3861 2855 3916 visus
2892 3874 2954 3916 es
3008 3860 3256 3928 imitari,
3299 3859 3394 3932 qui
3436 3861 3723 3918 aemulator

2130 3956 2279 4003 esset
2323 3948 2438 4002 veri
2491 3951 2767 4004 mansueti
2820 3959 2987 4021 atque
3044 3950 3274 4006 humilis
3313 3951 3498 4018 corde,
3545 3953 3637 4023 qui
3669 3965 3724 4009 et

2130 4037 2275 4094 Petri
2308 4047 2541 4094 mentem
2571 4049 2628 4096 et
2655 4041 2903 4111 ejusdem
2935 4042 3338 4098 abdicationem
3373 4054 3621 4113 secutus,
3647 4047 3720 4101 ita

2132 4130 2328 4185 harum
2356 4147 2481 4202 quae
2510 4132 2767 4187 videntur
2792 4149 2977 4189 rerum
3011 4133 3208 4191 aﬂectu
3238 4143 3293 4191 et
3330 4151 3521 4194 amore
3568 4142 3721 4197 omni

2132 4235 2193 4276 se
2239 4221 2415 4288 exuit,
2455 4229 2516 4277 ut
2554 4222 2667 4292 pari
2729 4222 2950 4285 ﬁducia,
2998 4223 3144 4294 quod
3198 4223 3316 4297 ipse
3351 4228 3504 4296 novi,
3536 4215 3724 4300 posset

2132 4328 2256 4369 cum
2291 4314 2454 4370 Petro
2488 4314 2554 4370 ad
2590 4313 2885 4371 Dominum
2920 4316 3102 4373 dicere
3131 4331 3150 4373 :
3186 4316 3325 4375 Ecce
3357 4314 3453 4375 n'cs
3498 4304 3722 4393 reliqui-

2132 4424 2250 4463 mus
2280 4409 2481 4476 omnia,
2522 4419 2571 4464 et
2609 4411 2781 4465 secuti
2809 4426 2992 4466 sumus
3024 4420 3072 4466 te
3097 4423 3147 4467 α.
3182 4410 3365 4480 Quare
3407 4414 3594 4470 divina
3620 4430 3725 4486 ope

2133 4503 2202 4557 ad
2236 4516 2508 4558 summam
2539 4501 2932 4574 perfectionem
2967 4504 3117 4561 brevi
3156 4506 3505 4576 perveniens,
3529 4506 3722 4578 longos

2134 4606 2310 4648 annos
2341 4592 2577 4663 explevit
2616 4612 2628 4647 :
2664 4609 2773 4649 non
2805 4593 3022 4650 deserta
3069 4595 3190 4650 loca
3239 4611 3559 4668 peragrans,
3611 4612 3723 4671 nou

2136 4682 2416 4738 montibus
2453 4683 2729 4749 victitans,
2770 4699 2883 4739 non
2926 4682 3057 4740 feris
3086 4685 3403 4741 crudelibus
3450 4687 3723 4759 imperare

2132 4792 2234 4847 pro
2265 4789 2465 4846 magno
2501 4784 2796 4845 reputans,
2833 4791 2942 4830 non
2981 4776 3038 4830 in
3088 4784 3247 4833 vasta
3290 4777 3586 4834 solitudine
3625 4780 3727 4834 de-

436 4875 498 4930 ἐν
531 4870 752 4942 μεγάλῳ
799 4868 1117 4941 τιθέμενοςσ
1166 4868 1268 4939 τῆς
1312 4868 1372 4922 δὲ
1412 4867 1594 4941 ψυχῆς
1638 4868 1739 4938 τὴν
1792 4870 2028 4940 ἐρημίαν

2139 4885 2289 4941 gens,
2340 4867 2435 4922 sed
2485 4867 2683 4922 animae
2729 4868 2971 4938 quietem
3033 4868 3363 4939 suspirans,
3418 4869 3725 4941 ardensque

436 4963 844 5034 ἀσπαζόμενος,
894 4963 989 5015 καὶ
1041 4961 1225 5034 δρεσιν
1276 4960 1519 5030 ἐγγίζειν
1572 4961 1852 5016 ἐπιποθῶν
1904 4964 2035 5016 αἰω-

436 5057 594 5123 νίοις,
654 5056 912 5125 φωτίζειν
942 5052 1279 5124 θαυμαστῶς
1318 5054 1706 5125 ἐπιστάμενος,
1740 5055 1838 5109 καὶ
1866 5053 2033 5125 ψυχο-

437 5150 644 5201 κτόνων
694 5148 937 5216 κεφαλὰς
985 5149 1178 5203 πατεῖν
1229 5145 1406 5218 ὄφεων
1460 5148 1555 5200 καὶ
1591 5147 1871 5219 σκορπίων
1898 5163 1913 5179 ο
1960 5141 2035 5200 ὧν

438 5240 536 5295 καὶ
588 5240 872 5310 συντόμως
922 5240 988 5310 τῇ
1056 5239 1150 5292 τοῦ
1206 5238 1448 5312 Χριστοῦ
1528 5240 1789 5312 συνεργία
1852 5243 2034 5310 τυχεῖν

439 5327 650 5400 ἠξιώθη
696 5328 785 5381 διὰ
822 5331 921 5400 τῆς
963 5328 1058 5381 τοῦ
1095 5329 1226 5383 ἰδίου
1264 5329 1570 5401 θελήματος
1604 5330 1908 5402 ἀθλητικῆς
1936 5334 2033 5388 ἀν-

440 5424 707 5493 αιρέσεως
728 5437 742 5451 ·
781 5421 905 5491 ἥτις
932 5421 1089 5494 αὐτῷ
1113 5424 1210 5493 τὴν
1245 5422 1459 5493 ἀπλανῆ
1491 5422 1601 5476 τῶν
1632 5424 1890 5495 πατέρων
1919 5423 2036 5478 ὁδὸν

442 5514 806 5587 προεξένησεν
835 5530 849 5546 ο
883 5515 1005 5587 ῆτις
1045 5516 1281 5588 ἐλαφρὸν
1315 5513 1463 5586 αὐτῷ
1511 5514 1575 5568 τὸ
1614 5517 1883 5587 μακάριον
1928 5518 2037 5570 ἁπ-

443 5606 612 5677 έδειξε
644 5608 885 5681 φορτίον,
917 5612 1012 5667 καὶ
1041 5608 1132 5664 τδν
1166 5611 1435 5683 σωτήριον
1454 5610 1547 5663 καὶ
1574 5610 1810 5684 χρηστὸν
1836 5611 2033 5681 ζυγὸν,
2055 5599 2075 5618 ’

443 5699 681 5771 χρηστὸν
709 5698 784 5763 ὡς
807 5699 1027 5772 ἀληθῶς
1058 5702 1425 5775 ἐφανέρωσεν.

528 5866 765 5962 Ἶῐιιιιίι.
827 5922 938 5975 aut,
1000 5906 1092 5963 27.

2137 4961 2362 5032 propius
2407 4960 2667 5015 accedere
2709 4963 2778 5015 ad
2824 4967 3042 5017 montes
3091 4960 3216 5016 illos
3271 4970 3543 5028 aeternos,
3589 4975 3724 5018 con—

2136 5061 2322 5109 suetos
2356 5050 2660 5106 mirabilem
2698 5052 2753 5105 iu
2791 5064 2896 5107 nos
2928 5051 3107 5108 lucem
3141 5051 3392 5122 fundere,
3422 5060 3475 5108 et
3497 5066 3723 5125 serpen-

2136 5151 2249 5198 tum
2310 5142 2776 5213 scorpionumque
2806 5144 2983 5214 capita
3020 5143 3116 5215 qui
3163 5143 3379 5200 animas
3420 5146 3719 5215 perimunt,

2133 5243 2438 5293 conterere.
2470 5237 2550 5292 Ad
2584 5252 2726 5308 quos
2770 5238 2986 5293 tandem
3037 5237 3134 5294 Del
3168 5238 3377 5294 auxilio
3416 5242 3725 5311 promeruit

2134 5328 2363 5383 feliciter
2398 5329 2703 5399 pervenire,
2737 5330 3080 5399 pessumdata
3114 5329 3267 5399 prius
3317 5339 3500 5386 tamen
3529 5338 3585 5385 et
3614 5332 3720 5387 ltu-

2134 5422 2341 5478 miliata
2380 5421 2612 5493 agonico
2643 5422 2947 5478 certamine
2975 5422 3196 5494 propria
3242 5422 3544 5491 voluntate,
3599 5440 3723 5494 qum

2132 5525 2341 5570 rectum
2374 5513 2451 5569 illi
2483 5514 2703 5570 Patrum
2755 5524 2809 5569 et
2839 5516 3109 5582 majorum
3161 5525 3476 5571 nostrorum
3525 5515 3719 5572 callem

2132 5614 2601 5678 praemonstraret,
2628 5620 2749 5676 quae
2774 5605 2890 5661 leve
2922 5605 3275 5662 beatitudinis
3305 5621 3449 5665 onus
3476 5616 3531 5664 et
3568 5608 3721 5667 salu-

2134 5696 2356 5756 tiferum
2392 5714 2456 5755 ac
2489 5713 2657 5756 suave
2678 5698 2869 5769 jugum
2902 5699 3232 5756 ostenderet.
3744 5700 3750 5707 '
