4020 6468
366 405 503 472 1617
1768 399 2154 460 ΟΟΕΤΗΙΝΑ
2190 398 2248 456 I.
3484 396 3623 467 1618
3650 426 3655 431 ·

354 539 458 578 σου
484 522 552 592 τῇ
581 518 850 589 δεξιότητι
878 519 976 573 καὶ
995 518 1055 572 τὸ
1081 517 1257 589 βραχὺ
1287 515 1660 587 παραστῆσαι,
1690 514 1834 570 κατὰ
1861 516 1941 581 τὺ,
1975 541 1988 581 Α

2098 512 2150 567 bi
2187 526 2285 581 par
2311 506 2416 565 erit
2451 522 2548 579 pro
2578 516 2671 564 tua
2703 512 3027 569 dexteritate
3053 522 3108 567 et
3139 513 3281 569 hanc
3307 516 3623 573 brevitatem

354 615 536 670 Δίδου
556 611 731 683 σοφῷ
752 611 1054 681 ἀφορμὴν,
1082 611 1180 666 καὶ
1211 611 1549 679 σοφώτερος
1574 608 1765 664 ἔσται.

2094 604 2359 675 pprobare
2385 602 2543 673 juxta
2573 602 2624 658 id
2652 603 2783 661 ;-Da
2814 607 3041 677 sapienti
3069 606 3415 670 occasionem,
3448 616 3497 662 et
3534 626 3623 662 sa-

2053 698 2278 767 pientior
2305 699 2402 751 erit
2433 708 2478 751 ε.

434 801 460 829 ε
500 788 664 843 Ριιον.
725 804 804 853 li,
845 787 899 844 9t

469 904 743 974 Πρότερον
770 902 847 968 δὲ,
883 902 943 954 ὲν
971 900 1399 970 συντομωτέρῳ,
1433 900 1526 954 καὶ
1560 898 1633 952 τὰ
1663 898 1927 953 κατὰτὸν
1963 900 2237 972 μακάριον
2266 902 2541 970 Δοσίθεον,
2576 903 2670 957 τὸν
2704 903 2996 973 γενόμενον
3026 902 3242 974 πρῶτον
3274 906 3525 979 μαθητὴν

761 992 855 1047 τοῦ
889 992 1165 1065 μακαρίου
1196 992 1344 1046 ἀόὁᾶ
1382 990 1663 1064 Δωροθέου
1691 993 1773 1047 ἔτι
1803 993 1957 1057 ὄντος
1984 994 2151 1051 αὐτοῦ
2180 999 2240 1050 ἐν
2271 1000 2386 1060 τοῖς
2424 998 2518 1052 τοῦ
2550 998 2699 1054 ὰῦὅᾶ
2739 995 2987 1068 Σερίδου,
3017 998 3113 1050 καὶ
3149 998 3245 1052 τὸν

1288 1082 1478 1152 ἀγῶνα
1500 1086 1602 1155 τῆς
1634 1083 1778 1138 κατὰ
1806 1084 2042 1155 Χριστὸν
2070 1086 2351 1157 ὑποταγῆς
2378 1086 2736 1152 ἑξανύοντοςι

1469 1178 1760 1250 Sequentia
1794 1197 1913 1236 non-
1939 1180 2200 1235 habentur
2237 1182 2294 1236 in
2314 1181 2539 1238 ~erco.

312 1200 344 1312 1
1469 1200 1760 1250 aequantia
1794 1200 1913 1236 non-
1939 1200 2200 1235 nauemur
2237 1200 2294 1236 ιη
2314 1200 2539 1238 ηυγ-(εσυ.

435 1269 612 1339 Quale
644 1272 792 1327 enim
827 1271 992 1326 fuerit
1020 1279 1201 1327 sancti
1230 1270 1336 1326 viri
1363 1272 1708 1342 propositum
1745 1273 1812 1327 ad
1846 1274 2210 1329 monasticam
2243 1275 2717 1333 conversionema
2746 1279 2859 1335 Deo
2886 1280 3134 1350 adducti,
3176 1295 3342 1352 quam
3385 1280 3637 1335 idoneam

365 1369 425 1417 et
450 1360 923 1417 accommodatam
958 1360 1132 1415 vitam
1170 1360 1415 1431 elegerit,
1447 1362 1633 1417 animo
1658 1378 1874 1418 mecum
1905 1373 2119 1435 repeto.
2148 1363 2215 1418 Et
2243 1364 2374 1420 hinc
2403 1366 2927 1436 quidem'summam
2957 1372 3132 1441 ipsius
3156 1372 3353 1425 animae
3374 1370 3635 1426 obedieu-

368 1453 502 1510 tiam
537 1470 666 1527 erga
700 1459 885 1526 patres
918 1468 1085 1520 suos,
1133 1469 1329 1525 puram
1363 1454 1791 1523 abdicationem,
1839 1456 2244 1527 simplicitatem
2299 1459 2681 1526 conscientiae,
2718 1463 2960 1517 studium
3004 1470 3059 1518 et
3098 1462 3435 1533 diligentiam
3476 1472 3640 1532 atque

369 1547 569 1601 omnia
599 1546 654 1600 in
690 1543 1004 1617 cognitione
1036 1544 1265 1601 fundata
1295 1563 1309 1601 :
1340 1546 1472 1603 hinc
1507 1546 1634 1603 tidei
1675 1548 2069 1609 constantiam,
2120 1548 2445 1603 charitatem
2482 1557 2537 1604 et
2584 1550 2997 1620 perfectionem.
3037 1552 3117 1607 Ad
3147 1553 3475 1619 contratres,
3505 1569 3640 1609 con-

371 1643 577 1707 socios,
610 1638 849 1697 aﬂabilis
875 1648 992 1696 erat
1020 1650 1075 1697 et
1102 1643 1469 1708 verecundus,
1502 1642 1702 1709 alacer,
1737 1644 2029 1713 benignus,
2058 1644 2321 1708 clemens,
2353 1645 2517 1698 etiam
2547 1660 2671 1700 cum
2704 1656 2979 1715 prasesset,
3004 1661 3121 1700 non
3146 1647 3502 1716 suspiciosus,
3530 1662 3639 1703 non

369 1735 695 1801 deses,,non
729 1735 961 1801 otiosus,
980 1751 1092 1792 non
1117 1744 1437 1804 contumax,
1469 1753 1579 1793 non
1603 1739 2016 1808 contentiosus;
2041 1756 2164 1810 quae
2193 1740 2403 1795 robora-
2421 1749 2549 1795 sunt
2578 1740 2787 1795 nullum
2811 1741 3095 1812 judicandi
3128 1750 3180 1798 et
3203 1741 3338 1796 nihil
3368 1742 3638 1797 sumendi.

369 1833 741 1893 Concordiam
793 1847 1013 1903 quoque
1062 1833 1593 1905 unanimitatemque
1633 1849 1801 1904 super
1847 1835 1952 1891 mel
1990 1835 2181 1891 dulcia
2214 1849 2443 1905 semper
2468 1833 2702 1890 fovebat.
2743 1839 2812 1890 At
2854 1852 2983 1892 vero
3011 1837 3078 1892 ad
3110 1850 3274 1907 opera
3320 1836 3638 1899 studiosus,

371 1929 630 2001 diligens,
655 1927 921 2002 prudens,
952 1935 1216 1994 attentus,
1242 1930 1393 1986 mitis
1414 1945 1540 1985 cum
1567 1931 1717 1985 omni
1736 1932 2031 2002 probitate,
2062 1931 2371 2002 exemplum
2393 1931 2663 1986 bonorum
2691 1947 2928 1987 morum.
2954 1933 3032 1986 Ad
3056 1947 3144 1988 res
3167 1939 3349 1988 autem
3376 1932 3643 2004 gerendas
3671 1915 3676 1920 ’

368 2035 677 2081 accuratus
712 2033 765 2081 et
798 2024 1152 2092 venerabilis,
1183 2026 1447 2082 bonitatis
1480 2035 1694 2081 amator
1728 2034 1782 2082 et
1810 2027 2258 2097 pulchritudinis,
2289 2026 2369 2082 nil
2400 2041 2681 2098 perperam
2720 2041 2906 2097 agens,
2943 2026 3129 2082 divino
3158 2026 3394 2097 quodam
3424 2025 3647 2096 ingenio

370 2128 434 2176 et
460 2119 790 2176 discretione
820 2121 1048 2190 quosvis
1080 2137 1371 2192 superans.
1406 2120 1463 2178 in
1495 2122 1709 2179 cunctis
1740 2121 1987 2189 humilis,
2018 2132 2229 2193 gratus,
2263 2119 2444 2189 fortis,
2477 2131 2531 2177 et
2553 2130 2836 2188 constans,
2862 2122 3080 2178 sobrius
3111 2129 3165 2178 et
3194 2120 3462 2177 sollicitus
3484 2128 3650 2189 atque

377 2216 805 2288 cogitabundus.
836 2213 945 2270 Sed
975 2216 1272 2288 quidopus
1298 2225 1381 2273 est
1412 2234 1511 2289 per
1534 2218 1749 2290 singula
1773 2219 2127 2274 discurrere?
2161 2217 2353 2273 Simile
2377 2216 2510 2289 quid
2540 2216 2790 2273 facturus
2818 2217 3009 2273 videor
3035 2230 3160 2272 cum
3195 2230 3260 2271 eo
3287 2214 3378 2285 qui
3412 2212 3651 2268 voluerit

377 2314 466 2364 vel
499 2308 762 2367 stillicidii
794 2317 1000 2379 guttas,
1040 2310 1124 2366 vel
1176 2313 1352 2368 undas
1392 2306 1564 2369 maris
1607 2314 1980 2369 dinumerare.
2033 2311 2275 2383 Equum
2316 2320 2399 2367 est
2444 2319 2625 2366 autem
2658 2325 2820 2381 quam
2867 2323 3259 2381 proposueram
3294 2316 3495 2363 metam
3540 2319 3648 2360 non

373 2401 667 2465 excedere,
703 2410 758 2456 et
790 2402 945 2458 vobis
990 2419 1211 2476 quoque
1256 2414 1466 2476 partem
1509 2408 1748 2477 aliquam
1780 2408 1958 2463 dulcis
1987 2408 2152 2478 hujus
2189 2406 2561 2478 inquisitionis
2598 2406 2928 2477 relinquere,
2976 2414 3037 2459 ut
3074 2403 3278 2474 pariter
3310 2402 3397 2457 his
3439 2400 3650 2457 deliciis

375 2490 641 2549 [ιιιεωίιή
689 2507 931 2561 mecum,
977 2495 1314 2567 discatisque
1343 2512 1451 2567 qua
1486 2496 1577 2552 hic
1608 2498 1735 2564 via,
1790 2498 2100 2564 sanctitate,
2158 2497 2464 2553 urbanitate
2494 2498 2548 2551 in
2583 2496 2824 2552 divinam
2879 2496 3181 2551 doctrinam
3237 2505 3293 2552 et
3343 2494 3648 2549 animarum

372 2583 609 2641 salutem
637 2586 996 2644 itadeductus
1031 2589 1119 2655 sit,
1149 2590 1219 2645 ab
1247 2605 1314 2645 eo
1334 2591 1429 2661 qui
1456 2591 1641 2646 omnia
1672 2593 1956 2662 gubernat,
1976 2599 2031 2646 et
2059 2591 2403 2662 providentia
2432 2590 2674 2661 disponit
2704 2609 2717 2645 :
2749 2592 3109 2660 compatiens,
3135 2590 3383 2661 inquam,
3413 2597 3467 2643 et
3489 2587 3653 2642 bette-

378 2681 539 2737 volus
575 2680 760 2749 Pater,
811 2686 1109 2757 perdignus
1139 2687 1233 2757 qui
1259 2688 1474 2744 animas
1522 2688 1822 2745 instrueret
1861 2697 1915 2743 ct
1964 2687 2303 2744 illuminaret
2330 2707 2343 2744 :
2372 2702 2608 2762 magnus
2651 2686 2931 2743 intellectu
2958 2728 2973 2752 ,
3024 2683 3202 2756 major
3251 2685 3306 2739 in
3353 2680 3650 2753 obsequio,

376 2776 636 2835 sublimis
657 2780 725 2847 lin
754 2782 1249 2852 contemplatione,
1289 2783 1579 2839 sublimior
1628 2784 1684 2839 in
1720 2784 2066 2851 humilitate,
2105 2784 2257 2841 dives
2297 2785 2358 2841 in
2404 2783 2551 2847 Deo,
2603 2798 2809 2855 pauper
2838 2783 2892 2837 in
2934 2783 3152 2852 spiritu,
3186 2778 3362 2836 dulcis
3391 2777 3607 2848 eloquio
3638 2822 3651 2843 ,

378 2866 596 2928 dulcior
621 2885 876 2939 occursu,
912 2876 1108 2932 doctus
1138 2875 1385 2934 medicus
1419 2876 1473 2931 in
1506 2891 1893 2949 quemcunque
1923 2876 2159 2933 volueris
2188 2876 2465 2935 morbum.
2499 2873 2604 2941 Qui
2634 2873 3013 2946 aegritudinem
3047 2871 3329 2937 divitibus,
3358 2867 3652 2931 mendicis,

380 2963 730 3035 sapientibus
752 2974 805 3022 et
838 2968 1225 3039 insipientibus
1246 3009 1260 3035 ,
1311 2968 1552 3032 feminis,
1582 2970 1738 3034 viris,
1772 2971 2016 3038 senibus,
2045 2967 2380 3042 junioribus,
2414 2966 2652 3032 aiilictis,
2690 2967 2850 3032 laetis,
2884 2964 3129 3030 advenis,
3171 2963 3288 3019 suis
3317 2961 3652 3032 conjunctis.

381 3055 518 3114 solis
544 3057 964 3128 imperantibus,
995 3061 1260 3127 dominis,
1285 3063 1482 3127 servis,
1509 3060 1764 3129 subditis,
1783 3063 1971 3119 liberis
1998 3080 2014 3130 ;
2046 3071 2292 3119 sanctam
2317 3062 2466 3117 illam
2493 3069 2548 3117 et
2571 3058 2777 3116 variam
2809 3058 3265 3129 innumeramque
3289 3053 3652 3110 oeconomiam

380 3150 601 3206 cunctis
626 3152 946 3208 hominibus
976 3154 1053 3208 uti
1079 3154 1341 3209 talentum
1367 3155 1707 3225 impertiens,
1726 3163 1781 3210 et
1801 3154 2056 3210 omnibus
2083 3155 2267 3209 omnia
2289 3155 2485 3220 factus,
2512 3154 2701 3225 sicque
2725 3151 2993 3223 plurimos
3023 3149 3385 3221 perlucratus.
3409 3145 3514 3202 Sed
3541 3136 3655 3217 jam

381 3240 520 3299 hora
542 3252 648 3310 est,
673 3246 1076 3314 amantissime,
1106 3255 1167 3302 ut
1192 3262 1437 3302 mensam
1466 3247 1738 3302 sermonis
1773 3246 2085 3303 suavissimi
2123 3262 2434 3317 apponam:
2468 3245 2625 3316 cujus
2659 3258 3003 3314 unaquaeque
3036 3256 3165 3312 pars
3205 3249 3259 3296 et
3298 3237 3463 3296 dictio
3490 3237 3655 3293 etiam

383 3336 617 3392 minima
641 3351 751 3393 non
780 3337 1069 3393 minimum
1101 3338 1258 3394 atiert
1279 3340 1629 3399 commodum
1662 3346 1719 3395 et
1740 3338 2047 3393 utilitatem.
2085 3336 2223 3392 Nam
2253 3338 2440 3393 divino
2475 3350 2603 3391 vere
2632 3344 2687 3391 et
2722 3334 3033 3391 admirabili
3061 3333 3280 3404 eloquio
3303 3328 3408 3386 fuit
3435 3330 3519 3385 vir
3545 3328 3655 3393 ille,

386 3431 482 3493 sed
509 3431 704 3488 humili
727 3443 782 3490 et
810 3434 1046 3503 pedestri
1067 3434 1315 3493 oratione
1340 3449 1529 3505 repere
1561 3434 1730 3489 voluit
1750 3434 1821 3489 ob
1840 3433 2166 3490 humilitatis
2190 3432 2522 3502 exemplum,
2547 3439 2601 3486 et
2621 3430 2937 3486 inornatum
2963 3441 3272 3484 sermonem
3295 3424 3513 3480 exculto
3536 3422 3661 3477 ubi-

386 3541 497 3600 que
522 3528 778 3598 prastulit.
815 3527 898 3585 Tu
928 3530 1089 3602 igitur
1120 3531 1335 3589 sincero
1364 3531 1469 3587 hoc
1494 3531 1678 3587 studio
1707 3540 1760 3586 et
1787 3530 2143 3587 beatitudinis
2166 3528 2347 3585 fructu
2379 3527 2643 3593 enutrirc,
2679 3526 2825 3582 alere
2859 3523 3179 3597 hujusmodi
3203 3521 3402 3578 viatico
3432 3525 3487 3577 et
3512 3518 3657 3575 cibo.

387 3622 603 3680 Accede
633 3623 701 3681 ad
732 3634 980 3686 sanctam
1008 3626 1377 3683 urbanitatem
1420 3643 1583 3698 quam
1618 3626 1713 3682 diu
1757 3626 1982 3697 Optasti,
2013 3634 2067 3682 et
2099 3641 2199 3696 pro
2228 3625 2491 3696 languore
2531 3637 2653 3678 meo
2682 3621 2873 3678 sedulo
2905 3618 3234 3691 supplicate.

1136 3774 1281 3827 ΤΟΥ
1314 3774 1417 3829 ΕΝ
1452 3775 1715 3829 ΑΓΙΟΙΣ
1746 3776 2031 3828 ΙΙΛῚῬΟΣ
2067 3773 2280 3828 ΗΜΩΝ
2304 3773 2491 3826 ΑΒΒΑ
2534 3765 2905 3824 ΔΩΡΟΘΕΟΥ

1704 3884 2233 3941 ΜΔΑΣΚΑΔῘΑ
2276 3884 2351 3937 Α’.

1782 4000 1924 4070 Περὶ
1951 3994 2283 4065 ἀποταγῆς.

1423 4188 1736 4253 SANCTI
1785 4185 2238 4250 DOROTHEI
2270 4185 2315 4245 A
2330 4180 2484 4244 BBA
2502 4182 2635 4242 TIS

1768 4311 2196 4369 DOCTRINA
2248 4311 2290 4364 1.

1772 4433 1846 4486 De
1876 4431 2285 4486 remmtiatioue.

469 4556 546 4607 Δί.
598 4554 687 4606 Ἐν
718 4552 862 4624 ἀρχῇ
896 4554 988 4606 ὅτε
1020 4552 1277 4623 ἐποίησεν
1317 4555 1345 4606 ὁ
1377 4554 1510 4618 Θεὸς
1551 4554 1643 4608 τὸν
1673 4552 1981 4624 ἄνθρωπον,

2156 4547 2323 4621 3'75l
2360 4547 2400 4601 l.
2442 4542 2716 4611 Principio
2756 4539 2935 4597 factus
2976 4539 3141 4594 homo
3176 4551 3207 4593 a
3253 4534 3367 4592 Deo
3387 4534 3439 4603 δ,
3471 4535 3526 4591 in
3570 4552 3666 4606 μ-

396 4640 553 4696 ἔθετο
586 4641 752 4695 αὐτὸν
794 4643 851 4694 ὲν
883 4641 962 4713 τῷ
998 4642 1313 4715 παραδείσῳ
1363 4643 1585 4717 [καθὼς
1623 4644 1775 4712 λέγει
1801 4646 1833 4714 ἡ
1863 4643 1983 4697 θεία.

2094 4640 2274 4695 rudiso
2308 4635 2604 4707 voluptatis
2635 4642 2718 4689 est
2746 4632 2955 4702 positus
2985 4630 3080 4699 (ut
3123 4642 3296 4684 sacrae
3333 4625 3552 4684 Litterae
3588 4627 3669 4681 fa-

395 4731 532 4800 ἁγία
560 4728 801 4803 Γραφὴ]
854 4733 1140 4805 κοσμήσας
1184 4733 1376 4806 ἁπάσῃ
1415 4735 1584 4809 ἁρετῇ
1612 4751 1623 4765 ·
1673 4733 1799 4795 δοὺς
1834 4731 1984 4803 αὐτῷ

2094 4731 2318 4802 tentur),
2353 4736 2606 4793 ornatus,
2656 4726 2902 4797 inquam,
2945 4722 3098 4777 omni
3145 4722 3371 4786 virtute,
3398 4730 3670 4792 pracepto

397 4821 619 4893 ἐντολὴν
648 4820 744 4876 τοῦ
777 4824 852 4895 μὴ
884 4828 1079 4894 φαγεῖν
1112 4825 1177 4878 ἐκ
1203 4824 1297 4879 τοῦ
1324 4824 1482 4899 ξρλου
1512 4826 1603 4879 τοῦ
1631 4827 1688 4878 ὲν
1712 4825 1861 4896 μέσῳ
1889 4824 1983 4878 τοῦ

2094 4838 2272 4884 tamen
2319 4825 2599 4889 astrictus,
2633 4837 2704 4878 ne
2734 4823 2804 4877 de
2843 4819 2994 4890 ligno
3028 4826 3196 4885 esset,
3226 4822 3370 4889 quod
3405 4818 3459 4872 in
3490 4820 3670 4872 medio

399 4914 757 4985 παραδείσου.
802 4917 914 4979 Καὶ
957 4913 1024 4991 ἦν
1065 4919 1124 4970 ὲν
1156 4920 1349 4997 τρυφῇ
1381 4919 1489 4979 τοῦ,
1518 4900 1879 4990 παραδείσουη,
1927 4918 1986 4971 ὲν

2094 4921 2329 4992 paradisi
2355 4919 2596 4991 positum
2621 4924 2759 4972 erat.
2784 4914 2988 4984 Sicque
3014 4912 3158 4966 inter
3178 4910 3419 4982 paradisi
3446 4910 3671 4965 delicias

398 5005 566 5079 εὐχῇ,
590 5008 648 5061 ἐν
683 5007 925 5080 θεωρίαι
945 5009 1003 5062 ὲν
1038 5011 1181 5083 μέσῃ
1204 5011 1332 5085 δόξῃ
1361 5011 1455 5065 καὶ
1483 5012 1638 5082 τιμῇ,
1666 5012 1806 5085 ἔχων
1843 5008 1989 5074 σὼας

397 5095 502 5162 τὰς
531 5098 818 5172 αἰσθήσεις
840 5116 854 5132 ο
888 5088 995 5155 litat
1026 5101 1102 5154 ὢν
1130 5104 1186 5158 ὲν
1220 5102 1297 5174 τῷ
1325 5102 1469 5156 κατὰ
1499 5104 1659 5172 φύσιν
1686 5102 1869 5166 καθὼς
1896 5103 1989 5156 καὶ

401 5189 650 5262 ἐκτίσθη.
685 5192 822 5247 Κατ’
852 5192 1037 5247 εἰκόνα
1066 5193 1173 5265 γὰρ
1204 5193 1338 5247 Θεοῦ
1374 5176 1629 5264 ἐποίησεν
1670 5197 1698 5248 ὁ
1730 5193 1862 5257 Θεὸς
1895 5195 1988 5248 τὸν

401 5280 716 5352 ᾇνθρωπον,
757 5284 902 5338 τοῦτ’
948 5284 1096 5339 ἔστιν
1138 5285 1426 5350 ἀθάνατον,
1479 5285 1846 5352 αὐτεξούσιον,
1891 5305 1987 5340 κε-

402 5375 758 5444 κοσμημένον
777 5377 928 5449 πάσῃ
953 5378 1142 5450 ἀρετῇ.
1170 5379 1299 5431 Ὅτε
1318 5378 1375 5437 δὲ
1402 5378 1617 5450 παρέϐη
1642 5379 1744 5450 τὴν
1767 5379 1987 5450 ἐντολὴν

402 5463 501 5516 καὶ
528 5463 732 5533 ἔφαγεν
776 5467 838 5520 ἐκ
868 5468 964 5521 τοῦ
999 5468 1157 5535 ξύλου
1188 5461 1248 5523 οὗ
1289 5452 1595 5523 ἐνετείλατο
1624 5469 1774 5541 αὐτῷ
1800 5470 1830 5524 ὀ
1857 5469 1988 5532 Θεὸς

409 5553 487 5631 εὴ
522 5558 720 5626 φαγεῖν
762 5558 947 5623 αὐτὸν,
998 5561 1123 5625 τότε
1174 5561 1439 5633 ὲξεᾶλήθη
1483 5561 1581 5615 τοῦ
1626 5562 1986 5634 παραδείσου,

410 5643 507 5698 καὶ
549 5646 777 5701 ἐξέπεσε
828 5649 924 5704 τοῦ
978 5652 1120 5706 κατὰ
1166 5652 1358 5722 φύσιν,
1410 5653 1506 5707 καὶ
1536 5649 1604 5722 ἦν
1638 5654 1695 5707 ὲν
1734 5652 1812 5725 τῷ
1838 5653 1990 5724 παρὰ

475 5782 666 5849 (ϐαι.
725 5802 786 5852 ιι,
838 5788 924 5843 l5.

2093 5012 2321 5076 orabat,
2357 5006 2851 5077 contemplabatur,
2899 5001 2953 5055 in
2989 5000 3139 5055 omni
3169 4998 3339 5070 gloria
3373 5005 3429 5052 et
3464 4997 3673 5065 honore

2093 5111 2232 5168 erat,
2262 5097 2516 5155 sensibus
2552 5093 2776 5166 integris
2803 5101 2857 5148 et
2881 5089 3100 5153 validis,
3126 5088 3431 5144 secundum
3458 5094 3669 5140 naturae

2094 5209 2211 5251 suae
2248 5190 2325 5246 ad‘
2363 5203 2529 5261 quam
2571 5186 2825 5242 conditus
2853 5190 2991 5248 erat,
3046 5180 3312 5236 habitum.
3355 5177 3438 5232 Ad
3475 5176 3671 5246 imagi-

2094 5302 2218 5341 nem
2255 5283 2454 5354 quippe
2496 5296 2653 5338 suam
2703 5279 2835 5334 fecit
2864 5276 3010 5330 Deus
3040 5272 3342 5336 hominem,
3384 5270 3670 5325 immorta-

2095 5379 2201 5433 lem
2236 5376 2466 5441 scilicet,
2499 5375 2752 5437 liberum,
2807 5377 3062 5425 ornatum
3097 5366 3250 5421 omni
3294 5364 3520 5419 virtute.
3568 5359 3669 5415 Ubi

2095 5478 2277 5524 autem
2307 5479 2690 5537 transgressus
2712 5471 2795 5518 est
2825 5467 3178 5532 praeceptum,
3201 5466 3256 5511 et
3276 5455 3343 5510 de
3372 5456 3517 5525 ligno
3536 5452 3670 5515 edit.

2095 5560 2240 5633 quod
2284 5574 2353 5615 ne
2388 5558 2571 5614 ederet
2613 5563 2944 5626 praeceperat
2978 5554 3027 5608 ei
3060 5551 3225 5618 Deus,
3255 5548 3497 5619 dejectus
3528 5545 3676 5601 illico

2096 5662 2179 5710 est
2201 5654 2269 5708 ab
2302 5652 2420 5722 ipso
2449 5647 2724 5719 paradiso,
2747 5644 2950 5702 decidit
2976 5660 3006 5699 a
3036 5641 3271 5699 naturali
3296 5649 3441 5698 statu
3471 5638 3525 5694 iu
3545 5649 3671 5694 eum
