4020 6412
438 326 576 393 1619

1536 370 1572 417 μέ
1642 350 1701 409 S.
1731 349 2123 416 DOROTHEI
2153 354 2472 422 ABBATIS

3577 365 3725 432 1620

434 446 530 512 qui
565 459 681 500 suae
714 454 930 504 natura;
967 451 1235 510 adversus
1273 463 1425 521 erat,
1458 458 1563 514 hoc
1597 469 1703 528 est,
1734 463 1786 518 in
1814 481 1992 536 pecca-

2116 473 2299 542 φύσιν,
2347 475 2493 531 τοῦτ’
2535 478 2684 533 ἔστιν
2713 481 2771 535 ἐν
2803 484 2868 552 τῇ
2901 483 3173 554 ἁμαρτίᾳ,
3203 484 3261 535 ἐν
3298 485 3366 554 τῇ
3413 483 3720 555 φιλοδοξίᾳ,

437 551 573 602 lum,
627 537 682 592 in
715 539 1107 608 ambitionem,
1144 547 1200 602 in
1249 562 1491 605 amorem
1541 558 1825 622 praesentis
1867 560 2015 628 vitae,

432 636 489 680 et
514 637 741 686 caeteras
765 634 1054 702 passiones
1075 637 1411 707 innumeras,
1439 645 1807 704 succumbens
1835 649 1942 708 illis
1963 663 2018 708 et

434 736 631 788 parens
661 724 715 779 in
750 728 1030 784 omnibus.
1065 728 1294 786 Servum
1344 735 1490 790 enim
1540 738 1780 808 seipsum
1813 742 2017 799 fecerat

431 813 503 867 ub
541 819 1057 886 transgressionem.
1097 820 1252 880 Tunc
1305 825 1474 896 igitur
1509 831 1699 900 augeri
1751 836 2012 902 paulatim

433 903 638 958 malitia
667 915 722 960 et
752 906 1028 964 dominari
1059 926 1210 968 mors
1240 917 1413 992 .cmpit
1440 936 1452 972 :
1485 934 1756 989 nusquam
1797 925 2010 994 religio,

433 1009 703 1064 nusquam
727 998 902 1067 pietas
927 1011 1067 1057 erat.
1093 988 1308 1075 Ubique
1335 988 1643 1077 ignorantia
1678 1010 1793 1080 Dei,
1825 988 2012 1084 pauci;

349 1129 354 1134 .
426 1102 534 1154 que
573 1088 868 1146 admodum
908 1103 1095 1164 patres
1133 1114 1199 1151 ex
1245 1108 1458 1156 naturae
1483 1101 1600 1171 lege
1629 1104 1804 1161 edocti
1839 1106 2010 1164 Deum

425 1183 796 1247 agnoscebant
820 1204 832 1240 :
859 1189 1051 1256 quales
1071 1190 1349 1248 Abraham
1374 1196 1665 1266 caeterique
1687 1200 2010 1267 patriarchae

423 1279 478 1324 ct
523 1270 637 1328 Noe
681 1283 736 1330 et
779 1275 972 1347 Jacob,
1006 1289 1088 1348 et,
1123 1293 1184 1337 ut
1235 1285 1471 1344 breviter
1519 1289 1722 1355 dicam,
1751 1293 2009 1361 perpauci

423 1371 480 1418 ct
527 1367 659 1420 rari.
727 1367 883 1426 Tunc
920 1373 1161 1442 prodidit
1198 1377 1370 1434 hostis
1413 1396 1630 1436 omnem
1707 1386 2007 1440 versutiam

423 1471 601 1523 suam,
656 1469 786 1518 tunc
828 1464 1101 1522 dominari
1146 1469 1410 1540 iniquitas
1461 1484 1516 1529 et
1554 1475 1842 1543 iniustitia,
1875 1487 2008 1534 tunc

421 1559 598 1621 empta
639 1562 723 1610 est
763 1554 1100 1624 idololatria,
1141 1569 1251 1615 tum
1298 1563 1480 1620 varius
1525 1565 1749 1621 deorum
1801 1569 2004 1637 cultus,

424 1653 540 1702 tum
569 1651 879 1722 praestigiae.
908 1662 1020 1708 tum
1045 1656 1220 1711 caedes
1241 1657 1639 1730 innumeraque
1661 1661 1866 1717 diaboli
1889 1679 2007 1718 ma-

421 1740 794 1799 chinamenta.
827 1745 1080 1804 Misertus
1117 1763 1247 1819 ergo
1277 1751 1420 1807 Deus
1458 1754 1700 1822 Optimus
1743 1765 2006 1812 creatura:

419 1847 562 1897 suae,
617 1835 768 1890 dedit
799 1838 1083 1909 [scriptam
1135 1841 1310 1911 legem
1363 1859 1458 1914 per
1501 1844 1754 1917 Moysen-
1794 1848 1852 1902 In
1892 1866 2000 1920 qua

417 1920 598 1992 aliqua
634 1926 934 1996 prohibuit,
966 1931 1149 2002 aliqua
1181 1935 1452 2004 permisit,
1519 1937 1730 2006 dicens,
1779 1940 1884 1996 hoc
1917 1942 2000 1997 fa-

415 2014 544 2077 cite,
596 2016 702 2072 boc
745 2033 815 2074 ne
863 2019 1046 2077 facite.
1096 2023 1254 2079 Dedit
1288 2039 1576 2098 praecepta,
1625 2031 1786 2100 quale
1816 2032 1994 2089 illud:

415 2102 674 2161 Dominus
705 2107 848 2164 Deus
884 2121 1006 2166 tuus
1049 2112 1310 2170 Dominus
1341 2133 1477 2172 unus
1507 2131 1586 2174 est
1619 2129 1675 2188 ⁸,,
1716 2131 1774 2176 ιιι
1812 2125 1995 2179 statim

412 2195 659 2252 animum
692 2214 722 2254 a
749 2201 968 2258 cultura
991 2204 1221 2262 deorum
1253 2218 1552 2268 revocaret.
1585 2209 1718 2267 Item
1749 2231 1764 2268 :
1793 2212 1996 2286 Diliges

407 2286 698 2345 Dominum
741 2292 911 2348 Deum
941 2305 1089 2351 tuum
1120 2299 1175 2352 in
1206 2308 1319 2354 tota
1351 2304 1531 2357 anima
1566 2314 1684 2370 tua,
1718 2317 1767 2360 et
1794 2308 1849 2360 in
1880 2318 1994 2363 tota

406 2389 577 2434 mente
611 2390 702 2436 tua
729 2381 749 2421 ί
787 2403 802 2440 :
845 2386 1052 2457 ubique
1099 2390 1423 2459 przedicabis
1469 2395 1617 2465 quod
1659 2395 1805 2454 Deus
1848 2416 1993 2457 unus

402 2479 508 2535 est,
537 2483 592 2528 et
621 2489 729 2530 non
761 2485 847 2532 est
876 2479 1040 2535 alius.
1086 2481 1223 2536 Nam
1255 2483 1312 2537 in
1349 2500 1460 2554 quo
1491 2486 1567 2541 ait
1595 2507 1610 2541 :
1643 2487 1844 2560 Diliges
1879 2489 1990 2544 Do-

401 2565 605 2620 minum
626 2567 793 2622 Deum
816 2579 986 2637 tuum,
1003 2575 1245 2631 ostendit
1265 2593 1432 2632 unum
1457 2594 1580 2633 esse
1601 2579 1792 2646 Deum,
1817 2599 1986 2639 unum

399 2673 523 2714 esse
569 2657 888 2732 Dominum,
925 2675 980 2721 et
1023 2683 1132 2722 non
1170 2669 1362 2724 alium.
1398 2671 1528 2726 Item
1575 2673 1628 2728 in
1673 2671 1984 2750 Decalogo:

397 2748 687 2806 Dominum
713 2753 878 2810 Deum
909 2765 1055 2812 luum
1087 2759 1360 2829 adorabis,
1390 2773 1440 2817 et
1479 2752 1565 2819 illi
1613 2767 1714 2820 soli
1746 2748 1940 2825 servies
1967 2812 1986 2838 ,

2121 566 2214 617 καὶ
2247 564 2528 638 φιληδονίᾳ
2558 567 2651 621 τοῦ
2683 568 2800 640 βίου
2831 569 3044 633 τούτου,
3080 571 3177 624 καὶ
3215 573 3331 635 τοῖς
3367 572 3576 634 λοιποῖς
3603 574 3720 624 πά-

2120 659 2259 717 θεσι,
2293 659 2820 730 κατακυριευόμενος
2843 661 2934 712 ὑπ’
2955 660 3136 714 αὐτῶν
3163 677 3174 688 ·
3208 659 3575 714 κατεδούλωσε
3603 660 3718 732 γὰρ

2117 747 2302 811 αὐτοῖς
2354 749 2548 802 ἑαυτὸν
2596 748 2684 802 διὰ
2747 751 2847 819 τῆς
2892 750 3280 822 παραϐάσεως.
3345 751 3478 804 Τότε
3524 751 3717 804 λοιπὸν

2115 839 2327 911 ηὐξήθη
2374 841 2516 895 κατὰ
2552 841 2719 912 μέρος
2746 845 2779 912 ἡ
2814 842 2998 908 κακία,
3043 842 3137 896 καὶ
3169 841 3520 895 ἐϐασίλευσεν
3551 844 3579 894 6
3613 841 3716 895 Θά-

2114 949 2274 997 νατος
2295 951 2310 964 ·
2361 934 2597 1004 οὐδαμοῦ
2627 930 2696 1005 ἦν
2724 934 3024 1000 θεοσέὁεια,
3067 934 3344 1006 πανταχοῦ
3375 935 3432 987 δέ
3462 931 3718 1002 ἀγνωσία

2113 1023 2271 1090 Θεοῦ,
2299 1025 2466 1093 ὀλίγοι
2495 1026 2655 1091 τινὲς,
2689 1027 2763 1090 ὡς
2792 1023 2965 1094 εἷπον,
2991 1028 3040 1080 οἱ
3070 1027 3313 1098 Πατέρες
3341 1029 3402 1079 ἐκ
3426 1026 3518 1078 τοῦ
3550 1043 3718 1094 φυσι-

2113 1116 2212 1171 κοῦ
2250 1117 2417 1186 νόμου
2447 1117 2782 1186 κινούμενοι,
2819 1119 3118 1187 ἐγίνωσκον
3154 1118 3246 1170 τὸν
3276 1118 3408 1171 Θεόν
3433 1135 3450 1149 ο
3499 1112 3616 1179 οἷος
3643 1112 3716 1186 ἦν

2115 1210 2140 1262 ὁ
2174 1207 2448 1278 Ἀϐρααμ,
2484 1209 2582 1261 καὶ
2612 1211 2662 1262 οἱ
2688 1209 2865 1263 λοιποὶ
2894 1211 3250 1282 πατριάρχαι,
3283 1210 3377 1263 καὶ
3419 1209 3570 1271 Νῶε,
3615 1209 3716 1261 καὶ

2123 1299 2340 1366 Ἰακὼϐ,
2373 1301 2471 1353 καὶ⁹
2516 1299 2704 1364 ἁπλῶς
2733 1303 2907 1354 εἰπεῖν
2940 1302 3112 1370 ὀλίγοι
3161 1301 3306 1366 τινές
3340 1317 3352 1328 ·
3411 1302 3510 1355 καὶ
3560 1299 3712 1353 πάνυ

2111 1391 2330 1445 σπάνιοι
2371 1387 2513 1462 ἦσαν
2557 1394 2608 1446 οἱ
2654 1393 3012 1463 γινώσκοντες
3055 1392 3145 1460 τδν
3193 1391 3326 1444 Θεὸν
3356 1407 3369 1420 ·
3425 1391 3548 1443 τότε
3597 1391 3713 1460 γὰρ

2107 1482 2362 1554 ἥπλωσεν
2407 1485 2435 1536 6
2481 1484 2675 1555 ἐχθρὸς
2710 1486 2889 1538 πᾶσαν
2916 1484 3016 1555 τὴν
3045 1484 3248 1537 κακίαν
3273 1483 3460 1548 αὐτοῦ,
3513 1481 3713 1535 καθότι

2108 1575 2458 1630 ἐϐασίλευσεν
2489 1580 2520 1647 ἡ
2555 1577 2822 1648 ἁμαρτία,
2862 1577 2983 1630 τότε
3023 1575 3258 1648 ἤρξαντο
3286 1573 3708 1644 εἰδωλολατρία,

2107 1669 2389 1732 πολυθεϊα,
2421 1671 2666 1740 γοητεία,
2703 1672 2853 1739 φόνοι
2887 1671 2983 1724 καὶ
3011 1671 3044 1740 ἡ
3075 1669 3238 1739 λοιπὴ
3264 1669 3434 1721 κακία
3465 1666 3562 1719 τοῦ
3589 1667 3711 1720 δια-

2107 1762 2287 1816 δόλου.
2314 1762 2448 1816 Τότε
2478 1762 2664 1817 λοιπὸν
2688 1765 2715 1817 ὁ
2732 1763 2935 1832 ἀγαθὸς
2957 1761 3086 1826 Θεὸς
3116 1763 3345 1833 ἐλεήσας
3379 1761 3440 1813 τὸ
3471 1759 3711 1829 πλάσμα

2106 1853 2295 1919 αὐτοῦ,
2330 1854 2498 1908 ἔδωκε
2529 1854 2621 1908 τὸν
2651 1856 2898 1926 γραπτὸν
2925 1854 3089 1924 νόμον
3119 1853 3208 1907 διὰ
3237 1853 3483 1914 Μωσέως
3512 1867 3528 1881 ⁶
3572 1852 3637 1904 ἐν

2103 1946 2173 2001 τὰ
2203 1947 2301 2017 μὲν
2330 1947 2734 2018 ἀπηγόρευσεν,
2765 1947 2834 2001 τὰ
2869 1947 2925 2000 δὲ
2965 1947 3348 2018 διηγόρευσεν,
3375 1939 3487 1998 οἶόν
3519 1963 3573 1997 τι
3611 1943 3709 1997 λέο

2102 2054 2234 2107 γων·
2265 2038 2397 2092 Τόδε
2429 2040 2714 2109 ποιήσατε,
2745 2038 2863 2092 τόδε
2900 2039 2974 2110 μὴ
3006 2040 3290 2108 ποιήσατε.
3325 2037 3575 2090 Ἔδωκεν
3613 2038 3701 2089 ἐν·

2098 2131 2280 2201 τολὴν,
2309 2131 2404 2184 καὶ
2435 2131 2636 2194 εὐθέως
2659 2130 2805 2200 λέγει
2822 2145 2835 2158 '
2872 2130 3086 2198 Κύριος
3107 2133 3138 2183 ὁ
3162 2130 3307 2193 Θεός
3330 2144 3446 2183 σου
3475 2131 3705 2197 Κύριος

2097 2220 2185 2290 εἷς
2209 2223 2385 2277 ἐστιν
2405 2236 2419 2252 ⁸
2467 2223 2555 2276 ἵνα
2590 2223 2724 2286 τέως
2757 2222 3060 2293 ἀποστήσει
3087 2221 3178 2274 τὸν
3209 2221 3335 2274 νοῦν
3371 2219 3555 2272 αὐτῶν
3585 2221 3701 2273 ἀπὸ

2097 2316 2410 2379 πολυθεῖας.
2443 2317 2575 2382 Καὶ,
2619 2313 2983 2384 Ἀγαπήσεις
3009 2313 3231 2382 Κύριον
3252 2312 3361 2366 τὸν
3391 2315 3545 2366 Geor
3573 2327 3700 2367 σου

2093 2410 2164 2464 ἐν
2189 2409 2304 2477 ὅλῃ
2333 2406 2406 2476 τῇ
2429 2405 2604 2477 ψυχῇ
2637 2422 2774 2470 σου,
2805 2405 2904 2458 καὶ
2939 2405 3009 2459 ἐν
3041 2405 3154 2472 ὅλῃ
3176 2403 3250 2472 τῇ
3278 2405 3518 2472 διανοίᾳ
3549 2422 3695 2460 σου.

2093 2497 2375 2570 Πανταχοῦ
2407 2497 2666 2568 κηρύξεις
2696 2497 2779 2550 ὅτι
2810 2497 2838 2548 ὁ
2867 2495 2996 2560 Θεὸς
3023 2491 3101 2558 εἷς
3133 2499 3248 2549 ἐστι
3281 2497 3376 2548 καὶ
3405 2496 3507 2549 οὐκ
3540 2496 3695 2549 ἔστιν

2091 2593 2268 2658 ἄλλος.
2306 2590 2488 2645 Εἰπὼν
2520 2591 2651 2663 γὰρ,
2679 2590 2760 2644 ὅτι
2776 2588 3139 2658 Ἀγαπήσεις
3163 2589 3382 2656 Κύριον
3405 2590 3515 2641 τὸν
3537 2588 3694 2642 Θεόν

2089 2703 2228 2752 σου,
2254 2685 2453 2753 ἔδειξεν
2487 2687 2569 2739 ὅτι
2601 2686 2629 2738 ὁ
2654 2684 2784 2746 Θεὸς
2806 2679 2885 2746 εἷς
2916 2684 3052 2745 ἐστι,
3079 2683 3172 2736 καὶ
3199 2673 3280 2745 εἷς
3310 2671 3516 2753 Κύριός
3544 2683 3687 2736 ἐστι.

2089 2780 2202 2833 Καὶ
2237 2777 2396 2834 πάλιν
2427 2780 2507 2843 είς
2551 2778 2679 2842 τοὺς
2723 2775 3049 2845 δεκαλὸγους
3070 2792 3098 2807 ’ν
3131 2775 3354 2842 Κύριον
3396 2773 3509 2828 τὸν
3543 2776 3694 2828 θεόν·

397 2839 476 2896 illi
510 2844 812 2903 adhzerebis
833 2851 879 2902 ⁸.
915 2867 980 2904 ac
1005 2867 1097 2920 per
1129 2869 1316 2908 nomen
1345 2855 1491 2909 illius
1514 2855 1745 2926 jurabis.
1780 2859 1986 2919 Deinde

397 2934 679 3008 subjungit
711 2957 725 2993 :
761 2937 884 2994 Non
915 2952 1066 2997 erunt
1103 2945 1198 2998 tibi
1250 2947 1329 2999 dii
1368 2945 1554 3014 alieni,
1597 2966 1762 3021 neque
1812 2958 1982 3010 omnis

394 3023 690 3083 similitudo
734 3043 1054 3104 quascunque
1073 3045 1149 3091 est
1177 3052 1390 3092 sursum
1423 3040 1480 3093 in
1511 3039 1638 3096 caelo
1667 3051 1719 3097 et
1749 3044 1804 3098 in
1837 3053 1983 3101 terra

393 3115 638 3210 deorsum
653 3119 1121 3182 h.Venerabantur
1139 3129 1283 3184 enim
1303 3141 1584 3189 creaturas
1602 3150 1982 3210 quascunque.

2087 2888 2206 2927 σου
2238 2869 2729 2939 προσκυνήσεις,
2776 2869 2885 2923 καί
2909 2865 3068 2934 αὐτῷ
3105 2870 3269 2936 μόνῳ
3300 2868 3682 2934 λατρεύσεις,
3723 2919 3727 2921 ,

2087 2964 2186 3018 καί
2226 2963 2374 3032 πρὸς
2413 2962 2600 3017 αὑτὸν
2631 2961 3012 3028 κολληθήσῃ,
3053 2959 3152 3013 καὶ
3184 2957 3266 3024 τῷ
3295 2960 3540 3028 ὀνόματι
3567 2961 3683 3014 ab—

2084 3057 2192 3111 τοῦ
2230 3055 2346 3125 ὁμῇ
2371 3074 2384 3087 ·
2429 3054 2614 3108 λοιπὸν
2647 3053 2842 3120 ἐπάγει
2874 3053 2957 3118 τὸ,
2998 3053 3122 3106 Οὐκ
3148 3049 3400 3105 ἔσονταί
3431 3065 3530 3105 σοι
3555 3051 3684 3106 θεοὶ

2085 3148 2293 3218 ἕτεροι,
2327 3146 2473 3201 οὐδὲ
2510 3146 2738 3212 παντὸς
2769 3145 3032 3215 ὁμοίωμα
3061 3142 3180 3197 ὅσα
3222 3143 3293 3197 ἐν
3320 3139 3400 3207 τῷ
3442 3144 3682 3210 οὐρανῷ

2086 3239 2211 3295 ἅνω
2251 3238 2348 3293 καὶ
2384 3238 2502 3291 ὅσα
2548 3237 2647 3291 ἐπὶ
2686 3235 2798 3303 τῆς
2840 3234 2953 3307 τῆς
2995 3233 3175 3288 κάτω.
3240 3231 3527 3288 Ἑσὲϐοντο
3562 3233 3681 3302 γὰρ

2083 3332 2263 3387 πάντα
2293 3329 2362 3385 τὰ
2397 3329 2694 3400 κτίσματα.

2152 3441 2227 3497 B'.
2272 3444 2514 3496 Ἔδωκεν
2554 3437 2647 3494 οῦν
2689 3440 2780 3494 τὸν
2827 3440 2992 3512 νόμον
3034 3443 3062 3495 ὁ
3112 3441 3316 3509 ἀγαθός
3360 3439 3494 3503 Θεὸς
3535 3438 3674 3510 πρδς

2082 3534 2354 3607 βοήθειαν,
2392 3531 2528 3602 πρὸς
2559 3531 2916 3602 ἐπιστροφὴν,
2960 3533 3098 3604 πρὸς
3131 3533 3416 3602 διόρθωσιν
3444 3532 3540 3601 τῆς
3571 3549 3678 3584 κα-

2079 3627 2204 3690 κίας
2228 3645 2242 3659 ·
2292 3627 2387 3681 καὶ
2419 3628 2568 3698 ὅμως
2615 3625 2676 3677 οὐ
2710 3623 3014 3694 διωρθώθη.
3049 3623 3304 3694 Ἐπεμψε
3331 3676 3333 3678 ,
3359 3627 3670 3696 προφήτας,

2078 3718 2173 3774 καὶ
2198 3719 2307 3772 οὐδ’
2339 3718 2492 3772 αὐτοὶ
2517 3714 2879 3786 ἠδυνήθησαν.
2925 3715 3252 3787 ’Υπερίσχυε
3282 3715 3389 3786 γὰρ
3418 3716 3450 3786 ἡ
3475 3714 3670 3777 κακία»,

2074 3814 2151 3880 ὡς
2177 3815 2326 3883 λέγει
2363 3816 2390 3867 6
2421 3814 2670 3878 Ἡσαΐας,
2699 3809 2823 3864 οὔτε
2857 3809 3099 3882 τραῦμα,
3130 3810 3255 3865 οὔτε
3293 3811 3519 3882 μώλωψ,
3540 3809 3667 3863 οὔτε

2075 3906 2258 3978 πληγὴ
2291 3904 2702 3975 φλεγμαίνουσα
2725 3921 2738 3932 ·
2786 3903 2887 3956 οὐκ
2925 3901 3039 3956 ἐστι
3072 3903 3339 3973 μάλαγμα
3370 3903 3663 3966 ἐπιθεῖναι,

2073 3995 2197 4048 οὔτε
2222 3993 2421 4060 ἔλαιον,
2452 3993 2576 4046 οὔτε
2600 3993 2976 4062 καταδέσμους
3001 4009 3016 4023 ο
3054 3987 3164 4044 οἷον
3193 3994 3387 4055 εἰπεῖν,
3415 3992 3516 4044 οὐκ
3546 3991 3668 4044 ἐστι

2077 4087 2278 4158 μερικὴ
2306 4089 2340 4156 ἡ
2373 4087 2564 4152 κακία,
2613 4085 2733 4139 οὐδὲ
2767 4088 2825 4138 ἐν
2863 4085 2944 4137 ἐνὶ
2989 4084 3162 4154 τόπῳ,
3209 4083 3323 4137 ἀλλ’
3357 4087 3416 4136 ἐν
3449 4085 3553 4155 ὅλῳ
3580 4085 3664 4155 τῷ

2074 4181 2324 4251 σώματι’
2375 4179 2503 4248 ὃλην
2531 4178 2778 4248 περιέχει
2819 4175 2916 4244 τὴν
2945 4175 3158 4246 ψυχήνο
3202 4175 3328 4238 ὅλας
3366 4176 3464 4240 τὰς
3499 4176 3662 4229 δυνά-

383 4267 440 4314 et
466 4275 658 4318 omnes
697 4263 846 4320 illius
880 4271 1153 4336 potentias
1179 4285 1411 4342 occupat
1441 4293 1454 4329 :
1484 4277 1745 4332 nimirum
1781 4282 1966 4337 omnia

2097 4293 2196 4338 ιεις
2231 4275 2399 4344 αὐτῆς
2432 4274 2684 4343 συνέχει·
2735 4271 2835 4325 οὐκ
2875 4270 2991 4323 ἐστι
3030 4271 3298 4341 μάλαγμα
3346 4271 3616 4324 ἐπιθεῖναι
3644 4289 3659 4302 ·

379 4361 612 4420 peccato
647 4357 914 4424 serviunt,
962 4362 1146 4415 omnia
1196 4364 1264 4417 ab
1309 4381 1376 4419 eo
1411 4370 1624 4436 captiva
1666 4371 1963 4428 ducuntur.

2097 4365 2165 4418 παὶ
2194 4363 2262 4417 τὰ
2299 4363 2423 4432 ἑξῆς
2451 4379 2464 4392 °
2507 4362 2697 4424 οἱονεὶ,
2733 4361 2909 4414 πάντα
2936 4360 3256 4414 δεδούλωται
3289 4363 3354 4430 τῇ
3390 4361 3656 4432 ἁμαρτίᾳ,

378 4439 473 4493 Ait
502 4449 684 4496 autem
733 4453 788 4499 et
829 4444 1142 4527 Jeremias:
1174 4451 1436 4524 Babyloni
1460 4459 1655 4512 mederi
1678 4461 1960 4530 voluimus,

2097 4457 2250 4510 πάντα
2278 4456 2618 4528 κεκράτηται
2653 4454 2746 4507 ὑπ’
2786 4454 2975 4522 αὐτῆς.
3018 4452 3182 4520 Λέγει
3213 4454 3268 4506 δέ
3302 4456 3396 4507 καὶ
3426 4457 3454 4507 6
3495 4455 3661 4525 Ἱερε-

379 4546 473 4585 nec
504 4541 682 4588 tamen
712 4548 901 4592 curata
933 4549 1010 4593 est
1039 4539 1052 4590 i
1092 4559 1106 4597 :
1141 4544 1244 4599 hoc
1273 4556 1356 4602 est
1387 4565 1583 4605 nomen
1613 4561 1762 4607 tuum
1790 4555 1965 4609 mani-

2097 4548 2201 4611 ιίας
2220 4564 2234 4577 ο
2274 4520 2694 4615 Ἰαιίρεύσαμεν
2720 4542 2835 4611 τὴν
2859 4520 3190 4597 Βαϐυλῶνα
3219 4544 3316 4597 καί
3347 4547 3459 4597 οὐκ
3489 4520 3620 4640 [tida
3638 4560 3651 4571 '

379 4623 724 4694 festavimus,
748 4641 1021 4701 praecepta
1049 4644 1138 4690 tua
1166 4641 1642 4710 annuntiavimus,
1673 4645 1960 4711 beneﬁcia,

2097 4638 2206 4692 οὔτ’
2243 4636 2358 4691 ἔστι
2377 4655 2390 4668 ·
2423 4637 2497 4689 Τὸ
2533 4637 2703 4708 ὄνομά
2734 4654 2827 4690 σου
2845 4634 3292 4706 ἐφανερώσαμεν,
3312 4635 3408 4698 τὰς
3437 4625 3656 4700 ἐντολάς

376 4717 610 4785 monita,
647 4719 885 4777 hostium
915 4724 1260 4786 incursiones
1287 4730 1549 4804 Babyloni
1580 4737 1959 4806 praediximus,

2097 4750 2155 4784 ου
2183 4732 2610 4802 ἀνηγγείλαμεν,
2645 4730 2744 4795 τὰς
2791 4729 3132 4801 εὐεργεσίας,
3168 4730 3265 4792 τὰς
3296 4728 3652 4797 ἐπαγγελίας,

377 4823 478 4865 nec
504 4817 690 4869 tamen
721 4824 917 4871 sanata
943 4827 1060 4886 est;
1092 4820 1144 4876 id
1171 4831 1276 4886 est,
1319 4839 1664 4895 nequaquam
1695 4843 1814 4882 eam
1843 4846 1959 4899 poe-

2097 4825 2271 4895 χθρῶν
2311 4824 2707 4889 ἐπαναστάσεις
2741 4825 3338 4896 προεσημηνήσαμεν¹,
3369 4824 3461 4876 καὶ
3505 4823 3654 4892 ὅμως

374 4902 562 4984 nituit,
600 4920 710 4960 non
735 4907 936 4977 timuit,
970 4927 1080 4966 non
1110 4923 1195 4970 est
1218 4918 1288 4972 ab
1309 4917 1598 4987 iniquitate
1620 4935 1719 4976 sua
1743 4937 1954 4977 aversa.

2097 4919 2161 4971 ὐκ
2196 4919 2317 4990 ἰάθη
2346 4934 2359 4948 ·
2405 4916 2550 4971 τοῦτ’
2577 4917 2723 4970 ἔστιν
2753 4917 2812 4970 οὐ
2847 4918 3170 4988 μετενόησεν
3193 4957 3209 4978 ,
3254 4917 3353 4970 οὐκ
3388 4914 3646 4985 ἐφοὸήθη,

376 4991 850 5074 Quemadmodum
884 5009 939 5055 et
968 5001 1100 5058 alibi
1140 5006 1238 5071 ait,
1289 5008 1435 5078 quod
1479 5010 1820 5078 disciplinam
1853 5029 1955 5066 non

2097 5011 2164 5062 ὺκ
2191 5008 2526 5080 ἐπέστρεψεν
2569 5009 2675 5062 ἀπὸ
2710 5011 2812 5080 τῆς
2840 5009 3040 5072 κακίας
3076 5008 3269 5078 αὐτῆς.
3307 5007 3520 5078 ’Ὠσπερ
3552 5006 3650 5108 καὶζ

375 5099 608 5155 recepere
629 5087 678 5154 ιι,
731 5089 837 5146 hoc
879 5102 983 5159 est,
1023 5111 1133 5152 non
1161 5100 1581 5166 correctionem,
1615 5117 1724 5158 non
1751 5104 1955 5160 doctri-

2100 5102 2197 5156 λλὰ
2231 5102 2327 5174 χοῦ
2347 5105 2367 5133 ¹
2397 5101 2567 5171 λέγει,
2595 5102 2675 5154 ὅτι
2693 5103 2816 5155 Οὐκ
2840 5100 3125 5165 ἐδέξαντο
3154 5099 3435 5154 παιδείαν
3453 5117 3466 5129 ·
3501 5097 3647 5152 τοῦτ’

375 5189 520 5230 nam.
554 5175 621 5232 Et
645 5186 710 5233 ut.
739 5180 793 5235 in
825 5179 1046 5238 Psalmo
1072 5184 1206 5241 dicit
1234 5205 1246 5241 :
1285 5186 1506 5243 Omnem
1538 5206 1711 5246 escam
1746 5191 1950 5246 abomi-

2097 5213 2178 5249 στι
2202 5193 2507 5258 νουθεσίαν,
2533 5193 2904 5247 διδασκαλίαν.
2936 5194 3046 5246 Καὶ
3064 5195 3122 5246 ἐν
3149 5191 3229 5262 τῷ
3249 5191 3448 5262 ψαλμῷ
3469 5191 3642 5259 λέγει’

2063 5287 2193 5342 Πᾶν
2226 5287 2440 5357 ,βρῶμα
2471 5285 2837 5348 ἐϐδελύεατο
2865 5287 2902 5354 ἡ
2939 5285 3110 5355 ψυχὴ
3143 5285 3366 5351 αὐτῶν,
3405 5285 3502 5340 καὶ
3539 5283 3644 5352 ἤγ-

2065 5396 2243 5450 γισαν
2264 5378 2376 5446 ἕως
2403 5377 2523 5433 τῶν
2546 5376 2758 5432 πυλῶν
2777 5371 2884 5433 τοῦ
2907 5377 3186 5433 θανάτου.

2010 3181 2054 3240 G

462 3428 523 3483 ll.
566 3429 758 3496 Quare
782 3431 911 3488 data
959 3448 990 3488 a
1028 3434 1140 3492 Deo
1174 3438 1565 3499 misericordia
1601 3445 1688 3500 lex
1723 3447 1791 3500 ad
1823 3451 1978 3504 auxi-

391 3522 546 3590 lium,
584 3523 654 3577 ad
681 3525 1134 3593 conversionem,
1179 3529 1245 3583 ad
1291 3533 1687 3590 correctionem
1733 3540 1975 3607 pravita-

391 3615 500 3680 tis,
541 3629 643 3670 nec
675 3622 858 3671 tamen
892 3629 1140 3674 correcta
1186 3630 1289 3676 est.
1338 3623 1486 3680 Misit
1516 3628 1834 3698 pr0phetas,
1881 3633 1973 3688 sed

389 3720 492 3760 nec
526 3707 626 3774 ipsi
658 3709 958 3778 quidquam
992 3710 1310 3770 effecerunt.
1346 3714 1639 3774 Praevaluit
1676 3722 1822 3777 enim
1867 3724 1978 3777 ini-

387 3798 592 3870 quitas,
627 3809 687 3854 ut
713 3801 789 3856 ait
818 3802 987 3858 Isaias
1020 3807 1063 3872 ί,
1104 3824 1281 3878 neque
1311 3811 1554 3880 vulnus,
1605 3830 1784 3886 neque
1827 3817 1976 3873 cica-

389 3890 518 3957 trix,
553 3908 732 3963 neque
761 3896 1018 3953 tuberosa
1055 3901 1212 3972 plaga
1247 3905 1516 3976 malagma
1541 3949 1556 3973 ,
1610 3917 1706 3964 aut
1747 3912 1929 3967 oleum
1955 3956 1971 3980 ,

389 3990 487 4036 aut
521 3983 866 4054 alligationes
897 3990 1139 4047 admisit.
1175 3993 1364 4065 Neque
1405 3999 1676 4067 privatam
1714 4003 1968 4072 dixerim,

386 4072 550 4144 375
590 4083 683 4130 aut
714 4079 878 4136 unius
913 4080 1017 4137 loci
1049 4091 1253 4140 tantum
1294 4089 1614 4157 pravitatem
1649 4093 1827 4161 hanc,
1860 4099 1972 4152 sci-

387 4165 513 4220 licet
541 4183 663 4236 quae
684 4170 736 4224 in
772 4180 886 4227 toto
914 4189 1145 4245 corpore
1178 4187 1347 4234 totam
1380 4183 1686 4240 circumdat
1703 4188 1965 4256 animam,

375 5275 501 5326 nata
523 5277 600 5323 est
630 5272 810 5327 anima
847 5290 1049 5344 eorum,
1082 5286 1132 5332 et
1161 5280 1653 5352 appropinquarunt
1677 5282 1746 5337 ad
1767 5293 1949 5354 portus

374 5360 557 5414 mortis
589 5359 630 5416 1.

450 5541 679 5632 ξιιειιι.
721 5549 875 5632 γελι.
955 5549 1138 5606 ίίὺὶᾶ.
1190 5551 1244 5607 5.
1326 5555 1510 5612 sibid.
1570 5558 1655 5613 ιδ.
1734 5560 1760 5599 ιι
1797 5559 1952 5621 Deut.

2109 5565 2163 5632 8,
2248 5562 2468 5629 ilsa.t,
2516 5564 2568 5618 6.
2649 5563 2905 5619 tJercnt.
2967 5576 3025 5624 ιι,
3106 5561 3129 5600 ιε
3175 5561 3375 5618 Jerem.
3443 5577 3500 5617 ιι.
3549 5561 3633 5616 50:

2248 5562 2468 5629 ilsa.t,
2516 5564 2568 5618 6.
2649 5575 2662 5614 ι
2703 5563 2905 5619 Jercnt.
2967 5576 3025 5624 ιι,

379 5601 394 5643 ¹
433 5602 574 5666 i’sal.
598 5631 708 5681 cvr,
746 5601 835 5672 18.

471 5741 483 5769 ³
500 5769 631 5820 προε
640 5757 851 5824 μηνύσοι
861 5775 978 5828 μεν.
1056 5762 1076 5790 ¹
1129 5759 1380 5831 ἀλλαχοῦ.
