4020 6428
473 306 612 372 1623

1684 307 1746 365 S.
1780 303 2171 365 DURUTHEI
2204 303 2523 362 ABBATIS

3579 300 3676 366 162i

529 421 596 476 Υ.
636 418 794 475 Dedit
856 419 1019 491 igitur
1089 417 1245 472 nobis
1303 414 1444 470 Dens
1485 427 1772 486 prmcepta,
1820 425 1879 471 ut
1914 431 2052 487 prac-

2231 414 2305 469 E'.
2327 416 2568 469 Ἔδωκεν
2595 410 2689 468 οζν
2721 414 2872 485 ἡμῖν,
2895 412 2970 474 ὡς
3002 406 3176 475 εἷπον,
3204 407 3418 472 ἐντολὰς
3451 409 3679 482 tabum-3.

456 506 662 562 dictum
694 515 798 572 est,
824 522 946 576 quae
965 522 1063 562 nos
1088 504 1480 578 apassionihus
1512 504 1644 575 ipsis
1667 516 2050 577 expurgarent,

453 609 509 655 ct
543 613 575 653 a
607 599 789 669 pravis
823 596 1202 653 aﬂ‘ectionibus
1238 612 1359 666 qua:
1395 595 1600 651 homini
1633 595 1841 652 insunt.
1901 597 2055 667 lnge-

458 688 671 743 ncravit
713 688 860 744 enim
918 688 995 743 illi
1029 687 1418 743 discretionem
1446 687 1575 742 boni
1620 697 1670 743 et
1711 688 1862 753 mali,
1899 687 2051 744 exci-

455 782 591 836 tavit
613 796 770 849 eum;
826 781 1063 837 ostendit
1096 780 1170 833 illi
1219 796 1418 836 causas
1464 781 1608 835 unde
1664 781 1718 834 in
1765 789 2048 850 peccatum

457 875 751 941 laberetur,
781 882 836 928 et
871 873 976 927 ait:
1035 871 1324 928 Prohibuit
1352 873 1438 927 lex
1485 888 1551 927 ne
1601 873 1816 928 adulter
1858 887 2048 929 esses:

455 981 556 1037 ego
585 975 766 1021 autem
797 965 918 1020 dico
953 979 1131 1034 neque
1159 965 1541 1035 concupiscas.
1620 964 1814 1021 Docuit
1853 967 1940 1020 lex
1987 983 2054 1020 ne

457 1058 773 1114 occideres:
801 1071 902 1127 ego
925 1056 1047 1112 dico
1087 1073 1264 1127 neque
1288 1057 1547 1112 irascaris
1580 1067 1623 1111 τ.
1659 1056 1716 1112 Si
1747 1059 1893 1112 cnim
1919 1073 2054 1112 con-

459 1151 712 1220 cupiscas
751 1149 938 1216 hodie,
967 1157 1022 1203 et
1075 1149 1119 1203 si
1179 1148 1510 1204 adulterium
1565 1163 1676 1208 non
1732 1159 2049 1222 perpetres:

456 1257 565 1296 non
597 1251 774 1298 tamen
792 1242 1025 1298 interius
1045 1253 1096 1319 te
1117 1241 1333 1298 desistit
1361 1241 1641 1312 exagitare
1659 1243 2054 1312 concupiscen-

459 1335 552 1398 tia,
586 1332 762 1390 donec
791 1333 860 1390 ad
895 1343 1085 1389 actum-
1107 1335 1455 1404 pertraxerit.
1495 1333 1550 1387 Si
1577 1343 1759 1389 autem
1798 1333 2056 1389 irascaris

459 1437 620 1496 teque
653 1427 831 1496 ipsum
855 1442 1080 1482 moveas
1122 1426 1387 1482 adversus
1434 1424 1658 1480 fratrem
1697 1435 1880 1492 tuum,
1927 1442 2063 1484 cum.

453 1519 568 1589 jam
613 1533 677 1574 eo
708 1534 885 1589 usque
911 1519 1225 1589 perveneris
1265 1530 1322 1574 ut
1381 1519 1485 1590 ipsi
1532 1519 1812 1580 detrahas,
1860 1519 2055 1579 deinde

460 1619 521 1666 ut
560 1625 722 1681 pares
753 1609 1024 1666 insidias:
1079 1611 1290 1666 sensim,
1317 1611 1532 1665 tandem
1574 1610 1838 1679 procedes
1880 1625 2054 1676 usque

461 1700 529 1756 ad
555 1680 756 1756 caedem
790 1712 837 1754 ⁸.
890 1699 1130 1756 Rursum
1157 1701 1238 1755 lex
1266 1702 1377 1754 ait:
1427 1699 1655 1754 Oculum
1711 1716 1808 1770 pro
1877 1701 2052 1763 oculo,
2093 1680 2133 1734 Β

460 1792 669 1847 dentem
705 1809 798 1859 pro
819 1793 970 1846 dente
999 1794 1041 1858 ',
1077 1799 1132 1846 et
1174 1808 1296 1860 qua:
1338 1801 1659 1860 sequuntur.
1727 1793 1842 1861 Ipse
1872 1802 2054 1846 autem

465 1899 565 1940 nos
591 1885 871 1949 admonet,
891 1898 998 1937 non
1033 1883 1210 1938 solum
1245 1882 1526 1952 suscipere
1552 1882 1822 1952 patienter
1840 1883 2055 1954 plagam

463 1974 724 2030 credentis
777 1989 920 2030 nos:
969 1973 1062 2028 sed
1117 1972 1283 2028 etiam
1331 1972 1557 2027 alteram
1583 1987 1708 2032 cum
1746 1972 2059 2028 humilitate

465 2067 746 2122 maxillam
776 2067 1072 2137 porrigere.
1138 2064 1188 2120 ls
1235 2067 1380 2121 enim
1428 2065 1562 2137 legis
1604 2065 1730 2121 linis
1751 2074 1883 2120 tunc
1917 2076 2055 2131 erat,

465 2157 684 2212 erudire
706 2171 808 2213 nos
844 2176 858 2212 :
895 2157 1051 2212 alteri
1098 2172 1205 2211 non
1267 2155 1469 2224 facere,
1498 2156 1645 2227 quod
1695 2157 1804 2227 pati
1840 2157 1944 2228 ipsi
1990 2157 2060 2211 ab

466 2253 641 2307 altero
673 2251 967 2308 nollemus.
1001 2251 1200 2324 Sicque
1231 2269 1261 2309 a
1292 2251 1452 2307 nobis
1483 2251 1770 2308 malefacta
1803 2251 2056 2316 abscidit,

469 2353 616 2398 metu
659 2345 904 2400 talionis.
958 2343 1084 2400 llaec
1137 2359 1279 2399 nova
1325 2346 1557 2415 quaestio
1605 2354 1710 2412 est,
1738 2345 2062 2400 abscindere

468 2436 648 2504 ipsum
673 2437 878 2502 odium,
916 2437 1091 2507 ipsam
1120 2438 1474 2507 voluptatem,
1507 2437 1682 2507 ipsam
1705 2437 2059 2492 ambitionem

467 2536 522 2583 ct
551 2529 770 2584 inanem
802 2530 1415 2603 gloriam,caeterasq_ue
1447 2545 1639 2586 omnes
1671 2531 1977 2599 passiones.

539 2812 707 2886 376
743 2813 830 2872 Vl.
870 2815 1099 2872 Fuithie
1115 2815 1330 2873 Domini
1360 2818 1534 2874 nosni
1555 2817 1682 2875 Jesu
1711 2819 1916 2876 Christi
1942 2836 2064 2876 sco-

469 2921 574 2975 pus
598 2916 655 2962 ut
682 2922 780 2964 nos
802 2907 1054 2966 edoceret
1076 2926 1175 2966 cur
1200 2911 1255 2965 in
1285 2910 1662 2982 hujuscemodi
1686 2925 1904 2984 peccata
1926 2916 2061 2986 lapsi

474 3014 724 3055 essemus
761 3019 774 3055 :
803 3017 901 3056 cur
939 3003 991 3057 in
1027 3013 1134 3057 tam
1165 3004 1308 3060 mala
1337 3012 1393 3058 et
1426 3005 1615 3076 iniqua
1643 3016 1885 3076 tempora
1918 3008 2061 3064 inci-

469 3092 765 3149 dissemus.
808 3092 1276 3167 Primumigitur,
1309 3105 1376 3153 ut.
1395 3098 1595 3168 saepius
1629 3101 1920 3170 repetitum
1960 3110 2063 3165 est,

469 3200 567 3254 per
602 3201 822 3241 sacrum
857 3185 1130 3257 baptisma
1165 3205 1269 3245 nos.
1307 3189 1582 3258 liberavit,
1618 3191 1754 3247 dans
1788 3192 1948 3248 nobis
1978 3207 2067 3247 rc-

472 3277 797 3337 missionem.
829 3289 1177 3350 peccatorum
1225 3283 1474 3338 omnium
1514 3302 1527 3338 :
1569 3283 1707 3340 dans
1737 3293 2063 3356 potestatem

470 3383 577 3438 qua
607 3371 830 3440 Operari
846 3371 1052 3427 bonum
1097 3389 1388 3444 possemus
1418 3376 1462 3431 si
1501 3377 1803 3434 vellemus:
1850 3393 1918 3432 ne
1946 3393 2068 3447 per-

473 3461 615 3517 trahi
655 3465 724 3519 ad
759 3475 1044 3535 peccatum
1077 3468 1342 3536 nolentes,
1375 3471 1525 3525 utita
1553 3471 1754 3536 dicam,
1776 3484 2068 3538 possemus

473 3555 583 3611 ulla
642 3556 716 3612 vi.
773 3557 1120 3627 Aggravatur
1170 3560 1316 3614 enim
1354 3569 1410 3616 et
1436 3561 1671 3617 trahitur
1701 3561 1795 3630 qui
1846 3569 2069 3632 peccato

471 3647 745 3712 servierit,
781 3656 845 3702 ut
889 3647 1128 3705 dicitur:
1198 3650 1444 3706 Funibus
1483 3661 1821 3722 peccatorum
1851 3668 2069 3706 suarum

473 3741 831 3812 unusquisque
871 3744 1257 3815 constringitur
1284 3753 1336 3799 ιι.
1393 3745 1560 3802 Docet
1612 3760 1713 3802 nos
1737 3745 1937 3801 exinde
1973 3761 2071 3817 per

474 3847 632 3888 sacra
684 3841 975 3904 praecepta,
1029 3833 1494 3903 quemadmodum
1542 3851 1913 3908 expurgemur
1947 3853 2070 3893 om-

476 3925 608 3984 nino
639 3940 668 3980 a
692 3927 1067 3996 passionibns,
1103 3945 1204 3984 nec
1227 3931 1468 4001 peccatis
1494 3945 1721 3986 rursum
1758 3931 2068 3986 illabamur.

478 4015 680 4074 Ultimo
712 4027 768 4074 et
792 4034 1018 4076 causam
1079 4021 1277 4092 aperit,
1317 4038 1416 4077 cur
1441 4023 1568 4093 quis
1597 4023 1652 4077 in
1695 4031 2068 4092 contemptum

474 4119 532 4166 et
587 4111 1017 4168 inobedientiam
1051 4115 1437 4171 mandatorum
1469 4117 1783 4172 divinorum
1826 4117 2067 4172 incidat:

476 4209 531 4255 et
594 4201 696 4258 hac
737 4203 802 4256 in.
848 4220 908 4259 re
948 4220 1172 4275 quoque
1223 4207 1385 4264 nobis
1442 4215 1664 4277 praestat
1716 4208 2069 4273 medicinam,

479 4304 540 4350 ut
588 4311 779 4365 parere
821 4297 1098 4366 possimus
1132 4306 1190 4354 et
1239 4300 1376 4356 salvi
1415 4315 1564 4356 esse.
1617 4300 1752 4367 Quae
1776 4302 1943 4372 igitur
1988 4309 2073 4358 est

2159 527 2256 571 σας
2296 509 2392 564 καὶ
2441 509 2537 562 ἀπ’
2584 507 2766 561 αὐτῶν
2805 505 2913 560 τῶν
2951 503 3148 558 παθῶν-
3187 502 3368 574 ἡμῶν,
3417 502 3576 557 αὐτῶν
3605 508 3686 561 τῶν

2161 603 2346 656 κακῶν
2375 604 2672 658 διαθέσεων
2703 603 2796 656 τοῦ
2843 603 2995 666 ἐντὸς
3027 598 3320 672 ἀνθρώπου
3359 597 3522 667 ἡμῶν.
3545 600 3687 671 Παρα-

2161 694 2373 764 πέμπει
2414 695 2524 767 γὰρ
2566 694 2718 764 αὐτῷ
2760 693 2857 764 τὴν
2881 693 3157 762 διάκρισιν
3189 688 3288 743 τοῦ
3315 685 3476 742 καλοῦ
3507 689 3586 742 καὶ
3621 692 3690 744 τοῦ

2159 786 2360 853 κακοῦ,
2411 787 2692 851 ὲξυπνίξει
2734 785 2895 839 αύτὸν
2921 826 2935 850 ,
2990 781 3228 837 δεικνύει
3258 779 3405 850 αὐτῷ
3435 778 3694 844 τάςάίτίας

2157 880 2280 934 ὅθεν
2305 881 2522 950 ἔρχεται
2547 882 2626 944 είς
2651 880 2713 932 re
2739 877 3076 951 ἁμαρτάνειν
3104 893 3126 906 ·-
3152 874 3251 928 καὶ
3279 872 3426 940 λέγει
3450 889 3464 902 ο
3502 872 3554 925 '0
3575 873 3697 940 νόμος

2159 965 2301 1024 εἴπεο
2318 971 2417 1038 Μὴ
2435 971 2792 1040 μοιχεύσῃς
2817 969 2927 1038 ἐγὼ
2951 966 3008 1022 δὲ
3031 966 3196 1035 λέγον
3222 962 3373 1033 Μηδὲ
3390 961 3700 1033 ἐπιθυμήσῃς.

2169 1063 2228 1116 '0
2262 1064 2427 1134 νόμος
2457 1060 2596 1116 εἷπε·
2617 1063 2714 1131 Μὴ
2743 1060 3076 1131 φονεύσῃςο
3107 1057 3221 1126 ἐγὼ
3245 1056 3303 1109 δὲ
3323 1055 3481 1123 λέγω·
3495 1054 3702 1125 Μήτεόρ-

2155 1159 2375 1231 γισθῇς.
2431 1159 2558 1213 Ἐὰν
2593 1158 2702 1230 γὰρ
2724 1156 3094 1229 ἐπιθυμήσῃς,
3122 1152 3226 1206 κᾶν
3255 1151 3492 1222 σήμερον
3522 1149 3586 1220 μὴ
3618 1167 3704 1219 μοι·

2158 1255 2381 1324 χεύσῃς,
2412 1252 2526 1306 ἀλλ’
2559 1252 2618 1304 ού
2654 1251 2919 1305 παύσεται
2948 1247 3148 1301 ἔσωθεν
3171 1242 3411 1316 όχλοῦσα
3435 1244 3468 1311 ἡ
3501 1240 3709 1310 ἐπιθυμία

2157 1346 2261 1409 ἕως
2291 1339 2351 1400 οὗ
2383 1343 2547 1416 ῥίψῃς
2573 1360 2632 1396 σε
2665 1344 2760 1396 καὶ
2791 1345 2871 1404 είς
2913 1341 3012 1412 τὴν
3047 1337 3355 1409 ἐνέργειαν.
3401 1332 3521 1385 Ἐὰν
3551 1332 3710 1402 θυμοῦ.

2159 1455 2248 1490 σαι
2285 1437 2377 1491 καὶ
2410 1434 2664 1508 ἐρεθίζῃς
2692 1433 2917 1488 σεαυτὸν
2945 1430 3089 1484 κατὰ
3121 1427 3218 1482 τοῦ
3248 1423 3481 1495 ἀδελφοῦ
3515 1425 3708 1488 σου,ὄτε

2157 1529 2219 1598 δή
2252 1545 2383 1580 ποτε
2414 1527 2718 1600 ἐμπίπτῃς,
2759 1526 2852 1578 καὶ
2881 1525 2964 1587 εἰς
3000 1523 3061 1576 τὸ
3090 1519 3494 1588 καταλαλῆσαι,
3533 1511 3633 1568 εἶτα
3656 1517 3710 1579 είς

2160 1617 2222 1670 τὸ
2252 1616 2637 1671 ἐπιϐουλεῦσαι
2681 1632 2695 1646 ·
2747 1615 2843 1669 καὶ
2864 1613 3008 1666 ο⁹ύτω
3051 1609 3368 1682 προϐαίνων
3400 1605 3546 1658 κατὰ·
3569 1603 3715 1674 μικτὴν

2159 1708 2294 1780 ἔρχῃ
2318 1708 2502 1761 λοιπὸν
2529 1708 2624 1761 καὶ
2651 1707 2732 1771 είς
2753 1705 2813 1759 τὸ
2833 1703 2994 1775 φονεῦ
3005 1720 3114 1756 σαι.
3142 1700 3318 1754 Πάλιν
3338 1700 3367 1752 ὁ
3394 1697 3554 1765 νόμος
3575 1694 3712 1762 λέγει·

2173 1800 2522 1870 Ὀφθαλμὸν
2581 1799 2717 1854 ἀντὶ
2785 1793 3120 1866 ὀφθαλμοῦ,
3181 1789 3284 1846 καὶ
3343 1788 3563 1842 ὀδόντα
3619 1786 3713 1838 ἀντὶ

2161 1891 2410 1958 ὀδόντος
2435 1908 2450 1921 ο
2483 1891 2576 1945 καὶ
2607 1889 2677 1944 τά
2725 1887 2874 1958 ἑξῆς.
2909 1885 3082 1948 Αὐτὸς
3121 1883 3180 1936 δὲ
3213 1881 3478 1952 παραινεῖ
3502 1878 3574 1950 μὴ
3604 1876 3710 1947 μόνω

2159 1982 2414 2055 δέχεσθαι
2457 1981 2598 2052 μετὰ
2653 1977 3041 2052 μακροθυμίας
3091 1974 3192 2047 τὴν
3235 1971 3456 2043 πληγὴν
3485 1969 3574 2023 τοῦ
3605 1970 3716 2038 ῥαπί-

2161 2074 2349 2139 ζοντος
2391 2074 2570 2144 ἡμᾶς,
2607 2070 2746 2124 ἀλλὰ
2774 2068 2871 2123 καὶ⁹
2899 2067 2999 2138 τὴν
3024 2064 3193 2135 ἄλλην
3224 2061 3462 2130 σιαγόνα
3514 2057 3719 2130 στρέφειν

2161 2165 2314 2238 αὐτῷ
2346 2163 2486 2236 μετὰ
2514 2161 2925 2224 ταπεινώσεως.
2969 2157 3105 2210 Τότε
3138 2155 3249 2227 γὰρ
3284 2153 3314 2206 ὁ
3346 2151 3548 2214 σκοπὸς
3577 2145 3722 2219 ἦν-τοῦ

2163 2261 2354 2331 νόμου,
2394 2256 2603 2321 διδάξαι
2645 2254 2796 2325 ἡμᾶς
2845 2250 2940 2306 τοῦ
2979 2250 3053 2322 μὴ
3104 2251 3282 2302 ποιεῖν
3315 2247 3352 2300 ἂ
3408 2245 3484 2317 μὴ
3529 2243 3725 2313 θέλωμεν

2163 2351 2376 2406 παθεῖν.
2425 2348 2752 2402 Ἀνέκοπτεν
2772 2340 2865 2399 οὗν
2892 2343 3046 2414 ἡμᾶς
3083 2339 3179 2394 τοῦ
3233 2341 3418 2392 ποιεῖν
3468 2336 3532 2390 τὺ
3573 2335 3725 2393 κακὸν.

2163 2442 2251 2498 διὰ
2292 2441 2383 2496 τὸν
2409 2440 2573 2509 φόϐον
2605 2437 2700 2492 τοῦ
2741 2437 2818 2510 μὴ
2865 2434 3079 2488 παθεῖν.
3117 2433 3285 2502 ΙἌρτι
3328 2431 3394 2484 τὸ
3439 2427 3729 2499 ζητούμενόν

2163 2535 2334 2600 ἐστιν,
2363 2533 2439 2597 ὡς
2493 2531 2667 2595 εἶπον,
2695 2528 2948 2584 ἐκϐαλεῖν
2981 2523 3131 2594 αὐτῷ
3151 2523 3214 2577 τὸ
3250 2526 3436 2595 μῖσος,
3465 2521 3628 2591 αὐτὴν
3656 2520 3730 2588 τὴν

2165 2625 2518 2699 φιληδονίαν,
2571 2621 2742 2694 αὐτὴν
2793 2620 2894 2692 τὴν
2948 2616 3292 2688 φιλοδοξίανο
3350 2614 3450 2667 καὶ
3499 2611 3566 2666 τὰ
3602 2607 3732 2662 λοιπὰ

2167 2719 2336 2790 πάθη.

2239 2828 2332 2899 (τ’.
2365 2827 2596 2893 Σκοπὸς,
2644 2821 2800 2880 εἷπον
2823 2821 3034 2897 ἁπλῶς,
3069 2821 3196 2892 ἄρτι
3229 2819 3313 2890 τῷ
3341 2816 3584 2888 Δεσπότῃ
3607 2812 3733 2885 ἡμῶν

2168 2900 2411 2996 Χριστῷ,
2452 2919 2660 2986 διδάξαι
2713 2919 2861 2990 ἡμᾶς
2913 2915 3079 2969 πόθεν
3123 2912 3369 2984 ἤλθομεν
3396 2910 3478 2973 είς
3519 2908 3636 2970 ὅλας
3661 2906 3739 2965 τὰς

2095 3043 2137 3103 c
2172 3013 2447 3087 ἁμαρτίας
2503 3011 2707 3074 ταύτας
2760 3027 2774 3041 °
2811 3008 2974 3062 πόθεν
3021 3006 3371 3103 ἐνεπέσαμεν
3397 3004 3477 3066 εἰς
3519 2999 3636 3103 ὅλας
3659 2997 3737 3103 τὰς

2171 3107 2346 3170 κακὰς
2378 3104 2614 3178 ἡμέρας.
2645 3102 2874 3174 Πρῶτον
2911 3101 3010 3170 μὲν
3043 3094 3138 3153 οὖν
3169 3096 3554 3168 ἠλευθέρωσεν
3579 3090 3737 3162 ἡμᾶς,

2167 3201 2244 3265 ὡς
2275 3201 2376 3272 ἤδη
2403 3195 2578 3262 εἷπον,
2609 3196 2697 3251 διὰ
2723 3195 2819 3249 τοῦ
2862 3194 3019 3264 ἁγίου
3047 3192 3452 3262 βαπτίσματος,
3494 3187 3610 3248 δοὺς
3632 3182 3741 3252 ἡμῖν

2169 3294 2269 3366 τὴν
2289 3293 2484 3361 ἄφεσιν
2518 3289 2627 3344 τῶν
2656 3288 2944 3360 ἁμαρτιῶν
2973 3305 2986 3320 ·
3023 3285 3117 3340 καὶ
3143 3285 3348 3338 ἔδωκεν
3371 3284 3502 3353 ἡμῖν
3528 3274 3744 3345 ἐξουσίαν

2172 3387 2349 3440 ποιεῖν
2383 3384 2444 3437 τὸ
2477 3381 2670 3446 καλὸν,
2695 3380 2790 3436 ἐὰν
2815 3379 3060 3450 θέλωμεν
3079 3395 3092 3407 ’
3123 3376 3217 3431 καὶ⁵
3241 3375 3445 3446 μηκέτι
3478 3367 3708 3424 ἕλκεσθαι
3729 3405 3741 3428 ,

2171 3479 2247 3542 ὡς
2281 3477 2346 3532 ἂν
2393 3475 2539 3528 εἴποι
2582 3492 2685 3538 τις,
2735 3471 2875 3544 μετὰ
2919 3471 3038 3542 βίας
3099 3471 3178 3534 είς
3207 3468 3269 3522 τὸ
3296 3465 3488 3521 κακόν.
3553 3463 3606 3516 '0
3657 3459 3746 3528 γὰρ

2170 3568 2569 3639 δεδουλωμένος
2613 3564 2908 3637 ἁμαρτίας,
2971 3563 3220 3633 βαρεῐται
3269 3559 3370 3614 καὶ
3421 3557 3632 3610 ἕλκεται
3668 3549 3744 3604 ὑπ’

2172 3662 2354 3716 αὐτῶν
2381 3679 2394 3692 ·
2428 3658 2614 3723 καθὼς
2645 3656 2820 3720 λέγει·
2848 3653 3080 3724 Σειραῖς
3104 3652 3173 3706 δὲ
3197 3652 3319 3706 τῶν
3341 3648 3559 3704 ἑαυτοῦ
3585 3648 3744 3714 ἁμαρ·

2173 3749 2316 3805 τεῶν
2357 3749 2617 3814 ἕκαστος
2660 3746 2997 3814 σφίγγεται.
3047 3738 3180 3795 Εἶτα
3219 3740 3467 3794 διδάσκει
3497 3734 3636 3807 ἡμᾶς
3675 3729 3749 3783 διὰ

2172 3840 2284 3895 τῶν
2317 3839 2490 3908 ἁγίων
2519 3835 2751 3891 ἐντολῶν
2786 3835 2904 3897 πῶς
2933 3831 3277 3903 καθαρθῆναι
3312 3829 3410 3882 καὶ
3457 3827 3549 3880 ἀπ’
3591 3818 3748 3876 αὐτῶν

2173 3933 2283 3988 τῶν
2321 3932 2534 3996 παθῶν,
2583 3931 2668 3984 ἵνα
2721 3927 2796 4000 μὴ
2845 3925 2935 3981 διὰ
2974 3923 3180 3978 τούτων
3226 3922 3396 3976 πάλιν
3441 3920 3552 3981 τοῖς
3587 3913 3749 3973 αὐτοῖς

2175 4025 2542 4096 ἁμαρτήμασι
2567 4020 3014 4091 περιπίπτωμεν.
3034 4014 3238 4070 Λοιπὸν
3259 4012 3498 4066 δεικνύει
3520 4010 3646 4080 ἡμῖν
3665 4004 3749 4096 τῂν

2175 4093 2355 4171 αίτίαν
2383 4093 2505 4169 ὅθεν
2536 4112 2758 4184 ἔρχεται
2797 4113 2878 4183 εἰς
2915 4107 3329 4177 καταφρόνησιν
3359 4102 3458 4158 καὶ¹
3489 4093 3750 4170 παρακοὴν

2177 4209 2271 4264 καὶ
2299 4207 2480 4262 αὐτῶν
2525 4205 2632 4258 τῶν
2665 4201 2898 4258 ἐντολῶν
2927 4199 3021 4255 τοῦ
3055 4197 3191 4252 Θεοῦ
3221 4217 3231 4229 ο
3267 4196 3364 4250 καὶ
3395 4193 3568 4256 οὕτως
3627 4203 3751 4258 παρ-

2177 4301 2293 4372 έχει
2339 4301 2472 4370 ἡμῖν
2521 4297 2616 4351 καὶ
2644 4296 2848 4365 ταύτης
2879 4292 2978 4362 τὴν
3023 4290 3287 4361 ἰατρείαν,
3331 4288 3420 4341 ἵνα
3458 4279 3753 4372 δυνηθῶμεν

477 4385 596 4440 haec
617 4387 909 4452 medicina,
927 4403 1050 4456 qua:
1067 4403 1233 4444 causa
1254 4393 1638 4462 contemptus?
1663 4371 1861 4448 Audite
1890 4394 2060 4463 ipsum

2179 4371 2488 4448 ὑπακοῦσαι
2526 4389 2618 4444 καὶ
2651 4386 2911 4456 σωθῆναι.
2954 4385 3018 4437 Τί
3048 4377 3144 4436 οὖν
3171 4383 3320 4434 ἐστιν
3354 4378 3495 4448 α’ύτη
3528 4371 3750 4463 ἰατρεία,

478 4476 767 4533 Dominum
794 4479 1139 4548 eloquentem
1165 4500 1182 4535 :
1228 4481 1434 4536 Discite
1461 4500 1493 4536 a
1517 4499 1598 4537 me
1613 4484 1741 4552 quia
1773 4484 1917 4538 mitis
1952 4501 2069 4539 sum

467 4577 526 4624 'et
587 4569 802 4626 humilis
853 4572 1048 4636 corde;
1115 4581 1166 4626 et
1205 4574 1478 4628 invenietis
1509 4577 1742 4646 requiem
1791 4577 2071 4630 animabus

472 4657 665 4717 uestris
691 4670 743 4718 ν.
813 4662 882 4718 Ει
906 4665 1184 4734 quomodo
1220 4667 1386 4722 unico
1419 4669 1586 4724 verbo
1615 4669 1854 4724 ostendit
1913 4670 2073 4724 nobis

474 4751 720 4810 radicem
757 4761 814 4809 et
837 4769 1059 4811 causam
1123 4758 1392 4815 malorum
1413 4761 1691 4816 omnium:
1744 4761 2069 4817 medicinam

470 4847 611 4903 item
641 4846 913 4903 bonorum
969 4849 1236 4905 omnium.
1290 4852 1523 4922 Aperuit
1545 4854 1689 4924 quod
1722 4870 1826 4909 nos
1873 4855 2072 4925 dejecit

479 4938 644 4995 elatio
689 4956 704 4990 :
745 4939 1003 5010 quodque
1030 4941 1229 4996 salvari
1262 4942 1424 4998 aliter
1457 4959 1567 4999 non
1595 4959 1888 5013 possumus
1903 4962 2068 5016 quam

481 5043 576 5097 per
627 5029 964 5099 oppositum,
1026 5030 1174 5100 quod
1229 5039 1315 5086 est
1368 5033 1683 5088 humilitas:
1727 5035 1892 5091 elatio
1921 5037 2069 5091 enim

480 5128 855 5191 contemptum
875 5121 1036 5191 parit,
1059 5122 1470 5191 etperditricem
1493 5124 1737 5178 omnium
1755 5136 2068 5182 nostrorum

481 5210 940 5267 inobedientiam:
991 5213 1456 5284 quemadmodum
1503 5223 1558 5270 et
1603 5215 1886 5272 humilitas
1929 5219 2072 5288 parit

484 5303 850 5358 obedientiam
892 5313 946 5360 et
1001 5306 1229 5362 salutem
1279 5309 1612 5363 animarum.
1687 5307 1840 5364 [lane
1889 5320 2070 5364 autem

485 5393 608 5450 dico
656 5396 1044 5463 humilitatem,
1089 5415 1197 5455 non
1254 5416 1377 5471 quae
1409 5400 1462 5456 in
1499 5417 1751 5458 sermone
1786 5411 1948 5472 atquc
1979 5402 2079 5455 ha-

564 5578 581 5603 ’
613 5574 800 5631 Matth.
834 5595 886 5644 γ,
919 5580 1006 5644 ΞἹ,
1050 5580 1136 5633 “2.9.

618 5777 676 5811 rx:
690 5778 706 5788 ο
759 5783 780 5811 ’.λ

1222 5593 1240 5619 ³
1283 5581 1390 5634 ibid
1418 5582 1539 5636 .‘l‘l.
1623 5586 1636 5616 ί
1679 5580 1808 5634 ἰὺίλι.
1869 5582 1957 5636 53.
2014 5581 2105 5636 59.
2143 5594 2166 5618 ἰ
2191 5578 2358 5633 Prov.
2410 5595 2459 5640 ν,
2495 5577 2584 5630 22.

2180 4483 2276 4536 καὶ
2329 4480 2422 4544 τίς,
2453 4481 2486 4549 ἡ
2521 4476 2671 4534 αἰτία
2703 4475 2802 4544 τῆς
2843 4472 3304 4544 καταφρονήσεως
3335 4485 3352 4536 ;
3397 4465 3680 4520 ’Δκούσατε
3710 4457 3752 4509 τί

2179 4572 2329 4641 λέγει
2360 4571 2525 4634 αὐτὸς
2565 4570 2594 4621 ὁ
2621 4565 2830 4637 Κύριος
2865 4565 3023 4636 ἡμῶν
3060 4581 3073 4595 ο
3111 4561 3345 4618 Μὰθετε
3374 4559 3476 4615 ἀπ’
3508 4554 3647 4626 ἐμοῦ
3677 4550 3753 4604 ὅτι

2180 4663 2367 4734 πρᾶός
2403 4665 2520 4731 εἰμι
2549 4663 2650 4716 καὶ
2685 4656 2967 4723 ταπεινὸς
2991 4655 3065 4724 τῇ
3090 4653 3327 4722 καρδίᾳ,
3359 4651 3459 4705 καὶ
3481 4645 3752 4734 εὑρήσετε

2178 4732 2533 4813 ὰκάπαυσιν
2560 4754 2690 4819 ταῖς
2714 4749 2943 4822 ψυχαῖς
2964 4746 3151 4818 ὑμῶν.
3201 4744 3333 4798 Ἰδοὺ
3360 4737 3464 4797 ὦδε
3495 4743 3551 4793 ὲν
3584 4732 3749 4790 συντό-

2184 4867 2269 4921 μῳ
2288 4848 2355 4902 δι’
2386 4847 2506 4910 ἑνὸς
2529 4846 2708 4914 λόγου,
2738 4843 2974 4907 ἐδίδαξεν
2996 4841 3144 4911 ἡμᾶς
3162 4838 3261 4909 τὴν
3295 4837 3453 4908 ῥίζαν
3476 4831 3568 4888 καὶ
3590 4827 3749 4883 αἰτίαν

2181 4942 2397 4996 πάντων
2431 4941 2540 4992 τῶν
2571 4936 2778 5000 κακῶν,
2808 4935 2901 4990 καὶ
2925 4933 3022 5005 τὴν
3051 4931 3294 5003 ἰατρείαν
3321 4929 3491 4998 αὐτῆς
3512 4925 3532 4957 ⁸
3553 4921 3747 4976 πάντων

2178 5034 2286 5087 τῶν
2311 5031 2555 5100 ἀγαθῶν,
2591 5028 2793 5095 ἔδειξεν
2815 5027 2954 5096 ὄτιὴ
2987 5025 3222 5095 ἔπαρσις
3251 5019 3548 5074 κατέϐαλεν
3579 5011 3712 5088 ἡμᾶς
3733 5049 3744 5066 .

2180 5127 2274 5180 καὶ
2300 5125 2382 5178 ὅτι
2428 5121 2692 5177 ἀδύνατόν
2721 5123 2871 5174 ἐστιν
2900 5118 3076 5181 ἄλλως
3125 5114 3441 5186 ἐλεηθῆναι,
3483 5111 3530 5163 εί
3563 5107 3634 5178 μὴ
3668 5102 3744 5156 διὰ

2179 5217 2272 5273 τοῦ
2305 5216 2556 5272 ἐναντίου
2579 5233 2593 5247 ·
2629 5215 2767 5285 ὅπερ
2797 5213 2948 5270 ἐστὶν
2977 5213 3013 5283 ἡ
3033 5205 3526 5279 ταπεινοφροσύνη.
3567 5201 3626 5253 Ἦ
3651 5195 3748 5265 γὰρ

2183 5311 2417 5382 ἔπαρσις
2444 5311 2612 5380 γεννᾷ
2641 5307 2738 5378 τὴν
2774 5306 3184 5376 καταφρόνησιν
3214 5302 3308 5357 καὶ
3335 5301 3435 5370 τὴν
3484 5289 3746 5382 παρακοήν

2185 5374 2631 5474 τὴννόλεθρίανλ
2685 5374 2877 5468 ῶσπερ
2914 5374 3009 5448 καὶ
3035 5374 3566 5464 ὴήταπεινοφροσύνη
3600 5374 3745 5452 γεννᾷ

2667 5585 2692 5610 ν
2731 5573 2921 5629 Matth.
2959 5589 3039 5629 χι.
3070 5571 3159 5625 €39.
