4020 6484
307 395 451 494 nas

1730 402 2117 467 DOCTRINA
2158 405 2207 468 Ι.

3445 412 3583 480 162ῦ

298 516 406 586 τὴν
436 514 687 587 ὑπακοὴν
714 516 811 570 καὶ
843 513 941 587 τὴν
969 515 1244 587 σωτηρίαν
1271 515 1380 569 τῶν
1409 516 1615 588 ψυχῶν.
1648 517 1879 591 Ἐκεενηι

1999 519 2116 575 bitu
2162 528 2246 574 est
2280 536 2298 573 :
2347 518 2442 574 sed
2485 520 2823 589 propositum
2863 520 3090 576 omnino
3120 518 3324 579 liumile
3362 524 3417 579 in
3459 527 3576 596 ipsc

297 607 362 661 δὲ
389 606 556 677 λέγω,
594 607 682 679 τὴν
702 607 875 673 ὅντως
895 610 1423 681 ταπεινοφροσύνην,
1455 612 1516 664 ού
1541 612 1647 683 τὴν
1668 613 1727 665 ὲν
1749 612 1895 683 λόγῳ

300 694 461 765 μόνῳ
491 694 525 766 ἢ
565 696 810 769 σχήματι
845 700 1181 752 ταπείνωσιν
1213 717 1229 730 ·
1259 699 1398 754 ἀλλὰ
1431 700 1673 755 διάθεσιν
1708 701 1894 767 ίδικῶς

294 787 564 860 ταπεινὴν
593 789 897 862 γενομένην
928 791 987 844 ὲν
1010 792 1148 863 αὐτῇ
1182 793 1250 862 τῇ
1282 792 1502 865 καρδίᾳ.

373 922 449 978 Z'.
494 925 553 978 Ὅ
585 923 756 979 θέλων
780 920 874 981 οῦν
904 927 1085 998 εὑρεῖν
1115 927 1380 998 ἀληθινὴν
1410 927 1766 996 ταπείνωσιν,
1796 929 1892 983 καὶ

290 1017 614 1073 ἀνάπαυσιν
642 1021 718 1091 τῇ
742 1018 888 1091 ψυχῇ
921 1018 1111 1087 αὐτοῦ,
1151 1020 1372 1091 μαθέτω
1401 1021 1499 1094 τὴν
1528 1038 1891 1092 ταπεινοφροο

293 1110 493 1182 σύνην,
517 1113 611 1166 καὶ
638 1111 830 1184 βλέποι
861 1113 944 1166 ὅτι
967 1115 1025 1166 ὲν
1053 1114 1195 1185 αὐτῇ
1220 1115 1336 1168 ἐστι
1368 1116 1518 1169 πᾶσα
1549 1117 1583 1187 ἡ
1615 1115 1761 1186 χαρά
1790 1117 1885 1170 καί⁸

292 1206 455 1260 πᾶσα
485 1207 519 1276 ἡ
548 1205 697 1273 δόξα,
731 1206 827 1260 καὶ
856 1208 1006 1261 πᾶσα
1032 1208 1066 1278 ἡ
1098 1207 1409 1271 ἀνάπαυσις
1428 1223 1442 1237 ³
1479 1207 1671 1281 ὥσπερ
1706 1208 1801 1263 καὶ
1831 1209 1889 1262 ἐν

288 1300 369 1370 τῇ
392 1298 747 1369 ὑπερηφανίᾳ
786 1299 969 1353 πάντα
999 1298 1069 1353 τὰ
1104 1299 1343 1355 ἐναντία.
1376 1299 1548 1354 Πόθεν
1580 1301 1690 1372 γὰρ
1732 1299 1890 1373 ἤλθο-

294 1404 407 1461 μεν
445 1390 527 1453 είς
561 1389 690 1454 ὅλας
718 1389 818 1454 τὰς
855 1389 1063 1461 θλίψεις
1088 1391 1325 1460 ταύτας;
1363 1392 1436 1447 Οὐ
1470 1392 1559 1446 διὰ
1590 1394 1688 1464 τὴν
1718 1392 1889 1463 ὑπερσ

291 1478 538 1552 ηφανίαν
562 1481 720 1551 ἡμῶν
753 1481 860 1547 ;·ού
891 1481 979 1537 διὰ
1008 1481 1106 1554 τὴν
1129 1483 1386 1538 ἀπόνοιαν
1406 1483 1601 1556 ήμῶν;
1624 1484 1684 1537 οὐ
1711 1483 1799 1538 διὰ
1826 1483 1890 1536 τὸ

291 1571 593 1643 ἀνέχεσθαι
614 1574 764 1643 ἡμᾶς
787 1572 882 1626 καὶ
902 1573 1082 1644 κακῆς
1104 1575 1475 1646 προαιρέσεως
1491 1576 1649 1646 ἡμῶν
1668 1593 1685 1642 ;
1707 1576 1769 1629 οὐ
1798 1575 1885 1630 διὰ

291 1662 360 1719 τὸ
388 1664 660 1735 κρατῆσαι
681 1662 787 1736 τὴν
806 1664 1032 1736 πικρίαν
1051 1665 1145 1719 τοῦ
1175 1666 1479 1739 θελήματος
1506 1667 1686 1740 ήμῶνς
1723 1667 1886 1721 Ἀλλὰ

295 1754 464 1810 πόθεν
487 1772 504 1822 ;
554 1756 667 1810 Οὐκ
692 1756 922 1829 ἐκτίσθη
947 1759 975 1812 ό
1012 1759 1300 1830 ἄνθρωπος
1335 1762 1394 1813 ἐν
1424 1761 1574 1835 πάσῃ
1597 1764 1801 1833 τρυφῆς
1827 1761 1884 1814 ὲν

295 1846 450 1920 πάσῃ
496 1848 683 1919 χαρᾷ,
734 1847 794 1901 ἐν
831 1848 982 1919 πάσῃ
1024 1849 1369 1912 ἀναπαύσει,
1413 1851 1472 1904 ὲν
1523 1851 1672 1922 πάσῃ
1716 1849 1882 1924 δόξῃ;

1995 611 2181 679 corde,
2203 610 2256 664 in
2282 610 2399 681 ipsa
2431 618 2614 666 mente
2631 620 2680 665 τ.
2714 610 2807 668 Sic
2824 612 2970 668 enim
3001 614 3111 681 ait,
3145 615 3271 686 quia
3296 616 3440 670 milia
3462 632 3579 670 sum

1992 712 2045 758 et
2074 702 2299 758 humilis.
2316 704 2490 758 corde.

2067 922 2180 978 VII.
2214 921 2318 990 Qui
2347 932 2497 992 optat
2522 924 2690 995 igitur
2724 940 2911 982 veram
2949 927 3196 998 requiem
3230 928 3428 983 animm
3474 945 3574 1000 pa-

1990 1030 2138 1080 rare,
2169 1014 2344 1070 discat
2369 1015 2756 1083 humilitatem,
2799 1026 2855 1072 et
2887 1018 3132 1073 advertat
3162 1020 3215 1073 in
3247 1034 3311 1073 ea
3342 1021 3573 1089 positam

1990 1120 2113 1162 esse
2147 1121 2363 1162 omnem
2388 1107 2651 1175 laetitiam,
2693 1118 2748 1164 et
2775 1125 2988 1165 omnem
3014 1111 3266 1182 gloriam,
3307 1120 3361 1167 et
3410 1110 3573 1182 377

1989 1215 2210 1256 omnem
2233 1201 2478 1271 requiem
2526 1217 2540 1254 :
2569 1211 2628 1256 ut
2647 1204 2831 1257 omnia
2862 1204 3134 1258 contraria
3158 1204 3213 1259 in
3236 1208 3353 1275 ipsa
3380 1220 3574 1274 super-

1987 1291 2098 1347 bia.
2145 1291 2301 1347 Unde
2335 1293 2481 1348 enim
2509 1294 2855 1363 pervenimus
2899 1295 2955 1349 in
3012 1296 3387 1365 hujuscemodi
3431 1294 3573 1350 afﬂi—

1987 1384 2237 1440 ctiones?
2317 1386 2462 1441 unde
2529 1385 2823 1443 incidimus
2873 1387 2929 1441 in
2962 1388 3239 1443 miseriam
3316 1388 3573 1444 tantam?

1985 1472 2239 1546 Nunquid
2262 1491 2371 1530 non
2400 1491 2497 1546 per
2522 1476 2832 1546 superbiam
2862 1475 3142 1531 nostram?
3185 1478 3429 1548 nunquid
3460 1493 3569 1533 non

1985 1582 2081 1637 per
2115 1568 2423 1622 vecordiam
2461 1568 2754 1624 nostram?
2805 1568 3053 1638 nunquid
3096 1583 3205 1623 non
3261 1584 3360 1639 per
3403 1583 3570 1639 appe-

1986 1658 2144 1713 titum
2186 1667 2459 1725 nostrum,
2538 1675 2700 1730 quem
2759 1659 2944 1731 inique
2994 1660 3049 1714 in
3105 1659 3261 1715 nobis
3303 1659 3574 1714 dominari

1984 1748 2348 1820 pertulimus?
2396 1749 2644 1821 nunquid
2683 1765 2791 1806 non
2849 1752 2979 1821 quia
3032 1750 3333 1806 voluntatis
3374 1758 3574 1805 nostrai

1986 1842 2295 1897 amaritudo
2342 1841 2398 1896 in
2440 1841 2597 1898 nobis
2644 1842 2939 1914 regnavit?
3000 1841 3119 1897 Non
3177 1843 3307 1898 hinc
3360 1849 3573 1901 tantum

295 1940 413 1994 Ούκ
437 1934 508 2011 ἦν
534 1941 593 1994 εν
621 1937 701 2011 τῷ
744 1932 1098 2013 παραδείσῳνς
1147 1942 1435 1996 Ἐκέλευσε
1458 1957 1474 1973 ο
1524 1941 1616 2014 Μὴ
1647 1942 1879 2013 ποιήσῃς

1983 1949 2147 2005 quam
2181 1941 2235 1988 et
2250 1932 2488 1989 aliunde.
2520 1934 2716 1989 Annon
2738 1932 2994 1989 conditus
3022 1941 3108 1988 est
3136 1933 3301 1988 homo
3327 1932 3382 1987 in
3421 1933 3573 1988 omni

295 2029 418 2084 τόδε
442 2046 460 2063 ο
492 2030 590 2085 καλ⁸
626 2030 873 2104 ἐποίησε.
919 2031 1148 2097 Βλέπεις
1176 2033 1617 2105 ύπερηφάνειαν;
1659 2031 1879 2102 βλέπεις

297 2120 607 2192 τράχηλον;
664 2122 882 2193 βλέπεις
938 2123 1339 2190 άνυποταξίαν;
1411 2125 1611 2178 Λοιπὸν
1662 2124 1691 2176 ὁ
1744 2121 1878 2185 Θεὸς

301 2211 433 2266 ιδὼν
472 2211 572 2284 τὴν
612 2212 873 2268 άνείδειαν
903 2215 925 2246 ⁸
966 2213 1184 2286 ἐκείνην
1209 2256 1224 2281 ,
1269 2215 1419 2284 λέγει
1441 2229 1455 2245 ·
1490 2209 1660 2278 Οὗτος
1695 2215 1878 2286 μωρός

296 2301 472 2367 ἐστιν,
508 2295 665 2380 οὗτος
693 2304 794 2358 οὐκ
818 2300 927 2358 οἶδε
961 2305 1218 2376 χαρῆναι.
1263 2305 1390 2358 Ἐὰν
1427 2305 1503 2376 μὴ
1531 2305 1736 2376 ποιήσῃ
1774 2321 1876 2358 κα-

292 2392 400 2457 κὰς
416 2395 629 2467 ἡμέρας
656 2389 836 2463 οὗτος,
863 2396 1096 2465 ὑπάγει,
1138 2396 1361 2460 τελείως
1387 2396 1707 2451 ἀπόλλυται.
1751 2397 1878 2450 Ἐάν

286 2488 402 2559 γάρ
448 2488 527 2561 μὴ
562 2489 710 2561 μάθῃ
744 2490 798 2543 τί
837 2491 955 2543 ἐστι
995 2488 1199 2561 θλίψις,
1230 2489 1307 2543 οὐ.
1336 2488 1599 2561 μανθάνει
1639 2488 1694 2542 τί
1726 2489 1878 2541 ἐστιν

287 2577 625 2643 ἀνάπαυσις.
663 2581 799 2634 Τότε
845 2580 1046 2635 ἔδωκεν
1093 2579 1244 2652 αύτῷ
1264 2581 1338 2635 τὰ
1376 2580 1504 2645 άξια
1533 2578 1731 2645 αὐτοῦ,
1773 2580 1874 2633 καὶ

287 2668 546 2736 ἐξέϐαλεν
583 2671 751 2724 αὑτὸν
772 2670 871 2725 τοῦ
891 2671 1246 2741 παραδείσου.
1284 2672 1562 2743 Παρεδόθη
1593 2671 1780 2726 λοιπὸν
1808 2673 1876 2743 τῇ

290 2762 407 2836 ίδίᾳ
429 2762 692 2834 φιλαυτία
717 2762 812 2818 καὶ
837 2765 951 2826 τοῖς
971 2764 1124 2827 ἰδίοις
1150 2762 1277 2835 θελή
1287 2780 1474 2835 μασιν,
1498 2763 1586 2818 ἵνα
1610 2762 1879 2837 συντρίψῃ

283 2852 361 2909 τὰ
390 2854 526 2909 ὀστᾶ
550 2853 737 2918 αὐτοῦ,
760 2852 849 2907 ἵνα
873 2854 1021 2926 μάθῃ
1046 2852 1122 2925 μὴ
1152 2855 1385 2924 στοιχεῖν
1421 2852 1621 2925 ἑαυτῷ,
1651 2853 1788 2907 ἀλλὰ
1808 2856 1875 2924 τῇ

284 2947 480 3019 ἐντολῇ
507 2945 600 3000 τοῦ
631 2945 790 3013 Θεοῦ,
820 2947 908 3000 ἵνα
950 2945 1093 3016 αὕτη
1132 2948 1167 3018 ὴ
1199 2946 1551 3016 ταλαιπωρία
1588 2946 1687 3016 τῆς
1734 2963 1878 3018 παρ-

287 3038 464 3110 ακοῆς
497 3037 682 3111 διδάξῃ
722 3036 888 3091 αὐτὸν
915 3036 1015 3109 τὴν
1041 3036 1348 3091 ἀνάπαυσιν
1367 3036 1466 3107 τῆς
1504 3036 1770 3107 ὑπακοῆς,
1801 3036 1879 3098 ὡς

285 3131 441 3201 λέγει
461 3132 519 3186 ἐν
537 3130 616 3203 τῷ
650 3131 907 3202 προφήτῃ
941 3145 957 3162 °
1000 3129 1318 3184 Παιδεύσει
1346 3144 1420 3183 σε
1452 3130 1491 3196 ἠ
1530 3127 1877 3182 ἀποστασία

281 3220 431 3278 σου.
465 3219 657 3289 Ὅμως
688 3220 723 3290 ἡ
758 3217 1034 3288 άγαθότης
1061 3214 1157 3271 τοῦ
1185 3215 1323 3269 Θεοῦ
1352 3257 1367 3283 ,
1398 3213 1582 3279 καθὼς
1609 3213 1875 3278 πολλάκις

1979 2028 2254 2097 voluptate
2279 2068 2294 2092 ,
2328 2026 2384 2102 in
2416 2026 2567 2080 omni
2635 2024 2853 2096 gaudio,
2907 2024 2960 2078 in
2989 2025 3138 2079 omni
3181 2023 3574 2094 tranquillitate

1980 2129 2034 2176 et
2065 2118 2285 2174 inomni
2317 2117 2524 2188 gloria?
2579 2115 2835 2187 Nunquid
2881 2130 2990 2171 non
3036 2116 3093 2171 in
3121 2115 3377 2186 paradiso
3432 2116 3574 2172 erat?

1976 2209 2148 2267 Iussit
2171 2213 2244 2268 illi
2275 2212 2436 2275 Deus,
2462 2212 2657 2267 hocne
2681 2210 2895 2268 facias:
2945 2220 3000 2266 et
3054 2209 3203 2268 fecit.
3260 2209 3421 2267 Vides
3472 2224 3573 2267 su-

1977 2302 2242 2373 perbiam,
2277 2304 2429 2359 vides
2461 2303 2750 2368 cervicem,
2782 2304 2935 2359 vides
2964 2303 3404 2360 contumaciam?
3431 2301 3574 2359 Deus

1978 2394 2144 2465 igitur
2173 2394 2562 2464 impudentiam
2590 2403 2797 2450 tantam
2839 2396 3031 2451 videns
3070 2395 3176 2452 ait:
3247 2394 3350 2451 Hic
3380 2408 3572 2450 amens

1979 2486 2156 2543 factus
2193 2496 2297 2554 est,
2345 2502 2525 2558 neque
2568 2489 2824 2560 gaudium
2845 2488 2977 2559 quid
3001 2489 3074 2545 sit
3095 2490 3283 2545 novit:
3322 2488 3575 2558 experia-

1979 2585 2070 2633 tur
2098 2577 2212 2633 dies
2245 2578 2442 2645 malos,
2483 2578 2661 2644 abeat,
2706 2588 2913 2650 pereat.
2967 2578 3086 2635 Nisi
3134 2581 3286 2637 enim
3315 2580 3572 2636 didicerit

1978 2668 2110 2740 quid
2126 2669 2198 2724 sit
2217 2671 2488 2739 angustia,
2521 2684 2627 2725 non
2646 2679 2940 2740 cognoscet
2959 2671 3091 2742 quid
3116 2671 3190 2729 sit
3209 2671 3384 2743 quies.
3415 2671 3572 2725 Tunc

1978 2760 2140 2832 digna
2170 2760 2380 2816 meritis
2425 2761 2503 2815 illi
2535 2762 2852 2829 contribuit,
2905 2763 3176 2834 ejecitque
3233 2762 3507 2819 infelicem
3536 2778 3572 2819 ιι

1978 2851 2255 2923 paradiso.
2318 2849 2573 2908 Traditus
2603 2862 2686 2909 est
2717 2869 2846 2925 ergo
2869 2855 3091 2925 proprio
3114 2854 3199 2912 sui
3239 2855 3435 2920 amori,
3460 2865 3571 2909 tra-

1979 2944 2126 2999 ditus
2154 2945 2387 3014 prOpriae
2415 2944 2706 3011 voluntati,
2745 2954 2806 3002 ut
2839 2945 3123 3005 laboribus
3160 2962 3364 3017 corpus
3405 2961 3570 3002 suum

1978 3054 2254 3112 attereret,
2317 3045 2661 3116 disceretque
2715 3061 2825 3102 non
2880 3046 3158 3103 conﬁdere
3183 3048 3288 3103 sibi
3315 3048 3443 3117 ipsi,
3472 3048 3570 3104 sed

1977 3135 2248 3190 mandatis
2271 3134 2386 3202 Dei,
2415 3143 2477 3190 ut
2514 3136 2733 3192 miseria
2783 3137 2904 3208 ipsa
2928 3136 3316 3194 inobedientiae
3350 3138 3572 3195 doceret

1978 3241 2104 3281 eum
2134 3226 2373 3296 quietem
2422 3225 2777 3295 obedientiam
2809 3235 2870 3284 ut
2898 3228 2976 3283 ait
3025 3229 3170 3300 apud
3212 3230 3569 3301 prophetam:

281 3308 464 3377 εἶπον,
495 3311 556 3365 οὐ
588 3309 813 3382 παρεῖδε
838 3308 900 3363 τὸ
929 3308 1062 3363 ἴδιον
1093 3307 1340 3379 πλάσμα,
1378 3306 1518 3361 ἀλλὰ
1552 3305 1717 3362 πάλιν
1746 3322 1876 3376 προ-

1982 3295 2192 3373 Docebit
2229 3326 2280 3373 te
2322 3318 2541 3373 rebellio
2576 3327 2669 3375 tua
2701 3333 2751 3375 ³.
2794 3320 2913 3376 Non
2941 3295 3125 3377 tamen
3170 3295 3348 3392 potuit
3385 3321 3570 3376 divina

280 3402 553 3476 τρέπεται
584 3418 598 3433 ’
647 3402 812 3456 πάλιν
842 3400 1192 3473 παρακαλεῖ·
1232 3400 1413 3455 Δεῦτε
1438 3403 1591 3469 πρός
1614 3417 1692 3470 με
1725 3398 1878 3454 πάν-

281 3509 390 3561 τες
422 3497 477 3548 οι
502 3492 832 3561 κοπιῶντες
864 3492 964 3548 καὶ
1003 3493 1471 3564 πεφορτισμένοι
1489 3533 1504 3556 ,
1534 3491 1698 3563 κάγὼ
1729 3492 1876 3548 ἀνα-

282 3588 506 3643 παύσω
542 3586 702 3658 ὑμᾶς
740 3594 762 3617 ῖ
798 3581 913 3642 οἷον
955 3589 1130 3641 εἰπεῖν
1149 3601 1165 3617 ’
1210 3588 1345 3642 Ἰδοὺ
1377 3587 1729 3649 ὲκοπιάσατε.
1762 3586 1875 3641 ίδοὺ

282 3680 777 3752 ἃταλαιπωρήσατε
797 3719 813 3743 ,
859 3680 968 3736 ἰδοὺ
996 3679 1362 3752 ὲπειράσθητε
1402 3679 1500 3734 τοῦ
1530 3679 1703 3735 κακοῦ
1737 3722 1753 3747 ,
1783 3680 1878 3734 καὶ

283 3771 660 3839 ἀνυποταξίας
700 3771 855 3844 ὑμῶν
897 3785 915 3804 ο
957 3771 1150 3839 δεῦτε,
1191 3771 1380 3826 λοιπὸν
1406 3814 1423 3840 ,
1475 3772 1875 3844 ἐπιστρέψατε,

284 3864 465 3928 δεῦτε,
495 3864 765 3935 ἐπίγνωτε
792 3862 892 3937 τὴν
917 3864 1223 3936 ἀδυναμίαν
1249 3864 1424 3936 ὑμῶν,
1454 3864 1542 3918 ἵνα
1572 3864 1764 3933 ἔλθητε
1795 3865 1876 3927 εἰς

289 3956 394 4026 τὴν
438 3956 748 4011 ἀνάπαυσιν
776 3957 873 4011 καὶ
916 3957 1016 4029 τὴν
1046 3956 1204 4023 δόξαν
1244 3956 1422 4027 ὑμῶν.
1456 3954 1644 4019 Δεῦτε,
1674 3953 1876 4026 ζήσατε

292 4048 383 4103 διὰ
406 4047 507 4117 τῆς
544 4048 1070 4122 ταπεινοφροσύνης,
1107 4049 1226 4104 ἀνθ’
1255 4042 1332 4104 ὧν
1368 4046 1748 4118 ἐθανατώθητε
1788 4047 1879 4100 διά

291 4136 394 4207 τῆς
414 4135 871 4209 ὑψηλοφροσύνης
892 4154 908 4169 ·
938 4136 1169 4193 Μώθετε
1199 4135 1302 4191 ἀπ’
1328 4135 1477 4207 ἐμοῦ
1497 4178 1510 4200 ,
1549 4135 1641 4190 ὄτι
1686 4133 1878 4205 πρᾶός

290 4232 409 4300 εἰμι
438 4228 539 4284 καί
575 4230 858 4295 ταπεινὸς
893 4227 968 4298 τῇ
997 4227 1234 4297 καρδίᾳ,
1273 4228 1373 4283 καί
1405 4225 1700 4297 εὑρήσετε
1733 4224 1879 4282 ἀνά-

285 4334 525 4377 παυσιν
556 4319 687 4389 ταῖς
709 4319 941 4392 ψυχαῖς
975 4314 1167 4391 ὑμῶν.

1978 3407 2289 3475 clementia,
2340 3416 2403 3463 ut
2454 3409 2653 3479 saepius
2704 3423 2743 3465 α
2789 3425 2878 3465 me
2924 3410 3135 3466 dictum
3189 3419 3295 3478 est,
3359 3410 3569 3482 plasma

1976 3515 2138 3556 suum
2189 3514 2448 3570 spernere
2488 3517 2502 3554 :
2544 3499 2642 3555 sed
2681 3515 2901 3557 rursum
2929 3501 3293 3566 convertitur,
3347 3515 3570 3556 rursum

1977 3592 2248 3658 hortatur,
2315 3606 2505 3647 rursus
2565 3597 2810 3646 revocat.
2883 3588 3068 3646 Venite
3095 3591 3167 3646 ad
3195 3608 3299 3658 me,
3324 3592 3420 3658 ait,
3452 3608 3571 3646 om-

1978 3700 2070 3738 nes
2119 3685 2213 3756 qui
2249 3682 2506 3739 laboratis
2549 3690 2602 3737 et
2658 3684 2871 3738 onerati
2917 3685 3064 3750 estis,
3115 3690 3164 3737 et
3209 3699 3303 3755 ego
3333 3683 3571 3753 reﬁciam

1977 3792 2064 3830 vos
2094 3784 2146 3831 γ.
2191 3776 2363 3843 Quasi
2393 3776 2637 3832 diceret:
2694 3775 2835 3830 Ecce
2855 3774 3201 3843 elaborastis,
3229 3790 3357 3830 ecce
3384 3775 3568 3830 miseri

1975 3865 2107 3923 facti
2156 3868 2310 3934 estis,
2353 3867 2473 3938 jam
2535 3866 2742 3937 experti
2793 3866 2929 3923 estis
2966 3867 3171 3922 malum
3213 3866 3573 3923 contumaciae

1975 3965 2208 4014 vestrm;
2279 3956 2471 4013 Venite
2520 3957 2708 4029 igitur,
2756 3957 3161 4022 convertimini,
3208 3958 3408 4023 venite,
3442 3972 3573 4028 cog-

1976 4047 2191 4103 noscite
2235 4047 2666 4104 imbecillitatem
2717 4056 2771 4103 et
2805 4047 3164 4118 ignominiam
3207 4054 3470 4111 vestram,
3511 4056 3574 4101 ut

1975 4138 2211 4195 redeatis
2233 4137 2289 4193 in
2319 4140 2587 4209 requiem,
2624 4138 2679 4194 in
2703 4139 2933 4210 gloriam
2968 4148 3207 4195 vestram
3254 4137 3568 4210 pristinam.

1977 4226 2187 4295 Venite,
2227 4228 2540 4285 reviviscite
2567 4245 2665 4299 per
2696 4229 3082 4295 humilitatem,
3113 4229 3207 4298 qui
3242 4243 3337 4299 per
3376 4242 3571 4298 super-

1979 4322 2123 4378 biam
2143 4322 2307 4376 morti
2326 4321 2531 4376 addicti
2561 4322 2714 4376 estis.
2743 4321 2938 4375 Discite
2969 4338 3003 4376 a
3025 4337 3107 4375 me
3129 4323 3252 4392 quia
3286 4320 3428 4375 milia
3453 4337 3572 4376 sum

1979 4423 2031 4467 et
2064 4411 2282 4471 humilis
2337 4412 2517 4477 corde,
2575 4419 2626 4465 et
2682 4412 2959 4465 invenietis
3015 4411 3251 4481 requiem
3291 4409 3572 4466 animabus

1979 4505 2167 4560 vestris
2204 4514 2263 4561 ι.

362 4619 445 4676 ll'.
491 4619 688 4685 Βαϐαῖ,
732 4618 954 4690 ἀδελφοί
997 4636 1120 4691 μου,
1150 4618 1205 4672 τί
1250 4620 1397 4673 ποιεῖ
1422 4620 1457 4691 ἡ
1484 4617 1873 4688 ὑπερηφανίας

2048 4616 2185 4671 Vill.
2222 4615 2384 4685 Hem,
2424 4615 2619 4672 fratres
2661 4616 2790 4684 mei,
2828 4615 2958 4687 quid
2988 4615 3120 4672 faclt
3145 4614 3429 4684 superbia?
3451 4613 3570 4670 hem

287 4706 488 4769 Βαὸαὶ,
526 4707 579 4760 τί
629 4706 854 4760 δύναται
901 4708 934 4777 ἡ
1002 4705 1512 4779 ταπεινοφροσύνης
1573 4704 1669 4768 Τίς
1721 4699 1792 4775 ἦν
1842 4706 1874 4772 ή

285 4796 452 4870 χρεία
479 4796 618 4850 ὃλων
662 4795 772 4850 τῶν
803 4794 1023 4850 κύκλων
1057 4796 1297 4863 τούτων;
1336 4795 1427 4863 Ἐξ
1476 4797 1650 4867 ἀρχῆς
1685 4794 1795 4865 γὰρ
1825 4796 1874 4847 εἰ

285 4886 632 4960 ἐταπεινώθη
681 4887 779 4940 καὶ
826 4888 1106 4958 ὑπήκουσε
1150 4887 1246 4941 τοῦ
1294 4887 1451 4952 Θεοῦ,
1500 4888 1597 4941 καὶ
1641 4884 1873 4955 ιφύλαξε

284 4979 391 5051 τὴν
439 4978 681 5051 ἐντολὴν,
729 4980 832 5033 οὐκ
880 4974 1027 5050 εἶχεν
1084 4981 1363 5034 ἐκπεσεῖν.
1412 4979 1583 5034 Πάλιν
1622 4977 1764 5050 μετὰ
1811 4977 1874 5030 τὸ

283 5071 672 5142 ἀσχημονῆσαι
698 5110 713 5137 ,
749 5069 918 5124 ἔδωκε
960 5069 1233 5140 πρόφασιν
1276 5069 1373 5124 τοῦ
1408 5070 1739 5141 μετανοῆσαι
1782 5069 1876 5123 καὶ

284 5160 605 5233 ἐλεηθῆναι,
650 5161 747 5215 καὶ
798 5160 1014 5232 ἔμεινεν
1053 5164 1081 5215 ὁ
1112 5162 1382 5235 τράχηλος
1435 5161 1603 5216 αὐτοῦ
1652 5162 1873 5234 ὑψηλός.

284 5251 464 5308 Ἦλθε
492 5253 600 5326 γὰρ
638 5253 812 5323 λόγων
847 5252 998 5325 αὐτῷ
1028 5271 1045 5287 ·
1090 5253 1297 5322 Ἀδὰμ,
1335 5254 1455 5309 ποῦ
1484 5251 1570 5321 si;
1601 5255 1723 5308 ἀντὶ
1757 5254 1874 5321 τοῦ,

301 5343 439 5398 ’Δπὸ
473 5345 629 5408 ποίας
660 5343 820 5415 δόξης
851 5346 934 5409 είς
966 5344 1125 5399 ποίαν
1169 5341 1334 5418 ἦλθες
1359 5349 1374 5368 ¹
1415 5346 1713 5417 αἰσχύνην;
1766 5347 1877 5401 Καὶ

286 5435 479 5491 λοιπὸν
505 5439 689 5509 ἰριιγτᾷ
717 5438 881 5492 αὐτόν
913 5454 928 5470 ο
952 5438 1052 5492 Διὰ
1074 5439 1131 5492 τί
1160 5439 1405 5510 ἥμαρτες
1428 5456 1440 5468 ι
1490 5439 1580 5493 διὰ
1636 5439 1691 5491 τί
1732 5454 1876 5510 παρ-

364 5620 394 5652 ν
427 5612 639 5669 Inclusa
676 5614 876 5672 desunt
907 5615 961 5671 in
985 5613 1194 5673 Graeco.

366 5791 391 5825 ‘
426 5789 603 5853 ἀναίδε
615 5808 720 5847 ιαν.

1270 5623 1298 5651 ι
1327 5613 1528 5672 Jerem.
1569 5630 1629 5681 ιι,
1667 5615 1750 5670 19.
1828 5622 1856 5660 γ
1884 5612 2074 5669 Matth.
2120 5631 2194 5680 λι,
2220 5614 2308 5669 ‘38.

1981 4709 2115 4779 quid
2147 4716 2331 4778 potest
2359 4708 2682 4763 humilitas?
2711 4707 2853 4774 Quid
2880 4722 3020 4777 opus
3051 4715 3171 4763 erat
3203 4716 3281 4762 tot
3327 4707 3572 4778 ambagi-

1981 4803 2120 4859 bus?
2153 4801 2208 4857 Si
2247 4803 2397 4856 enim
2446 4802 2718 4871 principio
2764 4801 3082 4856 humiliatus
3124 4815 3288 4870 quam
3337 4799 3571 4869 primum

1979 4893 2174 4949 fuisset
2195 4893 2384 4956 homo,
2409 4891 2687 4962 paruisset
2711 4891 2841 4957 Deo,
2864 4901 2918 4946 et
2939 4891 3167 4946 audiens
3195 4889 3387 4945 fuisset
3413 4888 3571 4943 dictis

1979 4982 2203 5048 divinis,
2235 4995 2588 5052 nequaquam
2616 4979 2928 5036 excidisset.
2959 4979 3146 5034 Denuo
3165 4988 3344 5034 tamen
3368 4987 3426 5033 et
3452 4987 3569 5047 post

1980 5072 2409 5145 ignominiosum
2450 5072 2685 5142 lapsum,
2721 5069 2942 5127 occasio
2965 5070 3042 5125 illi
3087 5071 3210 5125 data
3251 5076 3335 5124 est
3376 5083 3409 5123 a
3439 5055 3570 5126 Deo.

1981 5181 2093 5237 qua
2113 5163 2442 5235 poenitentia
2470 5163 2692 5227 ductim,
2714 5161 3149 5218 misericordiam
3169 5157 3429 5228 consequi
3452 5171 3571 5229 pos-

1980 5265 2066 5313 set
2099 5274 2113 5309 :
2140 5268 2241 5310 nec
2267 5254 2552 5309 humiliari
2582 5269 2686 5309 nec
2707 5252 2971 5309 cervicem
3001 5251 3218 5307 flectere
3238 5248 3431 5304 voluit.
3452 5246 3570 5302 Ve-

1981 5349 2063 5403 nit
2085 5349 2229 5403 enim
2259 5349 2331 5402 ad
2379 5362 2504 5403 eum
2528 5345 2720 5402 dicens
2750 5362 2765 5399 :
2806 5343 3001 5408 Adam,
3028 5343 3117 5398 ubi
3134 5358 3188 5396 ea
3214 5342 3380 5396 l‘iAc
3406 5340 3452 5395 si
3480 5339 3568 5391 di-

1978 5450 2149 5505 ceret,
2180 5438 2225 5494 A
2261 5447 2472 5512 quanta
2496 5439 2669 5510 gloria
2699 5439 2751 5494 in
2800 5445 3059 5507 quantam
3105 5433 3455 5504 ignominiam
3487 5432 3571 5486 ir

2398 5625 2419 5652 ι
2452 5614 2585 5669 ibid.
2609 5611 2700 5669 9.9.
2779 5610 2950 5666 'Gen.
2979 5626 3060 5676 ιιι,
3084 5611 3131 5665 9.
