4020 6482
531 387 668 456 1631

1733 386 1794 445 s.
1831 381 2222 445 DOROTHEI
2268 381 2588 441 ABBAle
2657 355 2682 369 ”

3654 381 3762 449 1632

530 518 623 566 tur
658 507 832 564 sancti
869 516 925 563 et
954 505 1191 577 majores
1220 503 1392 560 nostri
1415 503 1517 558 sibi
1542 501 1676 572 ipsis
1703 501 1968 557 mundum
1992 516 2121 555 cru-

2238 500 2452 567 ῑόσμος
2503 496 2892 564 ἐσταύρωται,
2943 495 3105 564 κάγὼ
3127 494 3206 561 τῷ
3231 497 3466 564 κόσμῳ.
3497 498 3558 549 Ol
3592 500 3766 572 Πάτρες

528 600 832 670 ciﬁgentes,
869 613 966 669 per
987 599 1124 654 dura
1164 596 1462 652 certamina
1509 609 1631 651 sese
1656 608 1876 664 quoque
1916 592 2122 647 mundo

535 691 884 747 cruciﬂxere.
920 689 1034 745 Nos
1068 703 1198 744 vero
1248 687 1502 742 videmur
1533 685 1754 756 quidem
1807 683 1968 739 nobis
1990 683 2126 754 ipsis

534 782 802 838 mundum
843 781 1208 846 cruciﬁxisse,
1250 781 1378 850 quia
1423 780 1744 849 reliquimus
1797 792 1924 832 eum
1981 785 2036 832 et
2056 775 2127 830 ad

537 874 928 930 monasterium
969 874 1333 939 divertimus;
1371 881 1426 926 at
1481 872 1740 926 nolumus
1785 868 1989 925 mundo
2027 883 2128 924 nos

535 968 879 1035 cruciﬁgere.
910 965 1104 1020 Adhuc
1146 967 1291 1019 enim
1325 966 1378 1018 in
1405 965 1590 1019 animo
1625 971 1817 1018 nostro
1854 962 2036 1032 vigent
2061 961 2127 1014 il-

537 1056 644 1111 lius
670 1055 946 1110 blanditiae
977 1073 992 1109 :
1022 1055 1203 1110 adhuc
1251 1055 1304 1108 in
1335 1054 1493 1109 nobis
1525 1052 1699 1122 ipsius
1730 1051 1980 1107 ali‘ectum
2003 1052 2130 1106 abs-

537 1146 826 1202 condimus
865 1164 879 1201 :
920 1146 1288 1214 compatimur
1332 1145 1478 1200 illius
1529 1142 1733 1213 gloriae,
1769 1141 2131 1212 compatimur

536 1237 754 1293 deliciis
777 1247 833 1292 et
871 1238 1266 1306 voluptatibus,
1318 1239 1684 1305 compatimur
1711 1233 2048 1288 ornamentis
2077 1241 2132 1288 et

535 1328 860 1396 vestibus,et
880 1331 949 1384 ob
971 1330 1102 1384 viles
1118 1340 1172 1384 et
1192 1330 1380 1383 inanes
1395 1343 1481 1382 res
1501 1327 1799 1382 delabimur
1815 1326 2132 1395 plerumque

537 1418 594 1472 in
623 1419 894 1489 pristinas
929 1420 1050 1491 ejus
1077 1419 1379 1489 passiones.
1415 1417 1472 1473 Si
1502 1419 1640 1474 forte
1679 1416 1868 1471 fabrile
1913 1415 2132 1485 aliquod

539 1506 964 1564 instrumentum
992 1511 1278 1580 pulchrum
1316 1509 1502 1573 fuerit,
1533 1508 1823 1563 immodice
1849 1507 1940 1561 illo
1962 1505 2135 1560 allici-

538 1611 775 1668 mur,et,
803 1612 861 1657 ut
887 1602 1025 1656 dixit
1053 1603 1222 1658 abbas
1245 1603 1512 1668 Zosimas,
1535 1600 1901 1671 permittimus
1929 1598 2132 1653 utillud

569 1701 971 1748 nstrumentum
1007 1694 1101 1747 ﬁat
1130 1695 1284 1748 nobis
1314 1698 1432 1749 loco
1450 1692 1767 1748 centenarii.
1821 1689 1976 1755 Quod
2003 1704 2138 1744 sane

542 1786 763 1840 nonnisi
788 1800 853 1840 ex
898 1785 1133 1839 amentia
1157 1786 1324 1840 multa
1377 1784 1638 1855 provenit,
1671 1784 1846 1853 utqui
1869 1783 2137 1852 pretiosas

2225 589 2406 659 ἡμῶν,
2451 587 2634 651 καθὼς
2662 587 2910 658 εῐπομεν,
2973 585 3399 658 σταυρώσαντες
3462 588 3660 655 ἐαυτοῖς
3699 594 3769 647 τὸν

2227 681 2461 750 κόσμον,
2496 679 2841 734 ἐσπούδασαν
2888 680 2959 732 δι’
3006 678 3256 748 ἀγώνων,
3317 681 3422 734 καὶ
3464 682 3771 754 ἐσταύρωσαν

2228 774 2453 836 ἑαυτοὺς
2483 771 2562 842 τῷ
2600 773 2812 844 κόσμῳ.
2856 771 3050 842 Ἡμεῖς
3083 771 3182 843 μὲν
3231 771 3505 841 ἐδόξαμεν
3543 779 3771 846 παυροῦν

2229 865 2444 928 ἑαυτοῖς
2481 865 2573 918 τὸν
2603 865 2833 933 κόσμον,
2863 865 2945 917 ὅτι
2975 863 3272 934 ἀφήκαμεν
3327 865 3494 917 αὐτὸν
3518 867 3608 920 καὶ
3645 870 3773 938 ἦλθο-

2233 975 2332 1027 μεν
2384 959 2465 1020 είς
2534 957 2596 1010 τὸ
2665 957 3052 1026 μοναστήριον,
3131 957 3364 1019 ἑαυτοὺς
3424 957 3557 1009 δὀὐ
3591 957 3774 1030 θέλομεν

2232 1049 2546 1119 σταυρῶσαι
2579 1048 2656 1119 τῷ
2704 1048 2892 1118 κόσμῳ
2912 1063 2929 1078 ο
2963 1048 3044 1101 ἔτι
3099 1047 3211 1116 γὰρ
3260 1047 3468 1117 ἔχομεν
3499 1048 3588 1112 τὰς
3617 1053 3774 1120 ἡδονὰς

2231 1138 2421 1203 αὑτοῦ,
2446 1139 2630 1210 ἀκμὴν
2675 1138 2874 1209 ἔχομεν
2900 1139 2999 1202 τὰς
3015 1139 3403 1209 προσπαθείας
3438 1139 3618 1204 αὐτοῦ,
3642 1161 3775 1216 προσ-

2231 1232 2514 1301 πάσχομεν
2549 1233 2615 1302 τῇ
2670 1231 2795 1302 δόξῃ
2827 1229 3016 1295 αὑτοῦ,
3055 1230 3500 1301 προσπάσχομεν
3537 1231 3773 1304 βρώμασιν

2233 1324 2489 1394 ἱματίοις.
2555 1323 2868 1394 Ἐργαλεῖον
2932 1323 3096 1376 καλὸν
3147 1324 3214 1376 ἂν
3267 1319 3329 1398 ᾖ,
3393 1326 3774 1398 προσπάσχομεν

2231 1414 2399 1489 αὐτῷ⁷
2460 1415 2557 1469 καὶ
2597 1415 2841 1485 ἀφοῦμεν
2910 1415 2973 1468 τὸ
3032 1416 3228 1486 μικρὸν
3282 1417 3574 1487 ἐργαλεῖον
3623 1421 3774 1491 ἐκείνῳ

2234 1508 2461 1577 ποιῆσαι
2510 1509 2567 1560 ἐν
2604 1511 2757 1577 ἡμῖν,
2788 1507 2865 1571 ὡς
2913 1502 3068 1562 εἶπεν
3115 1510 3143 1561 ὁ
3193 1508 3378 1571 ὰϐϐἄς
3411 1511 3673 1580 Ζωσιμᾶς,
3705 1518 3773 1568 καὶ

2234 1599 2493 1667 ἐδόξαμεν
2552 1597 2790 1664 ἐξελθεῖν
2842 1596 2936 1650 τοῦ
3032 1599 3263 1668 κόσμου,
3327 1599 3428 1652 καὶ
3490 1602 3689 1668 ἀφεῖναι
3725 1606 3774 1656 1'1

2234 1689 2422 1751 αὑτοῦ,
2463 1689 2556 1742 καὶ
2609 1686 2882 1758 ἐρχόμεθα
2920 1689 3002 1751 είς
3049 1687 3110 1740 τὺ
3158 1690 3554 1760 μοναστήριον,
3607 1690 3688 1743 καὶ
3728 1693 3774 1745 δι’

2235 1779 2465 1832 εὐτελῶν
2520 1780 2858 1849 πραγμάτων
2911 1779 3226 1851 πληροῦμεν
3287 1781 3394 1850 τὴν
3456 1783 3774 1853 προσπάθειαν·

543 1891 609 1930 ac
627 1891 853 1946 magnas
871 1891 957 1932 res
972 1876 1313 1946 reliquimus,
1326 1877 1396 1930 ob
1418 1875 1672 1930 minimas
1689 1873 1981 1944 plurimum
2009 1887 2137 1943 per-

2238 1870 2402 1926 αὺτοῦ
2432 1885 2447 1900 ο
2493 1871 2652 1926 τοῦτο
2677 1871 2734 1924 δέ
2792 1871 3075 1943 πάσχομεν
3107 1872 3216 1925 ἀπὸ
3243 1873 3458 1942 πολλῆς
3493 1873 3761 1944 ἀφροσύνης,

544 1966 846 2021 turbemur.
869 1965 1060 2035 Fitque
1088 1966 1141 2021 id
1165 1981 1194 2020 a
1215 1965 1374 2020 nobis
1392 1965 1648 2035 pessime.
1674 1961 1746 2018 Ut
1767 1963 1912 2018 enim
1930 1961 2136 2016 mundo

546 2065 600 2111 et
639 2057 804 2113 rebus
843 2058 962 2128 ejus
987 2057 1435 2112 abrenuntiamus
1465 2074 1478 2112 :
1509 2057 1584 2111 ita
1611 2064 1666 2110 et
1693 2053 1941 2124 pristinis
1966 2052 2108 2107 illius

545 2146 895 2214 passionibus
913 2149 1294 2203 abrenuntiare
1317 2147 1578 2204 debemus
1600 2165 1614 2202 :
1643 2146 1851 2202 discere
1867 2146 1993 2200 item
2010 2159 2134 2214 quae

546 2251 674 2291 vera
708 2238 781 2293 sit
809 2240 1234 2305 abrenuntiatio,
1278 2249 1327 2294 et
1355 2239 1419 2293 ad
1446 2238 1570 2308 quid
1612 2237 1838 2309 proiecti
1871 2238 2045 2292 simus
2075 2236 2132 2290 in

551 2330 941 2383 monasterium
972 2347 986 2384 :
1021 2331 1260 2400 quidque
1280 2330 1435 2385 nobis
1457 2330 1645 2383 innuat
1669 2329 1885 2383 habitus
1918 2335 2120 2394 noster,

551 2426 716 2486 atque
762 2420 838 2473 illi
870 2436 971 2476 nos
1016 2423 1274 2491 adaptare
1315 2431 1369 2477 et
1412 2421 1778 2486 conformare,
1811 2429 2128 2489 certareque

548 2523 648 2579 pro
678 2511 822 2566 virili
849 2523 1021 2583 parte,
1053 2513 1130 2568 uti
1156 2522 1339 2583 patres
1363 2514 1558 2568 nostri.

2233 1964 2331 2018 ὅτι
2359 1964 2590 2033 ἀφέντες
2636 1963 2847 2034 μεγάλα
2905 1967 3000 2019 καὶ
3029 1965 3309 2036 πολύτιμα
3366 1966 3679 2037 πράγματα,
3711 1973 3753 2032 εἰς

2233 2055 2490 2125 ἐλάχιστά
2541 2071 2662 2108 τινα
2690 2054 3005 2128 πληροῦμεν
3033 2057 3100 2111 τὰ
3159 2057 3310 2129 πάθη
3342 2057 3524 2128 ἡμῶν.
3562 2060 3764 2123 Ἕκαστος

2231 2147 2342 2219 γὰρ
2372 2147 2526 2219 ἡμῶν
2547 2147 2574 2200 ὃ
2599 2143 2766 2218 εἶχεν,
2801 2149 3036 2220 ἀφῆκεν,
3067 2153 3095 2204 ὁ
3133 2149 3278 2219 ἔχων
3338 2150 3579 2220 μεγάλα,
3612 2151 3671 2204 τὰ
3704 2169 3763 2221 με·

2231 2239 2391 2308 γάλα,
2451 2239 2542 2292 καὶ
2588 2241 2618 2293 ὁ
2679 2238 2819 2308 ἔχων
2871 2240 2924 2292 εί
2960 2256 3012 2292 τι
3049 2239 3272 2312 δήποτε,
3315 2240 3414 2293 καὶ
3437 2241 3598 2303 αὐτὸς
3622 2237 3768 2309 ὅεῖχεν

2231 2330 2460 2400 ἀφῆκεν,
2482 2329 2713 2393 ἕκαστος
2736 2330 2873 2400 πρὸς
2903 2331 3005 2401 τὴν
3057 2330 3290 2401 δύναμιν
3324 2330 3518 2396 αὑτοῦ,
3546 2332 3632 2384 καὶ
3656 2332 3765 2402 ἐρχό-

2236 2421 2376 2492 μεθα
2422 2424 2503 2485 εἰς
2549 2422 2610 2474 τὺ
2664 2424 3064 2495 μοναστήριον,
3132 2426 3226 2479 καὶ
3266 2425 3462 2488 καθὼς
3522 2422 3674 2486 εἶπον,
3725 2424 3767 2476 δι’

2235 2509 2465 2564 εὐτελῶν
2518 2513 2885 2583 πραγμάτων,
2923 2515 3017 2568 καὶ
3083 2514 3448 2588 μηδαμηνῶν,
3516 2515 3778 2586 πληροῦμεν-

549 2601 652 2676 τὴν
701 2607 1078 2675 προσπάθειαν
1153 2607 1331 2678 ἡμῶν.
1383 2608 1496 2660 υύκ
1554 2605 1839 2674 ὀφείλομεν
1881 2603 1938 2656 δὲ
1981 2603 2154 2667 οὕτως
2201 2608 2373 2658 ποιεῖν
2402 2621 2416 2634 ο
2449 2605 2564 2658 ἀλλ’
2591 2605 2779 2677 ὥσπερ
2811 2607 3201 2678 ἀπεταξάμεθα
3226 2609 3312 2679 τῷ
3343 2609 3535 2679 κόσμῳ
3571 2608 3653 2661 καὶ
3692 2609 3769 2667 τοῖς

551 2695 872 2765 πράγμασιν
922 2699 1110 2764 αὐτοῦ,
1163 2698 1336 2762 οὕτως
1395 2697 1681 2767 ὀφείλομεν
1735 2696 1829 2750 καὶ
1893 2695 2028 2766 αὐτῇ
2074 2697 2142 2765 τῇ
2199 2695 2542 2767 προσπαθεία
2603 2700 2669 2769 τῇ
2734 2701 2862 2768 περὶ
2929 2699 3028 2764 τὰς
3079 2699 3210 2764 ὔλας
3274 2700 3653 2764 ἀποτάξασθαι,
3705 2710 3768 2761 κη

547 2787 748 2841 εἰδέναι
814 2790 866 2842 τί
923 2791 1074 2844 ἐστιν
1135 2789 1271 2862 αὕτη
1326 2793 1359 2861 ἡ
1415 2790 1692 2859 ἀποταγὴ,
1747 2789 1844 2840 καὶ
1891 2785 1981 2840 διὰ
2031 2788 2084 2840 τί
2117 2786 2354 2858 ἠλθομεν
2403 2791 2482 2852 εἰς
2509 2788 2572 2843 τὸ
2619 2793 3003 2863 μοναστήριον,
3055 2793 3150 2846 καὶ
3191 2792 3244 2845 τί
3292 2794 3414 2846 ἐστι
3467 2793 3527 2845 τὸ
3578 2791 3769 2862 σχῆμαὸ

547 2880 924 2952 λαμϐάνομεν,
971 2883 1067 2937 καὶ
1132 2886 1271 2956 πρὸς
1311 2884 1475 2939 αὑτὸν
1508 2881 1862 2954 καταρτίζειν
1889 2879 2139 2945 ἑαυτοὺς,
2199 2884 2295 2936 καὶ
2353 2882 2719 2952 ἀγωνίζεσθαι
2778 2885 2919 2940 κατὰ
2952 2887 3078 2950 τοὺς
3114 2885 3366 2958 πατέρας
3410 2884 3581 2956 ἡμῶν.

618 3019 732 3075 XII.
772 3020 998 3076 Habitus
1023 3030 1206 3077 noster
1248 3022 1294 3077 is
1321 3031 1401 3078 est
1431 3041 1443 3076 :
1478 3022 1688 3078 Tunica
1721 3022 1928 3092 absque
1957 3021 2130 3075 mani-

2301 3023 2402 3076 lli'.
2441 3024 2515 3077 Τὸ
2550 3024 2736 3094 σχῆμα
2769 3024 2797 3077 ὃ
2826 3023 3125 3096 φοροῦμεν,
3155 3023 3410 3078 κολόϐιόν
3441 3023 3574 3086 ἐστι,
3600 3019 3663 3092 μὴ
3683 3018 3772 3088 ἔχιν

548 3111 664 3178 cis,
701 3121 755 3165 et
801 3126 932 3165 zona
969 3112 1192 3182 pellicca
1218 3155 1234 3179 ,
1289 3113 1572 3178 analabus,
1605 3122 1659 3168 et
1706 3114 1975 3169 cucullus.
2012 3111 2137 3168 Haec

2246 3115 2500 3183 Χειρίδιαι
2533 3116 2627 3169 καὶ
2653 3115 2800 3186 ζώνη
2858 3116 3181 3188 δερματίνη,
3232 3115 3331 3170 καὶ
3386 3113 3652 3176 ἀνάλαϐος,
3703 3113 3770 3163 καὶ

551 3211 735 3258 autem
776 3202 931 3273 signa
961 3212 1088 3258 sunt
1111 3203 1318 3258 omnia.
1349 3204 1394 3256 A
1440 3205 1598 3260 nobis
1631 3204 1792 3274 igitur
1827 3204 2137 3275 perdiscen-

2247 3207 2586 3261 κουκούλιον.
2618 3207 2802 3261 Ταῦτα
2828 3207 2885 3261 δὲ
2920 3207 3167 3278 σύμϐολά
3201 3211 3320 3262 ἐστι
3347 3226 3359 3239 ·
3391 3207 3484 3261 καὶ
3542 3203 3771 3273 ὀφείλομεν

493 3319 504 3329 -
551 3293 684 3349 dum
717 3303 820 3358 est,
855 3294 986 3364 quid
1033 3293 1148 3349 haec
1192 3295 1410 3350 habitus
1439 3297 1612 3351 nostri
1644 3296 1796 3366 signa
1829 3311 1936 3366 prae
1965 3312 2024 3352 se
2065 3295 2137 3350 fe-

2252 3297 2444 3370 μαθεῖν
2476 3299 2530 3352 τί
2561 3299 2920 3370 σημαίνουσιν
2954 3301 3085 3370 ἡμῖν
3119 3300 3188 3353 τὰ
3223 3299 3471 3370 σύμϐολα
3509 3295 3593 3350 τοῦ
3629 3293 3769 3364 σώμα-

555 3393 700 3440 rant.
753 3384 824 3440 Ut
855 3383 989 3455 quid
1030 3396 1210 3442 autem
1258 3387 1496 3442 tunicam
1528 3387 1768 3443 feramus
1797 3388 2001 3459 absque
2029 3403 2145 3442 ma-

556 3475 722 3544 nicis,
766 3491 889 3532 cum
923 3485 1115 3533 caetera
1147 3494 1378 3548 quaeque
1408 3479 1651 3534 manicas
1699 3479 1973 3534 habeant?
2003 3479 2144 3545 Quid

556 3567 801 3623 manicas
822 3583 930 3622 non
949 3569 1252 3634 habemus?
1272 3571 1498 3625 manicae
1521 3571 1672 3640 signa
1693 3579 1822 3626 sunt
1845 3587 2104 3625 manuum
2127 3590 2141 3626 :

549 3671 755 3716 manus
821 3672 998 3716 autem
1050 3663 1114 3716 ad
1146 3663 1420 3733 practicen
1457 3664 1749 3734 pertinent.
1803 3665 1938 3719 Cum
1986 3664 2146 3734 igitur

559 3749 801 3820 subrepit
844 3752 1000 3809 nobis
1046 3754 1302 3822 cogitatio
1337 3755 1516 3824 aliqua
1558 3755 1818 3825 operandi
1863 3765 1915 3810 et
1955 3756 2144 3826 agendi

559 3839 836 3909 quidpiam
870 3857 964 3912 per
997 3843 1212 3913 pristini
1241 3846 1477 3900 hominis
1507 3861 1724 3910 manus,
1759 3854 1942 3916 utpote
1975 3846 2145 3901 furari

560 3930 646 3983 vel
685 3931 992 3999 verberare,
1030 3942 1214 4004 atque,
1259 3944 1317 3989 ut
1344 3936 1520 3991 dicam
1575 3936 1829 4004 breviter,
1861 3948 2146 4008 peccatum

560 4017 781 4088 aliquod
823 4027 1038 4088 patrare
1083 4021 1322 4092 cogitas;
1372 4022 1722 4078 advertamus
1777 4030 1909 4078 tunc
1959 4025 2147 4078 oculos

562 4110 757 4165 mentis
780 4111 846 4165 ad
872 4112 1116 4167 habitum
1138 4123 1412 4180 nostrum,
1437 4115 1822 4186 discamusque
1846 4116 2037 4173 abesse
2068 4116 2146 4170 illi

561 4203 826 4270 manicas,
860 4204 914 4260 id
944 4217 1046 4271 est,
1072 4221 1181 4261 n0n
1217 4209 1418 4263 habere
1464 4223 1562 4263 nos
1595 4224 1792 4264 manus
1817 4207 1885 4262 ad
1917 4224 2148 4279 operan-

559 4292 688 4348 dum
721 4293 999 4364 quidpiam
1035 4295 1252 4366 pristini
1284 4295 1542 4350 hominis.
1578 4294 1751 4350 Habet
1775 4305 1829 4350 et
1855 4295 2037 4350 tunica
2063 4295 2144 4350 si-

2247 3408 2338 3455 τος
2371 3392 2392 3423 ⁸
2427 3391 2603 3461 ἡμῶν.
2635 3392 2734 3446 Διὰ
2763 3393 2816 3444 τί
2846 3391 3122 3464 φοροῦμεν
3150 3391 3402 3445 κολὸϐιον
3452 3389 3522 3459 μὴ
3552 3387 3656 3456 ἕχῦν
3692 3401 3769 3454 χει·

2254 3483 2394 3554 ρίδια
2420 3499 2434 3513 ο
2462 3483 2570 3536 τῶν
2601 3482 2777 3537 ἄλλων
2809 3484 3047 3554 ἐχόντων
3103 3485 3329 3539 πάντων
3363 3482 3604 3554 χειρίδια,
3650 3478 3768 3546 ἡμεῖς

2249 3595 2341 3648 διὰ
2383 3596 2435 3648 τί
2465 3596 2567 3649 οὐκ
2611 3595 2850 3667 ἕχομενς
2905 3598 2986 3652 Τὰ
3035 3597 3293 3668 χειρίδια,
3326 3593 3562 3665 σύμϐολά
3586 3589 3770 3644 εὲειτῶν

2251 3687 2471 3761 χειρῶν.
2512 3689 2576 3740 Ai
2613 3689 2669 3742 δὲ
2706 3691 2886 3760 χεῖρες
2935 3689 3309 3760 λαμϐάνονται
3367 3689 3446 3750 είς
3498 3683 3765 3757 πρακτικήν.

2255 3782 2384 3836 ’Ὂτε
2418 3777 2511 3834 οὖν
2541 3780 2758 3852 ἔρχεται
2793 3782 3050 3854 λογισμὸς
3075 3782 3372 3854 ἐνεργῆσαί
3401 3798 3452 3833 τι
3474 3779 3556 3832 διὰ
3583 3775 3674 3828 τῶν
3693 3790 3768 3842 χει-

2259 3877 2365 3948 ρῶν
2425 3877 2520 3932 τοῦ
2568 3877 2799 3932 παλαιοῦ
2824 3879 3138 3952 ἀνθρώπου,
3178 3879 3382 3932 ὑπόθου
3413 3872 3648 3944 κλέψαιῆ

2255 3986 2367 4039 Ραιν
2396 3968 2430 4039 ἦ
2463 3969 2651 4034 ἅπλῶς
2678 3971 2797 4024 (αἶαν
2817 3971 3017 4042 δήποτε
3040 3971 3324 4042 ἁμαρτίαν
3361 3968 3576 4036 ποιῆσαι
3598 3963 3671 4016 διὰ
3693 3957 3767 4011 τῶν

2253 4059 2472 4131 χειρῶν,
2503 4060 2793 4131 ὀφείλομεν
2826 4063 3112 4134 προσέχειν
3144 4061 3221 4133 τῷ
3251 4064 3488 4133 σχήματι
3511 4056 3666 4127 ἡμῶν,
3700 4049 3764 4102 καὶ

2257 4151 2472 4223 μαθεῖν,
2521 4153 2602 4207 ὅτι
2627 4153 2727 4206 ούκ
2760 4152 2956 4224 ἔχομεν
2987 4153 3218 4225 χειρίδια
3253 4171 3268 4184 ·
3326 4151 3466 4206 τοῦτ’
3514 4149 3659 4206 ἐστιν,
3698 4141 3767 4194 οῦκ

2255 4265 2452 4336 ἔχομεν
2487 4269 2674 4338 χεῖρας
2703 4266 2795 4319 τοῦ
2827 4266 3121 4338 ἐνεργῆσαί
3151 4285 3200 4321 τι
3230 4267 3326 4320 τοῦ
3358 4261 3574 4318 παλαιοῦ
3609 4253 3764 4324 ἀνθρώ-

565 4343 688 4348 ____-
725 4343 999 4364 νην-η-
1037 4343 1252 4366 ,._---..-
1578 4343 1751 4350 --π-η
1777 4343 1829 4350 --
1856 4343 2037 4350 ψην-
2064 4343 2107 4350 --

559 4398 728 4453 gnum
752 4399 1086 4454 purpureum
1114 4403 1128 4439 :
1152 4385 1306 4455 quid,
1334 4400 1457 4448 oro,
1481 4385 1533 4439 id
1561 4384 1760 4454 igitur?
1787 4385 1951 4440 habet
1979 4399 2137 4439 unus-

2256 4377 2380 4414 που.
2433 4359 2588 4431 Ἔχει
2617 4360 2760 4413 δὲτὸ
2803 4360 3047 4414 κολόϐιον
3112 4360 3269 4432 ἡμῶν
3322 4359 3417 4412 καὶ
3494 4343 3763 4447 amitam-fi

560 4471 796 4540 quisque
821 4472 988 4543 380
1011 4475 1124 4544 regi
1162 4475 1403 4530 militans
1430 4489 1724 4544 purpuram
1761 4473 1816 4528 in
1859 4473 1983 4527 lena
2020 4489 2143 4528 sua.

564 4559 640 4614 Ex
667 4574 777 4629 quo
802 4560 946 4614 enim
976 4577 1068 4616 rex
1092 4577 1390 4633 purpuram
1414 4561 1556 4617 ferre
1583 4563 1770 4632 ccepit,
1799 4575 1992 4616 omnes
2027 4560 2148 4630 ejus

563 4647 766 4706 milites
809 4648 1010 4719 togulis
1041 4650 1158 4704 suis
1188 4664 1461 4719 purpurea
1510 4651 1664 4719 signa
1720 4663 2022 4718 apposuere
2049 4667 2062 4702 :
2089 4655 2152 4701 ut

560 4754 630 4795 ex
643 4739 731 4795 bis
749 4746 1006 4811 appareat
1022 4739 1201 4812 regios
1222 4756 1342 4796 sese
1363 4756 1506 4807 esse,
1526 4750 1579 4795 et
1602 4740 1714 4810 regi
1738 4740 2098 4795 commilitare
2131 4757 2144 4794 :

561 4831 644 4887 sic
691 4838 747 4886 et
785 4846 887 4888 nos
932 4847 1265 4902 purpureum
1309 4833 1526 4904 signum
1566 4847 1664 4901 pro
1704 4832 1906 4886 amictu
1957 4840 2146 4889 nostro

562 4923 921 4993 sumpsimus,
948 4933 1008 4979 ut
1038 4932 1295 4994 appareat
1311 4924 1673 4979 commilitare
1708 4937 1811 4980 nos
1827 4921 2069 4988 Christo,
2094 4932 2148 4978 et

561 5014 709 5086 quod
739 5026 818 5072 tot
866 5015 1014 5071 illius
1049 5017 1222 5086 gratia
1284 5015 1527 5086 perferre
1564 5013 1848 5079 debemus,
1885 5025 2019 5084 quot
2059 5015 2148 5069 ille

562 5105 735 5162 nostri
761 5120 924 5162 causa
952 5108 1189 5177 pertulit.
1215 5105 1353 5162 Cum
1375 5107 1520 5161 enim
1549 5110 1742 5175 passus
1765 5117 1845 5161 est
1877 5105 2146 5160 Dominus

563 5209 766 5263 noster,
790 5213 1121 5268 purpuream
1143 5205 1350 5254 vestem
1385 5199 1638 5267 portavit.
1658 5196 1898 5252 Primum
1923 5198 2144 5268 quidem

563 5289 642 5344 uti
678 5305 775 5344 rex
799 5307 824 5345 ε
849 5297 932 5344 est
963 5291 1109 5343 enim
1159 5289 1276 5360 ipse
1321 5305 1498 5360 regum
1533 5290 1777 5344 omnium
1830 5305 1942 5354 rex,
1971 5299 2021 5342 et
2052 5289 2147 5342 clo-

565 5379 884 5434 minantium
922 5379 1178 5434 Dominus
1207 5377 1257 5435 ιι.
1287 5379 1539 5435 Secundo
1567 5387 1748 5434 autem
1782 5386 1844 5435 ut
1869 5379 2091 5434 delusus
2114 5395 2144 5434 a

565 5468 966 5538 profanissimis
997 5470 1104 5527 illis
1133 5469 1357 5527 Iudaeis.
1377 5469 1443 5526 Et
1467 5485 1565 5526 nos
1590 5469 1754 5541 igitur
1782 5469 1996 5540 signum
2017 5484 2137 5538 pur-

648 5649 672 5688 δ
697 5650 868 5718 Apoo.
921 5667 1033 5713 xix,
1074 5649 1154 5701 l6.

650 5811 670 5840 ⁸
701 5825 826 5897 Leg.
861 5829 1155 5898 σχήματος.

2255 4469 2386 4506 ποτε
2414 4453 2729 4524 πορφυροῦν
2753 4471 2766 4485 ·
2794 4453 2845 4506 τί
2873 4453 3019 4507 θέλει
3043 4453 3105 4505 τὸ
3139 4455 3367 4523 σημεῖον
3398 4437 3759 4516 τὸπορφυροῦνέ

2256 4547 2525 4610 Ἕκαστος
2564 4547 2992 4618 στρατευόμενος
3022 4547 3102 4615 τῷ
3135 4545 3366 4616 βασιλεῖ,
3399 4536 3658 4609 πορφύραν
3681 4528 3758 4596 EI“

2252 4639 2332 4701 είς
2360 4639 2419 4692 τὸ
2447 4638 2718 4709 χλανίδιον
2741 4637 2931 4693 αὐτοῦ.
2976 4637 3196 4707 Ἐπειδὴ
3229 4636 3340 4708 γὰρ
3369 4635 3396 4687 ὁ
3431 4627 3650 4702 βασιλεὺς
3671 4633 3758 4709 πολρ·

2253 4707 2648 4802 φύρανίξρορεῖ,
2682 4730 2883 4794 πάντες
2930 4731 2977 4783 oi
3012 4717 3623 4800 arpatsudpsvo'..a6ﬂ§),
3666 4707 3758 4811 βξλς

2252 4821 2436 4876 λουσιν
2506 4822 2813 4894 πορφύρα-ν’
2852 4824 2932 4886 εὶς
2992 4821 3054 4874 τὸ
3095 4821 3366 4892 χλανίδιον
3440 4810 3614 4870 αὐτῶν,
3648 4814 3744 4894 τουτ

2254 4911 2405 4965 ἔστιν
2434 4912 2495 4964 τὸ
2527 4893 2804 4981 βασιλικὸν
2836 4911 3042 4982 ἔνδυμα
3068 4928 3082 4942 ο
3123 4911 3211 4964 ἵνα
3241 4910 3332 4964 διὰ
3357 4906 3534 4961 τούτου
3572 4893 3756 4956 δείξωσιν

2253 5005 2338 5072 ὅτι
2364 5003 2458 5058 τοῦ
2495 5004 2760 5074 βασιλέως
2791 5004 2917 5070 εἰσὶ,
2955 5003 3052 5056 καὶ
3073 5005 3156 5056 ὅτι
3220 5000 3367 5072 αὑτῷ
3397 4988 3751 5067 στρατεύονται⁶

2253 5096 2427 5162 οὕτως
2476 5097 2570 5150 καὶ
2599 5100 2763 5166 ἡμεῖς
2815 5097 2878 5150 λα
2890 5096 3169 5167 μϐάνομεν
3197 5096 3259 5149 τὸ
3320 5092 3529 5164 σημεῖον
3561 5080 3614 5133 τὸ
3659 5087 3752 5168 πσρς

2256 5189 2461 5261 φυροῖΝ
2492 5191 2572 5253 είς
2608 5189 2672 5241 τὸ
2700 5188 2946 5241 κολὸϐιον
2999 5188 3177 5259 ἡμῶν,
3243 5183 3556 5240 δεικνύοντες
3594 5172 3749 5261 ὅτι-τῳ

2253 5280 2475 5352 Χριστῷ
2505 5281 2962 5350 ἐστρατεύθημεν,
2993 5282 3084 5334 καὶ
3109 5275 3481 5350 χρεωστοῠμεν
3533 5264 3749 5354 {inops-1:12}

2244 5341 2342 5427 ὅλα
2369 5341 2770 5443 τέπαθίγματα
2801 5341 2988 5438 αύτού,
3025 5341 3407 5441 ὅσάιύπέμεινε
3437 5353 3651 5428 δι’ἡμᾶςι
3674 5341 3746 5396 καὶ

2244 5465 2354 5535 γὰρ
2376 5465 2462 5519 ὅτε
2494 5463 2694 5518 ἔπαθεν
2721 5466 2749 5518 ὁ
2785 5463 3056 5534 Δεσπότης
3075 5462 3256 5534 ἡμῶν,
3291 5460 3499 5530 ἐφόρεσε
3525 5447 3578 5503 τὺ
3601 5451 3746 5507 πορν
