4020 6490
279 443 421 512 i633

1697 450 2074 513 DOCTRINA
2115 454 2143 514 Ι

3355 401 3381 425 ο
3418 467 3551 533 1634

274 563 409 632 pou:
444 563 679 634 ιμάτιον.
729 562 949 636 Πρῶτον
989 562 1087 634 μὲν
1114 562 1189 625 ὡς
1224 561 1479 633 βασιλεύς
1508 579 1519 591 ·
1571 563 1731 626 αὐτὸς
1765 565 1861 636 γάρ

1978 580 2480 663 ριιινρυηὶβθΐθῐιιεβ
2496 572 2563 663 ad
2586 573 2860 632 toleranda
2883 592 3112 652 quaeque
3126 597 3225 652 pro
3251 599 3317 641 eo
3338 602 3557 663 promp-

278 655 434 708 ἑστιν
465 658 499 709 ό
527 655 833 721 ,ϐασιλεὺς
866 653 984 709 τῶν
1006 654 1489 723 βασιλευόντων,
1532 652 1634 705 καὶ
1655 654 1871 720 Κύριος

270 742 402 798 τῶν
447 747 889 816 κυριευόντων*
950 747 1141 800 ἔπειτα
1194 744 1250 798 δὲ
1278 743 1372 798 καὶ
1409 744 1484 807 ὡς
1530 745 1870 816 ὲμπαιζόμεο

269 851 368 899 νος
380 836 485 891 ὑπὸ
511 837 621 892 τῶν
643 837 922 893 δυσσεϐὦν
951 837 1198 891 ἐκείνων.
1220 834 1332 890 Καὶ
1359 836 1521 906 ἡμεῖς
1547 830 1641 889 οὖν
1658 834 1873 905 ἔχοντες

264 926 337 978 τὸ
373 931 600 999 σημεῖον
632 928 693 983 τὸ
719 928 1062 1001 πορφυροῦν,
1102 927 1575 996 ἐπαγγελλόμεθα,
1593 927 1668 990 ὡς
1698 922 1867 992 εἷπον,

268 1018 580 1090 ὑποφέρειν
643 1020 824 1075 πάντα
872 1019 941 1074 τὰ
972 1019 1273 1090 παθήματα
1298 1017 1487 1083 αὐτοῦ,
1514 1034 1611 1073 ’.αι
1630 1019 1818 1090 ὥσπερ
1845 1017 1875 1071 ὁ

266 1111 627 1182 στρατιώτης
653 1112 755 1165 ούκ
790 1113 902 1182 ἁφῇ
932 1112 1032 1181 την
1071 1110 1334 1183 στρατίαν
1372 1109 1569 1174 αὐτοῦ,
1607 1112 1703 1163 καὶ
1773 1111 1879 1163 ὐπ-

269 1200 429 1268 ἀγων
463 1200 973 1273 γίνεταιγεωργὺςῆ
1001 1198 1447 1272 πραγματευτὴς,
1472 1199 1596 1253 ἐπεὶ
1625 1200 1879 1253 ἐκπίπτει

264 1292 381 1361 τῆς
428 1291 590 1357 ἀξίας
669 1293 861 1359 αὐτοῦ,
922 1292 998 1357 ὡς
1040 1292 1233 1361 λέγειὸ
1273 1291 1594 1355 Ἀπόστολος
1625 1305 1641 1323 °
1671 1288 1879 1358 Οὐδείς

267 1385 758 1453 στρατευόμενος
781 1382 1144 1452 ἐμπλέκεται
1173 1382 1303 1449 ταῖς
1326 1383 1434 1437 τοῦ
1449 1381 1596 1447 ,βίου
1612 1397 1877 1452 πραγμα-

1975 660 2056 706 tos
2100 654 2471 748 profiteamur.
2521 656 2587 748 Et
2623 664 3079 731 quemadmodum
3121 672 3279 728 miles
3330 654 3559 748 nequid-
3656 684 3660 689 ’

1972 754 2136 836 quam
2154 743 2366 836 ‘militia
2390 760 2487 801 sua
2528 747 2773 817 dimissa,
2804 767 3078 811 mercator
3099 757 3269 817 ﬂtaut
3297 743 3556 836 agricola,

1974 830 2067 885 sed
2096 829 2328 888 militare
2352 836 2546 906 pergit,
2572 846 2629 893 ut
2656 840 2731 896 ait
2758 840 3086 913 Apostolus:
3126 848 3297 907 Nemo
3318 829 3557 911 militans

1974 916 2084 971 Deo
2136 919 2372 1010 implicat
2399 939 2454 977 se
2483 927 2703 995 negotiis
2751 932 3111 1003 sweularibus,
3149 947 3209 991 ut
3250 940 3559 1010 imperatori

1983 1023 2080 1062 suo
2129 1008 2334 1077 placere
2354 1021 2509 1081 queat
2546 1015 2564 1055 i
2600 1056 2614 1070 .
2641 1015 2715 1071 ita
2743 1032 2845 1073 nos
2867 1021 2913 1075 si
2953 1024 3066 1078 veri
3094 1008 3392 1084 certatores
3434 1045 3559 1086 esse

1981 1101 2256 1170 cupimus,
2302 1104 2641 1174 negligamus
2672 1122 3011 1181 quaecunque
3043 1123 3172 1171 sunt
3196 1118 3386 1174 mundi
3419 1138 3433 1174 :
3460 1136 3557 1177 so-

1980 1192 2127 1263 lique
2159 1193 2270 1248 Deo
2304 1195 2601 1263 dedamus,
2636 1200 2737 1254 soli
2764 1203 3120 1274 assistamus,
3155 1209 3257 1264 soli
3287 1210 3558 1283 obsequa-

1980 1300 2126 1350 mur,
2212 1286 2315 1342 soli
2373 1288 2677 1346 serviamus
2735 1310 2751 1347 :
2800 1301 2860 1348 ut
2910 1296 3004 1365 sit,
3050 1300 3194 1370 quod
3241 1302 3338 1371 ait,
3398 1305 3557 1376 virgo

1979 1379 2226 1435 assidens
2255 1388 2310 1436 et
2340 1396 2371 1435 a
2390 1381 2541 1437 nullo
2566 1382 2824 1441 distracta
2858 1383 2906 1442 i.

267 1478 480 1545 τειαιςσ
506 1480 607 1533 ἵνα
636 1480 717 1544 τῷ
743 1478 1297 1549 στρατολογήσαντι
1317 1477 1594 1547 ἀρέσειεν
1626 1494 1641 1506 ο
1672 1477 1845 1537 οὕτως
1882 1475 1974 1530 καὶ
2012 1475 2170 1548 ἡμεῖς
2191 1475 2479 1547 ὀφείλομεν
2520 1476 2753 1549 ἀθλῆσαι
2786 1481 2879 1535 καὶ
2902 1481 3273 1556 ἀμεριμνῆσαι
3297 1490 3404 1546 ἀπὺ
3422 1494 3554 1550 πᾶν.

263 1587 387 1623 των
438 1568 547 1622 τῶν
590 1567 686 1623 τοῦ
729 1569 934 1641 κόσμου
961 1570 1175 1638 τούτου,
1247 1570 1342 1622 καὶ
1381 1568 1502 1640 Θεῴ
1564 1568 1712 1641 μόνῳ
1771 1567 2052 1640 σχολάσαι,
2110 1565 2187 1629 ὡς
2250 1565 2421 1635 λέγει,
2499 1566 2585 1621 ἵνα
2648 1564 2985 1642 ᾖπαρθένος
3045 1575 3401 1650 εύπάρεόρος,
3453 1585 3553 1640 καὶ

271 1661 719 1733 ἀπερίσπαστος.

358 1753 459 1809 ll“.
502 1749 744 1822 Ἐχομεν
775 1750 834 1804 δὲ
880 1752 974 1805 καὶ
1005 1748 1182 1820 ζώνην
1213 1767 1227 1781 ο
1255 1749 1345 1804 διὰ
1379 1750 1434 1804 τί
1467 1749 1525 1805 δὲ
1558 1746 1861 1822 φοροῦμεν;

2040 1742 2180 1799 XIII.
2216 1741 2494 1800 Habemus
2530 1752 2708 1800 autem
2750 1754 2805 1801 et
2856 1762 3049 1804 zonam
3094 1753 3371 1821 pelliceam
3406 1757 3553 1814 circa

280 1844 359 1898 Ἦ
388 1844 534 1914 ζώνη
569 1844 635 1914 ἢν
659 1842 956 1914 φοροῦμεν,
1008 1841 1280 1912 σύμϐολόν
1324 1843 1442 1897 ἔστι
1491 1840 1709 1914 πρῶτον
1741 1843 1861 1915 μὲν,

270 1936 363 1989 ὅτι
412 1935 581 2008 ἐσμὲν
606 1934 1030 2006 εύτρεπισμένοι
1056 1935 1137 1997 είς
1167 1933 1327 2005 ἔργον
1353 1976 1367 1990 .
1417 1935 1690 1999 Ἕκαστος
1753 1935 1865 2004 γὰρ

275 2027 455 2082 θέλων
526 2025 894 2097 ἐργάσασθαι,
946 2025 1164 2096 πρῶτον
1203 2025 1487 2091 ζώννυται,
1545 2024 1637 2079 καὶ
1689 2021 1864 2091 οὕτως

278 2118 510 2190 ἄρχεται
546 2117 640 2172 τοῦ
673 2116 856 2190 ἔργου,
884 2116 961 2180 ὡς
991 2116 1157 2186 λέγει,
1199 2118 1521 2172 Ἔστωσαν
1543 2120 1603 2171 al
1634 2117 1862 2186 ὀσφύες

277 2207 455 2277 ὑμῶν
484 2205 979 2277 περιεζωσμέναι·
1022 2208 1117 2261 καὶ
1139 2207 1324 2273 πάλιν,
1379 2207 1465 2261 ἵνα
1503 2207 1692 2279 ὥσπερ
1746 2206 1862 2260 ἐστὶ

272 2300 393 2353 ἀπὸ
434 2298 631 2371 νεκροῦ
670 2297 920 2369 σώματος
950 2298 984 2369 ἡ
1014 2297 1182 2371 ζώνη,
1215 2297 1390 2362 οὔτως
1421 2298 1517 2351 uati.
1544 2298 1708 2369 ἡμεῖς
1773 2315 1863 2351 νε·-

271 2384 587 2457 κρώσωμεν
611 2386 709 2459 τὴν
742 2382 1039 2457 δπιθυμίαν
1095 2387 1274 2458 ἡμῶν.
1325 2386 1482 2439 Ἐστι
1524 2387 1632 2458 γὰρ
1659 2388 1691 2458 ἠ
1715 2384 1860 2457 ζώνη

270 2478 421 2532 κατὰ
446 2478 547 2548 τῆς
572 2477 773 2547 ὀσφύος
808 2477 964 2549 ἡμῶν
987 2493 1001 2509 ·
1037 2477 1154 2531 ἐκεῖ
1175 2478 1233 2531 δέ
1276 2480 1416 2532 εἰσιν
1457 2478 1505 2531 οἱ
1532 2479 1740 2549 νεφροὶ,
1804 2478 1861 2531 ὲν

268 2563 361 2630 οἷς
393 2568 611 2637 λέγεται
658 2563 800 2622 εἶναι
840 2569 904 2621 τὸ
950 2568 1347 2639 ἐπιθυμητικὸν
1377 2570 1475 2639 τῆς
1503 2565 1701 2638 ψυχῆς.
1748 2566 1861 2621 Καὶ

266 2658 438 2713 τοῦτό
468 2661 615 2713 εστιν
642 2658 671 2711 ὃ
703 2658 854 2728 λέγει
881 2660 910 2713 ὁ
963 2658 1286 2723 Ἀπὸστολος
1308 2675 1325 2693 ο
1378 2656 1736 2726 Νεκρὼσατε
1789 2656 1861 2711 τὰ

259 2751 432 2820 μέλη
461 2748 630 2819 ὑμῶν
656 2750 732 2806 τὰ
772 2749 873 2803 ἐπὶ
893 2749 1005 2818 τῆς
1066 2747 1200 2818 γῆς,
1258 2748 1566 2817 πορνείαν,
1603 2748 1861 2818 ἀκαθαρ-

266 2841 445 2906 σίαν,
500 2840 592 2893 καὶ
624 2840 693 2893 τὰ
724 2838 871 2911 ἑξῆς.
918 2839 1156 2910 Ἔχομεν
1190 2838 1282 2893 καὶ
1325 2837 1596 2893 ἀνάλαϐον
1621 2855 1634 2868 ·
1681 2840 1711 2892 ό
1738 2839 1863 2892 ἀνά-

267 2931 443 2997 λαϐος
493 2930 702 2986 τίθεται
734 2930 1098 3003 σταυροειδῶς
1130 2929 1222 2984 ἐπὶ
1276 2931 1404 2992 τοὺς
1434 2928 1620 3001 ὤμους
1662 2931 1820 3001 ἡμῶν
1841 2945 1856 2959 ’

267 3019 425 3072 τοῦτ’
451 3017 587 3085 ἔστι,
636 3017 732 3074 τοῦ
787 3018 1026 3091 σταυροῦ
1085 3019 1146 3072 τὸ
1192 3017 1461 3088 σύμϐολον
1520 3017 1859 3088 βαστάζομεν

1967 1849 2130 1890 renes
2160 1842 2396 1890 nostros.
2422 1832 2477 1889 ld
2506 1836 2720 1905 signum
2743 1846 2844 1904 est,
2877 1839 2944 1895 ad
2986 1854 3126 1910 opus
3167 1844 3425 1915 quodque
3456 1863 3552 1904 ac-

1963 1928 2145 1994 cincti,
2182 1936 2241 1983 ut
2272 1943 2436 1997 quam
2465 1928 2700 1997 primum
2733 1929 2906 1987 simus
2932 1940 2986 1987 et
3022 1935 3219 2002 parati.
3250 1935 3554 1995 Laboratu-

1964 2033 2059 2073 rus
2092 2017 2235 2073 enim
2264 2018 2386 2088 quis
2408 2018 2584 2088 primo
2614 2019 2937 2090 accingitur,
2968 2032 3022 2078 et
3044 2024 3124 2078 sic
3157 2026 3374 2082 demum
3412 2045 3553 2100 opus

1964 2108 2294 2181 aggreditur,
2329 2118 2389 2164 ut
2419 2110 2642 2179 dicitur,
2675 2110 3027 2184 Accingimini
3059 2133 3204 2173 renes
3249 2116 3446 2176 vestras
3474 2123 3546 2180 ιτ

1961 2200 2274 2256 mortificati
2308 2216 2524 2272 quoque
2567 2205 2817 2273 corporis
2863 2206 3079 2278 signum
3131 2218 3233 2265 est.
3265 2209 3375 2267 Nos
3402 2213 3549 2269 enim

1961 2291 2227 2347 desideria
2254 2300 2439 2347 nostra
2462 2293 2785 2350 mortiﬁcare
2807 2297 3067 2354 debemus
3096 2316 3111 2354 :
3136 2303 3550 2376 praisertimque

1959 2398 2024 2440 ea
2063 2399 2187 2454 quae
2234 2399 2266 2439 a
2296 2385 2522 2441 renibus
2554 2389 2873 2456 procedunt,
2907 2390 2960 2444 in
3001 2393 3199 2462 quibus
3225 2396 3417 2453 animae
3449 2413 3546 2454 vo-

1960 2473 2139 2545 luptas
2189 2489 2311 2531 esse
2347 2475 2566 2530 dicitur;
2602 2475 2764 2532 Juxta
2791 2480 2935 2550 quod
2985 2482 3164 2539 aiebat
3212 2489 3543 2557 Apostolus:

1961 2563 2284 2634 Mortiﬁcate
2333 2568 2567 2623 membra
2613 2579 2786 2625 vestra
2811 2587 2929 2641 qua:
2971 2584 3094 2628 sunt
3139 2592 3296 2647 super
3325 2589 3542 2651 terram,

1962 2656 2395 2730 fornicationem,
2427 2662 2823 2718 immunditiam
2861 2664 2879 2704 ι
2909 2684 2922 2720 :
2955 2682 3183 2740 quaeque
3219 2684 3541 2743 sequuntur.

1961 2743 2239 2802 Habemus
2283 2757 2338 2803 et
2391 2750 2707 2806 analabum.
2756 2752 3056 2819 Analabus,
3094 2773 3190 2813 seu
3234 2762 3545 2819 succincto-

1962 2836 2126 2902 rium,
2150 2839 2205 2894 in
2235 2840 2415 2896 crucis
2441 2841 2660 2896 modum
2689 2844 2929 2913 ponitur.
2956 2844 3134 2917 Super
3160 2848 3417 2909 humeros
3443 2870 3545 2909 au-

1960 2936 2069 2983 tem
2118 2940 2334 2988 nostros
2376 2933 2558 2989 crucis
2605 2934 2822 3005 signum
2867 2936 3181 3004 deferimus,
3211 2956 3364 2999 exeo
3396 2946 3543 3015 quod

1960 3019 2163 3076 dicitur
2193 3041 2205 3076 :
2242 3020 2386 3079 Tolle
2424 3040 2633 3081 crucem
2664 3036 2830 3096 tuam,
2860 3038 2910 3083 et
2937 3047 3151 3101 sequere
3182 3049 3263 3089 me
3288 3044 3326 3067 "
3352 3075 3369 3090 .
3398 3036 3542 3105 Quid

271 3113 362 3176 εἰς
396 3112 521 3176 τοὺς
548 3110 738 3183 ὤμους
798 3112 977 3184 ἡμῶν,
1028 3109 1214 3174 καθὼς
1282 3110 1454 3177 λέγει,
1514 3105 1707 3178 *Λρον
1753 3109 1861 3163 τόν

1962 3125 2047 3167 eSt
2083 3111 2228 3167 aliud
2261 3130 2395 3169 crux
2418 3132 2581 3186 quam
2617 3133 2742 3173 vera
2770 3122 3137 3189 mortiﬁcatio,
3178 3140 3301 3195 quae
3328 3143 3357 3182 a
3382 3129 3542 3187 nobis

268 3203 545 3272 σταυρόν
577 3218 693 3258 σου
720 3203 820 3258 καί
848 3204 1167 3260 ἀκολούθει
1204 3219 1325 3271 μοι.
1357 3200 1501 3254 Τίδέ
1552 3204 1668 3254 ἐστι
1698 3217 1860 3254 σταυ-

270 3296 372 3368 ρὸς
424 3293 537 3350 ἀλλ’
571 3296 604 3366 ἢ
652 3295 831 3349 τελεία
856 3295 1124 3367 νέκρωσις
1163 3296 1286 3366 ἥτις
1324 3293 1682 3365 κατορθοῦται
1728 3295 1860 3364 ἡμῖν

267 3387 364 3440 διὰ
408 3387 508 3462 τῆς
551 3388 632 3451 είς
673 3386 911 3458 Χριστὸν
940 3385 1218 3454 πίστεως;
1282 3387 1346 3440 Ἥ
1372 3385 1481 3456 γὰρ
1542 3385 1743 3451 πίστις,
1783 3385 1860 3450 ὡς

266 3478 427 3548 λέγει
483 3477 644 3533 πάλιν
698 3480 779 3543 είς
815 3477 877 3532 τὸ
907 3478 1246 3550 γεροντικὸν,
1308 3476 1654 3548 περιστέλλει
1685 3476 1771 3530 ἀεὶ
1791 3477 1860 3530 τὰ

270 3569 578 3636 κωλύοντα,
630 3570 722 3624 καὶ
762 3570 1159 3641 ἀνεμπόδιστον
1187 3573 1334 3623 ποιεῖ
1375 3571 1511 3640 ἡμῖν
1539 3569 1637 3641 τὴν
1702 3571 1858 3642 ἐνερ-

269 3660 494 3732 γασίαν,
527 3663 628 3734 τὴν
677 3660 951 3734 φέρουσαν
992 3663 1139 3734 ἡμᾶς
1212 3663 1291 3727 είς
1332 3663 1591 3733 τοιαύτην
1649 3661 1860 3716 τελείαν

272 3756 544 3827 νέκρωσιν
574 3772 588 3787 ο
657 3754 803 3808 τοῦτ’
849 3754 1017 3819 ἔστιν,
1078 3755 1161 3808 ἵνα
1212 3756 1465 3828 νεκρώσῃ
1516 3771 1603 3818 τις
1670 3754 1859 3808 ἑαυτὸν

272 3847 385 3899 ἀπὸ
415 3846 633 3901 πάντων
662 3846 772 3900 τῶν
817 3844 911 3899 τοῦ
942 3844 1149 3916 κόσμου
1174 3843 1365 3899 τούτου
1385 3860 1398 3873 ·
1436 3849 1531 3897 καὶ
1558 3844 1653 3899 ἐὰν
1677 3844 1857 3913 ἀφῆκε

276 3942 457 4007 γονεῖς
476 3981 491 4006 ,
521 3939 607 3993 ἵνα
655 3939 992 4010 ἀγωνίσηται
1043 3939 1138 3993 καὶ
1167 3939 1302 4010 πρὸς
1329 3938 1430 4007 τὴν
1457 3936 1855 4009 προσπάθειαν,

276 4032 484 4102 ὁμοίως
512 4032 605 4085 καὶ
633 4034 892 4104 χρήματα
925 4031 957 4103 ἢ
981 4032 1256 4103 κτήματα,
1288 4030 1384 4083 καὶ
1413 4029 1646 4084 ἕκαστον
1676 4029 1857 4100 πρᾶγ·
1902 4056 1917 4073 ι

279 4138 360 4190 μα
389 4119 417 4173 δ
438 4120 484 4174 δ’
516 4121 581 4175 ἂν
620 4119 959 4190 ἁποτάξηταί
983 4137 1088 4185 τις,
1119 4118 1249 4191 θέλῃ
1287 4118 1380 4172 καὶ
1411 4118 1547 4189 αὐτῇ
1592 4121 1661 4189 τῇ
1691 4132 1864 4188 προσ·

282 4211 491 4284 παθείᾳ
550 4212 718 4267 αὐτοῦ
761 4210 1163 4278 ἀποτάξασθαι,
1198 4209 1382 4275 καθὼς
1429 4210 1525 4265 καὶ
1562 4209 1661 4281 ἢδη
1705 4208 1857 4261 εἴπο-

270 4323 382 4376 μεν
422 4322 437 4337 ·
462 4304 555 4360 καὶ
585 4304 722 4376 αὕτη
752 4305 900 4359 ἐστὶν
940 4306 973 4375 ἡ
1020 4304 1202 4359 τελεία
1227 4302 1501 4373 ἀποταγή.
1560 4299 1856 4371 Λαμϐάνο-

273 4412 381 4465 μεν
436 4395 494 4448 δὲ
538 4395 892 4449 κουκούλιονο
950 4395 1110 4449 τοῦτο
1148 4395 1208 4449 δέ
1256 4396 1372 4448 ἐστι
1444 4392 1713 4463 σύμϐολον
1754 4392 1853 4464 τῆς

266 4484 679 4549 ταπεινώσεως.
717 4487 799 4540 Τὰ
851 4487 1019 4558 νήπια
1065 4482 1174 4557 γὰρ
1225 4484 1296 4538 τὰ
1340 4484 1512 4556 μικρὰ
1555 4484 1626 4537 τὰ
1671 4483 1854 4538 ἄκακα

269 4576 505 4647 φοροῦσι
548 4576 845 4630 κουκούλια
871 4592 884 4606 ο
941 4575 1228 4648 ἄνθρωπος
1262 4575 1319 4628 δὲ
1362 4574 1568 4637 τέλειος
1617 4572 1852 4628 κουκού-

264 4668 389 4722 λιον
419 4669 479 4721 ού
512 4668 689 4738 φορεῖ.
733 4668 927 4737 Ἡμεῖς
955 4664 1051 4722 οὖν
1101 4667 1189 4721 διὰ
1216 4666 1377 4721 τοῦτο
1421 4664 1718 4737 φοροῦμεν,
1765 4666 1853 4720 ἵνα

266 4757 656 4828 νηπιάζωμεν
687 4756 761 4827 τῇ
785 4758 989 4825 κακίᾳ.
1034 4760 1110 4822 ὡς
1163 4756 1310 4826 λέγει
1376 4757 1407 4809 ὁ
1486 4754 1807 4819 Ἀπόστολος
1835 4771 1850 4785 ·

269 4850 372 4919 Μὴ
427 4848 635 4904 παιδία
678 4849 922 4918 γίνεσθε
963 4848 1098 4916 ταῖς
1144 4847 1384 4918 φρεσὶν,
1442 4846 1606 4903 ἀλλὰ
1636 4844 1714 4916 τῇ
1744 4863 1853 4901 κα-

267 4946 373 5013 κίᾳ
412 4943 745 5014 νηπιάζετε.
794 4945 865 4999 Τί
902 4944 960 4998 δέ
986 4946 1104 4998 ἐστι
1151 4944 1212 4997 τὸ
1242 4942 1528 5013 νηπιάζειν
1548 4945 1615 5015 τῇ
1642 4941 1849 5014 κακίας

265 5038 345 5091 To
395 5037 627 5108 νήπιον,
682 5037 744 5090 τὸ
789 5035 866 5107 μὴ
928 5034 1053 5105 ἔχον
1108 5034 1343 5098 κακίαν,
1399 5033 1494 5088 ἐὰν
1541 5033 1849 5105 ἀτιμασθῇ,

261 5133 371 5183 οᾷκ
412 5128 715 5199 ὀργίζεται,
759 5127 856 5182 καὶ
884 5126 980 5180 ἐὰν
1007 5123 1236 5196 τιμηθῇ,
1284 5125 1347 5179 ού
1396 5123 1701 5190 ηνοδοξες·
1752 5125 1851 5180 ἐὰν

264 5219 410 5284 λάϐῃ
443 5234 527 5283 τις
561 5218 632 5271 τὰ
691 5217 880 5284 αὑτοῦ,
925 5217 985 5271 ού
1035 5216 1279 5271 θλίϐεται
1308 5235 1320 5248 ·
1361 5215 1616 5287 νηπιάζει
1649 5216 1760 5288 γὰρ
1783 5219 1849 5289 τῇ

266 5313 467 5381 κακίᾳ,
496 5310 597 5364 οὒκ
636 5307 918 5361 ἔπεκδικεῖ
956 5305 1151 5371 πάθος,
1205 5307 1307 5360 οὐκ
1353 5305 1713 5361 ἀντιποιεῖται
1764 5308 1852 5361 δό-

270 5400 389 5471 ξης,
426 5402 583 5455 Ἔστι
606 5401 845 5456 πάλιντὸ
865 5398 1181 5456 κουκούλιον
1208 5399 1476 5471 σύμϐολον
1501 5401 1602 5471 τῆς
1630 5402 1853 5473 χάριτος

267 5492 365 5545 τοῦ
394 5492 548 5547 Θεοῦ.
588 5495 712 5547 Ὀτι
758 5492 950 5563 ὥσπερ
988 5492 1048 5546 τδ
1096 5492 1413 5547 κουκούλιον
1444 5493 1708 5558 σκεπάζει
1755 5496 1853 5550 καὶ

272 5583 462 5638 θάλπει
491 5584 590 5655 τὴν
627 5585 873 5657 κεφαλὴν
921 5583 1016 5638 τοῦ
1065 5582 1306 5647 παιδίου,
1354 5582 1529 5647 οὕτως
1564 5583 1662 5638 καὶ
1685 5585 1720 5655 ἡ
1746 5585 1848 5655 χά-

348 5764 365 5804 ί
400 5763 438 5816 Il
472 5763 615 5818 Tim.
644 5777 704 5824 ιι,
741 5760 793 5815 4.
873 5756 886 5810 i
927 5758 965 5815 I.
996 5757 1126 5815 Cor.
1162 5775 1262 5823 vn,
1297 5759 1387 5812 54.

218 5846 225 5853 ‘
268 5834 361 5901 5-5,
400 5833 527 5890 Luc.
563 5849 647 5904 ix,
672 5832 770 5888 95.
836 5829 904 5884 lll
964 5829 1093 5886 Cor.
1127 5844 1241 5896 xw,
1266 5828 1357 5885 20.

1880 4452 1930 4510 D

1958 3201 2183 3273 erigitur
2207 3219 2304 3274 per
2321 3204 2480 3260 [idem
2505 3223 2665 3277 quam
2689 3209 2951 3266 habemus
2974 3213 3027 3266 in
3054 3213 3369 3286 Christum]?
3382 3216 3542 3275 Fides

1959 3295 2125 3361 enim,
2155 3304 2213 3349 ut
2235 3296 2435 3351 dicitur
2453 3314 2647 3354 rursus
2678 3300 2729 3353 in
2759 3300 2899 3356 libro
2928 3318 3143 3370 senum,
3172 3319 3385 3365 amovet
3405 3326 3541 3367 sem-

1959 3396 2056 3454 per
2086 3392 2141 3438 et
2182 3383 2395 3453 repellit
2426 3401 2767 3455 quaecunque
2795 3396 2922 3443 sunt
2964 3390 3370 3461 impedimento,
3398 3404 3452 3452 et
3475 3396 3543 3451 li-

1958 3475 2143 3529 beram
2177 3476 2337 3532 nobis
2374 3477 2550 3531 reddit
2598 3481 2992 3548 operationem,
3034 3499 3155 3552 qua}
3189 3500 3290 3541 nos
3313 3486 3380 3541 ad
3416 3503 3541 3558 per-

1960 3565 2160 3624 fectam
2186 3566 2330 3622 hanc
2361 3567 2836 3623 mortificationem
2877 3570 3133 3639 deducit;
3173 3572 3226 3628 id
3259 3585 3361 3640 est,
3401 3587 3459 3631 ut
3486 3593 3543 3633 se

1961 3660 2140 3731 ipsum
2191 3660 2427 3730 quisque
2477 3659 2661 3715 saeculi
2701 3660 2866 3716 rebus
2893 3663 3121 3718 omnino
3150 3674 3336 3732 exuat,
3370 3677 3422 3722 et
3449 3683 3543 3723 ea-

1959 3755 2210 3809 rumdem
2251 3754 2456 3824 pariter
2489 3762 2676 3808 amere
2723 3761 2887 3823 atque
2932 3753 3238 3811 aﬂ'ectione.
3291 3756 3543 3830 Reliqui-

1959 3862 2084 3901 mus
2127 3846 2272 3901 enim
2322 3846 2568 3901 certatim
2625 3856 2905 3915 parentes,
2961 3847 3284 3918 reliquimus
3335 3865 3541 3920 agros,

1958 3936 2352 4011 possessiones,
2403 3937 2666 4007 pecunias
2716 3947 2771 3992 et
2821 3952 3160 4009 quaecunque
3218 3940 3376 4005 nobis
3422 3940 3537 3997 fue-

1956 4038 2080 4085 rant
2122 4028 2664 4094 abrenuntiavimus;
2726 4027 3175 4083 abrenuntiemus
3230 4029 3435 4097 pariter
3484 4039 3537 4086 et

1956 4121 2221 4187 affectui,
2292 4120 2484 4191 sicque
2549 4118 2768 4190 perfecti
2841 4121 3049 4175 erimus
3130 4120 3527 4197 abrenuntiato-

1956 4230 2065 4269 res.
2128 4211 2377 4267 Ferimus
2440 4220 2493 4267 et
2543 4210 2840 4274 cucullum,
2886 4211 3031 4280 quod
3072 4211 3393 4270 innocentiae
3456 4217 3535 4273 si-

1958 4320 2121 4377 gnum
2168 4312 2252 4358 est
2304 4309 2360 4357 et
2410 4301 2682 4372 puritatis.
2726 4301 2891 4357 Pueri
2920 4301 3064 4355 enim
3101 4303 3308 4373 parvuli
3351 4306 3540 4361 cucul-

1959 4397 2072 4450 lum
2113 4394 2331 4459 ferunt,
2382 4409 2491 4448 non
2540 4393 2644 4447 viri
2703 4390 2951 4463 perfecti.
3016 4389 3127 4448 Nos
3182 4392 3344 4463 igitur
3416 4395 3534 4450 ideo

1957 4486 2230 4543 cucullum
2276 4484 2524 4549 ferimus,
2563 4492 2622 4539 ut
2644 4483 2854 4552 paruuli
2883 4484 3056 4540 simus
3081 4483 3310 4549 malitia,
3347 4499 3537 4556 quem-

1959 4579 2248 4635 admodum
2298 4584 2485 4633 monet
2521 4575 2814 4646 Apostolus
2857 4594 2872 4629 :
2928 4573 3113 4631 Nolite
3151 4578 3385 4631 sensibus
3406 4594 3533 4648 par-

1959 4671 2069 4726 uuli
2120 4686 2271 4736 esse,
2324 4667 2538 4722 malitia
2594 4666 2807 4733 parvuli
2858 4675 3022 4722 estote
3066 4676 3115 4723 ’³.
3167 4666 3311 4735 Quid
3354 4678 3534 4726 autem

1959 4764 2235 4834 significat
2282 4761 2488 4816 malitia
2547 4760 2836 4830 parvulum
2898 4758 3066 4816 esse?
3108 4757 3378 4816 Parvulus
3419 4765 3539 4819 sine

1957 4857 2166 4914 malitia
2193 4897 2208 4922 ,
2255 4870 2286 4911 a
2331 4868 2660 4926 quocunque
2715 4861 3046 4923 spernatur,
3091 4868 3199 4909 non
3243 4854 3536 4924 irascitur;
3603 4837 3616 4849 ’

1957 4949 2294 5014 honoratus,
2341 4962 2451 5000 non
2493 4945 2717 5001 effertur
2760 4945 2815 5000 in
2872 4943 3097 5017 gloriam
3143 4962 3380 5012 vanam;
3426 4948 3536 5017 pri-

1957 5052 2113 5097 vatus
2161 5047 2257 5094 aut
2303 5038 2570 5108 spoliatus
2616 5036 2891 5107 propriis,
2950 5051 3059 5091 non
3097 5036 3371 5107 amigitur.
3402 5036 3530 5090 Par-

1956 5131 2117 5186 vulus
2168 5128 2314 5184 enim
2354 5128 2593 5194 malitia,
2636 5142 2746 5182 non
2783 5128 2948 5182 etiam
3004 5126 3262 5198 iujuriam
3314 5127 3527 5183 ulcisci-

1960 5232 2083 5287 tur,
2152 5236 2261 5276 non
2314 5218 2534 5275 aﬂ‘ectat
2586 5217 2848 5290 gloriam.
2909 5218 3009 5275 Est
3051 5229 3105 5276 et
3142 5219 3390 5276 cucullus
3458 5221 3526 5276 si-

1959 5328 2125 5387 gnum
2184 5313 2371 5383 gratiae
2427 5310 2545 5368 Dei.
2623 5310 2894 5377 Quoniam
2948 5310 3409 5381 quemadmodum
3441 5326 3543 5366 cu-

1951 5409 2127 5465 cullus
2175 5416 2359 5462 tuetur
2401 5414 2456 5461 et
2509 5405 2653 5460 fovet
2694 5405 2849 5475 pueri
2890 5412 3071 5474 caput,
3129 5403 3209 5459 sic
3258 5413 3314 5458 et
3357 5403 3532 5473 grati:

1954 5491 2048 5547 Dei
2080 5502 2290 5547 mentes
2324 5500 2541 5545 nostras
2569 5487 2824 5544 defendit.
2862 5487 2955 5542 Est
2987 5488 3152 5559 igitur
3179 5486 3428 5542 cucullus
3457 5487 3538 5541 si-

1947 5598 2114 5653 gnum
2157 5582 2345 5653 gratiae
2378 5579 2676 5636 Saluatoris
2700 5578 2872 5634 nostri
2896 5576 2991 5633 Dei
3023 5578 3228 5633 tuentis
3247 5585 3411 5646 caput
3435 5590 3538 5632 no-

1466 5760 1492 5799 ι
1520 5758 1691 5815 Exod.
1749 5775 1849 5826 xu,

2042 5758 2306 5814 1-Coloss.
2351 5774 2429 5825 ut,
2461 5760 2513 5813 5.
2588 5766 2628 5795 ω
2667 5756 2857 5812 Matth.
2907 5771 3018 5822 xw,
3058 5755 3152 5822 24,
3198 5753 3367 5811 Marc.
3407 5765 3532 5822 ml,
