4020 6464
563 337 729 437 .1635
782 331 809 356 .

1759 358 1821 417 S.
1862 350 2258 417 DOROTHEI
2290 348 2618 410 ABBATIS

3702 344 3805 415 1636

587 491 763 545 strum
782 520 800 548 ,
851 489 908 539 et
941 477 1392 541 circumloventis
1418 489 1538 547 quae
1572 473 1629 528 in
1657 469 1878 526 Christo
1900 473 2005 532 est,
2024 462 2185 535 38],

2292 479 2378 531 ρις
2424 459 2522 514 τοῦ
2568 459 2710 514 Θεοῦ
2758 460 3022 525 σκεπάζει
3046 457 3139 513 τὸν
3191 455 3321 511 νοῦν
3371 455 3546 527 ἡμῶν,
3606 456 3673 519 ὥς
3700 459 3809 530 λέγει

586 575 987 643 sinceritatem,
1027 574 1098 630 ob
1128 572 1409 629 daemonas
1436 568 1528 640 qui
1570 579 1672 629 nos
1705 561 1968 619 continuo
1992 568 2187 628 aggre-

588 668 844 737 diuntur,
888 677 949 723 ut
992 665 1307 738 percutiant
1350 669 1406 718 et
1464 660 1772 716 vulnerent.
1817 651 2093 712 Habemus
2133 654 2191 703 et

590 777 788 818 zonam
815 761 884 816 ad
902 759 1120 815 lumbos
1146 765 1385 821 nostros,
1419 754 1640 826 signum
1666 762 1803 806 sane
1822 739 2189 801 mortiﬁcandi

590 851 984 909 irrationabilis
1014 849 1285 923 appetitus
1313 846 1510 907 nostri.
1550 842 1619 901 Et.
1645 840 1961 904 analabum,
1985 835 2038 895 id
2077 839 2185 901 est,

589 945 877 1015 scapulare
905 945 959 998 in
984 941 1255 1007 humeris,
1281 939 1429 1011 quod
1450 946 1538 994 est
1568 951 1727 993 crux.
1752 931 1893 991 Ecce
1928 935 1985 984 et
2009 924 2186 984 cucul-

590 1036 705 1097 lum
739 1033 1423 1105 innocentiaetpuritatis
1451 1032 1691 1102 signum.

590 1144 799 1199 κρωσις
822 1124 925 1193 τῆς
967 1124 1167 1193 ἀλόγου
1215 1121 1549 1194 ἐπιθυμίας*
1608 1118 1712 1174 καὶ

2290 554 2372 616 εἰς
2433 552 2495 607 τὸ
2551 552 2930 622 γεροντικόνο
2963 551 3047 604 ὅτι
3111 547 3174 601 τδ
3218 544 3538 605 κουκούλιον
3604 545 3811 619 σύμόοὶάν

2292 643 2408 696 ἐστι
2438 630 2537 713 τῆς
2589 642 2812 713 χάριτος
2840 638 2934 694 τοῦ
2965 637 3220 710 Σωτῆρος
3249 634 3417 707 ἡμῶν
3453 634 3606 702 θεοῦ,
3665 652 3814 692 cum

2291 734 2494 804 ζούστις
2533 733 2690 805 ἡμῶν
2716 732 2778 786 τὸ
2821 730 3175 804 ἡγεμονικὸν,
3200 729 3297 784 καὶ
3327 725 3817 801 περιθαλπούσηςτὴν

2292 828 2350 881 ἐν
2380 824 2605 897 Χριστῷ
2633 824 2943 897 νηπιότητα
2984 822 3074 877 διὰ
3093 822 3219 886 τοὺς
3254 819 3512 892 ῥαπίζειν
3545 820 3627 874 ἀεὶ
3659 822 3738 875 καὶ
3763 840 3817 876 τι.

2292 917 2561 990 τρώσκειν
2591 915 3011 988 ἐπιχειροῦντας
3040 915 3332 986 δαίμονας.
3392 912 3525 967 Ἰδοὺ
3561 910 3733 983 ἔχομεν
3755 916 3819 969 καὶ

2292 1010 2394 1079 τὴν
2441 1006 2620 1079 ζώνην
2655 1009 2749 1062 ἐπὶ
2779 1009 2879 1079 τῆς
2933 1006 3136 1078 ὀσφύος
3177 1004 3375 1078 ἡμῶν·
3430 1003 3460 1057 ὃ
3514 1004 3650 1057 ἐστιν
3689 1005 3718 1076 ἡ
3762 1006 3820 1058 νέ-

1767 1114 1861 1169 τδν
1912 1090 2183 1169 ἁνάλαδον
2252 1097 2396 1154 κατὰ
2439 1099 2547 1153 τῶν
2599 1098 2788 1171 ὤμων,
2830 1097 2860 1153 ὃ
2900 1099 3019 1152 ἐστι
3047 1092 3304 1167 σταυρός.
3355 1094 3494 1150 Ἰδοὺ
3523 1097 3614 1148 καὶ
3640 1096 3693 1148 τὸ
3736 1115 3820 1151 κω-

588 1189 806 1279 κούλιον
831 1235 845 1250 ·
880 1189 1328 1291 θέαι-σημεῖον
1371 1189 1470 1283 τῆς
1514 1210 1772 1274 ἀκακιας,
1806 1206 1903 1265 καὶ
1948 1202 2050 1272 τῆς
2103 1199 2160 1252 ἐν
2196 1189 2794 1291 Χριστ-ιῖξ,νη-πιότητοςἶ

658 1308 811 1365 XIV.
836 1307 1240 1363 Conversemur
1271 1305 1437 1375 igitur
1475 1318 1545 1363 ex
1596 1301 1788 1357 habitu
1845 1305 2036 1353 nostro
2059 1334 2075 1361 ,
2127 1296 2188 1346 ut

585 1401 849 1459 dixerunt
879 1407 1081 1469 patres,
1116 1412 1183 1453 ne
1216 1396 1458 1451 alienum
1490 1392 1738 1447 habitum
1774 1389 2016 1444 ferams
2046 1402 2060 1439 :
2107 1393 2190 1437 at-

591 1504 699 1559 que
730 1496 788 1541 ut
814 1502 1015 1557 magna
1060 1484 1397 1547 dimisimus,
1443 1483 1518 1536 ita
1566 1493 1734 1551 parva
1783 1477 2186 1544 relinquamus.

548 1598 557 1621 ι
597 1579 918 1633 Dimisimus
968 1576 1258 1640 mundum,
1293 1573 1637 1629 dimittamus
1686 1569 1891 1640 pariter
1943 1573 1997 1621 et
2040 1562 2189 1619 illius

2360 1281 2461 1336 IA'.
2506 1280 2962 1352 Πολιτευσώμεθα
2987 1276 3083 1336 οὖν
3107 1279 3243 1352 πρὸς
3289 1279 3357 1333 τὸ
3398 1277 3606 1349 σχῆμα,
3631 1279 3697 1342 ὡς
3714 1276 3820 1336 εἶπον

2289 1375 2340 1429 οἱ
2365 1373 2606 1446 Πάτρες,
2657 1374 2744 1427 ἵνα
2787 1374 2863 1446 μὴ
2904 1371 3184 1444 ἀλλότριον
3216 1371 3413 1442 σχῆμα,
3453 1370 3717 1442 φορῶμεν.
3743 1374 3818 1427 ἀλλο

2290 1467 2482 1538 ὥσπερ
2533 1468 2829 1539 ἀφήκαμεν
2857 1467 2925 1519 τὰ
2955 1465 3190 1538 μεγάλα,
3224 1463 3406 1527 οὕτως
3441 1465 3721 1535 ἀφήκωμεν
3758 1470 3819 1520 καὶ

2289 1560 2359 1614 τὰ
2391 1559 2601 1630 μικρά’
2633 1559 2930 1630 ἀφήκαμεν
2952 1560 3044 1612 τὸν
3076 1557 3305 1628 κόσμον,
3338 1555 3639 1627 ἀφήκωμεν
3664 1557 3816 1623 καὶτὰς

593 1671 933 1733 aﬁ'ectiones.
998 1668 1168 1723 Amor
1228 1665 1373 1721 enim
1426 1661 1633 1718 nimius
1681 1666 1737 1717 et
1791 1657 2187 1715 immoderatus

2292 1650 2677 1724 προσπαθείας
2727 1649 2930 1704 αὐτοῦ’
2985 1649 3043 1701 αἱ
3093 1647 3202 1719 γὰρ
3250 1645 3653 1716 προσπάθειαι,
3695 1646 3816 1711 καθὼς

591 1761 919 1832 plerumque
951 1771 1053 1815 nos
1086 1755 1159 1811 ob
1190 1753 1316 1809 vilia
1364 1763 1419 1808 et
1461 1749 1645 1807 tenuia
1685 1749 1886 1804 iterum
1942 1745 2185 1816 colligat,

593 1831 806 1919 nosque
832 1843 959 1901 caeci
988 1853 1042 1898 et
1079 1841 1267 1899 miseri
1309 1840 1401 1896 vix
1452 1837 1809 1895 advertimus.
1864 1833 1924 1889 Si
1967 1831 2190 1889 liberari

592 1937 833 2010 perfecte
866 1935 1120 1993 volumus
1148 1942 1203 1997 et
1230 1932 1298 1987 ab
1340 1931 1446 1987 hoc
1474 1931 1678 1989 saeculo
1719 1926 2018 1992 discedere,
2057 1924 2189 1980 ode-

595 2030 769 2091 rimus
800 2029 859 2083 in
896 2026 1091 2097 primis
1123 2025 1463 2080 voluntatem
1511 2029 1782 2088 nostram,
1817 2027 1872 2074 et
1909 2018 1993 2074 sic
2034 2015 2190 2072 brevi

590 2121 781 2179 divino
826 2117 1082 2190 praesidio
1120 2116 1190 2174 ad
1236 2113 1756 2187 impassihilitatem.
1782 2109 1952 2167 animi
1998 2122 2190 2180 perve-

592 2210 834 2267 niemus.
862 2207 1008 2263 Nihil
1036 2205 1186 2264 enim
1218 2205 1355 2261 adeo
1386 2203 1609 2272 adjuvat
1640 2200 1921 2255 hominem
1957 2196 2027 2251 ad
2061 2196 2186 2261 hoc,

590 2318 663 2358 ac
682 2314 884 2363 sensus
914 2314 1046 2355 suos
1076 2297 1283 2355 odisse.
1339 2295 1522 2366 Atque
1577 2294 1653 2351 ita
1696 2307 1817 2348 sese
1862 2289 2027 2345 habet
2072 2286 2193 2343 haec

593 2394 742 2451 ratio
766 2393 837 2448 ad
869 2406 1090 2453 omnem
1120 2389 1419 2456 virtutem;
1456 2395 1525 2445 ,ιιι
1550 2386 1597 2440 si
1629 2385 1803 2443 viator
1836 2383 1940 2437 iter
1968 2392 2191 2452 aggres-

588 2503 713 2555 sus,
744 2485 991 2555 scipione
1022 2484 1245 2543 invento
1280 2481 1371 2543 cui
1404 2479 1696 2547 innitatur,
1731 2478 1837 2541 iter
1879 2472 2054 2546 magis
2101 2486 2195 2529 ac-

593 2576 815 2639 celeret,
848 2584 902 2630 et
930 2579 1277 2644 praeoccupet
1323 2570 1508 2631 viam:
1567 2567 1648 2622 sic
1695 2566 1844 2620 enim
1900 2562 1996 2634 qui
2049 2561 2193 2617 viam

598 2665 739 2739 hanc
788 2663 1026 2728 incedit,
1078 2660 1125 2717 si
1179 2659 1460 2731 propriam
1508 2657 1844 2712 voluntatem
1885 2650 2192 2715 abscindat,

596 2755 870 2819 abscindit
901 2762 956 2813 et
985 2752 1246 2824 pristinas
1280 2749 1640 2813 all‘ectiones;
1691 2746 1890 2816 quibus
1926 2743 2192 2815 praecisis,

595 2848 659 2906 ﬁt
696 2849 797 2907 Dei
836 2862 999 2918 opere
1054 2844 1281 2907 omnino
1317 2840 1693 2913 impassibilis.
1734 2836 1845 2894 Nec
1900 2837 2192 2909 quisquam

596 2942 705 2996 hoc
725 2949 886 3015 putet
917 2939 1152 2997 arduum
1183 2944 1238 2992 et
1266 2933 1505 3001 dillicile,
1536 2949 1662 2992 cum
1689 2931 1843 2987 brevi
1871 2927 2196 3000 compendio

2290 1741 2466 1809 εἶπον,
2525 1743 2619 1797 καὶ
2665 1741 2755 1795 διὰ
2809 1740 3023 1812 μικρῶν
3075 1756 3240 1794 τινων
3296 1737 3398 1792 καὶ
3459 1736 3675 1809 μηδενὸς
3710 1737 3811 1807 λόγω

2289 1835 2458 1901 ἀξίων
2506 1834 2670 1889 πάλιν
2704 1831 3100 1903 συνδεσμοῠσιν
3132 1832 3284 1903 ἡμᾶς
3319 1828 3406 1901 τῷ
3453 1829 3658 1902 κόσμῳ,
3687 1833 3807 1884 καὶού

2292 1927 2543 1998 νοοῦμεν.
2609 1925 2738 1980 Ἐὰν
2788 1919 2889 1979 ὀὖν
2944 1924 3189 2000 θέλωμεν
3228 1922 3461 1987 τελείως
3516 1921 3797 1993 ἀπαλλαγῇαι

2293 2020 2388 2074 καὶ
2415 2017 2874 2091 ἐλευθερωθῆναι,
2911 2016 3176 2087 μάθωμεν
3223 2014 3462 2069 κύπτειν
3507 2014 3574 2069 τὰ
3616 2013 3795 2084 θελήιω

2292 2110 2473 2184 ἡμῶν,
2505 2110 2602 2166 καὶ
2645 2109 2818 2173 οὕτως
2866 2109 3010 2171 κατὰ
3046 2109 3243 2180 μικρὸν
3281 2105 3540 2178 σὺνιθεῷ
3590 2107 3803 2178 προκότιι-

2297 2222 2419 2275 μεν,
2446 2203 2543 2258 καὶ
2574 2201 2850 2275 ἐρχόμεθα
2894 2202 2973 2265 εἰς
3000 2200 3100 2271 τὴν
3130 2199 3579 2272 ἁπροσπάθειαν.
3602 2196 3809 2269 Οὐδὲνγὲρ

2293 2294 2467 2359 οὓτως
2518 2294 2722 2363 ὠφελεί
2777 2295 2908 2359 τοὺς
2960 2292 3311 2365 ἀνθρώπους,
3344 2293 3425 2358 ὡς
3469 2292 3532 2346 τὺ
3576 2292 3811 2347 κόπτεινῇ

2294 2388 2427 2442 ἴδιον
2477 2387 2725 2459 θέλημα’
2771 2385 2941 2450 ὅντως
2985 2385 3290 2459 προκόπτει
3338 2403 3426 2450 τις
3460 2384 3527 2439 ἐκ
3565 2385 3727 2439 τούτου
3757 2383 3814 2437 τοῦ

2294 2479 2625 2551 πράγματος
2658 2476 2847 2550 σχεδὸν
2882 2478 3024 2547 ὑπὲρ
3060 2480 3247 2535 πᾶσαν
3298 2478 3529 2550 ἀρετήν.
3561 2478 3660 2533 Καὶ
3690 2476 3813 2549 ὥσπρ

2294 2572 2584 2643 ἄνθρωπος
2627 2570 2830 2625 ὁδεύων
2859 2572 2918 2625 ἐν
2947 2568 3072 2643 ὀδῷ,
3109 2571 3205 2629 καὶ
3237 2571 3521 2642 εὑρίσκων
3554 2573 3608 2625 ἐν
3635 2573 3817 2643 αὑτῇκο·

2296 2663 2612 2734 πενδάριον,
2639 2663 2735 2716 καὶ
2774 2662 3003 2733 ὑπάγων
3044 2663 3201 2729 αὐτὸ,
3237 2663 3308 2717 δι’
3331 2665 3547 2721 ἐκείνου
3574 2664 3659 2718 τοῦ
3682 2680 3815 2717 κοπενο

2295 2753 2489 2825 δαρίου
2515 2752 2919 2826 προλαμϐάνων
2942 2753 3077 2807 πολὺ
3106 2754 3276 2826 μέρος
3302 2754 3375 2808 ἐκ
3396 2754 3498 2826 τῆς
3519 2752 3631 2809 ὁδοῦ
3650 2752 3813 2824 ἐκείνης.

2288 2847 2474 2913 οὕτως
2512 2849 2661 2906 ἐστὶν
2685 2847 2889 2903 ὁδεύων
2919 2845 3128 2922 ταύτην
3156 2850 3259 2920 τὴν
3293 2848 3418 2903 ὁδὸν
3466 2848 3565 2920 τῆς
3596 2847 3740 2919 κοπῆς
3758 2845 3817 2899 τοῦ

2297 2938 2632 3011 θελήματος’
2683 2940 2749 2992 ἐκ
2794 2937 2892 2992 τοῦ
2938 2937 3049 3010 γὰρ
3086 2938 3316 2993 κόπτειν
3361 2939 3487 2994 τινὰ
3515 2938 3575 2992 τὸ
3619 2938 3727 2992 ἴδιον
3760 2936 3818 2989 θέ-

594 3039 652 3087 et
679 3030 859 3101 spatio
887 3028 1013 3099 quis
1036 3042 1096 3083 se
1122 3026 1302 3098 ipsum
1336 3023 1534 3094 possit,
1567 3021 1613 3078 si
1646 3020 1796 3087 velit,
1819 3019 2004 3076 decies
2027 3018 2191 3073 abne-

2303 3031 2458 3104 λημα
2487 3030 2678 3097 αὐτοῦ,
2723 3033 2922 3087 κτᾶται
2964 3030 3064 3104 τὴν
3097 3022 3663 3106 ἀπροσπάθειαν,’καὶ
3689 3031 3739 3082 ἐκ
3758 3031 3819 3096 τῆς

596 3138 747 3195 gare.
789 3119 946 3187 Quod
988 3135 1099 3190 quo
1148 3128 1305 3189 pacto
1348 3116 1463 3181 ﬁat,
1521 3113 1806 3170 edocebo:
1866 3109 2195 3165 Obambulat

595 3211 797 3284 aliquis
824 3219 878 3265 et
904 3208 1186 3280 quidpiam
1218 3204 1574 3276 conspicatus
1600 3199 1958 3272 persuadetur
1986 3214 2016 3253 a
2048 3198 2193 3269 cogi-

598 3308 807 3362 tatione
834 3313 895 3363 ut
925 3302 981 3359 id
1010 3300 1299 3355 advertat:
1330 3306 1385 3352 at
1421 3297 1468 3352 is
1504 3292 1826 3365 cogitationi
1855 3300 1912 3347 et
1949 3306 2058 3346 non
2091 3290 2192 3346 ho-

600 3411 683 3450 nae
717 3388 1065 3463 persuasioni
1114 3395 1401 3458 repugnat,
1459 3397 1631 3452 seque
1680 3381 1899 3436 avertit.
1949 3378 2191 3434 Rursum

598 3484 808 3540 invenit
839 3483 962 3552 quis
998 3478 1156 3550 nugis
1183 3486 1233 3532 et
1273 3475 1441 3530 variis
1489 3471 1808 3528 rumoribus
1849 3477 2190 3540 occupatos;

598 3575 893 3646 persuadet
927 3578 986 3625 ut
1016 3585 1074 3625 se
1103 3582 1326 3638 quoque
1354 3566 1528 3621 turbae
1556 3564 1885 3625 immisceat,
1931 3567 1985 3614 et
2027 3561 2192 3617 verba

599 3668 803 3739 pariter
850 3664 1093 3719 inserat:
1142 3668 1307 3730 negat
1355 3659 1408 3713 id
1454 3672 1513 3712 se
1555 3665 1829 3719 acturum,
1877 3663 1931 3708 et
1964 3666 2192 3708 aversus

600 3761 709 3816 alio
737 3756 1010 3828 propriam
1039 3752 1377 3809 voluntatem
1407 3747 1700 3804 abscindit.
1732 3746 1863 3801 Item
1912 3744 2194 3800 succurrit

603 3852 679 3906 illi
711 3859 770 3905 ut
802 3863 1037 3918 coquum
1069 3846 1248 3924 adeat,
1287 3843 1693 3915 interrogetque
1722 3842 1855 3913 quid
1899 3850 2050 3912 paret
2092 3841 2193 3896 ob-

598 3941 782 4007 sonii:
829 3954 937 3994 non
985 3937 1099 3995 adit
1142 3951 1209 3992 ac
1243 3950 1304 3991 se
1350 3935 1590 3991 cohibet.
1637 3933 1826 3989 Cernit
1875 3932 2084 4004 aliquid
2136 3932 2192 3987 in

598 4033 810 4098 culina;
847 4029 970 4100 quis
1001 4026 1130 4082 illud
1164 4025 1409 4082 attulerit
1446 4025 1771 4080 sollicitatur
1805 4025 2187 4095 interrOgare;

598 4123 911 4193 comprimit
952 4120 1248 4191 appetitum
1295 4126 1351 4173 et
1391 4131 1605 4180 vocem,
1653 4123 1707 4171 et.
1757 4115 1899 4170 nihil
1955 4106 2192 4186 percon-

594 4226 764 4280 tatur.
805 4214 1006 4282 Sicque
1035 4214 1163 4273 dum
1196 4226 1362 4282 prava
1392 4224 1624 4280 qumque
1685 4209 1954 4280 praecidit,
1987 4209 2193 4265 sensim

598 4321 940 4380 quaecunque
981 4302 1275 4375 praecidere
1334 4298 1680 4356 advenientia
1731 4298 2086 4368 consuescit;
2140 4308 2196 4355 et

2296 3123 2715 3194 ἀπροσπαθειας
2760 3122 2984 3196 ἔρχεται
3032 3121 3131 3176 σὺν
3176 3122 3302 3194 Θεῷ
3362 3125 3446 3186 εἰς
3493 3122 3686 3189 τελείαν
3724 3120 3819 3173 ἀπά-

2297 3216 2483 3270 θειαν·
2520 3214 2743 3270 δύναται
2782 3216 2839 3270 δὲ
2875 3214 2954 3281 εἰς
2988 3214 3186 3287 μικρὸν
3232 3215 3519 3285 διάστημα
3551 3215 3695 3284 κόψαι
3731 3210 3818 3264 δέκα

2296 3306 2583 3379 θελήματα
2604 3324 2620 3339 ⁸
2650 3307 2744 3362 καὶ
2770 3309 2954 3361 πᾶσαν
2984 3307 3287 3376 περιπατεῖ
3316 3323 3403 3370 τις
3434 3305 3516 3369 εις
3548 3301 3723 3376 μικρὸν
3746 3300 3818 3355 διὰ-

2296 3418 2503 3473 στημα,
2554 3401 2650 3455 καὶ
2686 3400 2877 3470 βλέπει
2922 3399 2978 3453 τί
3020 3417 3178 3466 ποτε,
3227 3399 3330 3454 καὶ
3372 3398 3524 3467 λέγει
3569 3394 3816 3466 αὐτῷὁὶι-

2294 3492 2515 3565 γισμὸς,
2546 3492 2954 3563 Πρόσχεςηέκεῖ,
2983 3493 3078 3545 καὶ
3092 3491 3242 3560 λέγει
3283 3490 3365 3563 τῷ
3393 3490 3646 3560 λογισμῷ,
3670 3489 3817 3543 Ὄντως

2294 3583 2354 3637 οὐ
2391 3582 2667 3654 προσέχω,
2717 3583 2813 3634 καλ⁵
2860 3580 3051 3635 κόπτει
3079 3580 3143 3634 τὸ
3192 3578 3413 3652 θέλημα
3460 3577 3638 3641 αὐτοῦ,
3679 3575 3752 3629 καὶ
3777 3572 3815 3623 οὗ

2294 3675 2556 3747 προσέχει
2580 3687 2594 3702 ⁸
2633 3673 2800 3729 πάλιν
2837 3672 3085 3745 εὑρίσκει
3121 3671 3277 3736 τινὰς
3311 3669 3732 3729 καταλαλοῦντας.
3755 3661 3815 3717 καὶ

2294 3766 2444 3837 λέγει
2475 3764 2627 3837 αύτῷ
2655 3766 2684 3819 ὁ
2724 3764 2986 3835 λογισμός
3012 3780 3027 3795 ο
3057 3764 3195 3818 Ειπέ
3227 3765 3325 3818 καὶ
3356 3764 3420 3817 σὺ
3464 3762 3579 3817 τόδε
3609 3759 3663 3812 τὸ
3684 3757 3813 3829 ῥῆμα·

2294 3856 2389 3908 καὶ
2428 3855 2620 3915 κόπτει
2669 3853 2732 3907 τὸ
2765 3853 2978 3926 θέλημα
3024 3852 3216 3920 αὐτοῦ,
3265 3854 3362 3915 καὶ
3404 3854 3462 3907 ού
3506 3852 3659 3920 λέγει.
3698 3845 3812 3900 Πάλιν

2294 3945 2444 4015 λέγει
2479 3944 2630 4017 αὑτῷ
2667 3948 2695 4000 ὁ
2747 3944 3004 4015 λογισμός
3027 3962 3042 3976 ⁸
3078 3945 3322 4014 ’Ύπαγε,
3348 3946 3615 4019 ἐρώτησον
3640 3939 3716 3993 τὸν
3747 3934 3812 4006 μά-

2294 4056 2480 4110 γειρον
2514 4038 2568 4092 τί
2602 4037 2745 4110 ἕψει,
2795 4038 2891 4102 καὶ
2932 4038 3031 4110 οὐχ
3071 4037 3299 4108 ὑπάγει,
3347 4040 3444 4092 καὶ
3487 4036 3660 4091 κόπτει
3687 4028 3809 4089 1H!-

2294 4129 2447 4203 λημα
2489 4131 2678 4185 αὐτοῦ.
2728 4131 2927 4186 Βλέπει
2959 4130 3013 4183 τί
3049 4148 3196 4199 ποτε,
3244 4131 3344 4185 καὶ
3378 4130 3525 4199 λέγει
3553 4124 3727 4196 αὐτῷό
3754 4121 3809 4173 λι-

2294 4224 2515 4295 γισμός·
2552 4221 2862 4295 Ἐρώτησον
2881 4223 2963 4288 τίς
2984 4225 3214 4295 ἤνεγκεν
3231 4223 3387 4278 αὐτό·
3413 4222 3504 4276 καὶ
3519 4212 3809 4273 κόπτειτὺθὲ·

2295 4316 2448 4389 λημα
2490 4315 2680 4382 αὐτοῦ,
2720 4315 2817 4370 καὶ
2849 4315 2953 4370 οὐκ
2981 4316 3194 4387 ἐρωτᾷ·
3225 4314 3323 4369 καὶ
3347 4313 3519 4377 οὕτως
3554 4311 3736 4365 κόπτων
3758 4306 3808 4365 εἰς

595 4402 712 4473 jam
747 4413 965 4456 summa
1014 4412 1139 4452 cum
1188 4395 1376 4464 requie
1425 4392 1564 4448 nihil
1615 4401 1813 4463 praeter
1861 4392 2191 4449 voluntatem

2301 4409 2594 4481 συνήθειαν
2631 4408 2853 4480 ἔρχεται
2893 4405 2989 4461 τοῦ
3023 4408 3268 4472 κόπτειν,
3306 4408 3401 4462 καὶ
3435 4410 3499 4461 ἐκ
3524 4405 3624 4458 τῶν
3657 4397 3805 4474 μικρῶν

598 4507 759 4553 suam
795 4506 853 4546 se
884 4488 1051 4546 sentit
1081 4488 1320 4554 habere;
1362 4495 1417 4542 et
1454 4485 1722 4557 quidquid
1756 4486 1958 4543 factum
2006 4487 2188 4554 fuerit,

593 4600 667 4645 eo
701 4585 776 4641 ita
816 4590 1107 4643 contentus
1157 4588 1264 4645 est,
1312 4594 1376 4639 ac
1414 4580 1460 4639 si
1495 4579 1561 4634 ad
1592 4588 1717 4635 vota
1759 4596 1859 4636 sua
1892 4580 2187 4637 evenisset.

604 4677 708 4744 Qui
743 4675 888 4731 enim
922 4674 1199 4745 proprium
1234 4673 1371 4731 nihil
1404 4672 1571 4737 habet
1612 4682 1707 4728 aut
1753 4689 1914 4728 suum
1947 4689 1965 4739 ;
2029 4672 2192 4742 quid-

508 4780 517 4785 '
602 4769 734 4841 quid
784 4765 985 4827 factum
1044 4764 1229 4833 fuerit,
1272 4764 1326 4819 id
1375 4765 1656 4835 proprium
1687 4770 1882 4834 “putat.
1941 4764 2192 4836 Cumque

603 4861 810 4918 nullam
872 4858 1213 4917 all‘ectionem
1269 4856 1485 4919 habeat,
1539 4857 1766 4911 omnino
1818 4857 2066 4923 tandem,
2132 4867 2192 4913 ut

605 4955 740 5022 dixi,
769 4954 835 5010 ad
865 4952 1359 5031 impassibilitatem
1390 4949 1562 5005 animi
1598 4950 1943 5023 perducitur.

668 5235 792 5295 ΧΥ.
833 5237 1115 5293 Advortite
1142 5236 1307 5306 igitur
1331 5242 1598 5305 quantum
1630 5233 1888 5303 pusillum
1927 5234 2033 5292 hoc
2063 5251 2195 5306 pro-

608 5328 770 5383 licere
812 5343 916 5382 nos
946 5326 1133 5393 faciat,
1182 5334 1235 5380 ct
1264 5324 1538 5396 propriam
1573 5323 1895 5379 abscindere
1941 5326 2195 5382 volunta-

608 5426 716 5473 tem
743 5427 1006 5488 quantum
1045 5417 1314 5481 conferat.
1367 5414 1543 5484 Hujus
1593 5417 1672 5471 rei
1721 5417 1974 5479 mirabile
2008 5434 2195 5475 exem-

578 5510 726 5580 ..plur
761 5510 866 5572 fuit
890 5511 1088 5567 beatus
1122 5511 1212 5565 ille
1241 5508 1555 5573 Dositbeus,
1585 5509 1681 5581 qui
1722 5524 1753 5565 a
1805 5510 1918 5567 vita
1967 5512 2192 5568 delicio-

609 5601 827 5659 sissima
856 5611 912 5658 et
947 5602 1095 5658 molli
1131 5601 1374 5668 veniens,
1431 5601 1594 5657 nullis
1641 5602 1952 5657 divinarum
2009 5618 2193 5660 rerum

608 5695 874 5751 doctrinis
902 5695 1163 5760 imbutus,
1193 5695 1344 5750 brevi
1380 5703 1623 5766 tempore
1654 5695 1713 5751 in
1754 5711 2025 5752 summam
2075 5713 2196 5768 per-

610 5786 897 5842 fectionem
930 5798 1219 5859 provectus
1251 5797 1354 5855 est,
1389 5788 1517 5844 dum
1561 5788 1929 5845 obedientiam
1975 5790 2192 5847 unicam

609 5879 954 5952 amplectitur
986 5921 1003 5949 ,
1056 5887 1111 5934 et
1160 5880 1436 5951 prepriam
1493 5881 1829 5939 voluntatem
1900 5883 2192 5943 abscindit.

2297 4500 2528 4573 ἄρχεται
2552 4500 2648 4556 καὶ
2669 4499 2741 4553 τὰ
2756 4498 2971 4571 μεγάλα
2996 4498 3137 4570 μετὰ
3151 4500 3512 4563 ἀναπαύσεως
3532 4497 3736 4555 κόπτειν,
3746 4489 3807 4542 καὶ

2297 4593 2472 4656 οὕτως
2487 4592 2672 4647 λοιπὸν
2688 4591 2918 4664 ἄρχεται
2943 4592 3080 4663 μήτε
3102 4590 3246 4662 ἔχειν
3272 4590 3410 4657 ὅλως
3440 4590 3665 4660 θέλημα·
3681 4576 3805 4639 ἀλλ’ξῖ

2296 4704 2351 4739 τι
2385 4685 2432 4739 δ’
2459 4684 2526 4739 ἂν
2560 4685 2790 4755 γένηται
2815 4683 3090 4739 ἀναπαύει
3120 4684 3308 4751 αὐτὸν,
3329 4686 3405 4749 ὡς
3434 4684 3513 4739 ὅτι
3543 4678 3686 4736 αὑτοῦ
3710 4679 3799 4730 ἐστι.

2296 4777 2409 4833 Ka‘t
2432 4776 2601 4833 αὐτοῦ
2635 4777 2710 4849 μὴ
2731 4777 2980 4842 θέλοντος
2999 4778 3229 4850 ποιῆσαι
3246 4777 3310 4833 τὸ
3344 4777 3552 4848 θέλημα
3575 4766 3798 4832 αύτοῦ,εὑ-

2299 4871 2550 4943 ρίσκεται
2582 4872 2812 4927 πάντοτε
2842 4870 3013 4924 ποιῶν
3040 4870 3191 4925 αὐτό.
3231 4873 3295 4926 Ὃ
3324 4873 3433 4942 γὰρ
3457 4871 3577 4926 ἴδιον
3603 4865 3687 4919 οὐκ
3709 4860 3799 4931 ἔχει.

2272 4964 2526 5031 ,ἕκαστον
2556 4964 2840 5035 γινόμενον
2872 4964 3003 5018 ἴδιον
3029 4963 3197 5018 αὑτοῦ
3234 4965 3372 5019 ἐστι.
3400 4964 3504 5018 Καὶ
3522 4960 3673 5020 οὕτως
3693 4949 3794 5020 εὑρί-

2299 5073 2510 5121 σκεται,
2525 5055 2601 5119 ὡς
2634 5055 2886 5131 εἴπομεν,
2907 5056 2982 5126 μὴ
3009 5054 3148 5127 ἔχων
3167 5056 3553 5127 προσπάθειαν,
3570 5050 3652 5106 καὶ
3668 5051 3718 5100 ὲκ
3732 5039 3795 5108 τῆξ

2293 5146 2733 5218 ἀπροσπαθείας,
2769 5146 2848 5212 ὡς
2877 5143 3294 5220 εἷπον,ἐρχεται
3329 5150 3408 5213 εἰς
3456 5138 3788 5215 τῆν’ἀπάθειαν.

2369 5240 2471 5294 ΙΕ’.
2516 5238 2753 5294 Βλέπετε
2802 5239 2946 5294 κατὰ
2996 5240 3214 5311 μικρὸν,
3240 5242 3324 5306 εἰς
3366 5243 3514 5295 ποίαν
3544 5233 3675 5305 φέρει
3701 5240 3791 5295 ﬁl”

2296 5333 2474 5405 κοπὴν
2502 5332 2563 5386 τὺ
2593 5332 2819 5386 κόπτειν
2858 5331 2922 5385 τὸ
2955 5332 3087 5387 ἴδιον
3115 5330 3330 5405 θέλημα
3349 5349 3363 5364 ·
3404 5324 3508 5393 οἷος
3535 5323 3595 5398 ἦν
3616 5324 3642 5377 δ
3664 5314 3787 5405 μακὰέ

2297 5404 2437 5497 Ριοςῗ
2463 5426 2669 5489 ἐκεῖνος
2717 5426 3008 5490 Δωσίθεος.
3066 5426 3200 5505 ξΑπδ
3250 5424 3401 5481 ποίου
3447 5420 3572 5496 βίου’
3612 5412 3688 5469 καὶ

2299 5494 2456 5581 ιτοίας
2484 5518 2719 5590 τρυφῆς,
2750 5517 2874 5573 ἀπὸ
2916 5494 3084 5579 ποίας,
3102 5517 3361 5589 βλακείας
3400 5494 3665 5584 ἅνθρωπος.
3694 5494 3783 5597 μηίξέ

2296 5610 2535 5673 ἀκούσας
2591 5608 2725 5662 ποτὲ
2765 5609 2926 5679 λόγον
2961 5610 3120 5676 Θεοῦ,
3170 5611 3268 5664 καὶ
3295 5611 3439 5680 ὅμως
3479 5600 3702 5675 ἠκούσατε
3734 5598 3783 5643 εις

2301 5702 2430 5755 ποῖα
2462 5701 2639 5773 μέτρα
2667 5701 2901 5772 ἤνεγκεν
2927 5701 3090 5757 αὐτὸν
3134 5700 3202 5756 δι’
3227 5701 3406 5770 ὀλίγου
3431 5695 3603 5768 χρόνου
3625 5686 3673 5738 τὸ
3690 5692 3779 5747 κρα·

2300 5795 2463 5863 ﬁlia-'-
2484 5794 2649 5875 αξτδν
2672 5793 2774 5864 τὴν
2800 5793 3185 5864 ὕπακοὴν,·καὶ
3212 5793 3374 5863 κόψαι
3394 5790 3449 5844 τὸ
3471 5787 3585 5840 ἴδιον
3604 5777 3777 5875 θέλιιμα·

2303 5885 2419 5950 πῶς
2463 5886 2519 5940 δὲ
2540 5865 2646 5941 ’καὶ
2688 5885 2938 5951 ἐδόξασεν
2968 5884 3132 5941 αὑτὸν
3164 5887 3191 5938 ό
3219 5885 3372 5951 Θεὸς,
3402 5880 3485 5938 καὶ
3513 5877 3599 5931 οὐκ
3626 5865 3775 5936 ἀφῆκεν
