4020 6404
260 404 396 471 Ᾰ63Ἲ
1476 464 1499 471 _
1616 394 1880 454 DOC'IRl

1985 413 2002 452 ι
2054 394 2104 452 Ι.
3394 390 3533 453 3538

255 518 341 580 εις
383 512 556 585 λήθην
582 510 756 564 ἐλθεῖν
785 508 884 579 τὴν
922 504 1179 575 τοιαύτην
1224 503 1389 558 αὑτοῦ
1420 504 1622 575 ἀρετήν
1643 519 1658 534 ο
1707 503 1843 558 ἀλλὰ
1877 559 1880 568 Α

1985 511 2122 572 gnem
2156 504 2374 561 tandem
2428 505 2572 561 Deus
2611 503 3070 575 gloriosissimum
3122 502 3381 569 ostendit,
3426 514 3536 555 nec

256 605 580 675 άπεκ.’λυψε
607 603 684 675 τῷ
714 599 857 671 ἁγιῳ
882 598 1121 670 γέροντι,
1159 596 1255 650 καὶ
1284 590 1424 649 εἶδεν
1448 596 1614 649 αὑτὸν
1640 593 1846 665 μεταξὺ

1986 611 2146 652 assus
2185 607 2268 652 est
2316 596 2491 667 ipsius
2535 596 2793 651 virtutem
2841 594 2897 649 in
2944 594 3181 650 obscuro
3234 608 3378 649 esse.
3428 593 3539 651 Uni

257 699 398 753 ὅλων
444 694 669 750 ἐκείνων
702 690 809 746 τῶν
839 690 1013 760 ἁγίων
1045 685 1393 742 ἀπολαύοντα
1438 687 1537 758 τῆς
1585 686 1851 758 μακάριός

1985 691 2095 744 nim
2123 706 2189 745 ex
2219 689 2583 746 sanctissimis
2622 689 2730 743 illis
2770 687 3083 744 senioribus
3111 685 3386 742 revelatus
3432 694 3540 756 est,

255 807 425 863 τητος
459 786 660 843 αὐτῶν.
695 784 855 853 Λέγω
880 783 1011 853 ὑμῖν
1058 782 1153 834 καὶ
1199 779 1326 834 ἄλλο
1372 779 1607 850 πρᾶγμα
1649 777 1854 847 ὁμοίως

1985 781 2187 839 tvisus
2222 783 2364 837 inter
2394 782 2642 836 divorum
2687 781 2920 836 aliorum
2967 788 3213 843 caterva,
3260 793 3370 833 una
3413 793 3542 834 cum

256 883 360 937 καὶ
406 880 499 933 ἐπὶ
532 876 667 950 ἐμοῦ
717 876 1033 946 γινόμενον·
1084 872 1172 925 ἵνα
1221 871 1426 941 μάθητε
1473 871 1556 922 ὅτι
1600 870 1696 922 καὶ
1744 867 1854 921 ἀπὸ

1985 874 2062 930 ftis
2092 871 2379 943 perfruens
2423 870 2781 927 beatitudine.
2826 867 3064 924 Narrare
3105 867 3234 923 licet
3282 876 3336 921 et
3387 867 3544 922 vobis

258 974 497 1028 θανάτου
556 969 745 1042 ῥύεται
791 967 1078 1038 ἄνθρωπον
1124 965 1157 1033 ἡ
1206 962 1458 1035 ὑπακοὴ,
1520 960 1616 1020 καὶ
1664 959 1725 1014 τὸ
1780 958 1855 1030 μὴ

1985 965 2282 1020 miraculum
2331 963 2582 1028 alterum,
2622 961 2767 1032 quod
2814 966 2973 1015 aetate
3019 972 3141 1013 mea
3184 956 3388 1012 factum
3437 964 3543 1024 est,

257 1066 412 1136 ἔχειν
441 1064 503 1116 τὸ
546 1063 676 1115 ἴδιον
704 1059 934 1130 θέλημα.
984 1056 1125 1110 Ποτὲ
1154 1056 1306 1118 δντος
1357 1070 1457 1125 μου
1499 1055 1560 1106 ὲν
1606 1054 1719 1115 τοῖς
1759 1049 1854 1104 τοῦ

259 1155 414 1210 ἀ66ᾶ
442 1151 685 1224 Σερίδου,
717 1146 884 1220 ἦλθεν
909 1148 1028 1200 ἐκεῖ
1055 1143 1308 1218 μαθητὴς
1336 1140 1571 1213 μεγάλου
1604 1140 1858 1213 γέροντος

264 1251 332 1302 ἐκ
380 1246 489 1301 τῶν
543 1243 724 1316 μερῶν
773 1239 1114 1301 Ἀσκάλωνος
1154 1236 1234 1299 εἷς
1260 1252 1384 1289 τινα
1419 1234 1528 1287 άπὸ
1566 1230 1667 1285 τοῦ
1711 1230 1859 1286 άόὁᾶ

275 1337 464 1394 αὑτοῦ.
499 1333 627 1406 Εἶχε
670 1333 729 1388 δὲ
758 1332 975 1403 ἐντολὴν
1005 1328 1156 1400 παρὰ
1183 1326 1278 1380 τοῦ
1308 1324 1565 1397 γέροντος
1592 1321 1860 1392 ὑποστρέ-

281 1429 383 1498 ψαι
409 1427 517 1482 ἀπὸ
544 1425 787 1496 ἑσπέρας
815 1424 895 1486 εἰς
922 1421 984 1476 τὸ
1027 1419 1159 1473 ἴδιον
1180 1417 1409 1472 κελλίον.
1452 1416 1539 1468 Ἐν
1568 1412 1648 1484 τῷ
1684 1413 1861 1481 τούτῳ

271 1522 329 1576 δὲ
360 1521 569 1590 γίνεται
596 1512 1196 1588 χειμὼν-σφοδρότατος
1221 1508 1317 1562 καὶ
1354 1505 1573 1578 ὄμϐροι,
1604 1504 1699 1559 καὶ
1723 1499 1793 1573 ἦν
1826 1502 1861 1553 ὁ
1882 1508 1893 1515 ’

271 1612 659 1686 παραπλήσιος
709 1607 1012 1679 χείμαρρος
1061 1605 1142 1666 εὶς
1195 1600 1327 1672 ὅλην
1372 1597 1470 1670 τὴν
1508 1590 1864 1668 πλημμύραν

272 1705 475 1759 αὐτοῦ·
528 1699 646 1755 εἶτα
693 1701 899 1761 ἐκεῖνος
950 1695 1141 1767 ἢθελεν
1184 1691 1441 1748 ἀπελθεῖν
1481 1688 1571 1742 διὰ
1608 1688 1669 1742 τὸ
1714 1687 1866 1758 ῥῆμα

271 1796 368 1851 ’οοῦ
397 1796 672 1866 γέροντος.
716 1791 909 1861 Ἡμεῖς
955 1788 1012 1840 δὲ
1060 1782 1482 1858 παρεκαλοῦμεν
1533 1779 1698 1833 αὐτὸν
1746 1780 1865 1848 μεῖ-

1958 1066 2017 1111 ut
2050 1055 2364 1125 intelligetis
2397 1063 2599 1109 tantam
2641 1068 2767 1108 esse
2806 1051 3129 1107 obedientiae
3173 1057 3229 1104 et
3268 1048 3548 1118 abnegata:

1958 1145 2255 1201 voluntatis
2302 1145 2434 1210 vim,
2480 1158 2603 1214 quae
2652 1158 2682 1197 a
2730 1151 2903 1197 morte
2957 1154 3179 1212 quoque
3230 1140 3443 1208 eripere
3492 1145 3551 1193 et

1960 1239 2193 1294 liberare
2260 1237 2535 1292 hominem
2588 1235 2783 1305 possit.
2836 1232 2977 1288 Cum
3048 1245 3225 1287 essent
3296 1229 3563 1301 quandor

1961 1345 2067 1400 que
2115 1327 2258 1398 apud
2304 1326 2550 1382 abbatem
2604 1325 2857 1381 Seridum
2882 1367 2899 1392 ,
2957 1326 3025 1383 ad
3079 1338 3207 1380 eum
3269 1322 3550 1394 profectus

1960 1429 2046 1476 cst
2084 1421 2158 1474 ab
2201 1418 2314 1474 eris
2351 1416 2689 1472 Ascalonicis
2739 1414 3043 1470 monachus
3091 1416 3157 1469 ab
3206 1414 3403 1469 abbate
3449 1403 3582 1469 suo

1962 1528 2088 1567 cum
2121 1511 2393 1565 mandatis
2423 1511 2647 1564 missus.
2688 1506 3020 1576 lmperatum
3056 1513 3239 1560 autem
3285 1505 3336 1559 ei
3385 1516 3418 1558 a
3465 1519 3554 1561 se-

1964 1606 2115 1660 niore
2137 1603 2332 1668 fuerat,
2355 1601 2518 1672 382
2550 1607 2609 1654 ut
2642 1599 2708 1653 ad
2741 1612 3025 1667 vesperam
3056 1596 3283 1650 omnino
3325 1594 3549 1650 rediret.

1965 1694 2187 1749 Interim
2213 1691 2404 1747 oborta
2435 1698 2517 1744 est
2547 1688 2815 1741 immensa
2841 1693 3155 1753 tempestas,
3189 1681 3364 1736 imber
3389 1681 3560 1735 maxi-

1968 1804 2114 1851 mus,
2142 1785 2381 1841 tonitrua
2414 1780 2704 1846 horrenda,
2747 1777 3147 1844 videbaturque
3198 1773 3427 1829 torrenti
3478 1772 3559 1827 si-

273 1906 385 1954 ναι,
439 1864 657 1959 έχοντες
708 1884 792 1937 ὅτι
841 1879 1101 1935 ἀδύνατόν
1153 1879 1269 1931 ἔστι
1314 1874 1558 1945 σωθῆναι
1592 1871 1753 1925 αὑτὸν
1802 1871 1866 1925 ὲκ

1985 1878 2113 1933 nilis
2146 1892 2209 1932 ea
2241 1873 2547 1930 inundatio.
2582 1869 2809 1925 Volebat
2842 1867 2932 1921 ille
2959 1864 3160 1921 reverti
3204 1870 3430 1936 urgente
3467 1877 3559 1919 se—

273 1979 374 2032 τοῦ
412 1964 682 2045 ποεαμοῦ.
725 1973 963 2034 Ἐκεῖνος
995 1970 1051 2023 δὲ
1081 1968 1180 2022 οὐκ
1216 1966 1464 2020 ἐπείθετο
1495 1964 1630 2033 ἡμῖν
1663 1964 1863 2033 μεῖναι.

282 2071 529 2139 Λέγομεν
576 2066 824 2138 ὕστερον,
889 2059 1239 2131 Ἀπέλθωμεν
1272 2058 1388 2128 μετ’
1422 2054 1587 2110 αὐτοῦ
1615 2053 1720 2117 "an;
1771 2050 1868 2106 τοῦ

283 2158 567 2229 ποταμοῦθ
603 2156 696 2210 ἐὰν
726 2155 836 2224 γὰρ
868 2152 953 2223 ἴδῃ
997 2149 1180 2211 αὑτὸν,
1229 2148 1323 2215 ἀφ’
1352 2143 1548 2199 ἑαυτοῦ
1585 2142 1697 2214 ἔχει
1739 2143 1871 2198 άνα-

280 2251 522 2323 κάμψαι.
573 2246 914 2319 Ἀπήλθομεν
947 2239 1042 2298 οὖν
1076 2241 1193 2312 μετ’
1226 2237 1417 2301 αὑτοῦ,
1450 2235 1546 2291 καὶ
1571 2237 1661 2289 ὅτε
1686 2233 1870 2304 ’ἐφθά-

282 2358 460 2414 σαμεν
508 2341 601 2394 τὸν
657 2336 927 2407 ποταμὸν,
971 2330 1266 2388 ἀποδύεται
1320 2329 1531 2391 ἐκεῖνος
1571 2326 1642 2379 τά
1682 2326 1873 2396 ἱμάτια

278 2433 473 2498 αὐτοῦ,
508 2432 603 2487 καὶ
633 2430 826 2501 δεσμεῖ
856 2427 995 2481 αὐτὰ
1030 2425 1109 2487 εις
1135 2423 1233 2494 τὴν
1266 2419 1512 2491 κεφαλὴν
1545 2416 1734 2482 αὐτοῦ,
1776 2417 1874 2470 καὶ

280 2527 551 2592 ζὼννυται
586 2523 647 2577 eo
683 2521 952 2594 μαφόριον
981 2516 1169 2580 αὐτοῦ,
1198 2514 1297 2569 καὶ
1345 2512 1527 2584 βάλλει
1566 2509 1758 2566 ἑαυτὸν
1793 2509 1873 2573 εἰς

277 2620 374 2673 τὸν
424 2617 669 2686 ποταμὸν
732 2616 814 2677 εἰς
863 2611 986 2665 ὅλον
1036 2608 1100 2662 τὸ
1153 2605 1385 2678 φοὸερὸν
1440 2601 1621 2676 ῥεῦμα
1671 2602 1868 2657 έκεῖνο.

291 2712 488 2781 Ἡμεῖς
538 2708 596 2762 δὲ
640 2705 909 2775 ἱστάμεθα
957 2698 1392 2771 ἐκπληττόμενοι
1437 2694 1535 2753 καὶ
1577 2693 1876 2766 τρέμοντες

286 2806 489 2875 μήπως
533 2799 814 2871 ἀποθάνῃο
857 2797 1064 2858 ἐκεῖνος
1105 2792 1163 2845 δὲ
1208 2790 1370 2861 ἔμενε
1415 2785 1725 2857 κολυμϐῶν,
1778 2784 1876 2838 καὶ

285 2893 602 2967 εὑρίσκεται
651 2888 997 2961 παραχρῆμα
1037 2887 1117 2949 εις
1157 2883 1223 2937 τὸ
1252 2881 1384 2937 ἄλλο
1416 2879 1613 2951 πέραν,
1650 2877 1746 2934 καὶ
1789 2877 1877 2930 ὲν-

285 2965 470 3043 δύεται
518 2984 588 3038 τὰ
644 2983 836 3054 ἱμάτια
884 2976 1076 3041 αὐτοῦ,
1107 2976 1203 3029 καὶ
1246 2971 1432 3044 βάλλει
1483 2970 1617 3041 ἡμῖν
1662 2965 1876 3021 ἐκεῖθεν

294 3079 608 3152 μετάνοιαν,
644 3075 742 3129 καὶ⁸
777 3069 1047 3141 λαμϐάνει
1087 3064 1414 3138 παράθεσιν,
1449 3060 1546 3119 καὶ
1576 3059 1877 3132 ἀπέρχεται

287 3151 536 3246 πρέχων·
572 3169 736 3240 ἡμεῖς
776 3163 834 3219 δὲ
866 3160 1160 3233 ἐμείναμεν
1211 3154 1607 3227 θαυμάζοντες,
1648 3153 1744 3206 καὶ
1785 3151 1877 3204 ὲκ-

1972 1965 2144 2021 m'oris
2196 1956 2465 2034 praecepto
2509 1978 2522 2014 :
2563 1973 2666 2013 nos
2716 1970 2847 2012 vero
2896 1960 3088 2010 contra
3136 1951 3565 2007 cohortabath

1970 2061 2286 2123 exspectare
2317 2048 2697 2109 serenitatem,
2732 2051 3045 2100 asserentes
3074 2038 3368 2111 periclitari
3408 2038 3563 2093 illum

1971 2144 2209 2200 maxime
2240 2144 2294 2197 in
2325 2141 2491 2195 tantis
2534 2152 2802 2209 aquarum
2847 2131 3250 2203 eruptionibus.
3301 2128 3421 2184 Non
3469 2142 3566 2183 ac-

1972 2237 2179 2309 quievit
2222 2234 2388 2306 igitur
2435 2232 2529 2288 ille
2573 2230 2734 2286 nobis
2782 2227 2895 2282 ullo
2928 2234 3127 2299 pacto,
3183 2230 3246 2278 ut
3299 2230 3565 2277 maneret.

1973 2329 2326 2386 Decrevimus
2352 2341 2476 2381 eum
2500 2324 2567 2379 ad
2593 2336 2768 2392 usque
2783 2320 2987 2375 ﬂumen
3021 2315 3307 2386 subsequi,
3334 2326 3567 2385 speran-

1974 2433 2056 2482 tes
2106 2424 2309 2494 ipsum,
2344 2435 2469 2476 cum
2503 2417 2633 2473 illud
2665 2415 2912 2479 vidisset,
2962 2411 3381 2468 emendaturum
3430 2419 3571 2462 con-

1974 2518 2160 2574 silium
2214 2523 2269 2569 et
2323 2525 2698 2568 reversurum.
2744 2507 2825 2563 Eo
2877 2515 3060 2561 autem
3114 2512 3406 2574 postquam
3459 2512 3573 2554 una

1974 2607 2346 2680 pervenimus,
2386 2610 2585 2660 exutus
2613 2602 2705 2658 ille
2731 2607 2935 2665 vestes,
2965 2612 3059 2653 eas
3084 2595 3284 2652 cervici
3314 2592 3574 2650 collectas

1975 2699 2259 2773 imposuit,
2326 2706 2381 2753 ct
2414 2696 2696 2752 accinctus
2729 2692 3015 2762 scapulare
3042 2704 3227 2754 suum,
3266 2701 3387 2746 sese
3421 2683 3574 2740 dedit

1974 2768 2399 2857 praecipitemin
2434 2787 2761 2845 torrentem,
2805 2774 3102 2844 statimque
3145 2780 3336 2826 natare
3384 2768 3574 2838 capit.

1988 2873 2437 2933 Formidantibus
2472 2880 2651 2927 autem
2683 2868 2843 2924 nobis
2878 2882 2946 2922 ne
2989 2873 3348 2935 mergeretur,
3397 2859 3579 2918 subito

1983 2968 2041 3025 in
2070 2969 2229 3022 littus
2265 2966 2493 3020 alterum
2524 2960 2796 3033 (mirabile
2823 2957 2995 3027 dictu)
3026 2966 3363 3026 conspectus.
3393 2961 3499 3018 est,
3523 2958 3581 3008 et

1977 3058 2276 3128 resumptis
2299 3057 2480 3111 denuo
2506 3052 2776 3117 vestibus,
2812 3064 2843 3105 a
2876 3048 3033 3104 nobis
3073 3047 3365 3117 impetrata
3393 3042 3578 3106 venia,

1979 3151 2275 3209 discessit:
2318 3163 2417 3204 nos
2457 3154 2637 3202 autem
2685 3143 2811 3214 plus
2845 3155 3013 3213 quam
3047 3139 3156 3194 dici
3188 3145 3354 3208 queat
3384 3135 3579 3190 obstu-

289 3225 654 3335 ἐληέτάμεεὶἑι
711 3225 812 3330 risv
856 3225 1090 3324 δόναμιν
1140 3251 1244 3323 τῆς
1297 3225 1536 3321 αρετῆς·
1581 3247 1667 3300 ὅτι
1714 3246 1879 3317 ἡμεῖς

1985 3246 2223 3318 puimus,
2277 3241 2459 3298 mirati
2504 3239 2726 3295 virtutis
2772 3237 2881 3292 vim
2928 3245 2984 3290 et
3031 3231 3356 3304 potentiam.
3407 3225 3583 3282 Nobis

292 3358 440 3431 μετὰ
471 3354 662 3425 φόϐου,
706 3350 811 3406 κᾶν
842 3345 1224 3418 προσείχομεν,
1255 3345 1465 3405 ἐκεῖνος
1492 3340 1550 3393 δὲ
1586 3337 1883 3399 ἀκινδύνως

289 3429 480 3520 διῆλθε
509 3446 598 3501 διὰ
639 3443 741 3515 τὴν
771 3439 1020 3510 ὑπακοὴν
1055 3435 1241 3491 αὑτοῦ.
1272 3434 1385 3489 Καὶ
1414 3436 1443 3488 ι
1478 3430 1706 3500 ἀδελφὸς
1735 3429 1881 3483 ἐκεῖ-

289 3519 409 3605 νος,
439 3540 500 3592 ὃν
532 3536 780 3607 ἐπεμψεν
802 3535 833 3588 ὁ
856 3532 1031 3595 ἀΰσας
1058 3528 1226 3586 αὐτοῦ
1249 3526 1338 3581 διὰ
1361 3525 1460 3589 τὰς
1489 3524 1677 3595 χρείας
1701 3519 1884 3579 αὐτῶν

291 3632 436 3705 πρὸς
464 3630 558 3683 τὸν
586 3623 985 3696 άποκρισάριον
1022 3618 1187 3674 αὑτοῦ
1232 3618 1312 3681 εἰς
1337 3615 1436 3687 τὴν
1484 3612 1713 3683 κώμηνο
1765 3609 1884 3674 πῶς

292 3701 382 3782 δἐι
413 3718 558 3777 εἶδεν
591 3717 752 3772 αὑτὸν
785 3714 1079 3785 ἑλκόμενον
1123 3709 1229 3764 ὑπὸ
1276 3708 1378 3776 τῆς
1406 3704 1675 3777 θυγατρὸς
1714 3701 1882 3756 αὐτοῦ

294 3817 380 3879 εἰς
421 3809 652 3883 αἰσχρὰν
706 3805 884 3879 μίξινο
941 3802 1027 3857 ἵνα
1074 3800 1240 3872 μόρον
1271 3799 1385 3869 (sic)
1431 3797 1597 3868 εῐπῃο
1644 3795 1705 3847 'U
1750 3792 1884 3857 Θεὸς

298 3906 395 3962 τοῦ
422 3902 635 3974 Πατρός
672 3916 794 3972 μου,
824 3894 1006 3961 ἐξελοῦ
1040 3910 1107 3965 με
1132 3909 1147 3924 ο
1177 3911 1195 3945 ι
1222 3889 1427 3953 εὐθέως
1458 3886 1657 3958 εὑρέθη
1682 3887 1762 3950 εἰς
1785 3884 1884 3957 τὴν

301 3997 422 4053 ἁδὺν
445 3997 541 4067 τῆς
569 3994 822 4065 Σκήτεως
861 3987 1091 4057 ὑπάγων
1124 3984 1264 4056 πρὸς
1305 3982 1400 4035 τὸν
1428 3979 1651 4051 Πατέρα
1692 3976 1882 4034 αὐτοῦ.

368 4269 490 4336 ις’.
528 4264 766 4319 Βλέπετε
801 4259 1032 4330 δύναμιν
1062 4254 1285 4326 ἀρετῆς,
1322 4250 1552 4323 βλέπετε
1599 4249 1882 4321 ἐνέργειαν

297 4363 567 4436 ῥήματος,
620 4356 797 4425 πόσην
850 4351 1104 4423 βοήθειαν
1142 4348 1257 4418 ἔχει
1297 4346 1394 4398 καλ⁸
1439 4343 1502 4397 τὸ
1551 4341 1887 4395 ἐπικαλέσα-

1986 3338 2133 3395 enim
2163 3335 2256 3391 vix
2300 3334 2354 3389 in
2386 3348 2512 3389 eum
2547 3331 2667 3386 sine
2713 3336 2953 3383 tremore
2997 3322 3406 3385 contuentibus,
3457 3320 3578 3390 ipse

1989 3432 2141 3488 solus
2169 3425 2476 3497 intrepidus
2508 3425 2717 3494 absque
2749 3421 2859 3476 ulla
2893 3417 3186 3475 formidine
3229 3423 3285 3470 et
3336 3412 3584 3484 periculo

1988 3516 2249 3582 enatavit,
2280 3514 2451 3570 fretus
2481 3510 2809 3567 obedientite
2856 3506 3077 3562 merito.
3114 3502 3271 3559 Haud
3314 3500 3583 3557 dissimile

1990 3613 2096 3671 fuit.
2124 3620 2178 3669 et
2212 3608 2348 3665 illud
2378 3605 2524 3678 quod
2565 3603 2722 3660 alteri
2775 3599 3047 3671 discipulo
3093 3594 3339 3666 contigit,
3387 3594 3482 3665 qui
3514 3593 3584 3648 ab

1991 3705 2187 3763 abbate
2217 3704 2271 3760 in
2305 3699 2611 3773 proximam
2639 3694 2885 3750 villulam
2916 3692 3120 3746 missus
3148 3689 3215 3743 ad
3247 3685 3585 3756 expedienda

1991 3812 2114 3868 quae
2139 3810 2279 3866 opus
2309 3791 2547 3855 fuerant,
2577 3802 2703 3843 cum
2733 3800 2792 3840 se
2822 3781 3051 3838 sentiret
3086 3780 3141 3833 in
3187 3777 3585 3847 concupiscen—

1990 3891 2123 3948 tiam
2165 3887 2397 3960 propriae
2435 3883 2613 3937 liliolae
2644 3875 2951 3939 sollicitari,
2991 3870 3315 3928 exclamavit
3363 3868 3584 3924 unicam

1994 3980 2138 4035 hanc
2190 3990 2382 4032 vocent
2438 3992 2452 4026 :
2504 3989 2524 4023 ι
2570 3969 2713 4024 Deus
2782 3965 2952 4037 patris
3008 3963 3111 4019 mei
3182 3961 3351 4017 libera
3396 3974 3523 4025 me;
3559 3976 3581 4009 ι

1994 4070 2289 4139 statimque
2320 4079 2440 4119 sese
2470 4060 2612 4131 apud
2653 4059 2799 4113 viam
2832 4054 3065 4111 Scetiam
3101 4052 3306 4124 reperit
3332 4069 3344 4104 :
3375 4049 3468 4120 qui
3495 4064 3585 4104 re-

1991 4175 2184 4217 versus
2209 4158 2276 4212 ad
2308 4154 2532 4211 Patrem
2562 4167 2722 4208 suum
2765 4158 2871 4205 est.
3436 4146 3439 4151 '

2060 4250 2210 4306 XVI.
2251 4247 2444 4315 Videte
2490 4243 2792 4318 potentiam
2846 4237 3091 4304 virtutis,
3143 4233 3594 4305 contemplamini

1992 4345 2104 4399 vim
2132 4342 2283 4398 verbi
2313 4359 2328 4408 ;
2368 4346 2637 4410 quantum
2668 4335 2878 4391 scilicet
2906 4329 3094 4386 afferat
3125 4328 3313 4384 auxilii
3344 4325 3595 4399 paternis

300 4417 427 4508 ἒτόὲιι
452 4417 573 4505 τινα
598 4448 705 4511 κτὰς
735 4417 900 4516 εὐχάς
926 4417 1022 4496 ἐοὓ
1040 4417 1250 4511 Πατρδς
1276 4434 1445 4492 αὐτοῦ
1467 4452 1481 4466 '
1507 4435 1593 4487 ἵνα
1621 4433 1753 4505 εἴπῃ
1773 4448 1788 4463 ο
1831 4431 1880 4485 Ὅ

1995 4437 2249 4508 precibus
2293 4447 2415 4489 sese
2452 4430 2651 4486 dedere
2701 4425 2999 4495 :ipsorum
3050 4421 3196 4476 enim
3247 4421 3337 4487 ille
3386 4417 3595 4474 similia

1997 4528 2008 4530 ς
2444 4521 2457 4530 .
2602 4517 2623 4530 .
2649 4517 2681 4530 ..
2950 4511 3058 4530 ,κη
3148 4526 3242 4530 μω
3272 4510 3452 4530 ,πμ-,μ
3483 4509 3589 4530 μδ

297 4545 456 4610 Θεὸς,
495 4544 584 4598 διὰ
617 4543 717 4605 τὰς
750 4537 915 4609 εὐχὰς
944 4535 1038 4589 τοῦ
1069 4533 1282 4604 Πατρός
1313 4547 1417 4601 μου
1452 4526 1636 4594 ἐξελοῦ
1676 4544 1765 4597 με,
1796 4525 1891 4578 εὐ-

302 4642 447 4705 θέως
473 4636 674 4708 εὑρέθη
712 4636 790 4697 εἰς
832 4632 928 4703 τὴν
971 4629 1111 4686 ὁδόν.
1144 4627 1536 4697 Κατανοήσατε
1579 4623 1643 4708 6e
1663 4622 1762 4693 τὴν
1791 4638 1888 4674 ται

304 4730 566 4785 πείνωσιν
608 4727 703 4781 καὶ
747 4724 845 4795 τὴν
882 4720 1168 4775 εὐλάϐειαν
1218 4715 1568 4787 ἀμφοτέρων.
1619 4707 1801 4765 Ἷῐσαν
1833 4711 1891 4763 έν

299 4820 589 4887 στενώσει,
637 4815 733 4871 καὶ
759 4812 950 4885 ἢθελεν
991 4812 1020 4864 ὁ
1056 4811 1238 4880 γέρων
1276 4807 1490 4877 πέμψαι
1526 4804 1616 4857 τὸν
1665 4802 1892 4872 ἀδελφὺν

304 4914 446 4985 πρὸς
495 4912 587 4965 τὸν
620 4907 878 4964 ποιοῦντα
913 4904 1099 4966 αὐτοῖς
1148 4901 1250 4972 τὴν
1295 4900 1614 4970 ἀπόκρισιν,
1655 4896 1751 4950 καί
1794 4894 1895 4947 οὒκ

299 4984 494 5072 ἔλεγεν
527 4998 709 5070 αὐτῷ’
751 4996 1005 5063 ’Υπαγε⁶
1045 4991 1159 5046 ἀλλ’
1211 4990 1397 5056 ἔλεγεν
1422 4986 1604 5058 αὐτῷ·
1653 5004 1672 5037 ι
1711 4984 1898 5048 Θέλεις

297 5095 599 5159 ἀπελθεϊν;
662 5111 682 5144 ›
756 5088 993 5157 Ὀμοέως
1042 5084 1139 5136 καὶ
1193 5083 1223 5135 ό
1272 5079 1502 5148 ἀδελφὸς
1547 5079 1649 5137 οὐκ
1704 5072 1894 5130 εἶπενο

311 5186 578 5254 ’Υπάγωο
628 5182 745 5237 ἀλλ’
789 5180 976 5247 ἔλεγεν
1020 5174 1201 5245 αὐτῷ’
1244 5191 1262 5225 ι
1321 5173 1409 5235 Ὠς
1452 5170 1629 5233 θέλεις
1659 5168 1820 5223 ποιῶ.
1873 5187 1892 5219 ι

311 5280 596 5350 ,Εφοσεῖτο
637 5276 746 5346 γὰρ
786 5273 884 5333 καὶ
923 5269 1012 5324 διὰ
1058 5268 1126 5322 τὰ
1177 5265 1451 5321 σκάνδαλα
1478 5263 1573 5317 καὶ
1601 5261 1690 5316 διὰ
1720 5260 1901 5331 τὸμὴ

300 5371 655 5445 παρακοῦσαι
677 5367 772 5422 τοῦ
804 5363 1017 5433 Πατρδς
1057 5358 1244 5413 αὐτοῦ.
1282 5351 1415 5409 Εἶτα
1448 5354 1524 5418 ὡς
1551 5354 1712 5408 πλέον
1742 5353 1893 5404 ἐσιε-

300 5441 578 5535 νὼδησαν,
599 5461 751 5529 λέγει
776 5455 924 5526 αὐτῷ
949 5456 977 5507 ὁ
1010 5451 1208 5523 γέρων·
1252 5467 1270 5500 ι
1316 5446 1587 5515 Ἐγείρου,
1626 5441 1834 5510 ὕπαγε·
1868 5458 1886 5490 ι

301 5557 403 5611 καὶ
435 5531 536 5608 οὐκ
567 5548 722 5607 εἶπεν
761 5546 943 5619 αὐτῷ’
984 5539 1221 5607 Ἐλπίζω
1255 5542 1334 5603 εἰς
1374 5538 1466 5591 τὸν
1504 5535 1635 5589 Θεὼν
1673 5550 1775 5605 μου
1821 5531 1902 5584 ὅτι

305 5648 562 5718 σκεπάζῃ
596 5658 693 5705 σε·
728 5640 865 5697 ἀλλὰ
901 5637 1086 5706 λέγει·
1133 5654 1151 5686 ι
1204 5630 1442 5695 Ἐλπίζω
1488 5631 1567 5693 εἰς
1594 5628 1695 5692 τὰς
1735 5628 1900 5699 εὐχὰς

300 5738 401 5796 τοῦ
437 5738 651 5809 Πατρός
685 5751 786 5805 μου
826 5731 908 5784 ὅτι
954 5722 1290 5789 σκεπάζουσί
1333 5739 1421 5794 με.
1462 5739 1481 5773 ι
1537 5718 1771 5791 Ὁμοίως
1809 5718 1902 5771 καὶ

302 5831 615 5911 ὁνάδελφὸς,
646 5828 735 5883 ὅτε
782 5820 1109 5893 ὲπειράσθη,
1148 5817 1251 5872 οὐκ
1297 5810 1473 5885 εἶπεν,
1525 5814 1612 5868 ὅτι
1663 5812 1716 5866 '0
1757 5813 1902 5879 Θεός

1997 4528 2215 4583 locutus
2239 4532 2324 4580 est
2348 4521 2533 4577 verba;
2555 4538 2574 4571 ι
2602 4517 2794 4572 Libera
2818 4530 2927 4582 me,
2950 4511 3117 4576 Deus,
3148 4526 3243 4583 per
3272 4510 3455 4565 Patris
3483 4509 3594 4564 mei

1997 4619 2311 4675 orationes:
2346 4635 2365 4668 ι
2408 4611 2764 4670 Considerate
2804 4605 3166 4662 humilitatem
3202 4590 3595 4658 et‘observan-

2001 4712 2131 4767 tiam
2179 4710 2512 4766 amborum:
2565 4711 2684 4760 erat
2734 4708 2966 4770 uterque
3017 4696 3218 4753 dubius
3263 4705 3319 4751 et
3370 4695 3592 4759 anxius,

1996 4804 2326 4872 volebatque
2351 4814 2516 4855 senex
2564 4796 2787 4851 fratrem
2820 4795 2887 4848 ad
2921 4790 3243 4848 monasterii
3280 4788 3593 4844 necessaria

1995 4897 2292 4959 dimittere,
2330 4908 2433 4948 nec
2462 4900 2642 4946 tamen
2673 4896 2735 4943 ut
2778 4887 2903 4953 iret,
2936 4886 3211 4956 imperare
3248 4882 3441 4945 voluit,
3490 4880 3590 4934 sed

1996 5001 2180 5046 utrum
2221 4985 2498 5059 proﬁcisci
2532 4982 2695 5037 vellet
2739 4986 3092 5051 percontatus
3140 4983 3243 5031 est.
3294 4972 3412 5029 Non
3461 4971 3597 5030 item

1997 5082 2171 5138 frater
2196 5077 2499 5148 respondit,
2532 5092 2551 5126 ι
2572 5073 2673 5139 Eo,
2699 5072 2795 5129 sed
2817 5068 3083 5143 quidquid
3106 5066 3342 5137 jusseris
3366 5063 3595 5125 faciam,

1994 5174 2176 5231 Pater.
2209 5190 2228 5222 ι
2274 5168 2414 5225 Hinc
2443 5167 2589 5223 enim
2616 5162 2873 5221 scandala
2899 5161 3213 5224 verebatur,
3246 5157 3377 5211 hinc
3406 5155 3592 5211 Patris

1997 5258 2426 5317 inohedientiam
2483 5253 2832 5310 formidabat.
2888 5247 2971 5303 Ad
3013 5250 3131 5302 haec
3179 5243 3345 5315 igitur
3400 5257 3596 5305 senex.

2005 5373 2023 5405 ι
2053 5352 2320 5421 Evsurge,
2352 5349 2449 5416 ait,
2480 5356 2536 5402 et
2569 5353 2814 5400 actutum
2848 5356 3025 5412 perge.
3058 5357 3076 5389 ›
3106 5336 3388 5391 Recetlens
3427 5334 3599 5389 frater

2003 5441 2178 5496 dixit:
2227 5459 2244 5491 ι
2274 5438 2393 5493 Non
2427 5450 2588 5508 spero
2623 5436 2677 5488 in
2708 5432 2880 5487 Deum
2913 5430 3039 5500 quia
3076 5442 3162 5481 me
3188 5431 3454 5496 proteget,
3497 5425 3597 5481 sed

2001 5534 2058 5588 in
2113 5531 2456 5588 orationibus
2490 5528 2670 5583 Patris
2719 5523 2846 5588 mei,
2883 5520 3012 5592 quia
3058 5534 3146 5587 me
3196 5516 3531 5572 tuebuntur:
3569 5533 3597 5567 ι

2006 5626 2197 5696 sicque
2238 5639 2362 5680 cum
2414 5624 2469 5677 in
2510 5619 2862 5677 tentationem
2914 5611 3216 5675 incidisset,
3266 5623 3377 5663 non
3421 5606 3596 5662 Deum

2007 5716 2062 5770 in
2090 5714 2354 5772 auxilium
2388 5710 2624 5773 vocavit,
2653 5706 2749 5762 sed
2779 5702 2955 5759 Patris
2982 5701 3079 5758 sur
3098 5700 3395 5756 orationes.
3421 5698 3601 5769 Atque

2008 5810 2083 5866 ita
2108 5807 2351 5881 paternis
2382 5802 2728 5864 orationibus
2760 5800 2932 5858 fretus
2957 5805 3188 5870 uterque
3213 5790 3598 5853 maximel'uit.
