4020 6410
542 354 675 421 1639

537 581 700 622 xere:
747 577 806 621 ut
836 567 982 622 enim
1017 584 1213 623 currus
1243 583 1354 623 uno
1385 581 1527 636 equo
1560 581 1669 620 non
1704 565 1838 620 satis
1871 579 2122 618 commo-

535 658 603 711 de
634 659 888 722 trahitur,
923 659 1028 715 nisi
1070 669 1123 714 et
1154 660 1384 715 alterum
1415 673 1658 728 apponas
1685 675 1700 712 :
1754 657 1828 710 ita
1861 655 2122 711 obediens

537 751 900 805 humilitatem
943 750 1291 821 conjugatam
1346 749 1448 805 sibi
1497 747 1762 817 deposcit.
1821 748 1940 812 Qua
1988 759 2122 800 sane

535 842 709 913 gratia
739 851 794 897 et
836 843 1036 897 virtute
1083 841 1269 896 haberi
1315 856 1477 897 nemo
1522 841 1720 910 dignus
1762 847 1960 909 potest,
2011 836 2120 892 nisi

534 941 663 987 ante
689 940 1016 987 consuescat
1053 930 1388 1002 praecludere
1427 937 1482 985 et
1512 936 1799 1001 amputare
1836 929 2116 998 propriam

533 1024 889 1090 voluntatem,
921 1038 981 1078 se
1014 1023 1189 1092 ipsum
1224 1031 1350 1094 post
1390 1022 1558 1078 Deum
1585 1023 1732 1077 Patri
1767 1037 1870 1076 suo
1897 1021 2116 1086 dedere,

531 1122 692 1185 atque
719 1115 787 1170 ab
815 1130 881 1170 eo
931 1115 1078 1170 nulla
1109 1115 1160 1169 in
1204 1130 1262 1171 re
1291 1115 1643 1186 postmodum
1675 1115 1988 1180 dissentire,
2023 1114 2118 1168 sed

532 1207 716 1261 omnia
751 1207 924 1277 ipsius
954 1207 1183 1263 arbitrio
1223 1207 1421 1274 facere,
1453 1223 1516 1262 ea
1550 1207 1652 1262 fide
1676 1219 1730 1263 et
1768 1207 2116 1270 certitudine,

531 1311 596 1351 ac
625 1296 671 1351 si
705 1297 848 1352 Deus
879 1297 932 1351 in
976 1298 1191 1352 cunctis
1239 1313 1346 1354 non
1401 1298 1606 1352 homini
1657 1306 1890 1368 pareret,
1928 1306 1990 1352 ut
2037 1296 2116 1351 illi

528 1399 668 1456 quos
698 1387 1052 1456 praediximus
1081 1385 1438 1442 factitarunt:
1485 1388 1572 1443 hic
1605 1387 1827 1456 salvari,
1879 1387 1969 1444 hic
2011 1386 2115 1442 mi-

527 1477 881 1533 sericordiam
915 1477 1175 1548 consequi
1210 1477 1409 1550 dignus
1447 1486 1549 1533 est.

593 1650 760 1705 XVII.
795 1650 1056 1706 Memoria
1082 1659 1166 1707 est
1189 1649 1256 1706 de
1279 1649 1436 1705 beato
1470 1647 1686 1713 Basilio,
1716 1649 1809 1719 qui
1841 1664 1966 1705 cum
1997 1663 2112 1704 cm-

524 1745 813 1823 nobiasua
841 1744 1120 1810 inviseret,
1150 1743 1218 1797 ab
1249 1757 1358 1797 uno
1387 1741 1732 1812 praelatorum
1761 1751 2110 1812 percontatus

1733 359 1790 416 S.
1836 354 2223 416 DOROTIIEI
2258 351 2580 411 ABBATIS

536 473 616 529 En
647 474 1110 545 quemadmodum
1140 476 1460 531 obcdientiae
1489 473 1854 528 humilitatem
1885 472 2105 542 conjun.

2225 487 2368 537 μου,
2390 466 2607 530 ἐξελοῦ
2632 481 2729 535 με,
2765 465 2902 530 ἀλλ’,
2939 485 2956 517 ι
3005 465 3064 520 ’0
3093 466 3244 531 Θεὸς,
3286 469 3364 531 εἰς
3391 467 3482 531 τὰς
3517 469 3658 540 εὐχὰς
3673 477 3746 530 τοῦ

3632 358 3740 426 Ῑῧείθ

2223 561 2434 632 Πατρός
2489 577 2592 630 μου
2646 557 2834 623 ἐξελοῦ
2875 576 2962 628 με.
3010 578 3028 613 ι
3075 561 3185 613 Καὶ
3228 561 3452 625 ἕκαστος
3497 563 3654 617 αὐτῶν
3688 569 3750 631 είς

2217 653 2315 714 τὰς
2369 652 2536 722 εὐχάς
2587 650 2679 704 τοῦ
2723 651 2939 724 Πατρὸς
2966 651 3134 705 αὐτοῦ
3168 653 3381 724 ἤλπιζε.
3422 653 3631 709 Βλέπετε
3662 660 3750 724 πῶς

2215 740 2445 809 ἔζευξαν
2489 743 2590 814 τὴν
2647 743 2896 814 ὑπακοὴν
2941 746 3009 815 τῇ
3057 745 3418 798 ταπεινώσειο
3465 745 3634 818 ὥσπερ
3669 749 3752 821 γὰρ

2218 834 2511 904 ζεύγνυται
2546 834 2606 887 τδ
2649 833 2827 905 ἀρμα,
2874 835 2972 888 καὶ
2999 835 3060 888 οὐ
3095 835 3318 890 δύναται
3347 839 3375 890 6
3406 836 3562 901 ἵππος
3589 840 3754 910 προλα-

2217 927 2332 980 ϐεῖν
2371 927 2466 980 τὸν
2499 926 2680 992 ἄλλον,
2713 927 3004 981 ὲπικλᾶται
3027 941 3041 955 ·
3089 926 3262 991 οὕτως
3303 927 3490 999 χρῄζει
3519 931 3549 1000 ἡ
3581 930 3755 996 ὑπακοὴ

2217 1019 2363 1091 ἔχειν
2395 1019 2839 1090 συνεζευγμένην
2867 1020 3006 1092 αὐτῇ
3033 1019 3136 1090 τὴν
3171 1020 3514 1074 ταπείνωσιν.
3550 1023 3647 1074 Καὶ
3667 1025 3756 1088 πῶς

2215 1109 2440 1163 δύναταί
2474 1127 2559 1174 τις
2591 1109 2892 1181 ἀξιωθῆναι
2940 1110 3146 1182 ταύτης
3183 1113 3283 1182 τῆς
3308 1112 3543 1182 χάριτος.
3573 1113 3654 1166 ἐὰν
3681 1115 3755 1186 μὴ.

2215 1199 2399 1264 καθὼς
2432 1195 2605 1265 εἷπον,
2643 1201 2900 1272 βιάσηται
2933 1201 3098 1272 κόψαι
3127 1202 3198 1254 τὰ
3231 1202 3340 1255 [δια
3380 1201 3659 1274 θελήματα,
3687 1210 3759 1261 καὶ

2216 1289 2362 1362 ἐκδῷ
2385 1290 2582 1346 ἑαυτὸν
2616 1291 2756 1361 μετά
2785 1292 2919 1347 Θεὸν
2944 1293 3022 1364 τῷ
3061 1293 3257 1347 ἑαυτοῦ
3296 1294 3493 1365 Πατρὶ,
3527 1297 3580 1347 ἐν
3610 1297 3759 1366 μηδενὶ

2212 1383 2503 1450 διστάζων,
2531 1383 2670 1438 ἀλλά
2704 1383 2884 1438 πάντα
2916 1385 3109 1451 ποιῶν,
3151 1386 3344 1457 ῶσπερ
3363 1388 3625 1459 κάκείνῳ,
3652 1394 3759 1459 μετὰ

2214 1474 2586 1548 πληροφορίας
2633 1477 2710 1539 ὡς
2745 1477 2830 1530 ὅτι
2874 1476 2952 1548 τῷ
3001 1478 3121 1549 Θεῷ
3163 1479 3468 1547 ὐπακούεις
3518 1482 3606 1544 Τις
3646 1482 3760 1547 ἄξιος

2213 1567 2528 1638 ἐλεηθῆναι,
2560 1568 2644 1632 τὶς
2670 1568 2822 1634 ἄξιος
2850 1571 3112 1642 σωθῆναι.

2285 1659 2384 1714 lZ'.
2428 1660 2658 1731 Φέρεταί
2699 1679 2831 1716 ποτε
2866 1662 3110 1727 τοιοῦτος
3142 1663 3322 1732 λόγος,
3351 1664 3435 1717 ὅτι
3463 1665 3759 1736 παρερχόμε-

2212 1750 2303 1814 νός
2328 1768 2458 1805 ποτε
2497 1753 2527 1804 6
2561 1753 2720 1821 ἀγιος
2747 1753 3026 1818 Βασίλειος
3055 1754 3145 1808 διὰ
3171 1754 3280 1809 τῶν
3311 1753 3594 1808 κοινοϐίων
3615 1757 3760 1821 αὐτοῦ,

522 1841 624 1900 est,
673 1846 805 1886 num
839 1845 1001 1900 quem
1054 1830 1109 1884 in
1155 1830 1326 1884 choro
1371 1843 1596 1883 suorum
1649 1828 1893 1893 haberet,
1946 1842 2105 1896 quem

2215 1843 2365 1912 λέγει
2404 1843 2488 1897 ἑνὶ
2518 1843 2624 1898 τῶν
2657 1845 3014 1916 ἡγουμένων
3059 1866 3078 1898 ι
3122 1847 3310 1917 Ἔχεις
3340 1845 3462 1900 τινὰ
3493 1847 3596 1901 τῶν
3633 1848 3761 1912 σωζο-

522 1924 826 1980 confidcret
894 1921 1237 1977 salvandum.
1291 1920 1679 1992 Respondente
1734 1928 1918 1976 autem
1978 1920 2108 1985 illo,

523 2028 742 2084 sperare
770 2027 830 2068 se
857 2027 1048 2067 omnes
1090 2027 1186 2081 per
1233 2027 1364 2068 suas
1413 2011 1692 2066 orationes
1741 2011 1858 2064 fore
1905 2009 2110 2065 salvos.

523 2100 762 2156 Rursum
804 2100 858 2155 id
890 2099 1070 2170 ipsum
1106 2098 1501 2169 interrogavit;
1558 2113 1659 2154 nec
1707 2109 1834 2152 ante
1881 2097 2110 2165 destitit,

522 2211 686 2267 quam
711 2195 797 2250 ille
819 2211 889 2250 ex
916 2195 1136 2265 optimis
1168 2195 1451 2249 meliorem
1477 2193 1583 2249 sibi
1610 2192 1830 2248 offerret
1854 2193 2108 2248 electum.

520 2285 620 2341 Cui
651 2301 775 2342 cum
803 2284 964 2344 Pater
994 2285 1373 2342 sanctissimus
1404 2286 1696 2357 imperaret
1724 2295 1784 2340 ut
1813 2300 2012 2355 aquam
2043 2284 2108 2340 ad

521 2378 818 2433 abluendos
867 2378 1032 2448 pedes
1077 2376 1316 2444 afferret,
1368 2377 1503 2433 abiit
1557 2377 1764 2442 statim,
1822 2377 2002 2432 attulit
2057 2385 2112 2433 et

521 2466 690 2521 lavit:
743 2465 911 2536 jussit
967 2466 1317 2536 postmodum
1367 2467 1556 2522 sedere
1602 2482 1760 2531 eum,
1813 2481 1877 2522 ac
1936 2465 2109 2521 lavari

520 2555 721 2622 pariter
748 2574 761 2610 :
792 2556 976 2625 paruit
1003 2555 1094 2610 ille
1119 2556 1464 2626 simpliciter,
1496 2565 1551 2610 et
1577 2557 1925 2611 ministrante
1947 2551 2112 2612 Patre

520 2646 662 2699 lotus
686 2656 784 2700 est.
825 2643 955 2700 Post
986 2645 1086 2699 hoc
1117 2645 1421 2714 periculum
1447 2644 1794 2712 obedientiae,
1823 2646 2109 2716 ingressus

516 2745 600 2791 est
626 2735 789 2808 383
826 2735 880 2790 in
923 2737 1299 2791 sanctuarium
1343 2751 1467 2790 cum
1517 2750 1584 2790 eo
1624 2733 1804 2803 Pater,
1854 2745 1908 2792 et
1964 2737 2110 2792 cele-

519 2835 699 2889 branti
745 2832 1012 2902 discipulo
1047 2833 1362 2888 ministrare
1390 2833 1602 2896 voluit,
1659 2847 1726 2888 eo
1761 2832 1910 2888 nulla
1960 2832 2015 2886 in
2051 2848 2110 2887 re

517 2917 888 2984 dissentiente,
935 2931 1322 2987 quamcunque
1350 2917 1694 2986 imperasset.
1728 2917 1906 2987 Atque
1953 2917 2106 2972 illum

519 3018 644 3080 post
672 3009 788 3064 hsce
819 3009 1031 3065 socium
1059 3009 1160 3064 sibi
1196 3018 1252 3064 et
1279 3018 1603 3079 perpetuum
1655 3010 1908 3064 comitem
1963 3009 2105 3065 asci-

515 3101 612 3156 vit.
652 3099 840 3172 Neque
884 3102 1029 3156 enim
1076 3103 1243 3154 alium
1283 3117 1447 3170 quam
1481 3113 1728 3156 sanctum
1777 3101 2104 3172 discipulum

512 3199 566 3243 et
608 3189 952 3244 benedictum
986 3188 1211 3244 decebat
1243 3188 1445 3243 habere
1492 3188 1756 3243 deifrrum
1790 3198 2000 3259 patrem
2051 3183 2172 3244 etC

515 3277 942 3332 sanctissimum.
994 3273 1105 3332 Vos
1153 3285 1331 3330 autem
1375 3277 1619 3342 omnino,
1659 3277 1873 3344 fratres,
1925 3278 2104 3333 adhuc

514 3374 766 3434 expertes
797 3365 953 3418 video
988 3363 1368 3430 hujuscemodi
1402 3365 1723 3420 obedientia:
1770 3367 2099 3430 indiscreta,

517 3473 616 3512 nec
646 3472 810 3512 nosse
838 3465 1042 3526 quanta
1067 3457 1186 3526 ejus
1217 3457 1540 3528 sitreqnies.
1561 3456 1783 3512 Memini
1811 3473 1897 3512 me
1923 3474 2100 3528 quan-

515 3548 695 3617 doque
732 3547 982 3600 abhatem
1014 3545 1280 3601 Joannem
1331 3546 1472 3602 beati
1515 3546 1877 3617 Barsanuphii
1931 3549 2100 3604 dlsci-

515 3639 702 3708 pulum
741 3638 1106 3708 interrogasse
1136 3654 1246 3692 rem
1289 3639 1706 3708 hujuscemodi:
1738 3637 1874 3692 Cum
1912 3637 2100 3710 Scrip-

513 3745 632 3786 tura
664 3741 1057 3808 commemoret
1089 3745 1226 3798 Opus
1256 3732 1414 3785 nobis
1452 3747 1574 3785 esse
1614 3731 1802 3786 multis
1849 3731 2099 3787 aﬂlictio-

511 3823 674 3876 nibus
707 3830 761 3876 et
808 3822 1077 3891 angustiis
1119 3821 1188 3875 ad
1243 3823 1366 3876 vitae
1415 3821 1722 3893 ingressum
1777 3830 1831 3876 ct
1881 3823 2094 3890 salutis,

508 3914 761 3969 dubitare
803 3928 891 3968 me
939 3928 1007 3967 ne
1055 3913 1310 3983 perirem,
1353 3913 1449 3983 qui
1505 3913 1653 3967 nulla
1700 3928 1790 3968 me
1837 3915 2095 3969 sentirem

507 4023 638 4064 cura
669 4006 872 4062 moveri
895 4015 947 4062 et
988 4006 1272 4062 sollicitari
1299 4019 1314 4060 :
1351 4006 1514 4075 idque
1543 4021 1638 4077 per
1666 4006 1876 4063 litteras
1904 4008 2096 4062 scisci-

507 4101 683 4154 tabar.
726 4095 869 4153 Inter
903 4097 1272 4159 scribendum,
1305 4096 1500 4165 fateor,
1553 4097 1741 4168 augeri
1783 4098 1916 4153 mihi
1963 4099 2096 4153 lani-

509 4192 642 4245 tiam
687 4189 1020 4255 sentiebam,
1068 4188 1438 4257 timebamque
1487 4189 1620 4242 mihi
1667 4189 1770 4258 ipsi
1821 4190 1995 4258 magis
2025 4190 2093 4244 ad

504 4281 888 4336 tribulationes
930 4279 1232 4349 Scriptura:
1259 4281 1571 4342 advertens,
1617 4280 1818 4348 quibus
1869 4281 2093 4336 omnino

501 4388 690 4428 carere
719 4388 806 4427 me
841 4371 1262 4440 cognoscebam.
1311 4369 1381 4424 At
1421 4370 1554 4423 mihi
1589 4385 1754 4424 senex
1785 4371 2088 4440 respondit,

501 4477 554 4520 et
582 4480 784 4518 vanum
819 4465 1073 4518 timorem
1101 4462 1323 4528 ademit,
1369 4461 1609 4518 inferens
1660 4463 1734 4516 ita
1775 4465 2090 4520 necessario

500 4559 751 4623 evenire,
800 4565 859 4611 ut
916 4556 1125 4612 scilicet
1179 4557 1550 4627 pacatissimi,
1594 4555 1984 4627 jucundissimi
2037 4567 2090 4614 et

499 4660 830 4727 quietissimi
864 4658 994 4724 sint,
1037 4659 1354 4729 quicunque
1406 4674 1526 4715 sese
1576 4658 1630 4714 in
1683 4658 1907 4715 Patrum
1958 4662 2091 4718 obe-

499 4762 760 4818 dientiam
805 4760 1080 4816 dedidere.

2218 1936 2431 2008 μένων;
2461 1955 2478 1988 ι
2503 1937 2673 2005 Λέγει
2697 1937 2846 2008 αὐτῷ
2874 1939 2902 1990 ὁ
2929 1937 3134 2002 ἀϐὁᾶςο
3165 1957 3184 1990 ι
3219 1938 3320 1992 Διά
3351 1938 3462 1993 τῶν
3489 1938 3652 2010 εὐχῶν
3677 1956 3752 2003 σου,

2211 2028 2472 2092 δέσποτα,
2516 2026 2719 2090 πάντες
2767 2026 3000 2098 θέλομεν
3053 2027 3317 2099 σωθῆναι.
3375 2047 3394 2080 ι
3443 2028 3601 2096 Λέγει
3641 2028 3757 2082 πάλιν

2212 2113 2362 2186 αὐτῷ
2403 2117 2434 2169 6
2483 2116 2640 2185 ἅγιος
2688 2117 3012 2182 Βασίλειος·
3055 2136 3074 2170 ι
3131 2119 3252 2172 Τῶν
3301 2119 3621 2190 σωζομένων
3657 2119 3762 2190 ἔχεις

2211 2209 2374 2274 τινάς
2407 2227 2426 2261 ι
2470 2209 2678 2265 Ἐκεῖνο
2706 2211 2908 2282 νοήσας
2933 2207 3024 2283 [ἦν
3055 2211 3164 2283 γὰρ
3193 2213 3290 2266 καὶ
3324 2211 3486 2276 αὐτὸς
3508 2229 3761 2284 πνευματι-

2213 2300 2332 2374 κὸς]
2371 2299 2557 2370 λέγει·
2616 2320 2636 2353 σ
2683 2302 2814 2356 Ναί.
2853 2321 2872 2355 ι
2919 2302 3196 2366 Ἐλθόντος
3247 2301 3308 2356 δὲ
3359 2301 3546 2367 αὐτοῦ,
3591 2302 3763 2371 λέγειὸ

2213 2394 2370 2463 ἅγιος
2417 2392 2604 2464 αὐτῷ·
2656 2411 2676 2446 ι
2743 2395 2866 2460 Δὸς,
2900 2397 3169 2466 νίψωμαι.
3223 2415 3244 2450 ι
3318 2397 3649 2468 Ἀπέρχεται,
3695 2399 3763 2450 καί

2213 2486 2368 2556 φέρει
2399 2485 2549 2557 αὐτῷ
2581 2485 2868 2557 νίψασθαι.
2896 2489 3051 2542 Μετά
3077 2489 3134 2543 δὲ
3161 2489 3223 2542 τὸ
3251 2489 3512 2560 νίψασθαι
3540 2490 3624 2543 τὸν
3645 2490 3763 2558 ἀγιον

2213 2577 2511 2646 Βασίλειον,
2545 2579 2820 2651 λαμϐάνει
2860 2584 2955 2635 καὶ
2985 2583 3147 2647 αὐτὸς
3178 2586 3206 2637 6
3235 2584 3398 2653 ἀγιος
3436 2583 3497 2636 τὸ
3527 2583 3664 2654 νίμα,
3693 2583 3762 2636 καὶ

2144 2707 2155 2717 ι
2211 2670 2360 2739 λέγει
2391 2669 2472 2742 τῷ
2505 2671 2757 2743 ἀδελφῷ·
2793 2691 2813 2726 ι
2851 2673 3038 2742 Δέξαι,
3085 2675 3180 2728 καὶ
3228 2675 3398 2739 αὐτὸς
3427 2675 3592 2744 νίψαι.
3634 2694 3650 2728 ι
3687 2675 3762 2728 Δέ-

2212 2779 2368 2832 χεται
2416 2758 2514 2816 οὖν
2571 2765 2780 2829 ἐκεῖνος
2825 2765 2887 2819 τὸ
2941 2766 3073 2836 νίμα
3121 2765 3457 2838 ἀδιακρίτως
3509 2766 3649 2838 παρὰ
3691 2765 3762 2818 τοῦ

2211 2855 2366 2922 ἁγίου
2391 2871 2404 2884 ·
2442 2855 2582 2925 μετά
2607 2850 2701 2912 οὐν
2739 2859 2800 2910 τὸ
2823 2857 3120 2928 δοκιμάσαι
3154 2859 3322 2913 αὐτὸν
3363 2861 3422 2914 ὲν
3446 2859 3629 2930 τούτῳ,
3647 2858 3763 2928 λέγει

2210 2943 2360 3015 αὐτῷ
2400 2944 2598 2998 πάλιν
2654 2965 2672 2998 ι
2731 2946 2862 3000 Ὅτε
2913 2947 3235 3018 εἰσέρχομαι
3281 2949 3365 3011 είς
3413 2947 3476 3001 τὸ
3518 2948 3762 3019 ίερατεῖον,

2210 3037 2351 3099 ἐλθὲ,
2406 3037 2726 3110 ὑπόμνησόν
2778 3057 2848 3110 με
2895 3040 2985 3095 ἵνα
3027 3043 3399 3112 χειροτονήσω
3448 3058 3526 3096 σε.
3579 3059 3595 3092 ι
3631 3040 3764 3094 Πάλιν

2210 3131 2417 3193 ἐκεῖνος
2455 3128 2790 3199 ἀδιακρίτως
2821 3130 3110 3186 ὑπακούει.
3148 3131 3260 3185 Καὶ
3281 3133 3372 3185 ὅτε
3403 3127 3508 3185 εἶδε
3539 3131 3620 3185 τὸν
3641 3130 3764 3197 ἀγιον

2207 3221 2489 3275 Βασίλειον
2523 3220 2633 3274 ἔσω
2663 3223 2743 3284 είς
2770 3220 2830 3274 τὸ
2864 3223 3154 3294 ίερατεῖον,
3185 3223 3514 3295 ἀπέρχεται,
3550 3223 3637 3278 καὶ
3657 3221 3764 3274 ὐπο-

2210 3314 2514 3385 μιμνὴσκει
2559 3313 2746 3380 αὐτὸν,
2799 3315 2896 3368 καὶ
2937 3318 3246 3388 χειροτονεῖ
3288 3318 3488 3384 αὐτὸν,
3533 3317 3618 3371 καὶ
3653 3315 3764 3384 λαμ·

2205 3403 2359 3456 ϐάνει
2404 3403 2566 3458 αὐτὸν
2601 3405 2719 3472 μετ’
2770 3404 2935 3459 αὐτοῦ
2959 3421 2973 3436 °
3013 3407 3120 3460 τίνι
3163 3406 3276 3478 γὰρ
3324 3407 3582 3479 ἔπρεπεν,
3623 3409 3666 3460 εί
3705 3405 3762 3476 μὴ

2207 3496 2347 3567 μετὰ
2393 3495 2488 3550 τοῦ
2535 3497 2695 3565 ἁγίου
2735 3498 2944 3551 ἐκείνου
2995 3499 3090 3552 τοῦ
3125 3499 3421 3571 θεοφόρου,
3455 3501 3534 3572 τῷ
3574 3498 3762 3568 τοιούτῳ

2203 3585 2557 3656 εὐλογημένῳ
2578 3587 2830 3657 ἀδελφῷ;
2871 3587 3059 3653 Ὑμεῖς
3107 3590 3209 3642 οὐκ
3254 3590 3410 3661 ἔχετε
3461 3592 3646 3660 πεῖραν
3685 3588 3764 3640 ὐπ-

2203 3675 2374 3744 ακοῆς
2408 3675 2723 3748 ἀδιακρίτου
2744 3694 2756 3706 ·
2789 3676 2909 3730 οὐδὲ
2943 3677 3121 3730 οἴδατε
3153 3681 3254 3748 τὴν
3269 3680 3578 3734 ἀνάπαυσιν
3603 3679 3760 3746 αὐτῆς.

2215 3767 2509 3837 Ἦρώτησά
2541 3785 2673 3820 ποτε
2700 3768 2934 3839 γέροντα
2957 3770 3048 3823 τὸν
3078 3770 3254 3824 ἀϐϐᾶν
3299 3771 3552 3842 Ἰωάννην
3582 3771 3665 3822 τὸν
3689 3765 3762 3822 τοῦ

2201 3859 2349 3914 assa
2394 3860 2834 3931 Βαρσανουφίου,
2875 3862 2968 3914 καὶ
3015 3857 3202 3915 εἶπον·
3241 3881 3260 3914 ι
3299 3864 3566 3926 Δέσποτα,
3607 3858 3763 3928 ἐπειδὴ

2200 3951 2232 4020 ἡ
2279 3951 2472 4021 Γραφὴ
2516 3950 2666 4020 λέγει
2716 3951 2798 4005 ὅτι
2852 3951 2942 4005 διὰ
2993 3951 3206 4006 πολλῶν
3243 3951 3482 4022 θλίψεων
3521 3953 3600 4006 δεῖ
3643 3950 3763 4021 ἡμᾶς

2199 4041 2464 4095 εἰσελθεῖν
2496 4045 2575 4106 εἰς
2614 4042 2712 4114 τὴν
2748 4041 3026 4111 βασιλείαν
3052 4044 3162 4098 τῶν
3194 4045 3470 4116 οὐρανῶν,
3495 4045 3586 4098 καὶ
3611 4043 3762 4113 βλέπω

2198 4132 2281 4185 ὃτι
2306 4132 2426 4185 οὐδὲ
2462 4133 2593 4202 μίαν
2626 4133 2807 4204 θλίψιν
2837 4133 2968 4205 ἔχω,
2993 4135 3048 4188 τί
3078 4135 3282 4206 ὀφείλω
3317 4137 3564 4208 ποιῆσαι,
3595 4135 3762 4206 μήπως

2197 4224 2292 4277 καὶ
2323 4223 2545 4278 ἁπόλλω
2581 4225 2683 4295 τὴν
2711 4225 2891 4298 ψυχήν
2921 4245 3052 4298 μου,
3081 4228 3163 4281 ὅτι
3197 4229 3300 4282 οὐκ
3327 4224 3475 4300 εἶχον
3503 4227 3620 4281 οὐδὲ
3654 4225 3760 4295 μίαν

2195 4312 2378 4383 θλίψιν
2403 4313 2526 4368 οὐδὲ
2569 4315 2871 4387 μέριμναν;
2912 4337 2931 4370 ι
2971 4319 3036 4371 Εἰ
3079 4318 3137 4373 δὲ
3175 4321 3270 4375 καὶ
3316 4320 3520 4390 συνέϐη
3552 4335 3617 4390 με
3640 4316 3759 4386 ἔχειν

2194 4404 2478 4475 λογισμὸν,
2522 4408 2828 4479 ἐλάμϐανον
2865 4410 2928 4464 τὸ
2957 4413 3287 4479 πινακίδιον,
3321 4415 3419 4468 καὶ
3451 4413 3676 4485 ἔγραφον
3698 4407 3760 4477 τῷ

2126 4497 2445 4592 Dyépovm:
2466 4500 2566 4553 Διά
2617 4501 2965 4572 γραμμάτων
3017 4504 3129 4575 γὰρ
3187 4504 3424 4575 ἠρώτων
3483 4505 3576 4558 καὶ
3625 4499 3760 4556 αὐτὸν

2202 4590 2309 4660 πρὸ
2353 4589 2448 4644 τοῦ
2501 4609 2569 4662 με
2611 4594 2956 4666 ὑπηρετῆσαι
2990 4596 3161 4667 αὐτῷ,
3197 4598 3293 4651 καὶ
3329 4598 3460 4669 πρὶν
3495 4594 3758 4668 πληρὼσωο

2199 4683 2430 4753 γράφων
2477 4685 2796 4757 ᾐσθανόμην
2840 4687 3112 4756 ὠφελείας
3157 4689 3255 4742 καὶ⁵
3311 4687 3649 4760 κουφισμοῦ·
3689 4701 3758 4737 τοι

2202 4772 2376 4843 σαύτη
2420 4769 2488 4845 ἦν
2523 4775 2556 4845 ή
2603 4776 2911 4847 ἁμεριμνία
2957 4780 3054 4832 καὶ
3093 4781 3126 4850 ὴ
3161 4780 3491 4844 ἀνάπαυσις.
3549 4777 3680 4846 Ἐγὼ
3713 4772 3759 4826 δὲ

503 4857 578 4926 μὴ
609 4855 764 4918 εἰδὼς
806 4854 904 4926 τὴν
945 4853 1175 4922 δύναμιν
1246 4852 1344 4922 τῆς
1392 4853 1614 4922 ἀρετῆς,
1661 4855 1754 4906 καὶ
1795 4855 2010 4911 ἁκούων
2076 4860 2160 4914 ὅτι
2200 4863 2289 4918 διὰ
2340 4867 2552 4920 πολλῶν
2613 4867 2847 4938 θλίψεων
2901 4869 2982 4923 δεῖ
3034 4873 3186 4942 ἡμᾶς
3238 4872 3501 4926 εἰσελθεῖν
3561 4871 3635 4932 είς
3677 4864 3758 4934 τὴν

503 4948 780 5020 βασιλείαν
828 4946 938 4999 τῶν
983 4944 1262 5016 οὐρανῶν,
1315 4943 1627 5015 ἐφοϐούμην
1667 4947 1877 5000 ὅτιούκ
1915 4945 2060 5021 εἶχον
2101 4953 2298 5024 θλίψιν.
2338 4958 2424 5021 Ὠς
2446 4955 2538 5013 οὖν
2565 4960 2809 5030 ἐδήλωσα
2851 4961 2928 5032 τῷ
2983 4963 3221 5034 γέροντι,
3259 4963 3411 5035 δηλοῖ
3447 4980 3535 5035 μοι
3573 4961 3755 5022 οὕτως.

511 5063 529 5094 ι
558 5042 740 5114 Μηδὲν
783 5040 1002 5112 θλιϐᾕς’
1046 5042 1112 5095 σύ
1147 5042 1247 5096 οὐκ
1292 5041 1435 5112 ἔχεις
1474 5043 1742 5112 πρᾶγμα·
1778 5042 1893 5095 ἀλλ’
1936 5044 2168 5112 ἕκαστος
2207 5050 2414 5120 βάλλων
2460 5053 2654 5106 ἑαυτὸν
2700 5055 2779 5117 είς
2822 5055 3069 5126 ὑπακοὴν
3116 5055 3406 5129 Πατέρων,
3447 5054 3641 5124 ταύτην
3678 5048 3757 5120 τὴν

505 5134 837 5207 ἀμεριμνίαν
866 5133 962 5186 καὶ⁸
986 5133 1086 5205 τὴν
1129 5134 1437 5188 ἀνάπαυσιν
1478 5133 1612 5204 ἔχει.
1653 5152 1670 5184 ι

1047 5265 1400 5321 DOCTRINA
1469 5265 1532 5320 ΙΙ.

1077 5379 1156 5431 De
1195 5380 1516 5433 humilitate.

567 5463 609 5518 1.
648 5465 896 5520 Senioris
925 5467 1087 5520 unius
1114 5483 1176 5520 ea
1206 5467 1486 5522 memoria:
1511 5466 1728 5537 prodita
1753 5477 1838 5524 est
1867 5479 2088 5524 sentcn—

498 5554 612 5608 tia:
653 5559 778 5609 ante
811 5555 997 5608 omnia
1033 5555 1192 5609 nobis
1228 5569 1367 5624 opus
1395 5570 1518 5611 esse
1551 5555 1883 5623 humilitate,
1929 5557 2088 5612 dece-

497 5659 666 5711 reque
698 5659 796 5699 nos
819 5645 885 5699 ad
915 5644 1248 5700 audiendum
1277 5661 1399 5702 esse
1425 5661 1585 5716 quam
1619 5647 2084 5717 promptissimos,

499 5749 837 5804 quaecunque
871 5735 1201 5800 dicerentur,
1254 5738 1641 5793 admittentes:
1685 5737 1869 5793 omnia
1917 5739 2083 5794 etiam

499 5826 672 5882 hostis
725 5835 778 5881 et
829 5826 1124 5883 adversarii
1187 5831 1354 5887 nostri
1411 5832 1514 5887 tela
1570 5847 1667 5902 per
1720 5831 2084 5889 humilitatem

2727 5272 3144 5326 ΔΙΔΛΣΚΑΛΙΑ
3184 5274 3238 5326 B'
3259 5306 3272 5323 .

2605 5382 2750 5450 Περὶ
2787 5387 3374 5454 ταπεινοφροσύνης.

2257 5472 2334 5524 A'.
2377 5466 2513 5525 Εἷπέ
2541 5490 2624 5536 τις
2649 5474 2759 5528 τῶν
2788 5475 3085 5548 γερόντων,
3113 5477 3229 5549 Πρὸ
3271 5477 3468 5540 παντὸς
3508 5472 3749 5547 χρῄζομξν

2187 5563 2286 5635 τῆς
2318 5567 2848 5638 ταπεινοφροσύνηςν
2875 5569 3082 5639 ἕτοιμοι
3111 5570 3265 5634 ὄντες
3295 5572 3351 5624 ὲν
3383 5571 3537 5624 παντὶ
3564 5568 3691 5634 λόγῳ
3711 5557 3747 5630 ᾧ

2185 5655 2471 5723 ἀκούομεν,
2545 5659 2748 5727 λέγειν,
2783 5661 3170 5734 Συγχώρησον.
3207 5663 3304 5716 Διά
3327 5663 3434 5734 γὰρ
3459 5661 3552 5732 τῆς
3582 5671 3744 5710 war-.5:-

2185 5750 2545 5821 νοφροσύνης,
2579 5750 2758 5804 πάντα
2785 5755 2854 5806 τὰ
2885 5754 2980 5808 τοῦ
3029 5755 3226 5827 ἐχθροῦ
3258 5757 3349 5810 καὶ
3395 5748 3738 5820 ἀντικειμένου

2185 5835 2578 5908 διαφθῖίρεται.
2637 5843 2976 5915 Ζητήσωμεν
3035 5845 3089 5900 τί
3123 5849 3274 5902 ἐστιν
3320 5849 3353 5919 ὴ
3402 5845 3615 5915 δύναμις
3655 5832 3733 5889 τοῦ
