4020 6442
245 352 361 418 16¹ιὶ

1477 291 1481 297 ’
1572 333 1961 397 noenum
1990 333 2075 395 II.

3361 330 3505 395 1649.

244 457 378 525 λόγου
405 447 496 503 τοῦ
521 446 796 519 γέροντος.
826 446 925 501 Διὰ
956 448 1008 501 τί
1039 448 1220 517 λέγει,
1243 445 1355 519 ῐῐρὸ
1378 444 1578 510 παντὸς
1610 443 1806 517 χρῄζο-
1835 498 1838 507 ,

1948 443 2201 514 isrumpi.
2256 443 2583 510 Quatramus
2629 442 2807 515 qualis
2857 441 2975 498 haec
3012 441 3084 498 sit
3116 440 3385 497 doctrina.
3436 424 3549 499 lit.

250 563 336 617 μιν
373 542 465 614 τῆς
519 538 1058 610 ταπεινοφροσύνης,
1117 541 1211 595 καὶ
1266 542 1340 609 μὴ
1403 536 1642 608 μᾶλλον,
1689 535 1803 605 Πρὸ

248 636 420 699 παντὸς
444 632 722 705 χρῄζομεν
750 631 1117 703 ἐγκρατείας;
1149 630 1313 699 Λέγει
1346 629 1457 699 γὰρ
1485 629 1514 681 6
1552 626 1810 680 Ἀπόστο-

249 730 343 795 λος·
375 729 428 782 ’0
458 722 889 796 ἀγωνιζόμενος
908 724 1106 778 πάντα
1139 721 1581 793 ἐγκρατεύεται·
1643 718 1677 781 ἦ
1722 717 1813 771 διὰ

251 823 300 878 τε
345 821 403 893 μὴ
442 816 614 888 λέγει,
660 816 777 889 Πρὸ
821 816 1023 880 παντὸς
1065 814 1340 887 χρῄζομεν
1369 813 1464 867 τοῦ
1508 810 1674 882 φόϐου
1714 808 1811 863 τοῦ

251 910 394 976 Θεοῦ;
422 908 573 977 λέγει
618 905 730 975 γὰρ
758 908 793 978 ἡ
828 906 1057 977 Γραφή·
1105 904 1288 973 Ἀρχὴ
1333 902 1579 972 σοφίας,
1628 894 1814 970 φόϐος

255 1000 460 1070 Κυρίου.
478 1000 589 1054 Καὶ
614 998 777 1053 πάλιν
797 1012 809 1026 °
844 996 931 1063 Τῷ
957 997 1118 1067 φόϐῳ
1148 997 1371 1066 Κυρίου
1393 995 1663 1050 ἐκκλίνει
1690 992 1813 1059 πᾶς

254 1092 355 1149 ἀπὸ
368 1089 564 1145 κακοῦ.
596 1089 695 1142 Διά
714 1088 767 1141 τί
784 1090 893 1160 γὰρ
909 1089 970 1141 οὐ
991 1088 1162 1158 λέγει,
1186 1086 1301 1156 Πρὸ
1319 1086 1520 1151 παντὸς
1537 1085 1816 1157 χρῄζομεν

256 1183 340 1252 τῆς
355 1181 463 1253 ἐλεη
472 1179 731 1251 μοσύνης,
746 1179 781 1251 ἢ
807 1179 907 1248 τῆς
924 1177 1162 1242 πίστεως
1185 1193 1201 1243 ;
1225 1176 1375 1244 λέγει
1394 1176 1526 1247 γὰρ,
1547 1174 1815 1245 Ἐλεημοο

258 1273 411 1337 σύνιις
436 1273 531 1326 καὶ
547 1271 795 1325 πίστεσιν
833 1269 1307 1342 ἀποκαθαίρονται
1333 1268 1604 1340 ἁμαρτίαι
1626 1282 1641 1297 ⁸
1668 1267 1763 1320 καὶ
1789 1265 1819 1318 6

270 1365 559 1429 Ἀπόστολος
587 1364 774 1433 λέγει·
804 1363 994 1434 Χωρίς
1023 1362 1285 1428 πίστεως
1299 1361 1604 1416 ἀδύνατον
1619 1361 1819 1427 εὐαρε-

258 1454 453 1526 στῆσαι
511 1454 590 1521 τῷ
653 1452 795 1521 Θεῷ.
856 1455 918 1507 Εἰ
974 1449 1069 1508 οῦν
1123 1451 1386 1507 ἀδύνατον
1453 1450 1821 1521 εὐαρεστῆσαι

259 1548 328 1620 τῷ
380 1546 519 1618 Θεῷ.
545 1546 715 1617 χωρὶς
774 1544 1043 1612 πίστεως,
1107 1546 1202 1598 καὶ
1262 1543 1661 1615 ἐλεημοσύναις
1722 1541 1822 1596 καὶ

270 1639 490 1695 πίστεσιν
546 1636 1009 1708 ἀποκαθαίρονται
1065 1635 1353 1708 ἁμαρτίαι,
1411 1634 1508 1689 καὶ
1548 1632 1628 1705 τῷ
1673 1633 1824 1704 φόϐῳ

259 1732 439 1802 Κυρίου
485 1728 728 1784 ἐκκλίνει
752 1730 861 1792 πᾶς
906 1727 1018 1783 ἀπὸ
1046 1725 1251 1792 κακοῦ,
1304 1725 1400 1781 καὶ
1434 1725 1580 1797 ἀρχὴ
1627 1724 1819 1795 σοφίας

1911 536 2040 607 quid
2072 538 2219 592 enim
2246 536 2321 591 ait
2356 537 2559 601 senior,
2591 552 2703 608 pra:
2733 526 2991 591 omnibus
3010 534 3317 590 humilitate
3349 536 3508 592 nobis

1912 641 2052 697 opus
2091 642 2235 693 esse,
2272 642 2338 682 ac
2364 641 2475 682 non
2512 627 2694 698 potius
2730 625 3064 683 abstinentia
3098 633 3153 682 et
3199 626 3459 696 patientia
3484 627 3508 687 ’ζ

1913 719 2009 773 Ait
2035 733 2274 790 namque
2320 721 2614 790 Apostolus
2644 738 2658 775 :
2702 718 2809 786 Qui
2843 728 3030 786 certat,
3067 719 3133 773 ab
3174 719 3417 797 omnibus
3450 735 3506 775 se

1914 810 2144 891 abstinet
2169 819 2220 877 ο,
2268 812 2352 867 vel
2381 812 2547 867 etiam
2585 812 2782 867 timore
2831 810 2949 867 Dei.
2994 810 3131 866 Cum
3168 810 3316 866 dicat
3358 809 3512 866 Scri-

1918 916 2077 975 ptura
2109 921 2266 961 sacra
2292 923 2305 959 :
2341 902 2569 959 Initium
2600 905 2879 974 sapientia:
2913 906 3074 959 timor
3106 904 3324 959 Domini
3347 915 3396 961 ιι.
3446 904 3514 961 Et

1921 1013 2140 1053 rursum
2172 1016 2185 1050 :
2251 995 2462 1051 Timore
2492 996 2708 1051 Domini
2768 997 2999 1053 declinat
3047 997 3164 1069 quis
3204 1013 3238 1051 a
3280 997 3510 1063 maloq;

1917 1090 2003 1145 vel
2031 1088 2411 1145 misericordia
2448 1096 2505 1154 et
2537 1088 2662 1145 (ide.
2723 1091 2933 1148 Dicitur
2962 1090 3132 1158 enim,
3165 1089 3513 1160 eleemosyna

1920 1187 1975 1234 et
2002 1179 2106 1234 [ide
2136 1178 2355 1251 purgari
2386 1179 2586 1235 delicta
2613 1198 2628 1247 ;
2662 1189 2718 1236 et
2747 1181 3086 1252 Apostolus:
3122 1179 3247 1236 Sine
3272 1180 3381 1251 ﬁde
3408 1181 3515 1235 im-

1920 1269 2170 1340 possibile
2201 1279 2279 1324 est
2313 1271 2522 1341 placere
2554 1270 2662 1327 Deo
2690 1282 2736 1327 ι’.
2773 1271 2830 1327 Si
2862 1273 3029 1344 igitur
3057 1273 3397 1344 impossibile
3434 1284 3522 1328 est

1926 1362 2036 1419 Deo
2063 1363 2283 1434 placere
2304 1364 2523 1435 absque
2553 1366 2656 1422 Iide
2684 1376 2740 1421 et
2764 1366 3136 1438 eleemosyna,
3169 1375 3226 1422 et
3255 1365 3359 1422 (ide
3387 1383 3519 1437 pur-

1924 1463 2122 1526 gantur
2159 1455 2397 1522 delicta;
2429 1463 2480 1511 et
2521 1456 2723 1513 timore
2757 1456 2971 1512 Domini
3012 1456 3136 1527 quis
3181 1472 3211 1511 a
3243 1458 3388 1511 malo
3418 1459 3520 1513 de~

1925 1547 2132 1615 clinat;
2173 1556 2228 1603 ct
2259 1549 2475 1604 initium
2519 1549 2805 1620 sapientiae
2843 1558 2928 1606 est
2962 1551 3127 1605 timor
3168 1549 3424 1618 Domini;
3470 1560 3527 1605 et

1926 1640 2021 1711 qui
2065 1648 2259 1706 certat,
2293 1641 2533 1698 abstinet
2565 1657 2625 1697 se
2657 1642 2726 1697 ab
2754 1641 3014 1697 omnibus
3055 1658 3070 1695 :
3118 1656 3292 1711 quare
3342 1650 3525 1696 tauto-

1929 1748 2057 1803 pere
2086 1732 2178 1788 hic
2206 1733 2368 1811 nobis
2401 1742 2596 1804 praeter
2639 1734 2826 1789 omnia
2875 1735 3184 1790 humilitate
3228 1749 3369 1805 opus
3406 1749 3529 1789 esse

264 1824 402 1895 φόϐος
447 1822 679 1894 Κυρίου,
728 1822 825 1875 καὶ
865 1821 894 1874 6
944 1819 1345 1891 ἀγωνιζόμενος
1402 1819 1580 1874 πάντα
1633 1818 1832 1886 ἐγκρα-

1943 1826 2093 1893 dixit,
2132 1835 2188 1881 et
2222 1809 2349 1882 llaec
2398 1826 2584 1881 omnia
2635 1843 2813 1898 usque
2858 1828 2998 1883 adeo
3045 1828 3356 1884 necessaria
3389 1842 3530 1898 pra:-

258 1916 484 1973 τεύεταιο
542 1912 662 1978 πῶς
715 1908 810 1968 οῦν
840 1912 1010 1983 λέγει,
1064 1913 1146 1966 ὅτι
1208 1911 1324 1984 Πρὸ
1372 1909 1577 1983 παντὸς
1640 1909 1831 1982 χρῄζο⁸

268 2027 356 2084 μιν
391 2007 487 2079 τῆς
516 2009 1059 2077 ταπεινοφροσύνης;
1090 2004 1185 2059 καὶ
1227 2004 1407 2074 ἀφῆκε
1447 2003 1622 2057 ταῦτα
1650 2003 1830 2056 πάντα

261 2103 411 2167 οὕτως
453 2102 732 2169 ἀναγκαῖα
777 2099 935 2167 6ντα;
973 2097 1129 2152 Θέλει
1178 2095 1352 2160 δεῖξαι
1382 2096 1516 2167 ἡμῖν
1557 2096 1586 2148 6
1626 2093 1827 2165 γέρων,

263 2195 339 2249 ὃτι
362 2190 477 2245 οὔτε
503 2190 663 2255 αὐτὸς
692 2190 722 2243 6
748 2188 915 2258 φόϐος
942 2187 1037 2241 τοῦ
1062 2186 1224 2253 Θεοῦ,
1251 2185 1379 2240 οὔτε¹
1403 2187 1437 2258 ή
1461 2184 1827 2256 ἐλεημοσύνη,

259 2282 425 2354 oliui)
452 2282 656 2348 πίστις,
692 2278 816 2334 οῦτε
847 2281 882 2352 ἡ
911 2279 1227 2351 ἐγκράτεια,
1263 2275 1387 2331 οὔτε
1422 2277 1559 2347 ἄλλη
1594 2275 1696 2347 μία
1723 2276 1832 2330 τῶν

258 2372 456 2443 ἀρετῶν
494 2371 718 2426 δύναται
769 2369 1191 2443 κατορθωθῆναι
1242 2369 1412 2441 χωρὶς
1469 2384 1834 2436 ταπεινοφρο-

255 2465 429 2537 σύνης.
471 2464 571 2518 Διά
607 2464 769 2518 τοῦτο
799 2463 970 2534 λέγει,
1011 2451 1127 2531 Πρὸ
1159 2462 1362 2526 παντὸς
1411 2460 1686 2533 χρῄζομεν
1733 2460 1838 2529 τῆς

252 2556 767 2631 ταπεινοφροσύνης,
817 2555 1029 2627 ἕτοιμοι
1067 2554 1223 2619 ὄντες
1272 2555 1331 2607 ἐν
1385 2553 1552 2608 παντὶ
1603 2553 1749 2623 λόγῳ
1791 2544 1837 2621 ᾧ

1934 1917 2209 1974 termisit?
2233 1916 2411 1974 Credo
2437 1919 2677 1975 voluisse
2701 1919 2862 1977 nobis
2891 1920 3119 1976 innuere
3143 1934 3353 1986 senem,
3382 1919 3529 1989 quod

1932 2023 2109 2077 neque
2125 2009 2292 2065 timor
2304 2009 2545 2077 Domini,
2566 2026 2743 2082 neque
2775 2012 3150 2084 eleemosyna,
3176 2027 3354 2083 neque
3371 2012 3526 2076 lldes,

1932 2115 2109 2171 neque
2138 2102 2489 2171 abstinentia,
2518 2118 2695 2174 neque
2723 2102 2833 2158 ulla
2862 2119 3103 2173 unquam
3136 2103 3397 2158 virtutum
3430 2119 3530 2174 po-

1933 2199 2039 2245 test
2064 2190 2183 2246 sine
2215 2191 2523 2247 humilitate
2552 2192 2605 2246 in
2639 2191 2798 2248 nobis
2832 2193 2990 2264 erigi.
3031 2192 3168 2248 lliuc
3210 2194 3286 2248 ait
3321 2211 3335 2246 :
3390 2193 3533 2248 Ante

1939 2282 2124 2338 omnia
2141 2283 2299 2339 nobis
2317 2287 2625 2341 necessaria
2643 2295 2747 2354 est,
2774 2285 2993 2352 fratres,
3021 2287 3325 2354 humilitas,
3356 2297 3534 2343 alten-
3588 2320 3591 2321 ν

1936 2375 2165 2432 tissimis
2181 2376 2250 2432 ad
2269 2379 2453 2433 omnia
2470 2392 2811 2450 quaecunque
2829 2379 3227 2445 audiverimus,
3251 2380 3537 2450 patientis-

1937 2464 2201 2538 simisque
2230 2470 2298 2524 ad
2329 2485 2671 2542 quaecunque
2704 2472 2976 2527 dicentur.
3011 2471 3117 2528 Per
3166 2473 3534 2528 humilitatem

1942 2558 2089 2610 enim
2125 2558 2308 2613 omnia
2341 2560 2516 2616 hostis
2553 2570 2612 2617 et
2641 2561 2941 2617 adversarii
2977 2562 3084 2617 tela
3119 2561 3462 2633 franguntur.

253 2651 517 2718 ἀκούομεν
544 2688 559 2712 ,
600 2649 804 2718 λέγειν,
845 2666 865 2700 ι
893 2645 1258 2720 Συγχώρησον
1285 2665 1302 2698 ι
1330 2663 1344 2678 ο
1395 2646 1484 2701 διὰ
1526 2646 1636 2717 γὰρ
1685 2645 1788 2716 τῆς
1833 2650 2362 2723 ταπεινοφροσύνης,
2406 2651 2587 2708 πάντα
2626 2652 2720 2707 τοῦ
2761 2652 2959 2726 ἐχθροῦ
2994 2653 3091 2709 καὶ
3158 2653 3539 2726 ἀντικειμένου

248 2743 638 2815 διαφθείρεται.

322 2858 396 2912 B'.
450 2855 579 2910 Ἰδοὺ
613 2853 862 2925 βλέπετε,
899 2851 1142 2921 ἀδελφοὶ,
1170 2851 1313 2922 πόση
1339 2851 1489 2906 ἐστὶν
1532 2852 1565 2923 ἡ
1609 2849 1840 2923 δύναμις
1868 2866 1871 2867 ⁷

247 2953 350 3023 τῆς
378 2946 899 3018 ταπεινοφροσύνης.
933 2943 1172 2998 Βλέπετε
1204 2944 1364 2999 ποίαν
1410 2944 1696 3016 ἐνέργειαν
1724 2943 1840 3015 ἐχει

2019 2851 2087 2909 ιι.
2128 2851 2428 2920 Attendite,
2460 2852 2682 2921 fratres,
2725 2862 2933 2926 quanta
2968 2854 3040 2910 sit
3081 2854 3406 2913 humilitatis
3433 2857 3538 2916 vis.

1946 2938 2227 2996 Advertite
2260 2941 2392 3011 quid
2422 2941 2606 3012 operis
2636 2941 2831 2998 habeat
2872 2943 2976 2997 hoc
3022 2943 3168 3013 quod
3220 2942 3334 3000 ait:
3391 2963 3410 2997 ι
3437 2944 3543 3001 Pa-

250 3045 316 3097 τὸ
361 3041 559 3110 λέγειν,
612 3058 630 3091 ι
673 3037 1065 3109 Συγχιὶιρησον.
1113 3055 1134 3089 ι
1175 3035 1274 3091 Διά
1318 3038 1370 3089 τί
1413 3035 1471 3097 δὲ
1519 3035 1767 3090 καλεῖται
1810 3037 1838 3090 6

1946 3036 2146 3092 tientcr
2199 3036 2467 3091 ausculta.
2508 3054 2529 3089 ι
2601 3034 2671 3091 Ut
2703 3038 2831 3108 quid
2893 3046 3074 3093 autem
3123 3038 3376 3095 diabolus
3432 3056 3541 3095 non

249 3132 493 3195 διάϐολος
534 3131 597 3185 οὗ
644 3130 805 3203 μόνον
850 3127 1069 3201 ἐχθρὸς.
1115 3128 1254 3183 ἀλλά
1293 3129 1388 3182 καὶ
1422 3126 1837 3199 ἀντικείμενοςς

264 3225 487 3298 Ἐχθρὸς
533 3223 780 3293 λέγεται,
826 3220 1021 3276 καθότι
1071 3220 1462 3293 μισανθρωπός
1510 3222 1652 3288 ἐστι,
1690 3220 1844 3292 μισό-

245 3321 442 3384 καλος,
482 3314 804 3378 ἐπίϐουλοςο
861 3313 1242 3382 ἀντικείμενος
1279 3312 1335 3367 δὲ
1381 3311 1621 3380 λέγεται,
1654 3310 1853 3383 ἐπειδὴ.

242 3412 333 3472 εἰς
378 3409 486 3462 πᾶν
529 3407 765 3480 πρᾶγμα
812 3403 978 3458 καλὸν
1022 3404 1297 3476 ἐπιχειρεί
1328 3401 1646 3475 ἐμποδίσας.
1688 3402 1846 3456 Θέλει

241 3520 338 3568 τις
394 3497 691 3566 εῦξασθαις
756 3495 966 3558 ἐκεῖνος
1020 3495 1326 3550 ἀντίκειται
1391 3494 1703 3563 ἐμποδίζων
1756 3492 1849 3548 διὰ

242 3592 443 3651 κακῶν
491 3590 873 3663 ἐνθυμήσεων,
922 3589 991 3643 δι’
1026 3587 1428 3660 αἰχμαλωσίας,
1467 3588 1558 3642 διὰ
1590 3587 1845 3660 ἀκηδίας.

239 3686 412 3740 astat
456 3701 542 3746 τις
591 3681 853 3752 ἐλεῆσαι;
894 3681 1101 3757 ἐκεῖνος
1142 3677 1427 3750 ἐμποδίζει
1462 3679 1552 3734 διὰ
1584 3679 1849 3750 φιλαργυ-

246 3779 404 3852 ρίας,
439 3777 508 3830 δι’
540 3774 824 3848 ὀκνηρίας.
868 3773 1026 3828 Θέλει
1070 3790 1155 3834 τις
1203 3773 1590 3844 ἀγρυπνῆσαι;
1639 3773 1851 3837 ἐκεῖνος

243 3866 543 3939 ἐμποδίζει
575 3865 643 3920 δι’
676 3864 961 3939 όκνηρίας,
1003 3863 1092 3917 διὰ
1122 3861 1422 3935 ῥᾳθυμίας,
1467 3863 1563 3917 καὶ
1593 3864 1674 3928 είς
1715 3862 1850 3917 ἕκα-

248 3978 389 4016 στον
422 3962 659 4031 πρᾶγμα
688 3952 843 4022 οὗτος
886 3955 1224 4011 ἐναντιοῦται
1259 3957 1411 4028 ἡμῖν,
1442 3957 1523 4020 είς
1564 3955 1593 4010 ὃ
1623 3954 1851 4010 ἐπιϐαλ-

246 4044 467 4121 λόμεθα
500 4050 661 4105 καλόν
684 4064 698 4079 ⁸
730 4048 821 4103 διὰ
864 4048 1025 4102 τοῦτο
1053 4047 1275 4116 λέγεται
1317 4047 1381 4100 οὐ
1420 4046 1581 4118 μόνον
1625 4045 1847 4118 ἐχθρὸς,

243 4141 403 4195 ἀλλὰ
432 4142 525 4194 καὶ
557 4139 932 4211 ἀντικείμενος
953 4157 969 4172 ο
991 4138 1082 4192 διὰ
1108 4133 1203 4193 οῦν
1224 4139 1324 4209 τῆς
1344 4138 1851 4212 ταπεινοφροσύνης

243 4233 445 4285 πάντα
469 4230 541 4284 τὰ
560 4230 654 4284 τοῦ
680 4229 878 4301 ἐχθροῦ
906 4229 1000 4283 καὶ
1021 4228 1403 4300 ἀντικειμένου
1434 4228 1833 4301 διαφθείρεται.

239 4323 493 4393 Μεγάλη
539 4322 652 4394 γάρ
696 4324 844 4376 ἐστιν
897 4322 1067 4384 ὅντως
1124 4322 1160 4392 ἠ
1208 4320 1705 4393 ταπεινοφροσύνη,
1758 4322 1853 4376 καὶ

1946 3129 2123 3185 Solum
2152 3128 2352 3196 hostis,
2398 3127 2494 3184 sed
2546 3137 2600 3185 et
2650 3129 3000 3186 adversarius
3034 3136 3225 3185 noster
3276 3133 3546 3186 vocatur?

1946 3220 2136 3277 Hostis
2168 3219 2398 3285 scilicet,
2431 3221 2560 3292 quia
2590 3220 2797 3277 bonum
2837 3235 3005 3278 omne
3052 3237 3355 3292 omnesque
3397 3238 3547 3278 mor-

1948 3314 2083 3368 tales
2112 3312 2239 3368 odio
2269 3313 2452 3379 habet,
2486 3314 2812 3383 cunctisque
2854 3314 3086 3370 insidias
3121 3313 3312 3385 ponit;
3349 3314 3547 3369 adver-

1947 3404 2127 3462 sarius
2154 3414 2360 3473 autem,
2392 3405 2561 3479 384,
2590 3406 2718 3477 quia
2750 3406 2805 3462 in
2840 3407 2990 3461 omni
3040 3408 3186 3463 bono
3229 3422 3395 3477 opere
3440 3407 3547 3462 im-

1948 3495 2261 3566 pedimento
2299 3496 2459 3552 nobis
2494 3512 2615 3553 esse
2662 3497 2879 3568 quierit.
2930 3496 3061 3553 Vult
3104 3497 3305 3569 aliquis
3346 3497 3549 3554 orare?

1958 3586 2110 3642 hunc
2135 3585 2335 3658 quaerit
2363 3596 2610 3643 avertere
2642 3598 2696 3644 ει
2712 3588 2977 3660 impedire
3009 3604 3106 3660 per
3139 3590 3313 3645 malas
3341 3590 3550 3662 cogita-

1949 3678 2152 3745 tiones,
2200 3688 2301 3749 per
2331 3679 2723 3749 captivitatem,
2758 3695 2859 3750 per
2889 3682 3154 3736 acediam.
3202 3679 3367 3750 Optat
3408 3682 3549 3735 alius

1951 3770 2275 3839 cujusquam
2331 3770 2629 3826 misereri?
2687 3771 2838 3826 hunc
2900 3772 3168 3842 impedire
3220 3774 3404 3829 studet
3451 3789 3550 3844 per

1951 3862 2230 3928 inertiam,
2263 3861 2534 3917 incuriam
2562 3873 2613 3918 et
2641 3863 3067 3933 negligentiam;
3100 3871 3155 3919 et
3183 3868 3280 3934 (ut
3309 3864 3550 3920 breviter

1951 3950 2176 4022 dicam)
2218 3949 2395 4006 cuivis
2436 3950 2590 4021 Operi
2634 3951 2777 4007 bono
2821 3950 3177 4007 adversatur:
3227 3940 3289 4007 et
3327 3953 3434 4008 hac
3480 3952 3551 4007 de

1951 4058 2122 4101 causa
2176 4043 2356 4099 hostis
2412 4051 2469 4098 et
2520 4041 2871 4098 adversarius
2926 4042 3167 4099 maxime
3221 4043 3565 4114 appellatur.‘

1953 4139 2137 4204 Quare
2164 4145 2347 4191 autem
2373 4149 2473 4206 per
2501 4133 2863 4189 humilitatem
2895 4135 2950 4189 in
2982 4136 3196 4191 cunctis
3222 4139 3567 4206 superatur?‘

1954 4227 2210 4293 Maxima,
2229 4227 2576 4298 inquam,e5t
2592 4225 2893 4291 humilitas,
2923 4240 3021 4297 per
3042 4241 3207 4297 quam
3234 4232 3565 4283 sanctorum

1956 4322 2136 4392 quivis
2191 4318 2440 4385 inechit,
2484 4325 2540 4373 et
2584 4334 2709 4374 cum
2764 4316 2955 4373 labore
3005 4319 3108 4374 vice
3152 4317 3549 4391 longitudinem

236 4417 497 4480 ἕκαστος
524 4414 582 4469 δὲ
615 4414 724 4470 τῶν
750 4413 925 4483 ἁγίων
942 4412 1013 4468 δι’
1030 4413 1202 4484 αὐτῆς
1230 4414 1329 4483 τῆς
1346 4415 1838 4487 ταπεινοφροσύνης

1956 4412 2211 4476 abscidit,
2271 4421 2333 4466 ut
2382 4409 2625 4465 dicitur:
2693 4408 2819 4463 Vide
2868 4407 3230 4463 humilitatem
3278 4424 3447 4463 meam
3502 4418 3554 4463 et

234 4506 522 4573 ὧδευσεν,
557 4507 655 4560 καὶ
682 4505 771 4560 διὰ
818 4506 915 4558 τοῦ
966 4503 1138 4558 κόπου
1172 4505 1471 4576 συνέτεμεν
1512 4506 1614 4576 τὴν
1641 4505 1853 4560 ὁδοιπο-

236 4598 383 4670 ρίαν
406 4613 423 4629 θ
453 4595 639 4661 καθὼς
676 4596 826 4665 λέγει
844 4611 860 4629 ο
899 4595 1014 4653 Ἴδε
1042 4594 1157 4663 τὴν
1186 4597 1558 4651 ταπείνωσιν
1602 4615 1723 4668 μου
1753 4598 1854 4653 καί

231 4690 367 4744 τὸν
400 4692 599 4742 κόπον
641 4706 785 4757 μου,
817 4686 917 4742 καί
959 4687 1116 4758 ἄφες
1161 4687 1367 4755 πάσας
1414 4687 1524 4756 τὰς
1563 4689 1857 4760 ἁμαρτίας

225 4799 373 4852 μου
400 4799 416 4813 ⁸
462 4781 581 4847 καὶ,
628 4767 1068 4848 Ἐταπεινὼθην
1089 4779 1191 4834 καὶ
1212 4778 1411 4834 ἐσωσέ
1438 4798 1516 4850 με
1551 4779 1585 4834 ὁ
1617 4782 1853 4850 Κύριος.

231 4872 507 4927 Δύναται
535 4872 635 4943 μὲν
658 4872 767 4943 γὰρ
791 4871 887 4925 καὶ
911 4873 944 4942 ἡ
972 4870 1306 4935 ταπείνωσις
1337 4871 1474 4943 μόνη
1497 4872 1854 4942 εἰσενεγκεῖν,

229 4963 326 5027 ὡς
377 4962 575 5032 ἔλεγεν
607 4961 637 5014 6
686 4963 867 5033 γέρων
893 4964 921 5015 6
964 4962 1141 5026 ἀὸϐἆς
1198 4963 1473 5034 Ἰωάννης,
1509 4962 1856 5036 βραδυτέρως

227 5054 326 5109 δέ.
368 5054 820 5126 Ταπεινωθῶμεν
847 5048 941 5107 οὖν
973 5053 1070 5107 καὶ
1104 5055 1268 5125 ἡμεῖς
1302 5054 1522 5127 μικρὸν,
1552 5056 1650 5109 καὶ
1678 5056 1855 5122 σωζό-

225 5145 446 5218 μεθα·
496 5146 599 5200 κᾶν
649 5145 712 5200 ού
770 5145 1052 5216 δυνάμεθα
1105 5146 1402 5212 κοπιάσαι,
1451 5146 1527 5211 ὼς
1581 5146 1852 5213 ἀσθενεῖς,

222 5237 664 5309 σπουδάσωμεν
717 5236 1146 5307 ταπεινωθῆναι.
1207 5238 1319 5292 Καὶ
1374 5239 1619 5294 πιστεύω
1658 5242 1742 5306 είς
1791 5241 1856 5295 τὸ

219 5330 414 5394 ἔλεος
466 5331 563 5385 τοῦ
610 5327 769 5395 Θεοῦ,
796 5329 879 5382 ὅτι
914 5329 1029 5383 καὶ.
1058 5327 1196 5383 αὐτὸ
1220 5329 1280 5382 τὸ
1326 5331 1524 5403 μικρὸν
1570 5333 1710 5404 μετά
1751 5351 1854 5389 τα-

219 5420 585 5485 πεινώσεως
604 5422 900 5492 γενόμενον
932 5420 1307 5493 εὑρισκόμεθα
1337 5424 1432 5476 καὶ
1459 5425 1623 5494 ἡμεῖς
1649 5427 1730 5489 είς
1758 5424 1854 5479 τὸν

213 5514 434 5572 τόπον
474 5513 583 5568 τῶν
614 5513 788 5585 ἁγίων
820 5514 939 5567 ἐκεῖ
981 5511 1090 5565 τῶν
1120 5512 1293 5567 πολλὰ
1323 5515 1724 5583 κοπιασάντων,
1760 5517 1857 5572 καὶ

213 5606 672 5663 δουλευσάντων
703 5606 780 5678 τῷ
817 5605 958 5678 Θεῷ.
1003 5605 1113 5660 Ναὶ
1150 5604 1510 5677 ἀσθενοῦμεν,
1542 5609 1638 5663 καὶ
1670 5609 1732 5662 οὐ
1760 5610 1853 5663 δυο

339 5783 363 5814 °
391 5782 443 5839 ll
477 5783 621 5840 Tim.
651 5800 712 5847 ιι,
753 5783 804 5838 5.

605 5904 875 5965 PATROL.
921 5902 1035 5963 Gn.
1076 5902 1445 5962 LXXXVIII.

886 5792 913 5832 Ρ
942 5780 1086 5837 Psal.
1119 5796 1207 5847 cx,
1238 5778 1291 5836 9.
1368 5791 1395 5830 τι
1423 5779 1581 5836 Prov.
1614 5797 1724 5847 xvr,
1755 5782 1806 5836 6.

1946 5781 2110 5839 llebr.
2145 5799 2221 5848 xu,
2256 5782 2307 5839 6.
2389 5785 2412 5818 ⁸
2438 5780 2578 5837 Psal.
2635 5795 2781 5845 xxiv,
2826 5779 2914 5835 l8.

1957 4503 2192 4558 laborem
2229 4518 2423 4568 meum,
2469 4510 2520 4556 et
2567 4500 2780 4556 dimitte
2823 4502 3074 4556 universa
3114 4490 3309 4555 delicta
3361 4517 3477 4554 mea
3505 4512 3555 4568 ες

1959 4606 2014 4653 et
2054 4613 2070 4648 ι
2121 4594 2453 4650 Humiliatus
2503 4611 2641 4662 sum,
2688 4605 2739 4649 et
2797 4594 3024 4649 saluauit
3074 4610 3157 4648 me
3192 4592 3553 4649 Dominus".

1960 4686 2147 4745 Potest
2195 4688 2342 4743 enim
2397 4689 2515 4744 sola
2568 4702 2670 4742 nos
2720 4686 3000 4743 humilitas
3047 4687 3444 4759 introducere,
3495 4699 3558 4743 ut

1962 4781 2141 4836 aiebat
2185 4778 2426 4835 Joannes
2468 4779 2659 4836 abbas.
2712 4776 3081 4834 Humilicmur
3129 4778 3299 4850 igitur
3349 4787 3404 4833 et.
3452 4792 3557 4833 nos

1964 4872 2282 4943 paululum,
2334 4881 2394 4926 ut
2439 4870 2738 4927 salvemur.
2792 4868 2861 4924 Et
2910 4869 2960 4926 si
3008 4869 3080 4925 ob
3129 4867 3555 4924 imbecillitatem

1961 4965 2217 5021 laborare
2256 4978 2365 5019 non
2397 4954 2718 5034 possumus,
2766 4961 3046 5018 humiliari
3094 4961 3285 5017 saltem
3339 4958 3559 5014 studea-

1963 5077 2110 5119 mus.
2161 5058 2396 5116 Conﬁdo
2431 5060 2578 5116 enim
2624 5060 2678 5113 in
2708 5057 2942 5114 Domino
2970 5072 3068 5128 per
3097 5055 3365 5112 modicam
3412 5053 3559 5109 hanc

1961 5152 2329 5209 humilitatem
2376 5150 2494 5208 fore
2536 5166 2638 5207 nos
2675 5150 2895 5207 tandem
2943 5148 3127 5205 divina
3176 5145 3554 5202 misericordia

1961 5250 2107 5307 inter
2130 5259 2447 5306 sanctorum
2479 5249 2701 5305 illorum
2732 5249 2934 5305 choros
2956 5246 3327 5302 collocandos.
3359 5243 3557 5299 Fateor

1963 5339 2245 5395 debilitate
2295 5338 2545 5410 corporis
2592 5354 2702 5394 non
2761 5352 2925 5409 posse
2971 5350 3075 5391 nos
3128 5335 3409 5399 laborare,
3460 5332 3556 5387 sed

1962 5427 2213 5497 nunquid
2247 5441 2356 5481 non
2394 5440 2691 5496 possumus
2724 5440 2832 5481 non
2880 5423 3202 5479 humiliari?
3240 5420 3441 5478 Beatus
3470 5420 3559 5475 vir

1963 5525 2048 5572 est
2077 5518 2170 5587 qui
2214 5516 2579 5571 humilitatem
2631 5514 2902 5571 habuerit.
2944 5514 3020 5568 Ea
3067 5510 3404 5585 permaxima
3448 5519 3555 5567 est.

1960 5612 2185 5673 fratres,
2226 5608 2557 5663 humilitatis
2603 5608 2797 5670 virtus,
2844 5618 3009 5676 quam
3056 5603 3261 5674 Optime
3312 5600 3560 5660 deﬁnivit

2997 5784 3043 5817 "
3072 5779 3220 5837 Psal.
3254 5793 3398 5849 cxtv,
3431 5778 3489 5837 6.

3176 5897 3252 5959 52
