  <div class='ocr_page' id='page_1' title='image "/cluster/home/n/w/nwhite01/storage/ocr_20150623/88/coo.31924054869924/840.png"; bbox 0 0 4020 6406; ppageno 0'>
   <div class='ocr_carea' id='block_1_1' title="bbox 423 351 561 420">
    <p class='ocr_par' dir='ltr' id='par_1_1' title="bbox 423 351 561 420">
     <span class='ocr_line' id='line_1_1' title="bbox 423 351 561 420; baseline -0.014 0"><span class='ocrx_word' id='word_1_1' title='bbox 423 351 561 420; x_wconf 67' lang='lat' dir='ltr'><strong>tnta</strong></span> 
     </span>
    </p>
   </div>
   <div class='ocr_carea' id='block_1_2' title="bbox 1802 359 2315 425">
    <p class='ocr_par' dir='ltr' id='par_1_2' title="bbox 1802 359 2315 425">
     <span class='ocr_line' id='line_1_2' title="bbox 1802 359 2315 425; baseline 0.014 -7"><span class='ocrx_word' id='word_1_2' title='bbox 1802 359 2191 424; x_wconf 82' lang='lat' dir='ltr'><strong>DOCTRINA</strong></span> <span class='ocrx_word' id='word_1_3' title='bbox 2232 366 2315 425; x_wconf 86' lang='grc' dir='ltr'><strong>Π.</strong></span> 
     </span>
    </p>
   </div>
   <div class='ocr_carea' id='block_1_3' title="bbox 3559 367 3697 434">
    <p class='ocr_par' dir='ltr' id='par_1_3' title="bbox 3559 367 3697 434">
     <span class='ocr_line' id='line_1_3' title="bbox 3559 367 3697 434; baseline 0.007 -2"><span class='ocrx_word' id='word_1_4' title='bbox 3559 367 3697 434; x_wconf 76' lang='grc'><strong>1646</strong></span> 
     </span>
    </p>
   </div>
   <div class='ocr_carea' id='block_1_4' title="bbox 417 466 1997 555">
    <p class='ocr_par' dir='ltr' id='par_1_4' title="bbox 417 466 1997 555">
     <span class='ocr_line' id='line_1_4' title="bbox 417 466 1997 555; baseline -0.001 -28"><span class='ocrx_word' id='word_1_5' title='bbox 417 474 536 528; x_wconf 80' lang='grc' dir='ltr'>ἐστι</span> <span class='ocrx_word' id='word_1_6' title='bbox 593 466 915 555; x_wconf 52' lang='grc' dir='ltr'>Μακάριος</span> <span class='ocrx_word' id='word_1_7' title='bbox 954 467 1169 532; x_wconf 77' lang='grc' dir='ltr'>υὺδεὶς,</span> <span class='ocrx_word' id='word_1_8' title='bbox 1201 468 1250 521; x_wconf 82' lang='grc' dir='ltr'><strong>εί</strong></span> <span class='ocrx_word' id='word_1_9' title='bbox 1303 467 1378 540; x_wconf 85' lang='grc' dir='ltr'>μὴ</span> <span class='ocrx_word' id='word_1_10' title='bbox 1408 468 1688 536; x_wconf 81' lang='grc' dir='ltr'>Βασίλειος</span> <span class='ocrx_word' id='word_1_11' title='bbox 1732 474 1826 525; x_wconf 76' lang='grc' dir='ltr'><strong>καὶ</strong></span> <span class='ocrx_word' id='word_1_12' title='bbox 1861 474 1997 544; x_wconf 84' lang='grc' dir='ltr'>Γρη-</span> 
     </span>
    </p>
   </div>
   <div class='ocr_carea' id='block_1_5' title="bbox 2103 466 3704 555">
    <p class='ocr_par' dir='ltr' id='par_1_5' title="bbox 2107 480 3704 555">
     <span class='ocr_line' id='line_1_5' title="bbox 2107 480 3704 555; baseline 0.007 -21"><span class='ocrx_word' id='word_1_13' title='bbox 2107 491 2460 536; x_wconf 87' lang='lat' dir='ltr'><strong>contemnere</strong></span> <span class='ocrx_word' id='word_1_14' title='bbox 2481 495 2546 536; x_wconf 87' lang='lat' dir='ltr'><strong>ac</strong></span> <span class='ocrx_word' id='word_1_15' title='bbox 2578 480 2782 547; x_wconf 79' lang='lat' dir='ltr'><strong>dicere,</strong></span> <span class='ocrx_word' id='word_1_16' title='bbox 2818 485 3093 538; x_wconf 88' lang='lat' dir='ltr'><strong>neminem</strong></span> <span class='ocrx_word' id='word_1_17' title='bbox 3125 481 3360 552; x_wconf 84' lang='lat' dir='ltr'><strong>alicujus</strong></span> <span class='ocrx_word' id='word_1_18' title='bbox 3390 486 3546 555; x_wconf 92' lang='lat' dir='ltr'><strong>pretii</strong></span> <span class='ocrx_word' id='word_1_19' title='bbox 3579 504 3704 545; x_wconf 87' lang='lat' dir='ltr'><strong>esse</strong></span> 
     </span>
    </p>
   </div>
   <div class='ocr_carea' id='block_1_6' title="bbox 417 554 2008 631">
    <p class='ocr_par' dir='ltr' id='par_1_6' title="bbox 417 554 2008 631">
     <span class='ocr_line' id='line_1_6' title="bbox 417 554 2008 631; baseline 0.002 -19"><span class='ocrx_word' id='word_1_20' title='bbox 417 561 623 631; x_wconf 82' lang='grc' dir='ltr'>γὸριος.</span> <span class='ocrx_word' id='word_1_21' title='bbox 660 577 678 610; x_wconf 74' lang='grc' dir='ltr'><strong>ι</strong></span> <span class='ocrx_word' id='word_1_22' title='bbox 712 554 848 612; x_wconf 80' lang='grc' dir='ltr'>Εἶτα</span> <span class='ocrx_word' id='word_1_23' title='bbox 887 559 1024 628; x_wconf 84' lang='grc' dir='ltr'>μετὰ</span> <span class='ocrx_word' id='word_1_24' title='bbox 1057 557 1254 628; x_wconf 74' lang='grc' dir='ltr'>μικρὸν</span> <span class='ocrx_word' id='word_1_25' title='bbox 1299 557 1502 627; x_wconf 72' lang='grc' dir='ltr'>ἢρξατο</span> <span class='ocrx_word' id='word_1_26' title='bbox 1537 562 1632 613; x_wconf 70' lang='grc' dir='ltr'>καὶ</span> <span class='ocrx_word' id='word_1_27' title='bbox 1666 560 1892 625; x_wconf 78' lang='grc' dir='ltr'><strong>τούτους</strong></span> <span class='ocrx_word' id='word_1_28' title='bbox 1923 565 2008 615; x_wconf 81' lang='grc' dir='ltr'>εὑ-</span> 
     </span>
    </p>
   </div>
   <div class='ocr_carea' id='block_1_7' title="bbox 414 649 2010 720">
    <p class='ocr_par' dir='ltr' id='par_1_7' title="bbox 414 649 2010 720">
     <span class='ocr_line' id='line_1_7' title="bbox 414 649 2010 720; baseline 0.002 -15"><span class='ocrx_word' id='word_1_29' title='bbox 414 653 670 717; x_wconf 81' lang='grc' dir='ltr'>τελίζειν,</span> <span class='ocrx_word' id='word_1_30' title='bbox 705 651 900 720; x_wconf 75' lang='grc' dir='ltr'>λέγων·</span> <span class='ocrx_word' id='word_1_31' title='bbox 943 669 962 702; x_wconf 85' lang='lat' dir='ltr'><strong>t</strong></span> <span class='ocrx_word' id='word_1_32' title='bbox 1003 649 1100 711; x_wconf 88' lang='grc' dir='ltr'><strong>Τίς</strong></span> <span class='ocrx_word' id='word_1_33' title='bbox 1138 651 1256 702; x_wconf 84' lang='grc' dir='ltr'>ἐστι</span> <span class='ocrx_word' id='word_1_34' title='bbox 1298 649 1596 714; x_wconf 80' lang='grc' dir='ltr'>Βασίλειος,</span> <span class='ocrx_word' id='word_1_35' title='bbox 1643 653 1737 706; x_wconf 72' lang='grc' dir='ltr'><strong>καὶ</strong></span> <span class='ocrx_word' id='word_1_36' title='bbox 1765 654 1849 717; x_wconf 87' lang='grc' dir='ltr'><strong>τίς</strong></span> <span class='ocrx_word' id='word_1_37' title='bbox 1893 655 2010 708; x_wconf 87' lang='grc' dir='ltr'>ἐστι</span> 
     </span>
    </p>
   </div>
   <div class='ocr_carea' id='block_1_8' title="bbox 417 741 2005 818">
    <p class='ocr_par' dir='ltr' id='par_1_8' title="bbox 417 741 2005 818">
     <span class='ocr_line' id='line_1_8' title="bbox 417 741 2005 818; baseline 0.002 -19"><span class='ocrx_word' id='word_1_38' title='bbox 417 745 756 816; x_wconf 84' lang='grc' dir='ltr'>Γρηγόριος;</span> <span class='ocrx_word' id='word_1_39' title='bbox 809 743 1019 807; x_wconf 74' lang='grc' dir='ltr'>οὐδεὶς,</span> <span class='ocrx_word' id='word_1_40' title='bbox 1064 744 1113 795; x_wconf 81' lang='grc' dir='ltr'><strong>εί</strong></span> <span class='ocrx_word' id='word_1_41' title='bbox 1167 741 1242 812; x_wconf 80' lang='grc' dir='ltr'><strong>μὴ</strong></span> <span class='ocrx_word' id='word_1_42' title='bbox 1290 742 1503 807; x_wconf 84' lang='grc' dir='ltr'>Παῦλος</span> <span class='ocrx_word' id='word_1_43' title='bbox 1546 743 1641 798; x_wconf 74' lang='grc' dir='ltr'>καὶ</span> <span class='ocrx_word' id='word_1_44' title='bbox 1698 745 1926 818; x_wconf 81' lang='grc' dir='ltr'><strong>Πέτρος.</strong></span> <span class='ocrx_word' id='word_1_45' title='bbox 1985 767 2005 802; x_wconf 70' lang='grc' dir='ltr'><strong>ι</strong></span> 
     </span>
    </p>
   </div>
   <div class='ocr_carea' id='block_1_9' title="bbox 413 834 2010 910">
    <p class='ocr_par' dir='ltr' id='par_1_9' title="bbox 413 834 2010 910">
     <span class='ocr_line' id='line_1_9' title="bbox 413 834 2010 910; baseline 0.001 -18"><span class='ocrx_word' id='word_1_46' title='bbox 413 839 576 905; x_wconf 81' lang='grc' dir='ltr'>Λέγω</span> <span class='ocrx_word' id='word_1_47' title='bbox 593 836 764 906; x_wconf 80' lang='grc' dir='ltr'>αὐτῷ,</span> <span class='ocrx_word' id='word_1_48' title='bbox 801 835 1031 898; x_wconf 82' lang='grc' dir='ltr'><strong>Ὄντως,</strong></span> <span class='ocrx_word' id='word_1_49' title='bbox 1063 834 1260 904; x_wconf 80' lang='grc' dir='ltr'>ἀδελφὲ</span> <span class='ocrx_word' id='word_1_50' title='bbox 1279 874 1294 898; x_wconf 97' lang='grc'><strong>,</strong></span> <span class='ocrx_word' id='word_1_51' title='bbox 1319 835 1414 888; x_wconf 81' lang='grc' dir='ltr'>καὶ</span> <span class='ocrx_word' id='word_1_52' title='bbox 1445 836 1669 901; x_wconf 76' lang='grc' dir='ltr'>τούτους</span> <span class='ocrx_word' id='word_1_53' title='bbox 1711 837 1824 910; x_wconf 77' lang='grc' dir='ltr'>ἔχει</span> <span class='ocrx_word' id='word_1_54' title='bbox 1853 840 2010 906; x_wconf 79' lang='grc' dir='ltr'>ἐξουσ-</span> 
     </span>
    </p>
   </div>
   <div class='ocr_carea' id='block_1_10' title="bbox 411 926 2009 1004">
    <p class='ocr_par' dir='ltr' id='par_1_10' title="bbox 411 926 2009 1004">
     <span class='ocr_line' id='line_1_10' title="bbox 411 926 2009 1004; baseline 0 -22"><span class='ocrx_word' id='word_1_55' title='bbox 411 927 666 982; x_wconf 81' lang='grc' dir='ltr'>δενῶσαι.</span> <span class='ocrx_word' id='word_1_56' title='bbox 724 926 1062 981; x_wconf 81' lang='grc' dir='ltr'>Πιστεύσατέ</span> <span class='ocrx_word' id='word_1_57' title='bbox 1119 943 1232 996; x_wconf 88' lang='grc' dir='ltr'>μοι,</span> <span class='ocrx_word' id='word_1_58' title='bbox 1285 927 1366 979; x_wconf 82' lang='grc' dir='ltr'>ὅτι</span> <span class='ocrx_word' id='word_1_59' title='bbox 1424 929 1544 998; x_wconf 83' lang='grc' dir='ltr'>μετ’</span> <span class='ocrx_word' id='word_1_60' title='bbox 1589 929 1771 999; x_wconf 83' lang='grc' dir='ltr'>ὀλίγον</span> <span class='ocrx_word' id='word_1_61' title='bbox 1815 932 2009 1004; x_wconf 80' lang='grc' dir='ltr'>καιρὸν</span> 
     </span>
    </p>
   </div>
   <div class='ocr_carea' id='block_1_11' title="bbox 412 1018 2002 1092">
    <p class='ocr_par' dir='ltr' id='par_1_11' title="bbox 412 1018 2002 1092">
     <span class='ocr_line' id='line_1_11' title="bbox 412 1018 2002 1092; baseline 0.004 -20"><span class='ocrx_word' id='word_1_62' title='bbox 412 1021 620 1092; x_wconf 71' lang='grc' dir='ltr'>ἤρξατο</span> <span class='ocrx_word' id='word_1_63' title='bbox 647 1019 844 1087; x_wconf 82' lang='grc' dir='ltr'>λέγειν,</span> <span class='ocrx_word' id='word_1_64' title='bbox 887 1039 906 1071; x_wconf 85' lang='grc'><strong>‹</strong></span> <span class='ocrx_word' id='word_1_65' title='bbox 939 1018 1034 1081; x_wconf 85' lang='grc' dir='ltr'><strong>Τίς</strong></span> <span class='ocrx_word' id='word_1_66' title='bbox 1062 1020 1178 1071; x_wconf 84' lang='grc' dir='ltr'>ἐστι</span> <span class='ocrx_word' id='word_1_67' title='bbox 1208 1018 1418 1089; x_wconf 77' lang='grc' dir='ltr'>Πέτρος</span> <span class='ocrx_word' id='word_1_68' title='bbox 1449 1021 1542 1074; x_wconf 73' lang='grc' dir='ltr'><strong>καὶ</strong></span> <span class='ocrx_word' id='word_1_69' title='bbox 1567 1022 1655 1086; x_wconf 90' lang='grc' dir='ltr'><strong>τίς</strong></span> <span class='ocrx_word' id='word_1_70' title='bbox 1686 1024 1802 1077; x_wconf 85' lang='grc' dir='ltr'>ἐστι</span> <span class='ocrx_word' id='word_1_71' title='bbox 1852 1024 2002 1078; x_wconf 86' lang='grc' dir='ltr'>Παῦ-</span> 
     </span>
    </p>
   </div>
   <div class='ocr_carea' id='block_1_12' title="bbox 410 1107 2008 1186">
    <p class='ocr_par' dir='ltr' id='par_1_12' title="bbox 410 1107 2008 1186">
     <span class='ocr_line' id='line_1_12' title="bbox 410 1107 2008 1186; baseline 0.006 -24"><span class='ocrx_word' id='word_1_72' title='bbox 410 1111 530 1172; x_wconf 75' lang='grc' dir='ltr'>λοςς</span> <span class='ocrx_word' id='word_1_73' title='bbox 561 1109 769 1172; x_wconf 75' lang='grc' dir='ltr'>υὺδεὶς,</span> <span class='ocrx_word' id='word_1_74' title='bbox 798 1109 846 1160; x_wconf 84' lang='grc' dir='ltr'>εἰ</span> <span class='ocrx_word' id='word_1_75' title='bbox 881 1109 954 1179; x_wconf 83' lang='grc' dir='ltr'>μὴ</span> <span class='ocrx_word' id='word_1_76' title='bbox 985 1109 1016 1178; x_wconf 77' lang='grc' dir='ltr'><strong>ἡ</strong></span> <span class='ocrx_word' id='word_1_77' title='bbox 1050 1107 1180 1177; x_wconf 85' lang='grc' dir='ltr'>ἁγία</span> <span class='ocrx_word' id='word_1_78' title='bbox 1207 1110 1399 1180; x_wconf 86' lang='grc' dir='ltr'>Τριάς.</span> <span class='ocrx_word' id='word_1_79' title='bbox 1435 1109 1625 1176; x_wconf 78' lang='grc' dir='ltr'>Οὕτως</span> <span class='ocrx_word' id='word_1_80' title='bbox 1655 1111 1882 1186; x_wconf 80' lang='grc' dir='ltr'>ὕστερον</span> <span class='ocrx_word' id='word_1_81' title='bbox 1913 1118 2008 1171; x_wconf 72' lang='grc' dir='ltr'><strong>καὶ</strong></span> 
     </span>
    </p>
   </div>
   <div class='ocr_carea' id='block_1_13' title="bbox 410 1199 2004 1275">
    <p class='ocr_par' dir='ltr' id='par_1_13' title="bbox 410 1199 2004 1275">
     <span class='ocr_line' id='line_1_13' title="bbox 410 1199 2004 1275; baseline 0.006 -21"><span class='ocrx_word' id='word_1_82' title='bbox 410 1201 531 1254; x_wconf 83' lang='grc' dir='ltr'>κατ’</span> <span class='ocrx_word' id='word_1_83' title='bbox 584 1199 750 1252; x_wconf 87' lang='grc' dir='ltr'>αὑτοῦ</span> <span class='ocrx_word' id='word_1_84' title='bbox 807 1200 900 1252; x_wconf 89' lang='grc' dir='ltr'><strong>τοῦ</strong></span> <span class='ocrx_word' id='word_1_85' title='bbox 963 1200 1099 1253; x_wconf 83' lang='grc' dir='ltr'>Θεοῦ</span> <span class='ocrx_word' id='word_1_86' title='bbox 1153 1202 1618 1275; x_wconf 81' lang='grc' dir='ltr'>ὑπερηφανεύοη,</span> <span class='ocrx_word' id='word_1_87' title='bbox 1680 1207 1774 1260; x_wconf 79' lang='grc' dir='ltr'><strong>καὶ</strong></span> <span class='ocrx_word' id='word_1_88' title='bbox 1830 1207 2004 1273; x_wconf 82' lang='grc' dir='ltr'>οὑτως</span> 
     </span>
    </p>
   </div>
   <div class='ocr_carea' id='block_1_14' title="bbox 410 1290 2003 1369">
    <p class='ocr_par' dir='ltr' id='par_1_14' title="bbox 410 1290 2003 1369">
     <span class='ocr_line' id='line_1_14' title="bbox 410 1290 2003 1369; baseline 0.006 -25"><span class='ocrx_word' id='word_1_89' title='bbox 410 1294 625 1362; x_wconf 77' lang='grc' dir='ltr'>ἐξέστη.</span> <span class='ocrx_word' id='word_1_90' title='bbox 680 1292 779 1344; x_wconf 78' lang='grc' dir='ltr'><strong>Διὰ</strong></span> <span class='ocrx_word' id='word_1_91' title='bbox 825 1290 984 1345; x_wconf 88' lang='grc' dir='ltr'>τοῦτο</span> <span class='ocrx_word' id='word_1_92' title='bbox 1030 1292 1318 1363; x_wconf 72' lang='grc' dir='ltr'><strong>ὀφείλομεν</strong></span> <span class='ocrx_word' id='word_1_93' title='bbox 1352 1294 1739 1364; x_wconf 78' lang='grc' dir='ltr'>ἀγωνίζεσθαι,</span> <span class='ocrx_word' id='word_1_94' title='bbox 1781 1298 2003 1369; x_wconf 83' lang='grc' dir='ltr'>ἀδελφοί</span> 
     </span>
    </p>
   </div>
   <div class='ocr_carea' id='block_1_15' title="bbox 415 1383 2004 1462">
    <p class='ocr_par' dir='ltr' id='par_1_15' title="bbox 415 1383 2004 1462">
     <span class='ocr_line' id='line_1_15' title="bbox 415 1383 2004 1462; baseline 0.005 -23"><span class='ocrx_word' id='word_1_95' title='bbox 415 1404 543 1456; x_wconf 84' lang='grc' dir='ltr'>μου,</span> <span class='ocrx_word' id='word_1_96' title='bbox 578 1387 718 1458; x_wconf 81' lang='grc' dir='ltr'>πρὸς</span> <span class='ocrx_word' id='word_1_97' title='bbox 762 1384 862 1455; x_wconf 85' lang='grc' dir='ltr'>τὴν</span> <span class='ocrx_word' id='word_1_98' title='bbox 908 1383 1134 1457; x_wconf 83' lang='grc' dir='ltr'>πρώτην</span> <span class='ocrx_word' id='word_1_99' title='bbox 1167 1387 1569 1458; x_wconf 76' lang='grc' dir='ltr'><strong>ὑπερηφανίαν,</strong></span> <span class='ocrx_word' id='word_1_100' title='bbox 1598 1388 1684 1443; x_wconf 79' lang='grc' dir='ltr'>ἵνα</span> <span class='ocrx_word' id='word_1_101' title='bbox 1736 1390 1812 1462; x_wconf 86' lang='grc' dir='ltr'>μὴ</span> <span class='ocrx_word' id='word_1_102' title='bbox 1861 1393 2004 1448; x_wconf 77' lang='grc' dir='ltr'>κατὰ</span> 
     </span>
    </p>
   </div>
   <div class='ocr_carea' id='block_1_16' title="bbox 413 1475 1903 1552">
    <p class='ocr_par' dir='ltr' id='par_1_16' title="bbox 413 1475 1903 1552">
     <span class='ocr_line' id='line_1_16' title="bbox 413 1475 1903 1552; baseline 0.006 -23"><span class='ocrx_word' id='word_1_103' title='bbox 413 1478 610 1548; x_wconf 71' lang='grc' dir='ltr'>μικρὸν</span> <span class='ocrx_word' id='word_1_104' title='bbox 641 1475 975 1547; x_wconf 77' lang='grc' dir='ltr'><strong>ἐμπέσωμεν</strong></span> <span class='ocrx_word' id='word_1_105' title='bbox 1009 1482 1104 1531; x_wconf 77' lang='grc' dir='ltr'><strong>καὶ</strong></span> <span class='ocrx_word' id='word_1_106' title='bbox 1146 1480 1226 1543; x_wconf 86' lang='grc' dir='ltr'><strong>είς</strong></span> <span class='ocrx_word' id='word_1_107' title='bbox 1252 1480 1467 1533; x_wconf 76' lang='grc' dir='ltr'>τελείαν</span> <span class='ocrx_word' id='word_1_108' title='bbox 1502 1481 1903 1552; x_wconf 86' lang='grc' dir='ltr'>ὑπερηφανίαν.</span> 
     </span>
    </p>
   </div>
   <div class='ocr_carea' id='block_1_17' title="bbox 490 1569 2001 1645">
    <p class='ocr_par' dir='ltr' id='par_1_17' title="bbox 490 1569 2001 1645">
     <span class='ocr_line' id='line_1_17' title="bbox 490 1569 2001 1645; baseline 0.005 -22"><span class='ocrx_word' id='word_1_109' title='bbox 490 1570 570 1623; x_wconf 91' lang='lat' dir='ltr'><strong>E’.</strong></span> <span class='ocrx_word' id='word_1_110' title='bbox 609 1570 765 1622; x_wconf 84' lang='grc' dir='ltr'>Ἐστι</span> <span class='ocrx_word' id='word_1_111' title='bbox 809 1569 867 1621; x_wconf 70' lang='grc' dir='ltr'>δὲ</span> <span class='ocrx_word' id='word_1_112' title='bbox 903 1570 997 1623; x_wconf 80' lang='grc' dir='ltr'><strong>καὶ</strong></span> <span class='ocrx_word' id='word_1_113' title='bbox 1025 1573 1262 1641; x_wconf 84' lang='grc' dir='ltr'>κοσμικὴ</span> <span class='ocrx_word' id='word_1_114' title='bbox 1298 1572 1670 1643; x_wconf 79' lang='grc' dir='ltr'><strong>ὑπερηφανία,</strong></span> <span class='ocrx_word' id='word_1_115' title='bbox 1704 1575 1800 1628; x_wconf 67' lang='grc' dir='ltr'><strong>καὶ</strong></span> <span class='ocrx_word' id='word_1_116' title='bbox 1835 1593 2001 1645; x_wconf 87' lang='grc' dir='ltr'>μονα-</span> 
     </span>
    </p>
   </div>
   <div class='ocr_carea' id='block_1_18' title="bbox 410 1658 2001 1738">
    <p class='ocr_par' dir='ltr' id='par_1_18' title="bbox 410 1658 2001 1738">
     <span class='ocr_line' id='line_1_18' title="bbox 410 1658 2001 1738; baseline 0.005 -27"><span class='ocrx_word' id='word_1_117' title='bbox 410 1662 560 1729; x_wconf 81' lang='grc' dir='ltr'>χικὴ.</span> <span class='ocrx_word' id='word_1_118' title='bbox 613 1659 679 1711; x_wconf 85' lang='grc' dir='ltr'>Ἡ</span> <span class='ocrx_word' id='word_1_119' title='bbox 711 1658 952 1730; x_wconf 80' lang='grc' dir='ltr'>κοσμικὴ</span> <span class='ocrx_word' id='word_1_120' title='bbox 984 1660 1335 1731; x_wconf 77' lang='grc' dir='ltr'><strong>ὑπερηφανία</strong></span> <span class='ocrx_word' id='word_1_121' title='bbox 1361 1663 1531 1727; x_wconf 75' lang='grc' dir='ltr'>ἐστὶν,</span> <span class='ocrx_word' id='word_1_122' title='bbox 1559 1664 1689 1717; x_wconf 85' lang='grc' dir='ltr'>ὅταν</span> <span class='ocrx_word' id='word_1_123' title='bbox 1714 1681 1797 1728; x_wconf 88' lang='grc' dir='ltr'><strong>τις</strong></span> <span class='ocrx_word' id='word_1_124' title='bbox 1828 1666 2001 1738; x_wconf 85' lang='grc' dir='ltr'>ὑπερ-</span> 
     </span>
    </p>
   </div>
   <div class='ocr_carea' id='block_1_19' title="bbox 409 1749 1994 1829">
    <p class='ocr_par' dir='ltr' id='par_1_19' title="bbox 409 1749 1994 1829">
     <span class='ocr_line' id='line_1_19' title="bbox 409 1749 1994 1829; baseline 0.004 -26"><span class='ocrx_word' id='word_1_125' title='bbox 409 1749 753 1820; x_wconf 80' lang='grc' dir='ltr'>ηφανεύηται</span> <span class='ocrx_word' id='word_1_126' title='bbox 786 1752 927 1804; x_wconf 77' lang='grc' dir='ltr'>κατὰ</span> <span class='ocrx_word' id='word_1_127' title='bbox 958 1751 1053 1804; x_wconf 88' lang='grc' dir='ltr'><strong>τοῦ</strong></span> <span class='ocrx_word' id='word_1_128' title='bbox 1090 1753 1346 1822; x_wconf 85' lang='grc' dir='ltr'>ἀδελφοῦ,</span> <span class='ocrx_word' id='word_1_129' title='bbox 1373 1753 1449 1818; x_wconf 85' lang='grc' dir='ltr'>ὼς</span> <span class='ocrx_word' id='word_1_130' title='bbox 1498 1752 1920 1828; x_wconf 86' lang='grc' dir='ltr'>πλουσιώτερος,</span> <span class='ocrx_word' id='word_1_131' title='bbox 1961 1757 1994 1829; x_wconf 81' lang='grc' dir='ltr'><strong>ἦ</strong></span> 
     </span>
    </p>
   </div>
   <div class='ocr_carea' id='block_1_20' title="bbox 410 1821 2072 1917">
    <p class='ocr_par' dir='ltr' id='par_1_20' title="bbox 410 1821 2072 1917">
     <span class='ocr_line' id='line_1_20' title="bbox 410 1821 2072 1917; baseline 0.004 -22"><span class='ocrx_word' id='word_1_132' title='bbox 410 1844 486 1906; x_wconf 84' lang='grc' dir='ltr'>ὼς</span> <span class='ocrx_word' id='word_1_133' title='bbox 510 1842 915 1913; x_wconf 75' lang='grc' dir='ltr'>εύμορφότερος</span> <span class='ocrx_word' id='word_1_134' title='bbox 945 1843 1139 1904; x_wconf 86' lang='grc' dir='ltr'>αὑτοῦ.</span> <span class='ocrx_word' id='word_1_135' title='bbox 1172 1844 1204 1914; x_wconf 84' lang='grc' dir='ltr'>ἢ</span> <span class='ocrx_word' id='word_1_136' title='bbox 1237 1821 1328 1907; x_wconf 14' lang='grc' dir='ltr'><strong>νὼς</strong></span> <span class='ocrx_word' id='word_1_137' title='bbox 1374 1844 1556 1910; x_wconf 84' lang='grc' dir='ltr'>καλῶς</span> <span class='ocrx_word' id='word_1_138' title='bbox 1605 1845 1787 1917; x_wconf 86' lang='grc' dir='ltr'>φορῶν</span> <span class='ocrx_word' id='word_1_139' title='bbox 1811 1821 1998 1903; x_wconf 41' lang='grc' dir='ltr'>’πλέον</span> <span class='ocrx_word' id='word_1_140' title='bbox 2032 1821 2072 1880; x_wconf 78' lang='grc' dir='ltr'><strong><em>Β</em></strong></span> 
     </span>
    </p>
   </div>
   <div class='ocr_carea' id='block_1_21' title="bbox 410 1933 2000 2009">
    <p class='ocr_par' dir='ltr' id='par_1_21' title="bbox 410 1933 2000 2009">
     <span class='ocr_line' id='line_1_21' title="bbox 410 1933 2000 2009; baseline 0.003 -20"><span class='ocrx_word' id='word_1_141' title='bbox 410 1935 599 2000; x_wconf 61' lang='grc' dir='ltr'>αϋτοῦ,</span> <span class='ocrx_word' id='word_1_142' title='bbox 636 1934 669 2005; x_wconf 78' lang='grc' dir='ltr'>ἢ</span> <span class='ocrx_word' id='word_1_143' title='bbox 713 1934 789 1998; x_wconf 84' lang='grc' dir='ltr'>ὡς</span> <span class='ocrx_word' id='word_1_144' title='bbox 822 1935 1202 2004; x_wconf 66' lang='grc' dir='ltr'>γενναιότερος</span> <span class='ocrx_word' id='word_1_145' title='bbox 1245 1935 1430 1990; x_wconf 85' lang='grc' dir='ltr'>αὑτοῦ.</span> <span class='ocrx_word' id='word_1_146' title='bbox 1465 1936 1634 1990; x_wconf 87' lang='grc' dir='ltr'>Ὅταν</span> <span class='ocrx_word' id='word_1_147' title='bbox 1663 1933 1757 1992; x_wconf 81' lang='grc' dir='ltr'>οὖν</span> <span class='ocrx_word' id='word_1_148' title='bbox 1787 1937 2000 2009; x_wconf 82' lang='grc' dir='ltr'>βλέπω-</span> 
     </span>
    </p>
   </div>
   <div class='ocr_carea' id='block_1_22' title="bbox 417 2027 1998 2103">
    <p class='ocr_par' dir='ltr' id='par_1_22' title="bbox 417 2027 1998 2103">
     <span class='ocr_line' id='line_1_22' title="bbox 417 2027 1998 2103; baseline 0.004 -24"><span class='ocrx_word' id='word_1_149' title='bbox 417 2045 517 2098; x_wconf 87' lang='grc' dir='ltr'>μεν</span> <span class='ocrx_word' id='word_1_150' title='bbox 543 2027 768 2089; x_wconf 84' lang='grc' dir='ltr'>ἐαυτοὺς</span> <span class='ocrx_word' id='word_1_151' title='bbox 805 2027 1219 2093; x_wconf 84' lang='grc' dir='ltr'>κενοδοξοῦντας</span> <span class='ocrx_word' id='word_1_152' title='bbox 1250 2029 1307 2081; x_wconf 86' lang='grc' dir='ltr'>ἐν</span> <span class='ocrx_word' id='word_1_153' title='bbox 1342 2027 1576 2092; x_wconf 83' lang='grc' dir='ltr'>τούτοις,</span> <span class='ocrx_word' id='word_1_154' title='bbox 1608 2029 1641 2100; x_wconf 81' lang='grc' dir='ltr'>ἢ</span> <span class='ocrx_word' id='word_1_155' title='bbox 1677 2029 1763 2083; x_wconf 83' lang='grc' dir='ltr'><strong>ὅτι</strong></span> <span class='ocrx_word' id='word_1_156' title='bbox 1793 2031 1854 2083; x_wconf 79' lang='grc' dir='ltr'><strong>τὸ</strong></span> <span class='ocrx_word' id='word_1_157' title='bbox 1899 2049 1998 2103; x_wconf 89' lang='grc' dir='ltr'>μο-</span> 
     </span>
    </p>
   </div>
   <div class='ocr_carea' id='block_1_23' title="bbox 415 2117 1999 2194">
    <p class='ocr_par' dir='ltr' id='par_1_23' title="bbox 415 2117 1999 2194">
     <span class='ocr_line' id='line_1_23' title="bbox 415 2117 1999 2194; baseline 0.003 -21"><span class='ocrx_word' id='word_1_158' title='bbox 415 2120 705 2190; x_wconf 85' lang='grc' dir='ltr'>ναστήριον</span> <span class='ocrx_word' id='word_1_159' title='bbox 745 2117 902 2189; x_wconf 79' lang='grc' dir='ltr'>ἡμῶν</span> <span class='ocrx_word' id='word_1_160' title='bbox 939 2120 1146 2188; x_wconf 76' lang='grc' dir='ltr'>μεῖζον,</span> <span class='ocrx_word' id='word_1_161' title='bbox 1187 2119 1222 2189; x_wconf 84' lang='grc' dir='ltr'>ἢ</span> <span class='ocrx_word' id='word_1_162' title='bbox 1265 2119 1666 2191; x_wconf 81' lang='grc' dir='ltr'>εὐπορώτερον,</span> <span class='ocrx_word' id='word_1_163' title='bbox 1704 2120 1737 2193; x_wconf 79' lang='grc' dir='ltr'>ἢ</span> <span class='ocrx_word' id='word_1_164' title='bbox 1769 2122 1850 2176; x_wconf 84' lang='grc' dir='ltr'>ὅτι</span> <span class='ocrx_word' id='word_1_165' title='bbox 1877 2123 1999 2194; x_wconf 76' lang='grc' dir='ltr'>ἐχο-</span> 
     </span>
    </p>
   </div>
   <div class='ocr_carea' id='block_1_24' title="bbox 417 2209 1998 2286">
    <p class='ocr_par' dir='ltr' id='par_1_24' title="bbox 417 2209 1998 2286">
     <span class='ocr_line' id='line_1_24' title="bbox 417 2209 1998 2286; baseline 0.004 -23"><span class='ocrx_word' id='word_1_166' title='bbox 417 2227 520 2282; x_wconf 85' lang='grc' dir='ltr'><strong>μεν</strong></span> <span class='ocrx_word' id='word_1_167' title='bbox 551 2210 778 2272; x_wconf 81' lang='grc' dir='ltr'>πολλοὺς</span> <span class='ocrx_word' id='word_1_168' title='bbox 806 2209 1092 2278; x_wconf 83' lang='grc' dir='ltr'>ἀδελφοὺς,</span> <span class='ocrx_word' id='word_1_169' title='bbox 1125 2209 1412 2281; x_wconf 76' lang='grc' dir='ltr'><strong>ὀφείλομεν</strong></span> <span class='ocrx_word' id='word_1_170' title='bbox 1449 2211 1648 2264; x_wconf 82' lang='grc' dir='ltr'>εἰδέναι</span> <span class='ocrx_word' id='word_1_171' title='bbox 1689 2212 1771 2267; x_wconf 84' lang='grc' dir='ltr'><strong>ὅτι</strong></span> <span class='ocrx_word' id='word_1_172' title='bbox 1811 2213 1998 2286; x_wconf 81' lang='grc' dir='ltr'>ἀκμήν</span> 
     </span>
    </p>
   </div>
   <div class='ocr_carea' id='block_1_25' title="bbox 414 2302 1999 2374">
    <p class='ocr_par' dir='ltr' id='par_1_25' title="bbox 414 2302 1999 2374">
     <span class='ocr_line' id='line_1_25' title="bbox 414 2302 1999 2374; baseline 0.004 -18"><span class='ocrx_word' id='word_1_173' title='bbox 414 2304 584 2371; x_wconf 77' lang='grc' dir='ltr'>ἐσμεν</span> <span class='ocrx_word' id='word_1_174' title='bbox 614 2302 674 2355; x_wconf 90' lang='grc' dir='ltr'><strong>ἐν</strong></span> <span class='ocrx_word' id='word_1_175' title='bbox 700 2304 767 2372; x_wconf 82' lang='grc' dir='ltr'>τῇ</span> <span class='ocrx_word' id='word_1_176' title='bbox 802 2303 1042 2372; x_wconf 81' lang='grc' dir='ltr'>κοσμικῇ</span> <span class='ocrx_word' id='word_1_177' title='bbox 1073 2302 1445 2374; x_wconf 79' lang='grc' dir='ltr'>ὑπερηφανίᾳ.</span> <span class='ocrx_word' id='word_1_178' title='bbox 1479 2303 1638 2357; x_wconf 82' lang='grc' dir='ltr'>Ἐστι</span> <span class='ocrx_word' id='word_1_179' title='bbox 1673 2303 1732 2356; x_wconf 82' lang='grc' dir='ltr'>δὲ</span> <span class='ocrx_word' id='word_1_180' title='bbox 1772 2304 1864 2359; x_wconf 82' lang='grc' dir='ltr'>ὅτε</span> <span class='ocrx_word' id='word_1_181' title='bbox 1902 2308 1999 2361; x_wconf 78' lang='grc' dir='ltr'>καὶ</span> 
     </span>
    </p>
   </div>
   <div class='ocr_carea' id='block_1_26' title="bbox 417 2390 1998 2464">
    <p class='ocr_par' dir='ltr' id='par_1_26' title="bbox 417 2390 1998 2464">
     <span class='ocr_line' id='line_1_26' title="bbox 417 2390 1998 2464; baseline 0.004 -16"><span class='ocrx_word' id='word_1_182' title='bbox 417 2399 500 2459; x_wconf 85' lang='grc' dir='ltr'>εἰς</span> <span class='ocrx_word' id='word_1_183' title='bbox 543 2395 751 2464; x_wconf 78' lang='grc' dir='ltr'>φυσικά</span> <span class='ocrx_word' id='word_1_184' title='bbox 783 2412 903 2448; x_wconf 90' lang='grc' dir='ltr'>τινα</span> <span class='ocrx_word' id='word_1_185' title='bbox 940 2393 1212 2461; x_wconf 83' lang='grc' dir='ltr'>κενοδοξεί</span> <span class='ocrx_word' id='word_1_186' title='bbox 1243 2412 1350 2458; x_wconf 90' lang='grc' dir='ltr'>τις.</span> <span class='ocrx_word' id='word_1_187' title='bbox 1389 2390 1515 2449; x_wconf 75' lang='grc' dir='ltr'><strong>Οίὸν</strong></span> <span class='ocrx_word' id='word_1_188' title='bbox 1542 2413 1592 2448; x_wconf 89' lang='grc' dir='ltr'><strong>τι</strong></span> <span class='ocrx_word' id='word_1_189' title='bbox 1624 2395 1797 2464; x_wconf 83' lang='grc' dir='ltr'>λέγω·</span> <span class='ocrx_word' id='word_1_190' title='bbox 1829 2399 1998 2454; x_wconf 84' lang='grc' dir='ltr'>Κενο-</span> 
     </span>
    </p>
   </div>
   <div class='ocr_carea' id='block_1_27' title="bbox 408 2486 1996 2563">
    <p class='ocr_par' dir='ltr' id='par_1_27' title="bbox 408 2486 1996 2563">
     <span class='ocr_line' id='line_1_27' title="bbox 408 2486 1996 2563; baseline 0.003 -23"><span class='ocrx_word' id='word_1_191' title='bbox 408 2487 554 2553; x_wconf 74' lang='grc' dir='ltr'>δοξεῖ</span> <span class='ocrx_word' id='word_1_192' title='bbox 585 2504 669 2551; x_wconf 88' lang='grc' dir='ltr'><strong>τις</strong></span> <span class='ocrx_word' id='word_1_193' title='bbox 722 2489 805 2542; x_wconf 86' lang='grc' dir='ltr'>ὅτι</span> <span class='ocrx_word' id='word_1_194' title='bbox 837 2486 1171 2556; x_wconf 83' lang='grc' dir='ltr'>καλλίφωνὸς</span> <span class='ocrx_word' id='word_1_195' title='bbox 1216 2488 1334 2541; x_wconf 81' lang='grc' dir='ltr'>ἐστι</span> <span class='ocrx_word' id='word_1_196' title='bbox 1373 2487 1470 2542; x_wconf 76' lang='grc' dir='ltr'>καὶ</span> <span class='ocrx_word' id='word_1_197' title='bbox 1498 2487 1683 2551; x_wconf 87' lang='grc' dir='ltr'>καλῶς</span> <span class='ocrx_word' id='word_1_198' title='bbox 1716 2488 1931 2559; x_wconf 74' lang='grc' dir='ltr'>ψάλλει,</span> <span class='ocrx_word' id='word_1_199' title='bbox 1962 2492 1996 2563; x_wconf 81' lang='grc' dir='ltr'>ἢ</span> 
     </span>
    </p>
   </div>
   <div class='ocr_carea' id='block_1_28' title="bbox 407 2578 1997 2654">
    <p class='ocr_par' dir='ltr' id='par_1_28' title="bbox 407 2578 1997 2654">
     <span class='ocr_line' id='line_1_28' title="bbox 407 2578 1997 2654; baseline 0.001 -20"><span class='ocrx_word' id='word_1_200' title='bbox 407 2581 493 2634; x_wconf 84' lang='grc' dir='ltr'>ὅτι</span> <span class='ocrx_word' id='word_1_201' title='bbox 522 2581 670 2636; x_wconf 79' lang='grc' dir='ltr'>ἐστὶν</span> <span class='ocrx_word' id='word_1_202' title='bbox 703 2581 951 2650; x_wconf 76' lang='grc' dir='ltr'>ἐπιεικὴς</span> <span class='ocrx_word' id='word_1_203' title='bbox 999 2581 1096 2634; x_wconf 81' lang='grc' dir='ltr'>καὶ</span> <span class='ocrx_word' id='word_1_204' title='bbox 1129 2578 1412 2650; x_wconf 86' lang='grc' dir='ltr'>καθαρίως</span> <span class='ocrx_word' id='word_1_205' title='bbox 1470 2583 1757 2654; x_wconf 82' lang='grc' dir='ltr'>ὑπηρετεῖ.</span> <span class='ocrx_word' id='word_1_206' title='bbox 1807 2582 1997 2636; x_wconf 85' lang='grc' dir='ltr'>Ταῦτα</span> 
     </span>
    </p>
   </div>
   <div class='ocr_carea' id='block_1_29' title="bbox 410 2672 1998 2744">
    <p class='ocr_par' dir='ltr' id='par_1_29' title="bbox 410 2672 1998 2744">
     <span class='ocr_line' id='line_1_29' title="bbox 410 2672 1998 2744; baseline 0.002 -19"><span class='ocrx_word' id='word_1_207' title='bbox 410 2673 716 2744; x_wconf 82' lang='grc' dir='ltr'>σεμνότερα</span> <span class='ocrx_word' id='word_1_208' title='bbox 749 2673 850 2742; x_wconf 81' lang='grc' dir='ltr'>μέν</span> <span class='ocrx_word' id='word_1_209' title='bbox 878 2675 986 2726; x_wconf 89' lang='grc' dir='ltr'>εἰσι</span> <span class='ocrx_word' id='word_1_210' title='bbox 1009 2672 1120 2726; x_wconf 82' lang='grc' dir='ltr'>τῶν</span> <span class='ocrx_word' id='word_1_211' title='bbox 1144 2673 1400 2742; x_wconf 84' lang='grc' dir='ltr'>πρώτων⁶</span> <span class='ocrx_word' id='word_1_212' title='bbox 1431 2675 1581 2744; x_wconf 83' lang='grc' dir='ltr'>ὅμως</span> <span class='ocrx_word' id='word_1_213' title='bbox 1617 2676 1712 2729; x_wconf 73' lang='grc' dir='ltr'>καὶ</span> <span class='ocrx_word' id='word_1_214' title='bbox 1738 2675 1877 2730; x_wconf 75' lang='grc' dir='ltr'>αὑτὰ</span> <span class='ocrx_word' id='word_1_215' title='bbox 1897 2674 1998 2744; x_wconf 82' lang='grc' dir='ltr'>τῆς</span> 
     </span>
    </p>
   </div>
   <div class='ocr_carea' id='block_1_30' title="bbox 407 2763 1998 2838">
    <p class='ocr_par' dir='ltr' id='par_1_30' title="bbox 407 2763 1998 2838">
     <span class='ocr_line' id='line_1_30' title="bbox 407 2763 1998 2838; baseline 0.002 -20"><span class='ocrx_word' id='word_1_216' title='bbox 407 2765 682 2836; x_wconf 79' lang='grc' dir='ltr'>κοσμικῆς</span> <span class='ocrx_word' id='word_1_217' title='bbox 711 2763 1116 2834; x_wconf 85' lang='grc' dir='ltr'>ὑπερηφανίας.</span> <span class='ocrx_word' id='word_1_218' title='bbox 1162 2764 1227 2816; x_wconf 83' lang='grc' dir='ltr'><em>Ἦ</em></span> <span class='ocrx_word' id='word_1_219' title='bbox 1255 2763 1311 2816; x_wconf 87' lang='grc' dir='ltr'><strong>δὲ</strong></span> <span class='ocrx_word' id='word_1_220' title='bbox 1340 2764 1615 2835; x_wconf 79' lang='grc' dir='ltr'>μοναχικὴ</span> <span class='ocrx_word' id='word_1_221' title='bbox 1647 2766 1998 2838; x_wconf 87' lang='grc' dir='ltr'>ὑπερηφανία</span> 
     </span>
    </p>
   </div>
   <div class='ocr_carea' id='block_1_31' title="bbox 405 2854 1995 2929">
    <p class='ocr_par' dir='ltr' id='par_1_31' title="bbox 405 2854 1995 2929">
     <span class='ocr_line' id='line_1_31' title="bbox 405 2854 1995 2929; baseline 0.001 -20"><span class='ocrx_word' id='word_1_222' title='bbox 405 2858 580 2917; x_wconf 73' lang='grc' dir='ltr'>ἐστὶν,</span> <span class='ocrx_word' id='word_1_223' title='bbox 610 2858 700 2910; x_wconf 85' lang='grc' dir='ltr'>ὅτε</span> <span class='ocrx_word' id='word_1_224' title='bbox 725 2856 996 2922; x_wconf 73' lang='grc' dir='ltr'>κενοδοξεῖ</span> <span class='ocrx_word' id='word_1_225' title='bbox 1021 2873 1126 2921; x_wconf 88' lang='grc' dir='ltr'>τις,</span> <span class='ocrx_word' id='word_1_226' title='bbox 1155 2854 1231 2919; x_wconf 88' lang='grc' dir='ltr'>ὡς</span> <span class='ocrx_word' id='word_1_227' title='bbox 1255 2856 1574 2927; x_wconf 81' lang='grc' dir='ltr'>ἀγρυπνῶν,</span> <span class='ocrx_word' id='word_1_228' title='bbox 1598 2857 1674 2922; x_wconf 83' lang='grc' dir='ltr'>ὡς</span> <span class='ocrx_word' id='word_1_229' title='bbox 1697 2859 1995 2929; x_wconf 83' lang='grc' dir='ltr'>νηστεύων,</span> 
     </span>
    </p>
   </div>
   <div class='ocr_carea' id='block_1_32' title="bbox 404 2947 1996 3023">
    <p class='ocr_par' dir='ltr' id='par_1_32' title="bbox 404 2947 1996 3023">
     <span class='ocr_line' id='line_1_32' title="bbox 404 2947 1996 3023; baseline 0 -19"><span class='ocrx_word' id='word_1_230' title='bbox 404 2950 482 3013; x_wconf 81' lang='grc' dir='ltr'>ὡς</span> <span class='ocrx_word' id='word_1_231' title='bbox 515 2949 772 3018; x_wconf 76' lang='grc' dir='ltr'>εὐλαϐὴς,</span> <span class='ocrx_word' id='word_1_232' title='bbox 803 2947 879 3012; x_wconf 86' lang='grc' dir='ltr'>ὡς</span> <span class='ocrx_word' id='word_1_233' title='bbox 923 2947 1219 3014; x_wconf 84' lang='grc' dir='ltr'>πολιτείας,</span> <span class='ocrx_word' id='word_1_234' title='bbox 1261 2947 1336 3010; x_wconf 85' lang='grc' dir='ltr'>ὡς</span> <span class='ocrx_word' id='word_1_235' title='bbox 1383 2948 1690 3013; x_wconf 75' lang='grc' dir='ltr'>σπουδαῖος.</span> <span class='ocrx_word' id='word_1_236' title='bbox 1735 2950 1892 3023; x_wconf 86' lang='grc' dir='ltr'>Ἔστι</span> <span class='ocrx_word' id='word_1_237' title='bbox 1938 2951 1996 3004; x_wconf 87' lang='grc' dir='ltr'><strong>δέ</strong></span> 
     </span>
    </p>
   </div>
   <div class='ocr_carea' id='block_1_33' title="bbox 405 3038 1997 3113">
    <p class='ocr_par' dir='ltr' id='par_1_33' title="bbox 405 3038 1997 3113">
     <span class='ocr_line' id='line_1_33' title="bbox 405 3038 1997 3113; baseline -0.001 -17"><span class='ocrx_word' id='word_1_238' title='bbox 405 3044 498 3098; x_wconf 80' lang='grc' dir='ltr'><strong>ὅτε</strong></span> <span class='ocrx_word' id='word_1_239' title='bbox 523 3041 620 3094; x_wconf 74' lang='grc' dir='ltr'>καὶ</span> <span class='ocrx_word' id='word_1_240' title='bbox 648 3039 999 3094; x_wconf 83' lang='grc' dir='ltr'>ταπεινοῦται</span> <span class='ocrx_word' id='word_1_241' title='bbox 1030 3056 1114 3100; x_wconf 86' lang='grc' dir='ltr'><strong>τις</strong></span> <span class='ocrx_word' id='word_1_242' title='bbox 1139 3038 1228 3092; x_wconf 84' lang='grc' dir='ltr'>διὰ</span> <span class='ocrx_word' id='word_1_243' title='bbox 1254 3038 1434 3104; x_wconf 81' lang='grc' dir='ltr'>δόξαν.</span> <span class='ocrx_word' id='word_1_244' title='bbox 1464 3039 1652 3093; x_wconf 86' lang='grc' dir='ltr'>Ταῦτα</span> <span class='ocrx_word' id='word_1_245' title='bbox 1693 3041 1792 3113; x_wconf 86' lang='grc' dir='ltr'>τῆς</span> <span class='ocrx_word' id='word_1_246' title='bbox 1831 3059 1997 3112; x_wconf 86' lang='grc' dir='ltr'>μονα-</span> 
     </span>
    </p>
   </div>
   <div class='ocr_carea' id='block_1_34' title="bbox 2116 569 3705 643">
    <p class='ocr_par' dir='ltr' id='par_1_34' title="bbox 2116 569 3705 643">
     <span class='ocr_line' id='line_1_34' title="bbox 2116 569 3705 643; baseline 0.005 -19"><span class='ocrx_word' id='word_1_247' title='bbox 2116 579 2311 639; x_wconf 76' lang='lat' dir='ltr'><strong>prueter</strong></span> <span class='ocrx_word' id='word_1_248' title='bbox 2360 569 2684 626; x_wconf 78' lang='lat' dir='ltr'><strong>Macarium.</strong></span> <span class='ocrx_word' id='word_1_249' title='bbox 2721 571 2786 626; x_wconf 87' lang='lat' dir='ltr'><strong>Et</strong></span> <span class='ocrx_word' id='word_1_250' title='bbox 2816 574 2978 643; x_wconf 90' lang='lat' dir='ltr'><strong>paulo</strong></span> <span class='ocrx_word' id='word_1_251' title='bbox 3019 583 3177 641; x_wconf 88' lang='lat' dir='ltr'><strong>post:</strong></span> <span class='ocrx_word' id='word_1_252' title='bbox 3225 593 3243 626; x_wconf 78' lang='grc' dir='ltr'><strong>ι</strong></span> <span class='ocrx_word' id='word_1_253' title='bbox 3275 573 3432 642; x_wconf 84' lang='lat' dir='ltr'><strong>Quis,</strong></span> <span class='ocrx_word' id='word_1_254' title='bbox 3459 577 3555 640; x_wconf 90' lang='lat' dir='ltr'><strong>ait,</strong></span> <span class='ocrx_word' id='word_1_255' title='bbox 3596 578 3705 633; x_wconf 82' lang='lat' dir='ltr'><strong>Ma-</strong></span> 
     </span>
    </p>
   </div>
   <div class='ocr_carea' id='block_1_35' title="bbox 2112 662 3697 738">
    <p class='ocr_par' dir='ltr' id='par_1_35' title="bbox 2112 662 3697 738">
     <span class='ocr_line' id='line_1_35' title="bbox 2112 662 3697 738; baseline 0.004 -22"><span class='ocrx_word' id='word_1_256' title='bbox 2112 663 2338 718; x_wconf 83' lang='lat' dir='ltr'><strong>carius?</strong></span> <span class='ocrx_word' id='word_1_257' title='bbox 2393 662 2586 719; x_wconf 89' lang='lat' dir='ltr'><strong>Nullus</strong></span> <span class='ocrx_word' id='word_1_258' title='bbox 2606 674 2708 730; x_wconf 88' lang='lat' dir='ltr'><strong>est,</strong></span> <span class='ocrx_word' id='word_1_259' title='bbox 2737 680 2846 734; x_wconf 73' lang='lat' dir='ltr'><strong>pra:</strong></span> <span class='ocrx_word' id='word_1_260' title='bbox 2858 675 2938 720; x_wconf 89' lang='lat' dir='ltr'><strong>ter</strong></span> <span class='ocrx_word' id='word_1_261' title='bbox 2959 665 3216 721; x_wconf 83' lang='lat' dir='ltr'><strong>Basilium</strong></span> <span class='ocrx_word' id='word_1_262' title='bbox 3231 675 3287 722; x_wconf 90' lang='lat' dir='ltr'><strong>et</strong></span> <span class='ocrx_word' id='word_1_263' title='bbox 3305 665 3660 738; x_wconf 78' lang='lat' dir='ltr'><strong>Gregorium.</strong></span> <span class='ocrx_word' id='word_1_264' title='bbox 3679 689 3697 722; x_wconf 77' lang='grc' dir='ltr'><strong>ι</strong></span> 
     </span>
    </p>
   </div>
   <div class='ocr_carea' id='block_1_36' title="bbox 2114 755 3702 834">
    <p class='ocr_par' dir='ltr' id='par_1_36' title="bbox 2114 755 3702 834">
     <span class='ocr_line' id='line_1_36' title="bbox 2114 755 3702 834; baseline 0.008 -28"><span class='ocrx_word' id='word_1_265' title='bbox 2114 755 2292 824; x_wconf 82' lang='lat' dir='ltr'><strong>Atque</strong></span> <span class='ocrx_word' id='word_1_266' title='bbox 2328 756 2493 810; x_wconf 89' lang='lat' dir='ltr'><strong>etiam</strong></span> <span class='ocrx_word' id='word_1_267' title='bbox 2527 774 2634 811; x_wconf 88' lang='lat' dir='ltr'><strong>non</strong></span> <span class='ocrx_word' id='word_1_268' title='bbox 2665 758 2841 813; x_wconf 88' lang='lat' dir='ltr'><strong>multo</strong></span> <span class='ocrx_word' id='word_1_269' title='bbox 2869 766 2993 829; x_wconf 89' lang='lat' dir='ltr'><strong>post</strong></span> <span class='ocrx_word' id='word_1_270' title='bbox 3027 758 3128 814; x_wconf 87' lang='lat' dir='ltr'><strong>hos</strong></span> <span class='ocrx_word' id='word_1_271' title='bbox 3152 774 3374 830; x_wconf 90' lang='lat' dir='ltr'><strong>quoque</strong></span> <span class='ocrx_word' id='word_1_272' title='bbox 3405 762 3572 832; x_wconf 72' lang='lat' dir='ltr'><strong>cmpit</strong></span> <span class='ocrx_word' id='word_1_273' title='bbox 3604 778 3702 834; x_wconf 84' lang='lat' dir='ltr'><strong>pa-</strong></span> 
     </span>
    </p>
   </div>
   <div class='ocr_carea' id='block_1_37' title="bbox 2111 846 3702 924">
    <p class='ocr_par' dir='ltr' id='par_1_37' title="bbox 2111 846 3702 924">
     <span class='ocr_line' id='line_1_37' title="bbox 2111 846 3702 924; baseline 0.005 -24"><span class='ocrx_word' id='word_1_274' title='bbox 2111 846 2244 901; x_wconf 90' lang='lat' dir='ltr'><strong>riter</strong></span> <span class='ocrx_word' id='word_1_275' title='bbox 2311 861 2592 924; x_wconf 86' lang='lat' dir='ltr'><strong>spernere,</strong></span> <span class='ocrx_word' id='word_1_276' title='bbox 2624 858 2680 904; x_wconf 92' lang='lat' dir='ltr'><strong>et</strong></span> <span class='ocrx_word' id='word_1_277' title='bbox 2721 850 2930 904; x_wconf 89' lang='lat' dir='ltr'><strong>nullum</strong></span> <span class='ocrx_word' id='word_1_278' title='bbox 2985 850 3152 907; x_wconf 89' lang='lat' dir='ltr'><strong>ullius</strong></span> <span class='ocrx_word' id='word_1_279' title='bbox 3197 851 3540 921; x_wconf 80' lang='lat' dir='ltr'><strong>existimare,</strong></span> <span class='ocrx_word' id='word_1_280' title='bbox 3595 854 3702 909; x_wconf 82' lang='lat' dir='ltr'><strong>nisi</strong></span> 
     </span>
    </p>
   </div>
   <div class='ocr_carea' id='block_1_38' title="bbox 2107 937 3700 1011">
    <p class='ocr_par' dir='ltr' id='par_1_38' title="bbox 2107 937 3700 1011">
     <span class='ocr_line' id='line_1_38' title="bbox 2107 937 3700 1011; baseline 0.004 -20"><span class='ocrx_word' id='word_1_281' title='bbox 2107 937 2330 991; x_wconf 89' lang='lat' dir='ltr'><strong>Petrum</strong></span> <span class='ocrx_word' id='word_1_282' title='bbox 2363 946 2417 991; x_wconf 90' lang='lat' dir='ltr'><strong>et</strong></span> <span class='ocrx_word' id='word_1_283' title='bbox 2440 937 2698 994; x_wconf 88' lang='lat' dir='ltr'><strong>Paulum.</strong></span> <span class='ocrx_word' id='word_1_284' title='bbox 2755 939 2856 994; x_wconf 80' lang='lat' dir='ltr'><strong>Cui</strong></span> <span class='ocrx_word' id='word_1_285' title='bbox 2882 955 2982 1010; x_wconf 89' lang='lat' dir='ltr'><strong>ego</strong></span> <span class='ocrx_word' id='word_1_286' title='bbox 3007 941 3232 1011; x_wconf 63' lang='lat' dir='ltr'><strong>praedixi</strong></span> <span class='ocrx_word' id='word_1_287' title='bbox 3289 943 3434 1011; x_wconf 91' lang='lat' dir='ltr'><strong>quod</strong></span> <span class='ocrx_word' id='word_1_288' title='bbox 3494 945 3700 1006; x_wconf 82' lang='lat' dir='ltr'><strong>evenit,</strong></span> 
     </span>
    </p>
   </div>
   <div class='ocr_carea' id='block_1_39' title="bbox 2109 1026 3701 1103">
    <p class='ocr_par' dir='ltr' id='par_1_39' title="bbox 2109 1026 3701 1103">
     <span class='ocr_line' id='line_1_39' title="bbox 2109 1026 3701 1103; baseline 0.006 -21"><span class='ocrx_word' id='word_1_289' title='bbox 2109 1026 2229 1084; x_wconf 76' lang='lat' dir='ltr'><strong>fore</strong></span> <span class='ocrx_word' id='word_1_290' title='bbox 2275 1039 2335 1086; x_wconf 91' lang='lat' dir='ltr'><strong>ut</strong></span> <span class='ocrx_word' id='word_1_291' title='bbox 2396 1031 2495 1086; x_wconf 89' lang='lat' dir='ltr'><strong>hos</strong></span> <span class='ocrx_word' id='word_1_292' title='bbox 2541 1047 2758 1103; x_wconf 88' lang='lat' dir='ltr'><strong>quoque</strong></span> <span class='ocrx_word' id='word_1_293' title='bbox 2819 1043 3064 1103; x_wconf 82' lang='lat' dir='ltr'><strong>tempore</strong></span> <span class='ocrx_word' id='word_1_294' title='bbox 3089 1045 3482 1092; x_wconf 89' lang='lat' dir='ltr'><strong>contemneret.</strong></span> <span class='ocrx_word' id='word_1_295' title='bbox 3545 1037 3701 1103; x_wconf 84' lang='lat' dir='ltr'><strong>Quod</strong></span> 
     </span>
    </p>
   </div>
   <div class='ocr_carea' id='block_1_40' title="bbox 2106 1121 3701 1195">
    <p class='ocr_par' dir='ltr' id='par_1_40' title="bbox 2106 1121 3701 1195">
     <span class='ocr_line' id='line_1_40' title="bbox 2106 1121 3701 1195; baseline 0.005 -19"><span class='ocrx_word' id='word_1_296' title='bbox 2106 1135 2240 1176; x_wconf 87' lang='lat' dir='ltr'><strong>sane</strong></span> <span class='ocrx_word' id='word_1_297' title='bbox 2289 1121 2490 1176; x_wconf 79' lang='lat' dir='ltr'><strong>factum</strong></span> <span class='ocrx_word' id='word_1_298' title='bbox 2523 1132 2604 1178; x_wconf 89' lang='lat' dir='ltr'><strong>est</strong></span> <span class='ocrx_word' id='word_1_299' title='bbox 2656 1143 2670 1178; x_wconf 91' lang='lat'><strong>:</strong></span> <span class='ocrx_word' id='word_1_300' title='bbox 2708 1140 2834 1179; x_wconf 89' lang='lat' dir='ltr'><strong>nam</strong></span> <span class='ocrx_word' id='word_1_301' title='bbox 2861 1140 2955 1180; x_wconf 87' lang='lat' dir='ltr'><strong>eos</strong></span> <span class='ocrx_word' id='word_1_302' title='bbox 2977 1127 3202 1195; x_wconf 88' lang='lat' dir='ltr'><strong>sprevit,</strong></span> <span class='ocrx_word' id='word_1_303' title='bbox 3222 1136 3278 1182; x_wconf 88' lang='lat' dir='ltr'><strong>et</strong></span> <span class='ocrx_word' id='word_1_304' title='bbox 3329 1128 3466 1183; x_wconf 86' lang='lat' dir='ltr'><strong>nihil</strong></span> <span class='ocrx_word' id='word_1_305' title='bbox 3497 1129 3701 1184; x_wconf 88' lang='lat' dir='ltr'><strong>essein</strong></span> 
     </span>
    </p>
   </div>
   <div class='ocr_carea' id='block_1_41' title="bbox 2106 1214 3697 1292">
    <p class='ocr_par' dir='ltr' id='par_1_41' title="bbox 2106 1214 3697 1292">
     <span class='ocr_line' id='line_1_41' title="bbox 2106 1214 3697 1292; baseline 0.006 -26"><span class='ocrx_word' id='word_1_306' title='bbox 2106 1214 2282 1283; x_wconf 87' lang='lat' dir='ltr'><strong>pretio</strong></span> <span class='ocrx_word' id='word_1_307' title='bbox 2330 1215 2638 1270; x_wconf 90' lang='lat' dir='ltr'><strong>habendum</strong></span> <span class='ocrx_word' id='word_1_308' title='bbox 2673 1227 2867 1286; x_wconf 68' lang='lat' dir='ltr'><strong>praeter</strong></span> <span class='ocrx_word' id='word_1_309' title='bbox 2895 1216 3217 1274; x_wconf 75' lang='lat' dir='ltr'><strong>Trinitatem</strong></span> <span class='ocrx_word' id='word_1_310' title='bbox 3247 1235 3494 1276; x_wconf 85' lang='lat' dir='ltr'><strong>asserere</strong></span> <span class='ocrx_word' id='word_1_311' title='bbox 3512 1221 3697 1292; x_wconf 63' lang='lat' dir='ltr'><strong>coepit.</strong></span> 
     </span>
    </p>
   </div>
   <div class='ocr_carea' id='block_1_42' title="bbox 2107 1305 3699 1380">
    <p class='ocr_par' dir='ltr' id='par_1_42' title="bbox 2107 1305 3699 1380">
     <span class='ocr_line' id='line_1_42' title="bbox 2107 1305 3699 1380; baseline 0.005 -20"><span class='ocrx_word' id='word_1_312' title='bbox 2107 1305 2414 1377; x_wconf 76' lang='lat' dir='ltr'><strong>Statimque</strong></span> <span class='ocrx_word' id='word_1_313' title='bbox 2444 1308 2498 1362; x_wconf 92' lang='lat' dir='ltr'><strong>in</strong></span> <span class='ocrx_word' id='word_1_314' title='bbox 2540 1307 2711 1363; x_wconf 89' lang='lat' dir='ltr'><strong>Deum</strong></span> <span class='ocrx_word' id='word_1_315' title='bbox 2748 1325 2968 1380; x_wconf 90' lang='lat' dir='ltr'><strong>quoque</strong></span> <span class='ocrx_word' id='word_1_316' title='bbox 2999 1310 3177 1367; x_wconf 79' lang='lat' dir='ltr'><strong>factus</strong></span> <span class='ocrx_word' id='word_1_317' title='bbox 3206 1313 3554 1378; x_wconf 87' lang='lat' dir='ltr'><strong>insolentior,</strong></span> <span class='ocrx_word' id='word_1_318' title='bbox 3619 1314 3699 1368; x_wconf 88' lang='lat' dir='ltr'><strong>in-</strong></span> 
     </span>
    </p>
   </div>
   <div class='ocr_carea' id='block_1_43' title="bbox 2101 1396 3700 1474">
    <p class='ocr_par' dir='ltr' id='par_1_43' title="bbox 2101 1396 3700 1474">
     <span class='ocr_line' id='line_1_43' title="bbox 2101 1396 3700 1474; baseline 0.006 -24"><span class='ocrx_word' id='word_1_319' title='bbox 2101 1397 2321 1452; x_wconf 86' lang='lat' dir='ltr'><strong>tumuit.</strong></span> <span class='ocrx_word' id='word_1_320' title='bbox 2349 1396 2516 1454; x_wconf 86' lang='lat' dir='ltr'><strong>Nobis</strong></span> <span class='ocrx_word' id='word_1_321' title='bbox 2552 1400 2715 1470; x_wconf 79' lang='lat' dir='ltr'><strong>igitur</strong></span> <span class='ocrx_word' id='word_1_322' title='bbox 2746 1400 3058 1455; x_wconf 85' lang='lat' dir='ltr'><strong>luctandum</strong></span> <span class='ocrx_word' id='word_1_323' title='bbox 3087 1411 3172 1457; x_wconf 90' lang='lat' dir='ltr'><strong>est</strong></span> <span class='ocrx_word' id='word_1_324' title='bbox 3199 1419 3325 1458; x_wconf 87' lang='lat' dir='ltr'><strong>cum</strong></span> <span class='ocrx_word' id='word_1_325' title='bbox 3352 1405 3550 1474; x_wconf 88' lang='lat' dir='ltr'><strong>prima,</strong></span> <span class='ocrx_word' id='word_1_326' title='bbox 3589 1403 3700 1460; x_wconf 79' lang='lat' dir='ltr'><strong>fra-</strong></span> 
     </span>
    </p>
   </div>
   <div class='ocr_carea' id='block_1_44' title="bbox 2101 1492 3696 1566">
    <p class='ocr_par' dir='ltr' id='par_1_44' title="bbox 2101 1492 3696 1566">
     <span class='ocr_line' id='line_1_44' title="bbox 2101 1492 3696 1566; baseline 0.005 -22"><span class='ocrx_word' id='word_1_327' title='bbox 2101 1497 2235 1555; x_wconf 87' lang='lat' dir='ltr'><strong>tres,</strong></span> <span class='ocrx_word' id='word_1_328' title='bbox 2273 1507 2342 1546; x_wconf 89' lang='lat' dir='ltr'><strong>ne</strong></span> <span class='ocrx_word' id='word_1_329' title='bbox 2373 1492 2635 1560; x_wconf 84' lang='lat' dir='ltr'><strong>paulatim</strong></span> <span class='ocrx_word' id='word_1_330' title='bbox 2674 1493 2728 1547; x_wconf 90' lang='lat' dir='ltr'><strong>in</strong></span> <span class='ocrx_word' id='word_1_331' title='bbox 2759 1494 3054 1548; x_wconf 88' lang='lat' dir='ltr'><strong>secundam</strong></span> <span class='ocrx_word' id='word_1_332' title='bbox 3082 1496 3332 1550; x_wconf 89' lang='lat' dir='ltr'><strong>lahamur</strong></span> <span class='ocrx_word' id='word_1_333' title='bbox 3364 1498 3696 1566; x_wconf 82' lang='lat' dir='ltr'><strong>superbiam.</strong></span> 
     </span>
    </p>
   </div>
   <div class='ocr_carea' id='block_1_45' title="bbox 2176 1579 3694 1654">
    <p class='ocr_par' dir='ltr' id='par_1_45' title="bbox 2176 1579 3694 1654">
     <span class='ocr_line' id='line_1_45' title="bbox 2176 1579 3694 1654; baseline 0.005 -19"><span class='ocrx_word' id='word_1_334' title='bbox 2176 1579 2246 1637; x_wconf 75' lang='grc' dir='ltr'><strong>ν.</strong></span> <span class='ocrx_word' id='word_1_335' title='bbox 2286 1581 2384 1638; x_wconf 85' lang='lat' dir='ltr'><strong>Est</strong></span> <span class='ocrx_word' id='word_1_336' title='bbox 2414 1591 2594 1638; x_wconf 88' lang='lat' dir='ltr'><strong>autem</strong></span> <span class='ocrx_word' id='word_1_337' title='bbox 2628 1584 2885 1654; x_wconf 86' lang='lat' dir='ltr'><strong>superbia</strong></span> <span class='ocrx_word' id='word_1_338' title='bbox 2910 1585 3276 1652; x_wconf 82' lang='lat' dir='ltr'><strong>monachalis,</strong></span> <span class='ocrx_word' id='word_1_339' title='bbox 3311 1599 3364 1642; x_wconf 88' lang='lat' dir='ltr'><strong>et</strong></span> <span class='ocrx_word' id='word_1_340' title='bbox 3395 1589 3694 1644; x_wconf 56' lang='lat' dir='ltr'><strong>saecularis.</strong></span> 
     </span>
    </p>
   </div>
   <div class='ocr_carea' id='block_1_46' title="bbox 2101 1670 3696 1744">
    <p class='ocr_par' dir='ltr' id='par_1_46' title="bbox 2101 1670 3696 1744">
     <span class='ocr_line' id='line_1_46' title="bbox 2101 1670 3696 1744; baseline 0.004 -18"><span class='ocrx_word' id='word_1_341' title='bbox 2101 1670 2394 1728; x_wconf 67' lang='lat' dir='ltr'><strong>Saecularis</strong></span> <span class='ocrx_word' id='word_1_342' title='bbox 2417 1681 2502 1728; x_wconf 88' lang='lat' dir='ltr'><strong>est</strong></span> <span class='ocrx_word' id='word_1_343' title='bbox 2532 1673 2658 1728; x_wconf 88' lang='lat' dir='ltr'><strong>cum</strong></span> <span class='ocrx_word' id='word_1_344' title='bbox 2692 1676 2816 1744; x_wconf 84' lang='lat' dir='ltr'><strong>quis</strong></span> <span class='ocrx_word' id='word_1_345' title='bbox 2858 1674 3141 1732; x_wconf 86' lang='lat' dir='ltr'><strong>insolescit</strong></span> <span class='ocrx_word' id='word_1_346' title='bbox 3171 1677 3224 1731; x_wconf 93' lang='lat' dir='ltr'><strong>in</strong></span> <span class='ocrx_word' id='word_1_347' title='bbox 3258 1675 3480 1732; x_wconf 80' lang='lat' dir='ltr'><strong>fratrem</strong></span> <span class='ocrx_word' id='word_1_348' title='bbox 3512 1693 3696 1743; x_wconf 84' lang='lat' dir='ltr'><strong>suum,</strong></span> 
     </span>
    </p>
   </div>
   <div class='ocr_carea' id='block_1_47' title="bbox 2101 1765 3699 1836">
    <p class='ocr_par' dir='ltr' id='par_1_47' title="bbox 2101 1765 3699 1836">
     <span class='ocr_line' id='line_1_47' title="bbox 2101 1765 3699 1836; baseline 0.004 -18"><span class='ocrx_word' id='word_1_349' title='bbox 2101 1773 2290 1834; x_wconf 88' lang='lat' dir='ltr'><strong>utpote</strong></span> <span class='ocrx_word' id='word_1_350' title='bbox 2323 1765 2521 1829; x_wconf 88' lang='lat' dir='ltr'><strong>ditior,</strong></span> <span class='ocrx_word' id='word_1_351' title='bbox 2565 1767 2872 1836; x_wconf 84' lang='lat' dir='ltr'><strong>pulchrior,</strong></span> <span class='ocrx_word' id='word_1_352' title='bbox 2906 1768 2990 1822; x_wconf 85' lang='lat' dir='ltr'><strong>vel</strong></span> <span class='ocrx_word' id='word_1_353' title='bbox 3027 1768 3312 1833; x_wconf 88' lang='lat' dir='ltr'><strong>ornatior,</strong></span> <span class='ocrx_word' id='word_1_354' title='bbox 3350 1771 3436 1824; x_wconf 88' lang='lat' dir='ltr'><strong>vel</strong></span> <span class='ocrx_word' id='word_1_355' title='bbox 3464 1771 3699 1826; x_wconf 85' lang='lat' dir='ltr'><strong>nobilior</strong></span> 
     </span>
    </p>
   </div>
   <div class='ocr_carea' id='block_1_48' title="bbox 2100 1855 3698 1931">
    <p class='ocr_par' dir='ltr' id='par_1_48' title="bbox 2100 1855 3698 1931">
     <span class='ocr_line' id='line_1_48' title="bbox 2100 1855 3698 1931; baseline 0.004 -20"><span class='ocrx_word' id='word_1_356' title='bbox 2100 1871 2186 1911; x_wconf 88' lang='lat' dir='ltr'><strong>eo.</strong></span> <span class='ocrx_word' id='word_1_357' title='bbox 2214 1855 2352 1912; x_wconf 88' lang='lat' dir='ltr'><strong>Cum</strong></span> <span class='ocrx_word' id='word_1_358' title='bbox 2385 1858 2549 1928; x_wconf 81' lang='lat' dir='ltr'><strong>igitur</strong></span> <span class='ocrx_word' id='word_1_359' title='bbox 2579 1859 2857 1914; x_wconf 90' lang='lat' dir='ltr'><strong>intuemur</strong></span> <span class='ocrx_word' id='word_1_360' title='bbox 2883 1859 3098 1930; x_wconf 90' lang='lat' dir='ltr'><strong>aliquos</strong></span> <span class='ocrx_word' id='word_1_361' title='bbox 3127 1861 3420 1931; x_wconf 87' lang='lat' dir='ltr'><strong>gloriosos,</strong></span> <span class='ocrx_word' id='word_1_362' title='bbox 3444 1861 3524 1919; x_wconf 86' lang='lat' dir='ltr'><strong>vel</strong></span> <span class='ocrx_word' id='word_1_363' title='bbox 3551 1863 3698 1931; x_wconf 82' lang='lat' dir='ltr'><strong>quod</strong></span> 
     </span>
    </p>
   </div>
   <div class='ocr_carea' id='block_1_49' title="bbox 2099 1952 3697 2027">
    <p class='ocr_par' dir='ltr' id='par_1_49' title="bbox 2099 1952 3697 2027">
     <span class='ocr_line' id='line_1_49' title="bbox 2099 1952 3697 2027; baseline 0.005 -24"><span class='ocrx_word' id='word_1_364' title='bbox 2099 1963 2292 2004; x_wconf 91' lang='lat' dir='ltr'><strong>eorum</strong></span> <span class='ocrx_word' id='word_1_365' title='bbox 2326 1953 2718 2007; x_wconf 79' lang='lat' dir='ltr'><strong>monasterium</strong></span> <span class='ocrx_word' id='word_1_366' title='bbox 2752 1952 2931 2023; x_wconf 85' lang='lat' dir='ltr'><strong>majus</strong></span> <span class='ocrx_word' id='word_1_367' title='bbox 2966 1952 3040 2009; x_wconf 92' lang='lat' dir='ltr'><strong>sit</strong></span> <span class='ocrx_word' id='word_1_368' title='bbox 3068 1962 3123 2009; x_wconf 87' lang='lat' dir='ltr'><strong>et</strong></span> <span class='ocrx_word' id='word_1_369' title='bbox 3153 1953 3402 2025; x_wconf 79' lang='lat' dir='ltr'><strong>dignius,</strong></span> <span class='ocrx_word' id='word_1_370' title='bbox 3432 1956 3516 2010; x_wconf 87' lang='lat' dir='ltr'><strong>vel</strong></span> <span class='ocrx_word' id='word_1_371' title='bbox 3551 1961 3697 2027; x_wconf 80' lang='lat' dir='ltr'><strong>quol</strong></span> 
     </span>
    </p>
   </div>
   <div class='ocr_carea' id='block_1_50' title="bbox 2102 2040 3700 2113">
    <p class='ocr_par' dir='ltr' id='par_1_50' title="bbox 2102 2040 3700 2113">
     <span class='ocr_line' id='line_1_50' title="bbox 2102 2040 3700 2113; baseline 0.004 -18"><span class='ocrx_word' id='word_1_372' title='bbox 2102 2040 2473 2100; x_wconf 83' lang='lat' dir='ltr'><strong>abundantius</strong></span> <span class='ocrx_word' id='word_1_373' title='bbox 2503 2050 2558 2099; x_wconf 89' lang='lat' dir='ltr'><strong>et</strong></span> <span class='ocrx_word' id='word_1_374' title='bbox 2591 2043 2779 2113; x_wconf 87' lang='lat' dir='ltr'><strong>plures</strong></span> <span class='ocrx_word' id='word_1_375' title='bbox 2811 2045 3111 2102; x_wconf 88' lang='lat' dir='ltr'><strong>monachos</strong></span> <span class='ocrx_word' id='word_1_376' title='bbox 3142 2047 3450 2106; x_wconf 89' lang='lat' dir='ltr'><strong>continens.</strong></span> <span class='ocrx_word' id='word_1_377' title='bbox 3487 2047 3700 2102; x_wconf 84' lang='lat' dir='ltr'><strong>noveri-</strong></span> 
     </span>
    </p>
   </div>
   <div class='ocr_carea' id='block_1_51' title="bbox 2101 2132 3696 2204">
    <p class='ocr_par' dir='ltr' id='par_1_51' title="bbox 2101 2132 3696 2204">
     <span class='ocr_line' id='line_1_51' title="bbox 2101 2132 3696 2204; baseline 0.003 -16"><span class='ocrx_word' id='word_1_378' title='bbox 2101 2148 2225 2188; x_wconf 71' lang='lat' dir='ltr'><strong>mus</strong></span> <span class='ocrx_word' id='word_1_379' title='bbox 2253 2132 2353 2188; x_wconf 88' lang='lat' dir='ltr'><strong>hos</strong></span> <span class='ocrx_word' id='word_1_380' title='bbox 2388 2133 2643 2204; x_wconf 86' lang='lat' dir='ltr'><strong>superbia</strong></span> <span class='ocrx_word' id='word_1_381' title='bbox 2676 2133 2930 2188; x_wconf 74' lang='lat' dir='ltr'><strong>saeculari</strong></span> <span class='ocrx_word' id='word_1_382' title='bbox 2962 2135 3141 2191; x_wconf 82' lang='lat' dir='ltr'><strong>adhuc</strong></span> <span class='ocrx_word' id='word_1_383' title='bbox 3173 2136 3366 2192; x_wconf 87' lang='lat' dir='ltr'><strong>teneri.</strong></span> <span class='ocrx_word' id='word_1_384' title='bbox 3400 2137 3536 2192; x_wconf 90' lang='lat' dir='ltr'><strong>Cum</strong></span> <span class='ocrx_word' id='word_1_385' title='bbox 3570 2137 3696 2192; x_wconf 86' lang='lat' dir='ltr'><strong>item</strong></span> 
     </span>
    </p>
   </div>
   <div class='ocr_carea' id='block_1_52' title="bbox 2101 2225 3698 2299">
    <p class='ocr_par' dir='ltr' id='par_1_52' title="bbox 2101 2225 3698 2299">
     <span class='ocr_line' id='line_1_52' title="bbox 2101 2225 3698 2299; baseline 0.004 -19"><span class='ocrx_word' id='word_1_386' title='bbox 2101 2226 2238 2281; x_wconf 84' lang='lat' dir='ltr'><strong>alius</strong></span> <span class='ocrx_word' id='word_1_387' title='bbox 2271 2225 2416 2281; x_wconf 90' lang='lat' dir='ltr'><strong>circa</strong></span> <span class='ocrx_word' id='word_1_388' title='bbox 2463 2235 2675 2281; x_wconf 68' lang='lat' dir='ltr'><strong>naturae</strong></span> <span class='ocrx_word' id='word_1_389' title='bbox 2702 2225 2860 2284; x_wconf 91' lang='lat' dir='ltr'><strong>dotes</strong></span> <span class='ocrx_word' id='word_1_390' title='bbox 2889 2227 3188 2299; x_wconf 78' lang='lat' dir='ltr'><strong>gloriatur,</strong></span> <span class='ocrx_word' id='word_1_391' title='bbox 3219 2229 3304 2283; x_wconf 84' lang='lat' dir='ltr'><strong>vel</strong></span> <span class='ocrx_word' id='word_1_392' title='bbox 3332 2230 3478 2299; x_wconf 89' lang='lat' dir='ltr'><strong>quod</strong></span> <span class='ocrx_word' id='word_1_393' title='bbox 3506 2231 3698 2287; x_wconf 76' lang='lat' dir='ltr'><strong>suavis</strong></span> 
     </span>
    </p>
   </div>
   <div class='ocr_carea' id='block_1_53' title="bbox 2100 2314 3697 2388">
    <p class='ocr_par' dir='ltr' id='par_1_53' title="bbox 2100 2314 3697 2388">
     <span class='ocr_line' id='line_1_53' title="bbox 2100 2314 3697 2388; baseline 0.002 -18"><span class='ocrx_word' id='word_1_394' title='bbox 2100 2315 2173 2370; x_wconf 87' lang='lat' dir='ltr'><strong>sit</strong></span> <span class='ocrx_word' id='word_1_395' title='bbox 2198 2315 2368 2378; x_wconf 82' lang='lat' dir='ltr'><strong>vocis.</strong></span> <span class='ocrx_word' id='word_1_396' title='bbox 2394 2314 2540 2385; x_wconf 88' lang='lat' dir='ltr'><strong>quod</strong></span> <span class='ocrx_word' id='word_1_397' title='bbox 2575 2315 2740 2385; x_wconf 87' lang='lat' dir='ltr'><strong>probe</strong></span> <span class='ocrx_word' id='word_1_398' title='bbox 2772 2315 2984 2386; x_wconf 86' lang='lat' dir='ltr'><strong>psallat,</strong></span> <span class='ocrx_word' id='word_1_399' title='bbox 3006 2316 3153 2386; x_wconf 90' lang='lat' dir='ltr'><strong>quod</strong></span> <span class='ocrx_word' id='word_1_400' title='bbox 3176 2316 3349 2372; x_wconf 86' lang='lat' dir='ltr'><strong>nitide</strong></span> <span class='ocrx_word' id='word_1_401' title='bbox 3373 2324 3428 2372; x_wconf 87' lang='lat' dir='ltr'><strong>et</strong></span> <span class='ocrx_word' id='word_1_402' title='bbox 3468 2319 3697 2388; x_wconf 61' lang='lat' dir='ltr'><strong>praecla-</strong></span> 
     </span>
    </p>
   </div>
   <div class='ocr_carea' id='block_1_54' title="bbox 2099 2406 3700 2477">
    <p class='ocr_par' dir='ltr' id='par_1_54' title="bbox 2099 2406 3700 2477">
     <span class='ocr_line' id='line_1_54' title="bbox 2099 2406 3700 2477; baseline 0.003 -15"><span class='ocrx_word' id='word_1_403' title='bbox 2099 2423 2158 2462; x_wconf 91' lang='lat' dir='ltr'><strong>re</strong></span> <span class='ocrx_word' id='word_1_404' title='bbox 2210 2407 2512 2473; x_wconf 86' lang='lat' dir='ltr'><strong>ministret;</strong></span> <span class='ocrx_word' id='word_1_405' title='bbox 2549 2406 2929 2477; x_wconf 83' lang='lat' dir='ltr'><strong>hujuscemodi</strong></span> <span class='ocrx_word' id='word_1_406' title='bbox 2961 2407 3207 2477; x_wconf 56' lang='lat' dir='ltr'><strong>gloriolae</strong></span> <span class='ocrx_word' id='word_1_407' title='bbox 3259 2408 3530 2477; x_wconf 82' lang='lat' dir='ltr'><strong>primatus</strong></span> <span class='ocrx_word' id='word_1_408' title='bbox 3569 2418 3700 2467; x_wconf 80' lang='lat' dir='ltr'><strong>sunt</strong></span> 
     </span>
    </p>
   </div>
   <div class='ocr_carea' id='block_1_55' title="bbox 2099 2498 3696 2570">
    <p class='ocr_par' dir='ltr' id='par_1_55' title="bbox 2099 2498 3696 2570">
     <span class='ocr_line' id='line_1_55' title="bbox 2099 2498 3696 2570; baseline 0.001 -16"><span class='ocrx_word' id='word_1_409' title='bbox 2099 2509 2154 2554; x_wconf 87' lang='lat' dir='ltr'><strong>et</strong></span> <span class='ocrx_word' id='word_1_410' title='bbox 2197 2498 2454 2554; x_wconf 80' lang='lat' dir='ltr'><strong>vanitatis</strong></span> <span class='ocrx_word' id='word_1_411' title='bbox 2499 2498 2804 2554; x_wconf 73' lang='lat' dir='ltr'><strong>stecularis.</strong></span> <span class='ocrx_word' id='word_1_412' title='bbox 2854 2498 3162 2555; x_wconf 86' lang='lat' dir='ltr'><strong>Monastica</strong></span> <span class='ocrx_word' id='word_1_413' title='bbox 3213 2508 3396 2555; x_wconf 89' lang='lat' dir='ltr'><strong>autem</strong></span> <span class='ocrx_word' id='word_1_414' title='bbox 3440 2501 3696 2570; x_wconf 82' lang='lat' dir='ltr'><strong>superbia</strong></span> 
     </span>
    </p>
   </div>
   <div class='ocr_carea' id='block_1_56' title="bbox 2099 2589 3698 2662">
    <p class='ocr_par' dir='ltr' id='par_1_56' title="bbox 2099 2589 3698 2662">
     <span class='ocr_line' id='line_1_56' title="bbox 2099 2589 3698 2662; baseline 0.001 -19"><span class='ocrx_word' id='word_1_415' title='bbox 2099 2597 2214 2653; x_wconf 89' lang='lat' dir='ltr'><strong>est,</strong></span> <span class='ocrx_word' id='word_1_416' title='bbox 2259 2604 2382 2644; x_wconf 91' lang='lat' dir='ltr'><strong>cum</strong></span> <span class='ocrx_word' id='word_1_417' title='bbox 2430 2589 2554 2658; x_wconf 90' lang='lat' dir='ltr'><strong>quis</strong></span> <span class='ocrx_word' id='word_1_418' title='bbox 2590 2591 2857 2659; x_wconf 84' lang='lat' dir='ltr'><strong>gloriatur</strong></span> <span class='ocrx_word' id='word_1_419' title='bbox 2897 2597 2957 2643; x_wconf 91' lang='lat' dir='ltr'><strong>ut</strong></span> <span class='ocrx_word' id='word_1_420' title='bbox 2990 2589 3360 2660; x_wconf 81' lang='lat' dir='ltr'><strong>jejuniorum,</strong></span> <span class='ocrx_word' id='word_1_421' title='bbox 3397 2601 3456 2645; x_wconf 90' lang='lat' dir='ltr'><strong>ut</strong></span> <span class='ocrx_word' id='word_1_422' title='bbox 3486 2591 3698 2662; x_wconf 83' lang='lat' dir='ltr'><strong>vigilia-</strong></span> 
     </span>
    </p>
   </div>
   <div class='ocr_carea' id='block_1_57' title="bbox 2099 2680 3698 2750">
    <p class='ocr_par' dir='ltr' id='par_1_57' title="bbox 2099 2680 3698 2750">
     <span class='ocr_line' id='line_1_57' title="bbox 2099 2680 3698 2750; baseline 0.002 -15"><span class='ocrx_word' id='word_1_423' title='bbox 2099 2695 2223 2735; x_wconf 85' lang='lat' dir='ltr'><strong>rum</strong></span> <span class='ocrx_word' id='word_1_424' title='bbox 2254 2680 2812 2747; x_wconf 78' lang='lat' dir='ltr'><strong>observantissimus,</strong></span> <span class='ocrx_word' id='word_1_425' title='bbox 2845 2688 2905 2736; x_wconf 84' lang='lat' dir='ltr'><strong>ut</strong></span> <span class='ocrx_word' id='word_1_426' title='bbox 2936 2682 3288 2750; x_wconf 87' lang='lat' dir='ltr'><strong>venerabilis,</strong></span> <span class='ocrx_word' id='word_1_427' title='bbox 3321 2691 3378 2737; x_wconf 92' lang='lat' dir='ltr'><strong>ut</strong></span> <span class='ocrx_word' id='word_1_428' title='bbox 3405 2681 3608 2748; x_wconf 82' lang='lat' dir='ltr'><strong>civilis,</strong></span> <span class='ocrx_word' id='word_1_429' title='bbox 3638 2691 3698 2738; x_wconf 87' lang='lat' dir='ltr'><strong>ut</strong></span> 
     </span>
    </p>
   </div>
   <div class='ocr_carea' id='block_1_58' title="bbox 2100 2773 3693 2846">
    <p class='ocr_par' dir='ltr' id='par_1_58' title="bbox 2100 2773 3693 2846">
     <span class='ocr_line' id='line_1_58' title="bbox 2100 2773 3693 2846; baseline 0.001 -19"><span class='ocrx_word' id='word_1_430' title='bbox 2100 2773 2426 2838; x_wconf 79' lang='lat' dir='ltr'><strong>studiosius,</strong></span> <span class='ocrx_word' id='word_1_431' title='bbox 2471 2781 2526 2828; x_wconf 91' lang='lat' dir='ltr'><strong>et</strong></span> <span class='ocrx_word' id='word_1_432' title='bbox 2558 2788 2681 2829; x_wconf 88' lang='lat' dir='ltr'><strong>cum</strong></span> <span class='ocrx_word' id='word_1_433' title='bbox 2714 2774 2839 2844; x_wconf 85' lang='lat' dir='ltr'><strong>quis</strong></span> <span class='ocrx_word' id='word_1_434' title='bbox 2882 2774 3246 2845; x_wconf 77' lang='lat' dir='ltr'><strong>adipiscenda:</strong></span> <span class='ocrx_word' id='word_1_435' title='bbox 3289 2775 3474 2845; x_wconf 71' lang='lat' dir='ltr'><strong>gloriae</strong></span> <span class='ocrx_word' id='word_1_436' title='bbox 3522 2775 3693 2846; x_wconf 88' lang='lat' dir='ltr'><strong>gratia</strong></span> 
     </span>
    </p>
   </div>
   <div class='ocr_carea' id='block_1_59' title="bbox 2100 2863 3695 2935">
    <p class='ocr_par' dir='ltr' id='par_1_59' title="bbox 2100 2863 3695 2935">
     <span class='ocr_line' id='line_1_59' title="bbox 2100 2863 3695 2935; baseline 0.001 -18"><span class='ocrx_word' id='word_1_437' title='bbox 2100 2863 2421 2919; x_wconf 88' lang='lat' dir='ltr'><strong>humiliatur</strong></span> <span class='ocrx_word' id='word_1_438' title='bbox 2461 2884 2474 2921; x_wconf 95' lang='lat'><strong>:</strong></span> <span class='ocrx_word' id='word_1_439' title='bbox 2514 2865 2632 2920; x_wconf 74' lang='lat' dir='ltr'><strong>haec</strong></span> <span class='ocrx_word' id='word_1_440' title='bbox 2674 2867 2741 2920; x_wconf 86' lang='lat' dir='ltr'><strong>ad</strong></span> <span class='ocrx_word' id='word_1_441' title='bbox 2786 2865 3148 2921; x_wconf 85' lang='lat' dir='ltr'><strong>monasticam</strong></span> <span class='ocrx_word' id='word_1_442' title='bbox 3182 2866 3494 2935; x_wconf 86' lang='lat' dir='ltr'><strong>superbiam</strong></span> <span class='ocrx_word' id='word_1_443' title='bbox 3525 2866 3695 2935; x_wconf 89' lang='lat' dir='ltr'><strong>perti-</strong></span> 
     </span>
    </p>
   </div>
   <div class='ocr_carea' id='block_1_60' title="bbox 2099 2954 3696 3026">
    <p class='ocr_par' dir='ltr' id='par_1_60' title="bbox 2099 2954 3696 3026">
     <span class='ocr_line' id='line_1_60' title="bbox 2099 2954 3696 3026; baseline 0.001 -16"><span class='ocrx_word' id='word_1_444' title='bbox 2099 2963 2250 3010; x_wconf 83' lang='lat' dir='ltr'><strong>nent.</strong></span> <span class='ocrx_word' id='word_1_445' title='bbox 2277 2954 2428 3010; x_wconf 90' lang='lat' dir='ltr'><strong>Licet</strong></span> <span class='ocrx_word' id='word_1_446' title='bbox 2450 2963 2630 3010; x_wconf 78' lang='lat' dir='ltr'><strong>autem</strong></span> <span class='ocrx_word' id='word_1_447' title='bbox 2656 2954 2723 3026; x_wconf 90' lang='lat' dir='ltr'><strong>(si</strong></span> <span class='ocrx_word' id='word_1_448' title='bbox 2747 2955 2970 3010; x_wconf 88' lang='lat' dir='ltr'><strong>omnino</strong></span> <span class='ocrx_word' id='word_1_449' title='bbox 2991 2954 3364 3026; x_wconf 86' lang='lat' dir='ltr'><strong>gloriandum)</strong></span> <span class='ocrx_word' id='word_1_450' title='bbox 3390 2957 3696 3012; x_wconf 82' lang='lat' dir='ltr'><strong>monastice</strong></span> 
     </span>
    </p>
   </div>
   <div class='ocr_carea' id='block_1_61' title="bbox 2099 3045 3695 3118">
    <p class='ocr_par' dir='ltr' id='par_1_61' title="bbox 2099 3045 3695 3118">
     <span class='ocr_line' id='line_1_61' title="bbox 2099 3045 3695 3118; baseline 0 -14"><span class='ocrx_word' id='word_1_451' title='bbox 2099 3047 2280 3118; x_wconf 87' lang='lat' dir='ltr'><strong>potius</strong></span> <span class='ocrx_word' id='word_1_452' title='bbox 2301 3063 2466 3118; x_wconf 89' lang='lat' dir='ltr'><strong>quam</strong></span> <span class='ocrx_word' id='word_1_453' title='bbox 2492 3048 2768 3102; x_wconf 88' lang='lat' dir='ltr'><strong>mundane</strong></span> <span class='ocrx_word' id='word_1_454' title='bbox 2795 3046 3040 3118; x_wconf 89' lang='lat' dir='ltr'><strong>gloriari.</strong></span> <span class='ocrx_word' id='word_1_455' title='bbox 3071 3045 3318 3103; x_wconf 74' lang='lat' dir='ltr'><strong>Diximus</strong></span> <span class='ocrx_word' id='word_1_456' title='bbox 3336 3047 3448 3118; x_wconf 87' lang='lat' dir='ltr'><strong>jam</strong></span> <span class='ocrx_word' id='word_1_457' title='bbox 3475 3063 3598 3118; x_wconf 75' lang='lat' dir='ltr'><strong>qua:</strong></span> <span class='ocrx_word' id='word_1_458' title='bbox 3624 3050 3695 3104; x_wconf 77' lang='lat' dir='ltr'><strong>sit</strong></span> 
     </span>
    </p>
   </div>
   <div class='ocr_carea' id='block_1_62' title="bbox 408 3128 1997 3232">
    <p class='ocr_par' dir='ltr' id='par_1_62' title="bbox 408 3128 1993 3202">
     <span class='ocr_line' id='line_1_62' title="bbox 408 3128 1993 3202; baseline 0.001 -17"><span class='ocrx_word' id='word_1_459' title='bbox 408 3133 570 3202; x_wconf 85' lang='grc' dir='ltr'>χικῆς</span> <span class='ocrx_word' id='word_1_460' title='bbox 602 3129 983 3202; x_wconf 82' lang='grc' dir='ltr'>ὑπερηφανίας</span> <span class='ocrx_word' id='word_1_461' title='bbox 1013 3128 1185 3183; x_wconf 84' lang='grc' dir='ltr'>ἐστίν.</span> <span class='ocrx_word' id='word_1_462' title='bbox 1231 3128 1540 3201; x_wconf 80' lang='grc' dir='ltr'>Ἐνδέχεται</span> <span class='ocrx_word' id='word_1_463' title='bbox 1571 3131 1704 3201; x_wconf 78' lang='grc' dir='ltr'>ἡμῖν</span> <span class='ocrx_word' id='word_1_464' title='bbox 1750 3132 1826 3202; x_wconf 75' lang='grc' dir='ltr'>μὴ</span> <span class='ocrx_word' id='word_1_465' title='bbox 1857 3132 1993 3196; x_wconf 82' lang='grc' dir='ltr'>ὅλως</span> 
     </span>
    </p>
   </div>
   <div class='ocr_carea' id='block_1_63' title="bbox 2103 3128 3692 3232">
    <p class='ocr_par' dir='ltr' id='par_1_63' title="bbox 2103 3138 3692 3211">
     <span class='ocr_line' id='line_1_63' title="bbox 2103 3138 3692 3211; baseline -0.001 -17"><span class='ocrx_word' id='word_1_466' title='bbox 2103 3144 2280 3211; x_wconf 87' lang='lat' dir='ltr'><strong>prima</strong></span> <span class='ocrx_word' id='word_1_467' title='bbox 2305 3139 2559 3211; x_wconf 88' lang='lat' dir='ltr'><strong>superbia</strong></span> <span class='ocrx_word' id='word_1_468' title='bbox 2581 3178 2597 3204; x_wconf 92' lang='lat'><strong>,</strong></span> <span class='ocrx_word' id='word_1_469' title='bbox 2627 3155 2816 3210; x_wconf 64' lang='lat' dir='ltr'><strong>qurere</strong></span> <span class='ocrx_word' id='word_1_470' title='bbox 2840 3139 2968 3193; x_wconf 91' lang='lat' dir='ltr'><strong>item</strong></span> <span class='ocrx_word' id='word_1_471' title='bbox 2994 3138 3254 3200; x_wconf 88' lang='lat' dir='ltr'><strong>secunda,</strong></span> <span class='ocrx_word' id='word_1_472' title='bbox 3279 3154 3401 3209; x_wconf 66' lang='lat' dir='ltr'><strong>quae</strong></span> <span class='ocrx_word' id='word_1_473' title='bbox 3423 3140 3692 3194; x_wconf 85' lang='lat' dir='ltr'><strong>monasti-</strong></span> 
     </span>
    </p>
   </div>
   <div class='ocr_carea' id='block_1_64' title="bbox 407 3218 1996 3294">
    <p class='ocr_par' dir='ltr' id='par_1_64' title="bbox 407 3218 1996 3294">
     <span class='ocr_line' id='line_1_64' title="bbox 407 3218 1996 3294; baseline -0.002 -17"><span class='ocrx_word' id='word_1_474' title='bbox 407 3220 950 3293; x_wconf 83' lang='grc' dir='ltr'>ὑπερηφανεύεσθαι·</span> <span class='ocrx_word' id='word_1_475' title='bbox 985 3221 1035 3274; x_wconf 87' lang='grc' dir='ltr'><strong>εί</strong></span> <span class='ocrx_word' id='word_1_476' title='bbox 1063 3219 1140 3284; x_wconf 88' lang='grc' dir='ltr'><strong>δὲ,</strong></span> <span class='ocrx_word' id='word_1_477' title='bbox 1169 3218 1273 3274; x_wconf 71' lang='grc' dir='ltr'>κᾶν</span> <span class='ocrx_word' id='word_1_478' title='bbox 1313 3220 1394 3284; x_wconf 86' lang='grc' dir='ltr'><strong>είς</strong></span> <span class='ocrx_word' id='word_1_479' title='bbox 1427 3219 1499 3273; x_wconf 74' lang='grc' dir='ltr'>τὰ</span> <span class='ocrx_word' id='word_1_480' title='bbox 1531 3222 1800 3292; x_wconf 81' lang='grc' dir='ltr'>μοναχικὰ</span> <span class='ocrx_word' id='word_1_481' title='bbox 1830 3223 1996 3294; x_wconf 87' lang='grc' dir='ltr'>ὑπερ-</span> 
     </span>
    </p>
   </div>
   <div class='ocr_carea' id='block_1_65' title="bbox 404 3310 1995 3385">
    <p class='ocr_par' dir='ltr' id='par_1_65' title="bbox 404 3310 1995 3385">
     <span class='ocr_line' id='line_1_65' title="bbox 404 3310 1995 3385; baseline -0.001 -17"><span class='ocrx_word' id='word_1_482' title='bbox 404 3313 802 3385; x_wconf 81' lang='grc' dir='ltr'>ηφανεύεσθαι,</span> <span class='ocrx_word' id='word_1_483' title='bbox 833 3311 926 3366; x_wconf 75' lang='grc' dir='ltr'><strong>καὶ</strong></span> <span class='ocrx_word' id='word_1_484' title='bbox 963 3311 1038 3382; x_wconf 79' lang='grc' dir='ltr'>μὴ</span> <span class='ocrx_word' id='word_1_485' title='bbox 1071 3313 1150 3374; x_wconf 83' lang='grc' dir='ltr'><strong>είς</strong></span> <span class='ocrx_word' id='word_1_486' title='bbox 1196 3310 1266 3364; x_wconf 83' lang='grc' dir='ltr'>τὰ</span> <span class='ocrx_word' id='word_1_487' title='bbox 1301 3312 1562 3381; x_wconf 83' lang='grc' dir='ltr'>κοσμικά.</span> <span class='ocrx_word' id='word_1_488' title='bbox 1605 3312 1735 3365; x_wconf 81' lang='grc' dir='ltr'>Ἰδοὺ</span> <span class='ocrx_word' id='word_1_489' title='bbox 1767 3313 1995 3383; x_wconf 75' lang='grc' dir='ltr'>εἴπομεν</span> 
     </span>
    </p>
   </div>
   <div class='ocr_carea' id='block_1_66' title="bbox 2101 3226 3694 3298">
    <p class='ocr_par' dir='ltr' id='par_1_66' title="bbox 2101 3226 3694 3298">
     <span class='ocr_line' id='line_1_66' title="bbox 2101 3226 3694 3298; baseline -0.001 -15"><span class='ocrx_word' id='word_1_490' title='bbox 2101 3243 2164 3284; x_wconf 91' lang='lat' dir='ltr'><strong>ca</strong></span> <span class='ocrx_word' id='word_1_491' title='bbox 2185 3268 2201 3292; x_wconf 91' lang='lat'><strong>,</strong></span> <span class='ocrx_word' id='word_1_492' title='bbox 2229 3243 2354 3298; x_wconf 70' lang='lat' dir='ltr'><strong>qua:</strong></span> <span class='ocrx_word' id='word_1_493' title='bbox 2390 3227 2670 3283; x_wconf 64' lang='lat' dir='ltr'><strong>saecularis</strong></span> <span class='ocrx_word' id='word_1_494' title='bbox 2702 3246 2715 3281; x_wconf 92' lang='lat'><strong>:</strong></span> <span class='ocrx_word' id='word_1_495' title='bbox 2764 3226 3038 3297; x_wconf 87' lang='lat' dir='ltr'><strong>reliquum</strong></span> <span class='ocrx_word' id='word_1_496' title='bbox 3072 3235 3193 3293; x_wconf 87' lang='lat' dir='ltr'><strong>est,</strong></span> <span class='ocrx_word' id='word_1_497' title='bbox 3231 3226 3452 3282; x_wconf 85' lang='lat' dir='ltr'><strong>totidem</strong></span> <span class='ocrx_word' id='word_1_498' title='bbox 3478 3226 3694 3281; x_wconf 87' lang='lat' dir='ltr'><strong>humili-</strong></span> 
     </span>
    </p>
   </div>
   <div class='ocr_carea' id='block_1_67' title="bbox 2102 3319 2852 3389">
    <p class='ocr_par' dir='ltr' id='par_1_67' title="bbox 2102 3319 2852 3389">
     <span class='ocr_line' id='line_1_67' title="bbox 2102 3319 2852 3389; baseline -0.004 -16"><span class='ocrx_word' id='word_1_499' title='bbox 2102 3319 2230 3374; x_wconf 88' lang='lat' dir='ltr'><strong>tatis</strong></span> <span class='ocrx_word' id='word_1_500' title='bbox 2255 3332 2455 3389; x_wconf 85' lang='lat' dir='ltr'><strong>genera</strong></span> <span class='ocrx_word' id='word_1_501' title='bbox 2486 3331 2852 3387; x_wconf 90' lang='lat' dir='ltr'><strong>opponamus.</strong></span> 
     </span>
    </p>
   </div>
   <div class='ocr_carea' id='block_1_68' title="bbox 403 3402 3693 3478">
    <p class='ocr_par' dir='ltr' id='par_1_68' title="bbox 403 3402 3693 3478">
     <span class='ocr_line' id='line_1_68' title="bbox 403 3402 3693 3478; baseline -0 -18"><span class='ocrx_word' id='word_1_502' title='bbox 403 3406 493 3470; x_wconf 79' lang='grc' dir='ltr'><strong>τίς</strong></span> <span class='ocrx_word' id='word_1_503' title='bbox 515 3409 664 3459; x_wconf 86' lang='grc' dir='ltr'>ἐστιν</span> <span class='ocrx_word' id='word_1_504' title='bbox 696 3406 730 3475; x_wconf 82' lang='grc' dir='ltr'><strong>ή</strong></span> <span class='ocrx_word' id='word_1_505' title='bbox 761 3402 954 3475; x_wconf 83' lang='grc' dir='ltr'>πρώτη</span> <span class='ocrx_word' id='word_1_506' title='bbox 992 3402 1365 3474; x_wconf 87' lang='grc' dir='ltr'>ὑπερηφανία,</span> <span class='ocrx_word' id='word_1_507' title='bbox 1388 3402 1483 3456; x_wconf 77' lang='grc' dir='ltr'><strong>καὶ</strong></span> <span class='ocrx_word' id='word_1_508' title='bbox 1514 3403 1600 3466; x_wconf 87' lang='grc' dir='ltr'><strong>τίς</strong></span> <span class='ocrx_word' id='word_1_509' title='bbox 1673 3404 1824 3458; x_wconf 87' lang='grc' dir='ltr'>ἐστιν</span> <span class='ocrx_word' id='word_1_510' title='bbox 1850 3406 1884 3476; x_wconf 80' lang='grc' dir='ltr'><strong>ἡ</strong></span> <span class='ocrx_word' id='word_1_511' title='bbox 1940 3404 2191 3477; x_wconf 75' lang='grc' dir='ltr'>δευτέρα,</span> <span class='ocrx_word' id='word_1_512' title='bbox 2220 3407 2424 3477; x_wconf 83' lang='grc' dir='ltr'>ὁμοίως</span> <span class='ocrx_word' id='word_1_513' title='bbox 2482 3408 2726 3475; x_wconf 76' lang='grc' dir='ltr'>εἴπωμεν</span> <span class='ocrx_word' id='word_1_514' title='bbox 2765 3405 2850 3468; x_wconf 84' lang='grc' dir='ltr'><strong>τίς</strong></span> <span class='ocrx_word' id='word_1_515' title='bbox 2918 3405 3068 3460; x_wconf 88' lang='grc' dir='ltr'>ἐστιν</span> <span class='ocrx_word' id='word_1_516' title='bbox 3107 3407 3142 3477; x_wconf 81' lang='grc' dir='ltr'><strong>ἡ</strong></span> <span class='ocrx_word' id='word_1_517' title='bbox 3183 3403 3450 3478; x_wconf 76' lang='grc' dir='ltr'>κοσμικὴ,</span> <span class='ocrx_word' id='word_1_518' title='bbox 3480 3405 3577 3460; x_wconf 77' lang='grc' dir='ltr'>καὶ</span> <span class='ocrx_word' id='word_1_519' title='bbox 3609 3405 3693 3471; x_wconf 88' lang='grc' dir='ltr'><strong>τίς</strong></span> 
     </span>
    </p>
   </div>
   <div class='ocr_carea' id='block_1_69' title="bbox 404 3496 2945 3571">
    <p class='ocr_par' dir='ltr' id='par_1_69' title="bbox 404 3496 2945 3571">
     <span class='ocr_line' id='line_1_69' title="bbox 404 3496 2945 3571; baseline 0.001 -16"><span class='ocrx_word' id='word_1_520' title='bbox 404 3502 526 3555; x_wconf 81' lang='grc' dir='ltr'>ἐστι</span> <span class='ocrx_word' id='word_1_521' title='bbox 579 3501 845 3571; x_wconf 82' lang='grc' dir='ltr'>μοναχικὴ</span> <span class='ocrx_word' id='word_1_522' title='bbox 896 3497 1266 3570; x_wconf 85' lang='grc' dir='ltr'>ὑπερηφανία.</span> <span class='ocrx_word' id='word_1_523' title='bbox 1311 3496 1594 3568; x_wconf 85' lang='grc' dir='ltr'>Μάθωμεν</span> <span class='ocrx_word' id='word_1_524' title='bbox 1662 3498 1850 3554; x_wconf 77' lang='grc' dir='ltr'>λοιπὸν</span> <span class='ocrx_word' id='word_1_525' title='bbox 1916 3503 2066 3556; x_wconf 84' lang='grc' dir='ltr'>ποῖαί</span> <span class='ocrx_word' id='word_1_526' title='bbox 2105 3505 2212 3557; x_wconf 89' lang='grc' dir='ltr'>είσι</span> <span class='ocrx_word' id='word_1_527' title='bbox 2238 3501 2334 3556; x_wconf 79' lang='grc' dir='ltr'><strong>καὶ</strong></span> <span class='ocrx_word' id='word_1_528' title='bbox 2355 3502 2412 3556; x_wconf 77' lang='grc' dir='ltr'><strong>αἱ</strong></span> <span class='ocrx_word' id='word_1_529' title='bbox 2433 3498 2528 3554; x_wconf 88' lang='grc' dir='ltr'><strong>δύο</strong></span> <span class='ocrx_word' id='word_1_530' title='bbox 2561 3499 2945 3564; x_wconf 88' lang='grc' dir='ltr'>ταπεινώσεις.</span> 
     </span>
    </p>
   </div>
   <div class='ocr_carea' id='block_1_70' title="bbox 482 3591 1997 3665">
    <p class='ocr_par' dir='ltr' id='par_1_70' title="bbox 482 3591 1997 3665">
     <span class='ocr_line' id='line_1_70' title="bbox 482 3591 1997 3665; baseline 0.007 -29"><span class='ocrx_word' id='word_1_531' title='bbox 482 3597 574 3663; x_wconf 70' lang='grc' dir='ltr'><strong>ς’,</strong></span> <span class='ocrx_word' id='word_1_532' title='bbox 610 3595 674 3647; x_wconf 81' lang='grc' dir='ltr'><em>Ἢ</em></span> <span class='ocrx_word' id='word_1_533' title='bbox 718 3593 910 3665; x_wconf 80' lang='grc' dir='ltr'>πρώτη</span> <span class='ocrx_word' id='word_1_534' title='bbox 947 3591 1274 3655; x_wconf 86' lang='grc' dir='ltr'>ταπείνωσίς</span> <span class='ocrx_word' id='word_1_535' title='bbox 1303 3591 1445 3656; x_wconf 85' lang='grc' dir='ltr'>ἐστι,</span> <span class='ocrx_word' id='word_1_536' title='bbox 1473 3592 1535 3645; x_wconf 83' lang='grc' dir='ltr'><strong>τὸ</strong></span> <span class='ocrx_word' id='word_1_537' title='bbox 1563 3591 1708 3663; x_wconf 80' lang='grc' dir='ltr'>ἔχειν</span> <span class='ocrx_word' id='word_1_538' title='bbox 1747 3593 1872 3648; x_wconf 78' lang='grc' dir='ltr'>τινὰ</span> <span class='ocrx_word' id='word_1_539' title='bbox 1906 3595 1997 3649; x_wconf 72' lang='grc' dir='ltr'>τὸν</span> 
     </span>
    </p>
   </div>
   <div class='ocr_carea' id='block_1_71' title="bbox 404 3682 1996 3756">
    <p class='ocr_par' dir='ltr' id='par_1_71' title="bbox 404 3682 1996 3756">
     <span class='ocr_line' id='line_1_71' title="bbox 404 3682 1996 3756; baseline -0.002 -13"><span class='ocrx_word' id='word_1_540' title='bbox 404 3686 639 3756; x_wconf 80' lang='grc' dir='ltr'>ἀδελφὸν</span> <span class='ocrx_word' id='word_1_541' title='bbox 679 3684 846 3740; x_wconf 84' lang='grc' dir='ltr'>αὐτοῦ</span> <span class='ocrx_word' id='word_1_542' title='bbox 898 3682 1268 3754; x_wconf 84' lang='grc' dir='ltr'>συνετώτερον</span> <span class='ocrx_word' id='word_1_543' title='bbox 1311 3683 1529 3750; x_wconf 81' lang='grc' dir='ltr'>ἑαυτοῦ,</span> <span class='ocrx_word' id='word_1_544' title='bbox 1563 3685 1659 3738; x_wconf 75' lang='grc' dir='ltr'><strong>καὶ</strong></span> <span class='ocrx_word' id='word_1_545' title='bbox 1697 3687 1778 3748; x_wconf 81' lang='grc' dir='ltr'>εὶς</span> <span class='ocrx_word' id='word_1_546' title='bbox 1818 3687 1996 3741; x_wconf 85' lang='grc' dir='ltr'>πάντα</span> 
     </span>
    </p>
   </div>
   <div class='ocr_carea' id='block_1_72' title="bbox 405 3770 1996 3849">
    <p class='ocr_par' dir='ltr' id='par_1_72' title="bbox 405 3770 1996 3849">
     <span class='ocr_line' id='line_1_72' title="bbox 405 3770 1996 3849; baseline -0.001 -17"><span class='ocrx_word' id='word_1_547' title='bbox 405 3780 746 3849; x_wconf 76' lang='grc' dir='ltr'>ὑπερέχοντα</span> <span class='ocrx_word' id='word_1_548' title='bbox 780 3773 998 3840; x_wconf 86' lang='grc' dir='ltr'>ἐαυτοῦ,</span> <span class='ocrx_word' id='word_1_549' title='bbox 1035 3774 1131 3828; x_wconf 77' lang='grc' dir='ltr'>καὶ</span> <span class='ocrx_word' id='word_1_550' title='bbox 1177 3773 1390 3839; x_wconf 82' lang='grc' dir='ltr'>ἁπλῶς,</span> <span class='ocrx_word' id='word_1_551' title='bbox 1419 3774 1495 3837; x_wconf 86' lang='grc' dir='ltr'>ὼς</span> <span class='ocrx_word' id='word_1_552' title='bbox 1529 3770 1682 3828; x_wconf 79' lang='grc' dir='ltr'>εἶπεν</span> <span class='ocrx_word' id='word_1_553' title='bbox 1719 3776 1928 3840; x_wconf 82' lang='grc' dir='ltr'>ἐκεῖνος</span> <span class='ocrx_word' id='word_1_554' title='bbox 1967 3780 1996 3831; x_wconf 87' lang='grc' dir='ltr'>ὁ</span> 
     </span>
    </p>
   </div>
   <div class='ocr_carea' id='block_1_73' title="bbox 407 3863 1995 3941">
    <p class='ocr_par' dir='ltr' id='par_1_73' title="bbox 407 3863 1995 3941">
     <span class='ocr_line' id='line_1_73' title="bbox 407 3863 1995 3941; baseline -0.002 -16"><span class='ocrx_word' id='word_1_555' title='bbox 407 3871 584 3938; x_wconf 74' lang='grc' dir='ltr'>ἅγιος,</span> <span class='ocrx_word' id='word_1_556' title='bbox 615 3871 681 3941; x_wconf 31' lang='grc' dir='ltr'><strong>τὸ,</strong></span> <span class='ocrx_word' id='word_1_557' title='bbox 709 3863 849 3923; x_wconf 77' lang='grc' dir='ltr'>εἶναι</span> <span class='ocrx_word' id='word_1_558' title='bbox 879 3869 1138 3922; x_wconf 82' lang='grc' dir='ltr'>ὑποκάτω</span> <span class='ocrx_word' id='word_1_559' title='bbox 1161 3867 1401 3922; x_wconf 88' lang='grc' dir='ltr'>πάντων.</span> <span class='ocrx_word' id='word_1_560' title='bbox 1443 3866 1510 3921; x_wconf 85' lang='grc' dir='ltr'><strong><em>Ἦ</em></strong></span> <span class='ocrx_word' id='word_1_561' title='bbox 1545 3867 1602 3920; x_wconf 86' lang='grc' dir='ltr'>δὲ</span> <span class='ocrx_word' id='word_1_562' title='bbox 1625 3867 1856 3939; x_wconf 83' lang='grc' dir='ltr'>δευτέρα</span> <span class='ocrx_word' id='word_1_563' title='bbox 1899 3886 1995 3922; x_wconf 88' lang='grc' dir='ltr'>τα-</span> 
     </span>
    </p>
   </div>
   <div class='ocr_carea' id='block_1_74' title="bbox 409 3956 1990 4029">
    <p class='ocr_par' dir='ltr' id='par_1_74' title="bbox 409 3956 1990 4029">
     <span class='ocr_line' id='line_1_74' title="bbox 409 3956 1990 4029; baseline -0.002 -16"><span class='ocrx_word' id='word_1_564' title='bbox 409 3960 667 4024; x_wconf 80' lang='grc' dir='ltr'>πείνωσις</span> <span class='ocrx_word' id='word_1_565' title='bbox 701 3963 840 4026; x_wconf 87' lang='grc' dir='ltr'>ἐστι,</span> <span class='ocrx_word' id='word_1_566' title='bbox 870 3959 1282 4029; x_wconf 74' lang='grc' dir='ltr'>’τὸ-ἐπιγράφειν</span> <span class='ocrx_word' id='word_1_567' title='bbox 1327 3956 1405 4028; x_wconf 78' lang='grc' dir='ltr'>τῷ</span> <span class='ocrx_word' id='word_1_568' title='bbox 1449 3957 1569 4027; x_wconf 78' lang='grc' dir='ltr'>Θεῷ</span> <span class='ocrx_word' id='word_1_569' title='bbox 1597 3958 1669 4010; x_wconf 81' lang='grc' dir='ltr'>τὰ</span> <span class='ocrx_word' id='word_1_570' title='bbox 1708 3957 1990 4027; x_wconf 78' lang='grc' dir='ltr'>κατορθώ-</span> 
     </span>
    </p>
   </div>
   <div class='ocr_carea' id='block_1_75' title="bbox 411 4048 1988 4124">
    <p class='ocr_par' dir='ltr' id='par_1_75' title="bbox 411 4048 1988 4124">
     <span class='ocr_line' id='line_1_75' title="bbox 411 4048 1988 4124; baseline -0.001 -18"><span class='ocrx_word' id='word_1_571' title='bbox 411 4070 581 4124; x_wconf 86' lang='grc' dir='ltr'>ματα.</span> <span class='ocrx_word' id='word_1_572' title='bbox 611 4051 762 4122; x_wconf 81' lang='grc' dir='ltr'>Αὑτη</span> <span class='ocrx_word' id='word_1_573' title='bbox 797 4053 945 4104; x_wconf 80' lang='grc' dir='ltr'>ἐστὶν</span> <span class='ocrx_word' id='word_1_574' title='bbox 982 4053 1016 4121; x_wconf 82' lang='grc' dir='ltr'><strong>ἡ</strong></span> <span class='ocrx_word' id='word_1_575' title='bbox 1052 4049 1236 4104; x_wconf 90' lang='grc' dir='ltr'>τελεία</span> <span class='ocrx_word' id='word_1_576' title='bbox 1267 4048 1622 4114; x_wconf 87' lang='grc' dir='ltr'>ταπείνωσις,</span> <span class='ocrx_word' id='word_1_577' title='bbox 1654 4049 1765 4102; x_wconf 87' lang='grc' dir='ltr'>τῶν</span> <span class='ocrx_word' id='word_1_578' title='bbox 1796 4050 1988 4118; x_wconf 84' lang='grc' dir='ltr'>ἁγίων.</span> 
     </span>
    </p>
   </div>
   <div class='ocr_carea' id='block_1_76' title="bbox 405 4137 1992 4211">
    <p class='ocr_par' dir='ltr' id='par_1_76' title="bbox 405 4137 1992 4211">
     <span class='ocr_line' id='line_1_76' title="bbox 405 4137 1992 4211; baseline -0.002 -16"><span class='ocrx_word' id='word_1_579' title='bbox 405 4141 559 4210; x_wconf 81' lang='grc' dir='ltr'>Αὕτη</span> <span class='ocrx_word' id='word_1_580' title='bbox 587 4143 620 4211; x_wconf 80' lang='grc' dir='ltr'>ἡ</span> <span class='ocrx_word' id='word_1_581' title='bbox 649 4140 893 4210; x_wconf 75' lang='grc' dir='ltr'>φυσικῶν</span> <span class='ocrx_word' id='word_1_582' title='bbox 930 4139 973 4170; x_wconf 86' lang='grc'><strong>¹⁰</strong></span> <span class='ocrx_word' id='word_1_583' title='bbox 1016 4139 1278 4208; x_wconf 80' lang='grc' dir='ltr'>γινομένη</span> <span class='ocrx_word' id='word_1_584' title='bbox 1307 4138 1366 4191; x_wconf 84' lang='grc' dir='ltr'><strong>ὲν</strong></span> <span class='ocrx_word' id='word_1_585' title='bbox 1395 4140 1458 4208; x_wconf 78' lang='grc' dir='ltr'>τῇ</span> <span class='ocrx_word' id='word_1_586' title='bbox 1484 4137 1652 4208; x_wconf 75' lang='grc' dir='ltr'>ψυχῇ,</span> <span class='ocrx_word' id='word_1_587' title='bbox 1680 4139 1744 4192; x_wconf 84' lang='grc' dir='ltr'><strong>ὲκ</strong></span> <span class='ocrx_word' id='word_1_588' title='bbox 1775 4139 1872 4204; x_wconf 85' lang='grc' dir='ltr'>τῆς</span> <span class='ocrx_word' id='word_1_589' title='bbox 1907 4139 1992 4192; x_wconf 86' lang='grc' dir='ltr'>ἐν-</span> 
     </span>
    </p>
   </div>
   <div class='ocr_carea' id='block_1_77' title="bbox 403 4228 1990 4303">
    <p class='ocr_par' dir='ltr' id='par_1_77' title="bbox 403 4228 1990 4303">
     <span class='ocr_line' id='line_1_77' title="bbox 403 4228 1990 4303; baseline -0.003 -17"><span class='ocrx_word' id='word_1_590' title='bbox 403 4233 628 4303; x_wconf 84' lang='grc' dir='ltr'>εργείας</span> <span class='ocrx_word' id='word_1_591' title='bbox 655 4233 762 4287; x_wconf 83' lang='grc' dir='ltr'><strong>τῶν</strong></span> <span class='ocrx_word' id='word_1_592' title='bbox 790 4230 1040 4286; x_wconf 80' lang='grc' dir='ltr'>ἐντολῶν.</span> <span class='ocrx_word' id='word_1_593' title='bbox 1067 4231 1281 4302; x_wconf 80' lang='grc' dir='ltr'>Ὠσπερ</span> <span class='ocrx_word' id='word_1_594' title='bbox 1333 4228 1441 4300; x_wconf 75' lang='grc' dir='ltr'><strong>γὰρ</strong></span> <span class='ocrx_word' id='word_1_595' title='bbox 1491 4232 1560 4284; x_wconf 62' lang='grc' dir='ltr'>τὰ</span> <span class='ocrx_word' id='word_1_596' title='bbox 1611 4229 1818 4301; x_wconf 62' lang='grc' dir='ltr'>δένδρα</span> <span class='ocrx_word' id='word_1_597' title='bbox 1861 4231 1990 4284; x_wconf 81' lang='grc' dir='ltr'>ὅταν</span> 
     </span>
    </p>
   </div>
   <div class='ocr_carea' id='block_1_78' title="bbox 404 4318 1988 4393">
    <p class='ocr_par' dir='ltr' id='par_1_78' title="bbox 404 4318 1988 4393">
     <span class='ocr_line' id='line_1_78' title="bbox 404 4318 1988 4393; baseline -0.003 -17"><span class='ocrx_word' id='word_1_598' title='bbox 404 4322 668 4392; x_wconf 80' lang='grc' dir='ltr'>βαστάζει</span> <span class='ocrx_word' id='word_1_599' title='bbox 716 4321 928 4393; x_wconf 81' lang='grc' dir='ltr'>καρπὸν</span> <span class='ocrx_word' id='word_1_600' title='bbox 978 4320 1167 4384; x_wconf 81' lang='grc' dir='ltr'>πολὺν,</span> <span class='ocrx_word' id='word_1_601' title='bbox 1201 4318 1363 4382; x_wconf 83' lang='grc' dir='ltr'>αὑτὸς</span> <span class='ocrx_word' id='word_1_602' title='bbox 1415 4320 1444 4372; x_wconf 97' lang='lat'><strong>6</strong></span> <span class='ocrx_word' id='word_1_603' title='bbox 1492 4318 1706 4390; x_wconf 77' lang='grc' dir='ltr'>καρπὸς</span> <span class='ocrx_word' id='word_1_604' title='bbox 1745 4319 1988 4390; x_wconf 78' lang='grc' dir='ltr'>κάμπτει</span> 
     </span>
    </p>
   </div>
   <div class='ocr_carea' id='block_1_79' title="bbox 403 4409 1988 4481">
    <p class='ocr_par' dir='ltr' id='par_1_79' title="bbox 403 4409 1988 4481">
     <span class='ocr_line' id='line_1_79' title="bbox 403 4409 1988 4481; baseline -0.003 -13"><span class='ocrx_word' id='word_1_605' title='bbox 403 4415 560 4468; x_wconf 82' lang='grc' dir='ltr'>κάτω</span> <span class='ocrx_word' id='word_1_606' title='bbox 579 4417 706 4478; x_wconf 76' lang='grc' dir='ltr'>τοὺς</span> <span class='ocrx_word' id='word_1_607' title='bbox 733 4413 982 4476; x_wconf 82' lang='grc' dir='ltr'>κλάδους,</span> <span class='ocrx_word' id='word_1_608' title='bbox 1007 4412 1102 4465; x_wconf 79' lang='grc' dir='ltr'><strong>καὶ</strong></span> <span class='ocrx_word' id='word_1_609' title='bbox 1127 4411 1384 4481; x_wconf 82' lang='grc' dir='ltr'>κατασπᾷ</span> <span class='ocrx_word' id='word_1_610' title='bbox 1409 4410 1628 4474; x_wconf 75' lang='grc' dir='ltr'>αὐτοὺς,</span> <span class='ocrx_word' id='word_1_611' title='bbox 1659 4411 1687 4462; x_wconf 90' lang='lat'><strong>6</strong></span> <span class='ocrx_word' id='word_1_612' title='bbox 1709 4409 1766 4464; x_wconf 85' lang='grc' dir='ltr'>δὲ</span> <span class='ocrx_word' id='word_1_613' title='bbox 1796 4409 1988 4474; x_wconf 79' lang='grc' dir='ltr'>κλάδος</span> 
     </span>
    </p>
   </div>
   <div class='ocr_carea' id='block_1_80' title="bbox 2179 3591 3689 3665">
    <p class='ocr_par' dir='ltr' id='par_1_80' title="bbox 2179 3591 3689 3665">
     <span class='ocr_line' id='line_1_80' title="bbox 2179 3591 3689 3665; baseline -0.003 -14"><span class='ocrx_word' id='word_1_614' title='bbox 2179 3595 2264 3651; x_wconf 87' lang='lat' dir='ltr'><strong>Vl.</strong></span> <span class='ocrx_word' id='word_1_615' title='bbox 2324 3595 2503 3650; x_wconf 83' lang='lat' dir='ltr'><strong>Prima</strong></span> <span class='ocrx_word' id='word_1_616' title='bbox 2534 3594 2700 3665; x_wconf 77' lang='lat' dir='ltr'><strong>igitur</strong></span> <span class='ocrx_word' id='word_1_617' title='bbox 2730 3593 3016 3649; x_wconf 88' lang='lat' dir='ltr'><strong>humilitas</strong></span> <span class='ocrx_word' id='word_1_618' title='bbox 3049 3602 3153 3661; x_wconf 88' lang='lat' dir='ltr'><strong>cst,</strong></span> <span class='ocrx_word' id='word_1_619' title='bbox 3189 3593 3236 3649; x_wconf 89' lang='lat' dir='ltr'><strong>si</strong></span> <span class='ocrx_word' id='word_1_620' title='bbox 3279 3591 3501 3648; x_wconf 78' lang='lat' dir='ltr'><strong>fratrem</strong></span> <span class='ocrx_word' id='word_1_621' title='bbox 3535 3601 3689 3648; x_wconf 84' lang='lat' dir='ltr'><strong>tuum</strong></span> 
     </span>
    </p>
   </div>
   <div class='ocr_carea' id='block_1_81' title="bbox 2102 3685 3693 3757">
    <p class='ocr_par' dir='ltr' id='par_1_81' title="bbox 2102 3685 3693 3757">
     <span class='ocr_line' id='line_1_81' title="bbox 2102 3685 3693 3757; baseline -0.003 -13"><span class='ocrx_word' id='word_1_622' title='bbox 2102 3688 2388 3744; x_wconf 74' lang='lat' dir='ltr'><strong>existimes</strong></span> <span class='ocrx_word' id='word_1_623' title='bbox 2425 3702 2548 3744; x_wconf 85' lang='lat' dir='ltr'><strong>esse</strong></span> <span class='ocrx_word' id='word_1_624' title='bbox 2593 3694 2649 3742; x_wconf 85' lang='lat' dir='ltr'><strong>te</strong></span> <span class='ocrx_word' id='word_1_625' title='bbox 2686 3687 3132 3757; x_wconf 87' lang='lat' dir='ltr'><strong>prudentiorem,</strong></span> <span class='ocrx_word' id='word_1_626' title='bbox 3177 3695 3232 3742; x_wconf 91' lang='lat' dir='ltr'><strong>et</strong></span> <span class='ocrx_word' id='word_1_627' title='bbox 3274 3685 3329 3740; x_wconf 93' lang='lat' dir='ltr'><strong>in</strong></span> <span class='ocrx_word' id='word_1_628' title='bbox 3375 3687 3590 3742; x_wconf 89' lang='lat' dir='ltr'><strong>cunctis</strong></span> <span class='ocrx_word' id='word_1_629' title='bbox 3641 3695 3693 3740; x_wconf 89' lang='lat' dir='ltr'><strong>te</strong></span> 
     </span>
    </p>
   </div>
   <div class='ocr_carea' id='block_1_82' title="bbox 2101 3778 3690 3848">
    <p class='ocr_par' dir='ltr' id='par_1_82' title="bbox 2101 3778 3690 3848">
     <span class='ocr_line' id='line_1_82' title="bbox 2101 3778 3690 3848; baseline -0.003 -11"><span class='ocrx_word' id='word_1_630' title='bbox 2101 3782 2309 3837; x_wconf 88' lang='lat' dir='ltr'><strong>anteire</strong></span> <span class='ocrx_word' id='word_1_631' title='bbox 2340 3800 2354 3836; x_wconf 91' lang='lat'><strong>:</strong></span> <span class='ocrx_word' id='word_1_632' title='bbox 2392 3789 2481 3848; x_wconf 88' lang='lat' dir='ltr'><strong>et,</strong></span> <span class='ocrx_word' id='word_1_633' title='bbox 2511 3789 2571 3836; x_wconf 91' lang='lat' dir='ltr'><strong>ut</strong></span> <span class='ocrx_word' id='word_1_634' title='bbox 2599 3779 2685 3834; x_wconf 89' lang='lat' dir='ltr'><strong>vir</strong></span> <span class='ocrx_word' id='word_1_635' title='bbox 2717 3779 2808 3834; x_wconf 86' lang='lat' dir='ltr'><strong>ille</strong></span> <span class='ocrx_word' id='word_1_636' title='bbox 2841 3787 3065 3835; x_wconf 86' lang='lat' dir='ltr'><strong>sanctus</strong></span> <span class='ocrx_word' id='word_1_637' title='bbox 3090 3778 3269 3834; x_wconf 86' lang='lat' dir='ltr'><strong>aiebat</strong></span> <span class='ocrx_word' id='word_1_638' title='bbox 3289 3817 3305 3842; x_wconf 87' lang='lat'><strong>,</strong></span> <span class='ocrx_word' id='word_1_639' title='bbox 3343 3778 3420 3832; x_wconf 87' lang='lat' dir='ltr'><strong>sis</strong></span> <span class='ocrx_word' id='word_1_640' title='bbox 3445 3778 3690 3833; x_wconf 76' lang='lat' dir='ltr'><strong>omniurn</strong></span> 
     </span>
    </p>
   </div>
   <div class='ocr_carea' id='block_1_83' title="bbox 2102 3866 3690 3938">
    <p class='ocr_par' dir='ltr' id='par_1_83' title="bbox 2102 3866 3690 3938">
     <span class='ocr_line' id='line_1_83' title="bbox 2102 3866 3690 3938; baseline -0.003 -16"><span class='ocrx_word' id='word_1_641' title='bbox 2102 3869 2529 3938; x_wconf 84' lang='lat' dir='ltr'><strong>abjectissimus.</strong></span> <span class='ocrx_word' id='word_1_642' title='bbox 2571 3866 2823 3922; x_wconf 87' lang='lat' dir='ltr'><strong>Secunda</strong></span> <span class='ocrx_word' id='word_1_643' title='bbox 2853 3866 3132 3921; x_wconf 87' lang='lat' dir='ltr'><strong>humilitas</strong></span> <span class='ocrx_word' id='word_1_644' title='bbox 3161 3874 3266 3930; x_wconf 87' lang='lat' dir='ltr'><strong>cst,</strong></span> <span class='ocrx_word' id='word_1_645' title='bbox 3306 3866 3512 3934; x_wconf 82' lang='lat' dir='ltr'><strong>quaevis</strong></span> <span class='ocrx_word' id='word_1_646' title='bbox 3541 3874 3690 3920; x_wconf 87' lang='lat' dir='ltr'><strong>recta</strong></span> 
     </span>
    </p>
   </div>
   <div class='ocr_carea' id='block_1_84' title="bbox 2099 3955 3686 4034">
    <p class='ocr_par' dir='ltr' id='par_1_84' title="bbox 2099 3955 3686 4034">
     <span class='ocr_line' id='line_1_84' title="bbox 2099 3955 3686 4034; baseline -0.006 -16"><span class='ocrx_word' id='word_1_647' title='bbox 2099 3977 2264 4034; x_wconf 88' lang='lat' dir='ltr'><strong>opera</strong></span> <span class='ocrx_word' id='word_1_648' title='bbox 2313 3961 2427 4017; x_wconf 84' lang='lat' dir='ltr'><strong>Deo</strong></span> <span class='ocrx_word' id='word_1_649' title='bbox 2477 3961 2758 4016; x_wconf 89' lang='lat' dir='ltr'><strong>ascribere</strong></span> <span class='ocrx_word' id='word_1_650' title='bbox 2803 3978 2817 4014; x_wconf 90' lang='lat'><strong>:</strong></span> <span class='ocrx_word' id='word_1_651' title='bbox 2850 3968 2905 4014; x_wconf 88' lang='lat' dir='ltr'><strong>et</strong></span> <span class='ocrx_word' id='word_1_652' title='bbox 2943 3960 3058 4013; x_wconf 63' lang='lat' dir='ltr'><strong>hac</strong></span> <span class='ocrx_word' id='word_1_653' title='bbox 3094 3955 3332 4028; x_wconf 74' lang='lat' dir='ltr'><strong>perfecta</strong></span> <span class='ocrx_word' id='word_1_654' title='bbox 3371 3963 3686 4012; x_wconf 81' lang='lat' dir='ltr'><strong>sanctorum</strong></span> 
     </span>
    </p>
   </div>
   <div class='ocr_carea' id='block_1_85' title="bbox 2101 4045 3690 4121">
    <p class='ocr_par' dir='ltr' id='par_1_85' title="bbox 2101 4045 3690 4121">
     <span class='ocr_line' id='line_1_85' title="bbox 2101 4045 3690 4121; baseline -0.005 -13"><span class='ocrx_word' id='word_1_655' title='bbox 2101 4052 2400 4108; x_wconf 77' lang='lat' dir='ltr'><strong>humilitas.</strong></span> <span class='ocrx_word' id='word_1_656' title='bbox 2454 4051 2586 4118; x_wconf 58' lang='lat' dir='ltr'><strong>Quae</strong></span> <span class='ocrx_word' id='word_1_657' title='bbox 2635 4051 2855 4121; x_wconf 87' lang='lat' dir='ltr'><strong>quidem</strong></span> <span class='ocrx_word' id='word_1_658' title='bbox 2900 4048 3168 4104; x_wconf 85' lang='lat' dir='ltr'><strong>naturalis</strong></span> <span class='ocrx_word' id='word_1_659' title='bbox 3221 4047 3484 4102; x_wconf 91' lang='lat' dir='ltr'><strong>inanima</strong></span> <span class='ocrx_word' id='word_1_660' title='bbox 3534 4045 3595 4100; x_wconf 83' lang='lat' dir='ltr'><strong>ﬁt</strong></span> <span class='ocrx_word' id='word_1_661' title='bbox 3634 4056 3690 4101; x_wconf 90' lang='lat' dir='ltr'><strong>et</strong></span> 
     </span>
    </p>
   </div>
   <div class='ocr_carea' id='block_1_86' title="bbox 2097 4135 3688 4214">
    <p class='ocr_par' dir='ltr' id='par_1_86' title="bbox 2097 4135 3688 4214">
     <span class='ocr_line' id='line_1_86' title="bbox 2097 4135 3688 4214; baseline -0.008 -15"><span class='ocrx_word' id='word_1_662' title='bbox 2097 4152 2390 4214; x_wconf 76' lang='lat' dir='ltr'><strong>generatur</strong></span> <span class='ocrx_word' id='word_1_663' title='bbox 2411 4158 2474 4198; x_wconf 76' lang='lat' dir='ltr'><strong>ex</strong></span> <span class='ocrx_word' id='word_1_664' title='bbox 2502 4140 2850 4197; x_wconf 86' lang='lat' dir='ltr'><strong>observantia</strong></span> <span class='ocrx_word' id='word_1_665' title='bbox 2886 4138 3267 4194; x_wconf 87' lang='lat' dir='ltr'><strong>mandatorum</strong></span> <span class='ocrx_word' id='word_1_666' title='bbox 3298 4137 3410 4192; x_wconf 88' lang='lat' dir='ltr'><strong>Dei.</strong></span> <span class='ocrx_word' id='word_1_667' title='bbox 3443 4135 3514 4191; x_wconf 90' lang='lat' dir='ltr'><strong>Ut</strong></span> <span class='ocrx_word' id='word_1_668' title='bbox 3543 4137 3688 4190; x_wconf 86' lang='lat' dir='ltr'><strong>enim</strong></span> 
     </span>
    </p>
   </div>
   <div class='ocr_carea' id='block_1_87' title="bbox 2096 4228 3690 4294">
    <p class='ocr_par' dir='ltr' id='par_1_87' title="bbox 2096 4228 3690 4294">
     <span class='ocr_line' id='line_1_87' title="bbox 2096 4228 3690 4294; baseline -0.005 -4"><span class='ocrx_word' id='word_1_669' title='bbox 2096 4236 2323 4291; x_wconf 86' lang='lat' dir='ltr'><strong>arbores</strong></span> <span class='ocrx_word' id='word_1_670' title='bbox 2351 4250 2476 4290; x_wconf 91' lang='lat' dir='ltr'><strong>cum</strong></span> <span class='ocrx_word' id='word_1_671' title='bbox 2514 4234 2688 4289; x_wconf 88' lang='lat' dir='ltr'><strong>multo</strong></span> <span class='ocrx_word' id='word_1_672' title='bbox 2719 4232 2899 4287; x_wconf 81' lang='lat' dir='ltr'><strong>fructu</strong></span> <span class='ocrx_word' id='word_1_673' title='bbox 2929 4239 3142 4286; x_wconf 71' lang='lat' dir='ltr'><strong>onustae</strong></span> <span class='ocrx_word' id='word_1_674' title='bbox 3171 4228 3396 4294; x_wconf 82' lang='lat' dir='ltr'><strong>fuerint,</strong></span> <span class='ocrx_word' id='word_1_675' title='bbox 3427 4228 3690 4283; x_wconf 87' lang='lat' dir='ltr'><strong>inclinant</strong></span> 
     </span>
    </p>
   </div>
   <div class='ocr_carea' id='block_1_88' title="bbox 2097 4321 3687 4398">
    <p class='ocr_par' dir='ltr' id='par_1_88' title="bbox 2097 4321 3687 4398">
     <span class='ocr_line' id='line_1_88' title="bbox 2097 4321 3687 4398; baseline -0.006 -14"><span class='ocrx_word' id='word_1_676' title='bbox 2097 4345 2284 4386; x_wconf 91' lang='lat' dir='ltr'><strong>ramos</strong></span> <span class='ocrx_word' id='word_1_677' title='bbox 2315 4336 2368 4384; x_wconf 87' lang='lat' dir='ltr'><strong>et</strong></span> <span class='ocrx_word' id='word_1_678' title='bbox 2404 4344 2500 4384; x_wconf 92' lang='lat' dir='ltr'><strong>eos</strong></span> <span class='ocrx_word' id='word_1_679' title='bbox 2539 4328 2866 4398; x_wconf 88' lang='lat' dir='ltr'><strong>plerumque</strong></span> <span class='ocrx_word' id='word_1_680' title='bbox 2901 4324 3162 4396; x_wconf 78' lang='lat' dir='ltr'><strong>frangunt</strong></span> <span class='ocrx_word' id='word_1_681' title='bbox 3193 4341 3207 4378; x_wconf 89' lang='lat'><strong>:</strong></span> <span class='ocrx_word' id='word_1_682' title='bbox 3242 4321 3334 4393; x_wconf 94' lang='lat' dir='ltr'><strong>qui</strong></span> <span class='ocrx_word' id='word_1_683' title='bbox 3373 4331 3554 4377; x_wconf 82' lang='lat' dir='ltr'><strong>autem</strong></span> <span class='ocrx_word' id='word_1_684' title='bbox 3595 4336 3687 4375; x_wconf 81' lang='lat' dir='ltr'><strong>ra-</strong></span> 
     </span>
    </p>
   </div>
   <div class='ocr_carea' id='block_1_89' title="bbox 2095 4413 3686 4481">
    <p class='ocr_par' dir='ltr' id='par_1_89' title="bbox 2095 4413 3686 4481">
     <span class='ocr_line' id='line_1_89' title="bbox 2095 4413 3686 4481; baseline -0.007 -5"><span class='ocrx_word' id='word_1_685' title='bbox 2095 4436 2221 4477; x_wconf 88' lang='lat' dir='ltr'><strong>mus</strong></span> <span class='ocrx_word' id='word_1_686' title='bbox 2273 4419 2483 4475; x_wconf 88' lang='lat' dir='ltr'><strong>nullum</strong></span> <span class='ocrx_word' id='word_1_687' title='bbox 2524 4418 2690 4474; x_wconf 89' lang='lat' dir='ltr'><strong>habet</strong></span> <span class='ocrx_word' id='word_1_688' title='bbox 2737 4416 3017 4481; x_wconf 81' lang='lat' dir='ltr'><strong>fructum,</strong></span> <span class='ocrx_word' id='word_1_689' title='bbox 3067 4414 3336 4468; x_wconf 87' lang='lat' dir='ltr'><strong>attollitur</strong></span> <span class='ocrx_word' id='word_1_690' title='bbox 3374 4413 3427 4468; x_wconf 90' lang='lat' dir='ltr'><strong>in</strong></span> <span class='ocrx_word' id='word_1_691' title='bbox 3477 4415 3644 4469; x_wconf 89' lang='lat' dir='ltr'><strong>altum</strong></span> <span class='ocrx_word' id='word_1_692' title='bbox 3671 4452 3686 4477; x_wconf 88' lang='lat'><strong>,</strong></span> 
     </span>
    </p>
   </div>
   <div class='ocr_carea' id='block_1_90' title="bbox 399 4482 1997 4582">
    <p class='ocr_par' dir='ltr' id='par_1_90' title="bbox 399 4500 1990 4576">
     <span class='ocr_line' id='line_1_90' title="bbox 399 4500 1990 4576; baseline -0.003 -16"><span class='ocrx_word' id='word_1_693' title='bbox 399 4509 432 4560; x_wconf 88' lang='lat'><strong>6</strong></span> <span class='ocrx_word' id='word_1_694' title='bbox 466 4505 541 4576; x_wconf 82' lang='grc' dir='ltr'>μὴ</span> <span class='ocrx_word' id='word_1_695' title='bbox 567 4504 855 4575; x_wconf 78' lang='grc' dir='ltr'>βαστάζων</span> <span class='ocrx_word' id='word_1_696' title='bbox 883 4503 1120 4574; x_wconf 82' lang='grc' dir='ltr'>καρπὸν,</span> <span class='ocrx_word' id='word_1_697' title='bbox 1154 4500 1386 4572; x_wconf 76' lang='grc' dir='ltr'>ὑψοῦται</span> <span class='ocrx_word' id='word_1_698' title='bbox 1425 4502 1540 4556; x_wconf 79' lang='grc' dir='ltr'><strong>ἄνω</strong></span> <span class='ocrx_word' id='word_1_699' title='bbox 1576 4501 1674 4555; x_wconf 75' lang='grc' dir='ltr'><strong>καὶ</strong></span> <span class='ocrx_word' id='word_1_700' title='bbox 1702 4501 1990 4573; x_wconf 82' lang='grc' dir='ltr'>ἀνέρχεται</span> 
     </span>
    </p>
   </div>
   <div class='ocr_carea' id='block_1_91' title="bbox 2103 4482 3690 4582">
    <p class='ocr_par' dir='ltr' id='par_1_91' title="bbox 2103 4505 3690 4582">
     <span class='ocr_line' id='line_1_91' title="bbox 2103 4505 3690 4582; baseline -0.006 -13"><span class='ocrx_word' id='word_1_701' title='bbox 2103 4522 2148 4569; x_wconf 82' lang='lat' dir='ltr'><strong>et</strong></span> <span class='ocrx_word' id='word_1_702' title='bbox 2177 4521 2358 4569; x_wconf 88' lang='lat' dir='ltr'><strong>rectus</strong></span> <span class='ocrx_word' id='word_1_703' title='bbox 2381 4511 2620 4582; x_wconf 88' lang='lat' dir='ltr'><strong>assurgit</strong></span> <span class='ocrx_word' id='word_1_704' title='bbox 2657 4527 2671 4565; x_wconf 90' lang='lat'><strong>:</strong></span> <span class='ocrx_word' id='word_1_705' title='bbox 2729 4509 2776 4566; x_wconf 92' lang='lat' dir='ltr'><strong>si</strong></span> <span class='ocrx_word' id='word_1_706' title='bbox 2806 4518 2988 4564; x_wconf 88' lang='lat' dir='ltr'><strong>autem</strong></span> <span class='ocrx_word' id='word_1_707' title='bbox 3023 4507 3164 4578; x_wconf 88' lang='lat' dir='ltr'><strong>lapis</strong></span> <span class='ocrx_word' id='word_1_708' title='bbox 3194 4505 3536 4577; x_wconf 89' lang='lat' dir='ltr'><strong>appendatur</strong></span> <span class='ocrx_word' id='word_1_709' title='bbox 3559 4548 3576 4572; x_wconf 97' lang='lat'><strong>,</strong></span> <span class='ocrx_word' id='word_1_710' title='bbox 3607 4505 3690 4560; x_wconf 84' lang='lat' dir='ltr'><strong>in-</strong></span> 
     </span>
    </p>
   </div>
   <div class='ocr_carea' id='block_1_92' title="bbox 399 4593 1993 4672">
    <p class='ocr_par' dir='ltr' id='par_1_92' title="bbox 399 4593 1993 4672">
     <span class='ocr_line' id='line_1_92' title="bbox 399 4593 1993 4672; baseline -0.001 -22"><span class='ocrx_word' id='word_1_711' title='bbox 399 4597 584 4668; x_wconf 75' lang='grc' dir='ltr'>ὸρθόςο</span> <span class='ocrx_word' id='word_1_712' title='bbox 610 4597 718 4650; x_wconf 75' lang='grc' dir='ltr'>εἰσὶ</span> <span class='ocrx_word' id='word_1_713' title='bbox 745 4595 802 4648; x_wconf 84' lang='grc' dir='ltr'><strong>δέ</strong></span> <span class='ocrx_word' id='word_1_714' title='bbox 825 4613 947 4650; x_wconf 89' lang='grc' dir='ltr'>τινα</span> <span class='ocrx_word' id='word_1_715' title='bbox 967 4593 1076 4647; x_wconf 85' lang='grc' dir='ltr'>τῶν</span> <span class='ocrx_word' id='word_1_716' title='bbox 1103 4593 1354 4664; x_wconf 81' lang='grc' dir='ltr'>δένδρων,</span> <span class='ocrx_word' id='word_1_717' title='bbox 1381 4593 1482 4672; x_wconf 59' lang='grc' dir='ltr'><strong>¹καί.</strong></span> <span class='ocrx_word' id='word_1_718' title='bbox 1507 4593 1593 4662; x_wconf 83' lang='grc' dir='ltr'>ἐφ’</span> <span class='ocrx_word' id='word_1_719' title='bbox 1618 4593 1742 4646; x_wconf 82' lang='grc' dir='ltr'>ὅσον</span> <span class='ocrx_word' id='word_1_720' title='bbox 1769 4595 1868 4665; x_wconf 84' lang='grc' dir='ltr'>μὲν</span> <span class='ocrx_word' id='word_1_721' title='bbox 1899 4595 1993 4648; x_wconf 85' lang='grc' dir='ltr'><strong>ἀν-</strong></span> 
     </span>
    </p>
   </div>
   <div class='ocr_carea' id='block_1_93' title="bbox 403 4683 1988 4760">
    <p class='ocr_par' dir='ltr' id='par_1_93' title="bbox 403 4683 1988 4760">
     <span class='ocr_line' id='line_1_93' title="bbox 403 4683 1988 4760; baseline -0.003 -17"><span class='ocrx_word' id='word_1_722' title='bbox 403 4690 626 4760; x_wconf 82' lang='grc' dir='ltr'>έρχεται</span> <span class='ocrx_word' id='word_1_723' title='bbox 650 4690 680 4743; x_wconf 87' lang='lat'><strong>6</strong></span> <span class='ocrx_word' id='word_1_724' title='bbox 713 4688 907 4751; x_wconf 87' lang='grc' dir='ltr'>κλάδος</span> <span class='ocrx_word' id='word_1_725' title='bbox 949 4684 1130 4740; x_wconf 82' lang='grc' dir='ltr'>αὐτῶν</span> <span class='ocrx_word' id='word_1_726' title='bbox 1160 4684 1294 4749; x_wconf 77' lang='grc' dir='ltr'>ἄνω,</span> <span class='ocrx_word' id='word_1_727' title='bbox 1335 4685 1398 4738; x_wconf 85' lang='grc' dir='ltr'><strong>οὐ</strong></span> <span class='ocrx_word' id='word_1_728' title='bbox 1441 4683 1706 4754; x_wconf 75' lang='grc' dir='ltr'>βαστάζει</span> <span class='ocrx_word' id='word_1_729' title='bbox 1753 4685 1988 4758; x_wconf 84' lang='grc' dir='ltr'>καρπόν·</span> 
     </span>
    </p>
   </div>
   <div class='ocr_carea' id='block_1_94' title="bbox 401 4775 1992 4851">
    <p class='ocr_par' dir='ltr' id='par_1_94' title="bbox 401 4775 1992 4851">
     <span class='ocr_line' id='line_1_94' title="bbox 401 4775 1992 4851; baseline -0.004 -15"><span class='ocrx_word' id='word_1_730' title='bbox 401 4781 501 4836; x_wconf 76' lang='grc' dir='ltr'>ἐὰν</span> <span class='ocrx_word' id='word_1_731' title='bbox 542 4782 599 4835; x_wconf 82' lang='grc' dir='ltr'>δὲ</span> <span class='ocrx_word' id='word_1_732' title='bbox 638 4779 780 4851; x_wconf 78' lang='grc' dir='ltr'>λάϐῃ</span> <span class='ocrx_word' id='word_1_733' title='bbox 823 4797 908 4842; x_wconf 87' lang='grc' dir='ltr'><strong>τις</strong></span> <span class='ocrx_word' id='word_1_734' title='bbox 954 4778 1104 4832; x_wconf 83' lang='grc' dir='ltr'>λίθον</span> <span class='ocrx_word' id='word_1_735' title='bbox 1145 4777 1239 4830; x_wconf 78' lang='grc' dir='ltr'>καὶ</span> <span class='ocrx_word' id='word_1_736' title='bbox 1284 4777 1540 4847; x_wconf 77' lang='grc' dir='ltr'>κρεμάσῃ</span> <span class='ocrx_word' id='word_1_737' title='bbox 1588 4775 1753 4829; x_wconf 76' lang='grc' dir='ltr'>αὑτὸν</span> <span class='ocrx_word' id='word_1_738' title='bbox 1798 4778 1877 4838; x_wconf 77' lang='grc' dir='ltr'><strong>εἰς</strong></span> <span class='ocrx_word' id='word_1_739' title='bbox 1902 4776 1992 4830; x_wconf 85' lang='grc' dir='ltr'>τὸν</span> 
     </span>
    </p>
   </div>
   <div class='ocr_carea' id='block_1_95' title="bbox 401 4865 1987 4938">
    <p class='ocr_par' dir='ltr' id='par_1_95' title="bbox 401 4865 1987 4938">
     <span class='ocr_line' id='line_1_95' title="bbox 401 4865 1987 4938; baseline -0.004 -12"><span class='ocrx_word' id='word_1_740' title='bbox 401 4871 618 4936; x_wconf 80' lang='grc' dir='ltr'>κλάδον,</span> <span class='ocrx_word' id='word_1_741' title='bbox 647 4873 742 4925; x_wconf 76' lang='grc' dir='ltr'><strong>καὶ</strong></span> <span class='ocrx_word' id='word_1_742' title='bbox 763 4869 1093 4938; x_wconf 80' lang='grc' dir='ltr'>κατασπάσῃ</span> <span class='ocrx_word' id='word_1_743' title='bbox 1122 4867 1283 4921; x_wconf 79' lang='grc' dir='ltr'>αὑτὸν</span> <span class='ocrx_word' id='word_1_744' title='bbox 1313 4867 1488 4932; x_wconf 84' lang='grc' dir='ltr'>κάτω,</span> <span class='ocrx_word' id='word_1_745' title='bbox 1522 4865 1646 4918; x_wconf 80' lang='grc' dir='ltr'>τότε</span> <span class='ocrx_word' id='word_1_746' title='bbox 1675 4869 1822 4919; x_wconf 83' lang='grc' dir='ltr'>ποιεῖ</span> <span class='ocrx_word' id='word_1_747' title='bbox 1850 4884 1987 4938; x_wconf 88' lang='grc' dir='ltr'>καρ-</span> 
     </span>
    </p>
   </div>
   <div class='ocr_carea' id='block_1_96' title="bbox 401 4957 1988 5030">
    <p class='ocr_par' dir='ltr' id='par_1_96' title="bbox 401 4957 1988 5030">
     <span class='ocr_line' id='line_1_96' title="bbox 401 4957 1988 5030; baseline -0.004 -13"><span class='ocrx_word' id='word_1_748' title='bbox 401 4964 522 5018; x_wconf 75' lang='grc' dir='ltr'>πόνο</span> <span class='ocrx_word' id='word_1_749' title='bbox 555 4961 728 5025; x_wconf 73' lang='grc' dir='ltr'>οὕτως</span> <span class='ocrx_word' id='word_1_750' title='bbox 763 4961 879 5015; x_wconf 74' lang='grc' dir='ltr'>ἐστὶ</span> <span class='ocrx_word' id='word_1_751' title='bbox 904 4962 1000 5014; x_wconf 71' lang='grc' dir='ltr'><strong>καὶ</strong></span> <span class='ocrx_word' id='word_1_752' title='bbox 1039 4960 1261 5030; x_wconf 44' lang='lat' dir='ltr'><strong>Mum.</strong></span> <span class='ocrx_word' id='word_1_753' title='bbox 1298 4957 1426 5011; x_wconf 83' lang='grc' dir='ltr'>ὅταν</span> <span class='ocrx_word' id='word_1_754' title='bbox 1457 4957 1834 5023; x_wconf 73' lang='grc' dir='ltr'>ταπεινοῦται,</span> <span class='ocrx_word' id='word_1_755' title='bbox 1867 4959 1988 5011; x_wconf 82' lang='grc' dir='ltr'>τότε</span> 
     </span>
    </p>
   </div>
   <div class='ocr_carea' id='block_1_97' title="bbox 398 5049 1987 5127">
    <p class='ocr_par' dir='ltr' id='par_1_97' title="bbox 398 5049 1987 5127">
     <span class='ocr_line' id='line_1_97' title="bbox 398 5049 1987 5127; baseline -0.004 -16"><span class='ocrx_word' id='word_1_756' title='bbox 398 5057 616 5127; x_wconf 79' lang='grc' dir='ltr'>καρπὸν</span> <span class='ocrx_word' id='word_1_757' title='bbox 646 5057 824 5125; x_wconf 85' lang='grc' dir='ltr'>φέρει,</span> <span class='ocrx_word' id='word_1_758' title='bbox 865 5053 960 5107; x_wconf 76' lang='grc' dir='ltr'><strong>καὶ</strong></span> <span class='ocrx_word' id='word_1_759' title='bbox 993 5054 1118 5106; x_wconf 81' lang='grc' dir='ltr'>ὅσον</span> <span class='ocrx_word' id='word_1_760' title='bbox 1155 5053 1301 5105; x_wconf 83' lang='grc' dir='ltr'>ποιεῖ</span> <span class='ocrx_word' id='word_1_761' title='bbox 1332 5049 1568 5123; x_wconf 82' lang='grc' dir='ltr'>καρπὸν,</span> <span class='ocrx_word' id='word_1_762' title='bbox 1601 5049 1858 5104; x_wconf 89' lang='grc' dir='ltr'>τοσοῦτον</span> <span class='ocrx_word' id='word_1_763' title='bbox 1889 5069 1987 5104; x_wconf 89' lang='grc' dir='ltr'>τα-</span> 
     </span>
    </p>
   </div>
   <div class='ocr_carea' id='block_1_98' title="bbox 400 5140 1987 5214">
    <p class='ocr_par' dir='ltr' id='par_1_98' title="bbox 400 5140 1987 5214">
     <span class='ocr_line' id='line_1_98' title="bbox 400 5140 1987 5214; baseline -0.003 -14"><span class='ocrx_word' id='word_1_764' title='bbox 400 5147 702 5200; x_wconf 84' lang='grc' dir='ltr'>πεινοῦται.</span> <span class='ocrx_word' id='word_1_765' title='bbox 730 5146 841 5202; x_wconf 76' lang='grc' dir='ltr'>Καὶ</span> <span class='ocrx_word' id='word_1_766' title='bbox 862 5145 986 5198; x_wconf 84' lang='grc' dir='ltr'>ὅσον</span> <span class='ocrx_word' id='word_1_767' title='bbox 1016 5144 1125 5214; x_wconf 85' lang='grc' dir='ltr'><strong>γὰρ</strong></span> <span class='ocrx_word' id='word_1_768' title='bbox 1152 5141 1464 5210; x_wconf 76' lang='grc' dir='ltr'>ἐγγίζουσιν</span> <span class='ocrx_word' id='word_1_769' title='bbox 1489 5140 1539 5194; x_wconf 86' lang='grc' dir='ltr'><strong>οί</strong></span> <span class='ocrx_word' id='word_1_770' title='bbox 1571 5140 1717 5210; x_wconf 76' lang='grc' dir='ltr'>ἅγιοι</span> <span class='ocrx_word' id='word_1_771' title='bbox 1745 5143 1824 5214; x_wconf 79' lang='grc' dir='ltr'>τῷ</span> <span class='ocrx_word' id='word_1_772' title='bbox 1847 5142 1987 5214; x_wconf 87' lang='grc' dir='ltr'><strong>Θεῷ,</strong></span> 
     </span>
    </p>
   </div>
   <div class='ocr_carea' id='block_1_99' title="bbox 398 5229 1990 5306">
    <p class='ocr_par' dir='ltr' id='par_1_99' title="bbox 398 5229 1990 5306">
     <span class='ocr_line' id='line_1_99' title="bbox 398 5229 1990 5306; baseline -0.002 -18"><span class='ocrx_word' id='word_1_773' title='bbox 398 5235 656 5290; x_wconf 85' lang='grc' dir='ltr'>τοσοῦτον</span> <span class='ocrx_word' id='word_1_774' title='bbox 692 5235 982 5306; x_wconf 79' lang='grc' dir='ltr'>βλέπουσιν</span> <span class='ocrx_word' id='word_1_775' title='bbox 1011 5234 1237 5298; x_wconf 79' lang='grc' dir='ltr'>ἑαυτοὺς</span> <span class='ocrx_word' id='word_1_776' title='bbox 1272 5229 1652 5303; x_wconf 80' lang='grc' dir='ltr'>ἁμαρτωλούς.</span> <span class='ocrx_word' id='word_1_777' title='bbox 1684 5229 1990 5304; x_wconf 80' lang='grc' dir='ltr'>Μέμνημαι</span> 
     </span>
    </p>
   </div>
   <div class='ocr_carea' id='block_1_100' title="bbox 398 5323 1987 5398">
    <p class='ocr_par' dir='ltr' id='par_1_100' title="bbox 398 5323 1987 5398">
     <span class='ocr_line' id='line_1_100' title="bbox 398 5323 1987 5398; baseline -0.001 -18"><span class='ocrx_word' id='word_1_778' title='bbox 398 5328 484 5380; x_wconf 81' lang='grc' dir='ltr'><strong>ὅτι</strong></span> <span class='ocrx_word' id='word_1_779' title='bbox 512 5327 811 5398; x_wconf 71' lang='grc' dir='ltr'>ἐλαλοῦμεν</span> <span class='ocrx_word' id='word_1_780' title='bbox 844 5343 972 5380; x_wconf 88' lang='grc' dir='ltr'>ποτε</span> <span class='ocrx_word' id='word_1_781' title='bbox 1007 5326 1138 5398; x_wconf 76' lang='grc' dir='ltr'>περὶ</span> <span class='ocrx_word' id='word_1_782' title='bbox 1181 5323 1586 5389; x_wconf 83' lang='grc' dir='ltr'>ταπεινώσεως,</span> <span class='ocrx_word' id='word_1_783' title='bbox 1624 5328 1720 5377; x_wconf 81' lang='grc' dir='ltr'><strong>καί</strong></span> <span class='ocrx_word' id='word_1_784' title='bbox 1753 5344 1834 5391; x_wconf 84' lang='grc' dir='ltr'><strong>τις</strong></span> <span class='ocrx_word' id='word_1_785' title='bbox 1878 5325 1987 5378; x_wconf 81' lang='grc' dir='ltr'><strong>τῶν</strong></span> 
     </span>
    </p>
   </div>
   <div class='ocr_carea' id='block_1_101' title="bbox 398 5416 1983 5492">
    <p class='ocr_par' dir='ltr' id='par_1_101' title="bbox 398 5416 1983 5492">
     <span class='ocr_line' id='line_1_101' title="bbox 398 5416 1983 5492; baseline -0.001 -19"><span class='ocrx_word' id='word_1_786' title='bbox 398 5420 670 5492; x_wconf 80' lang='grc' dir='ltr'>λαμπρῶν</span> <span class='ocrx_word' id='word_1_787' title='bbox 700 5419 878 5490; x_wconf 76' lang='grc' dir='ltr'>Γάζης</span> <span class='ocrx_word' id='word_1_788' title='bbox 917 5419 1133 5474; x_wconf 84' lang='grc' dir='ltr'>ἁκούων</span> <span class='ocrx_word' id='word_1_789' title='bbox 1161 5416 1322 5488; x_wconf 81' lang='grc' dir='ltr'>ἡμῶν</span> <span class='ocrx_word' id='word_1_790' title='bbox 1366 5416 1635 5484; x_wconf 86' lang='grc' dir='ltr'>λεγόντων</span> <span class='ocrx_word' id='word_1_791' title='bbox 1665 5419 1826 5472; x_wconf 79' lang='grc' dir='ltr'>τοῦτο</span> <span class='ocrx_word' id='word_1_792' title='bbox 1846 5461 1861 5484; x_wconf 90' lang='grc'><strong>,</strong></span> <span class='ocrx_word' id='word_1_793' title='bbox 1900 5420 1983 5473; x_wconf 84' lang='grc' dir='ltr'><strong>ὅτι</strong></span> 
     </span>
    </p>
   </div>
   <div class='ocr_carea' id='block_1_102' title="bbox 397 5507 1977 5582">
    <p class='ocr_par' dir='ltr' id='par_1_102' title="bbox 397 5507 1977 5582">
     <span class='ocr_line' id='line_1_102' title="bbox 397 5507 1977 5582; baseline -0.001 -18"><span class='ocrx_word' id='word_1_794' title='bbox 397 5511 526 5568; x_wconf 82' lang='grc' dir='ltr'>ὅσον</span> <span class='ocrx_word' id='word_1_795' title='bbox 554 5511 766 5582; x_wconf 76' lang='grc' dir='ltr'>ἐγγίζει</span> <span class='ocrx_word' id='word_1_796' title='bbox 816 5529 898 5576; x_wconf 90' lang='grc' dir='ltr'><strong>τις</strong></span> <span class='ocrx_word' id='word_1_797' title='bbox 950 5511 1030 5582; x_wconf 83' lang='grc' dir='ltr'><strong>τῷ</strong></span> <span class='ocrx_word' id='word_1_798' title='bbox 1080 5509 1220 5582; x_wconf 82' lang='grc' dir='ltr'>Θεῷ,</span> <span class='ocrx_word' id='word_1_799' title='bbox 1261 5507 1518 5564; x_wconf 84' lang='grc' dir='ltr'>τοσοῦτον</span> <span class='ocrx_word' id='word_1_800' title='bbox 1567 5508 1977 5579; x_wconf 79' lang='grc' dir='ltr'>βλέπειέαυτδν</span> 
     </span>
    </p>
   </div>
   <div class='ocr_carea' id='block_1_103' title="bbox 2091 4598 3686 4676">
    <p class='ocr_par' dir='ltr' id='par_1_103' title="bbox 2091 4598 3686 4676">
     <span class='ocr_line' id='line_1_103' title="bbox 2091 4598 3686 4676; baseline -0.005 -16"><span class='ocrx_word' id='word_1_801' title='bbox 2091 4605 2440 4676; x_wconf 91' lang='lat' dir='ltr'><strong>clineturque</strong></span> <span class='ocrx_word' id='word_1_802' title='bbox 2479 4618 2550 4658; x_wconf 92' lang='lat' dir='ltr'><strong>ne</strong></span> <span class='ocrx_word' id='word_1_803' title='bbox 2589 4612 2772 4659; x_wconf 89' lang='lat' dir='ltr'><strong>rectus</strong></span> <span class='ocrx_word' id='word_1_804' title='bbox 2811 4609 3109 4672; x_wconf 88' lang='lat' dir='ltr'><strong>assurgat,</strong></span> <span class='ocrx_word' id='word_1_805' title='bbox 3145 4600 3290 4655; x_wconf 89' lang='lat' dir='ltr'><strong>illico</strong></span> <span class='ocrx_word' id='word_1_806' title='bbox 3321 4614 3478 4670; x_wconf 91' lang='lat' dir='ltr'><strong>poma</strong></span> <span class='ocrx_word' id='word_1_807' title='bbox 3507 4598 3686 4669; x_wconf 64' lang='lat' dir='ltr'><strong>parit:</strong></span> 
     </span>
    </p>
   </div>
   <div class='ocr_carea' id='block_1_104' title="bbox 2092 4686 3686 4756">
    <p class='ocr_par' dir='ltr' id='par_1_104' title="bbox 2092 4686 3686 4756">
     <span class='ocr_line' id='line_1_104' title="bbox 2092 4686 3686 4756; baseline -0.008 -5"><span class='ocrx_word' id='word_1_808' title='bbox 2092 4696 2174 4751; x_wconf 88' lang='lat' dir='ltr'><strong>sic</strong></span> <span class='ocrx_word' id='word_1_809' title='bbox 2206 4695 2388 4750; x_wconf 89' lang='lat' dir='ltr'><strong>anima</strong></span> <span class='ocrx_word' id='word_1_810' title='bbox 2427 4701 2614 4749; x_wconf 86' lang='lat' dir='ltr'><strong>nostra</strong></span> <span class='ocrx_word' id='word_1_811' title='bbox 2656 4693 2702 4749; x_wconf 89' lang='lat' dir='ltr'><strong>si</strong></span> <span class='ocrx_word' id='word_1_812' title='bbox 2731 4693 3069 4756; x_wconf 90' lang='lat' dir='ltr'><strong>bumilietur,</strong></span> <span class='ocrx_word' id='word_1_813' title='bbox 3099 4691 3282 4747; x_wconf 90' lang='lat' dir='ltr'><strong>statim</strong></span> <span class='ocrx_word' id='word_1_814' title='bbox 3317 4687 3528 4744; x_wconf 76' lang='lat' dir='ltr'><strong>fructus</strong></span> <span class='ocrx_word' id='word_1_815' title='bbox 3552 4686 3686 4752; x_wconf 85' lang='lat' dir='ltr'><strong>edit,</strong></span> 
     </span>
    </p>
   </div>
   <div class='ocr_carea' id='block_1_105' title="bbox 2094 4777 3688 4860">
    <p class='ocr_par' dir='ltr' id='par_1_105' title="bbox 2094 4777 3688 4860">
     <span class='ocr_line' id='line_1_105' title="bbox 2094 4777 3688 4860; baseline -0.008 -18"><span class='ocrx_word' id='word_1_816' title='bbox 2094 4795 2413 4860; x_wconf 81' lang='lat' dir='ltr'><strong>quantoque</strong></span> <span class='ocrx_word' id='word_1_817' title='bbox 2434 4785 2618 4856; x_wconf 88' lang='lat' dir='ltr'><strong>plures</strong></span> <span class='ocrx_word' id='word_1_818' title='bbox 2649 4783 2858 4840; x_wconf 85' lang='lat' dir='ltr'><strong>fructus</strong></span> <span class='ocrx_word' id='word_1_819' title='bbox 2887 4783 3151 4850; x_wconf 90' lang='lat' dir='ltr'><strong>attulerit,</strong></span> <span class='ocrx_word' id='word_1_820' title='bbox 3184 4790 3336 4836; x_wconf 88' lang='lat' dir='ltr'><strong>tanto</strong></span> <span class='ocrx_word' id='word_1_821' title='bbox 3370 4779 3544 4849; x_wconf 84' lang='lat' dir='ltr'><strong>magis</strong></span> <span class='ocrx_word' id='word_1_822' title='bbox 3584 4777 3688 4832; x_wconf 88' lang='lat' dir='ltr'><strong>hu-</strong></span> 
     </span>
    </p>
   </div>
   <div class='ocr_carea' id='block_1_106' title="bbox 2096 4870 3685 4946">
    <p class='ocr_par' dir='ltr' id='par_1_106' title="bbox 2096 4870 3685 4946">
     <span class='ocr_line' id='line_1_106' title="bbox 2096 4870 3685 4946; baseline -0.006 -12"><span class='ocrx_word' id='word_1_823' title='bbox 2096 4881 2356 4934; x_wconf 83' lang='lat' dir='ltr'><strong>tniliatur.</strong></span> <span class='ocrx_word' id='word_1_824' title='bbox 2391 4876 2527 4932; x_wconf 85' lang='lat' dir='ltr'><strong>Nam</strong></span> <span class='ocrx_word' id='word_1_825' title='bbox 2555 4878 2660 4932; x_wconf 84' lang='lat' dir='ltr'><strong>viri</strong></span> <span class='ocrx_word' id='word_1_826' title='bbox 2701 4876 2876 4933; x_wconf 89' lang='lat' dir='ltr'><strong>sancti</strong></span> <span class='ocrx_word' id='word_1_827' title='bbox 2909 4881 3123 4946; x_wconf 89' lang='lat' dir='ltr'><strong>quanto</strong></span> <span class='ocrx_word' id='word_1_828' title='bbox 3161 4873 3229 4929; x_wconf 89' lang='lat' dir='ltr'><strong>ad</strong></span> <span class='ocrx_word' id='word_1_829' title='bbox 3265 4873 3434 4927; x_wconf 87' lang='lat' dir='ltr'><strong>Deum</strong></span> <span class='ocrx_word' id='word_1_830' title='bbox 3463 4870 3685 4940; x_wconf 90' lang='lat' dir='ltr'><strong>propius</strong></span> 
     </span>
    </p>
   </div>
   <div class='ocr_carea' id='block_1_107' title="bbox 2093 4961 3684 5040">
    <p class='ocr_par' dir='ltr' id='par_1_107' title="bbox 2093 4961 3684 5040">
     <span class='ocr_line' id='line_1_107' title="bbox 2093 4961 3684 5040; baseline -0.008 -13"><span class='ocrx_word' id='word_1_831' title='bbox 2093 4971 2428 5028; x_wconf 84' lang='lat' dir='ltr'><strong>accesserint</strong></span> <span class='ocrx_word' id='word_1_832' title='bbox 2451 5013 2468 5038; x_wconf 91' lang='lat'><strong>,</strong></span> <span class='ocrx_word' id='word_1_833' title='bbox 2498 4978 2653 5025; x_wconf 86' lang='lat' dir='ltr'><strong>tanto</strong></span> <span class='ocrx_word' id='word_1_834' title='bbox 2693 4985 2752 5026; x_wconf 87' lang='lat' dir='ltr'><strong>se</strong></span> <span class='ocrx_word' id='word_1_835' title='bbox 2785 4969 3089 5040; x_wconf 88' lang='lat' dir='ltr'><strong>iniquiores</strong></span> <span class='ocrx_word' id='word_1_836' title='bbox 3117 4973 3438 5038; x_wconf 81' lang='lat' dir='ltr'><strong>agnoscunt.</strong></span> <span class='ocrx_word' id='word_1_837' title='bbox 3466 4961 3684 5017; x_wconf 80' lang='lat' dir='ltr'><strong>Memini</strong></span> 
     </span>
    </p>
   </div>
   <div class='ocr_carea' id='block_1_108' title="bbox 2091 5053 3680 5131">
    <p class='ocr_par' dir='ltr' id='par_1_108' title="bbox 2091 5053 3680 5131">
     <span class='ocr_line' id='line_1_108' title="bbox 2091 5053 3680 5131; baseline -0.006 -15"><span class='ocrx_word' id='word_1_838' title='bbox 2091 5072 2297 5128; x_wconf 90' lang='lat' dir='ltr'><strong>autem,</strong></span> <span class='ocrx_word' id='word_1_839' title='bbox 2321 5077 2447 5117; x_wconf 92' lang='lat' dir='ltr'><strong>cum</strong></span> <span class='ocrx_word' id='word_1_840' title='bbox 2474 5061 2826 5131; x_wconf 91' lang='lat' dir='ltr'><strong>loqueremur</strong></span> <span class='ocrx_word' id='word_1_841' title='bbox 2856 5058 3150 5130; x_wconf 89' lang='lat' dir='ltr'><strong>aliquando</strong></span> <span class='ocrx_word' id='word_1_842' title='bbox 3178 5057 3246 5112; x_wconf 90' lang='lat' dir='ltr'><strong>de</strong></span> <span class='ocrx_word' id='word_1_843' title='bbox 3276 5053 3601 5116; x_wconf 86' lang='lat' dir='ltr'><strong>humilitate,</strong></span> <span class='ocrx_word' id='word_1_844' title='bbox 3631 5062 3680 5107; x_wconf 87' lang='lat' dir='ltr'><strong>et</strong></span> 
     </span>
    </p>
   </div>
   <div class='ocr_carea' id='block_1_109' title="bbox 2101 5141 3684 5222">
    <p class='ocr_par' dir='ltr' id='par_1_109' title="bbox 2101 5141 3684 5222">
     <span class='ocr_line' id='line_1_109' title="bbox 2101 5141 3684 5222; baseline -0.006 -17"><span class='ocrx_word' id='word_1_845' title='bbox 2101 5151 2325 5222; x_wconf 86' lang='lat' dir='ltr'><strong>quidam</strong></span> <span class='ocrx_word' id='word_1_846' title='bbox 2381 5164 2447 5205; x_wconf 76' lang='lat' dir='ltr'><strong>ex</strong></span> <span class='ocrx_word' id='word_1_847' title='bbox 2493 5147 2656 5205; x_wconf 74' lang='lat' dir='ltr'><strong>Gaza:</strong></span> <span class='ocrx_word' id='word_1_848' title='bbox 2721 5149 3057 5220; x_wconf 87' lang='lat' dir='ltr'><strong>principibus</strong></span> <span class='ocrx_word' id='word_1_849' title='bbox 3114 5160 3216 5201; x_wconf 88' lang='lat' dir='ltr'><strong>nos</strong></span> <span class='ocrx_word' id='word_1_850' title='bbox 3274 5143 3488 5199; x_wconf 87' lang='lat' dir='ltr'><strong>audiret</strong></span> <span class='ocrx_word' id='word_1_851' title='bbox 3538 5141 3684 5198; x_wconf 91' lang='lat' dir='ltr'><strong>istud</strong></span> 
     </span>
    </p>
   </div>
   <div class='ocr_carea' id='block_1_110' title="bbox 2101 5234 3682 5312">
    <p class='ocr_par' dir='ltr' id='par_1_110' title="bbox 2101 5234 3682 5312">
     <span class='ocr_line' id='line_1_110' title="bbox 2101 5234 3682 5312; baseline -0.006 -15"><span class='ocrx_word' id='word_1_852' title='bbox 2101 5243 2280 5312; x_wconf 89' lang='lat' dir='ltr'><strong>ipsum</strong></span> <span class='ocrx_word' id='word_1_853' title='bbox 2309 5248 2648 5306; x_wconf 85' lang='lat' dir='ltr'><strong>asserentes,</strong></span> <span class='ocrx_word' id='word_1_854' title='bbox 2687 5240 3038 5311; x_wconf 87' lang='lat' dir='ltr'><strong>obstupuisse</strong></span> <span class='ocrx_word' id='word_1_855' title='bbox 3075 5253 3199 5293; x_wconf 91' lang='lat' dir='ltr'><strong>eum</strong></span> <span class='ocrx_word' id='word_1_856' title='bbox 3235 5245 3398 5307; x_wconf 90' lang='lat' dir='ltr'><strong>atque</strong></span> <span class='ocrx_word' id='word_1_857' title='bbox 3427 5234 3636 5289; x_wconf 76' lang='lat' dir='ltr'><strong>dixisse</strong></span> <span class='ocrx_word' id='word_1_858' title='bbox 3665 5273 3682 5299; x_wconf 94' lang='lat'><strong>,</strong></span> 
     </span>
    </p>
   </div>
   <div class='ocr_carea' id='block_1_111' title="bbox 2099 5327 3684 5404">
    <p class='ocr_par' dir='ltr' id='par_1_111' title="bbox 2099 5327 3684 5404">
     <span class='ocr_line' id='line_1_111' title="bbox 2099 5327 3684 5404; baseline -0.004 -16"><span class='ocrx_word' id='word_1_859' title='bbox 2099 5334 2205 5389; x_wconf 89' lang='lat' dir='ltr'><strong>hoc</strong></span> <span class='ocrx_word' id='word_1_860' title='bbox 2228 5332 2506 5403; x_wconf 88' lang='lat' dir='ltr'><strong>quomodo</strong></span> <span class='ocrx_word' id='word_1_861' title='bbox 2552 5333 2668 5390; x_wconf 84' lang='lat' dir='ltr'><strong>ﬁeri</strong></span> <span class='ocrx_word' id='word_1_862' title='bbox 2710 5344 2936 5404; x_wconf 86' lang='lat' dir='ltr'><strong>posset,</strong></span> <span class='ocrx_word' id='word_1_863' title='bbox 2976 5332 3230 5402; x_wconf 85' lang='lat' dir='ltr'><strong>ignorare</strong></span> <span class='ocrx_word' id='word_1_864' title='bbox 3275 5343 3431 5395; x_wconf 89' lang='lat' dir='ltr'><strong>sese;</strong></span> <span class='ocrx_word' id='word_1_865' title='bbox 3476 5327 3684 5382; x_wconf 77' lang='lat' dir='ltr'><strong>discere</strong></span> 
     </span>
    </p>
   </div>
   <div class='ocr_carea' id='block_1_112' title="bbox 2091 5415 3682 5493">
    <p class='ocr_par' dir='ltr' id='par_1_112' title="bbox 2091 5415 3682 5493">
     <span class='ocr_line' id='line_1_112' title="bbox 2091 5415 3682 5493; baseline -0.004 -17"><span class='ocrx_word' id='word_1_866' title='bbox 2091 5433 2274 5478; x_wconf 90' lang='lat' dir='ltr'><strong>autem</strong></span> <span class='ocrx_word' id='word_1_867' title='bbox 2299 5423 2450 5478; x_wconf 85' lang='lat' dir='ltr'><strong>velle.</strong></span> <span class='ocrx_word' id='word_1_868' title='bbox 2471 5422 2572 5479; x_wconf 85' lang='lat' dir='ltr'><strong>Cui</strong></span> <span class='ocrx_word' id='word_1_869' title='bbox 2597 5438 2697 5493; x_wconf 87' lang='lat' dir='ltr'><strong>ego</strong></span> <span class='ocrx_word' id='word_1_870' title='bbox 2717 5421 2970 5492; x_wconf 83' lang='lat' dir='ltr'><strong>respondi</strong></span> <span class='ocrx_word' id='word_1_871' title='bbox 2997 5439 3011 5476; x_wconf 91' lang='lat'>:</span> <span class='ocrx_word' id='word_1_872' title='bbox 3041 5440 3059 5473; x_wconf 77' lang='grc' dir='ltr'><strong>ι</strong></span> <span class='ocrx_word' id='word_1_873' title='bbox 3087 5419 3205 5484; x_wconf 87' lang='lat' dir='ltr'><strong>Dic,</strong></span> <span class='ocrx_word' id='word_1_874' title='bbox 3229 5419 3476 5486; x_wconf 82' lang='lat' dir='ltr'><strong>obsecro,</strong></span> <span class='ocrx_word' id='word_1_875' title='bbox 3503 5415 3682 5471; x_wconf 86' lang='lat' dir='ltr'><strong>domi-</strong></span> 
     </span>
    </p>
   </div>
   <div class='ocr_carea' id='block_1_113' title="bbox 2086 5505 3677 5584">
    <p class='ocr_par' dir='ltr' id='par_1_113' title="bbox 2086 5505 3677 5584">
     <span class='ocr_line' id='line_1_113' title="bbox 2086 5505 3677 5584; baseline -0.006 -17"><span class='ocrx_word' id='word_1_876' title='bbox 2086 5529 2175 5580; x_wconf 79' lang='lat' dir='ltr'><strong>ne,</strong></span> <span class='ocrx_word' id='word_1_877' title='bbox 2191 5512 2273 5567; x_wconf 80' lang='lat' dir='ltr'><strong>vir</strong></span> <span class='ocrx_word' id='word_1_878' title='bbox 2290 5512 2568 5582; x_wconf 88' lang='lat' dir='ltr'><strong>primarie,</strong></span> <span class='ocrx_word' id='word_1_879' title='bbox 2587 5527 2747 5584; x_wconf 89' lang='lat' dir='ltr'><strong>quem</strong></span> <span class='ocrx_word' id='word_1_880' title='bbox 2767 5521 2820 5568; x_wconf 91' lang='lat' dir='ltr'><strong>te</strong></span> <span class='ocrx_word' id='word_1_881' title='bbox 2837 5513 3003 5567; x_wconf 86' lang='lat' dir='ltr'><strong>habes</strong></span> <span class='ocrx_word' id='word_1_882' title='bbox 3030 5509 3172 5564; x_wconf 87' lang='lat' dir='ltr'><strong>inter</strong></span> <span class='ocrx_word' id='word_1_883' title='bbox 3195 5510 3452 5565; x_wconf 82' lang='lat' dir='ltr'><strong>concives</strong></span> <span class='ocrx_word' id='word_1_884' title='bbox 3477 5505 3638 5562; x_wconf 83' lang='lat' dir='ltr'><strong>tuos?</strong></span> <span class='ocrx_word' id='word_1_885' title='bbox 3656 5523 3677 5558; x_wconf 77' lang='grc' dir='ltr'><strong>ι</strong></span> 
     </span>
    </p>
   </div>
   <div class='ocr_carea' id='block_1_114' title="bbox 1698 5668 2391 5730">
    <p class='ocr_par' dir='ltr' id='par_1_114' title="bbox 1698 5668 2391 5730">
     <span class='ocr_line' id='line_1_114' title="bbox 1698 5668 2391 5730; baseline 0.001 -6"><span class='ocrx_word' id='word_1_886' title='bbox 1698 5668 1933 5727; x_wconf 70' lang='grc' dir='ltr'><strong>νᾹΒΙίΕ</strong></span> <span class='ocrx_word' id='word_1_887' title='bbox 1977 5669 2391 5730; x_wconf 79' lang='lat' dir='ltr'><strong>LECTIONES.</strong></span> 
     </span>
    </p>
   </div>
   <div class='ocr_carea' id='block_1_115' title="bbox 474 5782 1641 5858">
    <p class='ocr_par' dir='ltr' id='par_1_115' title="bbox 474 5782 1641 5858">
     <span class='ocr_line' id='line_1_115' title="bbox 474 5782 1641 5858; baseline 0.001 -19"><span class='ocrx_word' id='word_1_888' title='bbox 474 5785 520 5820; x_wconf 76' lang='lat'><strong>“</strong></span> <span class='ocrx_word' id='word_1_889' title='bbox 540 5783 815 5840; x_wconf 72' lang='grc' dir='ltr'>Φυσικῶν.</span> <span class='ocrx_word' id='word_1_890' title='bbox 843 5783 1156 5857; x_wconf 81' lang='lat' dir='ltr'><strong>Legendum</strong></span> <span class='ocrx_word' id='word_1_891' title='bbox 1181 5783 1348 5856; x_wconf 77' lang='lat' dir='ltr'><strong>forte,</strong></span> <span class='ocrx_word' id='word_1_892' title='bbox 1372 5782 1641 5858; x_wconf 75' lang='grc' dir='ltr'>φυσικῶς.</span> 
     </span>
    </p>
   </div>
  </div>
