  <div class='ocr_page' id='page_1' title='image "/cluster/home/n/w/nwhite01/storage/ocr_20150623/88/coo.31924054869924/842.png"; bbox 0 0 4020 6496; ppageno 0'>
   <div class='ocr_carea' id='block_1_1' title="bbox 398 431 541 499">
    <p class='ocr_par' dir='ltr' id='par_1_1' title="bbox 398 431 541 499">
     <span class='ocr_line' id='line_1_1' title="bbox 398 431 541 499; baseline -0.063 0"><span class='ocrx_word' id='word_1_1' title='bbox 398 431 460 499; x_wconf 77' lang='lat' dir='ltr'><strong>lli</strong></span> <span class='ocrx_word' id='word_1_2' title='bbox 480 432 541 492; x_wconf 60' lang='lat' dir='ltr'><strong>ill</strong></span> 
     </span>
    </p>
   </div>
   <div class='ocr_carea' id='block_1_2' title="bbox 1680 445 2311 531">
    <p class='ocr_par' dir='ltr' id='par_1_2' title="bbox 1680 445 2311 531">
     <span class='ocr_line' id='line_1_2' title="bbox 1680 445 2311 531; baseline 0.003 -25"><span class='ocrx_word' id='word_1_3' title='bbox 1680 524 1691 531; x_wconf 28' lang='grc' dir='ltr'><strong><em>ρ</em></strong></span> <span class='ocrx_word' id='word_1_4' title='bbox 1788 445 2168 506; x_wconf 83' lang='lat' dir='ltr'><strong>DOCTRINA</strong></span> <span class='ocrx_word' id='word_1_5' title='bbox 2230 448 2311 508; x_wconf 86' lang='lat' dir='ltr'><strong>If.</strong></span> 
     </span>
    </p>
   </div>
   <div class='ocr_carea' id='block_1_3' title="bbox 3551 451 3692 517">
    <p class='ocr_par' dir='ltr' id='par_1_3' title="bbox 3551 451 3692 517">
     <span class='ocr_line' id='line_1_3' title="bbox 3551 451 3692 517; baseline 0.014 -2"><span class='ocrx_word' id='word_1_6' title='bbox 3551 451 3569 515; x_wconf 81' lang='lat' dir='ltr'><strong>i</strong></span> <span class='ocrx_word' id='word_1_7' title='bbox 3581 453 3692 517; x_wconf 64' lang='lat'><strong>650</strong></span> 
     </span>
    </p>
   </div>
   <div class='ocr_carea' id='block_1_4' title="bbox 407 552 2024 634">
    <p class='ocr_par' dir='ltr' id='par_1_4' title="bbox 407 553 1993 633">
     <span class='ocr_line' id='line_1_4' title="bbox 407 553 1993 633; baseline 0.004 -24"><span class='ocrx_word' id='word_1_8' title='bbox 407 559 591 627; x_wconf 83' lang='grc' dir='ltr'>γέρων</span> <span class='ocrx_word' id='word_1_9' title='bbox 624 553 700 625; x_wconf 82' lang='grc' dir='ltr'>μὴ</span> <span class='ocrx_word' id='word_1_10' title='bbox 727 554 1000 624; x_wconf 74' lang='grc' dir='ltr'><strong>εὑρίσκων</strong></span> <span class='ocrx_word' id='word_1_11' title='bbox 1028 558 1144 620; x_wconf 83' lang='grc' dir='ltr'><strong>πῶς</strong></span> <span class='ocrx_word' id='word_1_12' title='bbox 1166 560 1511 627; x_wconf 72' lang='grc' dir='ltr'><strong>παραστῆσαι</strong></span> <span class='ocrx_word' id='word_1_13' title='bbox 1542 561 1690 630; x_wconf 75' lang='grc' dir='ltr'>αὑτῷ</span> <span class='ocrx_word' id='word_1_14' title='bbox 1718 561 1781 614; x_wconf 80' lang='grc' dir='ltr'>τὸ</span> <span class='ocrx_word' id='word_1_15' title='bbox 1810 563 1993 633; x_wconf 74' lang='grc' dir='ltr'>πρᾶγ-</span> 
     </span>
    </p>
   </div>
   <div class='ocr_carea' id='block_1_5' title="bbox 2127 552 3688 634">
    <p class='ocr_par' dir='ltr' id='par_1_5' title="bbox 2127 552 3688 634">
     <span class='ocr_line' id='line_1_5' title="bbox 2127 552 3688 634; baseline 0.003 -20"><span class='ocrx_word' id='word_1_16' title='bbox 2127 561 2179 617; x_wconf 86' lang='lat' dir='ltr'><strong>ie</strong></span> <span class='ocrx_word' id='word_1_17' title='bbox 2221 578 2334 617; x_wconf 93' lang='lat' dir='ltr'><strong>rem</strong></span> <span class='ocrx_word' id='word_1_18' title='bbox 2378 564 2536 619; x_wconf 86' lang='lat' dir='ltr'><strong>scito.</strong></span> <span class='ocrx_word' id='word_1_19' title='bbox 2573 581 2592 615; x_wconf 73' lang='grc' dir='ltr'><strong>ι</strong></span> <span class='ocrx_word' id='word_1_20' title='bbox 2643 552 2900 634; x_wconf 88' lang='lat' dir='ltr'><strong>Sophista</strong></span> <span class='ocrx_word' id='word_1_21' title='bbox 2944 580 3071 620; x_wconf 84' lang='lat' dir='ltr'><strong>vero</strong></span> <span class='ocrx_word' id='word_1_22' title='bbox 3106 564 3278 634; x_wconf 80' lang='lat' dir='ltr'><strong>magis</strong></span> <span class='ocrx_word' id='word_1_23' title='bbox 3317 564 3688 633; x_wconf 73' lang='lat' dir='ltr'><strong>renitebatur,</strong></span> 
     </span>
    </p>
   </div>
   <div class='ocr_carea' id='block_1_6' title="bbox 410 641 1996 717">
    <p class='ocr_par' dir='ltr' id='par_1_6' title="bbox 410 641 1996 717">
     <span class='ocr_line' id='line_1_6' title="bbox 410 641 1996 717; baseline 0.004 -20"><span class='ocrx_word' id='word_1_24' title='bbox 410 663 510 716; x_wconf 82' lang='grc' dir='ltr'><strong>μα.</strong></span> <span class='ocrx_word' id='word_1_25' title='bbox 540 641 746 713; x_wconf 73' lang='grc' dir='ltr'>ἧρξατο</span> <span class='ocrx_word' id='word_1_26' title='bbox 778 642 958 712; x_wconf 83' lang='grc' dir='ltr'>λέγειν</span> <span class='ocrx_word' id='word_1_27' title='bbox 1009 644 1147 715; x_wconf 81' lang='grc' dir='ltr'><strong>μετὰ</strong></span> <span class='ocrx_word' id='word_1_28' title='bbox 1183 646 1283 716; x_wconf 84' lang='grc' dir='ltr'>τῆς</span> <span class='ocrx_word' id='word_1_29' title='bbox 1317 647 1479 714; x_wconf 79' lang='grc' dir='ltr'>ἁγίας</span> <span class='ocrx_word' id='word_1_30' title='bbox 1541 647 1846 717; x_wconf 76' lang='grc' dir='ltr'><strong>ἁπλότητος</strong></span> <span class='ocrx_word' id='word_1_31' title='bbox 1894 650 1996 703; x_wconf 81' lang='grc' dir='ltr'><strong>αὐ-</strong></span> 
     </span>
    </p>
   </div>
   <div class='ocr_carea' id='block_1_7' title="bbox 408 734 1991 813">
    <p class='ocr_par' dir='ltr' id='par_1_7' title="bbox 408 734 1991 813">
     <span class='ocr_line' id='line_1_7' title="bbox 408 734 1991 813; baseline 0.002 -23"><span class='ocrx_word' id='word_1_32' title='bbox 408 739 524 790; x_wconf 79' lang='grc' dir='ltr'>τοῦ’</span> <span class='ocrx_word' id='word_1_33' title='bbox 570 753 589 787; x_wconf 84' lang='grc' dir='ltr'><strong>ι</strong></span> <span class='ocrx_word' id='word_1_34' title='bbox 619 734 711 805; x_wconf 83' lang='grc' dir='ltr'><strong>Μὴ</strong></span> <span class='ocrx_word' id='word_1_35' title='bbox 736 734 1070 807; x_wconf 64' lang='grc' dir='ltr'>διαστρέφῃς</span> <span class='ocrx_word' id='word_1_36' title='bbox 1127 755 1219 808; x_wconf 81' lang='grc' dir='ltr'>με,</span> <span class='ocrx_word' id='word_1_37' title='bbox 1274 737 1386 806; x_wconf 75' lang='grc' dir='ltr'><strong>ἐγὼ</strong></span> <span class='ocrx_word' id='word_1_38' title='bbox 1417 740 1555 804; x_wconf 82' lang='grc' dir='ltr'>τέως</span> <span class='ocrx_word' id='word_1_39' title='bbox 1590 739 1766 804; x_wconf 78' lang='grc' dir='ltr'>οὕτως</span> <span class='ocrx_word' id='word_1_40' title='bbox 1813 740 1941 813; x_wconf 74' lang='grc' dir='ltr'><strong>ἔχω.</strong></span> <span class='ocrx_word' id='word_1_41' title='bbox 1973 762 1991 793; x_wconf 72' lang='grc' dir='ltr'><strong>ι</strong></span> 
     </span>
    </p>
   </div>
   <div class='ocr_carea' id='block_1_8' title="bbox 422 822 2000 903">
    <p class='ocr_par' dir='ltr' id='par_1_8' title="bbox 422 822 2000 903">
     <span class='ocr_line' id='line_1_8' title="bbox 422 822 2000 903; baseline 0.004 -21"><span class='ocrx_word' id='word_1_42' title='bbox 422 830 511 892; x_wconf 84' lang='grc' dir='ltr'>Ὠς</span> <span class='ocrx_word' id='word_1_43' title='bbox 545 822 638 882; x_wconf 81' lang='grc' dir='ltr'>οὖν</span> <span class='ocrx_word' id='word_1_44' title='bbox 672 824 816 882; x_wconf 80' lang='grc' dir='ltr'>εἶδον</span> <span class='ocrx_word' id='word_1_45' title='bbox 848 828 960 898; x_wconf 76' lang='grc' dir='ltr'><strong>ἐγὼ</strong></span> <span class='ocrx_word' id='word_1_46' title='bbox 988 830 1081 883; x_wconf 85' lang='grc' dir='ltr'>τὸν</span> <span class='ocrx_word' id='word_1_47' title='bbox 1114 829 1348 900; x_wconf 79' lang='grc' dir='ltr'>γέροντα</span> <span class='ocrx_word' id='word_1_48' title='bbox 1380 832 1691 903; x_wconf 81' lang='grc' dir='ltr'><strong>ἀποροῦντα</strong></span> <span class='ocrx_word' id='word_1_49' title='bbox 1717 833 1834 898; x_wconf 83' lang='grc' dir='ltr'>πῶς</span> <span class='ocrx_word' id='word_1_50' title='bbox 1866 835 2000 888; x_wconf 87' lang='grc' dir='ltr'>ἀπο-</span> 
     </span>
    </p>
   </div>
   <div class='ocr_carea' id='block_1_9' title="bbox 412 919 2000 1000">
    <p class='ocr_par' dir='ltr' id='par_1_9' title="bbox 412 919 2000 1000">
     <span class='ocr_line' id='line_1_9' title="bbox 412 919 2000 1000; baseline 0.006 -25"><span class='ocrx_word' id='word_1_51' title='bbox 412 922 600 993; x_wconf 80' lang='grc' dir='ltr'>κριθῇ,</span> <span class='ocrx_word' id='word_1_52' title='bbox 630 920 777 990; x_wconf 80' lang='grc' dir='ltr'>λέγω</span> <span class='ocrx_word' id='word_1_53' title='bbox 815 922 987 993; x_wconf 76' lang='grc' dir='ltr'>αὐτῷ’</span> <span class='ocrx_word' id='word_1_54' title='bbox 1020 941 1040 975; x_wconf 83' lang='grc' dir='ltr'><strong>ι</strong></span> <span class='ocrx_word' id='word_1_55' title='bbox 1060 919 1208 996; x_wconf 76' lang='grc' dir='ltr'>Ἀρα</span> <span class='ocrx_word' id='word_1_56' title='bbox 1242 924 1318 994; x_wconf 83' lang='grc' dir='ltr'><strong>μὴ</strong></span> <span class='ocrx_word' id='word_1_57' title='bbox 1345 924 1505 980; x_wconf 80' lang='grc' dir='ltr'>τοῦτό</span> <span class='ocrx_word' id='word_1_58' title='bbox 1544 927 1713 993; x_wconf 74' lang='grc' dir='ltr'>ἐστιν,</span> <span class='ocrx_word' id='word_1_59' title='bbox 1744 926 1936 1000; x_wconf 85' lang='grc' dir='ltr'>ὥσπερ</span> <span class='ocrx_word' id='word_1_60' title='bbox 1966 928 2000 999; x_wconf 76' lang='grc' dir='ltr'>ἡ</span> 
     </span>
    </p>
   </div>
   <div class='ocr_carea' id='block_1_10' title="bbox 415 1014 2002 1091">
    <p class='ocr_par' dir='ltr' id='par_1_10' title="bbox 415 1014 2002 1091">
     <span class='ocr_line' id='line_1_10' title="bbox 415 1014 2002 1091; baseline 0.004 -25"><span class='ocrx_word' id='word_1_61' title='bbox 415 1014 706 1083; x_wconf 79' lang='grc' dir='ltr'>σοφιστικὴ</span> <span class='ocrx_word' id='word_1_62' title='bbox 749 1014 845 1067; x_wconf 76' lang='grc' dir='ltr'><strong>καὶ</strong></span> <span class='ocrx_word' id='word_1_63' title='bbox 879 1015 1131 1086; x_wconf 87' lang='grc' dir='ltr'>ίατρική;</span> <span class='ocrx_word' id='word_1_64' title='bbox 1168 1015 1299 1069; x_wconf 83' lang='grc' dir='ltr'>ὅταν</span> <span class='ocrx_word' id='word_1_65' title='bbox 1331 1017 1521 1083; x_wconf 60' lang='lat' dir='ltr'><strong>nam»;</strong></span> <span class='ocrx_word' id='word_1_66' title='bbox 1538 1018 1803 1088; x_wconf 85' lang='grc' dir='ltr'>μανθάνει</span> <span class='ocrx_word' id='word_1_67' title='bbox 1831 1019 2002 1091; x_wconf 79' lang='grc' dir='ltr'>αὐτήν</span> 
     </span>
    </p>
   </div>
   <div class='ocr_carea' id='block_1_11' title="bbox 414 1106 2003 1183">
    <p class='ocr_par' dir='ltr' id='par_1_11' title="bbox 414 1106 2003 1183">
     <span class='ocr_line' id='line_1_11' title="bbox 414 1106 2003 1183; baseline 0.003 -23"><span class='ocrx_word' id='word_1_68' title='bbox 414 1124 501 1171; x_wconf 85' lang='grc' dir='ltr'><strong>τις</strong></span> <span class='ocrx_word' id='word_1_69' title='bbox 526 1106 624 1160; x_wconf 75' lang='grc' dir='ltr'><strong>καὶ</strong></span> <span class='ocrx_word' id='word_1_70' title='bbox 647 1110 880 1176; x_wconf 83' lang='grc' dir='ltr'><strong>πράττει</strong></span> <span class='ocrx_word' id='word_1_71' title='bbox 913 1106 1108 1177; x_wconf 74' lang='grc' dir='ltr'>αὑτήνο</span> <span class='ocrx_word' id='word_1_72' title='bbox 1144 1108 1287 1162; x_wconf 85' lang='grc' dir='ltr'>κατά</span> <span class='ocrx_word' id='word_1_73' title='bbox 1324 1110 1520 1181; x_wconf 82' lang='grc' dir='ltr'>μικρὸν</span> <span class='ocrx_word' id='word_1_74' title='bbox 1540 1113 1606 1165; x_wconf 82' lang='grc' dir='ltr'>ἐκ</span> <span class='ocrx_word' id='word_1_75' title='bbox 1630 1112 1725 1165; x_wconf 83' lang='grc' dir='ltr'>τοῦ</span> <span class='ocrx_word' id='word_1_76' title='bbox 1758 1114 2003 1183; x_wconf 74' lang='grc' dir='ltr'><strong>ἐνεργεῖν</strong></span> 
     </span>
    </p>
   </div>
   <div class='ocr_carea' id='block_1_12' title="bbox 415 1197 2004 1275">
    <p class='ocr_par' dir='ltr' id='par_1_12' title="bbox 415 1197 2004 1275">
     <span class='ocr_line' id='line_1_12' title="bbox 415 1197 2004 1275; baseline 0.005 -25"><span class='ocrx_word' id='word_1_77' title='bbox 415 1200 610 1268; x_wconf 79' lang='grc' dir='ltr'>αὐτὴν,</span> <span class='ocrx_word' id='word_1_78' title='bbox 636 1197 848 1264; x_wconf 83' lang='grc' dir='ltr'>γίνεταί</span> <span class='ocrx_word' id='word_1_79' title='bbox 874 1215 958 1261; x_wconf 86' lang='grc' dir='ltr'><strong>τις</strong></span> <span class='ocrx_word' id='word_1_80' title='bbox 996 1198 1110 1262; x_wconf 80' lang='grc' dir='ltr'>ἕξις</span> <span class='ocrx_word' id='word_1_81' title='bbox 1138 1198 1217 1270; x_wconf 86' lang='grc' dir='ltr'>τῷ</span> <span class='ocrx_word' id='word_1_82' title='bbox 1255 1201 1424 1272; x_wconf 72' lang='grc' dir='ltr'>ἰατρῷ</span> <span class='ocrx_word' id='word_1_83' title='bbox 1451 1203 1485 1274; x_wconf 79' lang='grc' dir='ltr'><strong>ἢ</strong></span> <span class='ocrx_word' id='word_1_84' title='bbox 1516 1203 1594 1273; x_wconf 82' lang='grc' dir='ltr'><strong>τῷ</strong></span> <span class='ocrx_word' id='word_1_85' title='bbox 1622 1207 1875 1275; x_wconf 72' lang='grc' dir='ltr'>σοφιστῇο</span> <span class='ocrx_word' id='word_1_86' title='bbox 1909 1205 2004 1258; x_wconf 88' lang='grc' dir='ltr'>καί</span> 
     </span>
    </p>
   </div>
   <div class='ocr_carea' id='block_1_13' title="bbox 414 1284 2003 1360">
    <p class='ocr_par' dir='ltr' id='par_1_13' title="bbox 414 1284 2003 1360">
     <span class='ocr_line' id='line_1_13' title="bbox 414 1284 2003 1360; baseline 0.003 -21"><span class='ocrx_word' id='word_1_87' title='bbox 414 1288 476 1340; x_wconf 75' lang='grc' dir='ltr'>οὐ</span> <span class='ocrx_word' id='word_1_88' title='bbox 513 1286 738 1339; x_wconf 81' lang='grc' dir='ltr'>δύναται</span> <span class='ocrx_word' id='word_1_89' title='bbox 768 1287 944 1339; x_wconf 77' lang='grc' dir='ltr'>εἰπεῖν</span> <span class='ocrx_word' id='word_1_90' title='bbox 974 1287 1096 1339; x_wconf 84' lang='grc' dir='ltr'>οὐδὲ</span> <span class='ocrx_word' id='word_1_91' title='bbox 1140 1284 1250 1341; x_wconf 82' lang='grc' dir='ltr'>οἶδε</span> <span class='ocrx_word' id='word_1_92' title='bbox 1290 1289 1501 1360; x_wconf 83' lang='grc' dir='ltr'><strong>φράσαι</strong></span> <span class='ocrx_word' id='word_1_93' title='bbox 1543 1292 1660 1355; x_wconf 87' lang='grc' dir='ltr'><strong>πῶς</strong></span> <span class='ocrx_word' id='word_1_94' title='bbox 1697 1293 1914 1360; x_wconf 72' lang='grc' dir='ltr'>ἐγένετο</span> <span class='ocrx_word' id='word_1_95' title='bbox 1945 1293 2003 1344; x_wconf 77' lang='grc' dir='ltr'>ἐν</span> 
     </span>
    </p>
   </div>
   <div class='ocr_carea' id='block_1_14' title="bbox 416 1376 2007 1452">
    <p class='ocr_par' dir='ltr' id='par_1_14' title="bbox 416 1376 2007 1452">
     <span class='ocr_line' id='line_1_14' title="bbox 416 1376 2007 1452; baseline 0.004 -22"><span class='ocrx_word' id='word_1_96' title='bbox 416 1378 529 1443; x_wconf 76' lang='grc' dir='ltr'>ἕξει</span> <span class='ocrx_word' id='word_1_97' title='bbox 567 1376 661 1430; x_wconf 81' lang='grc' dir='ltr'><strong>τοῦ</strong></span> <span class='ocrx_word' id='word_1_98' title='bbox 705 1378 1054 1447; x_wconf 80' lang='grc' dir='ltr'>πράγματος·</span> <span class='ocrx_word' id='word_1_99' title='bbox 1090 1379 1234 1433; x_wconf 72' lang='grc' dir='ltr'>κατὰ</span> <span class='ocrx_word' id='word_1_100' title='bbox 1278 1382 1491 1452; x_wconf 78' lang='grc' dir='ltr'>μικρὸν,</span> <span class='ocrx_word' id='word_1_101' title='bbox 1528 1381 1605 1445; x_wconf 81' lang='grc' dir='ltr'>ὼς</span> <span class='ocrx_word' id='word_1_102' title='bbox 1633 1378 1805 1447; x_wconf 78' lang='grc' dir='ltr'>εἷπον,</span> <span class='ocrx_word' id='word_1_103' title='bbox 1847 1384 2007 1437; x_wconf 84' lang='grc' dir='ltr'>ἀνεπ-</span> 
     </span>
    </p>
   </div>
   <div class='ocr_carea' id='block_1_15' title="bbox 419 1466 2008 1546">
    <p class='ocr_par' dir='ltr' id='par_1_15' title="bbox 419 1466 2008 1546">
     <span class='ocr_line' id='line_1_15' title="bbox 419 1466 2008 1546; baseline 0.003 -24"><span class='ocrx_word' id='word_1_104' title='bbox 419 1466 697 1536; x_wconf 83' lang='grc' dir='ltr'>αισθήτως</span> <span class='ocrx_word' id='word_1_105' title='bbox 724 1467 1095 1542; x_wconf 76' lang='grc' dir='ltr'>πρρσελάόετο</span> <span class='ocrx_word' id='word_1_106' title='bbox 1137 1471 1309 1542; x_wconf 82' lang='grc' dir='ltr'>αὐτὴν</span> <span class='ocrx_word' id='word_1_107' title='bbox 1352 1473 1385 1543; x_wconf 87' lang='grc' dir='ltr'><strong>ή</strong></span> <span class='ocrx_word' id='word_1_108' title='bbox 1417 1472 1585 1544; x_wconf 78' lang='grc' dir='ltr'>ψυχὴ,</span> <span class='ocrx_word' id='word_1_109' title='bbox 1622 1476 1687 1527; x_wconf 75' lang='grc' dir='ltr'>ἐκ</span> <span class='ocrx_word' id='word_1_110' title='bbox 1728 1475 1827 1530; x_wconf 82' lang='grc' dir='ltr'><strong>τοῦ</strong></span> <span class='ocrx_word' id='word_1_111' title='bbox 1854 1477 2008 1546; x_wconf 74' lang='grc' dir='ltr'>ὲνερο</span> 
     </span>
    </p>
   </div>
   <div class='ocr_carea' id='block_1_16' title="bbox 419 1560 2009 1638">
    <p class='ocr_par' dir='ltr' id='par_1_16' title="bbox 419 1560 2009 1638">
     <span class='ocr_line' id='line_1_16' title="bbox 419 1560 2009 1638; baseline 0.006 -26"><span class='ocrx_word' id='word_1_112' title='bbox 419 1564 538 1630; x_wconf 87' lang='grc' dir='ltr'>γεῖν</span> <span class='ocrx_word' id='word_1_113' title='bbox 571 1561 670 1624; x_wconf 78' lang='grc' dir='ltr'>τὴν</span> <span class='ocrx_word' id='word_1_114' title='bbox 698 1560 917 1629; x_wconf 76' lang='grc' dir='ltr'>τέχνην.</span> <span class='ocrx_word' id='word_1_115' title='bbox 952 1560 1139 1625; x_wconf 80' lang='grc' dir='ltr'>Οὕτως</span> <span class='ocrx_word' id='word_1_116' title='bbox 1160 1562 1309 1617; x_wconf 83' lang='grc' dir='ltr'>ἔστιν</span> <span class='ocrx_word' id='word_1_117' title='bbox 1330 1565 1511 1633; x_wconf 85' lang='grc' dir='ltr'>εὑρεῖν</span> <span class='ocrx_word' id='word_1_118' title='bbox 1543 1566 1637 1618; x_wconf 80' lang='grc' dir='ltr'>καὶ</span> <span class='ocrx_word' id='word_1_119' title='bbox 1664 1567 1756 1621; x_wconf 77' lang='grc' dir='ltr'><strong>ἐπὶ</strong></span> <span class='ocrx_word' id='word_1_120' title='bbox 1784 1567 1884 1638; x_wconf 83' lang='grc' dir='ltr'>τῆς</span> <span class='ocrx_word' id='word_1_121' title='bbox 1911 1584 2009 1621; x_wconf 84' lang='grc' dir='ltr'>τα-</span> 
     </span>
    </p>
   </div>
   <div class='ocr_carea' id='block_1_17' title="bbox 420 1651 2010 1727">
    <p class='ocr_par' dir='ltr' id='par_1_17' title="bbox 420 1651 2010 1727">
     <span class='ocr_line' id='line_1_17' title="bbox 420 1651 2010 1727; baseline 0.004 -21"><span class='ocrx_word' id='word_1_122' title='bbox 420 1651 756 1716; x_wconf 70' lang='grc' dir='ltr'>πεινώσεως,</span> <span class='ocrx_word' id='word_1_123' title='bbox 790 1653 872 1704; x_wconf 76' lang='grc' dir='ltr'>ὅτι</span> <span class='ocrx_word' id='word_1_124' title='bbox 903 1654 967 1705; x_wconf 80' lang='grc' dir='ltr'>ἐκ</span> <span class='ocrx_word' id='word_1_125' title='bbox 999 1653 1100 1722; x_wconf 73' lang='grc' dir='ltr'>τῆς</span> <span class='ocrx_word' id='word_1_126' title='bbox 1137 1654 1417 1725; x_wconf 76' lang='grc' dir='ltr'>ἐνεργείας</span> <span class='ocrx_word' id='word_1_127' title='bbox 1456 1656 1566 1710; x_wconf 83' lang='grc' dir='ltr'><strong>τῶν</strong></span> <span class='ocrx_word' id='word_1_128' title='bbox 1597 1657 1828 1712; x_wconf 79' lang='grc' dir='ltr'><strong>ἐντολῶν</strong></span> <span class='ocrx_word' id='word_1_129' title='bbox 1864 1660 2010 1727; x_wconf 88' lang='grc' dir='ltr'>γίνε-</span> 
     </span>
    </p>
   </div>
   <div class='ocr_carea' id='block_1_18' title="bbox 421 1742 2008 1823">
    <p class='ocr_par' dir='ltr' id='par_1_18' title="bbox 421 1742 2008 1823">
     <span class='ocr_line' id='line_1_18' title="bbox 421 1742 2008 1823; baseline 0.004 -26"><span class='ocrx_word' id='word_1_130' title='bbox 421 1744 509 1797; x_wconf 81' lang='grc' dir='ltr'><strong>ταί</strong></span> <span class='ocrx_word' id='word_1_131' title='bbox 547 1761 631 1806; x_wconf 88' lang='grc' dir='ltr'><strong>τις</strong></span> <span class='ocrx_word' id='word_1_132' title='bbox 663 1742 776 1806; x_wconf 70' lang='grc' dir='ltr'>ἕξις</span> <span class='ocrx_word' id='word_1_133' title='bbox 809 1743 1061 1812; x_wconf 80' lang='grc' dir='ltr'>ταπεινὴ,</span> <span class='ocrx_word' id='word_1_134' title='bbox 1112 1744 1207 1796; x_wconf 73' lang='grc' dir='ltr'>καὶ</span> <span class='ocrx_word' id='word_1_135' title='bbox 1265 1746 1326 1798; x_wconf 82' lang='grc' dir='ltr'>οὐ</span> <span class='ocrx_word' id='word_1_136' title='bbox 1368 1745 1591 1801; x_wconf 82' lang='grc' dir='ltr'>δύναται</span> <span class='ocrx_word' id='word_1_137' title='bbox 1647 1750 1792 1821; x_wconf 80' lang='grc' dir='ltr'>λόγῳ</span> <span class='ocrx_word' id='word_1_138' title='bbox 1837 1751 2008 1823; x_wconf 80' lang='grc' dir='ltr'><strong>ρηθῆ-</strong></span> 
     </span>
    </p>
   </div>
   <div class='ocr_carea' id='block_1_19' title="bbox 315 1830 2008 1919">
    <p class='ocr_par' dir='ltr' id='par_1_19' title="bbox 315 1830 2008 1919">
     <span class='ocr_line' id='line_1_19' title="bbox 315 1830 2008 1919; baseline 0.006 -33"><span class='ocrx_word' id='word_1_139' title='bbox 315 1830 360 1919; x_wconf 30' lang='grc'><strong>⁹’</strong></span> <span class='ocrx_word' id='word_1_140' title='bbox 421 1852 529 1890; x_wconf 81' lang='grc' dir='ltr'>ναι.</span> <span class='ocrx_word' id='word_1_141' title='bbox 568 1853 588 1886; x_wconf 69' lang='grc' dir='ltr'><strong>ι</strong></span> <span class='ocrx_word' id='word_1_142' title='bbox 629 1836 717 1897; x_wconf 80' lang='grc' dir='ltr'>Ὠς</span> <span class='ocrx_word' id='word_1_143' title='bbox 765 1830 858 1888; x_wconf 85' lang='grc' dir='ltr'>οὖν</span> <span class='ocrx_word' id='word_1_144' title='bbox 911 1836 1146 1905; x_wconf 70' lang='grc' dir='ltr'>ἤκουσεν</span> <span class='ocrx_word' id='word_1_145' title='bbox 1197 1836 1227 1887; x_wconf 85' lang='grc' dir='ltr'><strong>ὁ</strong></span> <span class='ocrx_word' id='word_1_146' title='bbox 1282 1837 1457 1902; x_wconf 79' lang='grc' dir='ltr'>άὸὄᾶς</span> <span class='ocrx_word' id='word_1_147' title='bbox 1510 1840 1769 1911; x_wconf 82' lang='grc' dir='ltr'>Ζωσιμᾶς</span> <span class='ocrx_word' id='word_1_148' title='bbox 1826 1844 2008 1911; x_wconf 76' lang='grc' dir='ltr'>τοῦτο,</span> 
     </span>
    </p>
   </div>
   <div class='ocr_carea' id='block_1_20' title="bbox 423 1928 2006 2004">
    <p class='ocr_par' dir='ltr' id='par_1_20' title="bbox 423 1928 2006 2004">
     <span class='ocr_line' id='line_1_20' title="bbox 423 1928 2006 2004; baseline 0.008 -29"><span class='ocrx_word' id='word_1_149' title='bbox 423 1928 647 1998; x_wconf 54' lang='lat' dir='ltr'><strong>Epig-11,0</strong></span> <span class='ocrx_word' id='word_1_150' title='bbox 672 1931 765 1984; x_wconf 72' lang='grc' dir='ltr'>καὶ</span> <span class='ocrx_word' id='word_1_151' title='bbox 820 1928 1021 1990; x_wconf 78' lang='grc' dir='ltr'>εὐθέως</span> <span class='ocrx_word' id='word_1_152' title='bbox 1073 1928 1368 1999; x_wconf 78' lang='grc' dir='ltr'>περιέλαϐέ</span> <span class='ocrx_word' id='word_1_153' title='bbox 1419 1947 1510 2001; x_wconf 81' lang='grc' dir='ltr'>με,</span> <span class='ocrx_word' id='word_1_154' title='bbox 1573 1932 1671 1985; x_wconf 74' lang='grc' dir='ltr'>καὶ</span> <span class='ocrx_word' id='word_1_155' title='bbox 1708 1933 1859 2001; x_wconf 81' lang='grc' dir='ltr'>λέγει</span> <span class='ocrx_word' id='word_1_156' title='bbox 1893 1951 2006 2004; x_wconf 87' lang='grc' dir='ltr'>μοι·</span> 
     </span>
    </p>
   </div>
   <div class='ocr_carea' id='block_1_21' title="bbox 435 2012 2010 2097">
    <p class='ocr_par' dir='ltr' id='par_1_21' title="bbox 435 2012 2010 2097">
     <span class='ocr_line' id='line_1_21' title="bbox 435 2012 2010 2097; baseline 0.006 -27"><span class='ocrx_word' id='word_1_157' title='bbox 435 2038 452 2070; x_wconf 82' lang='grc' dir='ltr'><strong>ι</strong></span> <span class='ocrx_word' id='word_1_158' title='bbox 477 2012 652 2089; x_wconf 81' lang='grc' dir='ltr'>Εὖρες</span> <span class='ocrx_word' id='word_1_159' title='bbox 676 2020 738 2071; x_wconf 81' lang='grc' dir='ltr'>τὸ</span> <span class='ocrx_word' id='word_1_160' title='bbox 760 2020 1012 2088; x_wconf 79' lang='grc' dir='ltr'>πρᾶγμα,</span> <span class='ocrx_word' id='word_1_161' title='bbox 1044 2017 1222 2082; x_wconf 72' lang='grc' dir='ltr'>οὕτως</span> <span class='ocrx_word' id='word_1_162' title='bbox 1246 2021 1399 2074; x_wconf 69' lang='grc' dir='ltr'>ἐστὶν</span> <span class='ocrx_word' id='word_1_163' title='bbox 1429 2021 1507 2086; x_wconf 88' lang='grc' dir='ltr'><strong>ώς</strong></span> <span class='ocrx_word' id='word_1_164' title='bbox 1533 2019 1707 2088; x_wconf 82' lang='grc' dir='ltr'>εἶπες.</span> <span class='ocrx_word' id='word_1_165' title='bbox 1736 2044 1757 2077; x_wconf 69' lang='grc' dir='ltr'><strong>ι</strong></span> <span class='ocrx_word' id='word_1_166' title='bbox 1793 2026 2010 2097; x_wconf 83' lang='grc' dir='ltr'>Ἐθερα-</span> 
     </span>
    </p>
   </div>
   <div class='ocr_carea' id='block_1_22' title="bbox 429 2109 2010 2188">
    <p class='ocr_par' dir='ltr' id='par_1_22' title="bbox 429 2109 2010 2188">
     <span class='ocr_line' id='line_1_22' title="bbox 429 2109 2010 2188; baseline 0.008 -27"><span class='ocrx_word' id='word_1_167' title='bbox 429 2109 599 2180; x_wconf 74' lang='grc' dir='ltr'>πεύθη</span> <span class='ocrx_word' id='word_1_168' title='bbox 630 2110 686 2162; x_wconf 81' lang='grc' dir='ltr'><strong>δὲ</strong></span> <span class='ocrx_word' id='word_1_169' title='bbox 711 2111 803 2162; x_wconf 77' lang='grc' dir='ltr'>καὶ</span> <span class='ocrx_word' id='word_1_170' title='bbox 830 2110 858 2161; x_wconf 80' lang='grc' dir='ltr'>ὁ</span> <span class='ocrx_word' id='word_1_171' title='bbox 892 2109 1443 2188; x_wconf 30' lang='grc' dir='ltr'>σοφιστὴςίάκούσας,</span> <span class='ocrx_word' id='word_1_172' title='bbox 1470 2114 1566 2169; x_wconf 77' lang='grc' dir='ltr'>καὶ</span> <span class='ocrx_word' id='word_1_173' title='bbox 1595 2116 1893 2185; x_wconf 78' lang='grc' dir='ltr'>ὑπεδέξατο</span> <span class='ocrx_word' id='word_1_174' title='bbox 1915 2119 2010 2173; x_wconf 75' lang='grc' dir='ltr'>καὶ</span> 
     </span>
    </p>
   </div>
   <div class='ocr_carea' id='block_1_23' title="bbox 432 2200 907 2268">
    <p class='ocr_par' dir='ltr' id='par_1_23' title="bbox 432 2200 907 2268">
     <span class='ocr_line' id='line_1_23' title="bbox 432 2200 907 2268; baseline 0.002 -15"><span class='ocrx_word' id='word_1_175' title='bbox 432 2201 592 2263; x_wconf 73' lang='grc' dir='ltr'>αὐτὸς</span> <span class='ocrx_word' id='word_1_176' title='bbox 614 2200 706 2253; x_wconf 82' lang='grc' dir='ltr'>τὸν</span> <span class='ocrx_word' id='word_1_177' title='bbox 732 2200 907 2268; x_wconf 89' lang='grc' dir='ltr'>λόγον.</span> 
     </span>
    </p>
   </div>
   <div class='ocr_carea' id='block_1_24' title="bbox 2100 654 3695 726">
    <p class='ocr_par' dir='ltr' id='par_1_24' title="bbox 2100 654 3695 726">
     <span class='ocr_line' id='line_1_24' title="bbox 2100 654 3695 726; baseline 0.002 -20"><span class='ocrx_word' id='word_1_178' title='bbox 2100 655 2288 709; x_wconf 85' lang='lat' dir='ltr'><strong>volens</strong></span> <span class='ocrx_word' id='word_1_179' title='bbox 2309 654 2539 725; x_wconf 83' lang='lat' dir='ltr'><strong>hujusce</strong></span> <span class='ocrx_word' id='word_1_180' title='bbox 2566 657 2645 711; x_wconf 90' lang='lat' dir='ltr'><strong>rei</strong></span> <span class='ocrx_word' id='word_1_181' title='bbox 2674 658 2942 713; x_wconf 88' lang='lat' dir='ltr'><strong>rationem</strong></span> <span class='ocrx_word' id='word_1_182' title='bbox 2970 672 3000 713; x_wconf 89' lang='lat' dir='ltr'><strong>a</strong></span> <span class='ocrx_word' id='word_1_183' title='bbox 3027 671 3155 711; x_wconf 88' lang='lat' dir='ltr'><strong>sene</strong></span> <span class='ocrx_word' id='word_1_184' title='bbox 3177 665 3521 726; x_wconf 81' lang='lat' dir='ltr'><strong>extorquere.</strong></span> <span class='ocrx_word' id='word_1_185' title='bbox 3551 676 3572 706; x_wconf 77' lang='grc' dir='ltr'><strong>ι</strong></span> <span class='ocrx_word' id='word_1_186' title='bbox 3603 656 3695 710; x_wconf 83' lang='lat' dir='ltr'><strong>Se-</strong></span> 
     </span>
    </p>
   </div>
   <div class='ocr_carea' id='block_1_25' title="bbox 2102 746 3692 819">
    <p class='ocr_par' dir='ltr' id='par_1_25' title="bbox 2102 746 3692 819">
     <span class='ocr_line' id='line_1_25' title="bbox 2102 746 3692 819; baseline 0.002 -21"><span class='ocrx_word' id='word_1_187' title='bbox 2102 760 2205 799; x_wconf 83' lang='lat' dir='ltr'><strong>nex</strong></span> <span class='ocrx_word' id='word_1_188' title='bbox 2236 755 2442 814; x_wconf 87' lang='lat' dir='ltr'><strong>autem,</strong></span> <span class='ocrx_word' id='word_1_189' title='bbox 2475 746 2611 802; x_wconf 84' lang='lat' dir='ltr'><strong>nihil</strong></span> <span class='ocrx_word' id='word_1_190' title='bbox 2641 748 2925 804; x_wconf 90' lang='lat' dir='ltr'><strong>inveniens</strong></span> <span class='ocrx_word' id='word_1_191' title='bbox 2950 762 3061 819; x_wconf 90' lang='lat' dir='ltr'><strong>quo</strong></span> <span class='ocrx_word' id='word_1_192' title='bbox 3085 763 3198 803; x_wconf 91' lang='lat' dir='ltr'><strong>rem</strong></span> <span class='ocrx_word' id='word_1_193' title='bbox 3223 754 3363 803; x_wconf 87' lang='lat' dir='ltr'><strong>hanc</strong></span> <span class='ocrx_word' id='word_1_194' title='bbox 3398 747 3473 801; x_wconf 88' lang='lat' dir='ltr'><strong>illi</strong></span> <span class='ocrx_word' id='word_1_195' title='bbox 3507 747 3692 801; x_wconf 87' lang='lat' dir='ltr'><strong>decla-</strong></span> 
     </span>
    </p>
   </div>
   <div class='ocr_carea' id='block_1_26' title="bbox 2101 837 3696 908">
    <p class='ocr_par' dir='ltr' id='par_1_26' title="bbox 2101 837 3696 908">
     <span class='ocr_line' id='line_1_26' title="bbox 2101 837 3696 908; baseline 0.003 -20"><span class='ocrx_word' id='word_1_196' title='bbox 2101 844 2248 890; x_wconf 84' lang='lat' dir='ltr'><strong>raret</strong></span> <span class='ocrx_word' id='word_1_197' title='bbox 2271 878 2285 901; x_wconf 93' lang='lat'><strong>,</strong></span> <span class='ocrx_word' id='word_1_198' title='bbox 2318 838 2484 906; x_wconf 78' lang='lat' dir='ltr'><strong>coepit</strong></span> <span class='ocrx_word' id='word_1_199' title='bbox 2523 838 2707 895; x_wconf 87' lang='lat' dir='ltr'><strong>dicere</strong></span> <span class='ocrx_word' id='word_1_200' title='bbox 2742 854 2869 894; x_wconf 91' lang='lat' dir='ltr'><strong>cum</strong></span> <span class='ocrx_word' id='word_1_201' title='bbox 2908 845 3097 894; x_wconf 80' lang='lat' dir='ltr'><strong>saneta</strong></span> <span class='ocrx_word' id='word_1_202' title='bbox 3130 838 3513 908; x_wconf 72' lang='lat' dir='ltr'><strong>simplicitate:</strong></span> <span class='ocrx_word' id='word_1_203' title='bbox 3567 857 3584 888; x_wconf 75' lang='grc' dir='ltr'><strong>ι</strong></span> <span class='ocrx_word' id='word_1_204' title='bbox 3619 837 3696 892; x_wconf 81' lang='lat' dir='ltr'><strong>Ne</strong></span> 
     </span>
    </p>
   </div>
   <div class='ocr_carea' id='block_1_27' title="bbox 2104 924 3698 998">
    <p class='ocr_par' dir='ltr' id='par_1_27' title="bbox 2104 924 3698 998">
     <span class='ocr_line' id='line_1_27' title="bbox 2104 924 3698 998; baseline 0.001 -18"><span class='ocrx_word' id='word_1_205' title='bbox 2104 926 2343 983; x_wconf 89' lang='lat' dir='ltr'><strong>divertas</strong></span> <span class='ocrx_word' id='word_1_206' title='bbox 2368 942 2456 982; x_wconf 89' lang='lat' dir='ltr'><strong>me</strong></span> <span class='ocrx_word' id='word_1_207' title='bbox 2475 928 2946 998; x_wconf 88' lang='lat' dir='ltr'><strong>sophismatibus;</strong></span> <span class='ocrx_word' id='word_1_208' title='bbox 2976 942 3077 994; x_wconf 82' lang='lat' dir='ltr'><strong>ego</strong></span> <span class='ocrx_word' id='word_1_209' title='bbox 3106 942 3191 983; x_wconf 92' lang='lat' dir='ltr'><strong>me</strong></span> <span class='ocrx_word' id='word_1_210' title='bbox 3220 928 3299 983; x_wconf 83' lang='lat' dir='ltr'><strong>sic</strong></span> <span class='ocrx_word' id='word_1_211' title='bbox 3334 927 3528 981; x_wconf 83' lang='lat' dir='ltr'><strong>habeo.</strong></span> <span class='ocrx_word' id='word_1_212' title='bbox 3560 946 3578 978; x_wconf 84' lang='grc'><strong>›</strong></span> <span class='ocrx_word' id='word_1_213' title='bbox 3626 924 3698 981; x_wconf 77' lang='lat' dir='ltr'><strong>Ut</strong></span> 
     </span>
    </p>
   </div>
   <div class='ocr_carea' id='block_1_28' title="bbox 2105 1020 3692 1090">
    <p class='ocr_par' dir='ltr' id='par_1_28' title="bbox 2105 1020 3692 1090">
     <span class='ocr_line' id='line_1_28' title="bbox 2105 1020 3692 1090; baseline 0 -18"><span class='ocrx_word' id='word_1_214' title='bbox 2105 1022 2287 1072; x_wconf 81' lang='lat' dir='ltr'><strong>autem</strong></span> <span class='ocrx_word' id='word_1_215' title='bbox 2312 1033 2412 1089; x_wconf 82' lang='lat' dir='ltr'><strong>ego</strong></span> <span class='ocrx_word' id='word_1_216' title='bbox 2440 1033 2624 1074; x_wconf 89' lang='lat' dir='ltr'><strong>senem</strong></span> <span class='ocrx_word' id='word_1_217' title='bbox 2655 1020 2763 1075; x_wconf 87' lang='lat' dir='ltr'><strong>vidi</strong></span> <span class='ocrx_word' id='word_1_218' title='bbox 2792 1021 3131 1076; x_wconf 81' lang='lat' dir='ltr'><strong>dubitantem</strong></span> <span class='ocrx_word' id='word_1_219' title='bbox 3157 1021 3286 1090; x_wconf 92' lang='lat' dir='ltr'><strong>quid</strong></span> <span class='ocrx_word' id='word_1_220' title='bbox 3316 1022 3692 1090; x_wconf 87' lang='lat' dir='ltr'><strong>responderet,</strong></span> 
     </span>
    </p>
   </div>
   <div class='ocr_carea' id='block_1_29' title="bbox 2105 1110 3696 1187">
    <p class='ocr_par' dir='ltr' id='par_1_29' title="bbox 2105 1110 3696 1187">
     <span class='ocr_line' id='line_1_29' title="bbox 2105 1110 3696 1187; baseline 0.004 -26"><span class='ocrx_word' id='word_1_221' title='bbox 2105 1110 2360 1180; x_wconf 68' lang='lat' dir='ltr'><strong>praeripui</strong></span> <span class='ocrx_word' id='word_1_222' title='bbox 2392 1125 2700 1165; x_wconf 75' lang='lat' dir='ltr'><strong>sermonem</strong></span> <span class='ocrx_word' id='word_1_223' title='bbox 2731 1124 2785 1167; x_wconf 91' lang='lat' dir='ltr'><strong>et</strong></span> <span class='ocrx_word' id='word_1_224' title='bbox 2813 1112 2923 1167; x_wconf 92' lang='lat' dir='ltr'><strong>dixi</strong></span> <span class='ocrx_word' id='word_1_225' title='bbox 2962 1131 2976 1167; x_wconf 88' lang='lat'><strong>:</strong></span> <span class='ocrx_word' id='word_1_226' title='bbox 3017 1132 3035 1165; x_wconf 82' lang='grc' dir='ltr'><strong>ι</strong></span> <span class='ocrx_word' id='word_1_227' title='bbox 3066 1111 3180 1167; x_wconf 87' lang='lat' dir='ltr'><strong>Hoc</strong></span> <span class='ocrx_word' id='word_1_228' title='bbox 3217 1127 3318 1183; x_wconf 81' lang='lat' dir='ltr'><strong>ego</strong></span> <span class='ocrx_word' id='word_1_229' title='bbox 3351 1127 3476 1167; x_wconf 90' lang='lat' dir='ltr'><strong>reor</strong></span> <span class='ocrx_word' id='word_1_230' title='bbox 3507 1111 3696 1187; x_wconf 81' lang='lat' dir='ltr'><strong>utique</strong></span> 
     </span>
    </p>
   </div>
   <div class='ocr_carea' id='block_1_30' title="bbox 2106 1202 3693 1282">
    <p class='ocr_par' dir='ltr' id='par_1_30' title="bbox 2106 1202 3693 1282">
     <span class='ocr_line' id='line_1_30' title="bbox 2106 1202 3693 1282; baseline -0.001 -26"><span class='ocrx_word' id='word_1_231' title='bbox 2106 1216 2166 1257; x_wconf 89' lang='lat' dir='ltr'><strong>se</strong></span> <span class='ocrx_word' id='word_1_232' title='bbox 2203 1202 2404 1257; x_wconf 81' lang='lat' dir='ltr'><strong>habere</strong></span> <span class='ocrx_word' id='word_1_233' title='bbox 2430 1242 2446 1266; x_wconf 92' lang='lat'><strong>,</strong></span> <span class='ocrx_word' id='word_1_234' title='bbox 2492 1203 2952 1272; x_wconf 89' lang='lat' dir='ltr'><strong>quemadmodum</strong></span> <span class='ocrx_word' id='word_1_235' title='bbox 2985 1204 3285 1282; x_wconf 79' lang='lat' dir='ltr'><strong>sophistica</strong></span> <span class='ocrx_word' id='word_1_236' title='bbox 3311 1212 3365 1257; x_wconf 92' lang='lat' dir='ltr'><strong>et</strong></span> <span class='ocrx_word' id='word_1_237' title='bbox 3395 1203 3693 1261; x_wconf 87' lang='lat' dir='ltr'><strong>medicina-</strong></span> 
     </span>
    </p>
   </div>
   <div class='ocr_carea' id='block_1_31' title="bbox 2107 1292 3694 1365">
    <p class='ocr_par' dir='ltr' id='par_1_31' title="bbox 2107 1292 3694 1365">
     <span class='ocr_line' id='line_1_31' title="bbox 2107 1292 3694 1365; baseline -0.001 -17"><span class='ocrx_word' id='word_1_238' title='bbox 2107 1295 2174 1351; x_wconf 77' lang='lat' dir='ltr'><strong>lis</strong></span> <span class='ocrx_word' id='word_1_239' title='bbox 2200 1313 2214 1349; x_wconf 85' lang='lat'><strong>:</strong></span> <span class='ocrx_word' id='word_1_240' title='bbox 2251 1309 2390 1364; x_wconf 87' lang='lat' dir='ltr'><strong>quas</strong></span> <span class='ocrx_word' id='word_1_241' title='bbox 2413 1302 2558 1349; x_wconf 84' lang='lat' dir='ltr'><strong>artes</strong></span> <span class='ocrx_word' id='word_1_242' title='bbox 2585 1309 2708 1350; x_wconf 90' lang='lat' dir='ltr'><strong>cum</strong></span> <span class='ocrx_word' id='word_1_243' title='bbox 2742 1294 3012 1365; x_wconf 79' lang='lat' dir='ltr'><strong>quispiam</strong></span> <span class='ocrx_word' id='word_1_244' title='bbox 3044 1295 3247 1364; x_wconf 88' lang='lat' dir='ltr'><strong>optime</strong></span> <span class='ocrx_word' id='word_1_245' title='bbox 3272 1294 3530 1352; x_wconf 75' lang='lat' dir='ltr'><strong>callueri‘t-</strong></span> <span class='ocrx_word' id='word_1_246' title='bbox 3548 1302 3610 1348; x_wconf 85' lang='lat' dir='ltr'><strong>et.</strong></span> <span class='ocrx_word' id='word_1_247' title='bbox 3627 1292 3694 1347; x_wconf 88' lang='lat' dir='ltr'><strong>ad</strong></span> 
     </span>
    </p>
   </div>
   <div class='ocr_carea' id='block_1_32' title="bbox 2108 1385 3694 1461">
    <p class='ocr_par' dir='ltr' id='par_1_32' title="bbox 2108 1385 3694 1461">
     <span class='ocr_line' id='line_1_32' title="bbox 2108 1385 3694 1461; baseline -0.003 -19"><span class='ocrx_word' id='word_1_248' title='bbox 2108 1396 2289 1441; x_wconf 87' lang='lat' dir='ltr'><strong>actum</strong></span> <span class='ocrx_word' id='word_1_249' title='bbox 2322 1385 2655 1455; x_wconf 85' lang='lat' dir='ltr'><strong>perduxerit,</strong></span> <span class='ocrx_word' id='word_1_250' title='bbox 2686 1388 2890 1441; x_wconf 85' lang='lat' dir='ltr'><strong>sensim</strong></span> <span class='ocrx_word' id='word_1_251' title='bbox 2923 1385 3267 1456; x_wconf 85' lang='lat' dir='ltr'><strong>frequentato</strong></span> <span class='ocrx_word' id='word_1_252' title='bbox 3294 1396 3423 1442; x_wconf 79' lang='lat' dir='ltr'><strong>actu</strong></span> <span class='ocrx_word' id='word_1_253' title='bbox 3450 1388 3694 1461; x_wconf 85' lang='lat' dir='ltr'><strong>ipsarum</strong></span> 
     </span>
    </p>
   </div>
   <div class='ocr_carea' id='block_1_33' title="bbox 2108 1474 3697 1546">
    <p class='ocr_par' dir='ltr' id='par_1_33' title="bbox 2108 1474 3697 1546">
     <span class='ocr_line' id='line_1_33' title="bbox 2108 1474 3697 1546; baseline 0 -16"><span class='ocrx_word' id='word_1_254' title='bbox 2108 1477 2170 1530; x_wconf 82' lang='lat' dir='ltr'><strong>ﬁt</strong></span> <span class='ocrx_word' id='word_1_255' title='bbox 2214 1475 2432 1530; x_wconf 89' lang='lat' dir='ltr'><strong>habitus</strong></span> <span class='ocrx_word' id='word_1_256' title='bbox 2468 1484 2524 1530; x_wconf 92' lang='lat' dir='ltr'><strong>et</strong></span> <span class='ocrx_word' id='word_1_257' title='bbox 2556 1474 2770 1530; x_wconf 90' lang='lat' dir='ltr'><strong>medico</strong></span> <span class='ocrx_word' id='word_1_258' title='bbox 2806 1484 2857 1530; x_wconf 92' lang='lat' dir='ltr'><strong>et</strong></span> <span class='ocrx_word' id='word_1_259' title='bbox 2901 1475 3182 1545; x_wconf 75' lang='lat' dir='ltr'><strong>SOphistae.</strong></span> <span class='ocrx_word' id='word_1_260' title='bbox 3218 1474 3283 1529; x_wconf 79' lang='lat' dir='ltr'><strong>Hi</strong></span> <span class='ocrx_word' id='word_1_261' title='bbox 3324 1487 3506 1531; x_wconf 87' lang='lat' dir='ltr'><strong>autem</strong></span> <span class='ocrx_word' id='word_1_262' title='bbox 3546 1484 3697 1546; x_wconf 85' lang='lat' dir='ltr'><strong>post-</strong></span> 
     </span>
    </p>
   </div>
   <div class='ocr_carea' id='block_1_34' title="bbox 2111 1566 3699 1649">
    <p class='ocr_par' dir='ltr' id='par_1_34' title="bbox 2111 1566 3699 1649">
     <span class='ocr_line' id='line_1_34' title="bbox 2111 1566 3699 1649; baseline -0.001 -26"><span class='ocrx_word' id='word_1_263' title='bbox 2111 1569 2331 1649; x_wconf 71' lang='lat' dir='ltr'><strong>modum</strong></span> <span class='ocrx_word' id='word_1_264' title='bbox 2360 1569 2557 1623; x_wconf 85' lang='lat' dir='ltr'><strong>docere</strong></span> <span class='ocrx_word' id='word_1_265' title='bbox 2596 1576 2877 1638; x_wconf 84' lang='lat' dir='ltr'><strong>nequeunt</strong></span> <span class='ocrx_word' id='word_1_266' title='bbox 2907 1582 3010 1623; x_wconf 90' lang='lat' dir='ltr'><strong>nec</strong></span> <span class='ocrx_word' id='word_1_267' title='bbox 3037 1576 3269 1634; x_wconf 91' lang='lat' dir='ltr'><strong>norunt,</strong></span> <span class='ocrx_word' id='word_1_268' title='bbox 3304 1583 3425 1638; x_wconf 84' lang='lat' dir='ltr'><strong>quo.</strong></span> <span class='ocrx_word' id='word_1_269' title='bbox 3444 1576 3601 1637; x_wconf 80' lang='lat' dir='ltr'><strong>pacto</strong></span> <span class='ocrx_word' id='word_1_270' title='bbox 3630 1566 3699 1622; x_wconf 90' lang='lat' dir='ltr'><strong>ad</strong></span> 
     </span>
    </p>
   </div>
   <div class='ocr_carea' id='block_1_35' title="bbox 2076 1658 3698 1730">
    <p class='ocr_par' dir='ltr' id='par_1_35' title="bbox 2076 1658 3698 1730">
     <span class='ocr_line' id='line_1_35' title="bbox 2076 1658 3698 1730; baseline -0.001 -15"><span class='ocrx_word' id='word_1_271' title='bbox 2076 1718 2079 1727; x_wconf 33' lang='grc' dir='ltr'><strong>γ</strong></span> <span class='ocrx_word' id='word_1_272' title='bbox 2111 1675 2298 1716; x_wconf 84' lang='lat' dir='ltr'><strong>earum</strong></span> <span class='ocrx_word' id='word_1_273' title='bbox 2323 1659 2734 1727; x_wconf 84' lang='lat' dir='ltr'><strong>disciplinarum</strong></span> <span class='ocrx_word' id='word_1_274' title='bbox 2769 1658 3014 1713; x_wconf 89' lang='lat' dir='ltr'><strong>habitum</strong></span> <span class='ocrx_word' id='word_1_275' title='bbox 3054 1659 3421 1730; x_wconf 81' lang='lat' dir='ltr'><strong>pervenerint.</strong></span> <span class='ocrx_word' id='word_1_276' title='bbox 3459 1659 3552 1716; x_wconf 88' lang='lat' dir='ltr'><strong>Sic</strong></span> <span class='ocrx_word' id='word_1_277' title='bbox 3577 1662 3698 1715; x_wconf 87' lang='lat' dir='ltr'><strong>ani-</strong></span> 
     </span>
    </p>
   </div>
   <div class='ocr_carea' id='block_1_36' title="bbox 2113 1749 3701 1821">
    <p class='ocr_par' dir='ltr' id='par_1_36' title="bbox 2113 1749 3701 1821">
     <span class='ocr_line' id='line_1_36' title="bbox 2113 1749 3701 1821; baseline 0.001 -16"><span class='ocrx_word' id='word_1_278' title='bbox 2113 1767 2199 1805; x_wconf 89' lang='lat' dir='ltr'><strong>ma</strong></span> <span class='ocrx_word' id='word_1_279' title='bbox 2237 1752 2333 1817; x_wconf 91' lang='lat' dir='ltr'><strong>(ut</strong></span> <span class='ocrx_word' id='word_1_280' title='bbox 2358 1749 2505 1820; x_wconf 78' lang='lat' dir='ltr'><strong>dixi)</strong></span> <span class='ocrx_word' id='word_1_281' title='bbox 2541 1749 2746 1804; x_wconf 86' lang='lat' dir='ltr'><strong>sensim</strong></span> <span class='ocrx_word' id='word_1_282' title='bbox 2779 1749 2900 1805; x_wconf 88' lang='lat' dir='ltr'><strong>sine</strong></span> <span class='ocrx_word' id='word_1_283' title='bbox 2942 1765 3106 1806; x_wconf 89' lang='lat' dir='ltr'><strong>sensu</strong></span> <span class='ocrx_word' id='word_1_284' title='bbox 3142 1750 3459 1821; x_wconf 79' lang='lat' dir='ltr'><strong>disciplinas</strong></span> <span class='ocrx_word' id='word_1_285' title='bbox 3494 1752 3593 1805; x_wconf 85' lang='lat' dir='ltr'><strong>has</strong></span> <span class='ocrx_word' id='word_1_286' title='bbox 3633 1767 3701 1806; x_wconf 78' lang='lat' dir='ltr'><strong>ex</strong></span> 
     </span>
    </p>
   </div>
   <div class='ocr_carea' id='block_1_37' title="bbox 2114 1841 3703 1914">
    <p class='ocr_par' dir='ltr' id='par_1_37' title="bbox 2114 1841 3703 1914">
     <span class='ocr_line' id='line_1_37' title="bbox 2114 1841 3703 1914; baseline 0.001 -17"><span class='ocrx_word' id='word_1_287' title='bbox 2114 1844 2278 1914; x_wconf 79' lang='lat'><strong>387</strong></span> <span class='ocrx_word' id='word_1_288' title='bbox 2314 1844 2528 1898; x_wconf 88' lang='lat' dir='ltr'><strong>actione</strong></span> <span class='ocrx_word' id='word_1_289' title='bbox 2559 1841 2828 1912; x_wconf 88' lang='lat' dir='ltr'><strong>concepit.</strong></span> <span class='ocrx_word' id='word_1_290' title='bbox 2856 1842 3002 1898; x_wconf 82' lang='lat' dir='ltr'><strong>fdem</strong></span> <span class='ocrx_word' id='word_1_291' title='bbox 3037 1842 3224 1899; x_wconf 87' lang='lat' dir='ltr'><strong>dicere</strong></span> <span class='ocrx_word' id='word_1_292' title='bbox 3255 1851 3339 1898; x_wconf 86' lang='lat' dir='ltr'><strong>est</strong></span> <span class='ocrx_word' id='word_1_293' title='bbox 3381 1844 3449 1900; x_wconf 91' lang='lat' dir='ltr'><strong>de</strong></span> <span class='ocrx_word' id='word_1_294' title='bbox 3483 1843 3703 1898; x_wconf 88' lang='lat' dir='ltr'><strong>humili-</strong></span> 
     </span>
    </p>
   </div>
   <div class='ocr_carea' id='block_1_38' title="bbox 2117 1933 3706 2007">
    <p class='ocr_par' dir='ltr' id='par_1_38' title="bbox 2117 1933 3706 2007">
     <span class='ocr_line' id='line_1_38' title="bbox 2117 1933 3706 2007; baseline -0.001 -16"><span class='ocrx_word' id='word_1_295' title='bbox 2117 1945 2256 2001; x_wconf 85' lang='lat' dir='ltr'><strong>tate,</strong></span> <span class='ocrx_word' id='word_1_296' title='bbox 2288 1935 2435 2004; x_wconf 89' lang='lat' dir='ltr'><strong>quod</strong></span> <span class='ocrx_word' id='word_1_297' title='bbox 2462 1934 2668 2007; x_wconf 87' lang='lat' dir='ltr'><strong>scilicet</strong></span> <span class='ocrx_word' id='word_1_298' title='bbox 2700 1949 2765 1990; x_wconf 84' lang='lat' dir='ltr'><strong>ex</strong></span> <span class='ocrx_word' id='word_1_299' title='bbox 2812 1933 3005 1989; x_wconf 89' lang='lat' dir='ltr'><strong>crebra</strong></span> <span class='ocrx_word' id='word_1_300' title='bbox 3054 1934 3371 2004; x_wconf 84' lang='lat' dir='ltr'><strong>operatione</strong></span> <span class='ocrx_word' id='word_1_301' title='bbox 3418 1934 3706 1989; x_wconf 80' lang='lat' dir='ltr'><strong>mandato-</strong></span> 
     </span>
    </p>
   </div>
   <div class='ocr_carea' id='block_1_39' title="bbox 2115 2015 3700 2097">
    <p class='ocr_par' dir='ltr' id='par_1_39' title="bbox 2115 2015 3700 2097">
     <span class='ocr_line' id='line_1_39' title="bbox 2115 2015 3700 2097; baseline -0.001 -13"><span class='ocrx_word' id='word_1_302' title='bbox 2115 2045 2234 2084; x_wconf 87' lang='lat' dir='ltr'><strong>rum</strong></span> <span class='ocrx_word' id='word_1_303' title='bbox 2278 2027 2370 2082; x_wconf 84' lang='lat' dir='ltr'><strong>Dei</strong></span> <span class='ocrx_word' id='word_1_304' title='bbox 2404 2028 2497 2081; x_wconf 81' lang='lat' dir='ltr'><strong>fiat</strong></span> <span class='ocrx_word' id='word_1_305' title='bbox 2524 2028 2738 2082; x_wconf 88' lang='lat' dir='ltr'><strong>habitus</strong></span> <span class='ocrx_word' id='word_1_306' title='bbox 2765 2015 2985 2097; x_wconf 79' lang='lat' dir='ltr'><strong>quidam</strong></span> <span class='ocrx_word' id='word_1_307' title='bbox 3018 2026 3346 2082; x_wconf 81' lang='lat' dir='ltr'><strong>humilitatis</strong></span> <span class='ocrx_word' id='word_1_308' title='bbox 3385 2026 3440 2082; x_wconf 92' lang='lat' dir='ltr'><strong>in</strong></span> <span class='ocrx_word' id='word_1_309' title='bbox 3474 2027 3657 2083; x_wconf 83' lang='lat' dir='ltr'><strong>anima</strong></span> <span class='ocrx_word' id='word_1_310' title='bbox 3684 2069 3700 2095; x_wconf 94' lang='lat'><strong>,</strong></span> 
     </span>
    </p>
   </div>
   <div class='ocr_carea' id='block_1_40' title="bbox 2116 2117 3705 2192">
    <p class='ocr_par' dir='ltr' id='par_1_40' title="bbox 2116 2117 3705 2192">
     <span class='ocr_line' id='line_1_40' title="bbox 2116 2117 3705 2192; baseline -0.001 -19"><span class='ocrx_word' id='word_1_311' title='bbox 2116 2123 2208 2192; x_wconf 87' lang='lat' dir='ltr'><strong>qui</strong></span> <span class='ocrx_word' id='word_1_312' title='bbox 2248 2137 2353 2175; x_wconf 90' lang='lat' dir='ltr'><strong>non</strong></span> <span class='ocrx_word' id='word_1_313' title='bbox 2399 2120 2570 2189; x_wconf 79' lang='lat' dir='ltr'><strong>possit</strong></span> <span class='ocrx_word' id='word_1_314' title='bbox 2597 2119 2858 2188; x_wconf 83' lang='lat' dir='ltr'><strong>explicari</strong></span> <span class='ocrx_word' id='word_1_315' title='bbox 2891 2134 3166 2174; x_wconf 89' lang='lat' dir='ltr'><strong>sermone.</strong></span> <span class='ocrx_word' id='word_1_316' title='bbox 3198 2139 3216 2171; x_wconf 72' lang='grc' dir='ltr'><strong>ι</strong></span> <span class='ocrx_word' id='word_1_317' title='bbox 3256 2117 3380 2173; x_wconf 63' lang='lat' dir='ltr'><strong>Haec</strong></span> <span class='ocrx_word' id='word_1_318' title='bbox 3410 2127 3467 2173; x_wconf 89' lang='lat' dir='ltr'><strong>ut</strong></span> <span class='ocrx_word' id='word_1_319' title='bbox 3496 2118 3705 2173; x_wconf 78' lang='lat' dir='ltr'><strong>audivit</strong></span> 
     </span>
    </p>
   </div>
   <div class='ocr_carea' id='block_1_41' title="bbox 2119 2209 3705 2280">
    <p class='ocr_par' dir='ltr' id='par_1_41' title="bbox 2119 2209 3705 2280">
     <span class='ocr_line' id='line_1_41' title="bbox 2119 2209 3705 2280; baseline -0.004 -9"><span class='ocrx_word' id='word_1_320' title='bbox 2119 2218 2288 2272; x_wconf 81' lang='lat' dir='ltr'><strong>abbas</strong></span> <span class='ocrx_word' id='word_1_321' title='bbox 2314 2215 2587 2280; x_wconf 81' lang='lat' dir='ltr'><strong>Zosimas,</strong></span> <span class='ocrx_word' id='word_1_322' title='bbox 2618 2214 2776 2269; x_wconf 81' lang='lat' dir='ltr'><strong>laetus</strong></span> <span class='ocrx_word' id='word_1_323' title='bbox 2799 2212 2864 2268; x_wconf 90' lang='lat' dir='ltr'><strong>ad</strong></span> <span class='ocrx_word' id='word_1_324' title='bbox 2892 2229 2979 2269; x_wconf 86' lang='lat' dir='ltr'><strong>me</strong></span> <span class='ocrx_word' id='word_1_325' title='bbox 3001 2228 3296 2269; x_wconf 83' lang='lat' dir='ltr'><strong>conversus</strong></span> <span class='ocrx_word' id='word_1_326' title='bbox 3322 2214 3398 2267; x_wconf 87' lang='lat' dir='ltr'><strong>ait</strong></span> <span class='ocrx_word' id='word_1_327' title='bbox 3426 2230 3439 2267; x_wconf 92' lang='lat'>:</span> <span class='ocrx_word' id='word_1_328' title='bbox 3480 2230 3497 2263; x_wconf 81' lang='grc' dir='ltr'><strong>ι</strong></span> <span class='ocrx_word' id='word_1_329' title='bbox 3531 2209 3705 2265; x_wconf 82' lang='lat' dir='ltr'><strong>Probe</strong></span> 
     </span>
    </p>
   </div>
   <div class='ocr_carea' id='block_1_42' title="bbox 434 2292 3706 2382">
    <p class='ocr_par' dir='ltr' id='par_1_42' title="bbox 434 2292 3706 2382">
     <span class='ocr_line' id='line_1_42' title="bbox 434 2292 3706 2382; baseline 0.005 -38"><span class='ocrx_word' id='word_1_330' title='bbox 434 2293 695 2346; x_wconf 85' lang='lat' dir='ltr'><strong>rationem</strong></span> <span class='ocrx_word' id='word_1_331' title='bbox 727 2292 983 2348; x_wconf 78' lang='lat' dir='ltr'><strong>invenisti</strong></span> <span class='ocrx_word' id='word_1_332' title='bbox 1016 2309 1029 2345; x_wconf 75' lang='grc' dir='ltr'><strong>ι</strong></span> <span class='ocrx_word' id='word_1_333' title='bbox 1073 2294 1156 2350; x_wconf 90' lang='lat' dir='ltr'><strong>sic</strong></span> <span class='ocrx_word' id='word_1_334' title='bbox 1196 2295 1359 2351; x_wconf 80' lang='lat' dir='ltr'><strong>habet</strong></span> <span class='ocrx_word' id='word_1_335' title='bbox 1393 2305 1454 2352; x_wconf 87' lang='lat' dir='ltr'><strong>ut</strong></span> <span class='ocrx_word' id='word_1_336' title='bbox 1483 2299 1690 2355; x_wconf 78' lang='lat' dir='ltr'><strong>dixisti.</strong></span> <span class='ocrx_word' id='word_1_337' title='bbox 1723 2321 1741 2354; x_wconf 70' lang='grc' dir='ltr'><strong>ι</strong></span> <span class='ocrx_word' id='word_1_338' title='bbox 1779 2300 1854 2360; x_wconf 78' lang='lat' dir='ltr'><strong>ita</strong></span> <span class='ocrx_word' id='word_1_339' title='bbox 1891 2306 2151 2367; x_wconf 87' lang='lat' dir='ltr'><strong>liberatus</strong></span> <span class='ocrx_word' id='word_1_340' title='bbox 2181 2311 2427 2382; x_wconf 81' lang='lat' dir='ltr'><strong>sophista</strong></span> <span class='ocrx_word' id='word_1_341' title='bbox 2495 2308 2753 2378; x_wconf 88' lang='lat' dir='ltr'><strong>scrupulo</strong></span> <span class='ocrx_word' id='word_1_342' title='bbox 2783 2321 2910 2363; x_wconf 90' lang='lat' dir='ltr'><strong>cum</strong></span> <span class='ocrx_word' id='word_1_343' title='bbox 2973 2306 3091 2361; x_wconf 81' lang='lat' dir='ltr'><strong>haec</strong></span> <span class='ocrx_word' id='word_1_344' title='bbox 3153 2305 3416 2371; x_wconf 87' lang='lat' dir='ltr'><strong>audisset,</strong></span> <span class='ocrx_word' id='word_1_345' title='bbox 3445 2320 3706 2377; x_wconf 68' lang='lat' dir='ltr'><strong>quaecun-</strong></span> 
     </span>
    </p>
   </div>
   <div class='ocr_carea' id='block_1_43' title="bbox 431 2385 1051 2454">
    <p class='ocr_par' dir='ltr' id='par_1_43' title="bbox 431 2385 1051 2454">
     <span class='ocr_line' id='line_1_43' title="bbox 431 2385 1051 2454; baseline 0.008 -17"><span class='ocrx_word' id='word_1_346' title='bbox 431 2400 537 2454; x_wconf 80' lang='lat' dir='ltr'><strong>que</strong></span> <span class='ocrx_word' id='word_1_347' title='bbox 564 2385 783 2441; x_wconf 87' lang='lat' dir='ltr'><strong>admisit</strong></span> <span class='ocrx_word' id='word_1_348' title='bbox 814 2396 867 2441; x_wconf 84' lang='lat' dir='ltr'><strong>et</strong></span> <span class='ocrx_word' id='word_1_349' title='bbox 895 2388 1051 2443; x_wconf 79' lang='lat' dir='ltr'><strong>abiit.</strong></span> 
     </span>
    </p>
   </div>
   <div class='ocr_carea' id='block_1_44' title="bbox 505 2472 2021 2564">
    <p class='ocr_par' dir='ltr' id='par_1_44' title="bbox 505 2472 2021 2564">
     <span class='ocr_line' id='line_1_44' title="bbox 505 2472 2021 2564; baseline 0.014 -36"><span class='ocrx_word' id='word_1_350' title='bbox 505 2477 582 2529; x_wconf 67' lang='grc' dir='ltr'><strong>ΙΨ.</strong></span> <span class='ocrx_word' id='word_1_351' title='bbox 613 2472 779 2531; x_wconf 75' lang='grc' dir='ltr'>Εἶπον</span> <span class='ocrx_word' id='word_1_352' title='bbox 800 2478 909 2548; x_wconf 87' lang='grc' dir='ltr'><strong>γὰρ</strong></span> <span class='ocrx_word' id='word_1_353' title='bbox 936 2480 1032 2532; x_wconf 65' lang='grc' dir='ltr'><strong>καὶ⁸</strong></span> <span class='ocrx_word' id='word_1_354' title='bbox 1057 2483 1107 2534; x_wconf 86' lang='grc' dir='ltr'><strong>οί</strong></span> <span class='ocrx_word' id='word_1_355' title='bbox 1131 2482 1388 2554; x_wconf 76' lang='grc' dir='ltr'>γέροντές</span> <span class='ocrx_word' id='word_1_356' title='bbox 1410 2501 1534 2539; x_wconf 86' lang='grc' dir='ltr'>τινα</span> <span class='ocrx_word' id='word_1_357' title='bbox 1560 2487 1845 2557; x_wconf 76' lang='grc' dir='ltr'>ποιοῦντας</span> <span class='ocrx_word' id='word_1_358' title='bbox 1874 2494 2021 2564; x_wconf 75' lang='grc' dir='ltr'>ἡμᾶς</span> 
     </span>
    </p>
   </div>
   <div class='ocr_carea' id='block_1_45' title="bbox 428 2571 2018 2653">
    <p class='ocr_par' dir='ltr' id='par_1_45' title="bbox 428 2571 2018 2653">
     <span class='ocr_line' id='line_1_45' title="bbox 428 2571 2018 2653; baseline 0.012 -32"><span class='ocrx_word' id='word_1_359' title='bbox 428 2572 622 2640; x_wconf 82' lang='grc' dir='ltr'>νοῆσαι</span> <span class='ocrx_word' id='word_1_360' title='bbox 646 2571 1127 2641; x_wconf 77' lang='grc' dir='ltr'>τὴνταπείνωσιν·</span> <span class='ocrx_word' id='word_1_361' title='bbox 1159 2576 1332 2644; x_wconf 77' lang='grc' dir='ltr'>αὐτὴν</span> <span class='ocrx_word' id='word_1_362' title='bbox 1364 2579 1728 2651; x_wconf 82' lang='grc' dir='ltr'>ὲγγινομένην</span> <span class='ocrx_word' id='word_1_363' title='bbox 1754 2582 2018 2653; x_wconf 87' lang='grc' dir='ltr'>διάθεσιν,</span> 
     </span>
    </p>
   </div>
   <div class='ocr_carea' id='block_1_46' title="bbox 427 2657 2020 2745">
    <p class='ocr_par' dir='ltr' id='par_1_46' title="bbox 427 2657 2020 2745">
     <span class='ocr_line' id='line_1_46' title="bbox 427 2657 2020 2745; baseline 0.011 -32"><span class='ocrx_word' id='word_1_364' title='bbox 427 2661 506 2724; x_wconf 84' lang='grc' dir='ltr'><strong>ώς</strong></span> <span class='ocrx_word' id='word_1_365' title='bbox 540 2662 708 2722; x_wconf 78' lang='grc' dir='ltr'>ἔστιν,</span> <span class='ocrx_word' id='word_1_366' title='bbox 742 2661 921 2725; x_wconf 67' lang='grc' dir='ltr'>οἰδελς</span> <span class='ocrx_word' id='word_1_367' title='bbox 955 2657 1114 2732; x_wconf 71' lang='grc' dir='ltr'>εὗρεν</span> <span class='ocrx_word' id='word_1_368' title='bbox 1152 2667 1348 2718; x_wconf 67' lang='grc' dir='ltr'>εἰπεῖν.</span> <span class='ocrx_word' id='word_1_369' title='bbox 1393 2667 1549 2721; x_wconf 74' lang='grc' dir='ltr'>Ἐπεὶ</span> <span class='ocrx_word' id='word_1_370' title='bbox 1578 2671 1606 2722; x_wconf 77' lang='grc' dir='ltr'><strong>ὁ</strong></span> <span class='ocrx_word' id='word_1_371' title='bbox 1642 2671 1818 2736; x_wconf 78' lang='grc' dir='ltr'>ἀὸϐᾶς</span> <span class='ocrx_word' id='word_1_372' title='bbox 1855 2675 2020 2745; x_wconf 84' lang='grc' dir='ltr'>Ἀγά-</span> 
     </span>
    </p>
   </div>
   <div class='ocr_carea' id='block_1_47' title="bbox 430 2751 2019 2836">
    <p class='ocr_par' dir='ltr' id='par_1_47' title="bbox 430 2751 2019 2836">
     <span class='ocr_line' id='line_1_47' title="bbox 430 2751 2019 2836; baseline 0.011 -33"><span class='ocrx_word' id='word_1_373' title='bbox 430 2753 559 2811; x_wconf 79' lang='grc' dir='ltr'>θων.</span> <span class='ocrx_word' id='word_1_374' title='bbox 602 2753 690 2805; x_wconf 83' lang='grc' dir='ltr'>ὅτε</span> <span class='ocrx_word' id='word_1_375' title='bbox 733 2753 927 2822; x_wconf 77' lang='grc' dir='ltr'>ἔμελλε</span> <span class='ocrx_word' id='word_1_376' title='bbox 977 2756 1259 2827; x_wconf 77' lang='grc' dir='ltr'><strong>τελευτᾷν,</strong></span> <span class='ocrx_word' id='word_1_377' title='bbox 1296 2751 1451 2810; x_wconf 85' lang='grc' dir='ltr'>εἶπον</span> <span class='ocrx_word' id='word_1_378' title='bbox 1497 2752 1648 2830; x_wconf 79' lang='grc' dir='ltr'>αὐτῷ</span> <span class='ocrx_word' id='word_1_379' title='bbox 1689 2763 1739 2815; x_wconf 83' lang='grc' dir='ltr'>οἱ</span> <span class='ocrx_word' id='word_1_380' title='bbox 1772 2763 2019 2836; x_wconf 81' lang='grc' dir='ltr'>ἀδελφοί·</span> 
     </span>
    </p>
   </div>
   <div class='ocr_carea' id='block_1_48' title="bbox 438 2845 2018 2929">
    <p class='ocr_par' dir='ltr' id='par_1_48' title="bbox 438 2845 2018 2929">
     <span class='ocr_line' id='line_1_48' title="bbox 438 2845 2018 2929; baseline 0.009 -33"><span class='ocrx_word' id='word_1_381' title='bbox 438 2863 458 2896; x_wconf 77' lang='grc' dir='ltr'><strong>ι</strong></span> <span class='ocrx_word' id='word_1_382' title='bbox 491 2846 595 2898; x_wconf 75' lang='grc' dir='ltr'><strong>Καὶ</strong></span> <span class='ocrx_word' id='word_1_383' title='bbox 620 2848 686 2899; x_wconf 83' lang='grc' dir='ltr'>σὺ</span> <span class='ocrx_word' id='word_1_384' title='bbox 722 2846 883 2917; x_wconf 75' lang='grc' dir='ltr'>φοϐῇ,</span> <span class='ocrx_word' id='word_1_385' title='bbox 918 2846 1132 2917; x_wconf 84' lang='grc' dir='ltr'>11άτερ;</span> <span class='ocrx_word' id='word_1_386' title='bbox 1166 2867 1184 2899; x_wconf 76' lang='grc' dir='ltr'><strong>ι</strong></span> <span class='ocrx_word' id='word_1_387' title='bbox 1219 2845 1374 2901; x_wconf 70' lang='grc' dir='ltr'>Εἴπε·</span> <span class='ocrx_word' id='word_1_388' title='bbox 1410 2867 1429 2901; x_wconf 83' lang='grc' dir='ltr'><strong>ι</strong></span> <span class='ocrx_word' id='word_1_389' title='bbox 1467 2851 1617 2916; x_wconf 83' lang='grc' dir='ltr'>Τέως</span> <span class='ocrx_word' id='word_1_390' title='bbox 1649 2853 1884 2924; x_wconf 77' lang='grc' dir='ltr'>ἐποίησα</span> <span class='ocrx_word' id='word_1_391' title='bbox 1917 2857 2018 2929; x_wconf 82' lang='grc' dir='ltr'><strong>τὴν</strong></span> 
     </span>
    </p>
   </div>
   <div class='ocr_carea' id='block_1_49' title="bbox 429 2938 2019 3018">
    <p class='ocr_par' dir='ltr' id='par_1_49' title="bbox 429 2938 2019 3018">
     <span class='ocr_line' id='line_1_49' title="bbox 429 2938 2019 3018; baseline 0.008 -28"><span class='ocrx_word' id='word_1_392' title='bbox 429 2938 663 3009; x_wconf 80' lang='grc' dir='ltr'>δύναμίν</span> <span class='ocrx_word' id='word_1_393' title='bbox 716 2957 819 3009; x_wconf 75' lang='grc' dir='ltr'>μου</span> <span class='ocrx_word' id='word_1_394' title='bbox 870 2940 1102 3008; x_wconf 74' lang='grc' dir='ltr'>φυλάξαι</span> <span class='ocrx_word' id='word_1_395' title='bbox 1151 2940 1251 3003; x_wconf 79' lang='grc' dir='ltr'><strong>τὰς</strong></span> <span class='ocrx_word' id='word_1_396' title='bbox 1297 2942 1542 3006; x_wconf 69' lang='grc' dir='ltr'>ἐντολάς*</span> <span class='ocrx_word' id='word_1_397' title='bbox 1579 2944 1695 2998; x_wconf 81' lang='grc' dir='ltr'><strong>ἀλλ’</strong></span> <span class='ocrx_word' id='word_1_398' title='bbox 1728 2945 2019 3018; x_wconf 71' lang='grc' dir='ltr'>ἄνθρωπός</span> 
     </span>
    </p>
   </div>
   <div class='ocr_carea' id='block_1_50' title="bbox 433 3027 2014 3109">
    <p class='ocr_par' dir='ltr' id='par_1_50' title="bbox 433 3027 2014 3109">
     <span class='ocr_line' id='line_1_50' title="bbox 433 3027 2014 3109; baseline -0.002 -27"><span class='ocrx_word' id='word_1_399' title='bbox 433 3032 570 3098; x_wconf 67' lang='grc' dir='ltr'>εἰμι.</span> <span class='ocrx_word' id='word_1_400' title='bbox 618 3030 793 3083; x_wconf 69' lang='lat' dir='ltr'><strong>[Mler</strong></span> <span class='ocrx_word' id='word_1_401' title='bbox 838 3027 957 3086; x_wconf 70' lang='grc' dir='ltr'>οἶδα</span> <span class='ocrx_word' id='word_1_402' title='bbox 1006 3034 1056 3084; x_wconf 71' lang='grc' dir='ltr'>εἰ</span> <span class='ocrx_word' id='word_1_403' title='bbox 1089 3032 1150 3084; x_wconf 86' lang='grc' dir='ltr'>τὸ</span> <span class='ocrx_word' id='word_1_404' title='bbox 1182 3033 1344 3103; x_wconf 77' lang='grc' dir='ltr'>ἔργον</span> <span class='ocrx_word' id='word_1_405' title='bbox 1387 3051 1488 3103; x_wconf 74' lang='grc' dir='ltr'>μου</span> <span class='ocrx_word' id='word_1_406' title='bbox 1535 3036 1699 3107; x_wconf 73' lang='grc' dir='ltr'>ἤρεσε</span> <span class='ocrx_word' id='word_1_407' title='bbox 1740 3037 1818 3108; x_wconf 78' lang='grc' dir='ltr'><strong>τῷ</strong></span> <span class='ocrx_word' id='word_1_408' title='bbox 1853 3039 2014 3109; x_wconf 70' lang='grc' dir='ltr'><strong>θεῷ;</strong></span> 
     </span>
    </p>
   </div>
   <div class='ocr_carea' id='block_1_51' title="bbox 433 3120 2031 3193">
    <p class='ocr_par' dir='ltr' id='par_1_51' title="bbox 433 3120 2031 3193">
     <span class='ocr_line' id='line_1_51' title="bbox 433 3120 2031 3193; baseline 0.008 -22"><span class='ocrx_word' id='word_1_409' title='bbox 433 3120 563 3173; x_wconf 73' lang='grc' dir='ltr'>ἄλλο</span> <span class='ocrx_word' id='word_1_410' title='bbox 598 3120 707 3190; x_wconf 88' lang='grc' dir='ltr'><strong>γάρ</strong></span> <span class='ocrx_word' id='word_1_411' title='bbox 737 3122 854 3175; x_wconf 64' lang='grc' dir='ltr'>ἐστι</span> <span class='ocrx_word' id='word_1_412' title='bbox 877 3125 937 3174; x_wconf 77' lang='grc' dir='ltr'>τὸ</span> <span class='ocrx_word' id='word_1_413' title='bbox 972 3124 1147 3193; x_wconf 83' lang='grc' dir='ltr'>κρῖμα</span> <span class='ocrx_word' id='word_1_414' title='bbox 1176 3122 1270 3176; x_wconf 75' lang='grc' dir='ltr'><strong>τοῦ</strong></span> <span class='ocrx_word' id='word_1_415' title='bbox 1313 3124 1472 3188; x_wconf 77' lang='grc' dir='ltr'>Θεοῦ,</span> <span class='ocrx_word' id='word_1_416' title='bbox 1514 3126 1609 3179; x_wconf 73' lang='grc' dir='ltr'>καὶ</span> <span class='ocrx_word' id='word_1_417' title='bbox 1639 3126 1769 3181; x_wconf 79' lang='grc' dir='ltr'>ἄλλο</span> <span class='ocrx_word' id='word_1_418' title='bbox 1805 3128 1867 3183; x_wconf 82' lang='grc' dir='ltr'>τὸ</span> <span class='ocrx_word' id='word_1_419' title='bbox 1905 3129 2031 3184; x_wconf 71' lang='grc' dir='ltr'><strong>τῶν</strong></span> 
     </span>
    </p>
   </div>
   <div class='ocr_carea' id='block_1_52' title="bbox 2197 2484 3707 2559">
    <p class='ocr_par' dir='ltr' id='par_1_52' title="bbox 2197 2484 3707 2559">
     <span class='ocr_line' id='line_1_52' title="bbox 2197 2484 3707 2559; baseline -0.007 -9"><span class='ocrx_word' id='word_1_420' title='bbox 2197 2490 2334 2550; x_wconf 82' lang='lat' dir='ltr'><strong>V‘lll.</strong></span> <span class='ocrx_word' id='word_1_421' title='bbox 2366 2490 2627 2546; x_wconf 77' lang='lat' dir='ltr'><strong>Dixerunt</strong></span> <span class='ocrx_word' id='word_1_422' title='bbox 2667 2497 2847 2545; x_wconf 90' lang='lat' dir='ltr'><strong>autem</strong></span> <span class='ocrx_word' id='word_1_423' title='bbox 2878 2487 3113 2559; x_wconf 79' lang='lat' dir='ltr'><strong>majores</strong></span> <span class='ocrx_word' id='word_1_424' title='bbox 3141 2485 3355 2550; x_wconf 91' lang='lat' dir='ltr'><strong>nostri,</strong></span> <span class='ocrx_word' id='word_1_425' title='bbox 3397 2501 3497 2540; x_wconf 89' lang='lat' dir='ltr'><strong>nos</strong></span> <span class='ocrx_word' id='word_1_426' title='bbox 3526 2485 3578 2538; x_wconf 91' lang='lat' dir='ltr'><strong>in</strong></span> <span class='ocrx_word' id='word_1_427' title='bbox 3618 2484 3707 2540; x_wconf 88' lang='lat' dir='ltr'><strong>his</strong></span> 
     </span>
    </p>
   </div>
   <div class='ocr_carea' id='block_1_53' title="bbox 2124 2574 3711 2654">
    <p class='ocr_par' dir='ltr' id='par_1_53' title="bbox 2124 2574 3711 2654">
     <span class='ocr_line' id='line_1_53' title="bbox 2124 2574 3711 2654; baseline -0.008 -15"><span class='ocrx_word' id='word_1_428' title='bbox 2124 2600 2245 2654; x_wconf 67' lang='lat' dir='ltr'><strong>quae</strong></span> <span class='ocrx_word' id='word_1_429' title='bbox 2277 2583 2489 2653; x_wconf 74' lang='lat' dir='ltr'><strong>agimus</strong></span> <span class='ocrx_word' id='word_1_430' title='bbox 2537 2578 2849 2635; x_wconf 90' lang='lat' dir='ltr'><strong>faetitandis</strong></span> <span class='ocrx_word' id='word_1_431' title='bbox 2873 2593 3032 2648; x_wconf 89' lang='lat' dir='ltr'><strong>posse</strong></span> <span class='ocrx_word' id='word_1_432' title='bbox 3053 2577 3414 2631; x_wconf 89' lang='lat' dir='ltr'><strong>humilitatem</strong></span> <span class='ocrx_word' id='word_1_433' title='bbox 3443 2575 3587 2629; x_wconf 81' lang='lat' dir='ltr'><strong>hanc</strong></span> <span class='ocrx_word' id='word_1_434' title='bbox 3622 2574 3711 2627; x_wconf 88' lang='lat' dir='ltr'><strong>in-</strong></span> 
     </span>
    </p>
   </div>
   <div class='ocr_carea' id='block_1_54' title="bbox 2123 2663 3709 2743">
    <p class='ocr_par' dir='ltr' id='par_1_54' title="bbox 2123 2663 3709 2743">
     <span class='ocr_line' id='line_1_54' title="bbox 2123 2663 3709 2743; baseline -0.008 -14"><span class='ocrx_word' id='word_1_435' title='bbox 2123 2675 2402 2743; x_wconf 72' lang='lat' dir='ltr'><strong>telligere;</strong></span> <span class='ocrx_word' id='word_1_436' title='bbox 2440 2670 2611 2738; x_wconf 88' lang='lat' dir='ltr'><strong>ipsam</strong></span> <span class='ocrx_word' id='word_1_437' title='bbox 2644 2683 2774 2722; x_wconf 88' lang='lat' dir='ltr'><strong>vero</strong></span> <span class='ocrx_word' id='word_1_438' title='bbox 2804 2666 3217 2737; x_wconf 86' lang='lat' dir='ltr'><strong>dispositionem</strong></span> <span class='ocrx_word' id='word_1_439' title='bbox 3254 2666 3328 2719; x_wconf 91' lang='lat' dir='ltr'><strong>uti</strong></span> <span class='ocrx_word' id='word_1_440' title='bbox 3361 2675 3444 2719; x_wconf 83' lang='lat' dir='ltr'><strong>est</strong></span> <span class='ocrx_word' id='word_1_441' title='bbox 3476 2676 3599 2717; x_wconf 89' lang='lat' dir='ltr'><strong>cum</strong></span> <span class='ocrx_word' id='word_1_442' title='bbox 3652 2663 3709 2717; x_wconf 77' lang='lat' dir='ltr'><strong>in</strong></span> 
     </span>
    </p>
   </div>
   <div class='ocr_carea' id='block_1_55' title="bbox 2124 2752 3708 2828">
    <p class='ocr_par' dir='ltr' id='par_1_55' title="bbox 2124 2752 3708 2828">
     <span class='ocr_line' id='line_1_55' title="bbox 2124 2752 3708 2828; baseline -0.009 -8"><span class='ocrx_word' id='word_1_443' title='bbox 2124 2765 2284 2819; x_wconf 89' lang='lat' dir='ltr'><strong>nobis</strong></span> <span class='ocrx_word' id='word_1_444' title='bbox 2332 2762 2472 2816; x_wconf 86' lang='lat' dir='ltr'><strong>facta</strong></span> <span class='ocrx_word' id='word_1_445' title='bbox 2513 2769 2597 2815; x_wconf 83' lang='lat' dir='ltr'><strong>est</strong></span> <span class='ocrx_word' id='word_1_446' title='bbox 2623 2799 2639 2824; x_wconf 97' lang='lat'><strong>,</strong></span> <span class='ocrx_word' id='word_1_447' title='bbox 2682 2771 2843 2828; x_wconf 88' lang='lat' dir='ltr'><strong>posse</strong></span> <span class='ocrx_word' id='word_1_448' title='bbox 2875 2757 3149 2812; x_wconf 88' lang='lat' dir='ltr'><strong>neminem</strong></span> <span class='ocrx_word' id='word_1_449' title='bbox 3191 2756 3391 2810; x_wconf 78' lang='lat' dir='ltr'><strong>dicere.</strong></span> <span class='ocrx_word' id='word_1_450' title='bbox 3443 2752 3708 2808; x_wconf 85' lang='lat' dir='ltr'><strong>Abbatcm</strong></span> 
     </span>
    </p>
   </div>
   <div class='ocr_carea' id='block_1_56' title="bbox 2122 2841 3712 2924">
    <p class='ocr_par' dir='ltr' id='par_1_56' title="bbox 2122 2841 3712 2924">
     <span class='ocr_line' id='line_1_56' title="bbox 2122 2841 3712 2924; baseline -0.007 -17"><span class='ocrx_word' id='word_1_451' title='bbox 2122 2854 2486 2924; x_wconf 81' lang='lat' dir='ltr'><strong>Agathonem,</strong></span> <span class='ocrx_word' id='word_1_452' title='bbox 2510 2864 2633 2903; x_wconf 93' lang='lat' dir='ltr'><strong>cum</strong></span> <span class='ocrx_word' id='word_1_453' title='bbox 2654 2854 2798 2902; x_wconf 82' lang='lat' dir='ltr'><strong>esset</strong></span> <span class='ocrx_word' id='word_1_454' title='bbox 2825 2846 3141 2908; x_wconf 85' lang='lat' dir='ltr'><strong>moriturus.</strong></span> <span class='ocrx_word' id='word_1_455' title='bbox 3172 2844 3579 2915; x_wconf 79' lang='lat' dir='ltr'><strong>interrogarnnt</strong></span> <span class='ocrx_word' id='word_1_456' title='bbox 3604 2841 3712 2896; x_wconf 81' lang='lat' dir='ltr'><strong>fra-</strong></span> 
     </span>
    </p>
   </div>
   <div class='ocr_carea' id='block_1_57' title="bbox 2123 2934 3727 3005">
    <p class='ocr_par' dir='ltr' id='par_1_57' title="bbox 2123 2934 3727 3005">
     <span class='ocr_line' id='line_1_57' title="bbox 2123 2934 3727 3005; baseline -0.008 -8"><span class='ocrx_word' id='word_1_457' title='bbox 2123 2954 2237 2998; x_wconf 88' lang='lat' dir='ltr'><strong>tres</strong></span> <span class='ocrx_word' id='word_1_458' title='bbox 2275 2943 2696 2997; x_wconf 85' lang='lat' dir='ltr'><strong>circumstantes</strong></span> <span class='ocrx_word' id='word_1_459' title='bbox 2722 2981 2737 3005; x_wconf 91' lang='lat'><strong>,</strong></span> <span class='ocrx_word' id='word_1_460' title='bbox 2769 2952 2838 2992; x_wconf 90' lang='lat' dir='ltr'><strong>an</strong></span> <span class='ocrx_word' id='word_1_461' title='bbox 2874 2937 3106 2992; x_wconf 89' lang='lat' dir='ltr'><strong>timeret.</strong></span> <span class='ocrx_word' id='word_1_462' title='bbox 3151 2936 3364 3003; x_wconf 82' lang='lat' dir='ltr'><strong>Quibus</strong></span> <span class='ocrx_word' id='word_1_463' title='bbox 3403 2934 3727 3004; x_wconf 50' lang='lat' dir='ltr'><strong>respondit,</strong></span> 
     </span>
    </p>
   </div>
   <div class='ocr_carea' id='block_1_58' title="bbox 2124 3028 3714 3098">
    <p class='ocr_par' dir='ltr' id='par_1_58' title="bbox 2124 3028 3714 3098">
     <span class='ocr_line' id='line_1_58' title="bbox 2124 3028 3714 3098; baseline -0.006 -10"><span class='ocrx_word' id='word_1_464' title='bbox 2124 3034 2394 3088; x_wconf 87' lang='lat' dir='ltr'><strong>hactenus</strong></span> <span class='ocrx_word' id='word_1_465' title='bbox 2424 3031 2738 3085; x_wconf 86' lang='lat' dir='ltr'><strong>elaborasse</strong></span> <span class='ocrx_word' id='word_1_466' title='bbox 2772 3043 2833 3085; x_wconf 88' lang='lat' dir='ltr'><strong>se</strong></span> <span class='ocrx_word' id='word_1_467' title='bbox 2868 3043 2968 3098; x_wconf 90' lang='lat' dir='ltr'><strong>pro</strong></span> <span class='ocrx_word' id='word_1_468' title='bbox 2998 3028 3207 3081; x_wconf 88' lang='lat' dir='ltr'><strong>viribus</strong></span> <span class='ocrx_word' id='word_1_469' title='bbox 3236 3067 3250 3090; x_wconf 91' lang='lat'><strong>,</strong></span> <span class='ocrx_word' id='word_1_470' title='bbox 3293 3036 3353 3083; x_wconf 91' lang='lat' dir='ltr'><strong>ut</strong></span> <span class='ocrx_word' id='word_1_471' title='bbox 3386 3028 3479 3081; x_wconf 89' lang='lat' dir='ltr'><strong>Dei</strong></span> <span class='ocrx_word' id='word_1_472' title='bbox 3512 3040 3714 3097; x_wconf 81' lang='lat' dir='ltr'><strong>praece-</strong></span> 
     </span>
    </p>
   </div>
   <div class='ocr_carea' id='block_1_59' title="bbox 2123 3119 3712 3195">
    <p class='ocr_par' dir='ltr' id='par_1_59' title="bbox 2123 3119 3712 3195">
     <span class='ocr_line' id='line_1_59' title="bbox 2123 3119 3712 3195; baseline -0.006 -16"><span class='ocrx_word' id='word_1_473' title='bbox 2123 3133 2231 3195; x_wconf 76' lang='lat' dir='ltr'><strong>pta.</strong></span> <span class='ocrx_word' id='word_1_474' title='bbox 2252 3123 2570 3178; x_wconf 83' lang='lat' dir='ltr'><strong>observaret</strong></span> <span class='ocrx_word' id='word_1_475' title='bbox 2600 3130 2653 3176; x_wconf 92' lang='lat' dir='ltr'><strong>et</strong></span> <span class='ocrx_word' id='word_1_476' title='bbox 2683 3120 2905 3175; x_wconf 87' lang='lat' dir='ltr'><strong>faceret.</strong></span> <span class='ocrx_word' id='word_1_477' title='bbox 2953 3119 3092 3174; x_wconf 90' lang='lat' dir='ltr'><strong>Cum</strong></span> <span class='ocrx_word' id='word_1_478' title='bbox 3125 3127 3304 3174; x_wconf 89' lang='lat' dir='ltr'><strong>tamen</strong></span> <span class='ocrx_word' id='word_1_479' title='bbox 3342 3119 3507 3173; x_wconf 88' lang='lat' dir='ltr'><strong>homo</strong></span> <span class='ocrx_word' id='word_1_480' title='bbox 3534 3125 3712 3182; x_wconf 54' lang='lat' dir='ltr'><strong>esset,</strong></span> 
     </span>
    </p>
   </div>
   <div class='ocr_carea' id='block_1_60' title="bbox 434 3209 2024 3292">
    <p class='ocr_par' dir='ltr' id='par_1_60' title="bbox 434 3210 2023 3292">
     <span class='ocr_line' id='line_1_60' title="bbox 434 3210 2023 3292; baseline 0.008 -30"><span class='ocrx_word' id='word_1_481' title='bbox 434 3210 761 3279; x_wconf 61' lang='lat' dir='ltr'><strong>dtufiptbztmv.</strong></span> <span class='ocrx_word' id='word_1_482' title='bbox 806 3232 825 3265; x_wconf 74' lang='grc' dir='ltr'><strong>ι</strong></span> <span class='ocrx_word' id='word_1_483' title='bbox 858 3213 1007 3267; x_wconf 80' lang='grc' dir='ltr'><strong>Ἰδοὺ</strong></span> <span class='ocrx_word' id='word_1_484' title='bbox 1048 3214 1415 3285; x_wconf 64' lang='grc' dir='ltr'>ώμμάτωσεν</span> <span class='ocrx_word' id='word_1_485' title='bbox 1445 3220 1595 3288; x_wconf 77' lang='grc' dir='ltr'>ἡμᾶς</span> <span class='ocrx_word' id='word_1_486' title='bbox 1629 3221 1711 3284; x_wconf 78' lang='grc' dir='ltr'><strong>είς</strong></span> <span class='ocrx_word' id='word_1_487' title='bbox 1738 3220 1799 3273; x_wconf 80' lang='grc' dir='ltr'><strong>τὸ</strong></span> <span class='ocrx_word' id='word_1_488' title='bbox 1825 3221 2023 3292; x_wconf 76' lang='grc' dir='ltr'>νοῆσαι-</span> 
     </span>
    </p>
   </div>
   <div class='ocr_carea' id='block_1_61' title="bbox 2127 3209 3714 3292">
    <p class='ocr_par' dir='ltr' id='par_1_61' title="bbox 2127 3209 3714 3287">
     <span class='ocr_line' id='line_1_61' title="bbox 2127 3209 3714 3287; baseline -0.006 -17"><span class='ocrx_word' id='word_1_489' title='bbox 2127 3216 2376 3287; x_wconf 79' lang='lat' dir='ltr'><strong>ignorare</strong></span> <span class='ocrx_word' id='word_1_490' title='bbox 2408 3228 2499 3278; x_wconf 92' lang='lat' dir='ltr'><strong>se,</strong></span> <span class='ocrx_word' id='word_1_491' title='bbox 2532 3227 2600 3267; x_wconf 92' lang='lat' dir='ltr'><strong>an</strong></span> <span class='ocrx_word' id='word_1_492' title='bbox 2640 3209 2752 3268; x_wconf 88' lang='lat' dir='ltr'><strong>Deo</strong></span> <span class='ocrx_word' id='word_1_493' title='bbox 2781 3221 2933 3283; x_wconf 75' lang='lat' dir='ltr'><strong>grata</strong></span> <span class='ocrx_word' id='word_1_494' title='bbox 2963 3210 3196 3266; x_wconf 81' lang='lat' dir='ltr'><strong>fuissent</strong></span> <span class='ocrx_word' id='word_1_495' title='bbox 3223 3224 3389 3279; x_wconf 67' lang='lat' dir='ltr'><strong>opera</strong></span> <span class='ocrx_word' id='word_1_496' title='bbox 3420 3224 3567 3273; x_wconf 68' lang='lat' dir='ltr'><strong>sua;</strong></span> <span class='ocrx_word' id='word_1_497' title='bbox 3588 3224 3714 3261; x_wconf 88' lang='lat' dir='ltr'><strong>cum</strong></span> 
     </span>
    </p>
   </div>
   <div class='ocr_carea' id='block_1_62' title="bbox 435 3301 2022 3375">
    <p class='ocr_par' dir='ltr' id='par_1_62' title="bbox 435 3301 2022 3375">
     <span class='ocr_line' id='line_1_62' title="bbox 435 3301 2022 3375; baseline 0.011 -25"><span class='ocrx_word' id='word_1_498' title='bbox 435 3301 630 3372; x_wconf 66' lang='grc' dir='ltr'>αὐτὴν,</span> <span class='ocrx_word' id='word_1_499' title='bbox 657 3303 751 3355; x_wconf 76' lang='grc' dir='ltr'>καὶ</span> <span class='ocrx_word' id='word_1_500' title='bbox 784 3304 1001 3357; x_wconf 76' lang='grc' dir='ltr'>ἔδωκεν.</span> <span class='ocrx_word' id='word_1_501' title='bbox 1024 3305 1156 3375; x_wconf 76' lang='grc' dir='ltr'><strong>ἡμῖν</strong></span> <span class='ocrx_word' id='word_1_502' title='bbox 1180 3307 1298 3360; x_wconf 75' lang='grc' dir='ltr'>ὁδὸν</span> <span class='ocrx_word' id='word_1_503' title='bbox 1338 3311 1419 3370; x_wconf 87' lang='grc' dir='ltr'>εἰς</span> <span class='ocrx_word' id='word_1_504' title='bbox 1464 3310 1524 3362; x_wconf 82' lang='grc' dir='ltr'>τὸ</span> <span class='ocrx_word' id='word_1_505' title='bbox 1554 3311 1886 3366; x_wconf 78' lang='grc' dir='ltr'>καταλαϐεῖν</span> <span class='ocrx_word' id='word_1_506' title='bbox 1920 3315 2022 3367; x_wconf 85' lang='grc' dir='ltr'><strong>αὐ-</strong></span> 
     </span>
    </p>
   </div>
   <div class='ocr_carea' id='block_1_63' title="bbox 435 3394 2022 3475">
    <p class='ocr_par' dir='ltr' id='par_1_63' title="bbox 435 3394 2022 3475">
     <span class='ocr_line' id='line_1_63' title="bbox 435 3394 2022 3475; baseline 0.009 -29"><span class='ocrx_word' id='word_1_507' title='bbox 435 3396 557 3462; x_wconf 82' lang='grc' dir='ltr'>τήν.</span> <span class='ocrx_word' id='word_1_508' title='bbox 592 3394 716 3458; x_wconf 83' lang='grc' dir='ltr'>Πῶς</span> <span class='ocrx_word' id='word_1_509' title='bbox 738 3395 794 3448; x_wconf 74' lang='grc' dir='ltr'><strong>δὲ</strong></span> <span class='ocrx_word' id='word_1_510' title='bbox 824 3397 1035 3463; x_wconf 84' lang='grc' dir='ltr'>γίνεται</span> <span class='ocrx_word' id='word_1_511' title='bbox 1058 3401 1122 3469; x_wconf 85' lang='grc' dir='ltr'><strong>τῇ</strong></span> <span class='ocrx_word' id='word_1_512' title='bbox 1147 3399 1315 3470; x_wconf 67' lang='grc' dir='ltr'>ψυχῇ,</span> <span class='ocrx_word' id='word_1_513' title='bbox 1347 3399 1530 3465; x_wconf 81' lang='grc' dir='ltr'>καθὼς</span> <span class='ocrx_word' id='word_1_514' title='bbox 1558 3403 1821 3469; x_wconf 80' lang='grc' dir='ltr'><strong>πολλάκις</strong></span> <span class='ocrx_word' id='word_1_515' title='bbox 1846 3402 2022 3475; x_wconf 76' lang='grc' dir='ltr'>εἷπον,</span> 
     </span>
    </p>
   </div>
   <div class='ocr_carea' id='block_1_64' title="bbox 436 3483 2026 3567">
    <p class='ocr_par' dir='ltr' id='par_1_64' title="bbox 436 3483 2026 3567">
     <span class='ocr_line' id='line_1_64' title="bbox 436 3483 2026 3567; baseline 0.008 -27"><span class='ocrx_word' id='word_1_516' title='bbox 436 3486 615 3550; x_wconf 75' lang='grc' dir='ltr'>οὐδεὶς</span> <span class='ocrx_word' id='word_1_517' title='bbox 646 3483 801 3560; x_wconf 80' lang='grc' dir='ltr'>εὗρεν</span> <span class='ocrx_word' id='word_1_518' title='bbox 822 3491 1016 3555; x_wconf 75' lang='grc' dir='ltr'>εἰπεῖν,</span> <span class='ocrx_word' id='word_1_519' title='bbox 1050 3491 1170 3544; x_wconf 69' lang='grc' dir='ltr'><strong>οὐδὲ</strong></span> <span class='ocrx_word' id='word_1_520' title='bbox 1198 3494 1440 3566; x_wconf 72' lang='grc' dir='ltr'>ἠδυνήθη</span> <span class='ocrx_word' id='word_1_521' title='bbox 1480 3495 1624 3567; x_wconf 80' lang='grc' dir='ltr'>λόγῳ</span> <span class='ocrx_word' id='word_1_522' title='bbox 1672 3498 2026 3566; x_wconf 74' lang='grc' dir='ltr'>καταλαϐεῖν,</span> 
     </span>
    </p>
   </div>
   <div class='ocr_carea' id='block_1_65' title="bbox 438 3572 2029 3663">
    <p class='ocr_par' dir='ltr' id='par_1_65' title="bbox 438 3572 2029 3663">
     <span class='ocr_line' id='line_1_65' title="bbox 438 3572 2029 3663; baseline 0.009 -30"><span class='ocrx_word' id='word_1_523' title='bbox 438 3584 489 3634; x_wconf 84' lang='grc' dir='ltr'>εξ</span> <span class='ocrx_word' id='word_1_524' title='bbox 526 3583 659 3654; x_wconf 81' lang='grc' dir='ltr'><strong>μήτε</strong></span> <span class='ocrx_word' id='word_1_525' title='bbox 699 3585 732 3653; x_wconf 78' lang='grc' dir='ltr'>ἡ</span> <span class='ocrx_word' id='word_1_526' title='bbox 770 3572 985 3660; x_wconf 72' lang='grc' dir='ltr'>ψυχὴῇ</span> <span class='ocrx_word' id='word_1_527' title='bbox 1029 3584 1325 3651; x_wconf 81' lang='grc' dir='ltr'><strong>ἀξιωθεῖσα</strong></span> <span class='ocrx_word' id='word_1_528' title='bbox 1359 3589 1467 3643; x_wconf 80' lang='grc' dir='ltr'><strong>ἀπὸ</strong></span> <span class='ocrx_word' id='word_1_529' title='bbox 1495 3589 1675 3660; x_wconf 83' lang='grc' dir='ltr'>ἔργων</span> <span class='ocrx_word' id='word_1_530' title='bbox 1708 3593 1902 3663; x_wconf 83' lang='grc' dir='ltr'>μαθεῖν</span> <span class='ocrx_word' id='word_1_531' title='bbox 1931 3594 2029 3647; x_wconf 84' lang='grc' dir='ltr'><strong>αὐ-</strong></span> 
     </span>
    </p>
   </div>
   <div class='ocr_carea' id='block_1_66' title="bbox 434 3674 2022 3753">
    <p class='ocr_par' dir='ltr' id='par_1_66' title="bbox 434 3674 2022 3753">
     <span class='ocr_line' id='line_1_66' title="bbox 434 3674 2022 3753; baseline 0.008 -26"><span class='ocrx_word' id='word_1_532' title='bbox 434 3676 563 3746; x_wconf 80' lang='grc' dir='ltr'>τήν.</span> <span class='ocrx_word' id='word_1_533' title='bbox 596 3675 660 3728; x_wconf 86' lang='grc' dir='ltr'>Τί</span> <span class='ocrx_word' id='word_1_534' title='bbox 697 3675 755 3730; x_wconf 84' lang='grc' dir='ltr'><strong>δέ</strong></span> <span class='ocrx_word' id='word_1_535' title='bbox 797 3679 915 3730; x_wconf 70' lang='grc' dir='ltr'>ἐστι</span> <span class='ocrx_word' id='word_1_536' title='bbox 944 3678 1005 3731; x_wconf 84' lang='grc' dir='ltr'>τὸ</span> <span class='ocrx_word' id='word_1_537' title='bbox 1037 3678 1201 3749; x_wconf 82' lang='grc' dir='ltr'>φέρον</span> <span class='ocrx_word' id='word_1_538' title='bbox 1250 3680 1445 3751; x_wconf 83' lang='grc' dir='ltr'>αὐτὴν,</span> <span class='ocrx_word' id='word_1_539' title='bbox 1476 3674 1631 3735; x_wconf 80' lang='grc' dir='ltr'>εἷπον</span> <span class='ocrx_word' id='word_1_540' title='bbox 1685 3684 1734 3736; x_wconf 80' lang='grc' dir='ltr'>οἱ</span> <span class='ocrx_word' id='word_1_541' title='bbox 1787 3684 2022 3753; x_wconf 87' lang='grc' dir='ltr'>Πάτρες.</span> 
     </span>
    </p>
   </div>
   <div class='ocr_carea' id='block_1_67' title="bbox 438 3769 2032 3845">
    <p class='ocr_par' dir='ltr' id='par_1_67' title="bbox 438 3769 2032 3845">
     <span class='ocr_line' id='line_1_67' title="bbox 438 3769 2032 3845; baseline 0.011 -31"><span class='ocrx_word' id='word_1_542' title='bbox 438 3769 608 3836; x_wconf 76' lang='grc' dir='ltr'>Λέγει</span> <span class='ocrx_word' id='word_1_543' title='bbox 650 3769 758 3839; x_wconf 75' lang='grc' dir='ltr'><strong>γὰρ</strong></span> <span class='ocrx_word' id='word_1_544' title='bbox 802 3772 860 3822; x_wconf 81' lang='grc' dir='ltr'>ὲν</span> <span class='ocrx_word' id='word_1_545' title='bbox 897 3769 977 3840; x_wconf 84' lang='grc' dir='ltr'><strong>τῷ</strong></span> <span class='ocrx_word' id='word_1_546' title='bbox 1001 3770 1325 3842; x_wconf 53' lang='grc' dir='ltr'>γεροντλικῷ,</span> <span class='ocrx_word' id='word_1_547' title='bbox 1361 3774 1442 3826; x_wconf 80' lang='grc' dir='ltr'>ὅτι</span> <span class='ocrx_word' id='word_1_548' title='bbox 1477 3773 1765 3845; x_wconf 74' lang='grc' dir='ltr'>ἠρώτησεν</span> <span class='ocrx_word' id='word_1_549' title='bbox 1800 3776 2032 3845; x_wconf 76' lang='grc' dir='ltr'>ἀδελφὸς</span> 
     </span>
    </p>
   </div>
   <div class='ocr_carea' id='block_1_68' title="bbox 440 3860 2032 3935">
    <p class='ocr_par' dir='ltr' id='par_1_68' title="bbox 440 3860 2032 3935">
     <span class='ocr_line' id='line_1_68' title="bbox 440 3860 2032 3935; baseline 0.006 -24"><span class='ocrx_word' id='word_1_550' title='bbox 440 3860 693 3930; x_wconf 84' lang='grc' dir='ltr'>γέροντα,</span> <span class='ocrx_word' id='word_1_551' title='bbox 723 3860 918 3929; x_wconf 76' lang='grc' dir='ltr'>λέγων·</span> <span class='ocrx_word' id='word_1_552' title='bbox 944 3861 1009 3915; x_wconf 87' lang='grc' dir='ltr'><strong>Τί</strong></span> <span class='ocrx_word' id='word_1_553' title='bbox 1039 3863 1193 3916; x_wconf 80' lang='grc' dir='ltr'>ἐστιν</span> <span class='ocrx_word' id='word_1_554' title='bbox 1219 3867 1252 3935; x_wconf 84' lang='grc' dir='ltr'>ἡ</span> <span class='ocrx_word' id='word_1_555' title='bbox 1282 3865 1648 3934; x_wconf 85' lang='grc' dir='ltr'>ταπείνωσις;</span> <span class='ocrx_word' id='word_1_556' title='bbox 1695 3867 1788 3920; x_wconf 72' lang='grc' dir='ltr'>καὶ</span> <span class='ocrx_word' id='word_1_557' title='bbox 1818 3864 1974 3921; x_wconf 76' lang='grc' dir='ltr'>εἶπεν</span> <span class='ocrx_word' id='word_1_558' title='bbox 2004 3869 2032 3923; x_wconf 76' lang='grc' dir='ltr'><strong><em>ὁ</em></strong></span> 
     </span>
    </p>
   </div>
   <div class='ocr_carea' id='block_1_69' title="bbox 442 3952 2023 4030">
    <p class='ocr_par' dir='ltr' id='par_1_69' title="bbox 442 3952 2023 4030">
     <span class='ocr_line' id='line_1_69' title="bbox 442 3952 2023 4030; baseline 0.006 -28"><span class='ocrx_word' id='word_1_559' title='bbox 442 3952 642 4021; x_wconf 62' lang='grc' dir='ltr'>γέρωνςο</span> <span class='ocrx_word' id='word_1_560' title='bbox 673 3953 737 4005; x_wconf 81' lang='grc' dir='ltr'><strong>Ἠ</strong></span> <span class='ocrx_word' id='word_1_561' title='bbox 765 3953 1097 4017; x_wconf 81' lang='grc' dir='ltr'>ταπείνωσις</span> <span class='ocrx_word' id='word_1_562' title='bbox 1132 3955 1278 4024; x_wconf 81' lang='grc' dir='ltr'>μέγα</span> <span class='ocrx_word' id='word_1_563' title='bbox 1299 3955 1459 4027; x_wconf 75' lang='grc' dir='ltr'>ἔργον</span> <span class='ocrx_word' id='word_1_564' title='bbox 1481 3958 1599 4010; x_wconf 75' lang='grc' dir='ltr'><strong>ἐπὶ</strong></span> <span class='ocrx_word' id='word_1_565' title='bbox 1622 3958 1717 4010; x_wconf 74' lang='grc' dir='ltr'>καὶ</span> <span class='ocrx_word' id='word_1_566' title='bbox 1751 3958 1954 4012; x_wconf 74' lang='grc' dir='ltr'>θεῖκόψ</span> <span class='ocrx_word' id='word_1_567' title='bbox 1988 3960 2023 4030; x_wconf 78' lang='grc' dir='ltr'>ὴ</span> 
     </span>
    </p>
   </div>
   <div class='ocr_carea' id='block_1_70' title="bbox 447 4042 2034 4118">
    <p class='ocr_par' dir='ltr' id='par_1_70' title="bbox 447 4042 2034 4118">
     <span class='ocr_line' id='line_1_70' title="bbox 447 4042 2034 4118; baseline 0.004 -23"><span class='ocrx_word' id='word_1_568' title='bbox 447 4042 506 4095; x_wconf 73' lang='grc' dir='ltr'><strong>δὲ</strong></span> <span class='ocrx_word' id='word_1_569' title='bbox 532 4043 648 4107; x_wconf 75' lang='grc' dir='ltr'><strong>ὁδὸς</strong></span> <span class='ocrx_word' id='word_1_570' title='bbox 669 4043 770 4114; x_wconf 78' lang='grc' dir='ltr'>τῆς</span> <span class='ocrx_word' id='word_1_571' title='bbox 798 4044 1181 4108; x_wconf 83' lang='grc' dir='ltr'>ταπεινώσεώς</span> <span class='ocrx_word' id='word_1_572' title='bbox 1207 4048 1356 4099; x_wconf 78' lang='grc' dir='ltr'>ἐστιν</span> <span class='ocrx_word' id='word_1_573' title='bbox 1388 4047 1437 4099; x_wconf 77' lang='grc' dir='ltr'>οἱ</span> <span class='ocrx_word' id='word_1_574' title='bbox 1464 4047 1623 4100; x_wconf 84' lang='grc' dir='ltr'>κόποι</span> <span class='ocrx_word' id='word_1_575' title='bbox 1652 4049 1703 4101; x_wconf 73' lang='grc' dir='ltr'>οἱ</span> <span class='ocrx_word' id='word_1_576' title='bbox 1728 4049 2034 4118; x_wconf 75' lang='grc' dir='ltr'><strong>σωματικοὶ⁹</strong></span> 
     </span>
    </p>
   </div>
   <div class='ocr_carea' id='block_1_71' title="bbox 449 4133 2046 4208">
    <p class='ocr_par' dir='ltr' id='par_1_71' title="bbox 449 4133 2046 4208">
     <span class='ocr_line' id='line_1_71' title="bbox 449 4133 2046 4208; baseline 0.002 -20"><span class='ocrx_word' id='word_1_577' title='bbox 449 4140 510 4188; x_wconf 82' lang='grc' dir='ltr'>ὲν</span> <span class='ocrx_word' id='word_1_578' title='bbox 535 4135 754 4202; x_wconf 77' lang='grc' dir='ltr'>γνώσει,</span> <span class='ocrx_word' id='word_1_579' title='bbox 783 4136 880 4189; x_wconf 74' lang='grc' dir='ltr'>καὶ</span> <span class='ocrx_word' id='word_1_580' title='bbox 921 4135 983 4190; x_wconf 83' lang='grc' dir='ltr'>τὸ</span> <span class='ocrx_word' id='word_1_581' title='bbox 1022 4133 1159 4189; x_wconf 75' lang='grc' dir='ltr'>εἶναι</span> <span class='ocrx_word' id='word_1_582' title='bbox 1195 4154 1255 4191; x_wconf 91' lang='grc' dir='ltr'><strong>σε</strong></span> <span class='ocrx_word' id='word_1_583' title='bbox 1300 4138 1562 4191; x_wconf 79' lang='grc' dir='ltr'>ὑποκάτω</span> <span class='ocrx_word' id='word_1_584' title='bbox 1596 4136 1838 4201; x_wconf 84' lang='grc' dir='ltr'>πάντων,</span> <span class='ocrx_word' id='word_1_585' title='bbox 1885 4136 2046 4208; x_wconf 72' lang='grc' dir='ltr'>αὕτη</span> 
     </span>
    </p>
   </div>
   <div class='ocr_carea' id='block_1_72' title="bbox 447 4227 2032 4300">
    <p class='ocr_par' dir='ltr' id='par_1_72' title="bbox 447 4227 2032 4300">
     <span class='ocr_line' id='line_1_72' title="bbox 447 4227 2032 4300; baseline 0.003 -21"><span class='ocrx_word' id='word_1_586' title='bbox 447 4229 598 4280; x_wconf 71' lang='grc' dir='ltr'>ἐστὶν</span> <span class='ocrx_word' id='word_1_587' title='bbox 615 4228 649 4298; x_wconf 83' lang='grc' dir='ltr'>ὴ</span> <span class='ocrx_word' id='word_1_588' title='bbox 673 4227 791 4291; x_wconf 80' lang='grc' dir='ltr'>ὁδὸς</span> <span class='ocrx_word' id='word_1_589' title='bbox 818 4228 921 4298; x_wconf 86' lang='grc' dir='ltr'>τῆς</span> <span class='ocrx_word' id='word_1_590' title='bbox 939 4228 1345 4292; x_wconf 83' lang='grc' dir='ltr'>ταπεινώσεως.</span> <span class='ocrx_word' id='word_1_591' title='bbox 1365 4228 1513 4298; x_wconf 72' lang='grc' dir='ltr'><strong>Αὕτη</strong></span> <span class='ocrx_word' id='word_1_592' title='bbox 1541 4229 1600 4282; x_wconf 73' lang='grc' dir='ltr'><strong>δὲ</strong></span> <span class='ocrx_word' id='word_1_593' title='bbox 1621 4231 1654 4300; x_wconf 83' lang='grc' dir='ltr'>ἠ</span> <span class='ocrx_word' id='word_1_594' title='bbox 1681 4229 2032 4292; x_wconf 85' lang='grc' dir='ltr'>ταπείνωσις,</span> 
     </span>
    </p>
   </div>
   <div class='ocr_carea' id='block_1_73' title="bbox 448 4318 2036 4390">
    <p class='ocr_par' dir='ltr' id='par_1_73' title="bbox 448 4318 2036 4390">
     <span class='ocr_line' id='line_1_73' title="bbox 448 4318 2036 4390; baseline -0.001 -17"><span class='ocrx_word' id='word_1_595' title='bbox 448 4318 607 4389; x_wconf 79' lang='grc' dir='ltr'><strong>θεῖκή</strong></span> <span class='ocrx_word' id='word_1_596' title='bbox 639 4320 755 4372; x_wconf 74' lang='grc' dir='ltr'>ἐστι</span> <span class='ocrx_word' id='word_1_597' title='bbox 793 4321 887 4372; x_wconf 76' lang='grc' dir='ltr'>καὶ</span> <span class='ocrx_word' id='word_1_598' title='bbox 908 4321 1316 4390; x_wconf 83' lang='grc' dir='ltr'>ἁκατάληπτος.</span> <span class='ocrx_word' id='word_1_599' title='bbox 1356 4321 1457 4375; x_wconf 79' lang='grc' dir='ltr'>Διὰ</span> <span class='ocrx_word' id='word_1_600' title='bbox 1493 4321 1547 4375; x_wconf 80' lang='grc' dir='ltr'><strong>τί</strong></span> <span class='ocrx_word' id='word_1_601' title='bbox 1584 4318 1641 4374; x_wconf 79' lang='grc' dir='ltr'><strong>δὲ</strong></span> <span class='ocrx_word' id='word_1_602' title='bbox 1673 4321 1823 4390; x_wconf 86' lang='grc' dir='ltr'>λέγει</span> <span class='ocrx_word' id='word_1_603' title='bbox 1862 4321 1946 4375; x_wconf 82' lang='grc' dir='ltr'>ὅτι</span> <span class='ocrx_word' id='word_1_604' title='bbox 1984 4322 2036 4374; x_wconf 77' lang='grc' dir='ltr'>οἱ</span> 
     </span>
    </p>
   </div>
   <div class='ocr_carea' id='block_1_74' title="bbox 446 4413 2039 4484">
    <p class='ocr_par' dir='ltr' id='par_1_74' title="bbox 446 4413 2039 4484">
     <span class='ocr_line' id='line_1_74' title="bbox 446 4413 2039 4484; baseline 0.001 -18"><span class='ocrx_word' id='word_1_605' title='bbox 446 4413 613 4466; x_wconf 81' lang='grc' dir='ltr'>κόποι</span> <span class='ocrx_word' id='word_1_606' title='bbox 641 4413 696 4465; x_wconf 74' lang='grc' dir='ltr'>οἱ</span> <span class='ocrx_word' id='word_1_607' title='bbox 727 4415 1031 4482; x_wconf 78' lang='grc' dir='ltr'>σωματικοὶ</span> <span class='ocrx_word' id='word_1_608' title='bbox 1052 4413 1152 4484; x_wconf 75' lang='grc' dir='ltr'><strong>τὴν</strong></span> <span class='ocrx_word' id='word_1_609' title='bbox 1173 4413 1639 4484; x_wconf 53' lang='grc' dir='ltr'>ψυχὴνπφέρονσιν</span> <span class='ocrx_word' id='word_1_610' title='bbox 1669 4416 1749 4478; x_wconf 75' lang='grc' dir='ltr'><strong>εἰς</strong></span> <span class='ocrx_word' id='word_1_611' title='bbox 1776 4413 2039 4467; x_wconf 86' lang='grc' dir='ltr'>ταπείνω-</span> 
     </span>
    </p>
   </div>
   <div class='ocr_carea' id='block_1_75' title="bbox 450 4502 2041 4575">
    <p class='ocr_par' dir='ltr' id='par_1_75' title="bbox 450 4502 2041 4575">
     <span class='ocr_line' id='line_1_75' title="bbox 450 4502 2041 4575; baseline 0.001 -21"><span class='ocrx_word' id='word_1_612' title='bbox 450 4518 575 4567; x_wconf 85' lang='grc' dir='ltr'>σιν;</span> <span class='ocrx_word' id='word_1_613' title='bbox 607 4503 753 4573; x_wconf 85' lang='grc' dir='ltr'>Ποίῳ</span> <span class='ocrx_word' id='word_1_614' title='bbox 781 4502 926 4573; x_wconf 86' lang='grc' dir='ltr'>λόγῳ</span> <span class='ocrx_word' id='word_1_615' title='bbox 956 4504 1007 4556; x_wconf 81' lang='grc' dir='ltr'>οἱ</span> <span class='ocrx_word' id='word_1_616' title='bbox 1039 4505 1343 4574; x_wconf 73' lang='grc' dir='ltr'>σωματικοὶ</span> <span class='ocrx_word' id='word_1_617' title='bbox 1373 4503 1534 4556; x_wconf 83' lang='grc' dir='ltr'>κόποι</span> <span class='ocrx_word' id='word_1_618' title='bbox 1559 4504 1660 4574; x_wconf 79' lang='grc' dir='ltr'>τῆς</span> <span class='ocrx_word' id='word_1_619' title='bbox 1679 4504 1863 4575; x_wconf 79' lang='grc' dir='ltr'>ψυχῆς</span> <span class='ocrx_word' id='word_1_620' title='bbox 1897 4505 2041 4557; x_wconf 76' lang='grc' dir='ltr'>εἰσιν</span> 
     </span>
    </p>
   </div>
   <div class='ocr_carea' id='block_1_76' title="bbox 2108 3487 2559 3558">
    <p class='ocr_par' dir='ltr' id='par_1_76' title="bbox 2108 3487 2559 3558">
     <span class='ocr_line' id='line_1_76' title="bbox 2108 3487 2559 3558; baseline -0.002 -15"><span class='ocrx_word' id='word_1_621' title='bbox 2108 3487 2499 3558; x_wconf 69' lang='lat' dir='ltr'><strong>intelligamus</strong></span> <span class='ocrx_word' id='word_1_622' title='bbox 2543 3504 2559 3554; x_wconf 90' lang='lat'><strong>;</strong></span> 
     </span>
    </p>
   </div>
   <div class='ocr_carea' id='block_1_77' title="bbox 2129 3290 3733 3374">
    <p class='ocr_par' dir='ltr' id='par_1_77' title="bbox 2129 3290 3733 3374">
     <span class='ocr_line' id='line_1_77' title="bbox 2129 3290 3733 3374; baseline -0.004 -15"><span class='ocrx_word' id='word_1_623' title='bbox 2129 3303 2511 3374; x_wconf 89' lang='lat' dir='ltr'><strong>aliterjudicet</strong></span> <span class='ocrx_word' id='word_1_624' title='bbox 2536 3302 2679 3358; x_wconf 89' lang='lat' dir='ltr'><strong>Deus</strong></span> <span class='ocrx_word' id='word_1_625' title='bbox 2704 3343 2719 3368; x_wconf 96' lang='lat'><strong>,</strong></span> <span class='ocrx_word' id='word_1_626' title='bbox 2765 3290 3134 3356; x_wconf 39' lang='lat' dir='ltr'><strong>aliter&#39;homo.</strong></span> <span class='ocrx_word' id='word_1_627' title='bbox 3172 3300 3307 3356; x_wconf 83' lang='lat' dir='ltr'><strong>Ecce</strong></span> <span class='ocrx_word' id='word_1_628' title='bbox 3337 3297 3733 3374; x_wconf 74' lang='lat' dir='ltr'><strong>ltujuscemodi‘</strong></span> 
     </span>
    </p>
   </div>
   <div class='ocr_carea' id='block_1_78' title="bbox 2126 3390 3721 3462">
    <p class='ocr_par' dir='ltr' id='par_1_78' title="bbox 2126 3390 3721 3462">
     <span class='ocr_line' id='line_1_78' title="bbox 2126 3390 3721 3462; baseline -0.004 -11"><span class='ocrx_word' id='word_1_629' title='bbox 2126 3396 2310 3452; x_wconf 84' lang='lat' dir='ltr'><strong>verbis</strong></span> <span class='ocrx_word' id='word_1_630' title='bbox 2358 3394 2540 3450; x_wconf 85' lang='lat' dir='ltr'><strong>innuit</strong></span> <span class='ocrx_word' id='word_1_631' title='bbox 2581 3392 2781 3457; x_wconf 87' lang='lat' dir='ltr'><strong>nobis,</strong></span> <span class='ocrx_word' id='word_1_632' title='bbox 2828 3406 2939 3462; x_wconf 87' lang='lat' dir='ltr'><strong>quo</strong></span> <span class='ocrx_word' id='word_1_633' title='bbox 2970 3399 3133 3462; x_wconf 86' lang='lat' dir='ltr'><strong>pacto</strong></span> <span class='ocrx_word' id='word_1_634' title='bbox 3178 3391 3541 3445; x_wconf 77' lang='lat' dir='ltr'><strong>humilitatem</strong></span> <span class='ocrx_word' id='word_1_635' title='bbox 3578 3390 3721 3444; x_wconf 85' lang='lat' dir='ltr'><strong>hanc</strong></span> 
     </span>
    </p>
   </div>
   <div class='ocr_carea' id='block_1_79' title="bbox 2619 3482 3733 3555">
    <p class='ocr_par' dir='ltr' id='par_1_79' title="bbox 2619 3482 3733 3555">
     <span class='ocr_line' id='line_1_79' title="bbox 2619 3482 3733 3555; baseline -0.006 -13"><span class='ocrx_word' id='word_1_636' title='bbox 2619 3485 2859 3542; x_wconf 88' lang='lat' dir='ltr'><strong>ostendit</strong></span> <span class='ocrx_word' id='word_1_637' title='bbox 2916 3499 3141 3555; x_wconf 83' lang='lat' dir='ltr'><strong>quoque</strong></span> <span class='ocrx_word' id='word_1_638' title='bbox 3204 3485 3344 3538; x_wconf 83' lang='lat' dir='ltr'><strong>viam</strong></span> <span class='ocrx_word' id='word_1_639' title='bbox 3400 3498 3507 3551; x_wconf 84' lang='lat' dir='ltr'><strong>qua</strong></span> <span class='ocrx_word' id='word_1_640' title='bbox 3569 3482 3733 3539; x_wconf 78' lang='lat' dir='ltr'><strong>illam</strong></span> 
     </span>
    </p>
   </div>
   <div class='ocr_carea' id='block_1_80' title="bbox 2129 3573 3719 3650">
    <p class='ocr_par' dir='ltr' id='par_1_80' title="bbox 2129 3573 3719 3650">
     <span class='ocr_line' id='line_1_80' title="bbox 2129 3573 3719 3650; baseline -0.006 -15"><span class='ocrx_word' id='word_1_641' title='bbox 2129 3579 2628 3650; x_wconf 84' lang='lat' dir='ltr'><strong>apprehendamus.</strong></span> <span class='ocrx_word' id='word_1_642' title='bbox 2658 3576 2857 3643; x_wconf 78' lang='lat' dir='ltr'><strong>Qualis</strong></span> <span class='ocrx_word' id='word_1_643' title='bbox 2899 3583 3083 3630; x_wconf 87' lang='lat' dir='ltr'><strong>autem</strong></span> <span class='ocrx_word' id='word_1_644' title='bbox 3113 3574 3206 3640; x_wconf 90' lang='lat' dir='ltr'><strong>sit,</strong></span> <span class='ocrx_word' id='word_1_645' title='bbox 3255 3588 3381 3628; x_wconf 81' lang='lat' dir='ltr'><strong>cum</strong></span> <span class='ocrx_word' id='word_1_646' title='bbox 3429 3573 3719 3628; x_wconf 51' lang='lat' dir='ltr'><strong>venerit&#39;in</strong></span> 
     </span>
    </p>
   </div>
   <div class='ocr_carea' id='block_1_81' title="bbox 2130 3667 3721 3740">
    <p class='ocr_par' dir='ltr' id='par_1_81' title="bbox 2130 3667 3721 3740">
     <span class='ocr_line' id='line_1_81' title="bbox 2130 3667 3721 3740; baseline -0.005 -14"><span class='ocrx_word' id='word_1_647' title='bbox 2130 3673 2371 3727; x_wconf 88' lang='lat' dir='ltr'><strong>animam</strong></span> <span class='ocrx_word' id='word_1_648' title='bbox 2399 3713 2414 3738; x_wconf 94' lang='lat'><strong>,</strong></span> <span class='ocrx_word' id='word_1_649' title='bbox 2465 3681 2527 3726; x_wconf 93' lang='lat' dir='ltr'><strong>ut</strong></span> <span class='ocrx_word' id='word_1_650' title='bbox 2582 3670 2796 3740; x_wconf 69' lang='lat' dir='ltr'><strong>saepius.</strong></span> <span class='ocrx_word' id='word_1_651' title='bbox 2835 3669 2993 3735; x_wconf 79' lang='lat' dir='ltr'><strong>dixi,</strong></span> <span class='ocrx_word' id='word_1_652' title='bbox 3049 3684 3212 3723; x_wconf 88' lang='lat' dir='ltr'><strong>nemo</strong></span> <span class='ocrx_word' id='word_1_653' title='bbox 3263 3667 3339 3722; x_wconf 88' lang='lat' dir='ltr'><strong>id</strong></span> <span class='ocrx_word' id='word_1_654' title='bbox 3376 3674 3555 3737; x_wconf 82' lang='lat' dir='ltr'><strong>potest</strong></span> <span class='ocrx_word' id='word_1_655' title='bbox 3601 3679 3721 3720; x_wconf 65' lang='lat' dir='ltr'><strong>sero-</strong></span> 
     </span>
    </p>
   </div>
   <div class='ocr_carea' id='block_1_82' title="bbox 2132 3742 3723 3832">
    <p class='ocr_par' dir='ltr' id='par_1_82' title="bbox 2132 3742 3723 3832">
     <span class='ocr_line' id='line_1_82' title="bbox 2132 3742 3723 3832; baseline -0.004 -14"><span class='ocrx_word' id='word_1_656' title='bbox 2132 3780 2303 3819; x_wconf 81' lang='lat' dir='ltr'><strong>mone</strong></span> <span class='ocrx_word' id='word_1_657' title='bbox 2325 3742 2588 3832; x_wconf 75' lang='lat' dir='ltr'><strong>consequi</strong></span> <span class='ocrx_word' id='word_1_658' title='bbox 2616 3802 2630 3827; x_wconf 92' lang='lat'><strong>,</strong></span> <span class='ocrx_word' id='word_1_659' title='bbox 2671 3756 2773 3815; x_wconf 83' lang='lat' dir='ltr'><strong>nisi</strong></span> <span class='ocrx_word' id='word_1_660' title='bbox 2810 3761 2993 3814; x_wconf 77' lang='lat' dir='ltr'><strong>anima</strong></span> <span class='ocrx_word' id='word_1_661' title='bbox 3036 3775 3100 3814; x_wconf 83' lang='lat' dir='ltr'><strong>ex</strong></span> <span class='ocrx_word' id='word_1_662' title='bbox 3142 3759 3402 3828; x_wconf 72' lang='lat' dir='ltr'><strong>cperibus</strong></span> <span class='ocrx_word' id='word_1_663' title='bbox 3434 3758 3575 3812; x_wconf 90' lang='lat' dir='ltr'><strong>forte</strong></span> <span class='ocrx_word' id='word_1_664' title='bbox 3604 3757 3723 3821; x_wconf 84' lang='lat' dir='ltr'><strong>suis</strong></span> 
     </span>
    </p>
   </div>
   <div class='ocr_carea' id='block_1_83' title="bbox 2132 3847 3724 3921">
    <p class='ocr_par' dir='ltr' id='par_1_83' title="bbox 2132 3847 3724 3921">
     <span class='ocr_line' id='line_1_83' title="bbox 2132 3847 3724 3921; baseline -0.006 -12"><span class='ocrx_word' id='word_1_665' title='bbox 2132 3854 2268 3909; x_wconf 86' lang='lat' dir='ltr'><strong>adeo</strong></span> <span class='ocrx_word' id='word_1_666' title='bbox 2290 3855 2453 3921; x_wconf 68' lang='lat' dir='ltr'><strong>digna</strong></span> <span class='ocrx_word' id='word_1_667' title='bbox 2490 3852 2689 3907; x_wconf 73' lang='lat' dir='ltr'><strong>habita</strong></span> <span class='ocrx_word' id='word_1_668' title='bbox 2719 3850 2881 3905; x_wconf 85' lang='lat' dir='ltr'><strong>fuerit</strong></span> <span class='ocrx_word' id='word_1_669' title='bbox 2903 3891 2917 3915; x_wconf 94' lang='lat'><strong>,</strong></span> <span class='ocrx_word' id='word_1_670' title='bbox 2953 3865 3076 3919; x_wconf 63' lang='lat' dir='ltr'><strong>qum</strong></span> <span class='ocrx_word' id='word_1_671' title='bbox 3107 3849 3251 3904; x_wconf 89' lang='lat' dir='ltr'><strong>hanc</strong></span> <span class='ocrx_word' id='word_1_672' title='bbox 3277 3849 3453 3903; x_wconf 84' lang='lat' dir='ltr'><strong>discat</strong></span> <span class='ocrx_word' id='word_1_673' title='bbox 3481 3857 3534 3903; x_wconf 91' lang='lat' dir='ltr'><strong>et</strong></span> <span class='ocrx_word' id='word_1_674' title='bbox 3566 3847 3724 3902; x_wconf 79' lang='lat' dir='ltr'><strong>intel-</strong></span> 
     </span>
    </p>
   </div>
   <div class='ocr_carea' id='block_1_84' title="bbox 2132 3937 3725 4013">
    <p class='ocr_par' dir='ltr' id='par_1_84' title="bbox 2132 3937 3725 4013">
     <span class='ocr_line' id='line_1_84' title="bbox 2132 3937 3725 4013; baseline -0.003 -17"><span class='ocrx_word' id='word_1_675' title='bbox 2132 3943 2284 4013; x_wconf 81' lang='lat' dir='ltr'><strong>ligat.</strong></span> <span class='ocrx_word' id='word_1_676' title='bbox 2324 3941 2460 4007; x_wconf 76' lang='lat' dir='ltr'><strong>Qua:</strong></span> <span class='ocrx_word' id='word_1_677' title='bbox 2502 3949 2684 3996; x_wconf 88' lang='lat' dir='ltr'><strong>autem</strong></span> <span class='ocrx_word' id='word_1_678' title='bbox 2741 3940 2832 3994; x_wconf 89' lang='lat' dir='ltr'><strong>illa</strong></span> <span class='ocrx_word' id='word_1_679' title='bbox 2873 3940 3134 4008; x_wconf 65' lang='lat' dir='ltr'><strong>sint-qum</strong></span> <span class='ocrx_word' id='word_1_680' title='bbox 3164 3940 3219 3993; x_wconf 88' lang='lat' dir='ltr'><strong>in</strong></span> <span class='ocrx_word' id='word_1_681' title='bbox 3254 3938 3410 3993; x_wconf 86' lang='lat' dir='ltr'><strong>nobis</strong></span> <span class='ocrx_word' id='word_1_682' title='bbox 3444 3937 3725 3992; x_wconf 82' lang='lat' dir='ltr'><strong>humilita-</strong></span> 
     </span>
    </p>
   </div>
   <div class='ocr_carea' id='block_1_85' title="bbox 2133 4029 3724 4100">
    <p class='ocr_par' dir='ltr' id='par_1_85' title="bbox 2133 4029 3724 4100">
     <span class='ocr_line' id='line_1_85' title="bbox 2133 4029 3724 4100; baseline -0.003 -10"><span class='ocrx_word' id='word_1_683' title='bbox 2133 4046 2241 4091; x_wconf 87' lang='lat' dir='ltr'><strong>tem</strong></span> <span class='ocrx_word' id='word_1_684' title='bbox 2287 4033 2530 4099; x_wconf 84' lang='lat' dir='ltr'><strong>faciant,</strong></span> <span class='ocrx_word' id='word_1_685' title='bbox 2561 4034 2871 4087; x_wconf 86' lang='lat' dir='ltr'><strong>docuerunt</strong></span> <span class='ocrx_word' id='word_1_686' title='bbox 2913 4046 3058 4100; x_wconf 67' lang='lat' dir='ltr'><strong>saepe</strong></span> <span class='ocrx_word' id='word_1_687' title='bbox 3086 4032 3301 4085; x_wconf 86' lang='lat' dir='ltr'><strong>Patres.</strong></span> <span class='ocrx_word' id='word_1_688' title='bbox 3346 4029 3724 4100; x_wconf 79' lang='lat' dir='ltr'><strong>Interrogatus</strong></span> 
     </span>
    </p>
   </div>
   <div class='ocr_carea' id='block_1_86' title="bbox 2133 4121 3725 4191">
    <p class='ocr_par' dir='ltr' id='par_1_86' title="bbox 2133 4121 3725 4191">
     <span class='ocr_line' id='line_1_86' title="bbox 2133 4121 3725 4191; baseline -0.003 -10"><span class='ocrx_word' id='word_1_689' title='bbox 2133 4126 2277 4181; x_wconf 85' lang='lat' dir='ltr'><strong>enim</strong></span> <span class='ocrx_word' id='word_1_690' title='bbox 2317 4124 2501 4180; x_wconf 87' lang='lat' dir='ltr'><strong>senior</strong></span> <span class='ocrx_word' id='word_1_691' title='bbox 2540 4139 2571 4178; x_wconf 90' lang='lat' dir='ltr'><strong>a</strong></span> <span class='ocrx_word' id='word_1_692' title='bbox 2613 4125 2823 4187; x_wconf 84' lang='lat' dir='ltr'><strong>fratre,</strong></span> <span class='ocrx_word' id='word_1_693' title='bbox 2879 4123 3025 4191; x_wconf 84' lang='lat' dir='ltr'><strong>quid</strong></span> <span class='ocrx_word' id='word_1_694' title='bbox 3063 4132 3210 4177; x_wconf 90' lang='lat' dir='ltr'><strong>esset</strong></span> <span class='ocrx_word' id='word_1_695' title='bbox 3258 4121 3577 4186; x_wconf 74' lang='lat' dir='ltr'><strong>humilitas,</strong></span> <span class='ocrx_word' id='word_1_696' title='bbox 3635 4137 3725 4177; x_wconf 84' lang='lat' dir='ltr'><strong>re-</strong></span> 
     </span>
    </p>
   </div>
   <div class='ocr_carea' id='block_1_87' title="bbox 2137 4212 3727 4289">
    <p class='ocr_par' dir='ltr' id='par_1_87' title="bbox 2137 4212 3727 4289">
     <span class='ocr_line' id='line_1_87' title="bbox 2137 4212 3727 4289; baseline -0.004 -16"><span class='ocrx_word' id='word_1_697' title='bbox 2137 4219 2399 4289; x_wconf 71' lang='lat' dir='ltr'><strong>spondit:</strong></span> <span class='ocrx_word' id='word_1_698' title='bbox 2443 4231 2700 4288; x_wconf 80' lang='lat' dir='ltr'><strong>maguum</strong></span> <span class='ocrx_word' id='word_1_699' title='bbox 2748 4232 2888 4284; x_wconf 83' lang='lat' dir='ltr'><strong>opus</strong></span> <span class='ocrx_word' id='word_1_700' title='bbox 2926 4230 3050 4270; x_wconf 83' lang='lat' dir='ltr'><strong>esse</strong></span> <span class='ocrx_word' id='word_1_701' title='bbox 3099 4214 3494 4278; x_wconf 88' lang='lat' dir='ltr'><strong>humilitatem,</strong></span> <span class='ocrx_word' id='word_1_702' title='bbox 3537 4230 3603 4268; x_wconf 89' lang='lat' dir='ltr'><strong>ac</strong></span> <span class='ocrx_word' id='word_1_703' title='bbox 3643 4212 3727 4268; x_wconf 78' lang='lat' dir='ltr'><strong>di-</strong></span> 
     </span>
    </p>
   </div>
   <div class='ocr_carea' id='block_1_88' title="bbox 2137 4294 3729 4378">
    <p class='ocr_par' dir='ltr' id='par_1_88' title="bbox 2137 4294 3729 4378">
     <span class='ocr_line' id='line_1_88' title="bbox 2137 4294 3729 4378; baseline -0.004 -13"><span class='ocrx_word' id='word_1_704' title='bbox 2137 4314 2340 4365; x_wconf 70' lang='lat' dir='ltr'><strong>vinum.</strong></span> <span class='ocrx_word' id='word_1_705' title='bbox 2368 4310 2553 4364; x_wconf 85' lang='lat' dir='ltr'><strong>nescio</strong></span> <span class='ocrx_word' id='word_1_706' title='bbox 2591 4309 2721 4378; x_wconf 82' lang='lat' dir='ltr'><strong>quid</strong></span> <span class='ocrx_word' id='word_1_707' title='bbox 2764 4327 2778 4363; x_wconf 90' lang='lat'><strong>:</strong></span> <span class='ocrx_word' id='word_1_708' title='bbox 2835 4310 2952 4363; x_wconf 83' lang='lat' dir='ltr'><strong>vias</strong></span> <span class='ocrx_word' id='word_1_709' title='bbox 2980 4294 3110 4362; x_wconf 87' lang='lat' dir='ltr'><strong>vero</strong></span> <span class='ocrx_word' id='word_1_710' title='bbox 3162 4304 3488 4360; x_wconf 82' lang='lat' dir='ltr'><strong>humilitatis</strong></span> <span class='ocrx_word' id='word_1_711' title='bbox 3516 4345 3532 4372; x_wconf 95' lang='lat'><strong>,</strong></span> <span class='ocrx_word' id='word_1_712' title='bbox 3577 4303 3729 4363; x_wconf 55' lang='lat' dir='ltr'><strong>laboo</strong></span> 
     </span>
    </p>
   </div>
   <div class='ocr_carea' id='block_1_89' title="bbox 2139 4396 3741 4472">
    <p class='ocr_par' dir='ltr' id='par_1_89' title="bbox 2139 4396 3741 4472">
     <span class='ocr_line' id='line_1_89' title="bbox 2139 4396 3741 4472; baseline -0.006 -13"><span class='ocrx_word' id='word_1_713' title='bbox 2139 4419 2228 4458; x_wconf 88' lang='lat' dir='ltr'><strong>res</strong></span> <span class='ocrx_word' id='word_1_714' title='bbox 2261 4417 2556 4472; x_wconf 90' lang='lat' dir='ltr'><strong>corporeos</strong></span> <span class='ocrx_word' id='word_1_715' title='bbox 2595 4416 2749 4465; x_wconf 86' lang='lat' dir='ltr'><strong>esse,</strong></span> <span class='ocrx_word' id='word_1_716' title='bbox 2784 4415 2922 4471; x_wconf 88' lang='lat' dir='ltr'><strong>quos</strong></span> <span class='ocrx_word' id='word_1_717' title='bbox 2953 4414 3077 4455; x_wconf 91' lang='lat' dir='ltr'><strong>cum</strong></span> <span class='ocrx_word' id='word_1_718' title='bbox 3117 4396 3349 4454; x_wconf 86' lang='lat' dir='ltr'><strong>scientia</strong></span> <span class='ocrx_word' id='word_1_719' title='bbox 3387 4396 3741 4464; x_wconf 76' lang='lat' dir='ltr'><strong>facis;-et-si&#39;</strong></span> 
     </span>
    </p>
   </div>
   <div class='ocr_carea' id='block_1_90' title="bbox 2147 4486 3730 4570">
    <p class='ocr_par' dir='ltr' id='par_1_90' title="bbox 2147 4486 3730 4570">
     <span class='ocr_line' id='line_1_90' title="bbox 2147 4486 3730 4570; baseline -0.004 -22"><span class='ocrx_word' id='word_1_720' title='bbox 2147 4502 2205 4549; x_wconf 91' lang='lat' dir='ltr'><strong>tu</strong></span> <span class='ocrx_word' id='word_1_721' title='bbox 2240 4501 2293 4548; x_wconf 90' lang='lat' dir='ltr'><strong>te</strong></span> <span class='ocrx_word' id='word_1_722' title='bbox 2331 4492 2556 4547; x_wconf 90' lang='lat' dir='ltr'><strong>omnino</strong></span> <span class='ocrx_word' id='word_1_723' title='bbox 2587 4491 2735 4546; x_wconf 91' lang='lat' dir='ltr'><strong>omni</strong></span> <span class='ocrx_word' id='word_1_724' title='bbox 2780 4490 3075 4570; x_wconf 77' lang='lat' dir='ltr'><strong>subjicias,</strong></span> <span class='ocrx_word' id='word_1_725' title='bbox 3111 4496 3167 4544; x_wconf 87' lang='lat' dir='ltr'><strong>et</strong></span> <span class='ocrx_word' id='word_1_726' title='bbox 3204 4489 3326 4544; x_wconf 90' lang='lat' dir='ltr'><strong>sine</strong></span> <span class='ocrx_word' id='word_1_727' title='bbox 3363 4486 3730 4542; x_wconf 78' lang='lat' dir='ltr'><strong>intermissio-</strong></span> 
     </span>
    </p>
   </div>
   <div class='ocr_carea' id='block_1_91' title="bbox 448 4569 2024 4663">
    <p class='ocr_par' dir='ltr' id='par_1_91' title="bbox 448 4569 2024 4663">
     <span class='ocr_line' id='line_1_91' title="bbox 448 4569 2024 4663; baseline 0.002 -20"><span class='ocrx_word' id='word_1_728' title='bbox 448 4590 670 4661; x_wconf 83' lang='grc' dir='ltr'>ἁρεταί;</span> <span class='ocrx_word' id='word_1_729' title='bbox 688 4569 763 4644; x_wconf 64' lang='grc' dir='ltr'><strong>τὸ</strong></span> <span class='ocrx_word' id='word_1_730' title='bbox 787 4569 884 4661; x_wconf 83' lang='grc' dir='ltr'><strong>μὲν</strong></span> <span class='ocrx_word' id='word_1_731' title='bbox 898 4569 1023 4663; x_wconf 43' lang='grc' dir='ltr'>’γάρ</span> <span class='ocrx_word' id='word_1_732' title='bbox 1048 4569 1187 4646; x_wconf 74' lang='grc' dir='ltr'>εἶναι</span> <span class='ocrx_word' id='word_1_733' title='bbox 1220 4569 1872 4659; x_wconf 39' lang='grc' dir='ltr'>ὑποκάτωπάντωνίκαὶ</span> <span class='ocrx_word' id='word_1_734' title='bbox 1897 4594 2024 4646; x_wconf 80' lang='grc' dir='ltr'>ἀνω·</span> 
     </span>
    </p>
   </div>
   <div class='ocr_carea' id='block_1_92' title="bbox 2127 4569 3729 4663">
    <p class='ocr_par' dir='ltr' id='par_1_92' title="bbox 2143 4569 3729 4653">
     <span class='ocr_line' id='line_1_92' title="bbox 2143 4569 3729 4653; baseline -0.006 -12"><span class='ocrx_word' id='word_1_735' title='bbox 2143 4602 2211 4640; x_wconf 88' lang='lat' dir='ltr'><strong>ne</strong></span> <span class='ocrx_word' id='word_1_736' title='bbox 2257 4585 2428 4640; x_wconf 90' lang='lat' dir='ltr'><strong>Deum</strong></span> <span class='ocrx_word' id='word_1_737' title='bbox 2468 4598 2615 4649; x_wconf 87' lang='lat' dir='ltr'><strong>ores,</strong></span> <span class='ocrx_word' id='word_1_738' title='bbox 2664 4583 2797 4649; x_wconf 81' lang='lat' dir='ltr'><strong>haec,</strong></span> <span class='ocrx_word' id='word_1_739' title='bbox 2828 4569 3082 4653; x_wconf 88' lang='lat' dir='ltr'><strong>inquam,</strong></span> <span class='ocrx_word' id='word_1_740' title='bbox 3108 4590 3192 4637; x_wconf 88' lang='lat' dir='ltr'><strong>est</strong></span> <span class='ocrx_word' id='word_1_741' title='bbox 3238 4596 3362 4635; x_wconf 89' lang='lat' dir='ltr'><strong>vera</strong></span> <span class='ocrx_word' id='word_1_742' title='bbox 3404 4577 3729 4633; x_wconf 85' lang='lat' dir='ltr'><strong>humilitatis</strong></span> 
     </span>
    </p>
   </div>
   <div class='ocr_carea' id='block_1_93' title="bbox 449 4683 2040 4757">
    <p class='ocr_par' dir='ltr' id='par_1_93' title="bbox 449 4683 2040 4757">
     <span class='ocr_line' id='line_1_93' title="bbox 449 4683 2040 4757; baseline 0.003 -23"><span class='ocrx_word' id='word_1_743' title='bbox 449 4683 601 4752; x_wconf 82' lang='grc' dir='ltr'>τέρω</span> <span class='ocrx_word' id='word_1_744' title='bbox 647 4686 910 4753; x_wconf 83' lang='grc' dir='ltr'>εἴπομεν,</span> <span class='ocrx_word' id='word_1_745' title='bbox 952 4686 1036 4738; x_wconf 84' lang='grc' dir='ltr'>ὅτι</span> <span class='ocrx_word' id='word_1_746' title='bbox 1071 4684 1376 4740; x_wconf 84' lang='grc' dir='ltr'>ἀντίκειται</span> <span class='ocrx_word' id='word_1_747' title='bbox 1409 4687 1476 4757; x_wconf 84' lang='grc' dir='ltr'><strong>τῇ</strong></span> <span class='ocrx_word' id='word_1_748' title='bbox 1512 4685 1705 4757; x_wconf 83' lang='grc' dir='ltr'>πρώτῃ</span> <span class='ocrx_word' id='word_1_749' title='bbox 1748 4686 2040 4756; x_wconf 79' lang='grc' dir='ltr'>ὑπερηφα-</span> 
     </span>
    </p>
   </div>
   <div class='ocr_carea' id='block_1_94' title="bbox 450 4774 2040 4849">
    <p class='ocr_par' dir='ltr' id='par_1_94' title="bbox 450 4774 2040 4849">
     <span class='ocr_line' id='line_1_94' title="bbox 450 4774 2040 4849; baseline 0.001 -21"><span class='ocrx_word' id='word_1_750' title='bbox 450 4775 562 4847; x_wconf 84' lang='grc' dir='ltr'>νίᾳ.</span> <span class='ocrx_word' id='word_1_751' title='bbox 589 4774 710 4838; x_wconf 81' lang='grc' dir='ltr'>Πῶς</span> <span class='ocrx_word' id='word_1_752' title='bbox 732 4775 844 4846; x_wconf 76' lang='grc' dir='ltr'><strong>γὰρ</strong></span> <span class='ocrx_word' id='word_1_753' title='bbox 870 4775 1095 4830; x_wconf 73' lang='grc' dir='ltr'>δύναται</span> <span class='ocrx_word' id='word_1_754' title='bbox 1118 4776 1262 4848; x_wconf 78' lang='grc' dir='ltr'>ἔχειν</span> <span class='ocrx_word' id='word_1_755' title='bbox 1295 4778 1487 4832; x_wconf 72' lang='grc' dir='ltr'>ἑαυτὸν</span> <span class='ocrx_word' id='word_1_756' title='bbox 1521 4778 1746 4849; x_wconf 81' lang='grc' dir='ltr'>μείζονα</span> <span class='ocrx_word' id='word_1_757' title='bbox 1767 4778 1862 4832; x_wconf 82' lang='grc' dir='ltr'>τοῦ</span> <span class='ocrx_word' id='word_1_758' title='bbox 1888 4778 2040 4832; x_wconf 84' lang='grc' dir='ltr'><strong>ἀδελ-</strong></span> 
     </span>
    </p>
   </div>
   <div class='ocr_carea' id='block_1_95' title="bbox 451 4866 2045 4942">
    <p class='ocr_par' dir='ltr' id='par_1_95' title="bbox 451 4866 2045 4942">
     <span class='ocr_line' id='line_1_95' title="bbox 451 4866 2045 4942; baseline -0.005 -24"><span class='ocrx_word' id='word_1_759' title='bbox 451 4866 559 4936; x_wconf 78' lang='grc' dir='ltr'>φοῦ</span> <span class='ocrx_word' id='word_1_760' title='bbox 590 4867 779 4935; x_wconf 82' lang='grc' dir='ltr'>αὑτοῦ,</span> <span class='ocrx_word' id='word_1_761' title='bbox 806 4868 840 4939; x_wconf 85' lang='grc' dir='ltr'>ἢ</span> <span class='ocrx_word' id='word_1_762' title='bbox 876 4869 1185 4940; x_wconf 78' lang='grc' dir='ltr'>ἐπαρθῆναι</span> <span class='ocrx_word' id='word_1_763' title='bbox 1214 4868 1273 4922; x_wconf 75' lang='grc' dir='ltr'><strong>εν</strong></span> <span class='ocrx_word' id='word_1_764' title='bbox 1303 4886 1435 4934; x_wconf 85' lang='grc' dir='ltr'>τινι,</span> <span class='ocrx_word' id='word_1_765' title='bbox 1471 4870 1504 4941; x_wconf 83' lang='grc' dir='ltr'><strong>ἢ</strong></span> <span class='ocrx_word' id='word_1_766' title='bbox 1536 4869 1876 4942; x_wconf 73' lang='grc' dir='ltr'>μέμψασθαι,</span> <span class='ocrx_word' id='word_1_767' title='bbox 1904 4868 1937 4939; x_wconf 81' lang='grc' dir='ltr'>ἢ</span> <span class='ocrx_word' id='word_1_768' title='bbox 1963 4867 2045 4933; x_wconf 76' lang='grc' dir='ltr'><strong>ἐξ.</strong></span> 
     </span>
    </p>
   </div>
   <div class='ocr_carea' id='block_1_96' title="bbox 447 4958 2043 5031">
    <p class='ocr_par' dir='ltr' id='par_1_96' title="bbox 447 4958 2043 5031">
     <span class='ocr_line' id='line_1_96' title="bbox 447 4958 2043 5031; baseline 0.001 -17"><span class='ocrx_word' id='word_1_769' title='bbox 447 4958 749 5014; x_wconf 83' lang='grc' dir='ltr'>ουδενῶσαί</span> <span class='ocrx_word' id='word_1_770' title='bbox 802 4978 946 5026; x_wconf 84' lang='grc' dir='ltr'>τινα,</span> <span class='ocrx_word' id='word_1_771' title='bbox 1003 4964 1032 5014; x_wconf 83' lang='grc' dir='ltr'>ὁ</span> <span class='ocrx_word' id='word_1_772' title='bbox 1066 4961 1205 5031; x_wconf 78' lang='grc' dir='ltr'>ἔχων</span> <span class='ocrx_word' id='word_1_773' title='bbox 1236 4962 1429 5016; x_wconf 81' lang='grc' dir='ltr'>ἑαυτὸν</span> <span class='ocrx_word' id='word_1_774' title='bbox 1477 4962 1738 5020; x_wconf 71' lang='grc' dir='ltr'>ὑποκάτω</span> <span class='ocrx_word' id='word_1_775' title='bbox 1783 4962 2043 5028; x_wconf 83' lang='grc' dir='ltr'>πάντων;</span> 
     </span>
    </p>
   </div>
   <div class='ocr_carea' id='block_1_97' title="bbox 361 5051 2045 5126">
    <p class='ocr_par' dir='ltr' id='par_1_97' title="bbox 361 5051 2045 5126">
     <span class='ocr_line' id='line_1_97' title="bbox 361 5051 2045 5126; baseline 0.002 -22"><span class='ocrx_word' id='word_1_776' title='bbox 361 5110 363 5112; x_wconf 32' lang='grc' dir='ltr'><strong>η</strong></span> <span class='ocrx_word' id='word_1_777' title='bbox 465 5051 701 5121; x_wconf 82' lang='grc' dir='ltr'>Ὁμοίως</span> <span class='ocrx_word' id='word_1_778' title='bbox 744 5051 840 5106; x_wconf 77' lang='grc' dir='ltr'>καὶ</span> <span class='ocrx_word' id='word_1_779' title='bbox 887 5051 947 5105; x_wconf 79' lang='grc' dir='ltr'>τὸ</span> <span class='ocrx_word' id='word_1_780' title='bbox 985 5051 1247 5119; x_wconf 76' lang='grc' dir='ltr'>εθξασθαι</span> <span class='ocrx_word' id='word_1_781' title='bbox 1276 5053 1365 5108; x_wconf 80' lang='grc' dir='ltr'><strong>διὰ</strong></span> <span class='ocrx_word' id='word_1_782' title='bbox 1399 5053 1624 5118; x_wconf 78' lang='grc' dir='ltr'>παντὸς,</span> <span class='ocrx_word' id='word_1_783' title='bbox 1653 5053 1890 5126; x_wconf 81' lang='grc' dir='ltr'>φανερόν</span> <span class='ocrx_word' id='word_1_784' title='bbox 1922 5055 2045 5108; x_wconf 76' lang='grc' dir='ltr'>ἐστι</span> 
     </span>
    </p>
   </div>
   <div class='ocr_carea' id='block_1_98' title="bbox 448 5143 2042 5218">
    <p class='ocr_par' dir='ltr' id='par_1_98' title="bbox 448 5143 2042 5218">
     <span class='ocr_line' id='line_1_98' title="bbox 448 5143 2042 5218; baseline 0.001 -20"><span class='ocrx_word' id='word_1_785' title='bbox 448 5144 544 5198; x_wconf 80' lang='grc' dir='ltr'><strong>διὰ</strong></span> <span class='ocrx_word' id='word_1_786' title='bbox 575 5143 639 5196; x_wconf 85' lang='grc' dir='ltr'>τὸ</span> <span class='ocrx_word' id='word_1_787' title='bbox 674 5143 1015 5199; x_wconf 78' lang='grc' dir='ltr'>ἀντικεῖσθαι</span> <span class='ocrx_word' id='word_1_788' title='bbox 1044 5147 1111 5216; x_wconf 77' lang='grc' dir='ltr'>τῇ</span> <span class='ocrx_word' id='word_1_789' title='bbox 1142 5144 1374 5216; x_wconf 67' lang='grc' dir='ltr'>δευτέρᾳ.</span> <span class='ocrx_word' id='word_1_790' title='bbox 1409 5145 1780 5218; x_wconf 81' lang='grc' dir='ltr'>ὑπερηφανίᾳ.</span> <span class='ocrx_word' id='word_1_791' title='bbox 1831 5146 2042 5218; x_wconf 82' lang='grc' dir='ltr'><strong>Πρόδη-</strong></span> 
     </span>
    </p>
   </div>
   <div class='ocr_carea' id='block_1_99' title="bbox 450 5233 2039 5307">
    <p class='ocr_par' dir='ltr' id='par_1_99' title="bbox 450 5233 2039 5307">
     <span class='ocr_line' id='line_1_99' title="bbox 450 5233 2039 5307; baseline 0.003 -21"><span class='ocrx_word' id='word_1_792' title='bbox 450 5235 548 5287; x_wconf 86' lang='grc' dir='ltr'><strong>λον</strong></span> <span class='ocrx_word' id='word_1_793' title='bbox 578 5233 689 5305; x_wconf 81' lang='grc' dir='ltr'><strong>γὰρ</strong></span> <span class='ocrx_word' id='word_1_794' title='bbox 710 5235 792 5289; x_wconf 84' lang='grc' dir='ltr'>ὅτι</span> <span class='ocrx_word' id='word_1_795' title='bbox 823 5234 853 5291; x_wconf 75' lang='grc' dir='ltr'>ὁ</span> <span class='ocrx_word' id='word_1_796' title='bbox 877 5236 1154 5300; x_wconf 76' lang='grc' dir='ltr'>ταπεινὸς,</span> <span class='ocrx_word' id='word_1_797' title='bbox 1181 5237 1210 5288; x_wconf 85' lang='grc' dir='ltr'>ὁ</span> <span class='ocrx_word' id='word_1_798' title='bbox 1237 5235 1494 5307; x_wconf 78' lang='grc' dir='ltr'>εὐλαϐὴς,</span> <span class='ocrx_word' id='word_1_799' title='bbox 1522 5236 1600 5301; x_wconf 80' lang='grc' dir='ltr'>ὡς</span> <span class='ocrx_word' id='word_1_800' title='bbox 1637 5235 1924 5306; x_wconf 85' lang='grc' dir='ltr'>γινώσκων</span> <span class='ocrx_word' id='word_1_801' title='bbox 1955 5238 2039 5290; x_wconf 86' lang='grc' dir='ltr'>ὅτι</span> 
     </span>
    </p>
   </div>
   <div class='ocr_carea' id='block_1_100' title="bbox 451 5325 2040 5400">
    <p class='ocr_par' dir='ltr' id='par_1_100' title="bbox 451 5325 2040 5400">
     <span class='ocr_line' id='line_1_100' title="bbox 451 5325 2040 5400; baseline -0.001 -19"><span class='ocrx_word' id='word_1_802' title='bbox 451 5325 611 5381; x_wconf 62' lang='grc' dir='ltr'>οὐδὲν</span> <span class='ocrx_word' id='word_1_803' title='bbox 650 5327 887 5398; x_wconf 75' lang='grc' dir='ltr'>ἐγχωρεῖ</span> <span class='ocrx_word' id='word_1_804' title='bbox 918 5325 1338 5398; x_wconf 81' lang='grc' dir='ltr'>κατορθωθῆναι</span> <span class='ocrx_word' id='word_1_805' title='bbox 1371 5327 1576 5396; x_wconf 85' lang='grc' dir='ltr'>ἀγαθὸν</span> <span class='ocrx_word' id='word_1_806' title='bbox 1603 5331 1671 5400; x_wconf 80' lang='grc' dir='ltr'>τῇ</span> <span class='ocrx_word' id='word_1_807' title='bbox 1718 5328 1869 5399; x_wconf 80' lang='grc' dir='ltr'>ψυχῇ</span> <span class='ocrx_word' id='word_1_808' title='bbox 1910 5328 2040 5382; x_wconf 84' lang='grc' dir='ltr'>ἄνευ</span> 
     </span>
    </p>
   </div>
   <div class='ocr_carea' id='block_1_101' title="bbox 451 5417 2045 5491">
    <p class='ocr_par' dir='ltr' id='par_1_101' title="bbox 451 5417 2045 5491">
     <span class='ocr_line' id='line_1_101' title="bbox 451 5417 2045 5491; baseline -0.002 -16"><span class='ocrx_word' id='word_1_809' title='bbox 451 5418 558 5488; x_wconf 74' lang='grc' dir='ltr'>τῆς</span> <span class='ocrx_word' id='word_1_810' title='bbox 589 5417 841 5489; x_wconf 80' lang='grc' dir='ltr'>βοηθείας</span> <span class='ocrx_word' id='word_1_811' title='bbox 870 5418 966 5474; x_wconf 78' lang='grc' dir='ltr'>καὶ</span> <span class='ocrx_word' id='word_1_812' title='bbox 994 5418 1205 5491; x_wconf 73' lang='grc' dir='ltr'>σκέπης</span> <span class='ocrx_word' id='word_1_813' title='bbox 1234 5419 1330 5472; x_wconf 82' lang='grc' dir='ltr'>τοῦ</span> <span class='ocrx_word' id='word_1_814' title='bbox 1351 5418 1510 5486; x_wconf 79' lang='grc' dir='ltr'>Θεοῦ,</span> <span class='ocrx_word' id='word_1_815' title='bbox 1533 5419 1601 5472; x_wconf 69' lang='grc' dir='ltr'><strong>οὐΔ</strong></span> <span class='ocrx_word' id='word_1_816' title='bbox 1626 5420 1860 5475; x_wconf 83' lang='grc' dir='ltr'>παύεται</span> <span class='ocrx_word' id='word_1_817' title='bbox 1890 5420 2045 5473; x_wconf 82' lang='grc' dir='ltr'>ἀδια-</span> 
     </span>
    </p>
   </div>
   <div class='ocr_carea' id='block_1_102' title="bbox 453 5508 2046 5584">
    <p class='ocr_par' dir='ltr' id='par_1_102' title="bbox 453 5508 2046 5584">
     <span class='ocr_line' id='line_1_102' title="bbox 453 5508 2046 5584; baseline 0.002 -23"><span class='ocrx_word' id='word_1_818' title='bbox 453 5508 697 5574; x_wconf 84' lang='grc' dir='ltr'>λείπτως</span> <span class='ocrx_word' id='word_1_819' title='bbox 736 5510 992 5581; x_wconf 82' lang='grc' dir='ltr'>δεόμενος</span> <span class='ocrx_word' id='word_1_820' title='bbox 1019 5509 1117 5563; x_wconf 75' lang='grc' dir='ltr'>τοῦ</span> <span class='ocrx_word' id='word_1_821' title='bbox 1144 5510 1304 5577; x_wconf 80' lang='grc' dir='ltr'>Θεοῦ,</span> <span class='ocrx_word' id='word_1_822' title='bbox 1345 5510 1437 5566; x_wconf 75' lang='grc' dir='ltr'>ἵνα</span> <span class='ocrx_word' id='word_1_823' title='bbox 1479 5511 1693 5584; x_wconf 48' lang='grc' dir='ltr'>ποιήσῃ,</span> <span class='ocrx_word' id='word_1_824' title='bbox 1720 5511 1841 5581; x_wconf 75' lang='grc' dir='ltr'>μετ’</span> <span class='ocrx_word' id='word_1_825' title='bbox 1875 5508 2046 5566; x_wconf 81' lang='grc' dir='ltr'>αὐτοῦ</span> 
     </span>
    </p>
   </div>
   <div class='ocr_carea' id='block_1_103' title="bbox 457 5600 2052 5673">
    <p class='ocr_par' dir='ltr' id='par_1_103' title="bbox 457 5600 2052 5673">
     <span class='ocr_line' id='line_1_103' title="bbox 457 5600 2052 5673; baseline 0 -19"><span class='ocrx_word' id='word_1_826' title='bbox 457 5600 627 5665; x_wconf 70' lang='grc' dir='ltr'>ἔλεος.</span> <span class='ocrx_word' id='word_1_827' title='bbox 665 5602 777 5658; x_wconf 75' lang='grc' dir='ltr'><strong>Καὶ</strong></span> <span class='ocrx_word' id='word_1_828' title='bbox 805 5601 915 5673; x_wconf 86' lang='grc' dir='ltr'>γὰρ</span> <span class='ocrx_word' id='word_1_829' title='bbox 938 5603 967 5654; x_wconf 79' lang='grc' dir='ltr'><strong><em>ὁ</em></strong></span> <span class='ocrx_word' id='word_1_830' title='bbox 997 5601 1197 5665; x_wconf 84' lang='grc' dir='ltr'>παντὸς</span> <span class='ocrx_word' id='word_1_831' title='bbox 1223 5601 1477 5671; x_wconf 85' lang='grc' dir='ltr'>δεόμενος</span> <span class='ocrx_word' id='word_1_832' title='bbox 1509 5601 1603 5657; x_wconf 84' lang='grc' dir='ltr'>τοῦ</span> <span class='ocrx_word' id='word_1_833' title='bbox 1632 5601 1768 5656; x_wconf 81' lang='grc' dir='ltr'>Θεοῦ</span> <span class='ocrx_word' id='word_1_834' title='bbox 1799 5601 1880 5655; x_wconf 81' lang='grc' dir='ltr'>ἔτι</span> <span class='ocrx_word' id='word_1_835' title='bbox 1910 5601 1954 5655; x_wconf 84' lang='grc' dir='ltr'><strong>δ’</strong></span> <span class='ocrx_word' id='word_1_836' title='bbox 1985 5600 2052 5655; x_wconf 78' lang='grc' dir='ltr'>ἂν</span> 
     </span>
    </p>
   </div>
   <div class='ocr_carea' id='block_1_104' title="bbox 460 5687 2051 5765">
    <p class='ocr_par' dir='ltr' id='par_1_104' title="bbox 460 5687 2051 5765">
     <span class='ocr_line' id='line_1_104' title="bbox 460 5687 2051 5765; baseline -0.002 -19"><span class='ocrx_word' id='word_1_837' title='bbox 460 5692 671 5765; x_wconf 76' lang='grc' dir='ltr'>ἀξιωθῇ</span> <span class='ocrx_word' id='word_1_838' title='bbox 710 5691 1079 5763; x_wconf 83' lang='grc' dir='ltr'>κατορθῶσαι,</span> <span class='ocrx_word' id='word_1_839' title='bbox 1110 5687 1219 5746; x_wconf 86' lang='grc' dir='ltr'>οἶδε</span> <span class='ocrx_word' id='word_1_840' title='bbox 1259 5692 1423 5746; x_wconf 89' lang='grc' dir='ltr'>πόθεν</span> <span class='ocrx_word' id='word_1_841' title='bbox 1475 5690 1829 5763; x_wconf 85' lang='grc' dir='ltr'>κατώρθωσε,</span> <span class='ocrx_word' id='word_1_842' title='bbox 1861 5692 1957 5763; x_wconf 50' lang='grc' dir='ltr'>καὶ</span> <span class='ocrx_word' id='word_1_843' title='bbox 1991 5691 2051 5744; x_wconf 87' lang='grc' dir='ltr'>οὐ</span> 
     </span>
    </p>
   </div>
   <div class='ocr_carea' id='block_1_105' title="bbox 458 5782 2055 5857">
    <p class='ocr_par' dir='ltr' id='par_1_105' title="bbox 458 5782 2055 5857">
     <span class='ocr_line' id='line_1_105' title="bbox 458 5782 2055 5857; baseline -0.003 -18"><span class='ocrx_word' id='word_1_844' title='bbox 458 5784 687 5839; x_wconf 84' lang='grc' dir='ltr'>δύναται</span> <span class='ocrx_word' id='word_1_845' title='bbox 716 5784 1047 5857; x_wconf 78' lang='grc' dir='ltr'>ἐπαρθῆναι,</span> <span class='ocrx_word' id='word_1_846' title='bbox 1077 5785 1199 5839; x_wconf 81' lang='grc' dir='ltr'>οὐδὲ</span> <span class='ocrx_word' id='word_1_847' title='bbox 1222 5784 1525 5856; x_wconf 79' lang='grc' dir='ltr'>ἐπιγράψαι</span> <span class='ocrx_word' id='word_1_848' title='bbox 1563 5786 1630 5855; x_wconf 71' lang='grc' dir='ltr'>τῇ</span> <span class='ocrx_word' id='word_1_849' title='bbox 1665 5783 1771 5855; x_wconf 78' lang='grc' dir='ltr'>ἰδίᾳ</span> <span class='ocrx_word' id='word_1_850' title='bbox 1804 5782 2055 5853; x_wconf 84' lang='grc' dir='ltr'>δυνάμει,</span> 
     </span>
    </p>
   </div>
   <div class='ocr_carea' id='block_1_106' title="bbox 2139 4671 3730 4747">
    <p class='ocr_par' dir='ltr' id='par_1_106' title="bbox 2139 4671 3730 4747">
     <span class='ocr_line' id='line_1_106' title="bbox 2139 4671 3730 4747; baseline -0.005 -16"><span class='ocrx_word' id='word_1_851' title='bbox 2139 4678 2224 4731; x_wconf 81' lang='lat' dir='ltr'><strong>ria</strong></span> <span class='ocrx_word' id='word_1_852' title='bbox 2254 4694 2270 4744; x_wconf 88' lang='lat'><strong>;</strong></span> <span class='ocrx_word' id='word_1_853' title='bbox 2297 4678 2414 4747; x_wconf 87' lang='lat' dir='ltr'><strong>ipsa</strong></span> <span class='ocrx_word' id='word_1_854' title='bbox 2464 4683 2647 4729; x_wconf 91' lang='lat' dir='ltr'><strong>autem</strong></span> <span class='ocrx_word' id='word_1_855' title='bbox 2689 4675 2969 4743; x_wconf 81' lang='lat' dir='ltr'><strong>humilitas</strong></span> <span class='ocrx_word' id='word_1_856' title='bbox 2997 4673 3188 4732; x_wconf 83' lang='lat' dir='ltr'><strong>divina.</strong></span> <span class='ocrx_word' id='word_1_857' title='bbox 3211 4681 3294 4728; x_wconf 91' lang='lat' dir='ltr'><strong>est</strong></span> <span class='ocrx_word' id='word_1_858' title='bbox 3318 4678 3392 4727; x_wconf 70' lang='lat' dir='ltr'><strong>&#39;et</strong></span> <span class='ocrx_word' id='word_1_859' title='bbox 3422 4671 3730 4740; x_wconf 64' lang='lat' dir='ltr'><strong>incompreo</strong></span> 
     </span>
    </p>
   </div>
   <div class='ocr_carea' id='block_1_107' title="bbox 2140 4761 3731 4843">
    <p class='ocr_par' dir='ltr' id='par_1_107' title="bbox 2140 4761 3731 4843">
     <span class='ocr_line' id='line_1_107' title="bbox 2140 4761 3731 4843; baseline -0.008 -18"><span class='ocrx_word' id='word_1_860' title='bbox 2140 4768 2446 4825; x_wconf 88' lang='lat' dir='ltr'><strong>hcnsibilis.</strong></span> <span class='ocrx_word' id='word_1_861' title='bbox 2471 4766 2582 4823; x_wconf 87' lang='lat' dir='ltr'><strong>Cur</strong></span> <span class='ocrx_word' id='word_1_862' title='bbox 2610 4781 2741 4822; x_wconf 78' lang='lat' dir='ltr'><strong>vero</strong></span> <span class='ocrx_word' id='word_1_863' title='bbox 2767 4767 2843 4822; x_wconf 89' lang='lat' dir='ltr'><strong>ait</strong></span> <span class='ocrx_word' id='word_1_864' title='bbox 2873 4767 3092 4822; x_wconf 86' lang='lat' dir='ltr'><strong>labores</strong></span> <span class='ocrx_word' id='word_1_865' title='bbox 3120 4779 3414 4843; x_wconf 83' lang='lat' dir='ltr'><strong>corporeus</strong></span> <span class='ocrx_word' id='word_1_866' title='bbox 3442 4761 3585 4817; x_wconf 88' lang='lat' dir='ltr'><strong>ferre</strong></span> <span class='ocrx_word' id='word_1_867' title='bbox 3613 4761 3731 4816; x_wconf 90' lang='lat' dir='ltr'><strong>ani-</strong></span> 
     </span>
    </p>
   </div>
   <div class='ocr_carea' id='block_1_108' title="bbox 2136 4854 3732 4931">
    <p class='ocr_par' dir='ltr' id='par_1_108' title="bbox 2136 4854 3732 4931">
     <span class='ocr_line' id='line_1_108' title="bbox 2136 4854 3732 4931; baseline -0.006 -16"><span class='ocrx_word' id='word_1_868' title='bbox 2136 4876 2286 4916; x_wconf 88' lang='lat' dir='ltr'><strong>mam</strong></span> <span class='ocrx_word' id='word_1_869' title='bbox 2332 4861 2384 4915; x_wconf 89' lang='lat' dir='ltr'><strong>in</strong></span> <span class='ocrx_word' id='word_1_870' title='bbox 2427 4860 2833 4916; x_wconf 87' lang='lat' dir='ltr'><strong>humilitatem?</strong></span> <span class='ocrx_word' id='word_1_871' title='bbox 2870 4858 2938 4916; x_wconf 87' lang='lat' dir='ltr'><strong>Et</strong></span> <span class='ocrx_word' id='word_1_872' title='bbox 2967 4875 3077 4931; x_wconf 91' lang='lat' dir='ltr'><strong>qua</strong></span> <span class='ocrx_word' id='word_1_873' title='bbox 3110 4859 3324 4914; x_wconf 90' lang='lat' dir='ltr'><strong>ratione</strong></span> <span class='ocrx_word' id='word_1_874' title='bbox 3361 4855 3609 4928; x_wconf 86' lang='lat' dir='ltr'><strong>corporei</strong></span> <span class='ocrx_word' id='word_1_875' title='bbox 3653 4854 3732 4909; x_wconf 92' lang='lat' dir='ltr'><strong>la-</strong></span> 
     </span>
    </p>
   </div>
   <div class='ocr_carea' id='block_1_109' title="bbox 2143 4946 3734 5008">
    <p class='ocr_par' dir='ltr' id='par_1_109' title="bbox 2143 4946 3734 5008">
     <span class='ocr_line' id='line_1_109' title="bbox 2143 4946 3734 5008; baseline -0.005 0"><span class='ocrx_word' id='word_1_876' title='bbox 2143 4954 2303 5008; x_wconf 86' lang='lat' dir='ltr'><strong>bores</strong></span> <span class='ocrx_word' id='word_1_877' title='bbox 2334 4951 2564 5006; x_wconf 83' lang='lat' dir='ltr'><strong>virtutes</strong></span> <span class='ocrx_word' id='word_1_878' title='bbox 2594 4960 2722 5008; x_wconf 89' lang='lat' dir='ltr'><strong>sunt</strong></span> <span class='ocrx_word' id='word_1_879' title='bbox 2752 4951 3255 5007; x_wconf 40' lang='lat' dir='ltr'><strong>animml&#39;subesse</strong></span> <span class='ocrx_word' id='word_1_880' title='bbox 3291 4951 3437 5004; x_wconf 79' lang='lat' dir='ltr'><strong>enim</strong></span> <span class='ocrx_word' id='word_1_881' title='bbox 3474 4946 3734 5000; x_wconf 70' lang='lat' dir='ltr'><strong>carnibus</strong></span> 
     </span>
    </p>
   </div>
   <div class='ocr_carea' id='block_1_110' title="bbox 2151 5036 3736 5117">
    <p class='ocr_par' dir='ltr' id='par_1_110' title="bbox 2151 5036 3736 5117">
     <span class='ocr_line' id='line_1_110' title="bbox 2151 5036 3736 5117; baseline -0.005 -18"><span class='ocrx_word' id='word_1_882' title='bbox 2151 5047 2243 5117; x_wconf 91' lang='lat' dir='ltr'><strong>(ut</strong></span> <span class='ocrx_word' id='word_1_883' title='bbox 2279 5042 2533 5113; x_wconf 83' lang='lat' dir='ltr'><strong>superius</strong></span> <span class='ocrx_word' id='word_1_884' title='bbox 2563 5041 3169 5111; x_wconf 82' lang='lat' dir='ltr'><strong>commemoravimus‘)-</strong></span> <span class='ocrx_word' id='word_1_885' title='bbox 3191 5036 3513 5095; x_wconf 81' lang='lat' dir='ltr'><strong>adversatur</strong></span> <span class='ocrx_word' id='word_1_886' title='bbox 3544 5036 3736 5108; x_wconf 69' lang='lat' dir='ltr'><strong>prima:</strong></span> 
     </span>
    </p>
   </div>
   <div class='ocr_carea' id='block_1_111' title="bbox 2149 5130 3737 5208">
    <p class='ocr_par' dir='ltr' id='par_1_111' title="bbox 2149 5130 3737 5208">
     <span class='ocr_line' id='line_1_111' title="bbox 2149 5130 3737 5208; baseline -0.008 -13"><span class='ocrx_word' id='word_1_887' title='bbox 2149 5136 2439 5208; x_wconf 65' lang='lat' dir='ltr'><strong>superbiae.</strong></span> <span class='ocrx_word' id='word_1_888' title='bbox 2486 5134 2626 5191; x_wconf 86' lang='lat' dir='ltr'><strong>Nam</strong></span> <span class='ocrx_word' id='word_1_889' title='bbox 2655 5151 2769 5207; x_wconf 91' lang='lat' dir='ltr'><strong>quo</strong></span> <span class='ocrx_word' id='word_1_890' title='bbox 2800 5144 2965 5206; x_wconf 86' lang='lat' dir='ltr'><strong>pacto</strong></span> <span class='ocrx_word' id='word_1_891' title='bbox 3005 5134 3272 5204; x_wconf 82' lang='lat' dir='ltr'><strong>majorem</strong></span> <span class='ocrx_word' id='word_1_892' title='bbox 3311 5139 3489 5201; x_wconf 86' lang='lat' dir='ltr'><strong>potest</strong></span> <span class='ocrx_word' id='word_1_893' title='bbox 3532 5130 3737 5184; x_wconf 88' lang='lat' dir='ltr'><strong>habere</strong></span> 
     </span>
    </p>
   </div>
   <div class='ocr_carea' id='block_1_112' title="bbox 2148 5219 3736 5300">
    <p class='ocr_par' dir='ltr' id='par_1_112' title="bbox 2148 5219 3736 5300">
     <span class='ocr_line' id='line_1_112' title="bbox 2148 5219 3736 5300; baseline -0.007 -15"><span class='ocrx_word' id='word_1_894' title='bbox 2148 5246 2208 5287; x_wconf 87' lang='lat' dir='ltr'><strong>se</strong></span> <span class='ocrx_word' id='word_1_895' title='bbox 2241 5231 2408 5288; x_wconf 81' lang='lat' dir='ltr'><strong>fratre</strong></span> <span class='ocrx_word' id='word_1_896' title='bbox 2430 5272 2446 5298; x_wconf 93' lang='lat'><strong>,</strong></span> <span class='ocrx_word' id='word_1_897' title='bbox 2477 5238 2574 5286; x_wconf 84' lang='lat' dir='ltr'><strong>aut</strong></span> <span class='ocrx_word' id='word_1_898' title='bbox 2602 5227 2888 5300; x_wconf 85' lang='lat' dir='ltr'><strong>superbire</strong></span> <span class='ocrx_word' id='word_1_899' title='bbox 2921 5227 2978 5281; x_wconf 86' lang='lat' dir='ltr'><strong>in</strong></span> <span class='ocrx_word' id='word_1_900' title='bbox 3010 5225 3217 5296; x_wconf 85' lang='lat' dir='ltr'><strong>aliquo,</strong></span> <span class='ocrx_word' id='word_1_901' title='bbox 3248 5223 3334 5279; x_wconf 90' lang='lat' dir='ltr'><strong>vel</strong></span> <span class='ocrx_word' id='word_1_902' title='bbox 3362 5235 3623 5278; x_wconf 85' lang='lat' dir='ltr'><strong>accusare</strong></span> <span class='ocrx_word' id='word_1_903' title='bbox 3650 5219 3736 5274; x_wconf 89' lang='lat' dir='ltr'><strong>vel</strong></span> 
     </span>
    </p>
   </div>
   <div class='ocr_carea' id='block_1_113' title="bbox 2149 5310 3737 5391">
    <p class='ocr_par' dir='ltr' id='par_1_113' title="bbox 2149 5310 3737 5391">
     <span class='ocr_line' id='line_1_113' title="bbox 2149 5310 3737 5391; baseline -0.007 -16"><span class='ocrx_word' id='word_1_904' title='bbox 2149 5321 2433 5390; x_wconf 85' lang='lat' dir='ltr'><strong>despicere</strong></span> <span class='ocrx_word' id='word_1_905' title='bbox 2469 5333 2832 5391; x_wconf 82' lang='lat' dir='ltr'><strong>quemquam,</strong></span> <span class='ocrx_word' id='word_1_906' title='bbox 2861 5317 2956 5387; x_wconf 87' lang='lat' dir='ltr'><strong>qui</strong></span> <span class='ocrx_word' id='word_1_907' title='bbox 2990 5315 3246 5372; x_wconf 88' lang='lat' dir='ltr'><strong>omnibus</strong></span> <span class='ocrx_word' id='word_1_908' title='bbox 3292 5313 3575 5383; x_wconf 83' lang='lat' dir='ltr'><strong>subjectus</strong></span> <span class='ocrx_word' id='word_1_909' title='bbox 3616 5310 3737 5366; x_wconf 72' lang='lat' dir='ltr'><strong>est?</strong></span> 
     </span>
    </p>
   </div>
   <div class='ocr_carea' id='block_1_114' title="bbox 2152 5402 3839 5475">
    <p class='ocr_par' dir='ltr' id='par_1_114' title="bbox 2152 5402 3839 5475">
     <span class='ocr_line' id='line_1_114' title="bbox 2152 5402 3839 5475; baseline -0.007 -8"><span class='ocrx_word' id='word_1_910' title='bbox 2152 5412 2283 5472; x_wconf 78' lang='lat' dir='ltr'><strong>item</strong></span> <span class='ocrx_word' id='word_1_911' title='bbox 2324 5422 2380 5468; x_wconf 90' lang='lat' dir='ltr'><strong>et</strong></span> <span class='ocrx_word' id='word_1_912' title='bbox 2417 5412 2536 5469; x_wconf 81' lang='lat' dir='ltr'><strong>sine</strong></span> <span class='ocrx_word' id='word_1_913' title='bbox 2571 5409 2982 5467; x_wconf 81' lang='lat' dir='ltr'><strong>intermissione</strong></span> <span class='ocrx_word' id='word_1_914' title='bbox 3006 5418 3214 5471; x_wconf 80' lang='lat' dir='ltr'><strong>.orare,</strong></span> <span class='ocrx_word' id='word_1_915' title='bbox 3255 5411 3403 5475; x_wconf 80' lang='lat' dir='ltr'><strong>patet</strong></span> <span class='ocrx_word' id='word_1_916' title='bbox 3444 5402 3574 5474; x_wconf 80' lang='lat' dir='ltr'><strong>quia</strong></span> <span class='ocrx_word' id='word_1_917' title='bbox 3604 5414 3741 5457; x_wconf 58' lang='grc' dir='ltr'>ροηδε</span> <span class='ocrx_word' id='word_1_918' title='bbox 3825 5425 3839 5443; x_wconf 72' lang='grc' dir='ltr'><strong>ν</strong></span> 
     </span>
    </p>
   </div>
   <div class='ocr_carea' id='block_1_115' title="bbox 2153 5492 3741 5573">
    <p class='ocr_par' dir='ltr' id='par_1_115' title="bbox 2153 5492 3741 5573">
     <span class='ocr_line' id='line_1_115' title="bbox 2153 5492 3741 5573; baseline -0.01 -13"><span class='ocrx_word' id='word_1_919' title='bbox 2153 5505 2374 5561; x_wconf 86' lang='lat' dir='ltr'><strong>tradieit</strong></span> <span class='ocrx_word' id='word_1_920' title='bbox 2407 5504 2661 5560; x_wconf 72' lang='lat' dir='ltr'><strong>secunda:</strong></span> <span class='ocrx_word' id='word_1_921' title='bbox 2693 5500 3009 5573; x_wconf 66' lang='lat' dir='ltr'><strong>superbiae:</strong></span> <span class='ocrx_word' id='word_1_922' title='bbox 3051 5498 3223 5554; x_wconf 82' lang='lat' dir='ltr'><strong>claret</strong></span> <span class='ocrx_word' id='word_1_923' title='bbox 3258 5496 3405 5551; x_wconf 79' lang='lat' dir='ltr'><strong>enim</strong></span> <span class='ocrx_word' id='word_1_924' title='bbox 3449 5493 3598 5564; x_wconf 88' lang='lat' dir='ltr'><strong>quod</strong></span> <span class='ocrx_word' id='word_1_925' title='bbox 3637 5492 3741 5545; x_wconf 86' lang='lat' dir='ltr'><strong>htt-</strong></span> 
     </span>
    </p>
   </div>
   <div class='ocr_carea' id='block_1_116' title="bbox 2152 5584 3741 5663">
    <p class='ocr_par' dir='ltr' id='par_1_116' title="bbox 2152 5584 3741 5663">
     <span class='ocr_line' id='line_1_116' title="bbox 2152 5584 3741 5663; baseline -0.009 -12"><span class='ocrx_word' id='word_1_926' title='bbox 2152 5596 2337 5663; x_wconf 79' lang='lat' dir='ltr'><strong>miiis-,</strong></span> <span class='ocrx_word' id='word_1_927' title='bbox 2369 5594 2741 5657; x_wconf 73' lang='lat' dir='ltr'><strong>verecundus,</strong></span> <span class='ocrx_word' id='word_1_928' title='bbox 2781 5592 2861 5646; x_wconf 89' lang='lat' dir='ltr'><strong>uti</strong></span> <span class='ocrx_word' id='word_1_929' title='bbox 2903 5590 2973 5646; x_wconf 89' lang='lat' dir='ltr'><strong>ad</strong></span> <span class='ocrx_word' id='word_1_930' title='bbox 3005 5604 3170 5645; x_wconf 90' lang='lat' dir='ltr'><strong>omne</strong></span> <span class='ocrx_word' id='word_1_931' title='bbox 3212 5602 3354 5659; x_wconf 84' lang='lat' dir='ltr'><strong>Opus</strong></span> <span class='ocrx_word' id='word_1_932' title='bbox 3396 5586 3604 5641; x_wconf 87' lang='lat' dir='ltr'><strong>bonum</strong></span> <span class='ocrx_word' id='word_1_933' title='bbox 3657 5584 3741 5637; x_wconf 85' lang='lat' dir='ltr'><strong>in-</strong></span> 
     </span>
    </p>
   </div>
   <div class='ocr_carea' id='block_1_117' title="bbox 2153 5677 3742 5755">
    <p class='ocr_par' dir='ltr' id='par_1_117' title="bbox 2153 5677 3742 5755">
     <span class='ocr_line' id='line_1_117' title="bbox 2153 5677 3742 5755; baseline -0.009 -11"><span class='ocrx_word' id='word_1_934' title='bbox 2153 5689 2395 5744; x_wconf 81' lang='lat' dir='ltr'><strong>validum</strong></span> <span class='ocrx_word' id='word_1_935' title='bbox 2435 5702 2495 5744; x_wconf 90' lang='lat' dir='ltr'><strong>se</strong></span> <span class='ocrx_word' id='word_1_936' title='bbox 2525 5695 2577 5742; x_wconf 87' lang='lat' dir='ltr'><strong>et</strong></span> <span class='ocrx_word' id='word_1_937' title='bbox 2618 5687 2860 5755; x_wconf 92' lang='lat' dir='ltr'><strong>ineptum</strong></span> <span class='ocrx_word' id='word_1_938' title='bbox 2887 5724 2904 5750; x_wconf 91' lang='lat'><strong>,</strong></span> <span class='ocrx_word' id='word_1_939' title='bbox 2941 5682 3154 5752; x_wconf 88' lang='lat' dir='ltr'><strong>absque</strong></span> <span class='ocrx_word' id='word_1_940' title='bbox 3189 5681 3376 5736; x_wconf 92' lang='lat' dir='ltr'><strong>divino</strong></span> <span class='ocrx_word' id='word_1_941' title='bbox 3408 5677 3614 5734; x_wconf 83' lang='lat' dir='ltr'><strong>auxilio</strong></span> <span class='ocrx_word' id='word_1_942' title='bbox 3652 5691 3742 5730; x_wconf 84' lang='lat' dir='ltr'><strong>rc-</strong></span> 
     </span>
    </p>
   </div>
   <div class='ocr_carea' id='block_1_118' title="bbox 2157 5766 3741 5851">
    <p class='ocr_par' dir='ltr' id='par_1_118' title="bbox 2157 5766 3741 5851">
     <span class='ocr_line' id='line_1_118' title="bbox 2157 5766 3741 5851; baseline -0.01 -15"><span class='ocrx_word' id='word_1_943' title='bbox 2157 5794 2527 5851; x_wconf 81' lang='lat' dir='ltr'><strong>cognoscens,</strong></span> <span class='ocrx_word' id='word_1_944' title='bbox 2558 5790 2668 5832; x_wconf 91' lang='lat' dir='ltr'><strong>non</strong></span> <span class='ocrx_word' id='word_1_945' title='bbox 2701 5774 2939 5832; x_wconf 87' lang='lat' dir='ltr'><strong>cessabit</strong></span> <span class='ocrx_word' id='word_1_946' title='bbox 2967 5775 3036 5830; x_wconf 92' lang='lat' dir='ltr'><strong>ab</strong></span> <span class='ocrx_word' id='word_1_947' title='bbox 3070 5773 3320 5829; x_wconf 89' lang='lat' dir='ltr'><strong>oratione</strong></span> <span class='ocrx_word' id='word_1_948' title='bbox 3353 5770 3469 5843; x_wconf 74' lang='lat' dir='ltr'><strong>jugi</strong></span> <span class='ocrx_word' id='word_1_949' title='bbox 3503 5777 3559 5824; x_wconf 86' lang='lat' dir='ltr'><strong>et</strong></span> <span class='ocrx_word' id='word_1_950' title='bbox 3597 5766 3741 5823; x_wconf 90' lang='lat' dir='ltr'><strong>assi-</strong></span> 
     </span>
    </p>
   </div>
   <div class='ocr_carea' id='block_1_119' title="bbox 459 5860 2024 5950">
    <p class='ocr_par' dir='ltr' id='par_1_119' title="bbox 459 5875 2024 5950">
     <span class='ocr_line' id='line_1_119' title="bbox 459 5875 2024 5950; baseline -0.002 -17"><span class='ocrx_word' id='word_1_951' title='bbox 459 5875 609 5933; x_wconf 78' lang='grc' dir='ltr'><strong>ἀλλὰ</strong></span> <span class='ocrx_word' id='word_1_952' title='bbox 629 5875 709 5949; x_wconf 81' lang='grc' dir='ltr'><strong>τῷ</strong></span> <span class='ocrx_word' id='word_1_953' title='bbox 736 5876 855 5947; x_wconf 83' lang='grc' dir='ltr'><strong>Θεῷ</strong></span> <span class='ocrx_word' id='word_1_954' title='bbox 878 5876 1174 5948; x_wconf 65' lang='grc' dir='ltr'>ἐπιγράφει</span> <span class='ocrx_word' id='word_1_955' title='bbox 1201 5878 1377 5932; x_wconf 82' lang='grc' dir='ltr'>πάντα</span> <span class='ocrx_word' id='word_1_956' title='bbox 1412 5879 1479 5933; x_wconf 69' lang='grc' dir='ltr'><strong>τά</strong></span> <span class='ocrx_word' id='word_1_957' title='bbox 1508 5876 1933 5950; x_wconf 80' lang='grc' dir='ltr'>κατορθώματα,</span> <span class='ocrx_word' id='word_1_958' title='bbox 1962 5892 2024 5930; x_wconf 86' lang='grc' dir='ltr'><strong>κα</strong></span> 
     </span>
    </p>
   </div>
   <div class='ocr_carea' id='block_1_120' title="bbox 2127 5860 3742 5950">
    <p class='ocr_par' dir='ltr' id='par_1_120' title="bbox 2159 5860 3742 5942">
     <span class='ocr_line' id='line_1_120' title="bbox 2159 5860 3742 5942; baseline -0.009 -11"><span class='ocrx_word' id='word_1_959' title='bbox 2159 5874 2287 5940; x_wconf 79' lang='lat' dir='ltr'><strong>dua,</strong></span> <span class='ocrx_word' id='word_1_960' title='bbox 2332 5870 2500 5929; x_wconf 84' lang='lat' dir='ltr'><strong>Deum</strong></span> <span class='ocrx_word' id='word_1_961' title='bbox 2528 5884 2731 5942; x_wconf 80' lang='lat' dir='ltr'><strong>rogans</strong></span> <span class='ocrx_word' id='word_1_962' title='bbox 2763 5878 2819 5927; x_wconf 90' lang='lat' dir='ltr'><strong>ut</strong></span> <span class='ocrx_word' id='word_1_963' title='bbox 2849 5881 3034 5927; x_wconf 87' lang='lat' dir='ltr'><strong>secum</strong></span> <span class='ocrx_word' id='word_1_964' title='bbox 3090 5866 3255 5924; x_wconf 82' lang='lat' dir='ltr'><strong>faciat</strong></span> <span class='ocrx_word' id='word_1_965' title='bbox 3286 5860 3742 5924; x_wconf 78' lang='lat' dir='ltr'><strong>misericordiam.</strong></span> 
     </span>
    </p>
   </div>
  </div>
