4020 6412
408 391 552 464 1651

1601 395 1660 452 S.
1720 389 2115 452 DOROTHEI
2183 387 2503 495 ABBATiS

3547 368 3664 434 1652

412 510 479 567 Ει
525 509 574 567 si
617 510 751 582 quid
800 508 931 564 boni
983 507 1333 580 postmodum
1377 504 1603 573 fecerit,
1653 515 1803 560 novit
1844 510 2004 575 plaue

2116 503 2255 569 ιὺτῷ
2285 502 2372 556 ἀεὶ
2402 486 2732 570 εἶχαριστεῖ,
2759 495 2854 549 καὶ
2887 493 3050 547 αὑτὸν
3085 490 3174 545 ἀεὶ
3203 486 3522 560 παρακαλεῖ,
3553 487 3660 556 τρέ-

412 602 561 658 unde
588 601 644 656 id
675 601 917 668 ﬂuxerit,
944 617 1046 656 nec
1072 599 1249 655 eﬂ'erri
1281 605 1478 668 potest,
1516 613 1694 668 neque
1721 597 1855 653 illud
1885 597 2002 652 vir-

2103 611 2217 667 μων
2248 593 2323 665 μὴ
2349 592 2561 662 ἐκπέσῃ
2579 589 2682 660 τῆς
2703 586 2958 658 τοιαύτης
2984 581 3257 668 βοηθείας,
3281 579 3377 633 καὶ
3401 577 3665 648 φανερωθῇ

414 681 515 744 ιιιιῖ
552 689 787 760 propriae
811 690 1120 754 ascribere,
1157 686 1249 742 sed
1280 685 1392 740 Deo
1423 685 1516 740 dat
1544 684 1808 756 quidquid
1853 693 2005 740 recte

2116 692 2133 759 ιι
2165 687 2423 743 ἀσθένεια
2442 684 2539 740 καὶ
2570 687 2599 756 ί]
2624 680 2898 750 ἀδυναμία
2922 676 3110 768 αὐτοῦ.
3142 673 3256 728 Καὶ
3279 672 3451 734 οὕτως
3478 668 3563 722 διὰ
3581 669 3666 768 της

415 787 560 856 agit,
595 792 760 856 atque
792 785 867 841 illi
899 793 1137 840 tremens
1167 791 1432 854 perpetuo
1459 780 1767 852 supplicat,
1809 796 2004 851 perpe-

2116 776 2490 840 ιαπεινώσεως
2521 773 2762 846 εὔχεται,
2797 771 2894 825 καὶ
2921 767 3010 824 διὰ
3051 767 3154 837 τῆς
3193 765 3359 834 εὐχῆς
3403 765 3670 814 ταπεινοῦ-

419 883 512 929 ιυο
535 875 741 945 gratias
765 873 895 943 agit,
923 888 990 928 ne
1017 872 1083 927 ab
1107 872 1209 926 hoc
1229 870 1434 924 auxilio
1451 869 2003 940 decidat,appareat-

421 981 528 1036 que
581 965 926 1020 imbecillitas
955 973 1009 1019 et
1043 963 1332 1019 infirmitas
1385 977 1511 1018 sua.
1537 959 1735 1031 Sicque
1765 977 1858 1032 per
1897 961 2005 1016 hu-

420 1056 707 1110 militatem
731 1065 850 1114 orat
873 1064 927 1111 et
954 1071 1049 1126 per
1076 1054 1380 1111 orationem
1414 1055 1472 1108 tit
1503 1052 1744 1118 humilis,
1773 1059 2007 1122 quanto—

419 1165 526 1218 que
548 1150 753 1205 rectius
774 1158 1054 1220 operatur,
1081 1157 1231 1204 tanto
1255 1147 1430 1218 magis
1452 1146 1770 1202 humiliatur
1797 1156 1852 1200 et
1876 1159 2000 1215 pro-

418 1243 533 1299 licit
560 1244 744 1298 anima
773 1258 869 1314 per
891 1242 1284 1298 humilitatem.

488 1333 582 1391 lx.
617 1334 730 1391 Cur
755 1346 938 1390 autem
969 1333 1047 1390 ait
1075 1347 1371 1403 corporeos
1417 1331 1634 1388 labores
1674 1328 1914 1384 animam
1950 1327 2006 1381 in

417 1426 783 1483 humilitatem
819 1425 1130 1482 adducere?
1164 1423 1305 1492 Quid
1335 1423 1499 1479 habet
1531 1425 1587 1480 in
1619 1437 1678 1478 se
1710 1433 2007 1490 corporeus

419 1519 578 1575 labor
606 1519 674 1574 ad
705 1518 905 1574 animae
929 1514 1389 1588 dispositionem?
1431 1513 1648 1570 Docebo
1675 1526 1768 1567 vos
1793 1509 2002 1580 paucis.

418 1611 618 1666 Anima
647 1609 740 1665 ubi
767 1608 1120 1680 praevaricata
1151 1616 1235 1663 est
1254 1649 1269 1670 ,
1308 1614 1364 1661 et
1393 1621 1423 1660 a
1457 1613 1728 1675 praecepto
1761 1601 2003 1665 decidit,

421 1699 519 1772 (ut
563 1700 640 1754 ait
685 1699 844 1756 divus
871 1696 1232 1770 Gregorius),
1272 1693 1730 1764 concupiscentia:
1763 1690 1914 1746 omni
1955 1698 2010 1745 et

420 1793 648 1849 arbitrio
674 1793 880 1850 erroris
909 1792 1176 1863 permissa
1205 1799 1289 1845 est
1314 1796 1367 1844 et
1397 1788 1523 1843 data
1543 1827 1559 1853 ,
1588 1785 1864 1856 coepitque
1889 1798 2011 1838 om-

422 1883 556 1940 nino
588 1899 883 1955 corporeos
916 1897 1098 1940 mores
1137 1882 1365 1953 diligere
1411 1889 1467 1936 et
1505 1877 1800 1950 amplecti;
1842 1875 1917 1930 ita
1955 1885 2014 1932 ut

421 1992 592 2032 unum
617 1992 742 2032 cum
783 1990 1013 2045 corpore
1041 1975 1259 2029 inventa
1293 1971 1403 2038 sit,
1442 1984 1497 2027 et
1532 1980 1644 2026 tota
1673 1983 1805 2026 caro
1845 1968 2009 2032 facta,

2102 890 2213 936 ται,
2237 871 2334 926 καὶ
2359 866 2472 924 οἷον
2501 867 2588 923 ἀεὶ
2617 865 2893 937 κατορθοῖ,
2919 862 3007 916 ἀεὶ
3044 856 3422 917 ταπεινοῦται,
3447 853 3538 906 καὶ
3560 853 3671 905 ὅσον

2105 963 2478 1027 ταπεινοῦται,
2507 960 2783 1034 βοηθεῖται
2813 956 2910 1012 καὶ
2929 951 3234 1024 προκόπτοι
3261 947 3351 1001 διὰ
3378 947 3476 1017 τῆς
3496 959 3670 998 ταπει-

2110 1054 2474 1128 νοφροσὺνης.

2184 1326 2264 1382 Θν.
2299 1325 2398 1380 Διὰ
2418 1323 2474 1378 τί
2506 1319 2601 1378 οὗν
2625 1323 2774 1392 λέγει
2807 1320 2891 1376 δτι
2931 1321 2982 1373 oi
3023 1311 3330 1387 σωματικοὶ
3387 1309 3546 1362 κόποι
3591 1306 3678 1376 φέ-

2115 1435 2271 1490 ρουσι
2315 1418 2416 1488 τὴν
2447 1412 2998 1487 ταπεινοφροσύνην;
3031 1409 3099 1464 Τί
3149 1406 3264 1478 ἔχει
3313 1405 3344 1456 6
3386 1397 3681 1490 σωματικδς

2111 1487 2279 1576 κόπος
2316 1487 2397 1575 είς
2422 1510 2662 1564 διάθεσιν
2687 1507 2901 1577 ψυχῆςς
2946 1501 3090 1571 Ἐγὼ
3115 1498 3260 1567 λέγω
3285 1495 3440 1566 ὑμῖν
3483 1487 3683 1557 Ἐπειδῆ

2114 1599 2426 1655 ἐκπεσοῦσα
2456 1600 2491 1670 ἡ
2523 1597 2670 1669 ψυχὴ
2707 1596 2817 1651 ἀπὸ
2839 1595 2940 1666 τῆς
2962 1589 3182 1660 ἐντολῆς
3211 1588 3291 1647 είς
3323 1583 3424 1656 τὴν
3449 1577 3684 1670 παράϐα-

2109 1707 2215 1753 σιν,
2237 1667 2550 1760 παρεδόθη,
2568 1667 2831 1755 ὧςίὶὲγει
2876 1685 2906 1737 ό
2934 1682 3090 1753 ἅγιος
3115 1676 3440 1749 Γρηγόριος,
3483 1672 3549 1739 τῇ
3574 1667 3685 1735 φιλ-

2109 1782 2296 1854 ηδονία
2339 1782 2436 1837 καὶ
2473 1783 2540 1854 τῇ
2583 1777 2882 1849 αὐτονομίᾳ
2913 1775 3017 1846 τῆς
3049 1771 3278 1839 πλάνης,
3304 1766 3403 1820 καὶ
3445 1762 3687 1854 ἠγάπησε

2109 1849 2179 1926 τὰ
2214 1849 2539 1944 σώματικὰξ
2564 1871 2660 1924 καὶ
2689 1869 2894 1942 τρόπον
2915 1864 3038 1920 τινὰ
3068 1863 3146 1926 ὡς
3173 1862 3233 1914 ’ἐν
3251 1876 3307 1912 τι
3336 1853 3534 1927 εὑρέθη
3564 1849 3690 1922 μετὰ

2109 1963 2206 2019 τοῦ
2248 1962 2520 2036 σώματος,
2574 1962 2669 2016 καὶ
2712 1961 2934 2030 ἐγένετο
2963 1957 3060 2029 ὅλη
3095 1953 3254 2026 σάρξ·
3297 1947 3490 2011 καθὼς
3531 1944 3688 2036 λέγει·

416 2069 572 2138 juxta
619 2069 766 2139 quod
813 2035 899 2123 ait.
939 2067 1201 2122 Dominus
1245 2084 1260 2122 :
1304 2035 1429 2120 Non
1476 2063 1804 2135 permanebit
1850 2062 2014 2132 Spiri-

2116 2060 2192 2114 Οὐ
2217 2056 2304 2128 μὴ
2335 2035 2666 2125 καταμείνῃ
2693 2052 2760 2107 τὸ
2790 2049 3028 2121 πνεῦμά
3054 2064 3177 2139 μου
3309 2041 3439 2109 τοῖς

421 2169 505 2215 tus
554 2176 698 2214 meus
742 2159 798 2214 in
839 2158 1138 2213 hominibus
1181 2158 1296 2224 his;
1349 2173 1475 2212 caro
1522 2157 1662 2212 enim
1707 2165 1829 2210 sunt
1863 2168 1910 2210 ο.
1943 2153 2014 2209 Et

421 2252 682 2323 quoniam
721 2252 1050 2322 compatitur
1089 2251 1362 2322 simulque
1392 2249 1630 2306 adicitur
1657 2250 2012 2306 anima-inle-

419 2345 498 2400 lix
542 2345 610 2400 ab
661 2343 747 2400 his
791 2358 914 2415 quae
958 2352 1246 2414 patrantur
1296 2343 1350 2398 in
1399 2357 1671 2414 corpore,
1719 2341 1842 2396 ideo
1875 2341 2014 2395 dixit

419 2437 638 2498 senior,
665 2450 991 2505 corporeum
1019 2436 1268 2492 laborem
1295 2434 1534 2490 animam
1559 2434 1612 2490 in
1648 2434 2010 2489 humilitatem

418 2527 587 2599 388
610 2526 888 2582 inducere.
914 2525 1086 2582 Aliter
1107 2525 1372 2598 disposita
1389 2534 1475 2581 est
1494 2526 1641 2581 enim
1667 2525 1850 2580 anima
1871 2525 2014 2580 bene

419 2620 695 2686 habentis,
714 2620 869 2675 aliter
893 2619 1232 2688 aegrotantis,
1251 2619 1410 2674 aliter
1429 2617 1786 2673 l‘amescentis
1807 2655 1822 2681 ,
1854 2615 2014 2672 aliter

417 2712 696 2770 saturati:
745 2711 903 2768 aliter
950 2711 1079 2766 item
1122 2711 1434 2781 disponitur
1479 2710 1666 2766 anima
1719 2707 2014 2765 insidentis

417 2817 584 2874 equo,
609 2802 767 2859 aliter
795 2802 1088 2858 insidentis
1113 2803 1294 2868 asino,
1321 2801 1481 2856 aliter
1507 2799 1748 2856 sedentis
1777 2800 1829 2854 in
1859 2788 2014 2854 thro-

418 2905 513 2957 no,
546 2891 702 2946 aliter
728 2890 969 2947 sedentis
1007 2891 1062 2945 in
1105 2900 1251 2946 terra
1273 2934 1290 2956 ,
1318 2891 1476 2945 aliter
1506 2891 1729 2961 optimis
1763 2890 2011 2946 vestibus

417 2981 616 3048 induti,
641 2982 800 3036 aliter
821 2982 1079 3038 contritis
1101 2991 1157 3038 et
1187 2982 1469 3040 marcidis.
1499 2981 1680 3037 Labor
1713 2981 1879 3052 igitur
1909 2980 2014 3036 hu-

416 3075 592 3130 miliat
613 3090 832 3146 corpus,
862 3074 1257 3148 humiliatoque
1284 3089 1518 3146 corpore
1553 3073 1878 3130 humiliatur
1917 3088 2015 3144 pa-

417 3170 553 3221 riter
584 3175 638 3222 et
663 3167 845 3221 anima
869 3181 883 3218 :
927 3166 1003 3221 ita
1024 3174 1085 3221 ut
1107 3166 1311 3236 optima
1339 3164 1505 3220 fuerit
1532 3163 1766 3221 senioris
1793 3173 2016 3220 senten-

419 3259 494 3314 tia
524 3257 593 3315 de
643 3259 830 3314 labore
871 3273 1157 3330 corporeo.
1204 3257 1320 3316 Hac
1369 3258 1439 3314 de
1475 3272 1642 3313 causa
1675 3255 1944 3328 Evagrius
1981 3272 2014 3312 a

418 3350 764 3421 blasphemia
798 3359 1170 3422 oppugnatus,
1195 3351 1341 3406 haud
1372 3351 1579 3407 inscius
1615 3349 2012 3421 blasphemiam

420 3459 454 3499 a
492 3441 747 3513 superbia
778 3443 1070 3513 provenire
1095 3481 1111 3509 ,
1143 3451 1198 3498 ct
1233 3443 1524 3499 humiliato
1553 3457 1786 3513 corpore
1825 3442 2012 3497 humi-

420 3536 545 3591 liari
575 3535 778 3606 pariter
814 3542 870 3591 et
911 3535 1184 3603 animam;
1227 3535 1586 3607 quadraginta
1626 3536 1742 3590 dies
1781 3535 1885 3590 sub
1922 3534 2015 3590 dio

421 3627 728 3700 transegit,
778 3627 853 3684 ita
893 3638 952 3684 ut
989 3643 1056 3683 ex
1107 3628 1228 3698 ejus
1267 3643 1498 3699 corpore
1533 3644 1748 3686 vermes
1777 3627 2017 3684 scaturi-

423 3728 588 3785 rent,
648 3726 710 3775 ut
758 3718 813 3773 in
847 3719 1156 3790 agrestibus
1185 3718 1516 3774 animalibus
1544 3719 1682 3776 solet
1720 3718 1974 3774 accidere
1999 3757 2016 3784 ,

421 3819 480 3864 ct
508 3802 620 3881 prae
659 3809 982 3880 laborepus
1021 3819 1317 3865 emoveret.
1355 3809 1547 3880 Neque
1584 3809 1636 3864 id
1664 3810 1734 3865 ob
1758 3807 2018 3879 blasphe-

426 3903 597 3958 miam
621 3901 828 3958 factum
858 3942 874 3969 ,
915 3901 1014 3958 sed
1036 3902 1108 3957 ob
1135 3901 1521 3958 humilitatem.
1551 3902 1818 3959 Praeclare
1851 3902 2019 3973 igitur

425 3992 632 4058 dictum
663 4003 751 4048 est
797 4007 828 4045 a
879 4005 1009 4048 sene
1054 4007 1156 4048 nos
1195 3991 1478 4063 corporeis
1507 3993 1789 4048 laboribus
1817 3993 1884 4047 ad
1914 3992 2019 4048 hu-

427 4084 721 4140 militatem
768 4081 988 4139 deduci.
1041 4081 1188 4140 Deus
1242 4085 1406 4157 igitur
1460 4085 1640 4142 bonus
1692 4095 1749 4142 et
1794 4093 2019 4143 sanctus

428 4176 765 4246 gratiﬁcetur
791 4175 952 4231 nobis
976 4175 1357 4247 hujuscemodi
1395 4177 1760 4234 humilitatem
1788 4215 1805 4244 ,
1834 4193 1957 4248 qua:
1987 4192 2021 4233 a

429 4268 685 4324 maximis
705 4267 964 4340 periculis
985 4269 1268 4326 hominem
1294 4269 1514 4336 liberat,
1540 4279 1594 4327 et
1617 4271 1687 4327 ab
1717 4271 2022 4327 innumeris

430 4359 824 4417 tentationibus
853 4361 1111 4432 protegit.

986 4664 1338 4725 noenum
1372 4665 1463 4723 Ill.

992 4802 1070 4858 Dc
1110 4805 1453 4860 conscientia.

502 4923 545 4979 Ι.
585 4921 724 4979 Cum
763 4919 1020 4977 formavit
1044 4919 1187 4976 Deus
1215 4920 1517 4985 hominem,
1550 4918 1782 4976 immisit
1812 4920 1890 4976 illi
1927 4937 2024 4978 ne-

432 5017 549 5074 scio
595 5013 730 5087 quid
781 5013 1030 5068 divinum
1074 5012 1143 5079 b,
1199 5020 1437 5068 mentem
1474 5010 1686 5067 scilicet
1727 5014 2022 5082 quamdam

434 5110 704 5166 illustrem
731 5117 786 5165 et
820 5107 1088 5165 fervidam
1129 5123 1254 5178 qua:
1277 5107 1456 5177 ipsum
1485 5105 1783 5162 instrueret
1820 5108 2023 5163 malum

437 5221 467 5260 a
507 5204 652 5259 bono
682 5217 1012 5258 secernere:
1051 5215 1227 5271 eaque
1247 5198 1586 5256 conscientia
1622 5209 1870 5265 vocatur,
1901 5217 2026 5271 quae

435 5294 700 5350 naturalis
727 5294 813 5350 lex
835 5303 938 5351 est.
962 5291 1138 5361 Hujus
1157 5292 1332 5363 ﬁgura
1363 5301 1519 5347 erant
1547 5291 1697 5361 putei
1721 5307 1864 5362 quos
1891 5292 2026 5348 οσο-

437 5385 517 5439 dit
550 5382 814 5451 Jacobc,
861 5393 924 5440 ut
969 5393 1153 5453 patres
1214 5381 1393 5438 nostri
1440 5395 1768 5449 asseruere,
1821 5381 2026 5454 oppleti

437 5478 786 5545 postmodum
818 5492 850 5532 a
887 5475 1199 5532 Philistzeis.
1231 5473 1360 5546 Legi
1397 5475 1525 5530 huic
1556 5475 1896 5531 adhaerentes
1926 5490 2026 5546 pa-

439 5568 694 5626 triarchae
719 5580 774 5626 ct
799 5570 973 5626 sancti
1004 5584 1197 5625 omnes
1221 5577 1348 5624 ante
1370 5569 1632 5639 scriptam
1665 5569 1836 5639 legem
1864 5608 1879 5635 ,
1914 5567 2026 5624 Deo

518 5814 699 5873 aGen.
777 5833 846 5882 ιί,
893 5818 944 5874 5.
1022 5817 1208 5872 chn.
1244 5834 1306 5886 ιι,
1335 5818 1423 5875 26.

2115 2121 2250 2216 ποιξι
2275 2121 2530 2214 τούτοις,
2547 2121 2738 2200 ὄιᾶήτὸ
2772 2139 2926 2198 εἶναι
2950 2138 3175 2204 αὐτοὺς
3198 2135 3457 2205 σάρκας·
3480 2129 3574 2185 καὶ
3587 2121 3689 2184 οἷον

2115 2243 2452 2316 συμπάσχει,
2489 2241 2586 2296 καὶ
2624 2237 3023 2293 συνδιατίθεται
3071 2236 3106 2305 ἡ
3157 2231 3319 2286 ἀθλία
3359 2221 3692 2316 ψυχὴῌαῦτη

2114 2311 2226 2400 τοίς
2264 2311 2572 2406 γινομένοις
2601 2329 2708 2384 ὑπὸ
2735 2327 2831 2384 τοῦ
2861 2327 3137 2400 σώματος’
3165 2322 3256 2378 διὰ
3287 2321 3454 2374 τοῦτο
3496 2311 3649 2370 εῐπεν
3670 2311 3698 2365 6

2113 2426 2314 2498 γέρων,
2337 2405 2418 2478 ὅτι
2457 2422 2554 2478 καὶ
2582 2423 2610 2475 6
2640 2417 2954 2491 σωματικδς
2985 2417 3154 2480 κόπος
3181 2413 3372 2484 ὁδηγεῖ
3400 2410 3483 2498 είς
3518 2405 3693 2498 ταπεί-

2115 2493 2302 2569 νῶσινο
2331 2513 2507 2577 ἄλλως
2531 2510 2644 2583 γὰρ
2676 2507 2975 2563 διατίθεται
3024 2506 3058 2576 ἡ
3106 2500 3251 2574 ψυχὴ
3297 2498 3397 2553 τοῦ
3431 2493 3693 2583 ὑγιαίνονς

2113 2626 2226 2674 τος,
2263 2609 2358 2662 καὶ
2391 2604 2567 2668 ἄλλως
2615 2600 2712 2656 τοῦ
2746 2595 3185 2672 ἀρῤωστοῦντος,
3244 2590 3347 2647 καὶ
3397 2588 3574 2648 ἄλλως
3609 2581 3693 2638 τοῦ

2117 2699 2433 2764 πεινῶντος,
2488 2695 2584 2750 καὶ
2631 2693 2808 2756 ἄλλως
2861 2689 2958 2744 τοῦ
3017 2683 3449 2758 κεκορεσμένον·
3511 2675 3695 2750 ὁμοίως

2116 2791 2303 2858 πάλιν,
2362 2790 2540 2852 ἄλλως
2595 2785 2900 2842 διατίθεται
2950 2784 2984 2853 ἡ
3038 2778 3188 2851 ψυχὴ
3248 2775 3349 2830 τοῦ
3398 2770 3696 2842 καθημένου

2117 2885 2290 2957 ἵππῳ,
2327 2882 2425 2937 καὶ
2466 2881 2641 2943 ἄλλως
2669 2877 2764 2932 τοῦ
2787 2874 3100 2948 καθημένου
3124 2872 3206 2934 είς
3226 2868 3445 2942 θρόνον,
3491 2863 3582 2957 καί
3609 2859 3697 2916 ἆλ-

2115 2954 2252 3043 λωςν
2277 2975 2373 3031 τοῦ
2426 2971 2744 3044 καθημένου
2799 2966 2997 3040 χαμαὶ,
3043 2963 3221 3026 ἄλλως
3267 2959 3364 3014 τοῦ
3417 2954 3696 3044 φοροῦντος

2117 3070 2262 3126 καλὰ
2303 3067 2519 3140 ἱμάτια,
2553 3043 2648 3119 καὶ
2679 3062 2856 3124 ἄλλως
2882 3057 2975 3113 τοῦ
3011 3053 3312 3126 φοροῦντος
3353 3050 3542 3121 σαπρὰ
3583 3043 3697 3115 ἱμά-

2115 3182 2230 3220 τια.
2272 3164 2332 3218 '0
2364 3161 2536 3223 κόπος
2564 3153 2660 3212 οὖν
2696 3155 2948 3209 ταπεινοί
2975 3151 3037 3204 τὸ
3067 3148 3250 3219 σῶμα·
3284 3144 3386 3199 τοῦ
3427 3143 3484 3197 δὲ
3527 3140 3698 3209 σώμα-

2115 3274 2209 3320 τος
2265 3250 2715 3322 ταπεινουμένου,
2779 3243 3235 3300 συνταπεινοῦται
3292 3238 3392 3292 καὶ
3457 3237 3492 3306 ἡ
3539 3231 3696 3304 ψυχή’

2117 3347 2260 3403 ὥστε
2281 3345 2462 3410 καλῶς
2489 3339 2668 3409 εἶπεν,
2684 3341 2767 3394 ὅτι
2795 3339 2891 3392 καὶ
2919 3338 2949 3390 ό
2981 3331 3301 3406 σωματικδς
3333 3330 3506 3390 κόπος
3529 3323 3700 3396 ὁδηγεῖ

2039 3407 2082 3466 C
2117 3443 2199 3504 είς
2241 3407 2601 3493 ταπείνῖυσιν.
2651 3407 2744 3487 Διὸ
2795 3431 2886 3486 ὅτε
2927 3424 3243 3497 ἐπολεμήθη
3294 3421 3568 3492 Εὑὰγριος
3605 3414 3698 3469 ὑπὸ

2116 3531 2218 3603 τῆς
2257 3525 2630 3601 βλασφημίας,
2669 3525 2745 3586 ὠς
2779 3522 2920 3594 ἔχων
2962 3517 3188 3587 γνῶσιν,
3230 3513 3331 3568 καὶ
3362 3510 3521 3574 εἰδὼς
3558 3505 3700 3603 iisti)

2118 3597 2597 3698 βλασφημίαόιπὸ
2639 3613 3025 3687 ὑπερηφανίας
3060 3609 3306 3681 ἔρχεται,
3345 3597 3698 3698 ταπεινουμεο

2117 3693 2210 3770 νου
2255 3693 2331 3769 δὲ
2364 3711 2459 3766 τοῦ
2521 3709 2776 3781 σώματος
2820 3702 3276 3761 συνταπεινοῦται
3321 3701 3416 3753 καὶ
3461 3700 3494 3768 ἡ
3542 3693 3700 3764 ψυχὴ,

2119 3808 2346 3878 ἐποίησε
2368 3803 2784 3876 τεσσαράκοντα
2815 3797 3030 3870 ἡμέρας
3066 3795 3140 3866 μὴ
3173 3789 3450 3849 εἰσελθὼν,
3469 3787 3573 3842 ὑπὸ
3603 3782 3704 3838 στί·

2118 3915 2247 3971 γην,
2286 3899 2430 3953 ὥστε
2477 3896 2540 3950 τὸ
2583 3894 2748 3965 σῶμα
2789 3889 2977 3954 αὑτοῦ,
3013 3886 3199 3949 καθὼς
3230 3884 3385 3953 λέγει
3417 3884 3446 3936 6
3473 3891 3703 3971 συγγρα-

2123 3968 2281 4064 φεὺς,
2308 3989 2560 4046 ἐκϐαλεῖν
2593 3987 2809 4060 κρότον,
2838 3984 2915 4048 ὡς
2941 3983 3010 4038 τὰ
3030 3983 3201 4052 ἄγρια
3233 3977 3377 4044 ζῶα⁸
3407 3974 3546 4029 ὥστε
3569 3973 3596 4025 ό
3621 3968 3704 4064 κό-

2121 4061 2225 4150 πος
2262 4084 2325 4139 οὐ
2369 4083 2460 4138 διὰ
2499 4082 2600 4154 τὴν
2644 4076 2999 4150 βλασφημίαν
3036 4073 3275 4143 ἐγένετο,
3311 4069 3450 4124 ἀλλὰ
3491 4065 3578 4119 διὰ
3612 4061 3704 4129 τὴν

2121 4175 2476 4230 ταπείνωσιν.
2507 4171 2705 4234 Καλῶς
2739 4165 2832 4224 οὖν
2859 4163 3014 4222 εἶπεν
3042 4167 3071 4218 ό
3092 4166 3295 4235 γέρων,
3327 4163 3412 4215 ὅτι
3441 4159 3493 4213 oi
3528 4170 3703 4223 σωμα-

2122 4267 2269 4322 τικοὶ
2330 4267 2490 4320 κόποι
2541 4263 2830 4336 ὁδηγοῦσιν
2882 4263 2962 4324 είς
2998 4257 3357 4312 ταπείνωσιν.
3406 4254 3467 4306 Ὀ
3518 4245 3706 4336 Θεδςό

2125 4358 2331 4428 ἀγαθὸς
2362 4333 2648 4428 χαρίσεταί
2686 4355 2819 4425 ἡμῖν
2847 4352 2946 4423 τὴν
2982 4347 3338 4409 ταπείνωσιν,
3373 4345 3457 4398 ὅτι
3490 4339 3580 4397 καὶ
3609 4333 3706 4391 ἀπὸ

2127 4452 2342 4508 πολλῶν
2383 4451 2575 4506 κακῶν
2617 4448 2805 4522 ῥύεται
2849 4445 2941 4500 τὸν
2973 4443 3285 4516 ἄνθρωπον,
3328 4439 3426 4493 καὶ
3455 4430 3706 4493 σκεπάζει

2128 4545 2293 4600 αὑτὸν
2319 4545 2431 4600 ἀπὸ
2459 4543 2715 4616 μεγάλων
2748 4535 3099 4612 πειρασμῶν.

2663 4673 3079 4730 ΔΙΔΛΣΚΛΛῙΑ
3107 4669 3185 4724 Γ’.

2613 4807 2756 4876 Περί
2791 4805 3227 4875 συνειδήσεως.

2205 4927 2283 4979 A’.
2308 4925 2438 4978 Ὅτε
2477 4923 2738 4992 ⁴ξτιεοίησεεν
2778 4921 2808 4974 6
2841 4920 2975 4983 Θεὸς
3011 4919 3106 4973 τὸν
3133 4916 3446 4989 ἄνθρωπον,
3477 4913 3702 4966 ὲνέσπει-

2139 5034 2229 5089 ρεν
2251 5017 2401 5087 αὑτῷ
2427 5016 2481 5070 τί
2511 5033 2645 5070 ποτε
2676 5014 2841 5078 θεῖον,
2865 5013 3057 5085 ῶσπερ
3078 5011 3340 5082 λογισμόν
3371 5026 3492 5062 τινα
3524 5003 3702 5074 θερμὸ⁴

2133 5125 2294 5181 τερον
2319 5109 2411 5162 καὶ
2440 5108 2703 5178 φωτεινόν
2733 5106 3029 5178 σπινθῆρος
3049 5105 3213 5173 λόγον
3238 5103 3524 5172 ἐπέχοντα·
3555 5093 3698 5167 φωτί·

2135 5201 2300 5267 ζοντα
2328 5203 2420 5254 τὸν
2449 5199 2576 5254 νοῦν
2625 5201 2720 5255 καὶ
2769 5198 3086 5254 δεικνύοντα
3120 5194 3273 5267 αὐτῷ
3316 5195 3376 5249 τὸ
3408 5191 3570 5247 καλὸν
3608 5183 3702 5240 ἀπὸ

2133 5295 2232 5349 τοῦ
2266 5294 2464 5349 κακοῦ.
2491 5292 2664 5347 Τοῦτο
2690 5291 3087 5347 κατακαλεῖται
3128 5287 3456 5359 συνείδησις,
3481 5284 3538 5346 ὃς
3570 5283 3704 5334 ἐστιν

2135 5387 2166 5438 ὁ
2200 5385 2433 5454 φυσικὸς
2467 5385 2652 5453 νόμος.
2695 5378 2866 5446 Οὗτός
2907 5383 3023 5434 ἐστι
3057 5378 3125 5433 τὰ
3163 5378 3378 5448 φρέατα
3417 5373 3452 5428 ἃ
3481 5370 3701 5440 ὤρυττεν

2134 5478 2164 5530 ό
2199 5474 2398 5530 Ἰακὼὸ
2430 5514 2446 5540 ,
2494 5473 2689 5546 ὥσπερ
2736 5469 2891 5528 εἷπον
2939 5474 2990 5526 oi
3047 5472 3285 5543 Πάτρες,
3321 5467 3415 5522 καὶ
3447 5456 3698 5530 κατεχώνσ

2137 5585 2260 5622 νυον
2309 5567 2448 5622 αὐτὰ
2479 5568 2528 5620 οἱ
2567 5565 2895 5637 Φιλιστιείμ.
2930 5563 3089 5618 Τοῦτ’
3131 5563 3247 5618 ἔστι
3298 5563 3362 5632 τῇ
3416 5552 3694 5621 συνειδήσει

1505 5830 1524 5856 π
1560 5817 1696 5875 Gcn.
1734 5836 1886 5880 xxvi,
1927 5819 2009 5888 ιι,
2050 5820 2132 5876 l5.
