4020 6412
329 384 351 450 1
364 387 468 452 6ὓ7

1711 394 2097 457 DOCTRINA
2152 396 2250 456 IV.

3482 388 3620 454 1658

325 499 476 571 μέγα
507 495 755 569 στρῶμα·
789 495 903 567 ἔχει
933 497 1174 569 τρίχινον
1215 499 1325 555 ἔσθ’
1356 503 1467 568 ὅτε,
1503 505 1599 557 καὶ
1632 504 1778 558 θέλει
1814 507 1909 559 ἀλ-

2038 515 2076 559 ιι
2109 519 2235 560 cum
2270 519 2365 574 per
2392 517 2607 560 menses
2636 502 2774 558 alios
2802 502 3044 572 quinque
3067 510 3230 572 atque
3260 502 3494 573 amplius
3514 503 3620 558 uti-

325 591 489 656 λάξαι
538 589 696 654 αὐτὸ,
750 589 848 643 καὶ
896 590 1084 645 λαϐεῖν
1117 592 1268 657 ἄλλο,
1315 595 1347 665 ἢ
1395 595 1532 657 νέον,
1575 597 1608 668 ἢ
1645 596 1919 668 εὔμορφον

323 681 435 738 ἀπὸ
472 681 833 753 περπερείας,
869 682 903 754 ἢ
936 681 1046 735 ἀπὸ
1069 683 1350 753 ἀκηδείας.
1382 685 1614 740 Δύναταί
1642 705 1728 752 τις
1756 691 1922 761 ἀρκεο

333 774 533 844 σθῆναι
580 773 661 826 ἑνὶ
707 773 1006 844 κεντωνίῳ,
1039 774 1136 827 καλ⁵
1170 775 1327 844 ζητεὶ
1363 775 1618 841 λσνάτον,
1652 778 1785 842 ἴσως
1826 782 1924 833 καὶ

327 863 650 933 φιλονεικεῖ,
696 862 795 915 ἐάν
831 863 909 932 μὴ
950 862 1112 935 λάϐῃ.
1148 863 1212 917 Εἰ
1242 863 1299 917 δὲ
1337 864 1434 919 καὶ
1468 864 1706 937 ἄρξηται
1751 883 1922 939 προσ-

328 956 481 1026 έχειν
516 955 610 1008 καὶ
634 954 715 1025 τῷ
746 954 964 1024 ἀδελφῷ
985 954 1174 1019 αὐτοῦ,
1199 958 1296 1010 καὶ
1325 956 1527 1025 λέγειν,
1562 958 1665 1011 Διά
1692 959 1744 1013 τί
1769 955 1925 1023 οὗτος

328 1048 454 1101 τόδε
503 1047 639 1118 ἔχει,
682 1043 837 1115 κάγὼ
868 1046 970 1099 οὐκ
1000 1045 1143 1116 Exte;
1194 1049 1223 1101 ό
1264 1046 1509 1111 τοιοῦτος
1545 1049 1647 1101 οὐκ
1677 1048 1824 1102 ἐστιν
1867 1051 1926 1103 ὲν

330 1141 614 1210 προκοπῇ.
647 1137 816 1192 Πάλιν
849 1138 1018 1192 ἁπλοῖ
1048 1138 1111 1191 τὸ
1152 1138 1368 1209 ἱμάτιον
1412 1140 1579 1194 αὑτοῦ
1619 1139 1653 1211 ἦ
1692 1140 1752 1194 τὸ
1797 1139 1926 1193 σκέ-

332 1248 536 1303 πατμα
566 1233 648 1294 είς
674 1231 768 1286 τὸν
797 1231 975 1302 ἥλιον,
1017 1231 1114 1286 καὶ
1150 1231 1346 1301 ἀμελεῖ
1387 1232 1483 1286 τοῦ
1513 1233 1724 1304 ἐπᾶραι
1771 1230 1923 1299 αὐτὸ,

334 1323 432 1376 καὶ
456 1323 569 1394 ἀφῇ
602 1322 735 1376 αὐτὸ
762 1319 1025 1377 κακῦναι·
1061 1322 1157 1376 καὶ
1210 1321 1372 1377 τοῦτο
1420 1323 1575 1394 παρά
1624 1323 1928 1394 συνείδησίν

336 1415 511 1466 ἐστιν.
551 1412 788 1484 Ὁμοίως
818 1413 913 1466 καὶ
949 1414 1008 1466 ὲν
1041 1411 1317 1483 βρώμασι·
1346 1413 1571 1469 δύναταί
1592 1431 1677 1478 τις
1704 1415 1930 1486 ποιῆσαι

336 1503 439 1575 τὴν
477 1504 670 1575 χρείαν
715 1502 883 1557 αὑτοῦ
913 1505 995 1568 εἰς
1030 1507 1226 1577 μικρὸν
1259 1505 1491 1577 λάχανον
1535 1508 1569 1579 ἢ
1613 1507 1863 1579 δσπρνον,
1893 1506 1928 1578 ἢ

2026 594 2092 649 lis
2126 609 2246 649 esse
2276 603 2483 664 posset,
2508 593 2700 649 crebra
2730 592 2934 647 lotione
2963 607 3082 645 eam
3112 592 3300 646 reddat
3330 594 3578 647 inutilem
3600 612 3614 625 -

2022 694 2215 741 contra
2244 684 2639 740 conscientiam
2669 684 2727 738 fit
2753 684 2877 739 hoc.
2915 684 3061 739 Idem
3098 692 3182 739 est
3213 683 3266 738 in
3292 684 3454 749 iet-to,
3495 700 3619 739 cum

2024 787 2317 831 contentus
2345 792 2466 832 esse
2497 777 2620 846 quis
2654 779 2830 846 possit
2863 776 3027 831 unico
3060 776 3352 841 cervicali,
3385 786 3621 832 stratum

2025 867 2426 938 amplissimum
2461 868 2713 937 quarritat
2746 886 2760 934 ;
2795 868 3003 923 habens
3034 869 3273 934 laneum,
3308 869 3438 924 illud
3472 886 3623 937 qua»

2024 960 2469 1030 ritcomtnutare,
2495 966 2555 1013 ut
2572 974 2772 1013 novum
2799 960 3022 1029 recipiat
3044 960 3126 1015 vel
3151 960 3296 1014 aliud
3318 961 3621 1030 pulchrius,

2027 1059 2210 1105 motus
2247 1049 2507 1119 superbia
2534 1058 2588 1103 et
2612 1050 2870 1105 vanitate.
2913 1049 3097 1105 Potest
3132 1049 3257 1105 item
3291 1051 3453 1106 alicui
3486 1052 3623 1107 satis

2027 1126 2148 1195 esse
2176 1141 2406 1195 culcitra
2438 1155 2568 1203 una,
2599 1148 2654 1194 et
2683 1147 2916 1209 tapetem
2948 1142 3177 1210 quaerit,
3220 1142 3625 1210 altercaturque

2028 1233 2193 1287 etiam
2225 1231 2362 1285 forte
2400 1231 2504 1287 nisi
2547 1229 2839 1299 acceperit.
2876 1230 2932 1285 Si
2972 1231 3096 1301 quis
3124 1248 3343 1303 quoque
3370 1233 3620 1286 animad-

2027 1333 2203 1378 vertat
2232 1322 2456 1378 fratrem
2488 1321 2692 1393 aliquid
2724 1322 2924 1378 habere
2944 1338 3054 1394 quo
3079 1324 3196 1394 ipse
3235 1333 3437 1388 careat,
3478 1324 3624 1377 invi-

2030 1415 2263 1486 deatque
2291 1426 2344 1471 et
2371 1425 2691 1480 murmuret,
2728 1431 2834 1469 non
2862 1425 2945 1471 est
2976 1416 3064 1471 hic
3089 1417 3142 1470 in
3169 1416 3258 1470 via
3283 1415 3622 1486 proficiendi.

2034 1508 2275 1565 Rursum
2315 1507 2562 1563 extendit
2606 1508 2732 1579 quis
2783 1507 2851 1562 ad
2900 1507 3070 1562 solem
3124 1507 3205 1563 vel
3255 1508 3493 1563 tunicam
3543 1507 3626 1561 vel

338 1598 528 1666 ὀλίγας
553 1598 765 1663 ἐλαίας,
796 1600 892 1653 καὶ
922 1600 1023 1653 οὐκ
1053 1601 1308 1672 ἀνέχεται
1330 1600 1580 1669 ποιῆσαι,
1612 1599 1747 1655 ἀλλὰ
1780 1600 1934 1671 ζητεῖ

2038 1601 2365 1671 epertorium
2394 1640 2410 1667 ,
2441 1609 2495 1655 et
2525 1599 2850 1670 negligentia
2895 1608 2950 1654 et
2999 1599 3211 1654 incuria
3257 1600 3447 1654 ardere
3493 1599 3627 1652 illud

347 1688 477 1743 άλλο
536 1688 737 1760 βρῶμα
793 1688 1076 1761 ήδύτερον,
1136 1691 1169 1762 ἢ
1230 1690 1707 1762 πολυτελέστερονθ
1757 1689 1931 1744 ταῦτα

340 1781 522 1835 πάντα
556 1782 711 1852 παρά
750 1781 1059 1852 συνείδησίν
1082 1785 1253 1837 ἐστιν.
1287 1782 1350 1835 Οί
1378 1782 1434 1835 δὲ
1461 1782 1708 1853 Πατέρες
1736 1782 1931 1851 λέγου-

2033 1694 2320 1766 permittit,
2352 1708 2453 1748 nec
2482 1692 2657 1748 elevat
2685 1709 2812 1749 cum
2836 1691 2995 1748 debet
3022 1711 3036 1747 :
3068 1701 3123 1748 et
3148 1692 3252 1748 hoc
3283 1691 3469 1761 utique
3498 1706 3628 1745 con-

2035 1793 2117 1842 tra
2146 1785 2537 1840 conscientiam
2565 1796 2667 1841 est.
2708 1786 2850 1840 Idem
2879 1796 2962 1840 est
2996 1784 3051 1839 in
3094 1785 3255 1839 cibo:
3290 1784 3473 1839 Potest
3501 1798 3628 1838 cor-

344 1889 433 1926 σιν
466 1873 549 1926 ὅτι
580 1872 679 1927 οὐκ
707 1870 915 1941 ὀφείλει
945 1873 974 1925 ό
1014 1871 1438 1943 μοναχὸςὲᾶσαι
1467 1871 1595 1924 ποτὲ
1622 1872 1722 1942 τὴν
1753 1869 1932 1923 συνεί-

2038 1891 2215 1947 porca:
2244 1877 2555 1933 necessitati
2583 1878 2709 1947 quis
2743 1879 3059 1933 satisfacere
3091 1877 3372 1940 olusculis,
3402 1875 3623 1946 legumi-

339 1966 501 2035 δησιν
557 1965 725 2019 αὐτοῦ
802 1965 1184 2034 καταπονῆσαι
1244 1964 1442 2029 αὐτὸν,
1487 1964 1596 2018 οὐδ’
1648 1963 1933 2035 ἐνιδήποτε

344 2056 652 2128 πράγματι.
709 2055 885 2128 Χρεία
914 2053 1010 2110 οὖν
1045 2058 1215 2121 ἐστιν,
1244 2056 1484 2125 ἀδελφοὶ,
1534 2056 1728 2127 νήφειν
1784 2053 1934 2124 ἡμᾶς

348 2148 586 2203 πάντοτε
618 2149 714 2202 καὶ
737 2147 1030 2218 φυλάττειν
1061 2148 1287 2211 ἑαυτοὺς
1314 2147 1425 2201 άπδ
1455 2145 1677 2200 πάντων
1695 2144 1928 2208 τούτων,

354 2240 442 2295 ἵνα
479 2242 553 2313 μὴ
584 2242 914 2312 ἐμπέσωμεν
948 2242 1030 2305 είς
1056 2241 1148 2295 τὸν
1186 2241 1452 2295 κίνδυνον.
1485 2240 1598 2295 Καὶ
1622 2240 1733 2312 γὰρ
1770 2239 1933 2303 αὐτὸς

344 2333 373 2384 ὀ
398 2333 601 2401 Κϋριος
628 2332 1090 2405 προεμαρτύρατο
1112 2334 1282 2404 ἡμᾶς,
1306 2332 1490 2397 καθὼς
1505 2333 1765 2404 ἀνωτέρω
1787 2331 1936 2385 εἷπο-

346 2441 471 2492 μεν.
505 2424 565 2478 '0
584 2425 719 2489 Θεὸς
742 2420 863 2491 δῴη
888 2427 1021 2497 ἡμῖν
1043 2424 1265 2479 ἀκούειν
1296 2425 1391 2478 καὶ
1424 2423 1714 2493 φυλάττειν
1734 2423 1933 2489 ταῦτα,

343 2517 432 2572 ἶνα
467 2518 542 2589 μὴ
569 2519 651 2583 είς
677 2517 863 2591 κρίσιν
895 2517 1163 2589 γένωνται
1193 2518 1327 2589 ἡμῖν
1357 2517 1406 2569 oi
1434 2515 1586 2586 λόγοι
1613 2514 1724 2572 τῶν
1756 2512 1933 2571 Πατέ-

350 2627 460 2681 ρων
489 2613 523 2683 ἡ
530 2610 668 2680 μῶν.

2037 1971 2239 2037 nibus,
2275 1972 2358 2025 vel
2406 1970 2638 2035 modicis
2677 1970 2877 2035 olivis;
2921 1985 3020 2025 nec
3068 1969 3137 2024 iis
3177 1977 3469 2025 contentus
3504 1974 3630 2034 est,

2036 2060 2131 2115 sed
2183 2059 2445 2115 lautiores
2487 2069 2542 2115 et
2588 2058 2938 2114 delicatiores
2971 2057 3138 2127 dapes
3168 2055 3478 2128 perquirit:
3513 2054 3633 2110 haec

2035 2151 2219 2207 omnia
2242 2161 2432 2207 contra
2463 2149 2858 2206 conscientiam
2894 2157 3037 2204 sunt.
3070 2147 3422 2202 Admonuere
3447 2157 3630 2200 autem

2034 2241 2228 2298 crebro
2270 2241 2507 2311 majores
2551 2238 2725 2294 nostri
2764 2254 2871 2294 non
2918 2238 3116 2293 debere
3150 2237 3262 2308 pati
3299 2235 3631 2291 monachum
3722 2300 3734 2315 '

2036 2331 2336 2387 remorderi
2367 2345 2488 2386 sese
2518 2328 2814 2399 aliquando
2838 2343 2868 2382 a
2904 2327 3241 2383 conscientia
3270 2342 3391 2394 sua,
3421 2341 3490 2380 ne
3524 2340 3633 2380 una

2036 2424 2256 2494 quidem
2289 2437 2350 2477 re
2388 2422 2635 2476 minima.
2675 2418 2827 2491 Opus
2860 2405 3026 2490 igitur
3070 2418 3224 2473 nobis
3268 2427 3372 2479 est.
3410 2416 3633 2482 fratres,

2038 2513 2332 2569 sobrietate
2361 2518 2643 2582 perpetua,
2674 2520 2734 2564 ut
2766 2523 2874 2563 nos
2895 2508 2963 2563 ab
3003 2503 3380 2576 hujuscemodi
3408 2502 3635 2557 omnino

2038 2604 2415 2661 custodiamus
2465 2602 2664 2657 illarsos
2703 2620 2716 2656 :
2770 2615 2839 2655 ne
2878 2599 3174 2669 aliquando
3223 2596 3530 2651 incidamus
3580 2593 3636 2646 in

346 2705 649 2777 periculum
677 2707 823 2776 quod
861 2706 1019 2763 nobis
1053 2704 1318 2761 Dominus
1352 2702 1722 2760 comminatus
1784 2708 1889 2767 est,
1951 2707 2014 2755 ut
2051 2698 2305 2768 superius
2339 2696 2599 2751 diximus.
2634 2694 2864 2750 Praestet
2910 2692 3066 2747 nobis
3108 2690 3248 2745 Deus
3294 2689 3411 2743 lucc
3455 2686 3637 2742 omnia

348 2812 460 2854 non
490 2806 597 2854 tam
628 2800 821 2855 audire
842 2814 1006 2870 quam
1030 2799 1346 2864 observare,
1372 2812 1440 2853 ne
1464 2794 1674 2868 judicio
1694 2802 1939 2851 extremo
1969 2800 2191 2864 patrum
2253 2801 2565 2849 nostrorum
2624 2786 3033 2844 exhortationes
3054 2785 3269 2858 optimae
3297 2783 3351 2838 in
3369 2781 3638 2853 judicium

346 2895 404 2943 et
433 2888 940 2944 condemnationem
970 2888 1129 2943 nobis
1163 2888 1315 2945 fiant.

878 3001 1295 3056 ΔῙΔΑΣΚΑΛΙΑ
1330 3002 1407 3061 A'.

776 3115 919 3185 Περὶ
954 3114 1062 3170 τοῦ
1098 3115 1265 3172 θείου
1301 3115 1513 3185 φόϐου.

423 3204 500 3261 Α’.
528 3206 691 3276 Λέγει
716 3208 776 3261 ὲν
808 3209 928 3271 ταῖς
958 3206 1290 3272 Καθολικαϊς
1318 3199 1352 3261 ὅ
1380 3205 1533 3276 ἅγιος
1564 3202 1845 3277 Ἰωάννης,
1875 3205 1948 3261 Ἠ

2608 2979 2962 3039 DUCTRIIVA
2993 2977 3082 3035 ιγ.

2562 3120 2638 3177 De
2679 3122 2859 3176 divino
2915 3121 3124 3175 timore.
3174 3156 3179 3163 ι

2116 3219 2161 3272 ι.
2194 3214 2474 3273 Sententia
2509 3211 2740 3269 Joannis
2787 3220 2871 3266 est
2912 3209 2967 3264 in
3010 3205 3260 3278 epistolis
3306 3205 3423 3262 suis
3448 3247 3463 3271 ,
3495 3204 3642 3276 quod

350 3299 549 3353 τελεία
577 3298 779 3369 ἀγάπη
807 3298 927 3363 ἔξω
939 3298 1167 3365 βάλλει
1190 3299 1297 3353 τὸν
1319 3300 1528 3368 φόϐον.
1548 3299 1691 3369 "Aput
1719 3298 1773 3350 τί
1793 3296 1934 3351 θέλει

2042 3308 2274 3380 perfecta
2295 3305 2534 3361 alacritas
2564 3303 2712 3373 {oras
2739 3300 2888 3371 cjirit
2930 3299 3172 3352 (iurarent
3201 3296 3243 3350 ί.
3286 3294 3445 3362 Quid,
3482 3294 3646 3347 obse-

347 3389 441 3445 διὰ
472 3390 629 3445 τοῦτο
662 3392 905 3463 σημᾶναι
945 3392 1077 3462 ἡμῖν
1117 3393 1145 3444 ό
1188 3391 1379 3461 ἀγιος;
1423 3389 1586 3444 ποίαν
1626 3390 1739 3461 άρλα
1788 3388 1939 3458 λέγει

351 3483 486 3553 ἡμῖν
516 3482 759 3551 ἀγάπην.
792 3482 887 3535 καὶ
905 3485 1057 3536 ποῖον
1091 3482 1291 3551 φόϐον;
1339 3481 1397 3536 '0
1422 3481 1522 3553 μὲν
1556 3481 1850 3553 Προφήτης
1882 3483 1942 3538 ὲν

350 3573 431 3645 τῷ
453 3572 655 3646 ψαλμῷ
682 3574 853 3643 λέγει·
893 3574 1199 3642 Φοϐήθητε
1224 3573 1332 3629 τὸν
1355 3575 1601 3644 Κύριον,
1631 3572 1858 3640 πάντες
1887 3575 1944 3627 ol

260 3672 277 3681 ’
352 3666 511 3736 ἅγιοι
531 3664 744 3719 αὐτοῦ’
774 3666 870 3718 καὶ
898 3665 1040 3720 ἄλλα·
1068 3665 1126 3719 δὲ
1154 3666 1328 3738 μυρία
1351 3663 1583 3719 τοιαῦτα
1612 3664 1945 3735 εὑρίσκομεν

352 3758 411 3808 ὲν
450 3758 572 3819 ταῖς
612 3755 797 3825 ἁγίαις
830 3755 1096 3827 Γραφαῖς.
1143 3757 1207 3809 Et
1236 3752 1331 3811 οὖν
1389 3756 1484 3810 καὶ
1517 3755 1567 3808 οἱ
1596 3753 1742 3823 ἅγιοι
1771 3753 1946 3819 οὕτως

356 3850 687 3918 ἀγαπῶντες
712 3847 805 3903 τὸν
833 3848 1060 3920 Κύριον,
1093 3848 1383 3920 φοϐοῦνται
1418 3848 1603 3914 αὑτὸν,
1629 3848 1748 3913 πῶς
1775 3849 1944 3916 λέγει,

368 3939 432 3994 Ἡ
453 3941 653 4009 ἀγάπη
672 3939 788 4005 ἔξω
805 3939 1029 4005 ,βάλλει
1053 3941 1160 3994 τὸν
1180 3942 1401 4011 φόϐονξ
1421 3937 1605 4004 Δεϊξαι
1645 3940 1777 4010 ἡμῖν
1805 3938 1947 3992 θέλει

367 4034 396 4085 ὁ
434 4033 583 4100 ᾶγιος
613 4032 695 4086 ὅτι
726 4030 820 4085 δύο
857 4033 965 4086 εἰσὶ
997 4032 1173 4102 φόϐοι,
1207 4026 1289 4097 εἷς
1323 4030 1710 4102 εἱσαγωγικὸς,
1744 4030 1839 4084 καὶ
1867 4024 1950 4093 εἷς

360 4124 584 4186 τέλειος
616 4125 711 4177 καὶ
748 4125 831 4178 ὅτι
859 4126 887 4177 ὁ
920 4123 1020 4193 μὲν
1054 4118 1137 4189 εἷς
1165 4125 1274 4178 τῶν
1308 4123 1629 4196 ἀρχομένων
1677 4122 1846 4187 ἐστὶν,
1874 4120 1951 4184 ὡς

363 4215 433 4269 ἂν
468 4214 611 4268 εῐποι
641 4230 745 4282 τις,
777 4214 872 4269 τοῦ
921 4215 1227 4279 θεοσεϐοῦς·
1273 4218 1301 4270 ό
1333 4215 1392 4269 δὲ
1435 4215 1596 4279 ἄλλος
1624 4214 1736 4268 τῶν
1779 4214 1951 4282 ἁγίων

2043 3415 2167 3465 cro,
2203 3398 2311 3453 hac
2333 3393 2605 3452 sententia
2637 3390 2990 3447 nobisinnuit
3022 3386 3293 3443 sanctus?
3319 3383 3432 3440 Cur
3465 3384 3649 3438 chari-

2046 3498 2234 3554 tatem,
2260 3503 2361 3543 cur
2386 3487 2641 3542 timorem
2668 3481 2781 3538 ait?
2806 3478 3082 3550 Propheta
3108 3476 3285 3546 inquit
3308 3490 3363 3528 tn
3389 3472 3641 3528 Psalmo:

2030 3579 2254 3637 .Timetc
2282 3576 2586 3640 Dominum,
2619 3586 2798 3626 omnes
2823 3568 2997 3623 sancti
3022 3565 3137 3635 ejus
3164 3574 3212 3618 tt.
3244 3563 3310 3617 Et
3332 3561 3440 3617 alia
3471 3560 3650 3630 plera-

2046 3684 2155 3738 que
2191 3661 2594 3736 hujuscemodi,
2621 3674 2745 3730 qua:
2778 3657 2832 3711 in
2865 3655 3039 3711 sacris
3069 3650 3291 3708 Litteris
3317 3648 3645 3719 reperimus.

2050 3764 2108 3819 Si
2138 3762 2283 3818 enim
2315 3765 2564 3814 amantes
2594 3742 2887 3809 Dominum
2918 3745 3095 3804 sancti
3130 3745 3283 3799 illum
3309 3750 3570 3798 verentur
3594 3750 3652 3794 et

2046 3856 2265 3916 timent,
2306 3858 2368 3906 ut
2399 3849 2531 3919 quid
2563 3846 2660 3912 ait,
2690 3845 2927 3914 perlecta
2969 3837 3205 3893 charitas
3229 3836 3377 3905 [oras
3398 3831 3545 3896 εἰει-ιι
3581 3831 3644 3884 ti-

2049 3959 2247 4001 morem
2271 3944 2297 3998 ?
2332 3937 2634 3995 Ostendere
2664 3932 2826 3988 nobis
2854 3930 2969 3984 vult
2998 3934 3243 3991 sanctus,
3281 3922 3497 3983 timoris
3530 3933 3653 3977 esse

2050 4037 2161 4092 duo
2199 4047 2441 4105 genera;
2484 4029 2719 4084 alterum
2756 4022 2979 4094 quidem
3015 4017 3377 4089 isagogicum,
3410 4014 3516 4105 hoc
3543 4020 3649 4105 est,

2052 4103 2511 4184 introductorium
2537 4160 2552 4186 ,
2592 4118 2824 4173 alterum
2868 4127 2999 4169 vero
3048 4108 3374 4181 perfectum.
3425 4104 3494 4159 Et
3536 4103 3653 4173 pri-

2054 4233 2201 4274 mum
2228 4256 2243 4283 ,
2285 4216 2508 4284 inquam
2535 4251 2551 4276 ,
2586 4223 2778 4264 eorum
2818 4212 2904 4261 est
2933 4244 2948 4268 ,
2979 4201 3073 4273 qui
3117 4214 3291 4269 nuper
3334 4196 3652 4284 religionem

358 4306 472 4360 τῶν
518 4281 917 4362 τελειωθέντων
957 4306 1098 4373 ἐστὶ,
1131 4307 1241 4361 τῶν
1271 4306 1598 4376 φθασάντων
1632 4308 1714 4370 εἰς
1753 4281 1934 4376 τδίμέε

2054 4281 2340 4363 invadunt.
2363 4281 2689 4355 Secundum
2719 4303 2902 4350 autem
2934 4300 3251 4347 sanctorum
3285 4293 3450 4354 atque
3477 4281 3655 4354 perfe-

355 4415 491 4470 τρον
522 4398 623 4468 τῆς
656 4398 905 4470 ἀγάπης.
935 4392 1062 4453 Οἴόν
1090 4416 1143 4452 τι
1173 4398 1337 4468 λέγω·
1373 4401 1524 4453 Ποιεῖ
1540 4416 1621 4463 τις
1650 4399 1713 4453 τὸ
1740 4397 1934 4469 θέλημι

2044 4409 2295 4464 clerum,
2332 4396 2424 4468 qui
2457 4394 2571 4465 jam
2603 4391 2670 4446 ad
2706 4386 2993 4446 charitatis
3040 4390 3244 4470 sanctae
3273 4378 3501 4470 culmen
3529 4390 3657 4445 pcr-

358 4488 456 4544 τοῦ
485 4488 622 4543 Θεοῦ
662 4489 750 4542 διὰ
779 4491 873 4544 τὸν
904 4489 1068 4560 φόϐον
1095 4490 1203 4544 τῶν
1234 4490 1528 4545 κολάσεωνο
1559 4484 1738 4556 οὗτος,
1774 4490 1851 4554 ὡς
1879 4489 1934 4544 ετ-

2056 4502 2274 4552 venere,
2313 4466 2393 4551 ut,
2413 4481 2565 4537 verbi
2599 4479 2772 4550 gratia
2799 4494 2813 4528 :
2856 4472 3011 4528 Facit
3036 4470 3165 4540 quis
3196 4467 3286 4522 Dei
3317 4466 3655 4520 voluntatem

363 4596 568 4650 πομεν,
598 4581 785 4651 ἀκμὴν
821 4558 1086 4652 ἀργάριός
1115 4582 1287 4647 ἐστιν,
1318 4573 1474 4646 οὗτος
1511 4582 1573 4635 οὐ
1598 4584 1745 4636 ποιεῖ
1771 4582 1934 4654 ἀκμὴε

2057 4594 2172 4652 prae
2197 4579 2395 4637 timore
2432 4573 2733 4646 gehennae:
2769 4567 2859 4623 hic
2885 4605 2902 4632 ,
2940 4573 3002 4619 nt
3030 4563 3296 4626 diximus,
3342 4558 3525 4654 adhuc
3554 4570 3658 4611 no-

364 4672 433 4726 δι’
463 4672 596 4725 αὐτὸ
634 4650 822 4735 καλόν,
1039 4673 1129 4727 διὰ
1176 4674 1269 4728 τὸν
1317 4674 1483 4745 φόϐον
1532 4675 1644 4729 τῶν
1703 4650 1932 4745 πληγιῖιν

2060 4650 2228 4728 vitius
2249 4677 2337 4726 est
2365 4675 2422 4723 et
2452 4662 2756 4735 incipiens,
2796 4660 2845 4715 is
2883 4658 3068 4713 adhuc
3110 4663 3339 4745 propter:
3364 4666 3425 4707 se
3448 4650 3657 4745 bonum

369 4761 566 4825 Ἀλλος
597 4763 654 4816 δὲ
684 4764 832 4816 ποιεῖ
872 4761 933 4816 τὸ
963 4762 1179 4834 θέλημα
1206 4764 1301 4818 τοῦ
1330 4742 1499 4829 Θεοῦ,
1538 4765 1771 4836 ἀγαπῶν
1795 4742 1934 4819 esse

2060 4781 2172 4820 non
2197 4768 2434 4826 exercet,
2461 4757 2555 4814 sed
2579 4755 2778 4811 timore
2798 4750 3105 4822 plagarum.
3133 4746 3286 4800 Alter
3313 4742 3425 4798 Deo
3448 4742 3502 4797 in
3524 4755 3660 4842 cun-

366 4855 460 4908 τὸν
488 4853 645 4917 Θεὸν,
678 4854 912 4925 ἀγαπῶν
962 4856 1127 4910 αὑτὸν
1172 4856 1358 4920 ίδικῶς
1403 4857 1483 4927 τῷ
1523 4835 1840 4929 εὐαρεστεῖν
1881 4856 1934 4926 τί

2062 4858 2167 4913 ctis
2196 4861 2351 4926 paret
2374 4867 2439 4907 ex
2480 4862 2669 4905 amore
2695 4855 2751 4902 et
2782 4839 3159 4901 benevolentia
3194 4839 3248 4892 in
3277 4835 3446 4891 Deum
3472 4871 3489 4897 ,
3522 4835 3658 4933 et‘in

368 4945 511 5015 Θεῷ.
544 4922 854 5008 Οὖτοςᾶδε
890 4944 943 4999 τί
977 4946 1130 4998 ἐστιν
1162 4945 1296 4999 αὐτὸ
1325 4946 1385 5000 τὸ
1415 4922 1600 5015 καλὸν,
1628 4922 1784 5013 οὗτος
1821 4922 1934 5019 έγνι

2065 4922 2246 5018 ipsum
2282 4945 2485 4998 bonum
2522 4949 2688 5010 atque
2714 4938 2993 5001 virtutem,
3022 4942 3083 4988 ut
3108 4930 3319 4987 scilicet
3346 4928 3452 5019 hoc
3481 4922 3662 5019 medio

368 5036 422 5088 τί
458 5038 571 5089 ἐστι
603 5035 666 5088 τὸ
697 5029 838 5089 εἶναι
874 5035 1015 5106 μετὰ
1041 5034 1138 5089 τοῦ
1171 5036 1331 5092 Θεοῦ.
1374 5037 1506 5090 ’ἰδοὺ
1556 5031 1712 5103 οὗτός
1746 5041 1893 5095 ἐστιν

2070 5015 2180 5094 beo
2222 5037 2437 5108 placeat
2470 5045 2521 5089 et
2554 5043 2742 5105 gratus
2786 5031 2877 5087 sit.
2922 5027 3084 5083 Novit
3130 5024 3221 5079 hic
3259 5017 3503 5092 profecto
3529 5015 3663 5108 quid

368 5125 509 5197 ἔχων
537 5125 637 5197 τὴν
657 5125 921 5197 ἀληθινὴν
953 5127 1199 5197 ἀγάπην,
1219 5127 1285 5199 ἠν
1308 5126 1454 5196 λέγει
1484 5129 1513 5181 ό
1541 5128 1697 5199 ἅγιος
1728 5132 1934 5188 τελείαν

2074 5106 2278 5186 bonum
2306 5170 2321 5194 ,
2376 5126 2508 5199 quid
2544 5126 2722 5180 virtus
2759 5124 2873 5179 sit:
2929 5121 3079 5177 novit
3116 5116 3251 5187 quid
3285 5112 3358 5169 sit
3395 5124 3517 5167 cum
3552 5106 3665 5163 Deo

370 5220 470 5273 καὶ
496 5217 641 5289 αῦτη
670 5219 704 5288 ἡ
732 5218 922 5289 ἀγάπη
947 5218 1105 5290 φέρει
1134 5218 1299 5272 αὑτὸν
1332 5221 1413 5282 είς
1440 5219 1532 5273 τὸν
1554 5221 1759 5275 τέλειον
1779 5222 1934 5290 φόϐον

2074 5236 2216 5278 csse.
2247 5220 2347 5276 llic
2377 5219 2674 5290 perfectam
2704 5224 2759 5272 et
2792 5228 3000 5278 veram,
3032 5211 3101 5266 de
3124 5222 3233 5280 qua
3263 5200 3666 5274 loquiturApo-

368 5310 624 5362 Φοϐεῖται
657 5310 768 5379 γὰρ
796 5310 824 5361 ὁ
848 5307 1087 5371 τοιοῦτος
1119 5308 1212 5360 καὶ
1247 5306 1506 5385 φυλάττει
1539 5308 1601 5362 τὸ
1629 5308 1843 5380 θέλημα
1871 5328 1932 5364 το

2073 5317 2248 5374 stolus
2272 5356 2288 5383 ,
2338 5314 2502 5371 habet
2531 5312 2855 5367 eharitatem
2884 5350 2899 5373 ,
2931 5306 3139 5375 etipsa
3183 5299 3425 5357 charitas
3451 5311 3574 5351 eum
3609 5292 3666 5347 in

373 5401 536 5465 Θεοῦ,
568 5403 669 5455 οὒκ
705 5401 789 5454 ἔτι
817 5399 905 5453 διὰ
936 5399 1036 5465 τὰς
1060 5400 1294 5471 πληγὰς,
1322 5399 1424 5453 οὐκ
1450 5399 1531 5453 ἔτι
1563 5398 1652 5454 διὰ
1680 5402 1742 5453 τὸ
1770 5400 1845 5472 μὴ
1875 5419 1934 5455 κο

2070 5406 2370 5478 perfectum
2398 5405 2650 5460 timorem
2674 5402 2912 5457 adducit.
2938 5397 3117 5454 Timet
3137 5392 3284 5450 enim
3311 5391 3401 5446 hic
3424 5388 3663 5444 divinam

373 5494 664 5564 λασθῆναιο
690 5493 832 5556 ἀλλ’,
852 5492 1043 5565 ὥσπερ
1064 5494 1313 5564 εἷπομεν,
1335 5492 1852 5563 γευσάμενοςοιὺτῆς
1870 5493 1934 5562 τῆ

2071 5497 2409 5552 voluntatem
2453 5506 2509 5550 et
2550 5493 2826 5556 observat,
2863 5506 2972 5545 non
3021 5495 3169 5543 metu
3220 5484 3526 5556 plagarum,
3557 5492 3665 5532 non

379 5586 716 5656 γλυκύτητος
746 5585 840 5641 τοῦ
867 5582 1004 5639 εἶναι
1036 5586 1175 5657 μετά
1205 5584 1298 5640 τοῦ
1319 5583 1456 5637 Θεοῦ
1476 5601 1489 5615 ο
1515 5585 1759 5654 φοϐεῖται
1789 5585 1866 5656 μὴ
1888 5588 1934 5638 ἐι

2075 5589 2382 5653 verberum,
2418 5586 2512 5642 sed
2545 5583 2841 5654 degustans
2872 5580 3010 5651 jam,
3037 5591 3201 5647 quam
3238 5574 3394 5629 dulce
3436 5571 3507 5627 sit
3541 5583 3665 5623 cum

379 5675 523 5748 πέσῃ
552 5678 741 5749 αὐτῆς,
772 5678 1021 5749 φοϐεῖται
1050 5676 1124 5749 μὴ
1164 5676 1401 5748 στερηθῇ
1421 5676 1613 5746 αὐτῆς.
1636 5672 1802 5740 Οὗτος
1827 5674 1919 5731 οὖν

2078 5679 2189 5737 Dco
2216 5694 2357 5746 esse,
2401 5677 2661 5748 timetque
2701 5688 2768 5728 nc
2808 5687 2872 5728 ca
2911 5670 3155 5741 privetur
3192 5662 3479 5723 dulcedine
3533 5671 3669 5715 neve

457 5854 714 5912 HJoan.
764 5874 835 5924 tv,
878 5857 956 5911 l8.
1040 5859 1062 5897 ε
1092 5856 1238 5915 i‘sal.
1292 5870 1485 5924 xxxiii,
1537 5854 1621 5912 10.
