4020 6412
100 398 236 472 1661

1474 395 1863 458 DOCTRINA
1904 396 2005 459 IV.

3226 397 3244 462 i
3258 401 3364 464 562

95 518 253 594 ἡμῶν
280 515 448 568 ἔστιν’
480 504 636 572 οὗτος
666 509 926 581 φυλάττει
949 508 1049 582 τὴν
1068 509 1270 582 ψυχὴν,
1295 509 1487 583 ὥσπερ
1518 513 1551 583 ἡ
1574 512 1676 579 τά-

1799 516 1902 572 Iam
1936 514 2008 570 ab
2043 516 2193 570 omni
2236 526 2502 586 pravttate
2538 521 2720 568 tuetur
2765 523 2819 567 et
2864 508 3119 581 protegit.
3155 509 3369 564 Dicitur

95 624 254 671 νωσις
289 604 336 638 ¹³
375 602 486 658 ἀπὸ
526 603 708 672 πάσης
753 601 971 666 κακίας.
1013 601 1174 670 Λέγει
1218 602 1349 674 γὰρ,
1384 603 1470 668 Τῷ
1510 604 1673 672 φόϐῳ

99 697 320 767 Κυρίου
341 692 607 749 ἐκκλίνει
626 691 748 759 πᾶς
768 693 886 748 ἀπὸ
919 691 1134 748 κακοῦ.
1174 694 1300 747 Ἐὰν
1328 689 1423 750 οὖν
1451 693 1674 765 ὲκκλίνῃ

99 793 206 854 πᾶς
234 788 342 845 ἀπὸ
386 785 560 842 κακοῦ
603 784 695 839 διὰ
733 784 828 839 τὸν
857 785 1023 855 φόϐον
1068 786 1169 857 τῆς
1206 785 1502 852 κολάσεως,
1538 786 1614 849 ὠς
1647 788 1678 839 6

95 883 279 946 δοῦλος
302 881 334 934 6
359 879 696 951 φοϐούμενος
722 878 815 933 τὸν
833 878 1124 950 δεσπότην,
1153 877 1373 950 ἔρχεται
1408 879 1552 933 κατά
1581 878 1678 950 μὲ-

100 992 188 1048 ρος
218 972 316 1026 καὶ
348 973 427 1034 είς
461 970 525 1024 τὸ
567 970 795 1041 ποιῆσαι
824 970 886 1025 τδ
914 970 1144 1040 ἀγαθὸν,
1175 972 1272 1025 καὶ
1302 972 1444 1026 κατὰ
1479 971 1677 1042 μικρὸν

100 1069 325 1139 ἄρχεται
356 1064 452 1119 xlii
478 1062 836 1120 ἀνταπόδοσιν
862 1080 984 1117 τινα
1006 1064 1108 1133 τῆς
1131 1063 1396 1135 ἐργασίας
1420 1064 1517 1117 τοῦ
1544 1064 1681 1131 ἀγα-

103 1159 193 1213 θοῦ
213 1155 475 1221 ἐλπίζειν,
502 1153 757 1226 καθάπερ
777 1155 808 1208 6
843 1155 1134 1226 μισθωτός.
1167 1156 1339 1211 Ὀταν
1363 1153 1456 1211 οὖν
1480 1155 1682 1229 ἐμμεί-

105 1265 168 1322 νῃ
196 1248 414 1318 φεύγων
440 1248 503 1302 τὸ
528 1247 718 1314 κακὸν,
749 1247 826 1311 ὡς
860 1246 1110 1319 εἴπομεν,
1142 1247 1231 1303 διὰ
1257 1249 1351 1303 τὸν
1375 1248 1541 1318 φόϐον
1569 1249 1680 1303 ὦσ-

105 1359 205 1412 περ
236 1341 333 1395 καὶ
363 1339 565 1406 δοῦλος,
592 1339 690 1395 καὶ
718 1338 882 1393 πάλιν
913 1339 1083 1394 ποιῶν
1124 1340 1186 1394 τὸ
1226 1340 1432 1409 ἀγαθὸν
1464 1340 1552 1396 διὰ
1582 1339 1683 1411 τὴν

104 1433 314 1499 ἐλπίδα,
342 1432 534 1502 ὥσπερ
555 1432 584 1485 6
615 1430 910 1501 μισθωτὸς,
936 1429 1232 1502 χερονίζων
1266 1431 1310 1464 ί*
1337 1433 1434 1486 σὺν
1455 1431 1575 1503 Θεῷ
1603 1433 1685 1496 είς

102 1526 161 1580 τδ
194 1523 422 1594 ἀγαθὸν,
468 1522 565 1576 καὶ
609 1522 753 1576 κατά
805 1521 1100 1591 ἀναλογίαν
1152 1524 1557 1595 συναπτόμενος
1607 1521 1687 1589 τῷ

105 1616 244 1688 Θεῷ.
276 1615 497 1686 γεύεται
524 1613 733 1681 λοιπὸν,
764 1614 860 1668 καὶ
894 1616 973 1677 είς
1013 1614 1263 1685 αἴσθησίν
1289 1631 1412 1668 τινα
1459 1613 1684 1686 ἔρχεται

106 1704 274 1760 αὐτοῦ
304 1703 399 1757 τοῦ
424 1704 595 1766 ὅντως
618 1703 852 1772 ἀγαθοῦ,
884 1703 979 1758 καὶ
1017 1704 1206 1758 οὐκέτι
1235 1703 1378 1758 θέλει
1405 1704 1687 1780 χωρισθῆ-

109 1816 196 1852 ναι
240 1797 336 1851 ἀπ’
367 1796 557 1852 αὑτοῦ.
583 1796 681 1860 Τίς
708 1796 818 1867 γὰρ
846 1796 1010 1850 αὐτὸν
1048 1795 1131 1850 ἔτι
1167 1796 1394 1851 δύναται
1431 1795 1687 1866 χωρίσαι,

1774 610 1959 665 enim:
2000 607 2210 663 Timore
2249 607 2463 662 Domini
2503 606 2733 661 declinat
2776 603 2945 658 omnis
2984 618 3018 655 a
3058 601 3199 654 malo
3224 601 3273 655 Ιι.
3307 600 3366 654 Si
3470 636 3477 643 ι

1776 702 1901 773 quis
1927 700 2097 771 igitur
2115 716 2146 754 a
2171 701 2315 755 malo
2342 699 2585 754 declinat
2607 696 2680 752 ob
2710 704 2915 750 metum
2948 708 3141 764 ptume,
3172 701 3232 747 ut
3253 706 3366 747 ser-

1777 810 1879 851 vus
1908 802 2010 859 est,
2044 793 2140 865 qui
2167 793 2449 849 dominum
2494 800 2729 847 veretur.
2774 788 2988 844 Sensim
3020 797 3201 840 autem
3240 799 3365 840 cum
3428 802 3438 848 ;

1778 885 2014 941 declinat
2043 900 2073 939 a
2109 885 2368 949 malo,eo
2398 882 2642 953 pervenit
2667 889 2726 935 ut
2755 881 2955 935 bonum
2981 884 3125 947 agat.
3153 876 3210 929 Et
3239 877 3367 928 dum

1780 976 2196 1031 retributionem
2240 974 2406 1028 ullam
2454 973 2612 1028 bona:
2649 968 2982 1041 operationis
3016 981 3239 1037 sperare
3284 966 3372 1019 in-
3424 960 3428 965 ’

1780 1068 1952 1139 cipit,
1984 1065 2358 1123 mercenarius
2392 1064 2474 1121 lit.
2523 1062 2629 1129 Qui
2678 1062 2846 1133 igitur
2889 1060 3036 1114 bono
3069 1059 3274 1118 instat,
3319 1065 3375 1110 et
3430 1041 3434 1051 ’

1783 1159 1988 1214 malum
2024 1156 2160 1228 fugit
2187 1157 2258 1212 ob
2287 1163 2517 1218 metum,
2551 1155 2641 1209 hic
2665 1168 2858 1209 servus
2891 1161 3015 1207 est:
3048 1160 3104 1204 et
3127 1165 3219 1219 qut
3255 1162 3377 1203 rur—
3465 1143 3468 1146 ’

1785 1264 1908 1307 sum
1939 1249 2012 1303 ob
2041 1262 2193 1317 spem
2223 1244 2457 1317 praemii,
2486 1243 2578 1304 hic
2608 1241 3006 1297 mercenarius.
3036 1238 3140 1307 Qui
3166 1236 3376 1292 diutius

1787 1342 1841 1396 in
1870 1341 2018 1396 bono
2045 1345 2420 1395 commoratur
2444 1374 2461 1401 ,
2498 1348 2625 1391 cum
2674 1331 2785 1387 Deo
2832 1339 2915 1387 est
2939 1372 2955 1395 ,
2989 1341 3045 1386 et
3072 1328 3375 1385 secundum

1786 1432 2092 1503 analogiam
2116 1430 2228 1486 Deo
2248 1428 2508 1485 adhaeret.
2539 1425 2798 1496 Degustat
2820 1421 2983 1494 392
3007 1421 3152 1476 enim
3182 1428 3236 1474 et
3256 1434 3378 1487 per-

1787 1525 1935 1582 venit
1966 1525 2022 1580 in
2053 1539 2276 1581 sensum
2305 1521 2595 1592 quemdam
2633 1517 2745 1572 veri
2786 1517 2959 1587 ipsius
2996 1512 3144 1579 boni,
3172 1527 3273 1566 nec
3310 1510 3380 1565 ah

1787 1635 1855 1676 eo
1880 1619 2064 1675 divelli
2090 1616 2289 1673 amodo
2314 1624 2410 1671 aut
2438 1615 2555 1670 vult
2583 1620 2679 1668 aut
2711 1618 2910 1682 potest.
2939 1607 3075 1675 Quis
3094 1607 3240 1662 enim
3265 1606 3378 1675 jam

1791 1715 1972 1785 ipsum
2003 1719 2201 1782 potest,
2237 1716 2299 1764 ut
2324 1709 2399 1764 ait
2426 1706 2722 1778 Apostolus
2755 1703 2773 1743 ι
2804 1719 2855 1769 a,
2877 1701 3144 1757 charitate
3177 1698 3382 1753 Christi

1791 1801 2091 1860 divellere?
2136 1808 2375 1869 tuncque
2414 1798 2468 1853 in
2506 1793 2803 1866 perlectam
2852 1791 2945 1846 lilii
2987 1801 3301 1845 mensuram
3332 1794 3386 1839 et

106 1889 181 1951 ὡς
214 1883 366 1942 εἶπεν
404 1883 829 1953 ὁ”Απόστολος,
862 1887 971 1941 ἀπὸ
1010 1887 1113 1958 τῆς
1155 1888 1378 1958 ἀγάπης
1408 1886 1507 1941 τοῦ
1553 1888 1689 1958 Χρι-

1799 1903 1990 1954 statum
2022 1891 2289 1965 pervenit,
2315 1896 2372 1945 et
2401 1887 2578 1958 diligit
2610 1887 2814 1942 bonum
2840 1891 3062 1954 propter
3090 1895 3148 1937 se
3179 1879 3382 1949 ipsum,

111 1979 269 2044 στοῦ;
301 1979 424 2034 τότε
453 1979 645 2048 φθάνει
671 1981 753 2043 είς
777 1978 841 2032 τὸ
872 1978 1071 2050 μέτρον
1092 1979 1186 2034 τοῦ
1209 1979 1353 2042 υἱοῦ,
1379 1980 1475 2034 καὶ
1497 1981 1690 2051 ἀγαπᾷ

112 2067 179 2122 δ.’
213 2068 345 2122 αὐτὸ
381 2069 565 2135 καλὸν,
588 2069 693 2147 καὶ
722 2069 969 2140 φοϐεῖται
1004 2070 1192 2142 ἐπειδὴ
1225 2071 1436 2142 ἀγαπᾷ.
1467 2070 1577 2125 Καὶ
1601 2065 1692 2126 οὗ·-

112 2159 206 2223 τός
237 2162 383 2213 ἐστιν
409 2161 436 2212 6
463 2160 635 2230 μέγας
660 2160 754 2216 καὶ
781 2159 988 2225 τέλειος
1012 2161 1198 2232 φόϐος.
1228 2161 1326 2216 Διά
1355 2162 1512 2218 τοῦτο
1540 2164 1634 2218 καὶ
1661 2164 1691 2218 6

111 2254 405 2324 Προφήτης
436 2253 703 2308 διδάσκων
730 2255 878 2324 ἡμᾶς
909 2255 1008 2326 τὴν
1045 2254 1333 2327 διαφορὰν,
1369 2255 1558 2311 τοῦτον
1599 2257 1692 2311 τὸν

108 2342 273 2411 φόϐον
304 2342 481 2411 ἔλεγε’
521 2344 720 2409 Δεῦτε,
750 2344 954 2412 τέκνα,
988 2344 1290 2401 ἀκούσατέ
1328 2364 1470 2416 μου,
1502 2350 1694 2416 φόϐον

105 2435 325 2502 Κυρίου
353 2433 576 2498 διδάξω
612 2433 787 2505 ὑμᾶς.
816 2435 950 2490 Θότε
977 2435 1071 2490 τὸν
1103 2435 1229 2490 νοῦν
1263 2437 1420 2507 ὑμῶν
1451 2440 1530 2505 εἰς
1556 2439 1691 2492 ἕκα-

108 2542 231 2578 στον
257 2524 412 2597 ῥῆμα
448 2524 545 2579 τοῦ
582 2527 893 2598 Προφήτουο
936 2526 1051 2592 πῶς
1083 2529 1291 2599 ἑκάστη
1334 2529 1480 2597 λέξις
1525 2530 1693 2587 αὐτοῦ

105 2618 335 2690 δύναμιν
354 2618 489 2691 ἔχει.
515 2618 741 2691 Πρῶτον
767 2618 936 2689 λέγει,
959 2620 1139 2675 Δεῦτε
1160 2623 1312 2691 πρός
1333 2639 1431 2693 με,
1458 2639 1696 2693 προσκα-

106 2711 367 2784 λούμενος
394 2713 545 2783 ὴμᾶς
565 2713 660 2766 επὶ
685 2713 785 2785 τὴν
813 2714 1039 2787 ἀρετήν.
1057 2714 1353 2785 Προστιθεῖ
1378 2717 1472 2770 καὶ
1501 2717 1692 2770 τέκνα·

107 2805 275 2860 τέκνα
310 2804 569 2861 καλοῦσιν
609 2807 658 2860 οι
691 2805 839 2875 ἅγιοι
871 2807 998 2871 τοὺς
1053 2807 1143 2862 διὰ
1190 2806 1287 2862 τοῦ
1315 2808 1476 2878 λόγου
1515 2807 1696 2864 αὐτῶν

108 2897 685 2972 μεταμορφουμένους,
705 2898 816 2953 ἀπὸ
833 2898 934 2970 τῆς
957 2900 1159 2964 κακίας
1186 2901 1322 2971 πρὸς
1342 2900 1441 2973 τὴν
1470 2901 1694 2973 ἀρετὴν,

110 2991 185 3055 ὡς
204 2991 356 3061 λέγει
377 2992 407 3046 6
431 2990 774 3055 ’Δπόστολος.
802 2991 1017 3045 Τεκνία
1039 2990 1147 3059 οὒς
1170 2990 1359 3047 πάλιν
1380 2991 1571 3047 ὠδίνω
1590 2991 1697 3063 μέ·-

110 3101 246 3154 χρις
272 3077 347 3141 οὗ
381 3081 670 3154 μορφωθῇ
698 3082 955 3152 Χριστὸς
980 3081 1050 3137 ἐν
1085 3083 1252 3154 ὑμῖν.
1283 3080 1420 3138 Εἶτα
1471 3082 1613 3156 μετά
1638 3083 1700 3137 τὸ

1792 1991 2054 2058 timetque
2082 2001 2207 2042 cum
2229 1978 2427 2055 diligit.
2453 1982 2632 2052 Atque
2660 1980 2750 2035 hic
2774 1991 3006 2048 magnus
3028 1983 3083 2030 et
3110 1970 3385 2043 perfectus

1788 2093 1875 2140 est
1904 2083 2090 2139 timor.
2115 2078 2193 2133 Ex
2222 2079 2326 2133 hoc
2352 2075 2616 2147 propheta
2643 2088 2744 2129 nos
2769 2070 2960 2128 edocet
2990 2066 3134 2139 quod
3163 2066 3386 2120 timores

1792 2176 1882 2232 isti
1906 2175 2048 2228 inter
2083 2186 2143 2228 se
2172 2166 2446 2232 diderant,
2470 2180 2597 2221 eum
2630 2164 2708 2219 ait
2747 2180 2760 2216 :
2802 2160 3008 2228 Venite,
3040 2157 3177 2228 ﬁlii,
3209 2153 3391 2208 audite

1792 2282 1911 2331 me,
1952 2265 2193 2318 timorem
2223 2259 2439 2316 Domini
2478 2255 2672 2311 docebo
2706 2269 2796 2308 vos
2831 2263 2893 2307 ω.
2947 2247 3225 2305 Advertite
3266 2243 3389 2299 ani-

1793 2370 1943 2412 mum
1987 2353 2057 2409 ad
2099 2352 2312 2423 singula
2353 2348 2631 2421 prophetae
2661 2345 2864 2401 verba:
2919 2336 3386 2413 quemadmodum

1794 2459 2139 2518 unaquaeque
2157 2443 2326 2499 dictio
2354 2454 2626 2498 summam
2657 2438 2766 2493 vim
2798 2435 3019 2499 habent,
3051 2426 3392 2496 contempla-

1794 2542 1950 2599 mini.
2001 2539 2244 2594 Primum
2269 2535 2433 2606 igitur
2473 2532 2672 2602 inquit,
2726 2529 2929 2592 Venite,
2966 2524 3093 2596 ﬁlii.
3132 2520 3394 2576 Hortatur

1794 2648 1898 2689 nos
1933 2631 1999 2686 ad
2032 2629 2309 2691 virtutem,
2336 2639 2462 2681 cum
2491 2621 2586 2677 lilii
2614 2634 2810 2676 nomen
2839 2617 3062 2688 adjicit:
3080 2612 3222 2668 ﬁlios
3241 2608 3390 2664 enim

1796 2724 2137 2797 appellavere
2180 2719 2282 2774 viri
2332 2717 2507 2773 sancti
2550 2726 2849 2772 conversos
2880 2709 2948 2765 ab
2993 2704 3281 2778 iniquitate
3323 2697 3391 2754 ad

1793 2796 2066 2890 justitiam
2097 2821 2152 2868 et
2181 2812 2462 2891 virtutem,
2491 2816 2553 2864 ut
2580 2806 2660 2861 ait
2692 2803 2987 2874 Apostolus
3024 2817 3040 2854 :
3076 2796 3232 2863 Filii,
3263 2808 3395 2862 quos

1797 2914 1991 2967 iterum
2017 2905 2283 2979 parturio,
2317 2890 2480 2958 donec
2509 2899 2756 2956 Christus
2792 2895 3053 2966 formetur
3084 2891 3139 2946 in
3168 2890 3312 2945 vobis
3340 2893 3393 2938 ιι.

1799 3000 2003 3058 Deinde
2040 3013 2168 3055 cum
2210 3012 2314 3052 nos
2357 2995 2678 3051 exhortatus
2722 2998 2870 3046 esset
2903 2987 2970 3043 ad
3014 2982 3397 3056 hujuscemodi

1799 3076 2213 3152 conversionem
2242 3096 2298 3144 et
2320 3085 2791 3147 reformationem,
2829 3078 3136 3149 subjunxit,
3163 3077 3353 3133 dicens
3379 3092 3395 3129 :

108 3175 647 3250 πρνῆσῙκαλέσασθαι
687 3176 839 3247 ἡμᾶς
874 3176 974 3230 καὶ
1007 3175 1421 3248 προτρέψασθαι
1471 3176 1568 3231 ἐπὶ
1599 3178 1696 3247 τὴν

1804 3187 2069 3242 Timorem
2105 3176 2316 3237 Domini
2355 3175 2549 3233 docebo
2589 3190 2697 3230 vos.
2738 3169 3201 3242 Contemplamini
3249 3183 3400 3223 nunc

104 3267 364 3339 τοιαύτην
393 3267 842 3341 μεταμόρφωσιν,
886 3267 1057 3338 λέγει’
1101 3270 1297 3324 Φόϐον
1338 3270 1562 3337 Κυρίου
1600 3269 1696 3339 δι-

104 3359 272 3426 δάξω
318 3359 499 3431 ὑμᾶς.
554 3359 794 3414 Βλέπετε
840 3358 941 3432 τὴν
1003 3360 1323 3433 παρρησίαν
1364 3359 1460 3414 τοῦ
1510 3359 1693 3427 ἁγίου.

115 3453 313 3523 Ἡμεῖς
339 3453 470 3508 ὅταν
498 3451 746 3524 θέλωμεν
777 3453 954 3509 εἰπεῖν
979 3452 1033 3506 τί
1063 3469 1194 3507 ποτε
1216 3451 1403 3520 καλὸν,
1426 3452 1519 3508 ἀεὶ
1541 3451 1698 3522 λέγο-

106 3561 224 3616 μεν*
255 3544 455 3599 Θέλετε
505 3543 881 3616 διαλεχθῶμεν
938 3542 1136 3617 μικρὸν
1184 3543 1283 3599 καὶ
1326 3545 1701 3615 γυμνάσωμεν

103 3639 235 3711 περὶ
269 3637 438 3708 φόϐου
480 3636 643 3703 Θεοῦ,
670 3636 705 3708 ἢ
736 3634 865 3707 περὶ
896 3636 1065 3708 ἀλλης
1098 3634 1303 3709 ἀρετῆς
1328 3653 1344 3704 ;
1366 3636 1436 3690 ὐ
1457 3635 1512 3689 δὲ
1545 3636 1703 3706 uno;

106 3730 206 3800 οὐχ
246 3728 445 3796 οὕτως,
476 3727 615 3783 ἀλλὰ
652 3727 790 3801 μετά
815 3728 1130 3800 παρρησίας
1160 3726 1334 3796 ἐλεγεο
1360 3727 1567 3793 Δεῦτε,
1605 3727 1701 3782 τέ·-

109 3838 245 3884 una,
280 3819 587 3877 ἀκούσατέ
608 3834 754 3891 μου,
789 3821 980 3890 φόϐον
1006 3820 1230 3890 Κυρίου
1259 3818 1483 3884 διδάξω
1517 3816 1700 3889 ὑμᾶς.

116 3916 213 3980 Τίς
239 3914 414 3967 ἐστιν
443 3912 760 3981 ἄνθρωπος
789 3916 822 3967 ό
851 3912 1046 3968 θέλων
1069 3910 1243 3980 ζωὴν,
1280 3909 1530 3980 ἀγαπῶν
1557 3910 1705 3979 ἠμέ-

106 4022 223 4074 ρας
269 4002 418 4057 ἰδεῖν
449 4004 714 4072 ἀγαθὰς;
742 3999 900 4071 Εἶτα,
939 4002 1015 4069 ὥς
1049 4018 1199 4066 τινος
1243 4001 1702 4072 ἀποκρινομένου,

111 4094 192 4148 ὅτι
236 4091 380 4162 Ἐγὼ
410 4091 568 4159 θέλω,
597 4093 810 4160 δίδαξόν
838 4109 914 4165 με
944 4093 1061 4157 πῶς
1084 4093 1268 4164 ζῆσαι,
1287 4090 1383 4145 καὶ
1415 4089 1542 4145 ἰδεῖν
1568 4091 1706 4161 ἡμέ-

111 4202 214 4256 ρας
245 4184 482 4254 ἀγαθὰς,
515 4184 757 4240 διδάσκει
782 4187 878 4240 καὶ
898 4186 1066 4255 λέγει·
1089 4184 1342 4241 Παῦσον
1364 4180 1481 4251 τὴν
1513 4182 1709 4255 γλῶσ-

109 4279 235 4335 σάν
256 4295 378 4335 σου
414 4279 537 4336 ἀπὸ
562 4280 771 4345 κακοῦ,
795 4282 895 4337 καὶ
923 4281 1097 4351 χείλη
1122 4296 1242 4336 σου
1265 4278 1375 4333 τοῦ
1403 4278 1490 4349 μὴ
1514 4275 1707 4346 λαλῆ-

108 4386 215 4426 σαι
253 4370 464 4427 δόλον.
501 4371 635 4425 Ἰδοὺ
661 4372 800 4436 τέως
828 4372 927 4443 τὴν
959 4371 1246 4442 ἐνέργειαν
1270 4371 1575 4425 ἀποκόπτει
1609 4367 1706 4422 τοῦ

107 4460 287 4516 κακοῦ
339 4461 432 4515 διὰ
465 4460 563 4515 τοῦ
621 4461 790 4532 φόϐου
846 4458 943 4515 τοῦ
990 4460 1152 4514 Θεοῦυ
1201 4461 1283 4526 τὸ,
1317 4459 1557 4515 Παῦσαι
1598 4457 1713 4526 τὴν

1797 3279 2080 3353 prophetae
2115 3271 2395 3330 ﬁduciam.
2447 3266 2556 3326 Nos
2604 3283 2731 3322 cum
2780 3265 3036 3321 volumus
3079 3262 3149 3318 de
3199 3261 3401 3316 virtute

1800 3351 1982 3441 aliqua
2031 3365 2175 3437 apud
2223 3378 2324 3419 vos
2364 3359 2526 3416 verba
2563 3357 2784 3423 facere,
2831 3370 3050 3425 semper
3092 3353 3166 3407 ita
3214 3351 3401 3407 dicere

1801 3439 2188 3519 consuevimus
2207 3473 2221 3510 :
2240 3452 2323 3509 An
2353 3451 2510 3508 vobis
2532 3457 2751 3521 gratum
2780 3454 2865 3503 est
2892 3454 2955 3501 ut
2976 3442 3181 3514 aliquid
3209 3443 3278 3497 de
3302 3439 3400 3496 Dei

1802 3554 2020 3616 timore,
2051 3549 2136 3604 vel
2169 3549 2237 3604 de
2263 3545 2460 3618 quavis
2488 3543 2595 3598 alia
2638 3541 2844 3595 virtute
2886 3537 3030 3592 inter
3059 3549 3163 3591 nos
3205 3533 3400 3604 dispu-

1803 3639 2019 3702 temus?
2038 3639 2311 3712 Propheta
2336 3648 2519 3693 autem
2537 3649 2646 3690 non
2669 3632 2771 3697 sic,
2798 3629 2893 3688 sed
2916 3643 3039 3685 cum
3070 3624 3269 3682 ﬁducia
3289 3625 3401 3680 ait:

1811 3736 2015 3803 Venite,
2046 3732 2170 3806 ﬁlii,
2192 3729 2371 3786 audite
2403 3744 2506 3789 me,
2536 3726 2776 3780 timorem
2808 3720 3021 3775 Domini
3053 3717 3247 3772 docebo
3275 3728 3402 3769 vos:

1806 3827 1938 3895 Quis
1967 3805 2052 3881 est
2073 3824 2227 3878 homo
2254 3820 2347 3892 qui
2384 3819 2496 3874 uult
2525 3818 2711 3879 vitam,
2746 3812 2923 3883 diligit
2953 3810 3066 3863 dies
3100 3810 3271 3863 videre
3309 3805 3404 3859 b0-

1806 3894 1900 3975 nos
1920 3918 1985 3972 °?
2030 3915 2160 3971 Post
2187 3916 2302 3968 haec
2331 3922 2590 3981 tanquam
2627 3906 2811 3976 aliquo
2841 3900 3180 3959 acclamante
3202 3912 3260 3954 se
3289 3894 3406 3952 vei-

1806 4014 1876 4082 le,
1911 4021 1966 4068 et
2007 4007 2375 4079 respondente
2406 4022 2420 4059 :
2464 4002 2607 4058 Doce
2635 4016 2724 4055 me
2766 4012 2877 4068 quo
2912 4002 3073 4067 pacto
3100 3992 3303 4055 vivam,
3348 3997 3404 4045 et

1806 4105 2022 4159 videam
2059 4100 2178 4155 dies
2198 4098 2412 4163 bonos,
2443 4094 2604 4150 docet
2634 4099 2689 4146 et
2714 4089 2791 4144 ait
2828 4107 2843 4143 :
2888 4083 3118 4142 Prohibe
3162 4083 3404 4152 linguam

1811 4206 1959 4252 tuam
1992 4210 2025 4248 a
2056 4191 2197 4268 mola
2228 4200 2255 4241 Ρ
2276 4228 2293 4258 ,
2336 4189 2443 4245 hoc
2479 4195 2583 4251 cst,
2614 4183 2764 4239 nulla
2810 4181 2868 4235 in
2912 4195 2973 4235 re
3010 4172 3401 4233 conscientiam

1810 4286 2049 4362 proximi
2090 4265 2276 4350 laedas,
2304 4297 2413 4338 non
2457 4275 2828 4348 obloquendo,
2876 4288 2987 4328 non
3026 4265 3401 4341 provocando.

1811 4355 1982 4435 —Labia
2020 4384 2201 4431 autem
2245 4389 2308 4427 ne
2332 4371 2619 4440 loquantur
2640 4365 2842 4430 dolum,
2876 4362 2930 4417 id
2969 4368 3053 4415 est
3079 4400 3093 4426 ,
3132 4356 3266 4411 nihil
3293 4355 3405 4409 doli

1813 4468 2095 4527 mediteris
2117 4474 2213 4521 aut
2239 4472 2423 4519 struas
2441 4462 2498 4517 in
2530 4458 2859 4532 proximum.
2882 4454 3025 4508 Hinc
3050 4451 3154 4505 ait:
3179 4446 3409 4502 Prohibe

108 4554 410 4622 γλῶσσάν
451 4568 570 4609 σου
597 4554 716 4609 ἀπὸ
740 4553 958 4619 κακοῦ,
990 4554 1129 4619 ἐστὶ,
1162 4553 1224 4607 τὸ
1257 4553 1333 4625 μὴ
1385 4552 1588 4623 πλῆξαι
1623 4551 1696 4606 διό

1816 4565 2056 4633 linguam
2089 4570 2235 4613 tuam
2258 4573 2307 4610 ea
2339 4552 2525 4618 malo;
2565 4560 2620 4606 et
2668 4557 2791 4619 post
2834 4544 3020 4602 subdit
3056 4559 3071 4596 :
3104 4539 3327 4595 Declina
3377 4555 3410 4590 a

107 4666 258 4714 τινος
292 4649 394 4720 τὴν
424 4646 729 4719 συνείδησιν
764 4645 863 4701 τοῦ
899 4646 1151 4718 πλησίον,
1190 4646 1252 4699 τὸ
1288 4648 1365 4717 μὴ
1393 4643 1708 4715 καταλαλῆ-

113 4756 227 4804 σαι,
269 4739 334 4793 τὸ
372 4739 447 4811 μὴ
472 4739 796 4811 παροξῦναν
830 4739 893 4793 τὸ
920 4738 1001 4802 δὲ,
1034 4739 1112 4794 Τὰ
1141 4739 1318 4808 χείλη
1342 4751 1461 4792 σου
1486 4736 1572 4807 μὴ
1603 4741 1713 4793 λα·

112 4831 312 4900 λῆσαι
339 4832 547 4897 δόλον,
574 4830 714 4898 ἐστὶ,
743 4832 806 4886 τὸ
834 4830 910 4903 μὴ
933 4829 1312 4886 δολιεύσασθαι
1337 4831 1432 4887 τὸν
1461 4829 1709 4901 πλησίονο

120 4918 244 4976 εἶτα
282 4922 500 4992 ὲιτᾶιγει⁹
545 4924 871 4980 Ἕκκλινον
909 4923 1031 4978 ἀπὸ
1064 4923 1278 4978 κακοῦ.
1315 4918 1454 4976 Eine
1495 4920 1716 4992 πρῶτον

120 5014 363 5085 μερικάς
383 5030 537 5078 τινας
561 5015 859 5086 ἁμαρτίας,
892 5014 994 5087 τὴν
1021 5012 1380 5076 καταλαλιαί),
1408 5011 1508 5086 τὴν
1536 5012 1711 5066 δολιό-

113 5120 282 5176 τητα,
326 5105 422 5160 καὶ
459 5105 643 5185 οὕτως
665 5108 915 5178 ἐπήγαγε
958 5105 1326 5177 περιεκτικῶς
1370 5105 1503 5176 περὶ
1531 5105 1715 5174 πάσης

113 5197 214 5269 τῆς
238 5198 469 5265 κακίας,
497 5199 580 5265 τὸ,
616 5201 956 5255 Ἕκκλινον
980 5198 1102 5255 ἀπὸ
1136 5197 1351 5254 κακοῦ·
1377 5191 1514 5264 οἷον,
1543 5196 1716 5269 φεῦγε

114 5289 315 5353 ἁπλῶς
340 5293 453 5345 πᾶν
479 5292 672 5359 κακὸν,
703 5292 957 5348 ἐκκλινον
1002 5291 1114 5347 ἀπὸ
1150 5291 1356 5355 παντὸς
1385 5290 1719 5364 πράγματος

116 5381 388 5454 φέροντος
438 5384 737 5456 ἁμαρτίαν.
785 5387 903 5439 Οὐκ
937 5380 1060 5440 εἶπε
1111 5383 1271 5439 τοῦτο
1318 5383 1481 5438 πάλιν
1534 5384 1717 5454 μόνον,

190 5493 222 5566 ἕ
253 5488 426 5566 Χίων.
448 5511 538 5565 xv,
575 5496 663 5553 27.
750 5498 767 5538 ι
797 5497 954 5555 Rom.
992 5515 1110 5566 vnt,
1138 5497 1229 5555 '55.
1307 5506 1347 5535 ιιι
1384 5495 1529 5553 Psal.
1556 5511 1696 5550 χχχιι

1799 5493 1845 5549 Ξ.
1920 5501 1950 5531 τι
1984 5487 2160 5545 Galat.
2195 5503 2267 5551 tv,
2308 5485 2394 5542 i9.

121 5570 154 5615 tt
183 5563 328 5620 ibid.
360 5563 446 5618 15.

1809 4629 1951 4708 male
1975 4661 2024 4705 ιι.
2050 4650 2300 4707 Primum
2331 4641 2683 4716 partieularia
2708 4636 2958 4709 quaedam
2985 4632 3181 4688 delicta
3213 4629 3408 4698 tangit.

1808 4746 1993 4818 qualia
2032 4739 2440 4814 procacitatem,
2476 4730 2912 4788 maledicentiam
2975 4733 3030 4781 et
3062 4723 3289 4779 dolum:
3322 4736 3414 4773 sc-

1810 4810 1996 4894 cuntio
2034 4810 2105 4890 de
2130 4831 2326 4903 quavis
2355 4827 2562 4883 malitia
2593 4834 2646 4880 et
2678 4823 2966 4892 iniquitate
2998 4815 3284 4886 complere
3330 4810 3412 4863 lo-

1812 4932 1977 4981 cutus
2001 4928 2083 4977 est
2109 4957 2125 4981 ,
2157 4931 2233 4987 ,ιο
2273 4916 2318 4972 si
2366 4915 2509 4969 dicat
2552 4920 2743 4980 aperte
2776 4925 2789 4961 :
2848 4904 2998 4976 Fuge
3029 4915 3192 4957 omne
3235 4910 3413 4968 genus

1819 5013 1969 5079 mali,
2000 5009 2215 5066 declina
2249 5006 2317 5060 ab
2349 5004 2497 5061 omni
2540 5017 2601 5057 re
2638 5015 2759 5071 quae.
2787 5004 3068 5069 peccatum
3109 4999 3205 5046 aut
3230 4987 3410 5041 labent

1821 5078 1987 5163 ullam
2020 5117 2135 5173 prae
2157 5112 2219 5156 se
2251 5098 2409 5152 ferat.
2436 5093 2628 5165 Neque
2655 5106 2781 5148 cum
2811 5090 2915 5145 hoc
2950 5086 3196 5145 dixisset,
3229 5078 3412 5137 couti-

1821 5198 1970 5261 cuit;
2001 5169 2096 5251 sed
2129 5191 2356 5258 addidit,
2393 5197 2445 5243 et
2473 5187 2561 5258 {ac
2596 5185 2790 5240 bonum
2815 5197 2835 5236 :
2859 5182 2964 5236 hoc
2999 5183 3106 5239 est,
3137 5188 3245 5228 non
3273 5169 3413 5227 satis

1821 5291 2013 5360 utique
2044 5300 2154 5342 non
2185 5282 2532 5348 tnalel’accre,
2562 5278 2670 5336 nisi
2703 5287 2758 5333 et
2786 5277 2923 5331 bene
2953 5270 3121 5326 facias
3146 5285 3161 5335 ;
3190 5280 3298 5320 non
3328 5277 3414 5317 sa-

1826 5383 1899 5438 tis
1924 5357 2137 5433 nullum
2172 5375 2387 5442 laedere,
2418 5373 2523 5427 nisi
2558 5378 2614 5426 et
2651 5365 2886 5437 alicujus
2918 5357 3269 5421 miserearis;
3296 5367 3414 5408 non

2477 5491 2501 5518 ⁰
2527 5481 2672 5539 Psal.
2703 5493 2901 5537 xxxnt.
2934 5476 3018 5531 l3.
3098 5482 3126 5522 P
3150 5469 3283 5526 ibii.
3320 5467 3410 5524 Η.

1415 5650 1656 5706 VARUS
1691 5651 2103 5709 LECTIONES.

200 5776 250 5811 "
278 5778 580 5838 Cotclcrius
632 5777 776 5835 Eccl.
807 5775 881 5833 Gr
936 5774 1174 5832 Monum.
1223 5783 1354 5828 tom.
1386 5768 1450 5837 ll,
1505 5787 1619 5843 pag.
1660 5771 1783 5839 575i,
1820 5788 1851 5827 a
1894 5772 2177 5843 legendum
2216 5778 2370 5844 putat
2435 5766 2652 5838 γνῶσις.

128 5845 263 5914 ζων.

2778 5761 2820 5794 ίδ
2839 5760 2913 5814 Χε
2923 5756 3168 5834 ρονξζων.
3224 5758 3401 5828 κρονι-
