4020 6464
57 1811 62 1827 l

104 355 294 417 1665

100 1110 307 1176 Θεοῦ,
338 1112 448 1165 ἀπὸ
477 1112 578 1181 τῆς
608 1112 810 1183 ψυχῆς,
867 1112 942 1175 ὡς
972 1113 1005 1182 ή
1035 1112 1357 1183 παρῤησία;
1428 1110 1600 1164 Τοῦτο
1644 1112 1735 1164 ὅτε

108 1202 411 1274 ἠρωτήθη
427 1202 456 1254 ὁ
473 1203 649 1266 άϐϐἄς
667 1203 913 1272 Ἀγάθων
941 1204 1072 1275 περὶ
1090 1204 1192 1274 τῆς
1210 1205 1395 1276 παρῤη
1404 1204 1545 1267 σίας,
1559 1199 1733 1268 εἶπεν,

101 1294 211 1347 ὅτι
257 1296 405 1348 ἔοικε
439 1294 682 1348 καύσωνι
721 1296 962 1368 μεγάλῳ,
988 1297 1138 1360 ὅστις
1166 1296 1295 1351 ὅταν
1322 1297 1570 1368 γένηται,
1597 1295 1737 1349 πάν-

100 1404 223 1451 τες
255 1388 552 1457 φεύγουσιν
577 1390 686 1443 ἀπὸ
710 1389 1006 1461 προσώπου
1036 1389 1223 1452 αὐτοῦ,
1255 1391 1350 1444 καὶ
1370 1391 1480 1443 τῶν
1501 1388 1734 1461 δένδρων

100 1477 176 1531 δὲ
224 1479 327 1532 τὸν
370 1480 584 1552 καρπὸν
616 1480 955 1552 διαφθείρει·
991 1482 1241 1546 Βλέπεις,
1281 1483 1460 1555 κύριε,
1492 1481 1726 1553 δύναμιν

107 1573 388 1641 πάθους;
422 1573 641 1644 βλέπεις
676 1575 875 1645 ὀργήν;
902 1574 1018 1627 Καὶ
1049 1574 1211 1628 πάλιν
1245 1574 1566 1645 ἐρωτηθεὶς,
1601 1574 1731 1639 Nai",

108 1665 321 1729 οὕτως
347 1665 557 1737 χαλεπή
578 1667 726 1719 ἔστιν
745 1667 779 1735 ή
805 1666 1121 1738 παρρησίας
1150 1666 1319 1734 λέγει·
1350 1668 1467 1720 Οὐκ
1494 1665 1609 1719 ἔστι
1634 1669 1734 1722 πά·

110 1755 230 1820 θος
285 1756 667 1828 χαλεπώτερον
716 1757 816 1824 τῆς
849 1757 1184 1829 παρρησίας.
1249 1757 1578 1829 Γεννήτειρα
1621 1758 1737 1828 γάρ

1530 350 1911 414 DOCTRINA
1965 350 2062 413 IV.

98 471 243 521 τοῦ
280 465 419 520 Θεοῦ
473 467 566 537 ἀφ’
596 464 774 538 ήμῶν,
804 467 869 521 ὲκ
894 466 989 521 τοῦ
1026 468 1199 521 ποιεῖν
1230 467 1377 537 ἡμᾶς
1417 467 1483 519 τὰ
1521 465 1734 518 ἐναντία

1847 479 2010 530 mur;
2050 478 2174 519 cum
2196 465 2403 521 scilicet
2451 466 2803 524 immemores
2860 470 3052 526 mortis
3090 478 3143 527 ct
3172 476 3435 542 sciturum:

95 559 377 623 τούτων,
408 560 474 612 ἐκ
511 558 605 612 τοῦ
643 560 717 630 μὴ
749 556 893 630 ἔχειν
922 560 1147 630 μνήμην
1181 559 1436 621 θανάτου,
1474 558 1608 628 μηδὲ
1647 574 1740 610 κο-

97 650 380 719 λάσεων,
413 654 478 706 ἐκ
504 652 600 706 τοῦ
644 652 719 723 μὴ
765 652 1058 725 προσέχειν
1118 654 1353 715 ἑαυτοῖς,
1402 654 1467 705 ἐκ
1524 650 1616 705 τοῦ
1664 646 1759 722 μὴ’

96 744 376 814 ὲρευνᾷν
413 743 532 806 πῶς
559 743 936 814 παρήλθομεν,
973 744 1109 798 ἀλλὰ
1138 743 1449 814 ἀδιαφόρως
1480 745 1601 813 ζῇν,
1644 742 1740 796 καὶ

75 834 288 902 -μετά
310 833 620 905 ἀδιαφόρων
646 833 1107 906 ἀναστρέφεσθαι·
1141 835 1205 887 ἐκ
1236 833 1330 886 τοῦ
1360 832 1755 904 παρῤησιάςει

98 924 293 979 σθαι·
335 925 497 980 τοῦτό
529 930 678 979 ἐστιν
728 930 911 999 χεῖρον
942 926 1179 991 πάντων,
1211 923 1370 979 τοῦτό
1400 927 1546 979 ἐστιν
1580 929 1622 1002 ή-
1645 942 1738 977 τε-

99 1016 260 1073 λεία
300 1018 571 1073 ἀπώλεια.
601 1020 669 1072 Τί
701 1019 812 1090 γὰρ
834 1018 1008 1081 οὕτως
1036 1018 1289 1072 ἐκδιώκει
1313 1019 1406 1071 τὸν
1439 1018 1605 1087 φόϐον
1639 1017 1734 1071 τοῦ

3298 360 3434 424 υἷι.ὶὺ

1842 567 2104 624 perpetuo
2134 572 2345 622 sumus,
2370 572 2492 612 cum
2536 575 2807 630 nusquam
2839 571 3154 618 scrutamur
3177 566 3295 620 vias
3325 581 3430 620 uo-

1839 654 2005 712 atras,
2028 660 2175 701 cum
2212 650 2419 704 nullam
2461 651 2528 705 de
2568 653 2726 706 nobis
2768 667 2958 707 curam
3012 654 3279 725 gerimus,
3306 671 3433 711 cum

1839 736 1961 792 sine
1995 740 2210 794 ratione
2249 742 2507 808 vivimus,
2541 758 2669 798 cum
2700 746 3152 801 consuetudinem
3182 763 3305 801 eum
3351 748 3435 802 his

1840 832 2107 889 habemus
2147 835 2349 903 quibus
2389 837 2609 893 inimica
2652 839 2790 893 ratio
2842 847 2949 905 est,
2975 855 3101 894 cum
3143 841 3212 896 de
3272 844 3433 896 nobis

1838 924 2134 978 admodum
2158 917 2574 994 praesumimus;
2599 944 2711 998 quo
2734 945 2864 986 sane
2884 931 3020 985 nihil
3050 941 3134 986 est
3159 934 3429 988 deterius:

1837 1014 1892 1068 in
1927 1014 2035 1070 hoc
2055 1017 2200 1070 enim
2230 1026 2508 1075 extremus
2540 1030 2623 1075 est
2652 1021 2922 1077 interitus.
2947 1023 3087 1089 Quid
3113 1025 3259 1077 enim
3293 1023 3429 1079 adeo

1837 1105 1906 1159 ab
1936 1107 2122 1160 anima
2168 1109 2389 1178 depellit
2429 1111 2678 1168 timorem
2719 1113 2833 1179 Dei,
2878 1124 2938 1168 ut
2975 1117 3250 1185 suiipsius
3277 1133 3427 1187 prae-

1835 1197 2117 1266 sumptio?
2153 1199 2295 1255 Hinc
2333 1213 2555 1272 rogatus
2588 1204 2759 1261 abbas
2792 1207 3041 1276 Agathon
3070 1212 3135 1262 de
3162 1225 3429 1278 praasmn-

1835 1286 2021 1355 ptione
2040 1290 2296 1358 quidnam
2314 1293 2633 1356 esset,illam
2658 1310 2876 1349 summo
2890 1310 2982 1353 a's:
2995 1300 3046 1352 ui
3071 1303 3428 1369 comparavit,

1835 1379 1928 1447 qui
1956 1395 2081 1434 cum
2134 1382 2581 1447 excandesceret,
2608 1388 2793 1455 procul
2819 1403 3009 1443 omnes
3037 1392 3299 1459 abigeret,
3332 1378 3429 1461 qui

1834 1470 2090 1526 arborum
2108 1487 2269 1542 poma
2294 1474 2532 1530 vitiaret.
2556 1476 2748 1533 Cernis
2777 1478 3002 1533 atl‘cctus
3034 1483 3197 1550 hujus
3222 1495 3427 1551 quanta

1834 1568 1904 1623 sit
1937 1569 2041 1635 vis,
2080 1582 2319 1641 quantus
2353 1573 2636 1644 impetus?
2660 1575 2905 1645 Cumque
2943 1592 3162 1632 rursum
3211 1594 3430 1648 rOgare-

1834 1668 1924 1714 tur
1947 1676 2015 1715 an
2040 1663 2220 1732 gravis
2246 1673 2412 1731 esset,
2429 1676 2481 1719 et
2508 1665 2745 1721 diﬂicilis
2773 1670 3124 1737 prresumptio
3155 1710 3167 1731 .
3205 1687 3430 1740 respou-

1833 1750 1916 1806 dit
1947 1755 2154 1808 uulltun
2183 1770 2303 1809 esse
2330 1757 2590 1811 vitiorum
2633 1760 2854 1828 gravius
2876 1800 2891 1827 ,
2926 1771 3110 1830 utpote
3139 1778 3261 1831 quae
3289 1779 3430 1818 citit-

110 1849 261 1901 ἐστι
293 1848 510 1902 πάντων
540 1847 650 1901 τῶν
680 1847 890 1915 παθῶν,
931 1846 1119 1919 ἐπειδὴ
1164 1845 1304 1920 αὕτη
1347 1848 1598 1901 ἐκδιώκει
1638 1847 1729 1901 τὸν

1837 1851 2043 1897 clm-um
2098 1845 2352 1900 vitiorum
2402 1856 2575 1903 mater
2636 1858 2691 1903 et
2746 1850 3001 1919 geniti-ix,
3033 1863 3197 1906 esset.
3252 1854 3427 1920 Quam

57 1920 65 1943 ι

58 1996 67 2027 I

58 2089 68 2179 ἱ

58 2184 68 2215 ι

57 2272 65 2305 ί

117 1940 311 2009 φόϐον
338 1939 433 1993 τοῦ
456 1936 593 1992 Θεοῦ
616 1937 724 1992 ἀπὸ
757 1938 858 2009 τῆς
883 1938 1081 2010 ψυχῆς.
1106 1940 1169 1992 Ei
1198 1940 1306 2010 γὰρ
1332 1938 1408 2010 τῷ
1435 1939 1585 2009 φόϐῳ
1622 1941 1735 1992 Κυ-

123 2031 269 2101 ρίου
292 2031 530 2085 ἐκκλίνει
564 2032 672 2094 πᾶς
703 2030 810 2083 ἀπὸ
844 2029 1039 2094 κακοῦ,
1070 2030 1290 2095 πάντως
1321 2031 1453 2084 ὅπου
1487 2031 1588 2083 οὐκ
1617 2029 1732 2082 ἐστι

125 2123 318 2193 φόϐος
348 2123 505 2187 Θεοῦ,
536 2122 652 2177 ἐκεῖ
694 2121 929 2175 ἕκαστον
960 2121 1155 2186 πάθος.
1201 2122 1261 2175 '0
1315 2120 1447 2186 Θεὸς
1497 2122 1732 2194 ρύσηται

120 2216 248 2277 τὰς
277 2214 455 2287 ψυχὰς
500 2213 650 2285 ήμῶν
678 2212 783 2267 ἀπὸ
810 2211 906 2266 τοῦ
937 2212 1186 2285 ὀλεθρίου
1214 2211 1420 2277 πάθους
1464 2213 1563 2283 τῆς
1592 2214 1732 2283 παῤ·

123 2306 365 2377 ρησίας.

205 2492 306 2558 εἶ’.
345 2490 505 2543 Ἔστι
537 2490 594 2544 δὲ
642 2491 737 2545 καὶ
771 2491 1109 2564 πολύτροπος
1147 2493 1180 2564 ή
1223 2492 1527 2565 παρρησία.
1582 2493 1733 2566 Παῤ-

122 2582 467 2653 ρησιάςεταί
500 2600 585 2647 τις
621 2585 714 2637 καὶ
748 2583 837 2638 διὰ
876 2585 1061 2654 λόγου,
1087 2585 1185 2638 καὶ
1213 2584 1280 2638 δι’
1312 2584 1479 2654 ἁφῆς,
1522 2585 1616 2639 καὶ
1646 2586 1732 2640 διὰ

124 2675 478 2746 βλέμματος.
519 2677 779 2749 Ἕρχεταί
808 2694 893 2741 τις
933 2677 1043 2731 άπὸ
1074 2679 1383 2750 παρρησίας
1423 2678 1520 2732 καὶ
1559 2681 1639 2744 εἰς
1671 2678 1734 2731 τὸ

124 2768 488 2839 ἀργολογεῖν,
516 2770 615 2823 καὶ
642 2770 719 2832 είς
741 2769 801 2822 τὸ
826 2769 1012 2823 λαλεῖν
1040 2771 1108 2823 τὰ
1140 2772 1400 2841 κοσμικὰ,
1430 2772 1526 2824 καὶ
1559 2774 1641 2835 είς
1672 2772 1733 2825 τὸ

124 2862 321 2915 ποιεῖν
347 2862 557 2929 γελοῖα,
587 2863 683 2916 καὶ
718 2864 888 2915 κινεῖν
914 2862 1157 2932 γέλωτας
1187 2865 1479 2934 ἀσέμνους·
1510 2867 1729 2937 παρρη-

126 2953 227 3005 σία
255 2953 379 3008 ἐστὶ
414 2954 508 3007 καὶ
545 2954 606 3008 τὸ
640 2954 884 3025 ἅψασθαί
909 2973 1058 3018 τινος
1102 2955 1224 3026 δίχα
1255 2955 1522 3027 ἀνάγκης·
1550 2957 1611 3010 τὸ
1637 2959 1730 3011 ἐκ·

122 3051 321 3102 τεῖναι
347 3052 503 3120 χεῖρα
531 3049 675 3104 κατά
697 3067 844 3114 τινος
868 3049 1156 3121 γελῶντος,
1185 3049 1248 3103 τὸ
1280 3049 1491 3120 ὠθῆσαί
1519 3068 1663 3116 τινα,
1694 3052 1727 3122 ἢ

1835 1934 1976 1990 bene
2029 1946 2083 1991 et
2103 1940 2377 2008 sapienter
2424 1941 2570 1995 illam
2625 1942 2762 1996 dixit
2795 1943 2987 1997 vitium
3039 1947 3284 2001 onmium
3335 1963 3428 2016 ge-

1835 2028 2107 2096 nitricem,
2141 2046 2264 2100 quae
2289 2032 2539 2088 timorem
2576 2033 2794 2089 Domini
2827 2037 2897 2092 ab
2925 2037 3108 2091 anima
3165 2037 3423 2107 pelleret!

1836 2119 1893 2175 Si
1914 2122 2058 2176 enim
2110 2124 2307 2179 timore
2362 2124 2576 2182 Domini
2617 2129 2854 2185 declinat
2880 2132 3004 2199 quis
3031 2146 3062 2184 a
3111 2132 3294 2197 malo;
3334 2131 3427 2186 ubi

1835 2213 2000 2284 igitur
2022 2218 2068 2271 is
2102 2232 2211 2271 non
2265 2216 2452 2285 fuerit,
2500 2235 2663 2276 omne
2714 2235 2791 2277 ut~
2829 2222 2962 2277 insit
3008 2223 3221 2284 virium,
3265 2238 3429 2277 omne

1835 2308 2038 2361 malum
2071 2324 2297 2364 necesse
2321 2319 2426 2366 est.
2449 2311 2652 2383 Eripiat
2674 2330 2775 2369 uos
2812 2312 3079 2371 Dominus
3104 2316 3174 2370 ab
3205 2316 3306 2371 hac
3331 2318 3428 2371 dc-

1837 2399 2071 2453 testabili
2097 2405 2540 2474 praesumptionis
2568 2415 2739 2474 peste.

1912 2488 1997 2544 Vl.
2030 2490 2285 2547 Pluribus
2313 2503 2494 2550 autem
2530 2499 2709 2553 modis
2755 2514 3089 2568 priesumere
3121 2504 3249 2571 quis
3282 2504 3423 2559 dici-

1835 2591 1943 2649 tur,
1978 2600 2232 2642 sermone
2255 2589 2483 2651 scilicet,
2520 2598 2666 2645 tactu
2694 2602 2751 2646 et
2777 2592 2919 2648 visu.
2945 2593 3238 2650 Praesumit
3272 2600 3426 2667 quis-

1832 2678 1963 2746 quis
1989 2693 2131 2733 vana
2168 2688 2221 2734 et
2249 2680 2424 2735 otiosa
2458 2682 2718 2753 loquitur.
2754 2684 3045 2742 Praesumit
3081 2699 3173 2759 qui
3218 2706 3282 2744 ea
3304 2707 3428 2762 quae

1836 2769 2019 2823 sarculi
2046 2779 2200 2836 sunt,
2230 2781 2475 2839 enarrat,
2508 2775 2603 2843 qui
2635 2774 2861 2831 ridenda
2900 2776 3177 2849 facit,_qui
3201 2790 3428 2836 caeteros

1834 2876 1863 2914 a
1893 2861 2164 2930 gravitate
2195 2873 2391 2919 avocat
2415 2866 2713 2921 cachinno.
2746 2869 3108 2939 Praesumptio
3136 2882 3221 2927 est
3260 2875 3426 2927 etiam

1832 2965 1957 3005 cum
2019 2955 2144 3022 quis
2198 2954 2406 3024 absque
2470 2959 2797 3013 necessitate
2856 2961 3033 3014 ullum
3089 2964 3422 3034 contigerit,

1788 3122 1791 3125 _
1831 3043 2201 3101 extenderitve
2252 3060 2476 3102 manum
2526 3048 2579 3103 in
2631 3050 2798 3105 alium
2860 3052 3151 3119 ridentem,
3196 3057 3429 3128 impule-

122 3140 393 3210 ἁρπάσαι
428 3160 482 3195 τι
526 3143 656 3214 παρ’
696 3142 885 3209 αὐτοῦ,
918 3143 978 3196 τὸ
1003 3143 1292 3214 προσέχειν
1338 3142 1444 3196 τινὶ
1475 3142 1726 3209 ἀναιδῶς.

1837 3136 1905 3191 rit
1934 3138 2193 3207 aliquem,
2220 3141 2302 3194 vel
2344 3141 2599 3195 violenter
2643 3142 2923 3212 quidpiam
2953 3144 3022 3198 ab
3062 3160 3129 3198 eo
3162 3150 3425 3215 rapuerit,

118 3231 331 3286 Ταῦτα
362 3238 540 3287 πάντα
571 3236 635 3289 ἐκ
661 3235 754 3288 τοῦ
785 3236 858 3307 μὴ
884 3229 1028 3288 εἷναι
1067 3235 1230 3304 φόϐον
1257 3235 1390 3291 Θεοῦ
1428 3238 1486 3290 ὲν
1527 3240 1593 3309 τῇ
1624 3235 1728 3307 cpu—

118 3329 220 3397 χῇ·
294 3325 513 3398 ἔρχεται
562 3326 618 3381 δὲ
660 3329 725 3381 ἐκ
754 3327 963 3381 τούτων
995 3329 1140 3382 κατὰ
1184 3329 1383 3401 μικρὸν
1410 3346 1494 3393 τις
1530 3330 1622 3383 καὶ
1650 3330 1732 3395 είς

121 3418 357 3472 τελείαν
412 3421 838 3492 καταφρόνησιν.
896 3421 995 3476 Διὰ
1038 3421 1197 3476 τοῦτο
1244 3422 1333 3476 ὅτε
1382 3423 1671 3494 παρεδίδου
1705 3426 1734 3477 ὁ

125 3512 273 3577 Θεὸς
337 3511 439 3575 τὰς
493 3514 713 3579 ἐντολὰς
776 3515 869 3571 τοῦ
923 3516 1112 3587 νόμου,
1174 3515 1358 3585 ἔλεγεν
1389 3531 1402 3545 ·
1441 3516 1734 3583 Εὑλαϐεἴς

58 3644 61 3675 ;
126 3605 365 3659 ποιεῖτε·
412 3606 557 3673 τοὺς
610 3607 783 3674 υἱοὺς
817 3607 1087 3677 Ἰσραήλ.
1117 3607 1251 3679 Δίχα
1293 3607 1403 3679 γὰρ
1442 3608 1734 3672 εὐλαϐείας

126 3698 261 3752 οὐδὲ
288 3698 455 3753 αὐτὸν
483 3699 572 3752 τὸν
606 3699 736 3753 Θεὸν
779 3702 915 3771 τιμᾷ
964 3718 1071 3766 τις,
1114 3701 1237 3755 οὐδὲ
1279 3702 1536 3774 προσέχει
1585 3702 1733 3769 ἅπαξ

127 3794 434 3865 οἱᾳδήποτε
483 3792 695 3866 ἐντολῇ.
743 3794 843 3848 Διὰ
891 3793 1051 3849 τοῦτο
1086 3794 1239 3849 οὐδὲν
1277 3794 1579 3868 δεινότερον
1634 3799 1734 3868 τῆς

134 3882 481 3955 παρρησίας·
521 3882 610 3936 διὰ
643 3883 801 3937 τοῦτο
829 3883 1153 3956 γεννήτειρα
1194 3884 1314 3937 ἐστι
1362 3884 1584 3939 πάντων
1622 3885 1732 3940 τῶν

140 3978 343 4032 παθῶν
363 3994 376 4009 ⁸
428 3979 615 4051 ἐπειδὴ
641 3979 894 4035 ἐκϐάλλει
918 3981 1018 4052 τὴν
1047 3980 1356 4035 εὐλάϐειαν·
1388 3980 1577 4053 ἐπειδὴ
1606 3981 1732 4035 διώ-

137 4087 230 4124 κει
276 4072 373 4126 τὸν
401 4071 565 4141 φόϐον
603 4071 698 4126 τοῦ
723 4072 879 4127 Θεοῦ·
918 4073 1107 4145 ἐπειδὴ
1133 4075 1300 4145 γεννᾷ
1327 4074 1426 4145 τὴν
1455 4091 1634 4143 καταφ
1645 4074 1733 4146 ρό-

134 4180 323 4233 νησιν,
362 4164 428 4218 ὲκ
456 4163 552 4217 τοῦ
583 4164 728 4235 ἔχειν
763 4165 915 4236 ἡμᾶς
949 4166 1265 4240 παρρησίαν
1294 4166 1435 4237 μετὰ
1465 4165 1729 4238 ἀλλήλων,

132 4254 237 4308 καὶ
261 4253 653 4311 ἀναιδεύεσθαι
681 4256 818 4327 πρὸς
855 4255 1143 4328 ἀλλήλους·
1184 4259 1280 4312 καὶ
1316 4256 1528 4313 λαλεῖτε
1568 4259 1734 4331 ἀλλή-

129 4343 249 4408 λοις
279 4344 495 4411 κακῶς,
520 4347 616 4401 καὶ
648 4346 916 4421 πλήσσετε
943 4348 1235 4421 ἀλλήλους.
1271 4349 1383 4403 Καὶ
1408 4351 1504 4406 ἐὰν
1533 4350 1619 4426 ἴδῃ
1649 4369 1734 4416 τις

129 4427 193 4501 ἐξ
223 4436 390 4508 ὑμῶν
425 4438 478 4492 τί
513 4456 646 4492 ποτε
690 4439 766 4513 μὴ
815 4439 1090 4510 ὠφελοῦν,
1134 4432 1456 4513 ἀπέρχεται,
1503 4442 1736 4513 φλυαρεῖ

1833 3237 1929 3284 aut
1963 3230 2307 3301 impudenter
2329 3234 2521 3288 oculos
2551 3234 2605 3287 in
2643 3228 2956 3304 quempiam
2985 3236 3257 3307 iniecerit.
3298 3236 3425 3294 Haec

1833 3324 2018 3378 omnia
2057 3326 2413 3394 praesumptio
2446 3325 2602 3380 facit.
2629 3325 2757 3382 Haec
2780 3328 2969 3382 omnia
3009 3331 3268 3397 patimur,
3297 3346 3425 3386 cum

1834 3417 2019 3472 divino
2043 3418 2237 3473 timore
2265 3425 2423 3473 vacat
2461 3419 2667 3473 anima.
2721 3416 2951 3473 Labitur
2976 3429 3159 3476 autem
3214 3438 3281 3477 ex
3341 3425 3429 3480 his

1835 3510 2038 3565 sensim
2066 3511 2192 3582 quis
2214 3510 2268 3564 in
2312 3509 2610 3581 perfectum
2641 3520 3041 3582 contemptum.
3072 3511 3254 3578 Quare
3300 3531 3426 3570 cum

1834 3606 1969 3678 legis
1992 3614 2258 3677 przecepta
2280 3606 2436 3662 daret
2471 3605 2631 3673 Deus,
2665 3606 2805 3671 dixit
2835 3622 2849 3661 :
2906 3605 3240 3663 Veneramini
3285 3611 3429 3681 ﬁlios

1837 3698 2028 3754 Israel.
2060 3697 2281 3769 Absque
2327 3699 2469 3755 enim
2522 3708 2714 3754 mutua
2752 3702 3056 3755 reverentia
3097 3703 3226 3757 colit
3264 3718 3429 3757 nemo

1835 3790 2028 3856 Deum,
2071 3805 2250 3861 neque
2289 3791 2382 3845 uni
2424 3791 2587 3847 etiam
2632 3791 2733 3847 soli
2775 3805 2841 3846 ac
2872 3791 3100 3849 minimo
3158 3804 3429 3862 praecepto

1833 3882 1999 3956 394
2036 3894 2215 3955 potest
2260 3884 2561 3939 adhaerere.
2602 3882 2751 3939 Nihil
2796 3884 2963 3954 igitur
2998 3887 3428 3954 praesumptione

1834 3979 2205 4050 gravius,qu:.e
2233 3975 2494 4032 vitiorum
2536 3977 2783 4031 omnium
2824 3985 2879 4031 et
2906 3985 3084 4030 mater
3121 3985 3206 4031 est
3240 3985 3295 4030 et
3332 3994 3425 4047 gr-

1834 4071 2022 4126 nitrix.
2057 4069 2180 4124 Haec
2216 4068 2368 4124 enim
2404 4068 2761 4124 reverentiam
2789 4079 3035 4123 mutuam
3063 4084 3093 4123 a
3127 4069 3286 4124 nobis
3326 4072 3426 4124 al.-

1832 4164 2003 4232 ducit,
2056 4164 2173 4219 haac
2220 4163 2470 4217 timorem
2522 4160 2618 4217 Dei
2652 4162 2851 4232 abigit,
2899 4162 3015 4216 htcc
3053 4172 3425 4232 contemptum

1836 4256 1998 4327 parit.
2044 4254 2126 4309 Ex
2182 4255 2604 4325 praesumptione
2645 4266 2885 4322 namque
2935 4253 2995 4308 tit
3034 4253 3419 4323 impudenter,

1834 4355 1895 4402 ut
1917 4362 2010 4402 vos
2029 4348 2170 4401 inter
2194 4361 2290 4402 vos
2305 4346 2625 4417 plerumque
2638 4344 2835 4413 agatis,
2851 4344 2992 4398 male
3012 4343 3423 4414 colloquamiui,

1834 4441 2038 4496 mutuis
2067 4438 2592 4496 diverberationibus
2640 4435 3179 4493 lascivitatis.‘Hine
3233 4446 3318 4493 est
3369 4448 3429 4493 ut

129 4530 310 4600 αὐτῷ,
356 4531 452 4586 καὶ
484 4531 669 4603 βάλλει
693 4535 772 4598 είς
794 4532 895 4605 τήν
920 4533 1148 4605 καρδίαν
1175 4532 1339 4589 ἄλλου
1371 4533 1600 4604 ἀδελφοῦ
1636 4536 1734 4588 αὐ-

1838 4550 1963 4591 cum
1996 4532 2190 4589 viderit
2217 4533 2342 4603 quis
2368 4540 2608 4587 vestrum
2644 4529 2848 4600 aliquid
2876 4529 3071 4585 inutile
3099 4538 3154 4585 et
3200 4545 3426 4599 vanum,

130 4621 255 4675 τοῦ·
294 4623 395 4677 καὶ
442 4623 504 4678 οὐ
535 4626 698 4696 μόνον
738 4625 821 4679 ὅτι
858 4625 1024 4690 αὐτὸς
1066 4624 1392 4697 βλάπτεται,
1431 4625 1570 4680 ἀλλὰ
1599 4626 1731 4698 βλὰ-
1766 4697 1773 4704 .

133 4732 263 4770 πτει
290 4719 391 4772 καὶ
417 4716 511 4771 τὸν
534 4718 764 4790 ἀδελφὸν
794 4718 984 4782 αὐτοῦ,
1021 4718 1231 4790 βάλλων
1254 4722 1336 4783 εἰς
1358 4723 1464 4791 τὴν
1499 4720 1732 4792 καρδίαν

135 4810 303 4881 αὑτοῦ
342 4812 420 4866 ίδν
455 4813 710 4884 πονηρόν.
738 4811 850 4867 Καὶ
875 4812 1141 4883 πολλάκις
1163 4809 1277 4884 εἶχε
1305 4812 1397 4867 τὸν
1418 4813 1543 4867 νοῦν
1565 4812 1730 4868 αὐτοῦ

139 4903 219 4965 εἰς
246 4905 583 4978 προσευχήν,
615 4904 651 4976 ἢ
679 4905 761 4969 είς
784 4903 914 4959 ἄλλο
946 4904 1110 4959 καλὸν
1145 4907 1398 4978 πρᾶγμα,
1439 4905 1535 4960 καὶ
1561 4905 1733 4978 ἀπέρ-

138 5010 297 5063 χεται
333 4998 564 5072 ἐκεῖνος,
601 4997 835 5070 παρέχει
864 4996 1016 5069 αὑτῷ
1043 4998 1124 5063 εἷς
1150 5015 1205 5052 τι
1225 4999 1608 5071 ἀδολεσχῆσαι,
1636 5001 1734 5055 καὶ

136 5088 200 5142 οὐ
230 5091 401 5160 μόνον
427 5089 710 5161 ἐμποδίζει
735 5093 801 5163 τῇ
834 5089 1076 5162 ὠφελείᾳ
1106 5090 1297 5155 αὐτοῦ,
1328 5091 1466 5146 ἀλλὰ
1490 5093 1585 5146 καὶ
1614 5108 1738 5145 πειο

139 5187 361 5257 ρασμὸν
383 5187 540 5258 φέρει
570 5185 739 5258 αὐτῷ.
770 5186 882 5240 Καὶ
902 5186 1053 5240 οὐδὲν
1073 5183 1232 5237 τοῦτο
1262 5184 1584 5256 βαρύτερον,
1614 5184 1735 5238 οὐδὲ

137 5275 537 5352 όλεθριώτερον
571 5279 665 5334 τοῦ
696 5296 820 5334 τινα
861 5278 936 5350 μὴ
974 5277 1136 5350 μόνον
1187 5277 1403 5343 ἑαυτὸν,
1455 5277 1593 5332 ἀλλὰ
1640 5279 1737 5332 xui.

138 5368 233 5422 τὸν
262 5372 496 5445 πλησίον
526 5372 806 5444 βλάπτειν.

1835 4627 2021 4684 statim
2071 4624 2249 4693 abeat,
2284 4632 2340 4681 et
2388 4622 2518 4680 illud
2562 4622 2780 4695 garrula
2803 4622 2988 4695 lingua
3022 4624 3428 4694 ubiquedism-

1837 4719 2030 4782 minet,
2058 4727 2113 4774 et
2138 4717 2363 4773 alterius
2412 4716 2598 4773 fratris
2650 4717 2819 4771 menti
2874 4730 2938 4770 ac
2958 4716 3143 4770 animo
3192 4717 3427 4787 ingerat,

1838 4827 1940 4867 nec
1976 4819 2263 4867 contentus
2308 4809 2412 4864 sibi
2451 4808 2553 4879 ipsi
2602 4809 2860 4864 nocuisse
2901 4807 3006 4863 nisi
3042 4808 3096 4861 in
3136 4823 3432 4867 commune

1790 4918 1793 4919 '
1835 4905 2098 4960 damnum
2156 4911 2205 4957 et
2233 4900 2454 4957 fratrem
2507 4901 2707 4967 trahat,
2760 4916 3098 4972 parvamque
3128 4902 3427 4971 aeruginem

1838 4998 1988 5055 illius
2019 4997 2167 5052 cordi
2196 4997 2475 5051 immittat.
2504 4995 2662 5049 Alius
2685 4995 2840 5049 alteri
2864 4992 3004 5050 forte
3029 4995 3157 5049 dum
3177 4997 3430 5051 oratione

1841 5101 2015 5157 vacat,
2046 5090 2131 5147 vel
2168 5089 2315 5144 aliud
2374 5089 2506 5159 quid
2569 5088 2698 5143 boui
2746 5096 3028 5158 operatur,
3055 5089 3431 5156 supervenerit

1839 5186 2005 5242 frater
2031 5183 2184 5241 futile
2215 5183 2418 5254 aliquid
2454 5181 2709 5249 aﬂ'erens,
2732 5183 2800 5237 de
2826 5197 2938 5253 quo
3003 5181 3241 5235 inaniter
3285 5183 3430 5237 inter

1838 5296 1896 5335 se
1922 5279 2348 5350 colloquantur;
2368 5290 2469 5331 nec
2494 5275 2670 5331 solum
2698 5274 2768 5329 ab
2786 5289 2848 5329 ea
2876 5274 3105 5329 utilitate
3128 5272 3280 5327 illum
3305 5274 3431 5328 abs-

1838 5369 2028 5435 trahit,
2086 5367 2183 5423 sed
2221 5366 2385 5422 etiam
2415 5366 2470 5421 in
2506 5365 2861 5421 tentationem
2919 5378 3265 5417 communem
3312 5373 3431 5419 tra-

143 5460 272 5517 hit:
308 5477 418 5535 qua
445 5467 653 5522 malitia
687 5466 837 5522 nulla
866 5463 1083 5537 gravior
1109 5472 1194 5522 est
1221 5471 1315 5521 aut
1344 5463 1723 5535 perniciosior,
1771 5476 1831 5525 ut
1893 5463 2102 5522 scilicet
2163 5474 2273 5516 non
2297 5457 2393 5517 tibi
2432 5457 2635 5523 solum,
2680 5456 2779 5513 sed
2836 5466 2892 5511 et
2939 5454 3190 5526 proximo
3231 5469 3432 5510 nocere

143 5569 395 5617 appetas.

181 5573 427 5707 “Si”;
451 5651 613 5708 τοῦτο
646 5651 808 5707 καλόν
848 5653 1017 5714 ἐστιν,
1051 5650 1138 5704 ἵνα
1172 5649 1386 5721 ἔχωμεν
1416 5649 1727 5721 εὐλάϐειαν,

143 5743 391 5813 ἀδελφοί·
423 5745 511 5800 ἴνα
540 5743 836 5816 φοϐώμεθα
882 5745 984 5814 τὴν
1012 5742 1217 5814 βλάϐην
1256 5741 1470 5796 ἐαυτῶν
1514 5742 1607 5797 καὶ
1637 5743 1733 5797 ἁλ-

147 5832 349 5907 λήλων,
376 5838 461 5895 ἵνα
495 5838 746 5912 τιμῶμεν
775 5836 1062 5908 ἀλλήλους,
1093 5836 1187 5889 καὶ
1215 5835 1301 5890 ἵνα
1338 5833 1732 5907 σπουδάζωμεν

1912 5648 2024 5704 V’ll.
2063 5636 2221 5702 Absit
2249 5651 2431 5699 autem
2453 5657 2482 5696 a
2508 5639 2686 5707 nobis,
2706 5639 2928 5704 fratres,
2956 5647 3016 5694 ut
3039 5639 3141 5694 hoc
3178 5654 3427 5709 agamus.

1843 5741 2135 5798 Servemus
2160 5745 2409 5792 mutuam
2451 5733 2835 5796 reverentiam,
2860 5729 3153 5786 timeamus
3179 5744 3431 5785 commu-

1840 5835 1932 5890 nia
1980 5832 2214 5899 damna,
2268 5827 2500 5885 invicem
2540 5823 2700 5884 nobis
2732 5822 3064 5883 deieramus.
3098 5821 3432 5881 Studeamus
