4020 6412
752 317 775 383 ,ι
782 319 887 384 661

746 444 815 484 ne
837 426 1125 492 uictemus,
1158 438 1230 482 ne
1250 437 1512 495 vagcmur
1558 425 1756 489 oculis,
1786 440 1858 481 ne
1894 428 2082 482 vultus
2116 414 2335 483 nostros

742 519 938 573 crebro
961 517 1409 592 contemplemur.
1442 514 1579 571 Nam
1639 517 1769 572 illud
1803 533 2026 589 quoque
2066 533 2335 588 praesum-

1947 321 2011 382 S.
2044 321 2435 384 DOROPHEI
2494 322 2814 385 ABBATIS

2363 339 2435 382 ist
2494 339 2814 385 ΑιςβΑϊιδ
3791 339 3868 412 κω

2363 433 2406 488 Δ
2440 428 2577 499 μ,ηᾶ
2606 429 2919 492 ἀνανεύειν,
2949 430 3085 502 μηδὲ
3114 432 3194 495 είς
3224 433 3290 487 τὰ
3321 433 3573 504 πρόσωπα
3590 439 3791 513 ἀλλήλων,
3811 453 3870 507 ιω

2435 518 2597 615 τοῦτο
2621 519 2846 615 τάφως
2872 517 2995 615 eius
3013 541 3100 588 τις
3257 526 3541 615 rem,
3560 528 3675 597 εἶδός
3696 536 3871 615 ἔστι,πρ

744 610 947 677 ptiouis
973 617 1055 665 est
1081 622 1273 680 genus,
1298 617 1358 663 ut
1407 608 1678 678 majorum
1724 608 1827 666 fuit
1869 612 2157 667 sententia.
2191 611 2315 667 Prae

2438 609 2660 678 ρησίας.
2720 610 2830 663 Καὶ
2879 610 2975 665 ἐὰν
3027 612 3213 684 συμϐῇ
3242 630 3367 667 τινα
3398 613 3603 684 βλέπειν
3638 621 3711 675 τὸν
3733 608 3870 698 ἀδελσὸ

746 718 892 758 terea
907 704 953 756 si
987 702 1206 756 fratrem
1235 699 1543 771 conspicias
1557 715 1841 772 perperam
1858 703 1990 774 quid
2020 702 2333 770 facientem,

2437 699 2611 753 αὐτοῦ
2667 701 3071 772 ἁμαρτάνοντα,
3134 703 3274 775 μήτε
3318 708 3623 783 armat-nica
3656 713 3796 784 ὠτοῦ,
3825 727 3873 778 ut

745 810 814 849 ne
841 794 991 849 illum
1023 807 1270 863 spernas,
1297 807 1367 849 ne
1394 808 1689 863 conspuas,
1716 809 1784 851 ne
1813 803 1994 851 taceas
2027 810 2094 851 ac
2151 795 2315 866 periri

2436 792 2706 863 σιωπήσει
2740 793 2836 846 καὶ
2861 794 3065 865 ἀφήσει
3099 795 3263 851 αὐτὸν
3307 797 3607 866 ἀπολέσθαι,
3647 806 3755 875 μήτε
3784 813 3873 869 πέλ,

741 885 1066 956 permittas;
1100 899 1276 955 neque
1300 887 1467 941 etiam
1522 886 1599 941 illi
1644 886 1940 944 maledicas
1989 898 2084 943 aut
2130 888 2315 958 ubiqut

2433 880 2735 953 λοιδορήσει
2794 884 2980 947 αὐτὸν,
3032 888 3172 956 μήτε
3230 889 3581 961 καταλαλήσει
3619 894 3766 959 αὑτοῦ,
3802 902 3872 959 am

743 977 1009 1036 dili‘ames,
1061 975 1155 1031 sed
1209 991 1334 1031 cum
1377 978 1747 1034 misericordia
1779 987 1835 1034 et
1866 979 2063 1034 timore
2100 979 2194 1035 Dei
2254 980 2330 1035 illi

742 1071 918 1125 revela
941 1070 1035 1139 qui
1056 1070 1232 1138 possit
1259 1084 1384 1124 eum
1407 1070 1636 1140 erigere.
1663 1069 1771 1125 Aut
1790 1079 1845 1125 tu
1881 1080 1935 1127 te
1959 1071 2073 1142 ipse
2109 1070 2331 1126 fratrem

740 1168 1007 1237 compella
1023 1182 1147 1223 cum
1167 1164 1538 1220 benevolentia
1558 1174 1613 1219 et
1637 1165 2075 1231 mansuetudine,
2099 1165 2288 1221 dicens
2313 1182 2327 1220 :

740 1258 816 1312 Da
847 1257 1080 1322 veniam,
1121 1257 1374 1318 obsecro,
1406 1256 1482 1309 mi
1536 1255 1726 1321 frater,
1766 1256 1927 1311 video
1953 1256 2094 1327 quod
2120 1257 2221 1312 boc
2251 1254 2329 1312 rei

739 1348 859 1403 sine
889 1347 1059 1403 dubio
1091 1362 1199 1403 non
1224 1347 1364 1402 bene
1395 1362 1546 1418 agas.
1579 1346 1734 1414 Quod
1758 1348 1803 1402 si
1841 1355 1893 1402 te
1926 1364 2032 1402 non
2064 1347 2323 1413 audierit,

739 1439 895 1493 alteri
932 1439 1085 1493 dicas
1116 1438 1170 1492 in
1205 1451 1317 1508 quo
1362 1438 1564 1493 videris
1593 1452 1721 1493 cum
1755 1437 1918 1492 tidem
1956 1438 2182 1502 habere,
2234 1438 2323 1493 vel

737 1533 900 1588 etiam
934 1532 1227 1604 praeposito
1252 1540 1348 1587 aut
1401 1529 1584 1585 abbati
1616 1545 1719 1601 pro
1750 1531 1961 1601 peccati
1998 1530 2328 1601 magnitudi-

737 1640 842 1690 ne;
880 1638 944 1678 ac
999 1622 1196 1678 deinde
1233 1636 1462 1678 securus
1514 1629 1633 1677 esto
1667 1629 1766 1677 :ut
1814 1629 1999 1677 autem
2051 1621 2318 1689 diximus,

736 1727 928 1773 caveat
951 1717 1130 1789 quivis
1160 1718 1267 1771 hoc
1295 1725 1421 1787 agat
1447 1714 1553 1770 alia
1588 1714 1888 1770 intentione
1919 1722 2085 1784 atque
2115 1715 2322 1781 animo,

733 1827 895 1880 quam
937 1810 1122 1866 fratris
1147 1809 1339 1878 agendi
1370 1827 1385 1865 :
1411 1824 1522 1863 non
1547 1822 1639 1879 per
1671 1808 2069 1879 garrulitatem,
2089 1823 2199 1863 non
2227 1822 2325 1878 per

732 1902 1037 1966 infamiam,
1070 1917 1178 1956 non
1212 1916 1309 1971 per
1342 1907 1718 1970 contemptum
1755 1900 1949 1970 ipsius,
1985 1914 2094 1955 non
2150 1908 2212 1955 ut
2267 1899 2324 1954 in

728 1993 1036 2060 exemplum
1066 1993 1300 2049 aliorum
1336 1993 1541 2056 trahat,
1569 2006 1676 2046 non
1709 1999 1767 2046 ιιι
1794 1991 2003 2061 judicet
2029 2007 2177 2055 eum,
2215 2006 2322 2048 non

729 2097 1035 2154 praetexens
1069 2084 1417 2140 simulatione
1462 2083 1879 2139 correctionem.
1902 2080 2060 2149 Quod
2088 2083 2135 2138 si
2159 2084 2321 2137 liabet

730 2173 787 2228 in
815 2189 874 2230 se
902 2174 1186 2244 quidpiam
1226 2174 1421 2231 borum
1465 2189 1588 2245 qua:
1632 2173 2008 2245 praediximus,
2033 2182 2093 2228 ut
2113 2173 2323 2230 scilicet

727 2265 941 2320 delator
973 2264 1157 2321 fratris
1189 2265 1261 2321 sit
1287 2265 1429 2334 apud
1473 2266 1725 2321 abbatem
1788 2265 2019 2323 nocendi
2061 2265 2317 2332 consilio,

728 2370 838 2409 non
887 2355 1070 2411 studio
1115 2355 1464 2428 corrigendi,
1505 2365 1790 2427 peccatum
1848 2366 1935 2413 est
1978 2369 2033 2415 et
2060 2357 2315 2413 infamia.

725 2446 1075 2503 Scrutabitur
1111 2449 1287 2519 primo
1325 2463 1422 2504 eor
1473 2464 1637 2505 suum
1670 2450 2119 2522 diligentissime;
2153 2460 2209 2506 et
2264 2450 2316 2508 si

725 2538 1023 2595 simultatis
1063 2539 1326 2596 instinctu
1367 2549 1461 2596 aut
1483 2541 1609 2596 odio
1633 2541 1738 2598 hoc
1760 2556 1821 2598 se
1850 2541 2031 2599 facere
2059 2542 2314 2609 senserit,

722 2630 1023 2686 abstinebit
1054 2644 1233 2701 neque
1268 2632 1442 2688 dicet.
1479 2630 1537 2688 Si
1575 2640 1757 2691 autem
1794 2648 1921 2689 cum
1953 2633 2169 2689 viscera
2213 2647 2314 2690 sua

723 2719 1013 2790 diligenter
1049 2719 1279 2776 rimatus
1321 2720 1523 2787 fuerit,
1575 2737 1699 2779 sese
1762 2723 2083 2794 cognoverit
2133 2738 2317 2780 corre-

722 2811 922 2867 ctionis
938 2819 993 2865 et
1015 2810 1305 2868 cbaritatis
1329 2812 1504 2883 gratia
1534 2812 1587 2868 id
1617 2810 1819 2879 facere,
1843 2811 2095 2885 impediri
2122 2822 2312 2874 autem

722 2918 758 2959 a
778 2903 1108 2975 cogitatione
1136 2905 1463 2974 scrupulosa
1498 2903 1761 2974 quadam,
1783 2905 1969 2961 abbati
2026 2904 2312 2961 humiliter

718 3002 781 3050 et
826 3009 988 3051 suum
1038 3003 1093 3050 et
1127 2994 1360 3065 proximi
1414 3004 1695 3065 peceatum
1760 2995 1984 3066 pandat,
2049 2995 2312 3066 dicatque

719 3085 1072 3142 conscientia
1109 3085 1423 3143 testimonio
1469 3087 1525 3145 id
1553 3086 1738 3144 facere
1773 3093 1836 3142 ut
1865 3082 2143 3157 corrigat;
2185 3101 2310 3141 ver-
2340 3124 2384 3185 α

720 3176 900 3231 berari
929 3183 1110 3232 tanien
1171 3190 1285 3232 sea
1314 3176 1475 3232 turba
1501 3176 1738 3246 quadam
1784 3174 2208 3247 cogitationum,
2239 3175 2314 3231 ita

722 3277 784 3322 ut
822 3268 1054 3339 ignoret.
1077 3281 1152 3321 an
1189 3267 1479 3323 adversum
1517 3265 1740 3323 fratrem
1769 3265 2053 3337 quidpiam
2089 3265 2312 3332 habeat,

721 3374 792 3415 an
827 3361 940 3413 tunc
966 3358 1241 3414 calumnia
1263 3359 1386 3414 sita
1408 3373 1516 3429 qua
1542 3357 1875 3429 impediatur
1896 3357 2047 3428 loqui
2067 3367 2123 3413 et
2140 3358 2317 3413 cerri-

722 3464 870 3520 gere.
923 3448 1027 3504 Cui
1082 3449 1430 3519 postmodum
1494 3448 1826 3520 respondeat
1883 3448 2077 3513 abbas,
2120 3450 2317 3505 debeat

724 3552 897 3594 necne
954 3538 1084 3594 illud
1111 3538 1313 3593 dicere.
1362 3535 1449 3593 Fit
1492 3546 1674 3594 autem
1728 3538 1836 3595 hoc
1884 3547 1940 3594 et
1981 3539 2312 3609 aliquando,

724 3645 823 3684 nec
862 3640 1082 3701 propter
1127 3628 1480 3686 commodum
1502 3639 1599 3685 aut
1635 3629 1899 3687 damnum
1959 3629 2166 3699 fratris,
2211 3646 2314 3688 nec

724 3731 951 3791 propter
1003 3722 1349 3778 inimicitiam
1390 3721 1729 3780 ullam:st
1757 3737 1825 3776 ex
1879 3722 2115 3793 quadam
2172 3723 2314 3779 male

723 3815 982 3885 loquendi
1012 3816 1429 3872 consuetudine.
1465 3817 1531 3871 Et
1567 3817 1714 3887 quis,
1743 3830 1862 3882 ore,
1889 3815 2055 3888 hujus
2080 3816 2315 3889 garruli-

722 3907 852 3962 tatis
878 3921 1014 3963 usus
1036 3907 1060 3961 ?
1085 3922 1229 3979 saepe
1265 3907 1413 3963 enim
1444 3907 1506 3963 fit
1548 3918 1608 3964 ut
1651 3908 1914 3966 resciscat
1959 3907 2309 3981 postmodum

721 3996 891 4054 frater
918 3999 1022 4055 sibi
1073 4000 1378 4056 detractum
1425 4015 1587 4066 esse,
1628 4011 1683 4057 et
1722 4002 2075 4072 perturbetur
2137 4003 2312 4058 mole-

719 4091 936 4162 stiaque
960 4107 1070 4147 non
1100 4093 1312 4148 modica
1337 4092 1605 4149 alliciatur
1644 4111 1659 4151 :
1692 4104 1746 4150 et
1779 4096 1885 4152 hoc
1907 4094 2138 4151 alterum
2170 4109 2311 4165 quo-

723 4198 830 4252 que
861 4180 1123 4237 damnum
1169 4184 1414 4238 accedat.
1464 4183 1620 4251 Quod
1655 4184 1700 4240 si
1731 4187 1814 4256 (nt
1838 4183 2051 4256 praefati
2093 4185 2309 4254 sumus)

722 4270 775 4325 id
808 4272 899 4326 fiat
926 4273 996 4327 ob
1028 4273 1316 4329 utilitatem
1356 4283 1409 4329 et
1438 4274 1788 4331 commodum
1832 4273 2040 4341 fratris,
2071 4292 2181 4333 non
2211 4292 2311 4347 pa-

725 4365 858 4416 titur
888 4361 1032 4420 Deus
1064 4365 1217 4420 illum
1246 4365 1552 4436 perturbari
1591 4375 1687 4421 aut
1729 4367 2014 4437 ﬂuctuare,
2048 4384 2160 4426 non
2209 4383 2310 4424 an-

718 4455 984 4524 gustiam,
1018 4471 1131 4512 non
1160 4460 1422 4513 damnum
1449 4461 1729 4517 accedere.

795 4545 926 4602 VIII.
951 4546 1153 4606 Curate
1194 4550 1361 4621 igitur
1394 4561 1448 4607 et
1477 4552 1718 4622 linguam
1753 4552 2033 4618 cohibere,
2086 4571 2156 4610 ne
2182 4556 2309 4626 quis

712 4637 963 4706 proximo
992 4638 1131 4694 mala
1187 4638 1462 4711 loquatur,
1490 4656 1593 4701 nec
1640 4641 1814 4698 ullum
1860 4643 2025 4699 verbo
2066 4655 2162 4703 aut
2187 4661 2308 4698 um-

711 4729 830 4794 bra,
861 4726 1024 4800 395
1054 4736 1150 4785 aut
1197 4745 1276 4800 re,
1307 4741 1405 4787 aut
1446 4732 1643 4804 quovis
1711 4733 1940 4789 omnino
1993 4734 2102 4789 alio
2142 4734 2306 4792 modo

707 4819 888 4875 feriat.
920 4819 1110 4892 Neque
1164 4822 1288 4879 sitis
1312 4825 1626 4894 prurientes
1673 4827 1903 4885 auribus
1932 4845 1946 4882 :
1978 4843 2046 4883 ne
2072 4828 2304 4896 scilicet,

705 4924 832 4963 cum
855 4911 981 4981 quis
1012 4912 1250 4969 audierit
1275 4914 1558 4986 quidpiam
1590 4916 1659 4975 de
1687 4931 1748 4973 se
1772 4917 2146 4985 maledictum,
2172 4934 2305 4990 pru-

706 5003 816 5058 ritu
854 5004 1000 5060 illico
1045 5008 1383 5077 percutiatur
1423 5025 1437 5062 :
1492 5019 1548 5065 et
1607 5008 1726 5080 ipse
1757 5025 1984 5082 quoque
2036 5011 2119 5067 vel
2163 5010 2304 5068 male

703 5101 1028 5170 respondeat
1086 5101 1171 5156 vel
1216 5102 1565 5172 perturbetur
1618 5104 1688 5160 ab
1709 5119 1796 5161 eo.
1826 5102 1946 5161 Non
1967 5106 2115 5162 enim
2171 5104 2299 5163 talia

699 5202 1080 5248 concertantes
1128 5194 1348 5249 athletae
1377 5209 1542 5266 agere
1568 5209 1998 5265 consueverunt,
2033 5214 2145 5255 non
2202 5198 2299 5270 qui

698 5296 803 5352 pro
830 5284 1003 5338 salute
1025 5284 1316 5341 desudant.
1355 5285 1638 5344 Possidete
1673 5288 1924 5344 timorem
1953 5290 2070 5358 Dei,
2097 5300 2153 5345 et
2177 5306 2299 5345 mu-

698 5379 793 5423 tua
829 5372 1134 5427 reverentia
1172 5388 1273 5429 vos
1311 5376 1607 5443 praevenite
1635 5394 1649 5430 :
1678 5377 1830 5432 vobis
1874 5377 2022 5433 obvii
2077 5390 2291 5437 estote:

697 5459 959 5518 inclinate
985 5465 1162 5534 capita
1195 5475 1376 5522 vestra
1407 5483 1422 5521 :
1458 5466 1825 5525 humiliamini
1875 5469 1931 5524 iu
1995 5480 2292 5541 conspectu

695 5553 900 5608 summi
931 5553 1026 5608 Dei
1054 5564 1107 5612 et
1137 5556 1189 5611 in
1215 5567 1518 5629 conspectu
1552 5557 1786 5616 fratrum
1828 5577 1844 5616 :
1882 5560 2139 5631 subjicite
2163 5576 2294 5633 pro-

695 5643 870 5712 priam
901 5646 1257 5706 voluntatem.
1286 5651 1522 5718 Bonum,
1552 5651 1955 5722 inquam,opus
1977 5653 2292 5724 aggreditur

654 5800 659 5803 _
696 5735 790 5804 qui
821 5736 922 5794 hoc
947 5738 1100 5808 facit,
1124 5744 1214 5815 qui
1243 5745 1547 5803 advenienti
1589 5743 1742 5801 fratri
1776 5745 1943 5814 cedit,
1978 5746 2073 5817 qui
2106 5744 2285 5804 bono-

2437 973 2576 1043 μετὰ
2608 975 2958 1061 συμπαθείας
2996 977 3092 1030 καὶ
3116 977 3283 1046 φόϐου
3314 978 3447 1033 Θεοῦ
3477 982 3597 1055 είπῃ
3620 985 3870 1061 τῷδυναμένερ

2430 1059 2835 1130 διορθώσασθαι
2891 1064 3079 1132 αὐτὸν,
3116 1066 3150 1137 ἢ
3199 1069 3363 1132 αὐτὸς
3415 1050 3624 1142 λαλήσει
3656 1050 3772 1147 αὐτῷ

2432 1152 2660 1225 ἀγάπης
2684 1154 2782 1208 καὶ
2809 1156 3196 1222 ταπεινώσεως
3224 1158 3419 1229 λέγων’
3455 1163 3777 1237 Συγχώρησον,
3796 1174 3867 1227 ἀδελ.

2431 1242 2499 1311 φέ
2528 1260 2654 1313 μου,
2692 1245 2799 1308 ὅτι,
2829 1246 2907 1311 ὡς
2933 1247 3282 1319 ἀσύστροφος
3302 1249 3505 1321 βλέπω,
3537 1254 3612 1307 ὅτι
3634 1257 3745 1328 τάχα
3763 1261 3801 1312 oi
3820 1281 3866 1315 ιιι.

2428 1333 2539 1428 λῶς
2570 1335 2835 1408 ποιοῦμεν
2864 1338 2982 1392 τόδε
3020 1340 3081 1394 τὸ
3110 1344 3367 1414 πρᾶγμα.
3398 1344 3507 1398 Καὶ
3530 1344 3617 1400 ἐὰν
3646 1348 3707 1420 μὴ
3736 1352 3864 1428 una;

2429 1427 2555 1481 είπὲ
2600 1428 2767 1500 ἄλλῳ,
2810 1433 2888 1493 είς
2936 1430 2995 1484 δν
3029 1432 3243 1502 βλέπων
3276 1436 3361 1490 ὅτι
3397 1436 3508 1507 ἔχει
3544 1427 3863 1515 triumpome

2428 1519 2550 1573 είπὲ
2576 1518 2653 1591 τῷ
2679 1521 2950 1595 ἐπιστάτῃ
2983 1522 3172 1591 αὑτοῦ,
3204 1526 3236 1597 ἢ
3271 1526 3351 1598 τῷ
3380 1527 3522 1599 ἀϐϐᾷ
3558 1530 3677 1601 πρὸς
3709 1532 3866 1604 mea

2428 1628 2523 1680 μιν
2558 1610 2653 1666 τοῦ
2690 1613 3029 1686 σφάλματος,
3057 1616 3154 1669 καὶ
3194 1618 3527 1690 ἀμερίμνει*
3575 1622 3691 1689 ἀλλ’,
3723 1625 3863 1688 dmin-

2430 1716 2552 1771 μεν,
2585 1701 2775 1774 σκοπῷ
2811 1703 2908 1757 τοῦ
2940 1704 3303 1778 διορθωθῆναι
3338 1709 3434 1765 τὸν
3475 1709 3686 1782 ἀδελφὺν
3710 1715 3862 1773 αὑτοῦά-

2359 1768 2400 1827 B
2564 1792 2662 1887 καὶ
2701 1768 2777 1864 μὴ
2812 1794 2954 1848 κατὰ
2987 1768 3282 1869 φλυαρίαν,
3316 1799 3395 1871 μὴ
3426 1768 3733 1869 καταλαλῶν,
3756 1768 3858 1877 μή

2429 1884 2664 1940 ουδενῶν
2694 1887 2882 1955 αὐτὸν,
2913 1888 2991 1960 μὴ
3012 1888 3184 1944 θέλων
3207 1891 3395 1959 αὐτὸν,
3422 1895 3601 1965 φησὶν,
3627 1897 3854 1967 apiriam.

2428 1978 2601 2043 τίσαι,
2656 1977 2732 2049 μὴ
2779 1980 3134 2052 κατακρίνων
3177 1982 3367 2050 αὑτὸν,
3416 1986 3492 2059 μὴ
3543 1988 3846 2060 σχηματιξίιρειις

2426 2068 2588 2141 δῆθεν
2618 2070 2906 2142 διόρθωσιν
2925 2087 2941 2104 ο
2978 2071 3182 2128 ἔσωθεν
3205 2073 3266 2128 δὲ
3292 2074 3439 2146 ἔχων
3476 2078 3655 2131 τίποτε
3681 2074 3847 2133 toth

2426 2155 2601 2215 εἷπον·
2651 2160 2823 2228 ὅντως
2860 2163 2972 2236 γὰρ
2998 2164 3150 2237 αὐτῷ
3172 2165 3252 2237 τῷ
3283 2166 3433 2239 ὰϐϐᾷ
3469 2168 3627 2223 αὐτοῦ
3647 2185 3660 2200 ο
3704 2170 3769 2223 ἐὰν
3793 2171 3854 2240 lim

2424 2268 2531 2316 τις,
2558 2254 2652 2307 καί
2697 2253 2773 2324 μὴ
2812 2253 2946 2325 λέγῃ
2986 2254 3076 2309 διὰ
3117 2256 3219 2327 τὴν
3259 2255 3548 2328 διόρθωσιν
3571 2262 3658 2312 τοῦ
3679 2259 3858 2331 triremi

2423 2343 2512 2396 διὰ
2571 2340 2708 2396 ίδίαν
2765 2342 2992 2415 βλάϐην,
3041 2345 3323 2418 ἁμαρτίας
3367 2349 3504 2402 ἐστι·
3547 2348 3786 2404 καταλαλή
3810 2354 3860 2419 γάρ

2423 2433 2594 2488 ἔστιν.
2631 2431 2794 2485 Ἀλλὰ
2824 2432 3144 2506 ψηλαφήσει
3167 2436 3270 2508 τὴν
3304 2436 3532 2508 καρδίαν
3569 2437 3747 2500 ἑαυτοῦ.
3767 2437 3861 2507 tibi,

2421 2520 2639 2591 κίνησίν
2669 2538 2792 2576 τινα
2818 2522 3068 2595 ἐμπαθῆ,
3093 2524 3191 2578 καὶ
3229 2523 3307 2597 μὴ
3334 2526 3488 2597 είπῃ.
3524 2525 3640 2580 Ἐὰν
3665 2527 3785 2580 δὲκαὶ
3804 2527 3861 2597 iii-

2421 2628 2514 2666 πει
2543 2611 2740 2668 ἑαυτὸν
2764 2612 2905 2684 μετὰ
2933 2613 3250 2687 ἀκριϐείας,
3283 2616 3369 2671 ὅτι
3411 2617 3502 2672 διὰ
3525 2617 3617 2689 τὴν
3646 2618 3862 2689 συμπάθεια

2420 2703 2518 2767 καὶ
2554 2702 2827 2774 ὠφέλειαν
2864 2701 3019 2761 θέλει
3063 2706 3264 2771 εἰπεῖν,
3305 2705 3457 2778 ὀχλεῖ
3485 2706 3542 2761 δὲ
3566 2710 3652 2762 καὶ
3677 2692 3883 2778 όλιιτισμάςά

2417 2812 2504 2860 τις
2543 2795 2747 2850 ἔσωθεν
2789 2796 3069 2872 ἐμπαθὴς,
3097 2798 3420 2868 ἀναγγεῖλαι
3452 2799 3529 2863 τῶ
3562 2800 3688 2872 ἀϐϐᾷ
3711 2799 3861 2870 μετὰ-ιιι

2420 2886 2753 2951 πεινὼσεως,
2780 2888 2876 2942 καὶ
2917 2888 2980 2943 τὸ
3014 2890 3144 2944 ίδιον
3180 2892 3279 2945 καὶ
3314 2890 3378 2946 τὸ
3406 2890 3500 2945 τοῦ
3533 2891 3731 2965 πλησίον
3750 2891 3859 2957 λέγων

2417 2978 2500 3033 ὅτι
2536 2978 2601 3032 Ἡ
2623 2979 2723 3050 μὲν
2748 2979 3057 3050 συνείδησις
3074 2998 3178 3054 μου
3198 2983 3473 3055 μαρτυρεῖ
3492 3000 3587 3056 μου
3610 2983 3681 3037 ὅτι
3698 2982 3765 3035 διὰ
3781 2981 3860 3050 θρίδ-

2418 3090 2505 3127 σιν
2536 3072 2678 3127 θέλω
2707 3074 2906 3141 εἰπεῖν,
2931 3073 3047 3127 ἀλλ’
3077 3073 3411 3146 αίσθάνομαι
3433 3075 3515 3129 ὅτι
3535 3072 3710 3128 ἐσωθέν
3728 3071 3858 3135 1km

2416 3163 2678 3235 λογισμὸς
2709 3164 3073 3237 μεμιγμένος.
3120 3165 3248 3220 Εῐτε
3281 3167 3476 3239 ἐπειδὴ
3503 3166 3647 3237 ἔσχον
3667 3164 3767 3219 ποτὲ
3794 3162 3861 3216 ιιιτί

2414 3256 2511 3311 τοῦ
2540 3255 2797 3327 ἀδελφοῦ,
2828 3257 2930 3310 οὐκ
2957 3252 3095 3311 οἷδω
3126 3257 3239 3312 εἴτε
3267 3258 3598 3330 συκοφαντία
3618 3257 3718 3310 ἐστὶ
3734 3254 3860 3309 09m

2415 3346 2708 3417 ἐμποδίσαι
2762 3364 2854 3418 μοι
2898 3349 3076 3403 εἰπεῖν
3122 3349 3221 3404 καὶ
3262 3349 3521 3420 γενέσθαι
3559 3344 3862 3420 adponam

2415 3433 2552 3492 οἴδα.
2586 3436 2698 3490 Καὶ
2731 3434 2921 3491 λοιπὸν
2950 3438 2980 3491 ό
3010 3438 3187 3503 ἀϐϐἅς
3221 3438 3377 3509 λέγει
3403 3437 3565 3510 αὐτῷ,
3593 3440 3638 3491 εί
3655 3435 3803 3506 ὀφείλει
3825 3434 3861 3483 :3-

2415 3532 2559 3596 πεῖν,
2602 3529 2636 3601 ἢ
2681 3528 2756 3601 μὴ
2786 3531 2982 3586 εἰπεῖν.
3022 3531 3183 3586 Ἔστι
3225 3530 3284 3585 δὲ
3309 3534 3402 3586 ὅτε
3442 3531 3584 3600 λέγει
3619 3547 3691 3594 τις
3722 3523 3863 3582 οὖπῶ

2413 3620 2683 3691 ὠφέλειαν
2708 3618 2804 3675 τοῦ
2826 3619 3057 3691 ἀδελφοῦ
3094 3621 3284 3689 αὑτοῦ,
3316 3621 3443 3677 οὗτε
3478 3622 3565 3676 διὰ
3593 3621 3709 3675 ίδίαν
3731 3615 3860 3689 Mitt.

2414 3712 2538 3769 οὔτε
2570 3712 2714 3767 κατὰ
2749 3714 3120 3786 μνησικακίαν
3149 3714 3294 3782 τινὰ,
3337 3715 3453 3770 ἀλλ’
3479 3713 3639 3777 οὕτως
3674 3710 3807 3771 ἁπλῶς
3827 3706 3860 3756 δε·

2412 3808 2740 3878 ηγούμενος,
2764 3810 2840 3874 ὡς
2870 3810 2980 3866 ἀπὺ
3007 3811 3361 3884 ἀργολογίας.
3392 3812 3504 3867 Καὶ
3530 3810 3657 3879 τίςή
3683 3805 3797 3879 χρεία
3815 3802 3858 3867 τῆς

2414 3899 2683 3975 φλυαρίας
2720 3903 2924 3977 ταύτης
2941 3922 2957 3974 ;
2990 3904 3262 3971 Πολλάκις
3283 3906 3343 3962 δὲ
3365 3907 3459 3961 καὶ
3488 3902 3719 3978 μανθάνει
3739 3901 3760 3952 6

2413 3994 2514 4065 φὺς
2540 3997 2623 4049 ὅτι
2646 3992 2769 4051 εἷπε
2793 3997 2923 4069 περὶ
2942 3997 3132 4067 αὐτοῦ,
3154 3998 3252 4054 καὶ
3272 3985 3851 4070 καταταράσσεται,κεὶῐί·

2411 4105 2565 4143 νεται
2595 4089 2661 4143 ἐκ
2693 4090 2888 4144 τούτου
2922 4091 3126 4161 θλίψις,
3152 4094 3364 4161 γίνεται
3398 4092 3492 4146 καὶ
3526 4088 3649 4159 ἄλλη
3682 4081 3853 4156 προσθήκη

2413 4179 2645 4253 βλάϐης.
2669 4181 2840 4238 Ὅταν
2858 4182 2970 4256 γὰρ
2994 4182 3147 4253 λέγει
3175 4200 3262 4247 τις
3286 4184 3359 4237 δι’
3385 4182 3552 4254 αὐτὴν
3574 4180 3661 4251 τὴν
3678 4176 3853 4245 ὠφέλειαι.

2407 4273 2485 4334 ὡς
2511 4275 2759 4344 είπομεν,
2790 4276 2888 4333 καὶ
2912 4275 3104 4347 μόνην,
3130 4276 3191 4329 οὐ
3222 4278 3498 4348 συγχωρεῖ
3525 4277 3552 4328 ό
3571 4272 3687 4335 Θεὸς
3707 4264 3856 4339 γενέσθω

2409 4367 2678 4443 ταραχήν·
2724 4368 2825 4424 οὐκ
2874 4370 2989 4443 ἁφῇ
3025 4370 3506 4444 παρακολουθῆσαι
3545 4362 3761 4436 θλίψιν,ῆ
3792 4357 3856 4431 βὶὲ

2339 4480 2384 4535 D
2413 4459 2537 4532 ϐην.
3076 4494 3090 4500 -

2484 4551 2568 4608 Η’.
2624 4551 2972 4608 Σπουδάσατε
3026 4552 3106 4620 δὲ,
3140 4551 3218 4619 ὠς
3242 4552 3491 4626 εἴπομεν,
3538 4553 3622 4607 καὶ
3652 4540 3853 4621 “mpii”!

2409 4640 2664 4711 γλῶσσαν
2692 4642 2870 4713 ὑμῶν,
2897 4642 2986 4697 ἵνα
3019 4643 3094 4715 μὴ
3124 4642 3281 4697 λαλεῖ
3297 4662 3383 4709 τις
3404 4642 3584 4705 κακῶς
3610 4640 3677 4711 τῷ
3702 4630 3848 4701 πλησίω.

2410 4734 2550 4807 μήτε
2581 4733 2814 4806 πλήσσει
2847 4737 2991 4801 τινὰ,
3020 4734 3054 4807 ἦ
3096 4734 3264 4807 λόγῳ,
3300 4735 3334 4807 ἢ
3377 4735 3538 4805 ἔργῳ,
3565 4733 3596 4806 ἢ
3630 4714 3846 4801 σχήματιέ

2403 4829 2699 4901 οίῳδήποτε
2749 4827 2960 4900 τρόπῳσ
3016 4829 3154 4904 μηδὲ
3208 4828 3398 4883 ἔσεσθε
3444 4827 3705 4882 εὔκνιστον
3734 4819 3792 4907 it!

2403 4914 2532 4969 ὅταν
2563 4914 2788 4969 ἀκούσει
2821 4928 2908 4980 τις
2941 4902 3094 4987 ὑμῶν
3124 4916 3278 4987 παρὰ
3306 4915 3400 4971 τοῦ
3428 4911 3640 4984 ἀδελφοῦ
3665 4902 3844 4966 αΰτιιῦῥῗ⁸

2406 5024 2506 5077 ματ
2534 5005 2737 5070 εὐθέως
2765 5005 3030 5073 κνίξεται,
3060 5005 3097 5079 ἢ
3116 5008 3211 5063 καὶ⁵
3231 5007 3571 5081 ἀποκρίνεται
3588 4999 3712 5071 αὐτῷ

2399 5099 2434 5171 ἢ
2481 5097 2632 5169 μένει
2669 5097 2989 5168 θλιϐόμενος
3020 5098 3141 5152 κατ’
3166 5100 3357 5155 αὐτοῦ.
3392 5099 3503 5153 Οὐκ
3531 5096 3626 5151 εἰσὶ
3660 5089 3784 5146 ταῦτα
3803 5081 3844 5133 04'

2398 5190 2598 5246 λόντων
2626 5191 2890 5263 σωθῆναι,
2913 5193 3012 5246 οὐκ
3026 5192 3135 5246 είσὶ
3161 5193 3332 5247 ταῦτα
3360 5189 3745 5263 ἀγωνιζομένων.
3763 5171 3841 5238 Κτί·

2400 5284 2567 5338 σασθε
2602 5284 2694 5339 τὸν
2723 5283 2888 5354 φόϐον
2916 5284 3012 5340 τοῦ
3037 5283 3199 5350 Θεοῦ,
3218 5285 3355 5343 ἀλλὰ
3381 5283 3513 5356 μετὰ
3537 5264 3839 5366 conﬂigit“

2395 5377 2672 5432 ἀπαντᾶτε
2701 5376 2974 5449 ἀλλήλοις,
3001 5377 3230 5442 ἕκαστος
3257 5377 3449 5433 κλίνων
3473 5376 3565 5446 τὴν
3591 5364 3838 5438 πεφλῆνΨ

2390 5467 2488 5521 τοῦ
2528 5466 2844 5540 ἔμπροσθεν
2880 5468 2977 5524 τοῦ
3015 5468 3248 5540 ἀδελφοῦ
3283 5469 3463 5534 αὑτοῦ,
3490 5463 3652 5526 καθὼς
3682 5459 3837 5519 εἴπομενν

2390 5560 2622 5625 ἕκαστος
2667 5560 3095 5634 ταπεινούμενος
3132 5562 3362 5619 ἐνώπιον
3399 5561 3488 5617 τοῦ
3527 5554 3665 5617 Θεοῦ,
3692 5549 3761 5604 καὶ
3791 5540 3837 5590 ἕν’

2388 5651 2560 5708 ώπιον
2579 5653 2673 5708 τοῦ
2698 5653 2927 5725 ἀδελφοῦ
2951 5655 3140 5723 αὑτοῦ,
3157 5657 3251 5711 καὶ
3267 5657 3477 5712 κόπτων
3498 5648 3632 5721 αὖτῷ
3651 5645 3699 5698 τδ
3711 5637 3835 5725 θέληὲ

2388 5744 2575 5804 αὐτοῦ.
2610 5747 2820 5810 Ὄντως
2839 5721 2850 5725 ⁷
2869 5746 3054 5818 καλὸν,
3098 5721 3196 5804 ea»
3255 5767 3338 5816 τις
3391 5748 3510 5820 ποιῇ
3560 5741 3756 5813 πρᾶγμα»
3783 5721 3831 5775 ⁷⁸⁸1
