4020 6416
683 362 820 436 1675

1921 376 1981 433 S.
2016 374 2406 435 DOROTIIEI
2439 377 2760 438 ABBATIS
3761 387 3826 451 16'

681 475 824 534 Deus
861 487 1047 534 noster
1103 481 1445 550 gratiﬁcetur
1468 481 1626 536 nobis
1668 482 1918 537 timorem
1970 498 2153 537 suum.
2187 486 2249 539 Ai

2305 493 2348 546 Α
2379 487 2544 558 φόϐον
2579 487 2770 541 αὑτοῦ.
2805 489 2969 556 Λέγει
2998 489 3128 562 γὰρ,
3181 493 3290 544 Τὸν
3321 495 3468 548 Θεὸν
3494 496 3652 564 φοϐοῦ
3686 499 3767 552 καί
3790 521 3826 556 τι

677 572 820 624 enim
855 590 866 625 :
898 570 1061 624 Deum
1093 573 1238 638 time,
1261 583 1310 627 et
1339 572 1595 626 mandata
1621 573 1736 642 ejus
1760 576 1991 640 custodi,
2015 577 2271 645 quoniam

678 659 774 716 hoc
808 664 1098 730 requiritur
1135 663 1354 718 inomni
1385 666 1594 719 homine
1628 675 1673 718 ³.

1141 770 1307 840 393
1349 769 1704 826 DOCTRINA
1740 771 1800 827 ν.

681 879 804 933 Non
863 881 1048 936 debere
1103 899 1419 953 quemquam
1477 901 1587 940 sua:
1641 888 1940 953 prudentiw
1991 888 2270 958 conﬁdere.

753 1036 789 1089 l.
848 1034 992 1089 lnter
1056 1035 1352 1092 Proverbia
1388 1038 1630 1094 dicitur:
1676 1041 1884 1106 Quibus
1923 1059 2025 1096 non
2055 1053 2134 1096 est
2172 1060 2271 1113 gu-

681 1127 952 1192 bernatio,
1016 1126 1260 1182 decidunt
1321 1141 1375 1182 ut
1427 1129 1607 1200 folia:
1649 1133 1796 1186 salus
1855 1142 2030 1186 autem
2078 1146 2156 1187 est
2217 1137 2272 1189 in

680 1217 846 1270 multo
908 1219 1126 1272 consilio
1171 1225 1215 1273 ι.
1297 1220 1758 1290 Contemplamini
1813 1224 2093 1278 sententiae
2140 1226 2269 1292 vim,

678 1307 897 1366 fratres.
954 1310 1410 1380 Contemplamini
1441 1313 1571 1383 quid
1607 1314 1786 1369 divina
1815 1315 2092 1387 Scriptura
2142 1316 2272 1372 edo-

679 1411 816 1455 ceat.
862 1401 1069 1462 Cavete
1103 1416 1208 1458 nos
1257 1401 1516 1458 admonet
1565 1420 1632 1460 ne
1682 1406 2046 1478 nosmetipsos
2097 1407 2272 1462 infor-

686 1509 922 1559 memus,
956 1509 1023 1549 ne
1052 1509 1154 1550 nos
1184 1495 1385 1551 sciolos
1411 1495 1728 1563 habeamus,
1752 1514 1820 1553 nc
1844 1501 2271 1570 pcrsuadeamnr

678 1598 799 1638 esse
825 1599 926 1639 nos
965 1583 1098 1640 satis
1148 1584 1306 1641 nobis
1367 1586 1434 1642 ad
1483 1588 1723 1659 regimen
1781 1599 2056 1646 nostrum.
2119 1590 2268 1661 Opus

683 1676 828 1730 enim
884 1676 1040 1730 nobis
1090 1685 1174 1732 est
1227 1678 1430 1733 auxilio
1479 1691 1673 1749 praeter
1707 1680 1900 1749 Deum,
1937 1685 2269 1754 opuscoad-

673 1766 969 1836 jntoribus.
1004 1765 1149 1821 Nihil
1193 1776 1278 1822 est
1336 1768 1724 1835 miserabilius,
1782 1772 1858 1826 nil
1903 1776 2049 1843 quod

676 1956 853 2000 ctores
889 1945 1086 2000 habent
1121 1947 1186 2002 ad
1213 1947 1354 2001 viam
1391 1948 1502 2004 Dei.
1531 1949 1621 2003 Ait
1658 1951 1803 2006 enim
1839 1970 1852 2006 :
1900 1953 2102 2019 Quibus
2158 1972 2262 2011 non

675 2034 1108 2105 estgubernatt'o,
1135 2036 1385 2090 decidunt
1419 2045 1477 2090 ut
1517 2038 1671 2107 folia.
1721 2039 1931 2097 Folium
1965 2059 1994 2097 a
2056 2047 2264 2115 princi-

676 2125 768 2194 pio
813 2141 1028 2195 semper
1058 2126 1261 2189 virens,
1300 2143 1515 2199 semper
1537 2132 1869 2200 germinans,
1915 2150 2132 2206 semper
2165 2139 2260 2192 de-

678 2215 927 2270 lectabile
955 2226 1036 2271 est
1065 2235 1078 2283 ;
1119 2232 1226 2271 non
1263 2218 1436 2274 multo
1465 2230 1584 2289 post
1614 2225 1812 2279 arescit
1838 2235 1891 2280 et
1914 2225 2152 2295 languet,
2209 2239 2262 2286 et

679 2307 881 2362 cadens
904 2308 1270 2362 contemnitur
1301 2317 1352 2364 el
1383 2313 1758 2369 conculcatur.
1808 2313 1955 2372 Talis
1984 2318 2146 2375 homo
2173 2330 2257 2376 est

674 2400 768 2468 qui
797 2413 824 2452 a
849 2399 1064 2456 nemine
1094 2401 1316 2471 regitur.
1351 2404 1394 2455 A
1430 2405 1694 2475 principio
1725 2405 2161 2466 ferventissimus
2190 2413 2257 2469 ad

669 2490 900 2562 jejunia,
933 2492 999 2547 ad
1027 2493 1257 2562 vigilias,
1301 2496 1368 2548 ad
1439 2495 1700 2565 quietem,
1758 2498 1825 2553 ad
1874 2500 2258 2571 obedientiam,

673 2592 728 2638 et
765 2583 830 2637 ad
863 2599 1200 2656 quascunque
1226 2595 1420 2642 cartera
1452 2588 1612 2643 bona.
1660 2587 1829 2644 Paulo
1883 2601 2006 2661 post
2062 2595 2263 2649 exStin-

674 2683 764 2729 eto
787 2689 852 2729 eo
884 2674 1115 2744 fervore,
1134 2677 1179 2732 si
1210 2677 1416 2732 nullum
1443 2680 1692 2734 habuerit
1726 2681 1810 2735 sui
1837 2683 2257 2750 gubernatorem

671 2771 766 2818 aut
813 2764 1039 2819 altorem
1089 2766 1182 2836 qui
1236 2769 1567 2823 exstinctum
1600 2770 1778 2840 ignem
1821 2773 2049 2829 suscitet
2085 2783 2138 2830 et
2163 2791 2258 2830 ac-

672 2852 888 2918 cendat,
948 2853 1260 2909 desiccatur
1317 2866 1369 2910 et
1431 2858 1596 2923 cadit,
1627 2873 1690 2914 ac
1718 2858 1938 2915 demum
1969 2861 2260 2921 destitutus

672 2944 741 2999 ab
784 2944 1031 3000 hostibus
1081 2946 1196 3002 suis
1229 2947 1475 3017 captivus
1514 2949 1764 3015 trahitur,
1818 2952 1934 3021 qui,
1969 2962 2028 3007 ut
2058 2953 2254 3010 volue-

672 3035 805 3102 rint,
838 3035 894 3090 in
922 3035 1097 3106 ipsum
1123 3049 1458 3107 grassantur.
1498 3037 1572 3095 De
1609 3040 1694 3095 bis
1726 3051 1907 3096 autem
1973 3044 2068 3114 qui
2122 3045 2281 3100 nihil,

671 3125 1030 3196 praecipitant,
1083 3127 1216 3182 nihil
1276 3137 1498 3196 temere,
1552 3130 1646 3186 sed
1683 3132 1866 3187 omnia
1897 3133 2149 3190 consulto
2177 3133 2257 3190 fa-

669 3212 842 3276 ciunt,
874 3211 948 3268 ait
983 3231 998 3268 :
1041 3210 1203 3268 Salus
1249 3223 1425 3270 autem
1462 3225 1540 3270 est
1570 3217 1631 3271 in
1662 3218 1830 3272 multo
1873 3220 2113 3275 consilio.
2144 3219 2256 3278 Nec

668 3315 801 3356 vero
849 3302 982 3357 dicit
1030 3303 1088 3356 in
1133 3305 1297 3358 multo
1343 3306 1590 3371 consitio,
1623 3315 1680 3362 ut
1715 3307 1836 3378 quis
1873 3325 2255 3382 quemcunque

671 3393 940 3459 consulat,
1004 3392 1100 3449 sed
1161 3402 1222 3449 ut
1265 3410 1390 3450 eum
1421 3395 1580 3466 cujus
1608 3397 1732 3453 ﬁdei
1759 3413 1818 3453 se
1856 3407 2029 3455 totum
2074 3400 2254 3457 credi-

671 3481 831 3537 derit.
885 3481 1071 3552 Neque
1126 3484 1230 3538 hoc
1278 3491 1337 3538 ut
1364 3493 1561 3553 taceat,
1593 3485 1723 3541 illud
1754 3487 2032 3558 loquatur,
2071 3490 2166 3545 sed
2194 3499 2254 3546 ut

671 3572 854 3628 omnia
875 3581 1132 3642 exponat,
1159 3574 1225 3628 de
1252 3574 1510 3631 onmibus
1538 3575 1808 3632 consultet
1832 3594 1846 3631 :
1871 3577 2250 3647 hujuscemodi

669 3663 816 3718 enim
869 3662 1023 3721 salus
1079 3664 1323 3735 profecto
1371 3675 1455 3722 est
1511 3666 1566 3721 in
1622 3667 1796 3722 multo
1842 3667 2094 3723 consilio.
2135 3668 2251 3726 Nisi

667 3753 811 3808 cnim
866 3755 1032 3809 homo
1089 3765 1284 3811 cuncta
1337 3769 1437 3811 sua
1492 3755 1610 3811 viro
1629 3757 1802 3827 probo
1824 3769 2082 3827 exponat,
2118 3760 2250 3814 etin

667 3846 789 3914 ejus
815 3845 938 3900 sinu
967 3845 1223 3918 deponat,
1253 3847 1377 3902 etis
1408 3847 1644 3902 maxime
1668 3847 1762 3918 qui
1791 3863 1965 3918 nuper
1991 3865 2022 3904 a
2069 3851 2250 3921 praxis

666 3937 916 3992 moribus
967 3937 1036 3992 ad
1075 3937 1488 3994 conversionem
1545 3938 1815 3994 bonorum
1862 3939 2031 4005 venit,
2061 3939 2113 3993 in
2147 3940 2250 3995 hoc

664 4028 916 4096 protinus
967 4026 1215 4083 diabolus
1255 4027 1470 4082 unicam
1505 4027 1711 4083 invenit
1739 4027 2097 4096 voluntatem,
2127 4028 2250 4082 uni-

665 4135 786 4174 eam
834 4119 1134 4190 justitiam,
1181 4135 1278 4190 per
1331 4135 1495 4191 quam
1558 4119 1737 4191 ipsum
1770 4119 2062 4176 demolitur
2081 4129 2135 4175 et
2157 4120 2250 4175 de-

667 4211 848 4266 struit.
903 4209 1039 4265 Cum
1073 4210 1220 4265 enim
1271 4210 1582 4280 quempiam
1634 4209 1952 4277 cognoverit
1975 4206 2247 4284 diabolus,

664 4303 894 4373 elegisse
932 4303 1080 4356 nullo
1113 4301 1277 4356 modo
1301 4315 1547 4372 peccare,
1573 4315 1752 4372 neque
1779 4309 1864 4356 est
1896 4301 2032 4356 adeo
2059 4317 2248 4358 amens

661 4407 717 4452 et
776 4396 994 4466 ineptus
1057 4396 1122 4450 ad
1187 4397 1330 4450 male
1378 4395 1754 4466 agendum,ut
1790 4395 1973 4449 statim
2014 4395 2090 4449 illi
2123 4412 2250 4466 sug-

664 4495 814 4558 gerat
863 4495 959 4541 aut
989 4487 1312 4558 persuadeat
1341 4487 1620 4579 quidpiam
1655 4485 1944 4579 ‘malorum
1976 4484 2248 4579 profanis-
2277 4523 2322 4579 υ

663 4575 951 4638 simorum,
1015 4575 1195 4646 qualia
1251 4585 1379 4631 sunt
1438 4575 1705 4630 adulteria
1755 4585 1810 4632 et
1845 4575 1990 4631 furta
2049 4577 2244 4645 (novit
2277 4575 2306 4606 ‘-

662 4661 807 4714 enim
853 4661 979 4730 quia
1031 4662 1158 4716 talia
1200 4662 1537 4718 declinamus
1557 4672 1610 4719 et
1632 4663 2064 4736 fugimus):sed
2091 4667 2241 4723 inve-

663 4751 839 4817 niens,
867 4766 968 4807 nos
997 4752 1194 4809 habere
1218 4753 1490 4822 propriam
1547 4753 1877 4808 voluntatem
1932 4754 2238 4824 propriam-

659 4855 768 4909 que
791 4840 1080 4910 justitiam,
1117 4841 1314 4912 quan-it
1341 4857 1448 4898 nos
1471 4842 1697 4897 callidus
1723 4856 1847 4897 eum
1891 4855 1954 4896 ea
1981 4843 2085 4898 sub
2136 4844 2241 4900 ali-

659 4949 769 5003 quo
801 4933 1326 5005 rationis,praetextu
1361 4935 1626 5004 decipere.
1660 4932 1814 4988 Unde
1837 4949 2054 4991 rursum
2105 4934 2243 4991 dici-

661 5032 786 5078 tur:
843 5021 1054 5080 Pravus
1099 5034 1222 5080 tunc
1278 5025 1417 5080 male
1468 5026 1600 5094 agit,
1632 5040 1750 5078 cum
1769 5022 2050 5096 justitiam
2079 5027 2242 5079 eoad-

659 5111 841 5166 miscet
871 5123 922 5168 ιι.
962 5113 1168 5190 Prayus
1199 5114 1449 5169 diabolus
1480 5121 1583 5177 est,
1643 5122 1770 5167 tunc
1825 5121 2003 5167 autem
2051 5128 2244 5183 perpe-

658 5216 777 5258 ram
807 5205 1355 5275 agitcumjustitiam
1391 5205 1656 5260 admiscet
1710 5203 1936 5273 justitiae
1995 5212 2239 5259 nostrae:

661 5305 791 5350 tunc
830 5297 976 5352 enim
1029 5298 1222 5352 fortior
1250 5307 1352 5361 est,
1389 5307 1517 5352 tunc
1547 5296 1719 5367 magis
1750 5305 1926 5362 nocet,
1965 5305 2094 5350 tunc
2117 5312 2240 5352 am-

657 5390 800 5460 plius
824 5400 1100 5460 operatur.
1140 5391 1275 5443 Cum
1325 5390 1468 5444 enim
1512 5401 1820 5459 perstamus
1857 5388 1912 5442 in
1961 5386 2238 5443 voluntate

657 5499 867 5552 nostra,
899 5497 954 5544 et
982 5487 1348 5555 nosmetipsos
1393 5487 1618 5557 justitiis
1665 5485 1868 5541 nostris
1898 5483 2237 5553 instituimus

654 5586 712 5633 et
735 5578 1117 5641 informamus,
1171 5588 1298 5632 tunc
1339 5579 1440 5636 sub
1465 5585 1723 5646 praetextu
1755 5575 1858 5629 hoc
1891 5575 2020 5629 boni
2076 5574 2237 5629 nobis

656 5669 894 5725 maxime
943 5669 1291 5737 insidiamur,
1347 5684 1450 5724 nec
1479 5668 1731 5723 novimus
1782 5682 1891 5736 quo
1939 5676 2098 5737 pacto
2131 5667 2236 5737 ipsi

728 5811 748 5840 '
781 5805 954 5862 Eccle.
987 5808 1194 5872 2:11.13.
1275 5811 1293 5845 τ
1320 5807 1480 5862 Prov.
1517 5824 1588 5874 xl,
1632 5809 1709 5862 14.

2378 577 2631 644 ἐντολὰς
2649 578 2838 633 αὐτοῦ
2861 579 3157 648 φύλαξον,
3180 580 3267 634 ὅτι
3290 583 3464 638 τοῦτο
3486 586 3762 643 ἀπαιτεῖται
3783 609 3826 642 :n

2377 669 2708 738 ἅνθρωπος.

2905 787 3318 841 ΔΙΔΔΣΚΑΛΙΔ
3356 791 3430 843 Ε⁹.

2376 898 2518 969 Περὶ
2572 900 2679 954 τοῦ
2726 900 2812 970 μὴ
2861 904 3128 971 ὀφείλειν
3169 907 3318 979 τινὰ
3373 909 3622 978 στειχεῖν
3673 910 3736 979 τῇ
3787 915 3826 966 ίέ

3026 977 3299 1030 συνέσει.

2444 1067 2525 1121 A'.
2582 1065 2670 1121 Ἐν
2698 1071 2820 1132 ταῖς
2845 1069 3174 1140 Παροιμίαις
3204 1071 3386 1140 λέγει’
3437 1067 3534 1138 Οἷς
3564 1073 3639 1143 μὴ
3674 1075 3826 1143 ὑπείη

2374 1160 2757 1229 κυϐέρνησις,
2811 1162 3104 1215 πίπτουσιν
3133 1162 3322 1234 ὥσπερ
3354 1165 3562 1233 φύλλαο
3604 1169 3816 1237 σωτηρία

2375 1253 2613 1322 ὑπάρχει
2648 1255 2706 1305 ὲν
2735 1253 2902 1326 πολλῇ
2953 1255 3139 1327 βουλῇ.
3185 1256 3421 1311 Βλέπετε
3455 1259 3548 1328 τὴν
3587 1259 3826 1330 δύναμιν

2372 1341 2561 1412 λόγου,
2613 1345 2854 1415 ἀδελφοί.
2905 1348 3144 1400 Βλέπετε
3184 1350 3237 1400 τί
3279 1348 3519 1403 διδάσκει
3557 1353 3682 1420 ἡμᾶς
3717 1354 3746 1421 ἡ
3785 1353 3826 1404 ἀί

2371 1435 2412 1487 Γ
2419 1436 2590 1506 ραφή·
2623 1437 2982 1506 ἀσφαλίζεται
2999 1440 3165 1508 ἡμᾶς,
3190 1439 3274 1491 ἵνα
3296 1439 3368 1510 μὴ
3396 1441 3671 1511 στοιχῶμεν
3693 1443 3826 1494 tanta

2374 1526 2460 1580 ἵνα
2487 1527 2561 1598 μὴ
2585 1527 2796 1596 ἔχωμεν
2833 1529 3060 1592 ἑαυτοὺς
3091 1532 3366 1593 συνετοὺς,
3395 1531 3481 1584 ἵνα
3511 1532 3578 1600 μὴ
3599 1532 3826 1602 πιστεύω]

2368 1618 2450 1672 ὅτι
2475 1619 2751 1689 δυνάμεθα
2772 1620 2999 1684 ἑαυτοὺς
3037 1620 3325 1692 διοικῆσαι.
3353 1623 3629 1694 Χρῄςομεν
3661 1622 3826 1694 βοηθεῖ

2368 1712 2643 1783 χρῄζομεν
2669 1713 2778 1766 τῶν
2812 1715 2954 1784 μετὰ
2993 1714 3126 1768 Θεὸν
3161 1716 3551 1786 κυϐερνώντων
3581 1720 3732 1788 ἡμᾶς.
3763 1720 3826 1771 Οὐ

965 1809 975 1868 ’_
1004 1775 1172 1878 limi:
1193 1776 1278 1878 cf?
1336 1775 1724 1878 "'Aigsefal‘imusf
1782 1775 1858 1826 nil
1903 1776 2049 1878 quoii
2105 1775 2266 1831 cuius
2295 1855 2337 1878 η
2535 1775 2879 1876 ἀθλιώτερον,
2905 1804 3058 1858 οὐδὲν
3083 1775 3480 1878 εὑαλωτύτερον
3499 1775 3683 1878 τῶνιμὴ
3701 1810 3826 1877 ἐχόνε

677 1858 977 1927 expugnari
1013 1869 1180 1927 queat
1219 1860 1302 1914 bis
1325 1859 1418 1929 qui
1472 1861 1651 1917 nullos
1685 1861 1874 1926 duces,
1927 1867 2107 1921 nullos
2162 1884 2263 1923 au—
2294 1855 2338 1910 Β

2363 1897 2484 1950 τινὰ
2521 1897 2817 1967 ὁδηγοῦντα
2839 1899 3036 1963 αὐτοὺς
3077 1901 3156 1962 είς
3189 1899 3286 1970 τὴν
3307 1901 3424 1954 ὁδὸν
3450 1900 3542 1954 τοῦ
3566 1901 3709 1955 Θεοῦ.
3734 1902 3794 1954 Τί
3819 1920 3826 1930 ·

2363 1989 2542 2057 λέγεις
2607 1987 2710 2056 Οἷς
2743 1991 2830 2061 μὴ
2877 1992 3136 2062 ὑπάρχει
3179 1993 3570 2062 κυϐέρνησις,
3613 1992 3825 2049 πίπτου

2361 2081 2564 2151 ὥσπερ
2597 2084 2824 2152 φύλλα.
2850 2083 2925 2138 Τὸ
2948 2084 3145 2152 φύλλον
3173 2085 3230 2152 ἐξ
3263 2085 3438 2156 ἀρχῆς
3461 2088 3546 2140 ἀεί
3571 2089 3678 2140 ἐστι
3704 2088 3826 2159 χλωι

2363 2173 2609 2236 εὐθαλὲς,
2642 2175 2898 2245 τερπνὸν,
2937 2169 3060 2229 εἶτα
3089 2174 3233 2229 κατά
3269 2177 3465 2246 μικρὸν
3496 2178 3796 2249 ξηραίνεται

2363 2266 2552 2319 πίπτει
2570 2280 2584 2293 ⁸
2616 2266 2711 2318 καὶ
2737 2266 2922 2320 λοιπὸν
2952 2271 3380 2338 περιφρονεῖται,
3405 2270 3498 2322 καὶ
3525 2276 3826 2326 καταπατεῖ·

2364 2355 2550 2420 Οὕτως
2584 2356 2704 2409 ἐστὶ
2736 2357 2832 2410 καὶ
2858 2359 2886 2410 6
2916 2356 3203 2428 ἄνθρωπος
3235 2360 3263 2410 ὁ
3295 2360 3370 2430 μὴ
3401 2362 3802 2434 κυϐερνώμενος

2361 2465 2525 2512 τινος.
2568 2447 2659 2513 Ἐξ
2688 2449 2862 2520 ἀρχῆς
2897 2449 2998 2520 μὲν
3031 2451 3120 2504 ἀεὶ
3161 2449 3274 2520 ἔχει
3306 2451 3516 2523 θέρμην
3549 2455 3622 2518 είς
3665 2471 3821 2526 νηστε

2363 2543 2444 2602 εἰς
2474 2541 2802 2608 ἀγρυπνίαν,
2836 2543 2918 2605 είς
2950 2543 3202 2613 ἡσυχίαν,
3253 2546 3335 2607 είς
3383 2545 3646 2616 ὑπακοὴν,
3681 2550 3757 2610 είς
3802 2549 3826 2601 ἂ

2362 2633 2484 2684 τινὰ
2514 2632 2730 2700 ἀγαθά·
2785 2627 2906 2685 εἶτα
2937 2633 3079 2702 μετά
3111 2635 3307 2706 μικρὸν
3334 2637 3432 2706 τῆς
3473 2636 3679 2709 θέρμης
3721 2641 3826 2692 ἐκεί

2365 2723 2730 2794 σϐεννυμένης
2759 2726 2852 2778 καὶ
2889 2728 2963 2796 μὴ
3011 2725 3226 2795 ἔχοντος
3268 2728 3432 2782 αὑτοῦ
3463 2729 3550 2782 τὸν
3592 2732 3826 2801 κυϐερνᾶ

2360 2815 2545 2880 αὑτὸν,
2577 2815 2666 2869 τὸν
2694 2816 2976 2870 πιαίνοντα
3009 2819 3102 2871 καὶ
3134 2816 3438 2882 ἐξάπτοντα
3469 2821 3568 2891 τὴν
3603 2821 3812 2893 θέρμην

2361 2906 2476 2971 τοῦ,
2513 2904 2823 2978 ξηραίνεται
2856 2905 3028 2971 οὑτως
3078 2909 3529 2983 ἀνεπαισθήτως,
3586 2916 3682 2967 καὶ
3726 2914 3826 2967 πίτς

2361 2999 2456 3050 καὶ
2502 2999 2711 3065 γίνεται
2760 2998 2948 3052 λοιπὸν
2996 3001 3308 3071 ὑποχείριος
3358 3004 3472 3066 τοῖς
3531 3003 3787 3074 ἐχθροῖς,

2361 3088 2607 3143 ποιοῦσιν
2637 3091 2717 3153 είς
2746 3090 2912 3144 αὑτὸν
2938 3091 3066 3144 εἴτι
3095 3091 3333 3147 θέλουσι.
3370 3094 3509 3164 Περὶ
3528 3094 3585 3148 δὲ
3628 3096 3738 3149 τῶν
3779 3096 3826 3162 ἐξ

2287 3181 2329 3241 C
2363 3180 2658 3249 γελλόντων
2689 3183 2754 3235 τὰ
2785 3183 2907 3236 καθ’
2941 3184 3189 3250 ἑαυτοὺς,
3221 3186 3315 3239 καὶ
3353 3189 3490 3254 μετὰ
3525 3187 3721 3258 βουλῆς
3771 3207 3826 3242 πί

2354 3268 2688 3338 ποιούντων,
2736 3269 2922 3339 λέγει,
2974 3273 3240 3340 Σωτηρία
3295 3272 3552 3343 ὑπάρχει
3611 3277 3682 3329 ἐν
3741 3290 3820 3328 πο

2347 3361 2576 3432 βουλῇ.
2605 3364 2678 3417 Οὐ
2709 3362 2858 3432 λέγει
2889 3362 3056 3435 πολλῇ
3089 3363 3274 3435 βουλῇ,
3307 3363 3382 3429 ὡς
3415 3367 3504 3419 ἵνα
3537 3368 3681 3436 μετὰ
3712 3369 3825 3422 ἑκά

2353 3452 2703 3524 βουλεύεται·
2747 3454 2904 3526 δῆλον
2937 3456 3021 3508 ὅτι
3055 3456 3174 3526 μεθ’
3207 3451 3268 3510 οὗ
3297 3457 3503 3527 ὀφείλει
3532 3458 3686 3529 ἔχειν
3737 3460 3826 3512 πλ·

2352 3547 2568 3618 φορίαν,
2595 3549 2690 3601 καὶ
2715 3547 2784 3600 τὰ
2811 3547 2909 3616 μὲν
2931 3551 3162 3619 σιωπᾷν,
3189 3549 3256 3603 τὰ
3281 3549 3337 3603 δὲ
3370 3551 3571 3620 λέγειν,
3605 3550 3747 3605 ἀλλά
3773 3571 3826 3604 πί

2351 3635 2700 3705 ἐξαγγέλλει,
2753 3636 2848 3690 καὶ
2903 3638 2982 3699 εἰς
3038 3638 3216 3692 πάντα
3274 3637 3616 3707 βουλεύεται.
3693 3638 3788 3710 Τῷ

2350 3729 2576 3799 τοιούτῳ
2617 3729 2860 3800 ἀκριϐῶς
2903 3730 3148 3800 σωτηρία
3183 3730 3415 3802 ὑπάρχει
3454 3733 3512 3784 ἐν
3544 3730 3722 3804 πολλῇ
3762 3732 3825 3802 βο

2365 3817 2490 3870 Ἐὰν
2518 3816 2626 3886 γὰρ
2674 3817 2750 3888 μὴ
2796 3817 2973 3872 πάντα
3022 3819 3334 3872 ἀνατίθεται
3379 3818 3678 3891 ἄνθρωπος
3723 3821 3798 3873 τὰ

2352 3905 2563 3970 ἑαυτὸν,
2607 3905 2700 3959 καὶ
2730 3906 2963 3976 μάλιστα
2994 3907 3089 3960 ἐὰν
3117 3907 3314 3979 εὑρεθῇ
3346 3925 3429 3971 τις
3455 3909 3570 3962 ἀπὸ
3601 3910 3798 3977 κακῆς

2351 3995 2560 4067 ηθείας,
2581 3997 2613 4067 ἢ
2638 3998 2732 4051 καὶ
2759 3998 3090 4070 ἀνατροφῆς,
3117 4000 3359 4070 εὑρίσκει
3387 4000 3416 4053 ὁ
3435 4000 3694 4064 διάϐολος
3725 4004 3787 4054 ἐν
3812 4019 3826 4054 ι

2350 4088 2408 4141 ἓν
2443 4088 2675 4160 θέλημα,
2709 4090 2742 4160 ἢ
2773 4089 2829 4143 ἒν
2855 4089 3151 4160 δικαίωμα,
3181 4093 3276 4144 καὶ
3307 4091 3374 4144 δι’
3406 4091 3579 4146 αὑτοῦ
3607 4093 3826 4146 καταϐέ

2349 4183 2534 4240 αὑτόν.
2567 4183 2736 4238 Ὅταν
2762 4182 2871 4254 γάρ
2899 4182 3087 4253 βλέπει
3120 4185 3148 4235 6
3171 4182 3412 4248 διάϐολός
3440 4201 3566 4237 τινα
3612 4183 3696 4255 μὴ
3731 4184 3826 4238 θέλ

2350 4276 2688 4345 ἀμαρτῆσαι,
2737 4276 2836 4346 οὐχ
2883 4273 3056 4338 οὕτως
3106 4275 3253 4327 ἐστὶν
3291 4276 3469 4344 ἀφυὴς
3513 4276 3657 4346 περὶ
3689 4276 3759 4328 τὸ
3798 4294 3826 4328 κ

2350 4366 2596 4437 ποιῆσαι,
2640 4365 2781 4419 ὥστε
2814 4365 3136 4418 ὑποϐάλλειν
3171 4364 3339 4435 αὐτῷ,
3384 4364 3561 4428 οὕτως
3620 4365 3826 4437 ἀφαιρέ

2348 4457 2457 4510 τῶν
2484 4457 2774 4528 προφανῶν
2803 4456 3237 4527 ἁμαρτημάτων,
3260 4457 3320 4508 οὑ
3343 4455 3488 4526 λέγει
3522 4457 3692 4526 αὑτῷ
3708 4458 3826 4509 "Tr.

2350 4549 2648 4622 πόρνευσον
2675 4565 2688 4579 ·
2725 4547 2865 4611 οὑδὲ,
2900 4547 3140 4615 Ὕπαγε,
3176 4545 3397 4616 κλέψον.
3441 4541 3569 4599 Οἵδε
3623 4548 3749 4616 γὰρ
3788 4548 3825 4599 ὃ

2347 4644 2576 4715 θέλομεν
2605 4640 2777 4696 ταῦτα
2804 4659 2817 4674 ·
2871 4641 2966 4694 καὶ
3007 4642 3106 4693 οὐκ
3138 4640 3389 4709 ἀνέχεται
3416 4641 3552 4709 ἡμῖν
3584 4641 3788 4692 εἰπεῖν

2348 4733 2575 4804 θέλομεν
2601 4749 2614 4763 ·
2662 4731 2797 4784 ἀλλά
2829 4731 3072 4801 εὑρίσκει
3101 4731 3245 4801 ἡμᾶς
3275 4729 3517 4800 ἔχοντας,
3567 4731 3653 4794 ὼς
3689 4727 3826 4784 εἶπο

2348 4823 2581 4894 θέλημα,
2627 4822 2660 4894 ἢ
2707 4819 2766 4876 ἓν
2808 4819 3103 4890 δικαίωμα,
3161 4820 3255 4873 καὶ
3298 4819 3364 4872 δι’
3393 4821 3620 4873 ἐκείνου
3672 4821 3826 4891 μετὰ

2347 4913 2766 4984 εὑλογοφανείας
2815 4910 3040 4982 βλάπτει
3090 4913 3238 4983 ἡμᾶς
3271 4930 3283 4942 ι
3357 4911 3478 4965 ὃθεν
3527 4911 3722 4965 πάλιν
3780 4912 3826 4964 λι

2344 5007 2618 5077 Πονηρὸς
2649 5005 2977 5069 κακοποιεῖ,
3009 5005 3155 5060 ὅταν
3188 5005 3456 5074 συμμίξῃ
3496 5005 3826 5074 δικαίωμα

2346 5097 2579 5169 πονηρός
2605 5100 2753 5150 ἐστιν
2780 5098 2808 5148 ὁ
2838 5096 3106 5161 διάϐολος,
3133 5097 3254 5149 τότε
3282 5096 3339 5149 δὲ
3366 5094 3801 5167 κακοποιῆσαι,

2347 5189 2596 5261 συμμίξῃ
2631 5187 2924 5259 δικαίωμα,
2955 5187 3098 5241 τοῦτ’
3127 5189 3244 5240 ἔστι
3271 5186 3350 5258 τῷ
3381 5188 3750 5259 δικαιώματι
3787 5193 3825 5260 ὴ

2344 5281 2477 5334 Τότε
2528 5279 2638 5352 γὰρ
2682 5279 2842 5332 πλέον
2902 5279 3094 5350 ίσχύει,
3148 5279 3270 5332 τότε
3308 5277 3471 5331 πλέον
3505 5278 3803 5350 βλάπτει,

2340 5374 2502 5426 πλέον
2553 5375 2784 5445 ἐνεργεῖ.
2827 5371 2998 5426 ’Ὀταν
3037 5371 3146 5442 γὰρ
3187 5370 3481 5443 κρατῶμεν
3515 5371 3585 5426 τὸ
3635 5371 3826 5439 ἴδιον,

2343 5463 2644 5537 στοιχῶμεν
2680 5467 2792 5528 τοῖς
2825 5461 3188 5534 δικαιώμασιν
3227 5463 3406 5534 ἡμῶν,
3442 5463 3570 5515 τότε
3621 5461 3826 5516 λοιπὸη

2339 5563 2504 5619 καλὸν
2551 5567 2786 5635 πρᾶγμα
2837 5563 3149 5629 ποιοῦντες,
3200 5564 3427 5627 ἑαυτοὺς
3471 5563 3826 5618 ἐπιϐουλεύι

2340 5665 2435 5720 καὶ
2473 5665 2595 5720 οὔτε
2633 5664 2856 5736 οἴδαμεν
2886 5665 3003 5727 πῶς
3041 5663 3411 5734 ἀπολλύμεθα.
3450 5663 3588 5728 Πῶς
3627 5663 3762 5736 γὰρ
3811 5665 3826 5717 ἑ

1793 5820 1814 5847 ιι
1845 5807 1973 5863 ibid.
2006 5807 2071 5861 i5
2099 5821 2208 5862 sec.
2239 5804 2401 5862 LXX.
