  <div class='ocr_page' id='page_1' title='image "/cluster/home/n/w/nwhite01/storage/ocr_20150623/88/coo.31924054869924/857.png"; bbox 0 0 4020 6418; ppageno 0'>
   <div class='ocr_carea' id='block_1_1' title="bbox 682 351 820 417">
    <p class='ocr_par' dir='ltr' id='par_1_1' title="bbox 682 351 820 417">
     <span class='ocr_line' id='line_1_1' title="bbox 682 351 820 417; baseline 0.014 -2"><span class='ocrx_word' id='word_1_1' title='bbox 682 351 820 417; x_wconf 68' lang='grc' dir='ltr'><strong>ιῦἷθ</strong></span> 
     </span>
    </p>
   </div>
   <div class='ocr_carea' id='block_1_2' title="bbox 1886 339 2731 406">
    <p class='ocr_par' dir='ltr' id='par_1_2' title="bbox 1886 339 2731 406">
     <span class='ocr_line' id='line_1_2' title="bbox 1886 339 2731 406; baseline -0.002 0"><span class='ocrx_word' id='word_1_2' title='bbox 1886 350 1950 406; x_wconf 88' lang='lat' dir='ltr'><strong>S.</strong></span> <span class='ocrx_word' id='word_1_3' title='bbox 1987 339 2379 405; x_wconf 82' lang='lat' dir='ltr'><strong>DOROTHEI</strong></span> <span class='ocrx_word' id='word_1_4' title='bbox 2411 341 2731 405; x_wconf 83' lang='lat' dir='ltr'><strong>ABBATIS</strong></span> 
     </span>
    </p>
   </div>
   <div class='ocr_carea' id='block_1_3' title="bbox 671 440 3789 523">
    <p class='ocr_par' dir='ltr' id='par_1_3' title="bbox 671 440 3789 523">
     <span class='ocr_line' id='line_1_3' title="bbox 671 440 3789 523; baseline -0.005 -5"><span class='ocrx_word' id='word_1_5' title='bbox 671 460 911 518; x_wconf 75' lang='lat' dir='ltr'><strong>Salutem</strong></span> <span class='ocrx_word' id='word_1_6' title='bbox 959 461 1247 517; x_wconf 73' lang='lat' dir='ltr'><strong>consistere</strong></span> <span class='ocrx_word' id='word_1_7' title='bbox 1284 459 1339 514; x_wconf 83' lang='lat' dir='ltr'><strong>in</strong></span> <span class='ocrx_word' id='word_1_8' title='bbox 1392 458 1559 514; x_wconf 83' lang='lat' dir='ltr'><strong>multo</strong></span> <span class='ocrx_word' id='word_1_9' title='bbox 1602 456 1822 512; x_wconf 79' lang='lat' dir='ltr'><strong>consilio</strong></span> <span class='ocrx_word' id='word_1_10' title='bbox 1843 461 1892 513; x_wconf 74' lang='grc' dir='ltr'><strong>ι.</strong></span> <span class='ocrx_word' id='word_1_11' title='bbox 1945 454 2104 523; x_wconf 84' lang='lat' dir='ltr'><strong>Quod</strong></span> <span class='ocrx_word' id='word_1_12' title='bbox 2159 471 2293 512; x_wconf 84' lang='lat' dir='ltr'><strong>sane</strong></span> <span class='ocrx_word' id='word_1_13' title='bbox 2341 456 2508 512; x_wconf 84' lang='lat' dir='ltr'><strong>uellet</strong></span> <span class='ocrx_word' id='word_1_14' title='bbox 2563 454 2843 510; x_wconf 84' lang='lat' dir='ltr'><strong>inimicus.</strong></span> <span class='ocrx_word' id='word_1_15' title='bbox 2896 450 3003 509; x_wconf 83' lang='lat' dir='ltr'><strong>Sed</strong></span> <span class='ocrx_word' id='word_1_16' title='bbox 3050 440 3291 507; x_wconf 78' lang='lat' dir='ltr'><strong>maxime</strong></span> <span class='ocrx_word' id='word_1_17' title='bbox 3342 449 3469 505; x_wconf 87' lang='lat' dir='ltr'><strong>odio</strong></span> <span class='ocrx_word' id='word_1_18' title='bbox 3516 447 3708 516; x_wconf 87' lang='lat' dir='ltr'><strong>habet,</strong></span> <span class='ocrx_word' id='word_1_19' title='bbox 3757 464 3789 503; x_wconf 88' lang='grc' dir='ltr'><strong>υ</strong></span> 
     </span>
    </p>
   </div>
   <div class='ocr_carea' id='block_1_4' title="bbox 663 543 3788 626">
    <p class='ocr_par' dir='ltr' id='par_1_4' title="bbox 663 543 3788 626">
     <span class='ocr_line' id='line_1_4' title="bbox 663 543 3788 626; baseline -0.004 -18"><span class='ocrx_word' id='word_1_20' title='bbox 663 556 758 625; x_wconf 83' lang='lat' dir='ltr'><strong>qui</strong></span> <span class='ocrx_word' id='word_1_21' title='bbox 809 570 1026 626; x_wconf 81' lang='lat' dir='ltr'><strong>semper</strong></span> <span class='ocrx_word' id='word_1_22' title='bbox 1085 564 1237 626; x_wconf 88' lang='lat' dir='ltr'><strong>optat</strong></span> <span class='ocrx_word' id='word_1_23' title='bbox 1292 552 1658 620; x_wconf 84' lang='lat' dir='ltr'><strong>malefacere;</strong></span> <span class='ocrx_word' id='word_1_24' title='bbox 1701 561 1758 609; x_wconf 90' lang='lat' dir='ltr'><strong>ct</strong></span> <span class='ocrx_word' id='word_1_25' title='bbox 1811 552 1898 607; x_wconf 85' lang='lat' dir='ltr'><strong>his</strong></span> <span class='ocrx_word' id='word_1_26' title='bbox 1930 552 2169 610; x_wconf 79' lang='lat' dir='ltr'><strong>maxime</strong></span> <span class='ocrx_word' id='word_1_27' title='bbox 2215 551 2628 624; x_wconf 85' lang='lat' dir='ltr'><strong>congratulatur</strong></span> <span class='ocrx_word' id='word_1_28' title='bbox 2669 550 2762 621; x_wconf 91' lang='lat' dir='ltr'><strong>qui</strong></span> <span class='ocrx_word' id='word_1_29' title='bbox 2803 548 2942 605; x_wconf 87' lang='lat' dir='ltr'><strong>duce</strong></span> <span class='ocrx_word' id='word_1_30' title='bbox 2968 556 3157 605; x_wconf 85' lang='lat' dir='ltr'><strong>carent</strong></span> <span class='ocrx_word' id='word_1_31' title='bbox 3207 555 3263 602; x_wconf 91' lang='lat' dir='ltr'><strong>et</strong></span> <span class='ocrx_word' id='word_1_32' title='bbox 3295 546 3671 617; x_wconf 81' lang='lat' dir='ltr'><strong>gubernatore,</strong></span> <span class='ocrx_word' id='word_1_33' title='bbox 3700 543 3788 615; x_wconf 98' lang='lat' dir='ltr'><strong>qui</strong></span> 
     </span>
    </p>
   </div>
   <div class='ocr_carea' id='block_1_5' title="bbox 667 645 1082 701">
    <p class='ocr_par' dir='ltr' id='par_1_5' title="bbox 667 645 1082 701">
     <span class='ocr_line' id='line_1_5' title="bbox 667 645 1082 701; baseline 0 -1"><span class='ocrx_word' id='word_1_34' title='bbox 667 646 780 701; x_wconf 73' lang='lat' dir='ltr'><strong>alia</strong></span> <span class='ocrx_word' id='word_1_35' title='bbox 810 645 1082 700; x_wconf 78' lang='lat' dir='ltr'><strong>decidunt.</strong></span> 
     </span>
    </p>
   </div>
   <div class='ocr_carea' id='block_1_6' title="bbox 744 723 2331 797">
    <p class='ocr_par' dir='ltr' id='par_1_6' title="bbox 744 731 2331 796">
     <span class='ocr_line' id='line_1_6' title="bbox 744 731 2331 796; baseline -0.002 -5"><span class='ocrx_word' id='word_1_36' title='bbox 744 735 819 791; x_wconf 86' lang='lat' dir='ltr'><strong>Ill</strong></span> <span class='ocrx_word' id='word_1_37' title='bbox 904 736 1062 791; x_wconf 88' lang='lat' dir='ltr'><strong>Illum</strong></span> <span class='ocrx_word' id='word_1_38' title='bbox 1098 744 1282 790; x_wconf 88' lang='lat' dir='ltr'><strong>autem</strong></span> <span class='ocrx_word' id='word_1_39' title='bbox 1341 733 1578 790; x_wconf 79' lang='lat' dir='ltr'><strong>maxime</strong></span> <span class='ocrx_word' id='word_1_40' title='bbox 1599 733 1788 789; x_wconf 89' lang='lat' dir='ltr'><strong>dilexit</strong></span> <span class='ocrx_word' id='word_1_41' title='bbox 1816 731 2039 789; x_wconf 78' lang='lat' dir='ltr'><strong>fratrem</strong></span> <span class='ocrx_word' id='word_1_42' title='bbox 2075 732 2269 789; x_wconf 89' lang='lat' dir='ltr'><strong>diabo-</strong></span> <span class='ocrx_word' id='word_1_43' title='bbox 2296 737 2331 796; x_wconf 80' lang='grc' dir='ltr'><strong><em>Α</em></strong></span> 
     </span>
    </p>
   </div>
   <div class='ocr_carea' id='block_1_7' title="bbox 2206 723 3793 797">
    <p class='ocr_par' dir='ltr' id='par_1_7' title="bbox 2206 723 3793 797">
     <span class='ocr_line' id='line_1_7' title="bbox 2206 723 3793 797; baseline -0.009 -8"><span class='ocrx_word' id='word_1_44' title='bbox 2206 747 2269 789; x_wconf 89' lang='lat' dir='ltr'><strong>o-</strong></span> <span class='ocrx_word' id='word_1_45' title='bbox 2296 737 2346 797; x_wconf 76' lang='grc' dir='ltr'>Α</span> <span class='ocrx_word' id='word_1_46' title='bbox 2441 733 2516 787; x_wconf 74' lang='lat'><strong>1&quot;.</strong></span> <span class='ocrx_word' id='word_1_47' title='bbox 2561 731 2672 785; x_wconf 84' lang='grc' dir='ltr'><strong>Ἴδε</strong></span> <span class='ocrx_word' id='word_1_48' title='bbox 2701 729 2908 784; x_wconf 72' lang='grc' dir='ltr'>ἐκεῖνον</span> <span class='ocrx_word' id='word_1_49' title='bbox 2934 727 3024 782; x_wconf 74' lang='grc' dir='ltr'>τὸν</span> <span class='ocrx_word' id='word_1_50' title='bbox 3054 724 3284 797; x_wconf 77' lang='grc' dir='ltr'>ἀδελφὸν</span> <span class='ocrx_word' id='word_1_51' title='bbox 3314 726 3374 779; x_wconf 78' lang='grc' dir='ltr'>ὃν</span> <span class='ocrx_word' id='word_1_52' title='bbox 3399 724 3589 795; x_wconf 76' lang='grc' dir='ltr'>ἠγάπα</span> <span class='ocrx_word' id='word_1_53' title='bbox 3616 723 3644 776; x_wconf 87' lang='lat'><strong>6</strong></span> <span class='ocrx_word' id='word_1_54' title='bbox 3672 740 3793 777; x_wconf 86' lang='grc' dir='ltr'>ποντ</span> 
     </span>
    </p>
   </div>
   <div class='ocr_carea' id='block_1_8' title="bbox 679 825 2264 899">
    <p class='ocr_par' dir='ltr' id='par_1_8' title="bbox 679 825 2264 899">
     <span class='ocr_line' id='line_1_8' title="bbox 679 825 2264 899; baseline -0.003 -15"><span class='ocrx_word' id='word_1_55' title='bbox 679 830 785 896; x_wconf 88' lang='lat' dir='ltr'><strong>lus,</strong></span> <span class='ocrx_word' id='word_1_56' title='bbox 836 828 906 884; x_wconf 87' lang='lat' dir='ltr'><strong>de</strong></span> <span class='ocrx_word' id='word_1_57' title='bbox 955 843 1065 899; x_wconf 91' lang='lat' dir='ltr'><strong>quo</strong></span> <span class='ocrx_word' id='word_1_58' title='bbox 1094 827 1278 882; x_wconf 79' lang='lat' dir='ltr'><strong>abbati</strong></span> <span class='ocrx_word' id='word_1_59' title='bbox 1329 826 1567 882; x_wconf 82' lang='lat' dir='ltr'><strong>Macario</strong></span> <span class='ocrx_word' id='word_1_60' title='bbox 1593 825 1770 881; x_wconf 81' lang='lat' dir='ltr'><strong>dixit:</strong></span> <span class='ocrx_word' id='word_1_61' title='bbox 1807 844 1826 876; x_wconf 80' lang='grc' dir='ltr'><strong>ι</strong></span> <span class='ocrx_word' id='word_1_62' title='bbox 1863 825 2051 882; x_wconf 84' lang='lat' dir='ltr'><strong>Habeo</strong></span> <span class='ocrx_word' id='word_1_63' title='bbox 2090 841 2264 881; x_wconf 89' lang='lat' dir='ltr'><strong>unum</strong></span> 
     </span>
    </p>
   </div>
   <div class='ocr_carea' id='block_1_9' title="bbox 677 917 2269 990">
    <p class='ocr_par' dir='ltr' id='par_1_9' title="bbox 677 917 2269 990">
     <span class='ocr_line' id='line_1_9' title="bbox 677 917 2269 990; baseline -0.003 -14"><span class='ocrx_word' id='word_1_64' title='bbox 677 936 711 976; x_wconf 92' lang='lat' dir='ltr'><strong>e</strong></span> <span class='ocrx_word' id='word_1_65' title='bbox 759 920 1020 976; x_wconf 81' lang='lat' dir='ltr'><strong>fratribus</strong></span> <span class='ocrx_word' id='word_1_66' title='bbox 1070 920 1199 985; x_wconf 88' lang='lat' dir='ltr'><strong>tuis,</strong></span> <span class='ocrx_word' id='word_1_67' title='bbox 1225 933 1388 990; x_wconf 82' lang='lat' dir='ltr'><strong>quem</strong></span> <span class='ocrx_word' id='word_1_68' title='bbox 1433 917 1510 973; x_wconf 91' lang='lat' dir='ltr'><strong>uti</strong></span> <span class='ocrx_word' id='word_1_69' title='bbox 1543 918 1815 977; x_wconf 85' lang='lat' dir='ltr'><strong>turbinem</strong></span> <span class='ocrx_word' id='word_1_70' title='bbox 1847 932 1973 974; x_wconf 89' lang='lat' dir='ltr'><strong>cum</strong></span> <span class='ocrx_word' id='word_1_71' title='bbox 2002 917 2127 972; x_wconf 87' lang='lat' dir='ltr'><strong>volo</strong></span> <span class='ocrx_word' id='word_1_72' title='bbox 2147 932 2269 972; x_wconf 86' lang='lat' dir='ltr'><strong>ver-</strong></span> 
     </span>
    </p>
   </div>
   <div class='ocr_carea' id='block_1_10' title="bbox 682 1008 2269 1083">
    <p class='ocr_par' dir='ltr' id='par_1_10' title="bbox 682 1008 2269 1083">
     <span class='ocr_line' id='line_1_10' title="bbox 682 1008 2269 1083; baseline -0.004 -14"><span class='ocrx_word' id='word_1_73' title='bbox 682 1028 768 1069; x_wconf 87' lang='lat' dir='ltr'><strong>so.</strong></span> <span class='ocrx_word' id='word_1_74' title='bbox 806 1031 826 1065; x_wconf 74' lang='grc' dir='ltr'><strong>ι</strong></span> <span class='ocrx_word' id='word_1_75' title='bbox 886 1010 1047 1067; x_wconf 71' lang='lat' dir='ltr'><strong>Tales</strong></span> <span class='ocrx_word' id='word_1_76' title='bbox 1102 1011 1296 1083; x_wconf 75' lang='lat' dir='ltr'><strong>diligit,</strong></span> <span class='ocrx_word' id='word_1_77' title='bbox 1370 1018 1536 1081; x_wconf 90' lang='lat' dir='ltr'><strong>atque</strong></span> <span class='ocrx_word' id='word_1_78' title='bbox 1569 1009 1655 1065; x_wconf 89' lang='lat' dir='ltr'><strong>his</strong></span> <span class='ocrx_word' id='word_1_79' title='bbox 1684 1008 1923 1066; x_wconf 80' lang='lat' dir='ltr'><strong>maxime</strong></span> <span class='ocrx_word' id='word_1_80' title='bbox 1949 1008 2269 1076; x_wconf 89' lang='lat' dir='ltr'><strong>delectatur,</strong></span> 
     </span>
    </p>
   </div>
   <div class='ocr_carea' id='block_1_11' title="bbox 674 1099 2268 1176">
    <p class='ocr_par' dir='ltr' id='par_1_11' title="bbox 674 1099 2268 1176">
     <span class='ocr_line' id='line_1_11' title="bbox 674 1099 2268 1176; baseline -0.004 -16"><span class='ocrx_word' id='word_1_81' title='bbox 674 1105 772 1176; x_wconf 91' lang='lat' dir='ltr'><strong>qui</strong></span> <span class='ocrx_word' id='word_1_82' title='bbox 826 1105 944 1160; x_wconf 89' lang='lat' dir='ltr'><strong>sine</strong></span> <span class='ocrx_word' id='word_1_83' title='bbox 998 1102 1141 1159; x_wconf 85' lang='lat' dir='ltr'><strong>duce</strong></span> <span class='ocrx_word' id='word_1_84' title='bbox 1200 1110 1371 1168; x_wconf 83' lang='lat' dir='ltr'><strong>sunt;</strong></span> <span class='ocrx_word' id='word_1_85' title='bbox 1443 1116 1555 1157; x_wconf 90' lang='lat' dir='ltr'><strong>non</strong></span> <span class='ocrx_word' id='word_1_86' title='bbox 1597 1100 1685 1157; x_wconf 90' lang='lat' dir='ltr'><strong>his</strong></span> <span class='ocrx_word' id='word_1_87' title='bbox 1724 1101 1820 1172; x_wconf 89' lang='lat' dir='ltr'><strong>qui</strong></span> <span class='ocrx_word' id='word_1_88' title='bbox 1865 1114 1988 1157; x_wconf 87' lang='lat' dir='ltr'><strong>sese</strong></span> <span class='ocrx_word' id='word_1_89' title='bbox 2033 1099 2268 1156; x_wconf 81' lang='lat' dir='ltr'><strong>submit-</strong></span> 
     </span>
    </p>
   </div>
   <div class='ocr_carea' id='block_1_12' title="bbox 671 1193 2269 1267">
    <p class='ocr_par' dir='ltr' id='par_1_12' title="bbox 671 1193 2269 1267">
     <span class='ocr_line' id='line_1_12' title="bbox 671 1193 2269 1267; baseline -0.004 -14"><span class='ocrx_word' id='word_1_90' title='bbox 671 1205 792 1253; x_wconf 91' lang='lat' dir='ltr'><strong>tunt</strong></span> <span class='ocrx_word' id='word_1_91' title='bbox 846 1196 898 1252; x_wconf 91' lang='lat' dir='ltr'><strong>ei</strong></span> <span class='ocrx_word' id='word_1_92' title='bbox 960 1196 1058 1267; x_wconf 89' lang='lat' dir='ltr'><strong>qui</strong></span> <span class='ocrx_word' id='word_1_93' title='bbox 1117 1204 1238 1266; x_wconf 87' lang='lat' dir='ltr'><strong>post</strong></span> <span class='ocrx_word' id='word_1_94' title='bbox 1280 1193 1451 1250; x_wconf 88' lang='lat' dir='ltr'><strong>Deum</strong></span> <span class='ocrx_word' id='word_1_95' title='bbox 1495 1193 1763 1250; x_wconf 81' lang='lat' dir='ltr'><strong>auxilium</strong></span> <span class='ocrx_word' id='word_1_96' title='bbox 1789 1201 2049 1265; x_wconf 69' lang='lat' dir='ltr'><strong>praestare</strong></span> <span class='ocrx_word' id='word_1_97' title='bbox 2075 1201 2269 1263; x_wconf 90' lang='lat' dir='ltr'><strong>potens</strong></span> 
     </span>
    </p>
   </div>
   <div class='ocr_carea' id='block_1_13' title="bbox 578 1284 2267 1357">
    <p class='ocr_par' dir='ltr' id='par_1_13' title="bbox 578 1284 2267 1357">
     <span class='ocr_line' id='line_1_13' title="bbox 578 1284 2267 1357; baseline -0.004 -12"><span class='ocrx_word' id='word_1_98' title='bbox 578 1324 583 1328; x_wconf 93' lang='lat'><strong><em>-</em></strong></span> <span class='ocrx_word' id='word_1_99' title='bbox 670 1297 778 1356; x_wconf 87' lang='lat' dir='ltr'><strong>est,</strong></span> <span class='ocrx_word' id='word_1_100' title='bbox 809 1297 863 1344; x_wconf 90' lang='lat' dir='ltr'><strong>et</strong></span> <span class='ocrx_word' id='word_1_101' title='bbox 895 1303 1119 1343; x_wconf 87' lang='lat' dir='ltr'><strong>manum</strong></span> <span class='ocrx_word' id='word_1_102' title='bbox 1152 1286 1304 1343; x_wconf 78' lang='lat' dir='ltr'><strong>dare.</strong></span> <span class='ocrx_word' id='word_1_103' title='bbox 1334 1286 1520 1357; x_wconf 80' lang='lat' dir='ltr'><strong>Neque</strong></span> <span class='ocrx_word' id='word_1_104' title='bbox 1546 1286 1697 1341; x_wconf 87' lang='lat' dir='ltr'><strong>enim</strong></span> <span class='ocrx_word' id='word_1_105' title='bbox 1726 1285 1977 1342; x_wconf 83' lang='lat' dir='ltr'><strong>diabolus</strong></span> <span class='ocrx_word' id='word_1_106' title='bbox 2018 1284 2108 1340; x_wconf 89' lang='lat' dir='ltr'><strong>ille</strong></span> <span class='ocrx_word' id='word_1_107' title='bbox 2130 1300 2267 1339; x_wconf 86' lang='lat' dir='ltr'><strong>cun-</strong></span> 
     </span>
    </p>
   </div>
   <div class='ocr_carea' id='block_1_14' title="bbox 671 1375 2263 1446">
    <p class='ocr_par' dir='ltr' id='par_1_14' title="bbox 671 1375 2263 1446">
     <span class='ocr_line' id='line_1_14' title="bbox 671 1375 2263 1446; baseline -0.003 -13"><span class='ocrx_word' id='word_1_108' title='bbox 671 1386 790 1434; x_wconf 82' lang='lat' dir='ltr'><strong>ctos</strong></span> <span class='ocrx_word' id='word_1_109' title='bbox 827 1378 1063 1433; x_wconf 81' lang='lat' dir='ltr'><strong>adeundi</strong></span> <span class='ocrx_word' id='word_1_110' title='bbox 1107 1375 1308 1432; x_wconf 82' lang='lat' dir='ltr'><strong>fratres</strong></span> <span class='ocrx_word' id='word_1_111' title='bbox 1344 1383 1667 1446; x_wconf 86' lang='lat' dir='ltr'><strong>potestatem</strong></span> <span class='ocrx_word' id='word_1_112' title='bbox 1700 1376 1913 1442; x_wconf 89' lang='lat' dir='ltr'><strong>habuit,</strong></span> <span class='ocrx_word' id='word_1_113' title='bbox 1949 1391 2074 1431; x_wconf 90' lang='lat' dir='ltr'><strong>cum</strong></span> <span class='ocrx_word' id='word_1_114' title='bbox 2110 1375 2263 1429; x_wconf 88' lang='lat' dir='ltr'><strong>illum</strong></span> 
     </span>
    </p>
   </div>
   <div class='ocr_carea' id='block_1_15' title="bbox 673 1466 2263 1539">
    <p class='ocr_par' dir='ltr' id='par_1_15' title="bbox 673 1466 2263 1539">
     <span class='ocr_line' id='line_1_15' title="bbox 673 1466 2263 1539; baseline -0.004 -13"><span class='ocrx_word' id='word_1_115' title='bbox 673 1479 900 1526; x_wconf 85' lang='lat' dir='ltr'><strong>sanctus</strong></span> <span class='ocrx_word' id='word_1_116' title='bbox 950 1478 1105 1539; x_wconf 86' lang='lat' dir='ltr'><strong>pater</strong></span> <span class='ocrx_word' id='word_1_117' title='bbox 1144 1468 1347 1537; x_wconf 87' lang='lat' dir='ltr'><strong>reperit</strong></span> <span class='ocrx_word' id='word_1_118' title='bbox 1398 1476 1478 1522; x_wconf 92' lang='lat' dir='ltr'><strong>tot</strong></span> <span class='ocrx_word' id='word_1_119' title='bbox 1509 1468 1873 1538; x_wconf 79' lang='lat' dir='ltr'><strong>potiunculas,</strong></span> <span class='ocrx_word' id='word_1_120' title='bbox 1910 1475 1990 1521; x_wconf 87' lang='lat' dir='ltr'><strong>tot</strong></span> <span class='ocrx_word' id='word_1_121' title='bbox 2020 1466 2263 1531; x_wconf 85' lang='lat' dir='ltr'><strong>vascula,</strong></span> 
     </span>
    </p>
   </div>
   <div class='ocr_carea' id='block_1_16' title="bbox 675 1557 2264 1628">
    <p class='ocr_par' dir='ltr' id='par_1_16' title="bbox 675 1557 2264 1628">
     <span class='ocr_line' id='line_1_16' title="bbox 675 1557 2264 1628; baseline -0.003 -12"><span class='ocrx_word' id='word_1_122' title='bbox 675 1570 756 1616; x_wconf 91' lang='lat' dir='ltr'><strong>tot</strong></span> <span class='ocrx_word' id='word_1_123' title='bbox 817 1561 1094 1616; x_wconf 88' lang='lat' dir='ltr'><strong>alabastra</strong></span> <span class='ocrx_word' id='word_1_124' title='bbox 1148 1557 1647 1624; x_wconf 81' lang='lat' dir='ltr'><strong>circumferentem,</strong></span> <span class='ocrx_word' id='word_1_125' title='bbox 1689 1573 1800 1614; x_wconf 88' lang='lat' dir='ltr'><strong>non</strong></span> <span class='ocrx_word' id='word_1_126' title='bbox 1842 1558 2098 1613; x_wconf 82' lang='lat' dir='ltr'><strong>omnibus</strong></span> <span class='ocrx_word' id='word_1_127' title='bbox 2134 1572 2264 1628; x_wconf 87' lang='lat' dir='ltr'><strong>pro-</strong></span> 
     </span>
    </p>
   </div>
   <div class='ocr_carea' id='block_1_17' title="bbox 673 1650 2262 1725">
    <p class='ocr_par' dir='ltr' id='par_1_17' title="bbox 673 1650 2262 1725">
     <span class='ocr_line' id='line_1_17' title="bbox 673 1650 2262 1725; baseline -0.002 -18"><span class='ocrx_word' id='word_1_128' title='bbox 673 1653 905 1725; x_wconf 87' lang='lat' dir='ltr'><strong>pinavit.</strong></span> <span class='ocrx_word' id='word_1_129' title='bbox 961 1653 1102 1707; x_wconf 88' lang='lat' dir='ltr'><strong>Nam</strong></span> <span class='ocrx_word' id='word_1_130' title='bbox 1149 1651 1404 1723; x_wconf 81' lang='lat' dir='ltr'><strong>quisquis</strong></span> <span class='ocrx_word' id='word_1_131' title='bbox 1467 1650 1613 1707; x_wconf 92' lang='lat' dir='ltr'><strong>illius</strong></span> <span class='ocrx_word' id='word_1_132' title='bbox 1660 1652 1946 1722; x_wconf 65' lang='lat' dir='ltr'><strong>praesensit</strong></span> <span class='ocrx_word' id='word_1_133' title='bbox 2013 1650 2262 1715; x_wconf 86' lang='lat' dir='ltr'><strong>insidias,</strong></span> 
     </span>
    </p>
   </div>
   <div class='ocr_carea' id='block_1_18' title="bbox 673 1743 2265 1814">
    <p class='ocr_par' dir='ltr' id='par_1_18' title="bbox 673 1743 2265 1814">
     <span class='ocr_line' id='line_1_18' title="bbox 673 1743 2265 1814; baseline -0.004 -12"><span class='ocrx_word' id='word_1_134' title='bbox 673 1746 911 1802; x_wconf 85' lang='lat' dir='ltr'><strong>accurrit</strong></span> <span class='ocrx_word' id='word_1_135' title='bbox 953 1744 1100 1800; x_wconf 87' lang='lat' dir='ltr'><strong>illico</strong></span> <span class='ocrx_word' id='word_1_136' title='bbox 1151 1753 1201 1799; x_wconf 84' lang='lat' dir='ltr'><strong>et</strong></span> <span class='ocrx_word' id='word_1_137' title='bbox 1229 1743 1592 1814; x_wconf 78' lang='lat' dir='ltr'><strong>cogitationes</strong></span> <span class='ocrx_word' id='word_1_138' title='bbox 1638 1757 1770 1799; x_wconf 86' lang='lat' dir='ltr'><strong>suas</strong></span> <span class='ocrx_word' id='word_1_139' title='bbox 1802 1758 2163 1814; x_wconf 88' lang='lat' dir='ltr'><strong>quascunque</strong></span> <span class='ocrx_word' id='word_1_140' title='bbox 2185 1743 2265 1797; x_wconf 90' lang='lat' dir='ltr'><strong>la-</strong></span> 
     </span>
    </p>
   </div>
   <div class='ocr_carea' id='block_1_19' title="bbox 2373 813 3771 897">
    <p class='ocr_par' dir='ltr' id='par_1_19' title="bbox 2373 813 3771 897">
     <span class='ocr_line' id='line_1_19' title="bbox 2373 813 3771 897; baseline -0.009 -17"><span class='ocrx_word' id='word_1_141' title='bbox 2373 825 2506 897; x_wconf 75' lang='grc' dir='ltr'>περὶ</span> <span class='ocrx_word' id='word_1_142' title='bbox 2535 818 2596 878; x_wconf 74' lang='grc' dir='ltr'>οὗ</span> <span class='ocrx_word' id='word_1_143' title='bbox 2630 821 2784 890; x_wconf 75' lang='grc' dir='ltr'>ἔλεγε</span> <span class='ocrx_word' id='word_1_144' title='bbox 2816 818 2892 890; x_wconf 83' lang='grc' dir='ltr'><strong>τῷ</strong></span> <span class='ocrx_word' id='word_1_145' title='bbox 2924 818 3069 890; x_wconf 77' lang='grc' dir='ltr'><strong>ἀσὸᾷ</strong></span> <span class='ocrx_word' id='word_1_146' title='bbox 3105 815 3403 888; x_wconf 81' lang='grc' dir='ltr'>Μακαρίῳ,</span> <span class='ocrx_word' id='word_1_147' title='bbox 3443 834 3463 868; x_wconf 77' lang='grc' dir='ltr'><strong>ι</strong></span> <span class='ocrx_word' id='word_1_148' title='bbox 3500 815 3647 886; x_wconf 85' lang='grc' dir='ltr'><strong>Ἐχω</strong></span> <span class='ocrx_word' id='word_1_149' title='bbox 3674 813 3771 867; x_wconf 68' lang='grc' dir='ltr'><strong>ἕνα</strong></span> 
     </span>
    </p>
   </div>
   <div class='ocr_carea' id='block_1_20' title="bbox 2372 907 3794 988">
    <p class='ocr_par' dir='ltr' id='par_1_20' title="bbox 2372 907 3794 988">
     <span class='ocr_line' id='line_1_20' title="bbox 2372 907 3794 988; baseline -0.009 -16"><span class='ocrx_word' id='word_1_150' title='bbox 2372 919 2495 988; x_wconf 75' lang='grc' dir='ltr'>φὺν,</span> <span class='ocrx_word' id='word_1_151' title='bbox 2546 915 2641 970; x_wconf 68' lang='grc' dir='ltr'><strong>καὶ</strong></span> <span class='ocrx_word' id='word_1_152' title='bbox 2685 914 2776 967; x_wconf 84' lang='grc' dir='ltr'><strong>ὅτε</strong></span> <span class='ocrx_word' id='word_1_153' title='bbox 2823 911 3009 984; x_wconf 82' lang='grc' dir='ltr'><strong>βλέπει</strong></span> <span class='ocrx_word' id='word_1_154' title='bbox 3061 928 3150 982; x_wconf 87' lang='grc' dir='ltr'>με,</span> <span class='ocrx_word' id='word_1_155' title='bbox 3203 909 3522 982; x_wconf 80' lang='grc' dir='ltr'><strong>στρέφεται,</strong></span> <span class='ocrx_word' id='word_1_156' title='bbox 3563 907 3641 970; x_wconf 87' lang='grc' dir='ltr'>ὡς</span> <span class='ocrx_word' id='word_1_157' title='bbox 3691 907 3794 961; x_wconf 69' lang='grc' dir='ltr'>ἀνέί</span> 
     </span>
    </p>
   </div>
   <div class='ocr_carea' id='block_1_21' title="bbox 2373 998 3794 1074">
    <p class='ocr_par' dir='ltr' id='par_1_21' title="bbox 2373 998 3794 1074">
     <span class='ocr_line' id='line_1_21' title="bbox 2373 998 3794 1074; baseline -0.009 -10"><span class='ocrx_word' id='word_1_158' title='bbox 2373 1010 2517 1073; x_wconf 81' lang='grc' dir='ltr'>Τοὺς</span> <span class='ocrx_word' id='word_1_159' title='bbox 2567 1005 2846 1069; x_wconf 80' lang='grc' dir='ltr'><strong>τοιούτους</strong></span> <span class='ocrx_word' id='word_1_160' title='bbox 2891 1002 3106 1074; x_wconf 81' lang='grc' dir='ltr'><strong>ἀγαπᾷ,</strong></span> <span class='ocrx_word' id='word_1_161' title='bbox 3162 1005 3276 1065; x_wconf 83' lang='grc' dir='ltr'>τοῖς</span> <span class='ocrx_word' id='word_1_162' title='bbox 3309 998 3574 1064; x_wconf 80' lang='grc' dir='ltr'>τοιούτοις</span> <span class='ocrx_word' id='word_1_163' title='bbox 3619 998 3704 1053; x_wconf 70' lang='grc' dir='ltr'><strong>ἀεὶ</strong></span> <span class='ocrx_word' id='word_1_164' title='bbox 3749 1016 3794 1069; x_wconf 78' lang='grc' dir='ltr'><strong>χι</strong></span> 
     </span>
    </p>
   </div>
   <div class='ocr_carea' id='block_1_22' title="bbox 2369 1090 3794 1170">
    <p class='ocr_par' dir='ltr' id='par_1_22' title="bbox 2369 1090 3794 1170">
     <span class='ocr_line' id='line_1_22' title="bbox 2369 1090 3794 1170; baseline -0.01 -14"><span class='ocrx_word' id='word_1_165' title='bbox 2369 1104 2486 1165; x_wconf 82' lang='grc' dir='ltr'>τοῖς</span> <span class='ocrx_word' id='word_1_166' title='bbox 2516 1098 2938 1170; x_wconf 80' lang='grc' dir='ltr'>ἀκυϐερνήτοις,</span> <span class='ocrx_word' id='word_1_167' title='bbox 2968 1096 3080 1159; x_wconf 86' lang='grc' dir='ltr'>τοῖς</span> <span class='ocrx_word' id='word_1_168' title='bbox 3123 1093 3200 1166; x_wconf 76' lang='grc' dir='ltr'>μὴ</span> <span class='ocrx_word' id='word_1_169' title='bbox 3238 1092 3648 1164; x_wconf 80' lang='grc' dir='ltr'>ἁνατιθεμένοις</span> <span class='ocrx_word' id='word_1_170' title='bbox 3688 1090 3762 1160; x_wconf 80' lang='grc' dir='ltr'>τῷ</span> <span class='ocrx_word' id='word_1_171' title='bbox 3790 1092 3794 1135; x_wconf 71' lang='grc' dir='ltr'><strong>ὲ</strong></span> 
     </span>
    </p>
   </div>
   <div class='ocr_carea' id='block_1_23' title="bbox 2373 1184 3794 1267">
    <p class='ocr_par' dir='ltr' id='par_1_23' title="bbox 2373 1184 3794 1267">
     <span class='ocr_line' id='line_1_23' title="bbox 2373 1184 3794 1267; baseline -0.011 -18"><span class='ocrx_word' id='word_1_172' title='bbox 2373 1194 2523 1267; x_wconf 81' lang='grc' dir='ltr'>μένῳ</span> <span class='ocrx_word' id='word_1_173' title='bbox 2558 1191 2701 1264; x_wconf 84' lang='grc' dir='ltr'><strong>μετὰ</strong></span> <span class='ocrx_word' id='word_1_174' title='bbox 2733 1190 2868 1244; x_wconf 72' lang='grc' dir='ltr'>Θεὸν</span> <span class='ocrx_word' id='word_1_175' title='bbox 2900 1187 3195 1260; x_wconf 79' lang='grc' dir='ltr'>βοηθῆσαι,</span> <span class='ocrx_word' id='word_1_176' title='bbox 3230 1186 3325 1241; x_wconf 72' lang='grc' dir='ltr'>καὶ</span> <span class='ocrx_word' id='word_1_177' title='bbox 3353 1184 3539 1239; x_wconf 83' lang='grc' dir='ltr'>δοῦναι</span> <span class='ocrx_word' id='word_1_178' title='bbox 3564 1184 3741 1246; x_wconf 79' lang='grc' dir='ltr'>αὐτοῖς</span> <span class='ocrx_word' id='word_1_179' title='bbox 3773 1200 3794 1253; x_wconf 57' lang='grc' dir='ltr'><strong>χ</strong></span> 
     </span>
    </p>
   </div>
   <div class='ocr_carea' id='block_1_24' title="bbox 2369 1274 3794 1357">
    <p class='ocr_par' dir='ltr' id='par_1_24' title="bbox 2369 1274 3794 1357">
     <span class='ocr_line' id='line_1_24' title="bbox 2369 1274 3794 1357; baseline -0.009 -18"><span class='ocrx_word' id='word_1_180' title='bbox 2369 1286 2464 1357; x_wconf 82' lang='grc' dir='ltr'><strong>Μὴ</strong></span> <span class='ocrx_word' id='word_1_181' title='bbox 2494 1285 2605 1356; x_wconf 78' lang='grc' dir='ltr'>γὰρ</span> <span class='ocrx_word' id='word_1_182' title='bbox 2632 1283 2695 1336; x_wconf 85' lang='grc' dir='ltr'><strong>ού</strong></span> <span class='ocrx_word' id='word_1_183' title='bbox 2731 1281 2871 1353; x_wconf 83' lang='grc' dir='ltr'>πρὸς</span> <span class='ocrx_word' id='word_1_184' title='bbox 2895 1280 3106 1343; x_wconf 80' lang='grc' dir='ltr'><strong>πάντας</strong></span> <span class='ocrx_word' id='word_1_185' title='bbox 3147 1284 3275 1341; x_wconf 80' lang='grc' dir='ltr'>τοὺς</span> <span class='ocrx_word' id='word_1_186' title='bbox 3305 1275 3573 1345; x_wconf 75' lang='grc' dir='ltr'>ἀδελφοὺς</span> <span class='ocrx_word' id='word_1_187' title='bbox 3594 1274 3794 1345; x_wconf 76' lang='grc' dir='ltr'>ἀπῆλθε</span> 
     </span>
    </p>
   </div>
   <div class='ocr_carea' id='block_1_25' title="bbox 2368 1363 3757 1446">
    <p class='ocr_par' dir='ltr' id='par_1_25' title="bbox 2368 1363 3757 1446">
     <span class='ocr_line' id='line_1_25' title="bbox 2368 1363 3757 1446; baseline -0.007 -17"><span class='ocrx_word' id='word_1_188' title='bbox 2368 1375 2491 1446; x_wconf 81' lang='grc' dir='ltr'><strong>Θεῷ</strong></span> <span class='ocrx_word' id='word_1_189' title='bbox 2535 1376 2565 1428; x_wconf 97' lang='lat'><strong>6</strong></span> <span class='ocrx_word' id='word_1_190' title='bbox 2602 1373 2815 1445; x_wconf 86' lang='grc' dir='ltr'>δαίμων</span> <span class='ocrx_word' id='word_1_191' title='bbox 2866 1372 3101 1434; x_wconf 81' lang='grc' dir='ltr'>ἐκεῖνος,</span> <span class='ocrx_word' id='word_1_192' title='bbox 3151 1369 3288 1423; x_wconf 79' lang='grc' dir='ltr'>ὅπου</span> <span class='ocrx_word' id='word_1_193' title='bbox 3328 1363 3472 1421; x_wconf 81' lang='grc' dir='ltr'>εἶδεν</span> <span class='ocrx_word' id='word_1_194' title='bbox 3521 1367 3681 1421; x_wconf 70' lang='grc' dir='ltr'>αὐτὸν</span> <span class='ocrx_word' id='word_1_195' title='bbox 3730 1369 3757 1419; x_wconf 88' lang='lat'><strong>6</strong></span> 
     </span>
    </p>
   </div>
   <div class='ocr_carea' id='block_1_26' title="bbox 2367 1456 3794 1540">
    <p class='ocr_par' dir='ltr' id='par_1_26' title="bbox 2367 1456 3794 1540">
     <span class='ocr_line' id='line_1_26' title="bbox 2367 1456 3794 1540; baseline -0.013 -14"><span class='ocrx_word' id='word_1_196' title='bbox 2367 1469 2711 1540; x_wconf 78' lang='grc' dir='ltr'>βαστάζοντα</span> <span class='ocrx_word' id='word_1_197' title='bbox 2752 1466 2850 1520; x_wconf 86' lang='grc' dir='ltr'>ὅλα</span> <span class='ocrx_word' id='word_1_198' title='bbox 2884 1464 2955 1518; x_wconf 81' lang='grc' dir='ltr'><strong>τὰ</strong></span> <span class='ocrx_word' id='word_1_199' title='bbox 2998 1464 3250 1535; x_wconf 80' lang='grc' dir='ltr'>γεύματα</span> <span class='ocrx_word' id='word_1_200' title='bbox 3290 1463 3476 1515; x_wconf 78' lang='grc' dir='ltr'>ἐκεῖνα</span> <span class='ocrx_word' id='word_1_201' title='bbox 3527 1461 3584 1512; x_wconf 81' lang='grc' dir='ltr'>ὲν</span> <span class='ocrx_word' id='word_1_202' title='bbox 3633 1460 3744 1521; x_wconf 81' lang='grc' dir='ltr'>τοῖς</span> <span class='ocrx_word' id='word_1_203' title='bbox 3788 1456 3794 1508; x_wconf 77' lang='grc' dir='ltr'>ἶ</span> 
     </span>
    </p>
   </div>
   <div class='ocr_carea' id='block_1_27' title="bbox 2368 1552 3794 1631">
    <p class='ocr_par' dir='ltr' id='par_1_27' title="bbox 2368 1552 3794 1631">
     <span class='ocr_line' id='line_1_27' title="bbox 2368 1552 3794 1631; baseline -0.008 -17"><span class='ocrx_word' id='word_1_204' title='bbox 2368 1560 2526 1624; x_wconf 85' lang='grc' dir='ltr'>θίοις,</span> <span class='ocrx_word' id='word_1_205' title='bbox 2559 1558 2635 1631; x_wconf 75' lang='grc' dir='ltr'><strong>μὴ</strong></span> <span class='ocrx_word' id='word_1_206' title='bbox 2667 1559 2730 1612; x_wconf 81' lang='grc' dir='ltr'><strong>ού</strong></span> <span class='ocrx_word' id='word_1_207' title='bbox 2770 1555 3112 1629; x_wconf 77' lang='grc' dir='ltr'>προσέϐαλεν</span> <span class='ocrx_word' id='word_1_208' title='bbox 3138 1555 3311 1618; x_wconf 83' lang='grc' dir='ltr'>ὅλοις·</span> <span class='ocrx_word' id='word_1_209' title='bbox 3358 1553 3473 1607; x_wconf 84' lang='grc' dir='ltr'>ἀλλ’</span> <span class='ocrx_word' id='word_1_210' title='bbox 3506 1552 3738 1612; x_wconf 72' lang='grc' dir='ltr'>ἕκαστος</span> <span class='ocrx_word' id='word_1_211' title='bbox 3774 1568 3794 1604; x_wconf 78' lang='grc' dir='ltr'><strong>ο</strong></span> 
     </span>
    </p>
   </div>
   <div class='ocr_carea' id='block_1_28' title="bbox 2363 1643 3794 1722">
    <p class='ocr_par' dir='ltr' id='par_1_28' title="bbox 2363 1643 3794 1722">
     <span class='ocr_line' id='line_1_28' title="bbox 2363 1643 3794 1722; baseline -0.008 -17"><span class='ocrx_word' id='word_1_212' title='bbox 2363 1650 2757 1722; x_wconf 82' lang='grc' dir='ltr'>αἰσθανόμενος</span> <span class='ocrx_word' id='word_1_213' title='bbox 2825 1648 2926 1721; x_wconf 83' lang='grc' dir='ltr'>τῆς</span> <span class='ocrx_word' id='word_1_214' title='bbox 3010 1647 3302 1718; x_wconf 72' lang='grc' dir='ltr'>ἐπιϐουλῆς</span> <span class='ocrx_word' id='word_1_215' title='bbox 3360 1644 3562 1711; x_wconf 75' lang='grc' dir='ltr'>αὐτοῦ,</span> <span class='ocrx_word' id='word_1_216' title='bbox 3617 1643 3794 1713; x_wconf 73' lang='grc' dir='ltr'>ἔτρεχε</span> 
     </span>
    </p>
   </div>
   <div class='ocr_carea' id='block_1_29' title="bbox 2362 1735 3787 1815">
    <p class='ocr_par' dir='ltr' id='par_1_29' title="bbox 2362 1735 3787 1815">
     <span class='ocr_line' id='line_1_29' title="bbox 2362 1735 3787 1815; baseline -0.008 -17"><span class='ocrx_word' id='word_1_217' title='bbox 2362 1742 2660 1815; x_wconf 76' lang='grc' dir='ltr'><strong>ἀνήγγειλε</strong></span> <span class='ocrx_word' id='word_1_218' title='bbox 2699 1742 2828 1806; x_wconf 77' lang='grc' dir='ltr'>τοὺς</span> <span class='ocrx_word' id='word_1_219' title='bbox 2877 1740 3039 1804; x_wconf 73' lang='grc' dir='ltr'>ἰδίους</span> <span class='ocrx_word' id='word_1_220' title='bbox 3082 1739 3378 1809; x_wconf 72' lang='grc' dir='ltr'>λογισμοὺς</span> <span class='ocrx_word' id='word_1_221' title='bbox 3423 1739 3517 1792; x_wconf 84' lang='grc' dir='ltr'>καὶ</span> <span class='ocrx_word' id='word_1_222' title='bbox 3560 1735 3787 1808; x_wconf 72' lang='grc' dir='ltr'>ηὕρισκε</span> 
     </span>
    </p>
   </div>
   <div class='ocr_carea' id='block_1_30' title="bbox 675 1812 2262 1906">
    <p class='ocr_par' dir='ltr' id='par_1_30' title="bbox 675 1812 2262 1904">
     <span class='ocr_line' id='line_1_30' title="bbox 675 1812 2262 1904; baseline -0.002 -13"><span class='ocrx_word' id='word_1_223' title='bbox 675 1844 852 1892; x_wconf 86' lang='lat' dir='ltr'><strong>tentes</strong></span> <span class='ocrx_word' id='word_1_224' title='bbox 885 1834 1099 1904; x_wconf 87' lang='lat' dir='ltr'><strong>aperuit</strong></span> <span class='ocrx_word' id='word_1_225' title='bbox 1128 1812 1377 1904; x_wconf 38' lang='lat' dir='ltr'><strong>patri,_et</strong></span> <span class='ocrx_word' id='word_1_226' title='bbox 1407 1832 1487 1890; x_wconf 88' lang='lat' dir='ltr'><strong>sic</strong></span> <span class='ocrx_word' id='word_1_227' title='bbox 1508 1832 1775 1889; x_wconf 88' lang='lat' dir='ltr'><strong>auxilium</strong></span> <span class='ocrx_word' id='word_1_228' title='bbox 1810 1812 2017 1889; x_wconf 81' lang='lat' dir='ltr'><strong>invenit</strong></span> <span class='ocrx_word' id='word_1_229' title='bbox 2046 1812 2101 1888; x_wconf 78' lang='lat' dir='ltr'><strong>in</strong></span> <span class='ocrx_word' id='word_1_230' title='bbox 2125 1842 2262 1889; x_wconf 89' lang='lat' dir='ltr'><strong>tem-</strong></span> 
     </span>
    </p>
   </div>
   <div class='ocr_carea' id='block_1_31' title="bbox 2206 1812 3793 1906">
    <p class='ocr_par' dir='ltr' id='par_1_31' title="bbox 2206 1812 3793 1906">
     <span class='ocr_line' id='line_1_31' title="bbox 2206 1812 3793 1906; baseline -0.004 -18"><span class='ocrx_word' id='word_1_231' title='bbox 2206 1848 2265 1888; x_wconf 88' lang='lat' dir='ltr'><strong>n-</strong></span> <span class='ocrx_word' id='word_1_232' title='bbox 2294 1812 2338 1869; x_wconf 74' lang='grc' dir='ltr'><strong>Β</strong></span> <span class='ocrx_word' id='word_1_233' title='bbox 2368 1812 2529 1890; x_wconf 79' lang='grc' dir='ltr'>θειαν</span> <span class='ocrx_word' id='word_1_234' title='bbox 2561 1836 2621 1888; x_wconf 83' lang='grc' dir='ltr'>ὲν</span> <span class='ocrx_word' id='word_1_235' title='bbox 2664 1833 2746 1906; x_wconf 80' lang='grc' dir='ltr'>τῷ</span> <span class='ocrx_word' id='word_1_236' title='bbox 2774 1831 2954 1905; x_wconf 82' lang='grc' dir='ltr'><strong>καιρῷ</strong></span> <span class='ocrx_word' id='word_1_237' title='bbox 2996 1830 3091 1886; x_wconf 83' lang='grc' dir='ltr'><strong>τοῦ</strong></span> <span class='ocrx_word' id='word_1_238' title='bbox 3128 1830 3459 1902; x_wconf 80' lang='grc' dir='ltr'>πειρασμοῦ,</span> <span class='ocrx_word' id='word_1_239' title='bbox 3507 1830 3602 1884; x_wconf 74' lang='grc' dir='ltr'><strong>καὶ</strong></span> <span class='ocrx_word' id='word_1_240' title='bbox 3644 1829 3793 1881; x_wconf 68' lang='grc' dir='ltr'>λοιπὲ</span> 
     </span>
    </p>
   </div>
   <div class='ocr_carea' id='block_1_32' title="bbox 672 1921 2269 1995">
    <p class='ocr_par' dir='ltr' id='par_1_32' title="bbox 672 1921 2269 1995">
     <span class='ocr_line' id='line_1_32' title="bbox 672 1921 2269 1995; baseline 0.001 -17"><span class='ocrx_word' id='word_1_241' title='bbox 672 1937 807 1995; x_wconf 90' lang='lat' dir='ltr'><strong>pore</strong></span> <span class='ocrx_word' id='word_1_242' title='bbox 837 1922 1179 1989; x_wconf 86' lang='lat' dir='ltr'><strong>tentationis,</strong></span> <span class='ocrx_word' id='word_1_243' title='bbox 1219 1928 1275 1976; x_wconf 92' lang='lat' dir='ltr'><strong>et</strong></span> <span class='ocrx_word' id='word_1_244' title='bbox 1321 1921 1426 1977; x_wconf 83' lang='lat' dir='ltr'><strong>hac</strong></span> <span class='ocrx_word' id='word_1_245' title='bbox 1465 1922 1532 1976; x_wconf 91' lang='lat' dir='ltr'><strong>de</strong></span> <span class='ocrx_word' id='word_1_246' title='bbox 1571 1938 1740 1978; x_wconf 89' lang='lat' dir='ltr'><strong>causa</strong></span> <span class='ocrx_word' id='word_1_247' title='bbox 1778 1937 1888 1978; x_wconf 91' lang='lat' dir='ltr'><strong>non</strong></span> <span class='ocrx_word' id='word_1_248' title='bbox 1948 1926 2126 1994; x_wconf 90' lang='lat' dir='ltr'><strong>potuit</strong></span> <span class='ocrx_word' id='word_1_249' title='bbox 2173 1924 2269 1980; x_wconf 85' lang='lat' dir='ltr'><strong>ad-</strong></span> 
     </span>
    </p>
   </div>
   <div class='ocr_carea' id='block_1_33' title="bbox 672 2012 2267 2085">
    <p class='ocr_par' dir='ltr' id='par_1_33' title="bbox 672 2012 2267 2085">
     <span class='ocr_line' id='line_1_33' title="bbox 672 2012 2267 2085; baseline 0 -16"><span class='ocrx_word' id='word_1_250' title='bbox 672 2029 869 2071; x_wconf 88' lang='lat' dir='ltr'><strong>versus</strong></span> <span class='ocrx_word' id='word_1_251' title='bbox 930 2028 1029 2070; x_wconf 90' lang='lat' dir='ltr'><strong>eos</strong></span> <span class='ocrx_word' id='word_1_252' title='bbox 1095 2013 1319 2085; x_wconf 88' lang='lat' dir='ltr'><strong>iniquus</strong></span> <span class='ocrx_word' id='word_1_253' title='bbox 1371 2013 1681 2070; x_wconf 86' lang='lat' dir='ltr'><strong>insidiator.</strong></span> <span class='ocrx_word' id='word_1_254' title='bbox 1759 2012 2038 2071; x_wconf 77' lang='lat' dir='ltr'><strong>infelicem</strong></span> <span class='ocrx_word' id='word_1_255' title='bbox 2114 2015 2267 2070; x_wconf 85' lang='lat' dir='ltr'><strong>ilium</strong></span> 
     </span>
    </p>
   </div>
   <div class='ocr_carea' id='block_1_34' title="bbox 672 2104 2266 2176">
    <p class='ocr_par' dir='ltr' id='par_1_34' title="bbox 672 2104 2266 2176">
     <span class='ocr_line' id='line_1_34' title="bbox 672 2104 2266 2176; baseline 0 -15"><span class='ocrx_word' id='word_1_256' title='bbox 672 2122 847 2162; x_wconf 88' lang='lat' dir='ltr'><strong>unum</strong></span> <span class='ocrx_word' id='word_1_257' title='bbox 898 2105 1106 2160; x_wconf 86' lang='lat' dir='ltr'><strong>invenit</strong></span> <span class='ocrx_word' id='word_1_258' title='bbox 1149 2104 1243 2176; x_wconf 92' lang='lat' dir='ltr'><strong>qui</strong></span> <span class='ocrx_word' id='word_1_259' title='bbox 1294 2105 1538 2175; x_wconf 81' lang='lat' dir='ltr'><strong>seipsum</strong></span> <span class='ocrx_word' id='word_1_260' title='bbox 1592 2113 1805 2174; x_wconf 87' lang='lat' dir='ltr'><strong>regeret</strong></span> <span class='ocrx_word' id='word_1_261' title='bbox 1837 2115 1893 2161; x_wconf 90' lang='lat' dir='ltr'><strong>et</strong></span> <span class='ocrx_word' id='word_1_262' title='bbox 1944 2105 2266 2171; x_wconf 87' lang='lat' dir='ltr'><strong>instrueret,</strong></span> 
     </span>
    </p>
   </div>
   <div class='ocr_carea' id='block_1_35' title="bbox 672 2194 2269 2269">
    <p class='ocr_par' dir='ltr' id='par_1_35' title="bbox 672 2194 2269 2269">
     <span class='ocr_line' id='line_1_35' title="bbox 672 2194 2269 2269; baseline 0.003 -21"><span class='ocrx_word' id='word_1_263' title='bbox 672 2198 771 2267; x_wconf 87' lang='lat' dir='ltr'><strong>qui</strong></span> <span class='ocrx_word' id='word_1_264' title='bbox 797 2195 1006 2252; x_wconf 88' lang='lat' dir='ltr'><strong>nullum</strong></span> <span class='ocrx_word' id='word_1_265' title='bbox 1043 2194 1271 2252; x_wconf 82' lang='lat' dir='ltr'><strong>haberet</strong></span> <span class='ocrx_word' id='word_1_266' title='bbox 1304 2195 1708 2267; x_wconf 84' lang='lat' dir='ltr'><strong>coadjutorem,</strong></span> <span class='ocrx_word' id='word_1_267' title='bbox 1738 2212 2034 2269; x_wconf 85' lang='lat' dir='ltr'><strong>quemque,</strong></span> <span class='ocrx_word' id='word_1_268' title='bbox 2063 2207 2124 2253; x_wconf 91' lang='lat' dir='ltr'><strong>ut</strong></span> <span class='ocrx_word' id='word_1_269' title='bbox 2172 2213 2269 2254; x_wconf 88' lang='lat' dir='ltr'><strong>vo-</strong></span> 
     </span>
    </p>
   </div>
   <div class='ocr_carea' id='block_1_36' title="bbox 679 2289 2270 2363">
    <p class='ocr_par' dir='ltr' id='par_1_36' title="bbox 679 2289 2270 2363">
     <span class='ocr_line' id='line_1_36' title="bbox 679 2289 2270 2363; baseline 0.003 -19"><span class='ocrx_word' id='word_1_270' title='bbox 679 2289 813 2354; x_wconf 87' lang='lat' dir='ltr'><strong>luit,</strong></span> <span class='ocrx_word' id='word_1_271' title='bbox 851 2290 983 2346; x_wconf 91' lang='lat' dir='ltr'><strong>ludo</strong></span> <span class='ocrx_word' id='word_1_272' title='bbox 1008 2290 1221 2354; x_wconf 86' lang='lat' dir='ltr'><strong>habuit,</strong></span> <span class='ocrx_word' id='word_1_273' title='bbox 1247 2289 1644 2359; x_wconf 87' lang='lat' dir='ltr'><strong>discedensque</strong></span> <span class='ocrx_word' id='word_1_274' title='bbox 1663 2290 1767 2347; x_wconf 89' lang='lat' dir='ltr'><strong>soli</strong></span> <span class='ocrx_word' id='word_1_275' title='bbox 1788 2291 1963 2363; x_wconf 84' lang='lat' dir='ltr'><strong>gratia</strong></span> <span class='ocrx_word' id='word_1_276' title='bbox 1998 2291 2131 2362; x_wconf 84' lang='lat' dir='ltr'><strong>egit,</strong></span> <span class='ocrx_word' id='word_1_277' title='bbox 2163 2307 2270 2348; x_wconf 73' lang='lat' dir='ltr'><strong>ca:-</strong></span> 
     </span>
    </p>
   </div>
   <div class='ocr_carea' id='block_1_37' title="bbox 673 2381 2270 2454">
    <p class='ocr_par' dir='ltr' id='par_1_37' title="bbox 673 2381 2270 2454">
     <span class='ocr_line' id='line_1_37' title="bbox 673 2381 2270 2454; baseline 0.003 -19"><span class='ocrx_word' id='word_1_278' title='bbox 673 2391 821 2437; x_wconf 88' lang='lat' dir='ltr'><strong>teros</strong></span> <span class='ocrx_word' id='word_1_279' title='bbox 849 2396 1043 2438; x_wconf 87' lang='lat' dir='ltr'><strong>omnes</strong></span> <span class='ocrx_word' id='word_1_280' title='bbox 1097 2384 1396 2441; x_wconf 86' lang='lat' dir='ltr'><strong>detestans.</strong></span> <span class='ocrx_word' id='word_1_281' title='bbox 1440 2381 1689 2454; x_wconf 85' lang='lat' dir='ltr'><strong>Denique</strong></span> <span class='ocrx_word' id='word_1_282' title='bbox 1719 2397 1847 2440; x_wconf 88' lang='lat' dir='ltr'><strong>eum</strong></span> <span class='ocrx_word' id='word_1_283' title='bbox 1895 2399 2010 2440; x_wconf 89' lang='lat' dir='ltr'><strong>rem</strong></span> <span class='ocrx_word' id='word_1_284' title='bbox 2067 2385 2270 2442; x_wconf 84' lang='lat' dir='ltr'><strong>beatis-</strong></span> 
     </span>
    </p>
   </div>
   <div class='ocr_carea' id='block_1_38' title="bbox 673 2473 2266 2548">
    <p class='ocr_par' dir='ltr' id='par_1_38' title="bbox 673 2473 2266 2548">
     <span class='ocr_line' id='line_1_38' title="bbox 673 2473 2266 2548; baseline 0.003 -21"><span class='ocrx_word' id='word_1_285' title='bbox 673 2473 815 2528; x_wconf 87' lang='lat' dir='ltr'><strong>simo</strong></span> <span class='ocrx_word' id='word_1_286' title='bbox 840 2474 983 2545; x_wconf 89' lang='lat' dir='ltr'><strong>patri</strong></span> <span class='ocrx_word' id='word_1_287' title='bbox 1005 2475 1224 2544; x_wconf 86' lang='lat' dir='ltr'><strong>aperuit</strong></span> <span class='ocrx_word' id='word_1_288' title='bbox 1248 2474 1524 2540; x_wconf 76' lang='lat' dir='ltr'><strong>diabolus,</strong></span> <span class='ocrx_word' id='word_1_289' title='bbox 1550 2484 1605 2530; x_wconf 90' lang='lat' dir='ltr'><strong>et</strong></span> <span class='ocrx_word' id='word_1_290' title='bbox 1642 2474 1829 2531; x_wconf 87' lang='lat' dir='ltr'><strong>fratris</strong></span> <span class='ocrx_word' id='word_1_291' title='bbox 1857 2491 2055 2532; x_wconf 89' lang='lat' dir='ltr'><strong>nomen</strong></span> <span class='ocrx_word' id='word_1_292' title='bbox 2077 2477 2266 2548; x_wconf 86' lang='lat' dir='ltr'><strong>edidit,</strong></span> 
     </span>
    </p>
   </div>
   <div class='ocr_carea' id='block_1_39' title="bbox 670 2552 2269 2640">
    <p class='ocr_par' dir='ltr' id='par_1_39' title="bbox 670 2552 2269 2640">
     <span class='ocr_line' id='line_1_39' title="bbox 670 2552 2269 2640; baseline 0.001 -18"><span class='ocrx_word' id='word_1_293' title='bbox 670 2565 917 2623; x_wconf 85' lang='lat' dir='ltr'><strong>accurrit</strong></span> <span class='ocrx_word' id='word_1_294' title='bbox 958 2580 991 2622; x_wconf 89' lang='lat' dir='ltr'><strong>c</strong></span> <span class='ocrx_word' id='word_1_295' title='bbox 1020 2566 1250 2638; x_wconf 89' lang='lat' dir='ltr'><strong>vestigio</strong></span> <span class='ocrx_word' id='word_1_296' title='bbox 1281 2565 1453 2640; x_wconf 59' lang='lat'><strong>400</strong></span> <span class='ocrx_word' id='word_1_297' title='bbox 1472 2567 1539 2623; x_wconf 88' lang='lat' dir='ltr'><strong>ad</strong></span> <span class='ocrx_word' id='word_1_298' title='bbox 1577 2582 1704 2622; x_wconf 91' lang='lat' dir='ltr'><strong>eum</strong></span> <span class='ocrx_word' id='word_1_299' title='bbox 1734 2552 1898 2623; x_wconf 83' lang='lat' dir='ltr'><strong>Pater</strong></span> <span class='ocrx_word' id='word_1_300' title='bbox 1927 2578 2175 2635; x_wconf 89' lang='lat' dir='ltr'><strong>sanctus,</strong></span> <span class='ocrx_word' id='word_1_301' title='bbox 2212 2580 2269 2626; x_wconf 88' lang='lat' dir='ltr'><strong>et</strong></span> 
     </span>
    </p>
   </div>
   <div class='ocr_carea' id='block_1_40' title="bbox 674 2652 2268 2726">
    <p class='ocr_par' dir='ltr' id='par_1_40' title="bbox 674 2652 2268 2726">
     <span class='ocr_line' id='line_1_40' title="bbox 674 2652 2268 2726; baseline 0.003 -17"><span class='ocrx_word' id='word_1_302' title='bbox 674 2654 825 2709; x_wconf 87' lang='lat' dir='ltr'><strong>illam</strong></span> <span class='ocrx_word' id='word_1_303' title='bbox 892 2653 1072 2709; x_wconf 86' lang='lat' dir='ltr'><strong>solam</strong></span> <span class='ocrx_word' id='word_1_304' title='bbox 1132 2655 1401 2724; x_wconf 86' lang='lat' dir='ltr'><strong>comperit</strong></span> <span class='ocrx_word' id='word_1_305' title='bbox 1451 2652 1625 2710; x_wconf 88' lang='lat' dir='ltr'><strong>fuisse</strong></span> <span class='ocrx_word' id='word_1_306' title='bbox 1676 2669 1901 2710; x_wconf 82' lang='lat' dir='ltr'><strong>causam</strong></span> <span class='ocrx_word' id='word_1_307' title='bbox 1942 2656 2268 2726; x_wconf 88' lang='lat' dir='ltr'><strong>perditionis</strong></span> 
     </span>
    </p>
   </div>
   <div class='ocr_carea' id='block_1_41' title="bbox 674 2743 2268 2817">
    <p class='ocr_par' dir='ltr' id='par_1_41' title="bbox 674 2743 2268 2817">
     <span class='ocr_line' id='line_1_41' title="bbox 674 2743 2268 2817; baseline 0.002 -14"><span class='ocrx_word' id='word_1_308' title='bbox 674 2761 812 2803; x_wconf 71' lang='lat' dir='ltr'><strong>suae.</strong></span> <span class='ocrx_word' id='word_1_309' title='bbox 866 2746 1079 2801; x_wconf 88' lang='lat' dir='ltr'><strong>Invenit</strong></span> <span class='ocrx_word' id='word_1_310' title='bbox 1124 2747 1274 2801; x_wconf 90' lang='lat' dir='ltr'><strong>enim</strong></span> <span class='ocrx_word' id='word_1_311' title='bbox 1332 2745 1510 2817; x_wconf 89' lang='lat' dir='ltr'><strong>ipsum</strong></span> <span class='ocrx_word' id='word_1_312' title='bbox 1543 2743 1955 2803; x_wconf 81' lang='lat' dir='ltr'><strong>confessionem</strong></span> <span class='ocrx_word' id='word_1_313' title='bbox 1989 2748 2268 2806; x_wconf 74' lang='lat' dir='ltr'><strong>detestan-</strong></span> 
     </span>
    </p>
   </div>
   <div class='ocr_carea' id='block_1_42' title="bbox 674 2837 2268 2910">
    <p class='ocr_par' dir='ltr' id='par_1_42' title="bbox 674 2837 2268 2910">
     <span class='ocr_line' id='line_1_42' title="bbox 674 2837 2268 2910; baseline 0.003 -17"><span class='ocrx_word' id='word_1_314' title='bbox 674 2845 809 2903; x_wconf 88' lang='lat' dir='ltr'><strong>tem,</strong></span> <span class='ocrx_word' id='word_1_315' title='bbox 843 2837 1051 2893; x_wconf 85' lang='lat' dir='ltr'><strong>invenit</strong></span> <span class='ocrx_word' id='word_1_316' title='bbox 1087 2851 1211 2892; x_wconf 90' lang='lat' dir='ltr'><strong>eum</strong></span> <span class='ocrx_word' id='word_1_317' title='bbox 1244 2837 1386 2893; x_wconf 87' lang='lat' dir='ltr'><strong>male</strong></span> <span class='ocrx_word' id='word_1_318' title='bbox 1405 2846 1689 2894; x_wconf 86' lang='lat' dir='ltr'><strong>assuetum</strong></span> <span class='ocrx_word' id='word_1_319' title='bbox 1746 2838 1833 2895; x_wconf 86' lang='lat' dir='ltr'><strong>vel</strong></span> <span class='ocrx_word' id='word_1_320' title='bbox 1879 2840 2125 2910; x_wconf 89' lang='lat' dir='ltr'><strong>seipsum</strong></span> <span class='ocrx_word' id='word_1_321' title='bbox 2172 2857 2268 2898; x_wconf 85' lang='lat' dir='ltr'><strong>ae-</strong></span> 
     </span>
    </p>
   </div>
   <div class='ocr_carea' id='block_1_43' title="bbox 674 2928 2266 3005">
    <p class='ocr_par' dir='ltr' id='par_1_43' title="bbox 674 2928 2266 3005">
     <span class='ocr_line' id='line_1_43' title="bbox 674 2928 2266 3005; baseline 0.005 -21"><span class='ocrx_word' id='word_1_322' title='bbox 674 2942 872 2984; x_wconf 83' lang='lat' dir='ltr'><strong>cusare</strong></span> <span class='ocrx_word' id='word_1_323' title='bbox 932 2928 1018 2984; x_wconf 84' lang='lat' dir='ltr'><strong>vel</strong></span> <span class='ocrx_word' id='word_1_324' title='bbox 1037 2928 1219 2985; x_wconf 87' lang='lat' dir='ltr'><strong>cordis</strong></span> <span class='ocrx_word' id='word_1_325' title='bbox 1250 2928 1339 2983; x_wconf 89' lang='lat' dir='ltr'><strong>sui</strong></span> <span class='ocrx_word' id='word_1_326' title='bbox 1397 2939 1609 2984; x_wconf 86' lang='lat' dir='ltr'><strong>secreta</strong></span> <span class='ocrx_word' id='word_1_327' title='bbox 1642 2931 1902 2997; x_wconf 89' lang='lat' dir='ltr'><strong>revelare,</strong></span> <span class='ocrx_word' id='word_1_328' title='bbox 1924 2942 2087 3005; x_wconf 87' lang='lat' dir='ltr'><strong>atque</strong></span> <span class='ocrx_word' id='word_1_329' title='bbox 2113 2936 2266 2992; x_wconf 89' lang='lat' dir='ltr'><strong>illum</strong></span> 
     </span>
    </p>
   </div>
   <div class='ocr_carea' id='block_1_44' title="bbox 674 3018 2268 3087">
    <p class='ocr_par' dir='ltr' id='par_1_44' title="bbox 674 3018 2268 3087">
     <span class='ocr_line' id='line_1_44' title="bbox 674 3018 2268 3087; baseline 0.006 -12"><span class='ocrx_word' id='word_1_330' title='bbox 674 3018 881 3075; x_wconf 87' lang='lat' dir='ltr'><strong>idcirco</strong></span> <span class='ocrx_word' id='word_1_331' title='bbox 931 3019 1143 3075; x_wconf 75' lang='lat' dir='ltr'><strong>da-mon</strong></span> <span class='ocrx_word' id='word_1_332' title='bbox 1190 3036 1314 3075; x_wconf 88' lang='lat' dir='ltr'><strong>cum</strong></span> <span class='ocrx_word' id='word_1_333' title='bbox 1376 3020 1568 3087; x_wconf 85' lang='lat' dir='ltr'><strong>voluit,</strong></span> <span class='ocrx_word' id='word_1_334' title='bbox 1616 3029 1677 3077; x_wconf 90' lang='lat' dir='ltr'><strong>ut</strong></span> <span class='ocrx_word' id='word_1_335' title='bbox 1726 3024 2002 3082; x_wconf 83' lang='lat' dir='ltr'><strong>turbinem</strong></span> <span class='ocrx_word' id='word_1_336' title='bbox 2062 3027 2171 3084; x_wconf 89' lang='lat' dir='ltr'><strong>huc</strong></span> <span class='ocrx_word' id='word_1_337' title='bbox 2211 3037 2268 3085; x_wconf 89' lang='lat' dir='ltr'><strong>et</strong></span> 
     </span>
    </p>
   </div>
   <div class='ocr_carea' id='block_1_45' title="bbox 2369 1917 3794 1997">
    <p class='ocr_par' dir='ltr' id='par_1_45' title="bbox 2369 1917 3794 1997">
     <span class='ocr_line' id='line_1_45' title="bbox 2369 1917 3794 1997; baseline -0.005 -18"><span class='ocrx_word' id='word_1_338' title='bbox 2369 1925 2526 1997; x_wconf 73' lang='grc' dir='ltr'>ἴσχυε</span> <span class='ocrx_word' id='word_1_339' title='bbox 2568 1923 2691 1979; x_wconf 80' lang='grc' dir='ltr'>κατ’</span> <span class='ocrx_word' id='word_1_340' title='bbox 2738 1922 2920 1977; x_wconf 78' lang='grc' dir='ltr'>αὐτῶν</span> <span class='ocrx_word' id='word_1_341' title='bbox 2946 1924 2975 1977; x_wconf 87' lang='lat'><strong>6</strong></span> <span class='ocrx_word' id='word_1_342' title='bbox 3005 1922 3263 1993; x_wconf 83' lang='grc' dir='ltr'>πονηρός.</span> <span class='ocrx_word' id='word_1_343' title='bbox 3303 1922 3408 1974; x_wconf 81' lang='grc' dir='ltr'>Τὸν</span> <span class='ocrx_word' id='word_1_344' title='bbox 3457 1920 3642 1975; x_wconf 81' lang='grc' dir='ltr'>ἄθλιον</span> <span class='ocrx_word' id='word_1_345' title='bbox 3672 1917 3726 1972; x_wconf 80' lang='grc' dir='ltr'>δὲ</span> <span class='ocrx_word' id='word_1_346' title='bbox 3759 1921 3794 1972; x_wconf 69' lang='grc' dir='ltr'><strong>ἐς</strong></span> 
     </span>
    </p>
   </div>
   <div class='ocr_carea' id='block_1_46' title="bbox 2371 2008 3794 2088">
    <p class='ocr_par' dir='ltr' id='par_1_46' title="bbox 2371 2008 3794 2088">
     <span class='ocr_line' id='line_1_46' title="bbox 2371 2008 3794 2088; baseline -0.006 -18"><span class='ocrx_word' id='word_1_347' title='bbox 2371 2016 2536 2087; x_wconf 85' lang='grc' dir='ltr'>μόνον</span> <span class='ocrx_word' id='word_1_348' title='bbox 2570 2014 2840 2088; x_wconf 75' lang='grc' dir='ltr'>ηὕρισκεν</span> <span class='ocrx_word' id='word_1_349' title='bbox 2886 2012 3070 2083; x_wconf 75' lang='grc' dir='ltr'>ἑαυτῷ</span> <span class='ocrx_word' id='word_1_350' title='bbox 3107 2012 3448 2083; x_wconf 84' lang='grc' dir='ltr'>στοιχοῦντα,</span> <span class='ocrx_word' id='word_1_351' title='bbox 3505 2011 3600 2088; x_wconf 61' lang='grc' dir='ltr'>διαὶ</span> <span class='ocrx_word' id='word_1_352' title='bbox 3651 2008 3726 2080; x_wconf 78' lang='grc' dir='ltr'><strong>μὴ</strong></span> <span class='ocrx_word' id='word_1_353' title='bbox 3771 2008 3794 2062; x_wconf 78' lang='grc' dir='ltr'>ἔ</span> 
     </span>
    </p>
   </div>
   <div class='ocr_carea' id='block_1_47' title="bbox 2371 2080 3794 2179">
    <p class='ocr_par' dir='ltr' id='par_1_47' title="bbox 2371 2080 3794 2179">
     <span class='ocr_line' id='line_1_47' title="bbox 2371 2080 3794 2179; baseline -0.006 -17"><span class='ocrx_word' id='word_1_354' title='bbox 2371 2080 2524 2179; x_wconf 74' lang='grc' dir='ltr'>παρά</span> <span class='ocrx_word' id='word_1_355' title='bbox 2556 2080 2704 2172; x_wconf 71' lang='grc' dir='ltr'>τινος</span> <span class='ocrx_word' id='word_1_356' title='bbox 2730 2080 3164 2177; x_wconf 24' lang='grc' dir='ltr'>ἀντίληψιν,νκαὶ</span> <span class='ocrx_word' id='word_1_357' title='bbox 3192 2080 3337 2175; x_wconf 59' lang='grc' dir='ltr'>εἶχεν</span> <span class='ocrx_word' id='word_1_358' title='bbox 3374 2080 3536 2158; x_wconf 64' lang='grc' dir='ltr'>αὑτὸν</span> <span class='ocrx_word' id='word_1_359' title='bbox 3563 2102 3794 2170; x_wconf 64' lang='grc' dir='ltr'>παίγνιον</span> 
     </span>
    </p>
   </div>
   <div class='ocr_carea' id='block_1_48' title="bbox 2370 2195 3794 2274">
    <p class='ocr_par' dir='ltr' id='par_1_48' title="bbox 2370 2195 3794 2274">
     <span class='ocr_line' id='line_1_48' title="bbox 2370 2195 3794 2274; baseline -0.007 -17"><span class='ocrx_word' id='word_1_360' title='bbox 2370 2201 2646 2274; x_wconf 80' lang='grc' dir='ltr'>ἀνεχώρει</span> <span class='ocrx_word' id='word_1_361' title='bbox 2692 2198 3034 2272; x_wconf 82' lang='grc' dir='ltr'>εὐχαριστῶν</span> <span class='ocrx_word' id='word_1_362' title='bbox 3083 2197 3253 2268; x_wconf 80' lang='grc' dir='ltr'>αύτῷ,</span> <span class='ocrx_word' id='word_1_363' title='bbox 3289 2199 3384 2250; x_wconf 69' lang='grc' dir='ltr'>καὶ</span> <span class='ocrx_word' id='word_1_364' title='bbox 3434 2195 3794 2268; x_wconf 85' lang='grc' dir='ltr'>καταρώμενο</span> 
     </span>
    </p>
   </div>
   <div class='ocr_carea' id='block_1_49' title="bbox 2369 2285 3793 2364">
    <p class='ocr_par' dir='ltr' id='par_1_49' title="bbox 2369 2285 3793 2364">
     <span class='ocr_line' id='line_1_49' title="bbox 2369 2285 3793 2364; baseline -0.006 -15"><span class='ocrx_word' id='word_1_365' title='bbox 2369 2295 2567 2349; x_wconf 81' lang='grc' dir='ltr'>ἄλλων.</span> <span class='ocrx_word' id='word_1_366' title='bbox 2655 2292 2877 2364; x_wconf 80' lang='grc' dir='ltr'>Ἀμέλει</span> <span class='ocrx_word' id='word_1_367' title='bbox 2929 2292 3019 2345; x_wconf 86' lang='grc' dir='ltr'><strong>ὅτε</strong></span> <span class='ocrx_word' id='word_1_368' title='bbox 3076 2285 3200 2344; x_wconf 86' lang='grc' dir='ltr'>εἷπε</span> <span class='ocrx_word' id='word_1_369' title='bbox 3249 2289 3327 2360; x_wconf 72' lang='grc' dir='ltr'>τῷ</span> <span class='ocrx_word' id='word_1_370' title='bbox 3386 2288 3532 2360; x_wconf 75' lang='grc' dir='ltr'><strong>ἀδόᾷ</strong></span> <span class='ocrx_word' id='word_1_371' title='bbox 3582 2289 3793 2358; x_wconf 57' lang='grc' dir='ltr'>Μακαρη</span> 
     </span>
    </p>
   </div>
   <div class='ocr_carea' id='block_1_50' title="bbox 2371 2380 3794 2460">
    <p class='ocr_par' dir='ltr' id='par_1_50' title="bbox 2371 2380 3794 2460">
     <span class='ocr_line' id='line_1_50' title="bbox 2371 2380 3794 2460; baseline -0.006 -17"><span class='ocrx_word' id='word_1_372' title='bbox 2371 2390 2604 2460; x_wconf 76' lang='grc' dir='ltr'>πρᾶγμα</span> <span class='ocrx_word' id='word_1_373' title='bbox 2639 2387 2736 2441; x_wconf 75' lang='grc' dir='ltr'><strong>καὶ</strong></span> <span class='ocrx_word' id='word_1_374' title='bbox 2778 2385 2840 2440; x_wconf 75' lang='grc' dir='ltr'>τὸ</span> <span class='ocrx_word' id='word_1_375' title='bbox 2886 2385 3059 2455; x_wconf 73' lang='grc' dir='ltr'>ὄνομα</span> <span class='ocrx_word' id='word_1_376' title='bbox 3090 2383 3184 2438; x_wconf 76' lang='grc' dir='ltr'>τοῦ</span> <span class='ocrx_word' id='word_1_377' title='bbox 3219 2382 3473 2453; x_wconf 77' lang='grc' dir='ltr'>ἀδελφοῦ,</span> <span class='ocrx_word' id='word_1_378' title='bbox 3524 2382 3619 2435; x_wconf 76' lang='grc' dir='ltr'>καὶ</span> <span class='ocrx_word' id='word_1_379' title='bbox 3651 2380 3794 2452; x_wconf 74' lang='grc' dir='ltr'>ἕδρα;</span> 
     </span>
    </p>
   </div>
   <div class='ocr_carea' id='block_1_51' title="bbox 2368 2467 3794 2551">
    <p class='ocr_par' dir='ltr' id='par_1_51' title="bbox 2368 2467 3794 2551">
     <span class='ocr_line' id='line_1_51' title="bbox 2368 2467 3794 2551; baseline -0.008 -16"><span class='ocrx_word' id='word_1_380' title='bbox 2368 2481 2526 2548; x_wconf 77' lang='grc' dir='ltr'>ἅγιος</span> <span class='ocrx_word' id='word_1_381' title='bbox 2579 2479 2720 2551; x_wconf 77' lang='grc' dir='ltr'>πρὸς</span> <span class='ocrx_word' id='word_1_382' title='bbox 2752 2476 2935 2544; x_wconf 75' lang='grc' dir='ltr'>αὑτὸν,</span> <span class='ocrx_word' id='word_1_383' title='bbox 2971 2469 3129 2549; x_wconf 75' lang='grc' dir='ltr'>εὗρεν</span> <span class='ocrx_word' id='word_1_384' title='bbox 3179 2475 3259 2528; x_wconf 76' lang='grc' dir='ltr'>ὅτι</span> <span class='ocrx_word' id='word_1_385' title='bbox 3320 2474 3458 2544; x_wconf 85' lang='grc' dir='ltr'>α’ύτη</span> <span class='ocrx_word' id='word_1_386' title='bbox 3505 2467 3575 2543; x_wconf 79' lang='grc' dir='ltr'>ἦν</span> <span class='ocrx_word' id='word_1_387' title='bbox 3614 2473 3648 2541; x_wconf 79' lang='grc' dir='ltr'>ἡ</span> <span class='ocrx_word' id='word_1_388' title='bbox 3688 2472 3794 2525; x_wconf 76' lang='grc' dir='ltr'>αίτε</span> 
     </span>
    </p>
   </div>
   <div class='ocr_carea' id='block_1_52' title="bbox 2369 2564 3794 2641">
    <p class='ocr_par' dir='ltr' id='par_1_52' title="bbox 2369 2564 3794 2641">
     <span class='ocr_line' id='line_1_52' title="bbox 2369 2564 3794 2641; baseline -0.008 -14"><span class='ocrx_word' id='word_1_389' title='bbox 2369 2571 2651 2635; x_wconf 77' lang='grc' dir='ltr'>ἀπωλείας</span> <span class='ocrx_word' id='word_1_390' title='bbox 2680 2569 2871 2637; x_wconf 79' lang='grc' dir='ltr'>αὑτοῦ,</span> <span class='ocrx_word' id='word_1_391' title='bbox 2926 2564 3087 2641; x_wconf 80' lang='grc' dir='ltr'>ε’ύρεν</span> <span class='ocrx_word' id='word_1_392' title='bbox 3129 2567 3293 2621; x_wconf 75' lang='grc' dir='ltr'>αὑτὸν</span> <span class='ocrx_word' id='word_1_393' title='bbox 3336 2566 3411 2637; x_wconf 77' lang='grc' dir='ltr'><strong>μὴ</strong></span> <span class='ocrx_word' id='word_1_394' title='bbox 3444 2564 3668 2618; x_wconf 78' lang='grc' dir='ltr'>θέλοντα</span> <span class='ocrx_word' id='word_1_395' title='bbox 3700 2566 3794 2634; x_wconf 78' lang='grc' dir='ltr'>ὀμ(</span> 
     </span>
    </p>
   </div>
   <div class='ocr_carea' id='block_1_53' title="bbox 2369 2656 3794 2738">
    <p class='ocr_par' dir='ltr' id='par_1_53' title="bbox 2369 2656 3794 2738">
     <span class='ocr_line' id='line_1_53' title="bbox 2369 2656 3794 2738; baseline -0.007 -19"><span class='ocrx_word' id='word_1_396' title='bbox 2369 2682 2486 2733; x_wconf 87' lang='grc' dir='ltr'>σαι,</span> <span class='ocrx_word' id='word_1_397' title='bbox 2521 2660 2682 2738; x_wconf 73' lang='grc' dir='ltr'>εὗρεν</span> <span class='ocrx_word' id='word_1_398' title='bbox 2711 2664 2875 2719; x_wconf 83' lang='grc' dir='ltr'>αὐτὸν</span> <span class='ocrx_word' id='word_1_399' title='bbox 2909 2666 2986 2735; x_wconf 83' lang='grc' dir='ltr'><strong>μὴ</strong></span> <span class='ocrx_word' id='word_1_400' title='bbox 3018 2663 3213 2733; x_wconf 82' lang='grc' dir='ltr'>ἔχοντα</span> <span class='ocrx_word' id='word_1_401' title='bbox 3252 2659 3539 2730; x_wconf 71' lang='grc' dir='ltr'>συνήθειαν</span> <span class='ocrx_word' id='word_1_402' title='bbox 3574 2657 3670 2710; x_wconf 76' lang='grc' dir='ltr'>τοῦ</span> <span class='ocrx_word' id='word_1_403' title='bbox 3702 2656 3794 2722; x_wconf 77' lang='grc' dir='ltr'><strong>ὲξσ</strong></span> 
     </span>
    </p>
   </div>
   <div class='ocr_carea' id='block_1_54' title="bbox 2367 2752 3794 2829">
    <p class='ocr_par' dir='ltr' id='par_1_54' title="bbox 2367 2752 3794 2829">
     <span class='ocr_line' id='line_1_54' title="bbox 2367 2752 3794 2829; baseline -0.006 -18"><span class='ocrx_word' id='word_1_404' title='bbox 2367 2758 2482 2813; x_wconf 83' lang='grc' dir='ltr'>λειν</span> <span class='ocrx_word' id='word_1_405' title='bbox 2506 2776 2518 2788; x_wconf 92' lang='grc'><strong>·</strong></span> <span class='ocrx_word' id='word_1_406' title='bbox 2546 2759 2638 2813; x_wconf 82' lang='grc' dir='ltr'><strong>διὰ</strong></span> <span class='ocrx_word' id='word_1_407' title='bbox 2660 2757 2819 2813; x_wconf 81' lang='grc' dir='ltr'>τοῦτο</span> <span class='ocrx_word' id='word_1_408' title='bbox 2855 2758 2964 2829; x_wconf 82' lang='grc' dir='ltr'>γὰρ</span> <span class='ocrx_word' id='word_1_409' title='bbox 2989 2757 3084 2811; x_wconf 77' lang='grc' dir='ltr'>καὶ</span> <span class='ocrx_word' id='word_1_410' title='bbox 3118 2754 3383 2826; x_wconf 77' lang='grc' dir='ltr'>ἔστρεφεν</span> <span class='ocrx_word' id='word_1_411' title='bbox 3416 2753 3582 2807; x_wconf 74' lang='grc' dir='ltr'>αὐτὸν</span> <span class='ocrx_word' id='word_1_412' title='bbox 3606 2753 3742 2805; x_wconf 81' lang='grc' dir='ltr'>ὅπου</span> <span class='ocrx_word' id='word_1_413' title='bbox 3770 2752 3794 2820; x_wconf 56' lang='grc' dir='ltr'><strong>ἢ</strong></span> 
     </span>
    </p>
   </div>
   <div class='ocr_carea' id='block_1_55' title="bbox 2366 2842 3793 2923">
    <p class='ocr_par' dir='ltr' id='par_1_55' title="bbox 2366 2842 3793 2923">
     <span class='ocr_line' id='line_1_55' title="bbox 2366 2842 3793 2923; baseline -0.006 -19"><span class='ocrx_word' id='word_1_414' title='bbox 2366 2851 2398 2904; x_wconf 87' lang='lat'><strong>6</strong></span> <span class='ocrx_word' id='word_1_415' title='bbox 2443 2850 2659 2923; x_wconf 79' lang='grc' dir='ltr'>ἐχθρός.</span> <span class='ocrx_word' id='word_1_416' title='bbox 2719 2848 3106 2921; x_wconf 85' lang='grc' dir='ltr'>Ἑρωτώμενος</span> <span class='ocrx_word' id='word_1_417' title='bbox 3130 2848 3241 2918; x_wconf 81' lang='grc' dir='ltr'><strong>γὰρ</strong></span> <span class='ocrx_word' id='word_1_418' title='bbox 3272 2844 3378 2899; x_wconf 82' lang='grc' dir='ltr'><strong>ύπδ</strong></span> <span class='ocrx_word' id='word_1_419' title='bbox 3404 2843 3497 2898; x_wconf 81' lang='grc' dir='ltr'><strong>τού</strong></span> <span class='ocrx_word' id='word_1_420' title='bbox 3529 2842 3712 2912; x_wconf 77' lang='grc' dir='ltr'>ἁγίου,</span> <span class='ocrx_word' id='word_1_421' title='bbox 3749 2844 3793 2895; x_wconf 90' lang='grc' dir='ltr'><strong>Π</strong></span> 
     </span>
    </p>
   </div>
   <div class='ocr_carea' id='block_1_56' title="bbox 2372 2935 3794 3011">
    <p class='ocr_par' dir='ltr' id='par_1_56' title="bbox 2372 2935 3794 3011">
     <span class='ocr_line' id='line_1_56' title="bbox 2372 2935 3794 3011; baseline -0.009 -13"><span class='ocrx_word' id='word_1_422' title='bbox 2372 2945 2517 2998; x_wconf 79' lang='grc' dir='ltr'>κατὰ</span> <span class='ocrx_word' id='word_1_423' title='bbox 2557 2943 2640 3008; x_wconf 86' lang='grc' dir='ltr'>σὲ,</span> <span class='ocrx_word' id='word_1_424' title='bbox 2675 2941 2914 3011; x_wconf 84' lang='grc' dir='ltr'>ἀδελφέ;</span> <span class='ocrx_word' id='word_1_425' title='bbox 2961 2941 3186 3010; x_wconf 78' lang='grc' dir='ltr'>ἔλεγεν·</span> <span class='ocrx_word' id='word_1_426' title='bbox 3231 2957 3250 2991; x_wconf 84' lang='grc' dir='ltr'><strong>ι</strong></span> <span class='ocrx_word' id='word_1_427' title='bbox 3291 2939 3492 3009; x_wconf 81' lang='grc' dir='ltr'>Εὖχαῖς</span> <span class='ocrx_word' id='word_1_428' title='bbox 3528 2953 3624 2990; x_wconf 92' lang='grc' dir='ltr'><strong>σου</strong></span> <span class='ocrx_word' id='word_1_429' title='bbox 3678 2935 3794 2989; x_wconf 67' lang='grc' dir='ltr'>καλε</span> 
     </span>
    </p>
   </div>
   <div class='ocr_carea' id='block_1_57' title="bbox 2368 3026 3773 3100">
    <p class='ocr_par' dir='ltr' id='par_1_57' title="bbox 2368 3026 3773 3100">
     <span class='ocr_line' id='line_1_57' title="bbox 2368 3026 3773 3100; baseline -0.007 -10"><span class='ocrx_word' id='word_1_430' title='bbox 2368 3035 2466 3090; x_wconf 78' lang='grc' dir='ltr'><strong>καὶ</strong></span> <span class='ocrx_word' id='word_1_431' title='bbox 2502 3033 2663 3088; x_wconf 80' lang='grc' dir='ltr'>πάλιν</span> <span class='ocrx_word' id='word_1_432' title='bbox 2698 3032 2862 3087; x_wconf 81' lang='grc' dir='ltr'>αὑτοῦ</span> <span class='ocrx_word' id='word_1_433' title='bbox 2895 3031 3170 3100; x_wconf 79' lang='grc' dir='ltr'>λέγοντος,</span> <span class='ocrx_word' id='word_1_434' title='bbox 3206 3048 3227 3081; x_wconf 79' lang='grc' dir='ltr'><strong>ι</strong></span> <span class='ocrx_word' id='word_1_435' title='bbox 3265 3029 3338 3082; x_wconf 86' lang='grc' dir='ltr'>Ού</span> <span class='ocrx_word' id='word_1_436' title='bbox 3374 3026 3672 3098; x_wconf 85' lang='grc' dir='ltr'>πολεμοῦσί</span> <span class='ocrx_word' id='word_1_437' title='bbox 3713 3044 3773 3080; x_wconf 89' lang='grc' dir='ltr'><strong>σε</strong></span> 
     </span>
    </p>
   </div>
   <div class='ocr_carea' id='block_1_58' title="bbox 674 3111 2261 3216">
    <p class='ocr_par' dir='ltr' id='par_1_58' title="bbox 674 3111 2261 3186">
     <span class='ocr_line' id='line_1_58' title="bbox 674 3111 2261 3186; baseline 0.006 -19"><span class='ocrx_word' id='word_1_438' title='bbox 674 3111 805 3169; x_wconf 86' lang='lat' dir='ltr'><strong>illuc</strong></span> <span class='ocrx_word' id='word_1_439' title='bbox 836 3113 1237 3169; x_wconf 87' lang='lat' dir='ltr'><strong>circumvolvit.</strong></span> <span class='ocrx_word' id='word_1_440' title='bbox 1269 3113 1641 3186; x_wconf 85' lang='lat' dir='ltr'><strong>interrogatus</strong></span> <span class='ocrx_word' id='word_1_441' title='bbox 1663 3116 1808 3171; x_wconf 88' lang='lat' dir='ltr'><strong>enim</strong></span> <span class='ocrx_word' id='word_1_442' title='bbox 1836 3133 1868 3175; x_wconf 91' lang='lat' dir='ltr'><strong>a</strong></span> <span class='ocrx_word' id='word_1_443' title='bbox 1912 3120 2261 3177; x_wconf 85' lang='lat' dir='ltr'><strong>sanctissimo</strong></span> 
     </span>
    </p>
   </div>
   <div class='ocr_carea' id='block_1_59' title="bbox 2206 3111 3793 3216">
    <p class='ocr_par' dir='ltr' id='par_1_59' title="bbox 2206 3118 3793 3216">
     <span class='ocr_line' id='line_1_59' title="bbox 2206 3118 3793 3216; baseline -0.001 -41"><span class='ocrx_word' id='word_1_444' title='bbox 2206 3136 2265 3177; x_wconf 68' lang='lat' dir='ltr'><strong>eo</strong></span> <span class='ocrx_word' id='word_1_445' title='bbox 2292 3156 2335 3216; x_wconf 67' lang='grc' dir='ltr'>α</span> <span class='ocrx_word' id='word_1_446' title='bbox 2367 3125 2580 3196; x_wconf 77' lang='grc' dir='ltr'>γισμοὶ,</span> <span class='ocrx_word' id='word_1_447' title='bbox 2621 3143 2639 3177; x_wconf 81' lang='grc' dir='ltr'><strong>ι</strong></span> <span class='ocrx_word' id='word_1_448' title='bbox 2674 3122 3032 3195; x_wconf 79' lang='grc' dir='ltr'>ἀπεκρίνατο,</span> <span class='ocrx_word' id='word_1_449' title='bbox 3067 3134 3087 3173; x_wconf 73' lang='grc' dir='ltr'><strong>ι</strong></span> <span class='ocrx_word' id='word_1_450' title='bbox 3122 3120 3274 3185; x_wconf 85' lang='grc' dir='ltr'>Τέως</span> <span class='ocrx_word' id='word_1_451' title='bbox 3289 3118 3474 3198; x_wconf 66' lang='grc' dir='ltr'>καλῶς</span> <span class='ocrx_word' id='word_1_452' title='bbox 3498 3120 3639 3189; x_wconf 76' lang='grc' dir='ltr'>εἰμι’</span> <span class='ocrx_word' id='word_1_453' title='bbox 3666 3137 3685 3171; x_wconf 83' lang='grc' dir='ltr'><strong>ι</strong></span> <span class='ocrx_word' id='word_1_454' title='bbox 3710 3118 3793 3173; x_wconf 45' lang='grc' dir='ltr'><strong>καλ</strong></span> 
     </span>
    </p>
   </div>
   <div class='ocr_carea' id='block_1_60' title="bbox 672 3207 2266 3280">
    <p class='ocr_par' dir='ltr' id='par_1_60' title="bbox 672 3207 2266 3280">
     <span class='ocr_line' id='line_1_60' title="bbox 672 3207 2266 3280; baseline 0.008 -22"><span class='ocrx_word' id='word_1_455' title='bbox 672 3214 830 3276; x_wconf 87' lang='lat' dir='ltr'><strong>patre</strong></span> <span class='ocrx_word' id='word_1_456' title='bbox 876 3214 936 3259; x_wconf 93' lang='lat' dir='ltr'><strong>ut</strong></span> <span class='ocrx_word' id='word_1_457' title='bbox 984 3220 1108 3260; x_wconf 88' lang='lat' dir='ltr'><strong>sese</strong></span> <span class='ocrx_word' id='word_1_458' title='bbox 1148 3221 1235 3262; x_wconf 86' lang='lat' dir='ltr'><strong>res</strong></span> <span class='ocrx_word' id='word_1_459' title='bbox 1288 3207 1462 3277; x_wconf 83' lang='lat' dir='ltr'><strong>ipsius</strong></span> <span class='ocrx_word' id='word_1_460' title='bbox 1517 3208 1783 3264; x_wconf 88' lang='lat' dir='ltr'><strong>haberent</strong></span> <span class='ocrx_word' id='word_1_461' title='bbox 1830 3211 2128 3280; x_wconf 85' lang='lat' dir='ltr'><strong>hactenus,</strong></span> <span class='ocrx_word' id='word_1_462' title='bbox 2178 3229 2266 3270; x_wconf 88' lang='lat' dir='ltr'><strong>re-</strong></span> 
     </span>
    </p>
   </div>
   <div class='ocr_carea' id='block_1_61' title="bbox 674 3287 2273 3370">
    <p class='ocr_par' dir='ltr' id='par_1_61' title="bbox 674 3287 2273 3370">
     <span class='ocr_line' id='line_1_61' title="bbox 674 3287 2273 3370; baseline 0.007 -22"><span class='ocrx_word' id='word_1_463' title='bbox 674 3293 938 3362; x_wconf 89' lang='lat' dir='ltr'><strong>spondit:</strong></span> <span class='ocrx_word' id='word_1_464' title='bbox 975 3314 992 3346; x_wconf 82' lang='grc' dir='ltr'><strong>ι</strong></span> <span class='ocrx_word' id='word_1_465' title='bbox 1040 3294 1185 3350; x_wconf 85' lang='lat' dir='ltr'><strong>Bene</strong></span> <span class='ocrx_word' id='word_1_466' title='bbox 1220 3297 1328 3351; x_wconf 88' lang='lat' dir='ltr'><strong>tuis</strong></span> <span class='ocrx_word' id='word_1_467' title='bbox 1377 3298 1744 3365; x_wconf 86' lang='lat' dir='ltr'><strong>orationibus,</strong></span> <span class='ocrx_word' id='word_1_468' title='bbox 1786 3311 1983 3370; x_wconf 87' lang='lat' dir='ltr'><strong>pater;</strong></span> <span class='ocrx_word' id='word_1_469' title='bbox 2032 3321 2051 3354; x_wconf 70' lang='grc' dir='ltr'><strong>ι</strong></span> <span class='ocrx_word' id='word_1_470' title='bbox 2086 3287 2143 3357; x_wconf 79' lang='grc' dir='ltr'>εἴ</span> <span class='ocrx_word' id='word_1_471' title='bbox 2178 3304 2273 3359; x_wconf 91' lang='lat' dir='ltr'><strong>illo</strong></span> 
     </span>
    </p>
   </div>
   <div class='ocr_carea' id='block_1_62' title="bbox 678 3384 2272 3465">
    <p class='ocr_par' dir='ltr' id='par_1_62' title="bbox 678 3384 2272 3465">
     <span class='ocr_line' id='line_1_62' title="bbox 678 3384 2272 3465; baseline 0.007 -25"><span class='ocrx_word' id='word_1_472' title='bbox 678 3384 881 3441; x_wconf 86' lang='lat' dir='ltr'><strong>iterum</strong></span> <span class='ocrx_word' id='word_1_473' title='bbox 944 3386 1322 3458; x_wconf 80' lang='lat' dir='ltr'><strong>interrogante</strong></span> <span class='ocrx_word' id='word_1_474' title='bbox 1365 3391 1613 3462; x_wconf 90' lang='lat' dir='ltr'><strong>nunquid</strong></span> <span class='ocrx_word' id='word_1_475' title='bbox 1669 3394 1789 3451; x_wconf 88' lang='lat' dir='ltr'><strong>suis</strong></span> <span class='ocrx_word' id='word_1_476' title='bbox 1846 3395 2272 3465; x_wconf 75' lang='lat' dir='ltr'><strong>cogitationibus</strong></span> 
     </span>
    </p>
   </div>
   <div class='ocr_carea' id='block_1_63' title="bbox 677 3478 2272 3549">
    <p class='ocr_par' dir='ltr' id='par_1_63' title="bbox 677 3478 2272 3549">
     <span class='ocr_line' id='line_1_63' title="bbox 677 3478 2272 3549; baseline 0.009 -23"><span class='ocrx_word' id='word_1_477' title='bbox 677 3487 1109 3546; x_wconf 80' lang='lat' dir='ltr'><strong>oppugnaretur,</strong></span> <span class='ocrx_word' id='word_1_478' title='bbox 1148 3478 1324 3535; x_wconf 89' lang='lat' dir='ltr'><strong>noluit</strong></span> <span class='ocrx_word' id='word_1_479' title='bbox 1377 3478 1556 3549; x_wconf 86' lang='lat' dir='ltr'><strong>fateri,</strong></span> <span class='ocrx_word' id='word_1_480' title='bbox 1624 3483 1801 3540; x_wconf 90' lang='lat' dir='ltr'><strong>donec</strong></span> <span class='ocrx_word' id='word_1_481' title='bbox 1846 3485 1921 3539; x_wconf 92' lang='lat' dir='ltr'><strong>illi</strong></span> <span class='ocrx_word' id='word_1_482' title='bbox 1955 3485 2125 3541; x_wconf 89' lang='lat' dir='ltr'><strong>multa</strong></span> <span class='ocrx_word' id='word_1_483' title='bbox 2154 3496 2272 3541; x_wconf 88' lang='lat' dir='ltr'><strong>arte</strong></span> 
     </span>
    </p>
   </div>
   <div class='ocr_carea' id='block_1_64' title="bbox 672 3568 2270 3648">
    <p class='ocr_par' dir='ltr' id='par_1_64' title="bbox 672 3568 2270 3648">
     <span class='ocr_line' id='line_1_64' title="bbox 672 3568 2270 3648; baseline 0.007 -25"><span class='ocrx_word' id='word_1_484' title='bbox 672 3576 731 3624; x_wconf 87' lang='lat' dir='ltr'><strong>et</strong></span> <span class='ocrx_word' id='word_1_485' title='bbox 760 3568 947 3624; x_wconf 75' lang='lat' dir='ltr'><strong>labore</strong></span> <span class='ocrx_word' id='word_1_486' title='bbox 987 3572 1260 3640; x_wconf 79' lang='lat' dir='ltr'><strong>persuasit</strong></span> <span class='ocrx_word' id='word_1_487' title='bbox 1290 3586 1443 3642; x_wconf 86' lang='lat' dir='ltr'><strong>pater</strong></span> <span class='ocrx_word' id='word_1_488' title='bbox 1481 3575 1669 3631; x_wconf 85' lang='lat' dir='ltr'><strong>omnia</strong></span> <span class='ocrx_word' id='word_1_489' title='bbox 1692 3578 1908 3633; x_wconf 89' lang='lat' dir='ltr'><strong>edicere</strong></span> <span class='ocrx_word' id='word_1_490' title='bbox 1932 3594 2054 3648; x_wconf 71' lang='lat' dir='ltr'><strong>qua:</strong></span> <span class='ocrx_word' id='word_1_491' title='bbox 2075 3593 2270 3634; x_wconf 84' lang='lat' dir='ltr'><strong>contra</strong></span> 
     </span>
    </p>
   </div>
   <div class='ocr_carea' id='block_1_65' title="bbox 674 3659 2267 3739">
    <p class='ocr_par' dir='ltr' id='par_1_65' title="bbox 674 3659 2267 3739">
     <span class='ocr_line' id='line_1_65' title="bbox 674 3659 2267 3739; baseline 0.009 -25"><span class='ocrx_word' id='word_1_492' title='bbox 674 3659 915 3729; x_wconf 81' lang='lat' dir='ltr'><strong>seipsum</strong></span> <span class='ocrx_word' id='word_1_493' title='bbox 952 3674 1175 3731; x_wconf 86' lang='lat' dir='ltr'><strong>essent;</strong></span> <span class='ocrx_word' id='word_1_494' title='bbox 1220 3679 1615 3739; x_wconf 82' lang='lat' dir='ltr'><strong>sermonesque</strong></span> <span class='ocrx_word' id='word_1_495' title='bbox 1663 3668 1760 3725; x_wconf 85' lang='lat' dir='ltr'><strong>Dei</strong></span> <span class='ocrx_word' id='word_1_496' title='bbox 1826 3670 2086 3738; x_wconf 72' lang='lat' dir='ltr'><strong>affet-ens,</strong></span> <span class='ocrx_word' id='word_1_497' title='bbox 2142 3682 2267 3727; x_wconf 85' lang='lat' dir='ltr'><strong>tan-</strong></span> 
     </span>
    </p>
   </div>
   <div class='ocr_carea' id='block_1_66' title="bbox 673 3751 2270 3834">
    <p class='ocr_par' dir='ltr' id='par_1_66' title="bbox 673 3751 2270 3834">
     <span class='ocr_line' id='line_1_66' title="bbox 673 3751 2270 3834; baseline 0.008 -28"><span class='ocrx_word' id='word_1_498' title='bbox 673 3751 798 3807; x_wconf 85' lang='lat' dir='ltr'><strong>dem</strong></span> <span class='ocrx_word' id='word_1_499' title='bbox 861 3752 1015 3809; x_wconf 90' lang='lat' dir='ltr'><strong>illum</strong></span> <span class='ocrx_word' id='word_1_500' title='bbox 1076 3764 1284 3814; x_wconf 87' lang='lat' dir='ltr'><strong>tutatus</strong></span> <span class='ocrx_word' id='word_1_501' title='bbox 1349 3767 1519 3816; x_wconf 86' lang='lat' dir='ltr'><strong>estet</strong></span> <span class='ocrx_word' id='word_1_502' title='bbox 1554 3760 1845 3817; x_wconf 83' lang='lat' dir='ltr'><strong>convertit.</strong></span> <span class='ocrx_word' id='word_1_503' title='bbox 1909 3761 2067 3819; x_wconf 84' lang='lat' dir='ltr'><strong>Venit</strong></span> <span class='ocrx_word' id='word_1_504' title='bbox 2100 3764 2270 3834; x_wconf 81' lang='lat' dir='ltr'><strong>igitur</strong></span> 
     </span>
    </p>
   </div>
   <div class='ocr_carea' id='block_1_67' title="bbox 674 3845 2267 3922">
    <p class='ocr_par' dir='ltr' id='par_1_67' title="bbox 674 3845 2267 3922">
     <span class='ocr_line' id='line_1_67' title="bbox 674 3845 2267 3922; baseline 0.008 -23"><span class='ocrx_word' id='word_1_505' title='bbox 674 3858 899 3900; x_wconf 90' lang='lat' dir='ltr'><strong>rursum</strong></span> <span class='ocrx_word' id='word_1_506' title='bbox 951 3845 1213 3904; x_wconf 89' lang='lat' dir='ltr'><strong>inimicus</strong></span> <span class='ocrx_word' id='word_1_507' title='bbox 1258 3863 1327 3903; x_wconf 84' lang='lat' dir='ltr'><strong>ex</strong></span> <span class='ocrx_word' id='word_1_508' title='bbox 1358 3851 1757 3907; x_wconf 85' lang='lat' dir='ltr'><strong>consuetudine</strong></span> <span class='ocrx_word' id='word_1_509' title='bbox 1803 3853 2012 3921; x_wconf 84' lang='lat' dir='ltr'><strong>volens,</strong></span> <span class='ocrx_word' id='word_1_510' title='bbox 2037 3863 2096 3909; x_wconf 92' lang='lat' dir='ltr'><strong>ut</strong></span> <span class='ocrx_word' id='word_1_511' title='bbox 2120 3866 2267 3922; x_wconf 86' lang='lat' dir='ltr'><strong>ante,</strong></span> 
     </span>
    </p>
   </div>
   <div class='ocr_carea' id='block_1_68' title="bbox 672 3934 2269 4017">
    <p class='ocr_par' dir='ltr' id='par_1_68' title="bbox 672 3934 2269 4017">
     <span class='ocr_line' id='line_1_68' title="bbox 672 3934 2269 4017; baseline 0.009 -31"><span class='ocrx_word' id='word_1_512' title='bbox 672 3934 854 4004; x_wconf 90' lang='lat' dir='ltr'><strong>ipsum</strong></span> <span class='ocrx_word' id='word_1_513' title='bbox 915 3934 1198 4006; x_wconf 83' lang='lat' dir='ltr'><strong>dejicere;</strong></span> <span class='ocrx_word' id='word_1_514' title='bbox 1251 3937 1569 4012; x_wconf 85' lang='lat' dir='ltr'><strong>frustraque</strong></span> <span class='ocrx_word' id='word_1_515' title='bbox 1604 3953 1660 3998; x_wconf 88' lang='lat' dir='ltr'><strong>et</strong></span> <span class='ocrx_word' id='word_1_516' title='bbox 1686 3945 1914 4015; x_wconf 88' lang='lat' dir='ltr'><strong>turpiter</strong></span> <span class='ocrx_word' id='word_1_517' title='bbox 1945 3946 2076 4017; x_wconf 82' lang='lat' dir='ltr'><strong>egit.</strong></span> <span class='ocrx_word' id='word_1_518' title='bbox 2112 3944 2269 4001; x_wconf 82' lang='lat' dir='ltr'><strong>luve-</strong></span> 
     </span>
    </p>
   </div>
   <div class='ocr_carea' id='block_1_69' title="bbox 670 4024 2262 4111">
    <p class='ocr_par' dir='ltr' id='par_1_69' title="bbox 670 4024 2262 4111">
     <span class='ocr_line' id='line_1_69' title="bbox 670 4024 2262 4111; baseline 0.009 -30"><span class='ocrx_word' id='word_1_519' title='bbox 670 4024 754 4082; x_wconf 88' lang='lat' dir='ltr'><strong>nit</strong></span> <span class='ocrx_word' id='word_1_520' title='bbox 800 4029 950 4083; x_wconf 89' lang='lat' dir='ltr'><strong>enim</strong></span> <span class='ocrx_word' id='word_1_521' title='bbox 996 4044 1127 4085; x_wconf 82' lang='lat' dir='ltr'><strong>eum</strong></span> <span class='ocrx_word' id='word_1_522' title='bbox 1169 4029 1542 4101; x_wconf 84' lang='lat' dir='ltr'><strong>obfirmatum,</strong></span> <span class='ocrx_word' id='word_1_523' title='bbox 1582 4050 1764 4107; x_wconf 89' lang='lat' dir='ltr'><strong>neque</strong></span> <span class='ocrx_word' id='word_1_524' title='bbox 1804 4046 1864 4093; x_wconf 90' lang='lat' dir='ltr'><strong>ut</strong></span> <span class='ocrx_word' id='word_1_525' title='bbox 1885 4028 2046 4093; x_wconf 78' lang='lat' dir='ltr'><strong>antea</strong></span> <span class='ocrx_word' id='word_1_526' title='bbox 2063 4054 2262 4111; x_wconf 81' lang='lat' dir='ltr'><strong>vagum</strong></span> 
     </span>
    </p>
   </div>
   <div class='ocr_carea' id='block_1_70' title="bbox 660 4117 2265 4196">
    <p class='ocr_par' dir='ltr' id='par_1_70' title="bbox 660 4117 2265 4196">
     <span class='ocr_line' id='line_1_70' title="bbox 660 4117 2265 4196; baseline 0.009 -25"><span class='ocrx_word' id='word_1_527' title='bbox 660 4126 727 4172; x_wconf 84' lang='lat' dir='ltr'><strong>et</strong></span> <span class='ocrx_word' id='word_1_528' title='bbox 767 4117 1025 4176; x_wconf 90' lang='lat' dir='ltr'><strong>delirum.</strong></span> <span class='ocrx_word' id='word_1_529' title='bbox 1087 4120 1352 4179; x_wconf 85' lang='lat' dir='ltr'><strong>Discessit</strong></span> <span class='ocrx_word' id='word_1_530' title='bbox 1402 4125 1474 4181; x_wconf 89' lang='lat' dir='ltr'><strong>ab</strong></span> <span class='ocrx_word' id='word_1_531' title='bbox 1502 4140 1570 4182; x_wconf 90' lang='lat' dir='ltr'><strong>eo</strong></span> <span class='ocrx_word' id='word_1_532' title='bbox 1599 4127 1845 4184; x_wconf 89' lang='lat' dir='ltr'><strong>delusus.</strong></span> <span class='ocrx_word' id='word_1_533' title='bbox 1881 4126 2064 4196; x_wconf 86' lang='lat' dir='ltr'><strong>Quare</strong></span> <span class='ocrx_word' id='word_1_534' title='bbox 2092 4130 2265 4186; x_wconf 91' lang='lat' dir='ltr'><strong>inter-</strong></span> 
     </span>
    </p>
   </div>
   <div class='ocr_carea' id='block_1_71' title="bbox 668 4216 2260 4291">
    <p class='ocr_par' dir='ltr' id='par_1_71' title="bbox 668 4216 2260 4291">
     <span class='ocr_line' id='line_1_71' title="bbox 668 4216 2260 4291; baseline 0.008 -25"><span class='ocrx_word' id='word_1_535' title='bbox 668 4223 893 4283; x_wconf 79' lang='lat' dir='ltr'><strong>rogatus</strong></span> <span class='ocrx_word' id='word_1_536' title='bbox 931 4216 1280 4284; x_wconf 86' lang='lat' dir='ltr'><strong>postmodum</strong></span> <span class='ocrx_word' id='word_1_537' title='bbox 1311 4217 1566 4275; x_wconf 85' lang='lat' dir='ltr'><strong>diabolus</strong></span> <span class='ocrx_word' id='word_1_538' title='bbox 1609 4235 1641 4276; x_wconf 88' lang='lat' dir='ltr'><strong>a</strong></span> <span class='ocrx_word' id='word_1_539' title='bbox 1684 4231 1838 4291; x_wconf 86' lang='lat' dir='ltr'><strong>patre</strong></span> <span class='ocrx_word' id='word_1_540' title='bbox 1860 4232 2052 4278; x_wconf 79' lang='lat' dir='ltr'><strong>sancto</strong></span> <span class='ocrx_word' id='word_1_541' title='bbox 2083 4234 2144 4278; x_wconf 91' lang='lat' dir='ltr'><strong>ut</strong></span> <span class='ocrx_word' id='word_1_542' title='bbox 2172 4238 2260 4279; x_wconf 88' lang='lat' dir='ltr'><strong>se-</strong></span> 
     </span>
    </p>
   </div>
   <div class='ocr_carea' id='block_1_72' title="bbox 666 4304 2268 4378">
    <p class='ocr_par' dir='ltr' id='par_1_72' title="bbox 666 4304 2268 4378">
     <span class='ocr_line' id='line_1_72' title="bbox 666 4304 2268 4378; baseline 0.009 -19"><span class='ocrx_word' id='word_1_543' title='bbox 666 4317 729 4360; x_wconf 86' lang='lat' dir='ltr'><strong>se</strong></span> <span class='ocrx_word' id='word_1_544' title='bbox 762 4305 994 4361; x_wconf 83' lang='lat' dir='ltr'><strong>haberet</strong></span> <span class='ocrx_word' id='word_1_545' title='bbox 1013 4304 1185 4362; x_wconf 84' lang='lat' dir='ltr'><strong>frater</strong></span> <span class='ocrx_word' id='word_1_546' title='bbox 1217 4307 1308 4364; x_wconf 91' lang='lat' dir='ltr'><strong>ille</strong></span> <span class='ocrx_word' id='word_1_547' title='bbox 1337 4309 1550 4367; x_wconf 83' lang='lat' dir='ltr'><strong>amicus</strong></span> <span class='ocrx_word' id='word_1_548' title='bbox 1571 4327 1728 4378; x_wconf 90' lang='lat' dir='ltr'><strong>suus,</strong></span> <span class='ocrx_word' id='word_1_549' title='bbox 1777 4313 1921 4370; x_wconf 89' lang='lat' dir='ltr'><strong>haud</strong></span> <span class='ocrx_word' id='word_1_550' title='bbox 1967 4315 2119 4370; x_wconf 81' lang='lat' dir='ltr'><strong>illum</strong></span> <span class='ocrx_word' id='word_1_551' title='bbox 2155 4332 2268 4373; x_wconf 86' lang='lat' dir='ltr'><strong>am-</strong></span> 
     </span>
    </p>
   </div>
   <div class='ocr_carea' id='block_1_73' title="bbox 2372 3208 3794 3289">
    <p class='ocr_par' dir='ltr' id='par_1_73' title="bbox 2372 3208 3794 3289">
     <span class='ocr_line' id='line_1_73' title="bbox 2372 3208 3794 3289; baseline -0.006 -18"><span class='ocrx_word' id='word_1_552' title='bbox 2372 3217 2567 3289; x_wconf 74' lang='grc' dir='ltr'>ἥθελεν</span> <span class='ocrx_word' id='word_1_553' title='bbox 2589 3215 2950 3288; x_wconf 83' lang='grc' dir='ltr'>ὁμολογῆσαι,</span> <span class='ocrx_word' id='word_1_554' title='bbox 2984 3214 3092 3279; x_wconf 76' lang='grc' dir='ltr'><strong>ἓως</strong></span> <span class='ocrx_word' id='word_1_555' title='bbox 3121 3208 3185 3268; x_wconf 74' lang='grc' dir='ltr'>οὗ</span> <span class='ocrx_word' id='word_1_556' title='bbox 3221 3212 3360 3283; x_wconf 80' lang='grc' dir='ltr'>μετὰ</span> <span class='ocrx_word' id='word_1_557' title='bbox 3392 3214 3587 3282; x_wconf 76' lang='grc' dir='ltr'>τέχνης</span> <span class='ocrx_word' id='word_1_558' title='bbox 3615 3211 3794 3265; x_wconf 78' lang='grc' dir='ltr'>ἔπεισε</span> 
     </span>
    </p>
   </div>
   <div class='ocr_carea' id='block_1_74' title="bbox 2370 3302 3794 3376">
    <p class='ocr_par' dir='ltr' id='par_1_74' title="bbox 2370 3302 3794 3376">
     <span class='ocr_line' id='line_1_74' title="bbox 2370 3302 3794 3376; baseline -0.004 -14"><span class='ocrx_word' id='word_1_559' title='bbox 2370 3307 2465 3362; x_wconf 83' lang='grc' dir='ltr'><strong>τὸν</strong></span> <span class='ocrx_word' id='word_1_560' title='bbox 2497 3309 2527 3362; x_wconf 87' lang='lat'><strong>6</strong></span> <span class='ocrx_word' id='word_1_561' title='bbox 2575 3308 2732 3376; x_wconf 78' lang='grc' dir='ltr'>ἆγιος</span> <span class='ocrx_word' id='word_1_562' title='bbox 2760 3305 2999 3371; x_wconf 78' lang='grc' dir='ltr'>ἐξειπεῖν</span> <span class='ocrx_word' id='word_1_563' title='bbox 3044 3306 3113 3359; x_wconf 80' lang='grc' dir='ltr'>τὰ</span> <span class='ocrx_word' id='word_1_564' title='bbox 3158 3305 3282 3359; x_wconf 84' lang='grc' dir='ltr'>καθ’</span> <span class='ocrx_word' id='word_1_565' title='bbox 3314 3302 3532 3370; x_wconf 80' lang='grc' dir='ltr'>ἑαυτὸν,</span> <span class='ocrx_word' id='word_1_566' title='bbox 3582 3305 3681 3357; x_wconf 75' lang='grc' dir='ltr'><strong>καὶ</strong></span> <span class='ocrx_word' id='word_1_567' title='bbox 3728 3303 3794 3357; x_wconf 89' lang='grc' dir='ltr'><strong>λα</strong></span> 
     </span>
    </p>
   </div>
   <div class='ocr_carea' id='block_1_75' title="bbox 2374 3396 3794 3473">
    <p class='ocr_par' dir='ltr' id='par_1_75' title="bbox 2374 3396 3794 3473">
     <span class='ocr_line' id='line_1_75' title="bbox 2374 3396 3794 3473; baseline -0.003 -19"><span class='ocrx_word' id='word_1_568' title='bbox 2374 3400 2529 3473; x_wconf 87' lang='grc' dir='ltr'>αύτῷ</span> <span class='ocrx_word' id='word_1_569' title='bbox 2579 3400 2674 3455; x_wconf 81' lang='grc' dir='ltr'><strong>τὸν</strong></span> <span class='ocrx_word' id='word_1_570' title='bbox 2722 3398 2883 3468; x_wconf 76' lang='grc' dir='ltr'>λόγον</span> <span class='ocrx_word' id='word_1_571' title='bbox 2913 3397 3009 3452; x_wconf 79' lang='grc' dir='ltr'>τοῦ</span> <span class='ocrx_word' id='word_1_572' title='bbox 3055 3396 3216 3465; x_wconf 82' lang='grc' dir='ltr'>Θεοῦ,</span> <span class='ocrx_word' id='word_1_573' title='bbox 3263 3397 3615 3468; x_wconf 73' lang='grc' dir='ltr'>ἠσφαλίσατο</span> <span class='ocrx_word' id='word_1_574' title='bbox 3662 3396 3794 3450; x_wconf 73' lang='grc' dir='ltr'>αὐτὸ</span> 
     </span>
    </p>
   </div>
   <div class='ocr_carea' id='block_1_76' title="bbox 2375 3484 3794 3560">
    <p class='ocr_par' dir='ltr' id='par_1_76' title="bbox 2375 3484 3794 3560">
     <span class='ocr_line' id='line_1_76' title="bbox 2375 3484 3794 3560; baseline -0.002 -16"><span class='ocrx_word' id='word_1_575' title='bbox 2375 3488 2740 3560; x_wconf 74' lang='grc' dir='ltr'>ὑπέστρεψεν.</span> <span class='ocrx_word' id='word_1_576' title='bbox 2782 3485 2988 3542; x_wconf 84' lang='grc' dir='ltr'>Ἦλθεν</span> <span class='ocrx_word' id='word_1_577' title='bbox 3028 3484 3123 3542; x_wconf 76' lang='grc' dir='ltr'><strong>οὖν</strong></span> <span class='ocrx_word' id='word_1_578' title='bbox 3166 3488 3330 3543; x_wconf 86' lang='grc' dir='ltr'>πάλιν</span> <span class='ocrx_word' id='word_1_579' title='bbox 3382 3490 3411 3541; x_wconf 91' lang='lat'><strong>6</strong></span> <span class='ocrx_word' id='word_1_580' title='bbox 3457 3488 3655 3560; x_wconf 74' lang='grc' dir='ltr'>ἐχθρὸς</span> <span class='ocrx_word' id='word_1_581' title='bbox 3697 3504 3794 3542; x_wconf 72' lang='grc' dir='ltr'>κατ</span> 
     </span>
    </p>
   </div>
   <div class='ocr_carea' id='block_1_77' title="bbox 2375 3578 3794 3651">
    <p class='ocr_par' dir='ltr' id='par_1_77' title="bbox 2375 3578 3794 3651">
     <span class='ocr_line' id='line_1_77' title="bbox 2375 3578 3794 3651; baseline -0.004 -18"><span class='ocrx_word' id='word_1_582' title='bbox 2375 3579 2670 3651; x_wconf 79' lang='grc' dir='ltr'>συνήθειαν</span> <span class='ocrx_word' id='word_1_583' title='bbox 2723 3578 2895 3633; x_wconf 84' lang='grc' dir='ltr'>θέλων</span> <span class='ocrx_word' id='word_1_584' title='bbox 2951 3578 3108 3649; x_wconf 72' lang='grc' dir='ltr'>ῥίψαι</span> <span class='ocrx_word' id='word_1_585' title='bbox 3161 3579 3362 3645; x_wconf 74' lang='grc' dir='ltr'>αὑτὸν,</span> <span class='ocrx_word' id='word_1_586' title='bbox 3420 3580 3514 3630; x_wconf 71' lang='grc' dir='ltr'><strong>καὶ</strong></span> <span class='ocrx_word' id='word_1_587' title='bbox 3549 3578 3794 3649; x_wconf 55' lang='grc' dir='ltr'>ἠσχημόι</span> 
     </span>
    </p>
   </div>
   <div class='ocr_carea' id='block_1_78' title="bbox 2374 3664 3794 3745">
    <p class='ocr_par' dir='ltr' id='par_1_78' title="bbox 2374 3664 3794 3745">
     <span class='ocr_line' id='line_1_78' title="bbox 2374 3664 3794 3745; baseline -0.002 -19"><span class='ocrx_word' id='word_1_588' title='bbox 2374 3666 2517 3745; x_wconf 75' lang='grc' dir='ltr'>Εὗρε</span> <span class='ocrx_word' id='word_1_589' title='bbox 2562 3672 2671 3744; x_wconf 81' lang='grc' dir='ltr'><strong>γὰρ</strong></span> <span class='ocrx_word' id='word_1_590' title='bbox 2705 3671 2867 3726; x_wconf 67' lang='grc' dir='ltr'>αὑτὸν</span> <span class='ocrx_word' id='word_1_591' title='bbox 2899 3670 3321 3741; x_wconf 73' lang='grc' dir='ltr'>ἐστηριγμένον,</span> <span class='ocrx_word' id='word_1_592' title='bbox 3356 3664 3515 3740; x_wconf 75' lang='grc' dir='ltr'>εὗρεν</span> <span class='ocrx_word' id='word_1_593' title='bbox 3566 3671 3731 3723; x_wconf 75' lang='grc' dir='ltr'>αὑτὸν</span> <span class='ocrx_word' id='word_1_594' title='bbox 3772 3689 3794 3739; x_wconf 73' lang='grc' dir='ltr'><strong>ι.</strong></span> 
     </span>
    </p>
   </div>
   <div class='ocr_carea' id='block_1_79' title="bbox 2372 3761 3794 3836">
    <p class='ocr_par' dir='ltr' id='par_1_79' title="bbox 2372 3761 3794 3836">
     <span class='ocr_line' id='line_1_79' title="bbox 2372 3761 3794 3836; baseline -0.001 -19"><span class='ocrx_word' id='word_1_595' title='bbox 2372 3763 2797 3836; x_wconf 76' lang='grc' dir='ltr'>χλευαζόμενον.</span> <span class='ocrx_word' id='word_1_596' title='bbox 2862 3762 3132 3832; x_wconf 75' lang='grc' dir='ltr'>Ἀπῆλθεν</span> <span class='ocrx_word' id='word_1_597' title='bbox 3179 3761 3368 3814; x_wconf 74' lang='grc' dir='ltr'>λοιπὸν</span> <span class='ocrx_word' id='word_1_598' title='bbox 3417 3761 3725 3831; x_wconf 79' lang='grc' dir='ltr'>ἄπρακτος,</span> <span class='ocrx_word' id='word_1_599' title='bbox 3761 3764 3794 3815; x_wconf 84' lang='grc' dir='ltr'><strong>ἀ</strong></span> 
     </span>
    </p>
   </div>
   <div class='ocr_carea' id='block_1_80' title="bbox 2372 3852 3783 3929">
    <p class='ocr_par' dir='ltr' id='par_1_80' title="bbox 2372 3852 3783 3929">
     <span class='ocr_line' id='line_1_80' title="bbox 2372 3852 3783 3929; baseline -0.004 -19"><span class='ocrx_word' id='word_1_600' title='bbox 2372 3856 2835 3929; x_wconf 80' lang='grc' dir='ltr'>κατῃσχυμμένος</span> <span class='ocrx_word' id='word_1_601' title='bbox 2865 3853 2958 3907; x_wconf 78' lang='grc' dir='ltr'>καὶ</span> <span class='ocrx_word' id='word_1_602' title='bbox 2989 3854 3118 3925; x_wconf 84' lang='grc' dir='ltr'>παρ’</span> <span class='ocrx_word' id='word_1_603' title='bbox 3152 3853 3339 3907; x_wconf 77' lang='grc' dir='ltr'>αὑτοῦ.</span> <span class='ocrx_word' id='word_1_604' title='bbox 3366 3854 3467 3907; x_wconf 82' lang='grc' dir='ltr'><strong>Διὰ</strong></span> <span class='ocrx_word' id='word_1_605' title='bbox 3490 3852 3649 3906; x_wconf 80' lang='grc' dir='ltr'>τοῦτο</span> <span class='ocrx_word' id='word_1_606' title='bbox 3685 3856 3783 3905; x_wconf 77' lang='grc' dir='ltr'><strong>ἐπε</strong></span> 
     </span>
    </p>
   </div>
   <div class='ocr_carea' id='block_1_81' title="bbox 2371 3944 3788 4017">
    <p class='ocr_par' dir='ltr' id='par_1_81' title="bbox 2371 3944 3788 4017">
     <span class='ocr_line' id='line_1_81' title="bbox 2371 3944 3788 4017; baseline -0.003 -16"><span class='ocrx_word' id='word_1_607' title='bbox 2371 3948 2489 4011; x_wconf 78' lang='grc' dir='ltr'>θεὶς</span> <span class='ocrx_word' id='word_1_608' title='bbox 2534 3947 2698 4001; x_wconf 88' lang='grc' dir='ltr'>πάλιν</span> <span class='ocrx_word' id='word_1_609' title='bbox 2751 3947 2859 4001; x_wconf 79' lang='grc' dir='ltr'><strong>ὑπὸ</strong></span> <span class='ocrx_word' id='word_1_610' title='bbox 2907 3944 3002 3999; x_wconf 80' lang='grc' dir='ltr'>τοῦ</span> <span class='ocrx_word' id='word_1_611' title='bbox 3056 3944 3238 4014; x_wconf 84' lang='grc' dir='ltr'>ἁγίου,</span> <span class='ocrx_word' id='word_1_612' title='bbox 3277 3962 3296 3996; x_wconf 85' lang='grc' dir='ltr'><strong>ι</strong></span> <span class='ocrx_word' id='word_1_613' title='bbox 3355 3944 3479 4008; x_wconf 83' lang='grc' dir='ltr'>Πῶς</span> <span class='ocrx_word' id='word_1_614' title='bbox 3523 3944 3639 4017; x_wconf 75' lang='grc' dir='ltr'>ἔχει</span> <span class='ocrx_word' id='word_1_615' title='bbox 3692 3946 3788 3998; x_wconf 83' lang='grc' dir='ltr'><strong>ὲκε</strong></span> 
     </span>
    </p>
   </div>
   <div class='ocr_carea' id='block_1_82' title="bbox 2370 4032 3769 4110">
    <p class='ocr_par' dir='ltr' id='par_1_82' title="bbox 2370 4032 3769 4110">
     <span class='ocr_line' id='line_1_82' title="bbox 2370 4032 3769 4110; baseline -0.002 -17"><span class='ocrx_word' id='word_1_616' title='bbox 2370 4037 2606 4110; x_wconf 80' lang='grc' dir='ltr'>ἀδελφὸς</span> <span class='ocrx_word' id='word_1_617' title='bbox 2653 4039 2682 4092; x_wconf 91' lang='lat'><strong>6</strong></span> <span class='ocrx_word' id='word_1_618' title='bbox 2733 4040 2897 4110; x_wconf 85' lang='grc' dir='ltr'>φίλος</span> <span class='ocrx_word' id='word_1_619' title='bbox 2927 4055 3022 4091; x_wconf 88' lang='grc' dir='ltr'><strong>σου</strong></span> <span class='ocrx_word' id='word_1_620' title='bbox 3046 4054 3060 4104; x_wconf 86' lang='lat'><strong>;</strong></span> <span class='ocrx_word' id='word_1_621' title='bbox 3087 4057 3106 4089; x_wconf 73' lang='grc' dir='ltr'><strong>ι</strong></span> <span class='ocrx_word' id='word_1_622' title='bbox 3145 4038 3248 4090; x_wconf 85' lang='grc' dir='ltr'>οὐκ</span> <span class='ocrx_word' id='word_1_623' title='bbox 3298 4036 3378 4091; x_wconf 76' lang='grc' dir='ltr'>ἔτι</span> <span class='ocrx_word' id='word_1_624' title='bbox 3412 4032 3569 4090; x_wconf 71' lang='grc' dir='ltr'>εἷπεν</span> <span class='ocrx_word' id='word_1_625' title='bbox 3601 4037 3769 4091; x_wconf 67' lang='grc' dir='ltr'>αὐτὸν</span> 
     </span>
    </p>
   </div>
   <div class='ocr_carea' id='block_1_83' title="bbox 2370 4127 3794 4204">
    <p class='ocr_par' dir='ltr' id='par_1_83' title="bbox 2370 4127 3794 4204">
     <span class='ocr_line' id='line_1_83' title="bbox 2370 4127 3794 4204; baseline -0.002 -17"><span class='ocrx_word' id='word_1_626' title='bbox 2370 4131 2492 4187; x_wconf 76' lang='grc' dir='ltr'>ἀλλ’</span> <span class='ocrx_word' id='word_1_627' title='bbox 2518 4131 2735 4204; x_wconf 75' lang='grc' dir='ltr'>ἐχθρὸν,</span> <span class='ocrx_word' id='word_1_628' title='bbox 2765 4131 2860 4186; x_wconf 81' lang='grc' dir='ltr'>καὶ</span> <span class='ocrx_word' id='word_1_629' title='bbox 2889 4130 3245 4203; x_wconf 82' lang='grc' dir='ltr'>κατηράσατο</span> <span class='ocrx_word' id='word_1_630' title='bbox 3275 4127 3461 4193; x_wconf 75' lang='grc' dir='ltr'>αὐτὸν,</span> <span class='ocrx_word' id='word_1_631' title='bbox 3486 4130 3689 4199; x_wconf 80' lang='grc' dir='ltr'>λέγων,</span> <span class='ocrx_word' id='word_1_632' title='bbox 3709 4130 3794 4184; x_wconf 83' lang='grc' dir='ltr'>ὃτι</span> 
     </span>
    </p>
   </div>
   <div class='ocr_carea' id='block_1_84' title="bbox 2372 4220 3794 4295">
    <p class='ocr_par' dir='ltr' id='par_1_84' title="bbox 2372 4220 3794 4295">
     <span class='ocr_line' id='line_1_84' title="bbox 2372 4220 3794 4295; baseline -0.004 -18"><span class='ocrx_word' id='word_1_633' title='bbox 2372 4224 2538 4288; x_wconf 78' lang='grc' dir='ltr'>αὐτὸς</span> <span class='ocrx_word' id='word_1_634' title='bbox 2565 4223 2895 4295; x_wconf 81' lang='grc' dir='ltr'>διεστράφη,</span> <span class='ocrx_word' id='word_1_635' title='bbox 2921 4223 3018 4276; x_wconf 71' lang='grc' dir='ltr'>καὶ</span> <span class='ocrx_word' id='word_1_636' title='bbox 3047 4222 3169 4275; x_wconf 76' lang='grc' dir='ltr'>οὐδὲ</span> <span class='ocrx_word' id='word_1_637' title='bbox 3215 4221 3377 4285; x_wconf 85' lang='grc' dir='ltr'>αὐτός</span> <span class='ocrx_word' id='word_1_638' title='bbox 3409 4238 3501 4292; x_wconf 85' lang='grc' dir='ltr'>μοι</span> <span class='ocrx_word' id='word_1_639' title='bbox 3536 4220 3794 4274; x_wconf 86' lang='grc' dir='ltr'>πείθεται</span> 
     </span>
    </p>
   </div>
   <div class='ocr_carea' id='block_1_85' title="bbox 2374 4314 3306 4388">
    <p class='ocr_par' dir='ltr' id='par_1_85' title="bbox 2374 4314 3306 4388">
     <span class='ocr_line' id='line_1_85' title="bbox 2374 4314 3306 4388; baseline -0.006 -16"><span class='ocrx_word' id='word_1_640' title='bbox 2374 4315 2716 4388; x_wconf 83' lang='grc' dir='ltr'>ἀγριώτερος</span> <span class='ocrx_word' id='word_1_641' title='bbox 2749 4315 2969 4371; x_wconf 81' lang='grc' dir='ltr'>πάντων</span> <span class='ocrx_word' id='word_1_642' title='bbox 2998 4314 3240 4383; x_wconf 76' lang='grc' dir='ltr'>ἐγένετο.</span> <span class='ocrx_word' id='word_1_643' title='bbox 3288 4332 3306 4365; x_wconf 76' lang='grc' dir='ltr'><strong>ι</strong></span> 
     </span>
    </p>
   </div>
   <div class='ocr_carea' id='block_1_86' title="bbox 666 4395 3779 4476">
    <p class='ocr_par' dir='ltr' id='par_1_86' title="bbox 666 4395 3779 4476">
     <span class='ocr_line' id='line_1_86' title="bbox 666 4395 3779 4476; baseline 0.003 -27"><span class='ocrx_word' id='word_1_644' title='bbox 666 4395 813 4466; x_wconf 74' lang='lat' dir='ltr'><strong>ptius</strong></span> <span class='ocrx_word' id='word_1_645' title='bbox 874 4397 1166 4468; x_wconf 85' lang='lat' dir='ltr'><strong>appellavit</strong></span> <span class='ocrx_word' id='word_1_646' title='bbox 1228 4401 1492 4470; x_wconf 88' lang='lat' dir='ltr'><strong>amicum,</strong></span> <span class='ocrx_word' id='word_1_647' title='bbox 1563 4404 1664 4460; x_wconf 84' lang='lat' dir='ltr'><strong>sed</strong></span> <span class='ocrx_word' id='word_1_648' title='bbox 1712 4405 1926 4461; x_wconf 87' lang='lat' dir='ltr'><strong>hostem</strong></span> <span class='ocrx_word' id='word_1_649' title='bbox 1975 4406 2416 4476; x_wconf 86' lang='lat' dir='ltr'><strong>infestissimum,</strong></span> <span class='ocrx_word' id='word_1_650' title='bbox 2470 4409 2594 4464; x_wconf 89' lang='lat' dir='ltr'><strong>etei</strong></span> <span class='ocrx_word' id='word_1_651' title='bbox 2626 4407 2951 4463; x_wconf 87' lang='lat' dir='ltr'><strong>maledixit:</strong></span> <span class='ocrx_word' id='word_1_652' title='bbox 3000 4424 3021 4459; x_wconf 87' lang='grc'>‹</span> <span class='ocrx_word' id='word_1_653' title='bbox 3065 4407 3304 4462; x_wconf 86' lang='lat' dir='ltr'><strong>Aversus</strong></span> <span class='ocrx_word' id='word_1_654' title='bbox 3343 4403 3513 4470; x_wconf 86' lang='lat' dir='ltr'><strong>enim,</strong></span> <span class='ocrx_word' id='word_1_655' title='bbox 3577 4405 3779 4475; x_wconf 84' lang='lat' dir='ltr'><strong>inquit,</strong></span> 
     </span>
    </p>
   </div>
   <div class='ocr_carea' id='block_1_87' title="bbox 666 4491 2830 4572">
    <p class='ocr_par' dir='ltr' id='par_1_87' title="bbox 666 4491 2830 4572">
     <span class='ocr_line' id='line_1_87' title="bbox 666 4491 2830 4572; baseline 0.004 -29"><span class='ocrx_word' id='word_1_656' title='bbox 666 4504 777 4555; x_wconf 86' lang='lat' dir='ltr'><strong>me,</strong></span> <span class='ocrx_word' id='word_1_657' title='bbox 831 4504 933 4546; x_wconf 89' lang='lat' dir='ltr'><strong>nec</strong></span> <span class='ocrx_word' id='word_1_658' title='bbox 953 4505 1040 4545; x_wconf 89' lang='lat' dir='ltr'><strong>me</strong></span> <span class='ocrx_word' id='word_1_659' title='bbox 1079 4491 1196 4560; x_wconf 79' lang='lat' dir='ltr'><strong>jam</strong></span> <span class='ocrx_word' id='word_1_660' title='bbox 1228 4493 1402 4561; x_wconf 89' lang='lat' dir='ltr'><strong>audit,</strong></span> <span class='ocrx_word' id='word_1_661' title='bbox 1443 4494 1540 4551; x_wconf 92' lang='lat' dir='ltr'><strong>sed</strong></span> <span class='ocrx_word' id='word_1_662' title='bbox 1575 4497 1833 4553; x_wconf 89' lang='lat' dir='ltr'><strong>omnibus</strong></span> <span class='ocrx_word' id='word_1_663' title='bbox 1858 4498 2049 4554; x_wconf 88' lang='lat' dir='ltr'><strong>durior</strong></span> <span class='ocrx_word' id='word_1_664' title='bbox 2083 4510 2138 4556; x_wconf 90' lang='lat' dir='ltr'><strong>et</strong></span> <span class='ocrx_word' id='word_1_665' title='bbox 2159 4501 2431 4572; x_wconf 83' lang='lat' dir='ltr'><strong>agrestior</strong></span> <span class='ocrx_word' id='word_1_666' title='bbox 2449 4499 2632 4557; x_wconf 83' lang='lat' dir='ltr'><strong>factus</strong></span> <span class='ocrx_word' id='word_1_667' title='bbox 2664 4510 2772 4556; x_wconf 89' lang='lat' dir='ltr'><strong>est.</strong></span> <span class='ocrx_word' id='word_1_668' title='bbox 2811 4518 2830 4552; x_wconf 76' lang='grc' dir='ltr'><strong>ι</strong></span> 
     </span>
    </p>
   </div>
   <div class='ocr_carea' id='block_1_88' title="bbox 740 4579 2327 4666">
    <p class='ocr_par' dir='ltr' id='par_1_88' title="bbox 740 4579 2327 4659">
     <span class='ocr_line' id='line_1_88' title="bbox 740 4579 2327 4659; baseline 0.009 -24"><span class='ocrx_word' id='word_1_669' title='bbox 740 4579 826 4637; x_wconf 75' lang='grc' dir='ltr'><strong>γι.</strong></span> <span class='ocrx_word' id='word_1_670' title='bbox 882 4579 1188 4654; x_wconf 88' lang='lat' dir='ltr'><strong>Intelligere</strong></span> <span class='ocrx_word' id='word_1_671' title='bbox 1238 4584 1397 4642; x_wconf 79' lang='lat' dir='ltr'><strong>vobis</strong></span> <span class='ocrx_word' id='word_1_672' title='bbox 1441 4587 1556 4657; x_wconf 77' lang='lat' dir='ltr'><strong>jam</strong></span> <span class='ocrx_word' id='word_1_673' title='bbox 1607 4588 1754 4653; x_wconf 86' lang='lat' dir='ltr'><strong>licet,</strong></span> <span class='ocrx_word' id='word_1_674' title='bbox 1817 4605 1915 4646; x_wconf 88' lang='lat' dir='ltr'><strong>cur</strong></span> <span class='ocrx_word' id='word_1_675' title='bbox 1950 4591 2127 4647; x_wconf 88' lang='lat' dir='ltr'><strong>oderit</strong></span> <span class='ocrx_word' id='word_1_676' title='bbox 2149 4593 2262 4648; x_wconf 89' lang='lat' dir='ltr'><strong>dia-</strong></span> <span class='ocrx_word' id='word_1_677' title='bbox 2290 4596 2327 4659; x_wconf 81' lang='grc'><strong>1]</strong></span> 
     </span>
    </p>
   </div>
   <div class='ocr_carea' id='block_1_89' title="bbox 2205 4579 3792 4666">
    <p class='ocr_par' dir='ltr' id='par_1_89' title="bbox 2209 4587 3788 4666">
     <span class='ocr_line' id='line_1_89' title="bbox 2209 4587 3788 4666; baseline -0.004 -18"><span class='ocrx_word' id='word_1_678' title='bbox 2209 4608 2262 4648; x_wconf 82' lang='lat' dir='ltr'><strong>a-</strong></span> <span class='ocrx_word' id='word_1_679' title='bbox 2290 4596 2344 4659; x_wconf 83' lang='grc'><strong>1)</strong></span> <span class='ocrx_word' id='word_1_680' title='bbox 2436 4595 2513 4647; x_wconf 87' lang='grc' dir='ltr'><strong>Δ⁹.</strong></span> <span class='ocrx_word' id='word_1_681' title='bbox 2557 4592 2665 4646; x_wconf 84' lang='grc' dir='ltr'><strong>Ἴδε</strong></span> <span class='ocrx_word' id='word_1_682' title='bbox 2715 4589 2804 4644; x_wconf 81' lang='grc' dir='ltr'><strong>διὰ</strong></span> <span class='ocrx_word' id='word_1_683' title='bbox 2859 4591 2911 4644; x_wconf 90' lang='grc' dir='ltr'><strong>τί</strong></span> <span class='ocrx_word' id='word_1_684' title='bbox 2970 4591 3119 4661; x_wconf 88' lang='grc' dir='ltr'><strong>μισεί</strong></span> <span class='ocrx_word' id='word_1_685' title='bbox 3165 4591 3194 4644; x_wconf 90' lang='lat'><strong>6</strong></span> <span class='ocrx_word' id='word_1_686' title='bbox 3245 4589 3438 4660; x_wconf 72' lang='grc' dir='ltr'>ἐχθρὸς</span> <span class='ocrx_word' id='word_1_687' title='bbox 3484 4587 3578 4642; x_wconf 78' lang='grc' dir='ltr'><strong>τὸν</strong></span> <span class='ocrx_word' id='word_1_688' title='bbox 3628 4588 3788 4666; x_wconf 73' lang='grc' dir='ltr'>ἔχοντ</span> 
     </span>
    </p>
   </div>
   <div class='ocr_carea' id='block_1_90' title="bbox 668 4674 2253 4750">
    <p class='ocr_par' dir='ltr' id='par_1_90' title="bbox 668 4674 2253 4750">
     <span class='ocr_line' id='line_1_90' title="bbox 668 4674 2253 4750; baseline 0.006 -19"><span class='ocrx_word' id='word_1_689' title='bbox 668 4674 827 4731; x_wconf 79' lang='lat' dir='ltr'><strong>holus</strong></span> <span class='ocrx_word' id='word_1_690' title='bbox 877 4675 1106 4730; x_wconf 86' lang='lat' dir='ltr'><strong>cautelae</strong></span> <span class='ocrx_word' id='word_1_691' title='bbox 1155 4690 1394 4733; x_wconf 85' lang='lat' dir='ltr'><strong>sonum:</strong></span> <span class='ocrx_word' id='word_1_692' title='bbox 1453 4680 1580 4749; x_wconf 88' lang='lat' dir='ltr'><strong>quia</strong></span> <span class='ocrx_word' id='word_1_693' title='bbox 1611 4680 1972 4750; x_wconf 88' lang='lat' dir='ltr'><strong>perditionem</strong></span> <span class='ocrx_word' id='word_1_694' title='bbox 2004 4694 2253 4740; x_wconf 74' lang='lat' dir='ltr'><strong>nostram</strong></span> 
     </span>
    </p>
   </div>
   <div class='ocr_carea' id='block_1_91' title="bbox 667 4763 2260 4843">
    <p class='ocr_par' dir='ltr' id='par_1_91' title="bbox 667 4763 2260 4843">
     <span class='ocr_line' id='line_1_91' title="bbox 667 4763 2260 4843; baseline 0.007 -23"><span class='ocrx_word' id='word_1_695' title='bbox 667 4778 732 4820; x_wconf 81' lang='lat' dir='ltr'><strong>ex</strong></span> <span class='ocrx_word' id='word_1_696' title='bbox 763 4763 914 4818; x_wconf 88' lang='lat' dir='ltr'><strong>omni</strong></span> <span class='ocrx_word' id='word_1_697' title='bbox 948 4773 1100 4834; x_wconf 89' lang='lat' dir='ltr'><strong>parte</strong></span> <span class='ocrx_word' id='word_1_698' title='bbox 1122 4776 1276 4836; x_wconf 84' lang='lat' dir='ltr'><strong>optat</strong></span> <span class='ocrx_word' id='word_1_699' title='bbox 1295 4773 1351 4821; x_wconf 89' lang='lat' dir='ltr'><strong>et</strong></span> <span class='ocrx_word' id='word_1_700' title='bbox 1387 4767 1604 4837; x_wconf 69' lang='lat' dir='ltr'><strong>qurerit.</strong></span> <span class='ocrx_word' id='word_1_701' title='bbox 1632 4766 1941 4840; x_wconf 78' lang='lat' dir='ltr'><strong>lntelligitis</strong></span> <span class='ocrx_word' id='word_1_702' title='bbox 1970 4786 2146 4843; x_wconf 86' lang='lat' dir='ltr'><strong>quare</strong></span> <span class='ocrx_word' id='word_1_703' title='bbox 2172 4788 2260 4830; x_wconf 82' lang='lat' dir='ltr'><strong>se-</strong></span> 
     </span>
    </p>
   </div>
   <div class='ocr_carea' id='block_1_92' title="bbox 661 4857 2260 4934">
    <p class='ocr_par' dir='ltr' id='par_1_92' title="bbox 661 4857 2260 4934">
     <span class='ocr_line' id='line_1_92' title="bbox 661 4857 2260 4934; baseline 0.003 -17"><span class='ocrx_word' id='word_1_704' title='bbox 661 4857 1104 4917; x_wconf 87' lang='lat' dir='ltr'><strong>seinstituentes</strong></span> <span class='ocrx_word' id='word_1_705' title='bbox 1133 4875 1198 4918; x_wconf 87' lang='lat' dir='ltr'><strong>ac</strong></span> <span class='ocrx_word' id='word_1_706' title='bbox 1223 4864 1488 4921; x_wconf 87' lang='lat' dir='ltr'><strong>docentes</strong></span> <span class='ocrx_word' id='word_1_707' title='bbox 1537 4863 1751 4934; x_wconf 86' lang='lat' dir='ltr'><strong>diligat,</strong></span> <span class='ocrx_word' id='word_1_708' title='bbox 1817 4864 1948 4934; x_wconf 90' lang='lat' dir='ltr'><strong>quia</strong></span> <span class='ocrx_word' id='word_1_709' title='bbox 2007 4865 2260 4922; x_wconf 84' lang='lat' dir='ltr'><strong>videlicet</strong></span> 
     </span>
    </p>
   </div>
   <div class='ocr_carea' id='block_1_93' title="bbox 648 4953 2260 5027">
    <p class='ocr_par' dir='ltr' id='par_1_93' title="bbox 648 4953 2260 5027">
     <span class='ocr_line' id='line_1_93' title="bbox 648 4953 2260 5027; baseline 0.001 -18"><span class='ocrx_word' id='word_1_710' title='bbox 648 4960 1053 5019; x_wconf 59' lang='lat' dir='ltr'><strong>cooperatores</strong></span> <span class='ocrx_word' id='word_1_711' title='bbox 1102 4953 1227 5023; x_wconf 86' lang='lat' dir='ltr'><strong>ejus</strong></span> <span class='ocrx_word' id='word_1_712' title='bbox 1271 4962 1423 5019; x_wconf 81' lang='lat' dir='ltr'><strong>sunt,</strong></span> <span class='ocrx_word' id='word_1_713' title='bbox 1473 4953 1580 5010; x_wconf 90' lang='lat' dir='ltr'><strong>sibi</strong></span> <span class='ocrx_word' id='word_1_714' title='bbox 1613 4954 1747 5024; x_wconf 88' lang='lat' dir='ltr'><strong>ipsis</strong></span> <span class='ocrx_word' id='word_1_715' title='bbox 1791 4953 2019 5013; x_wconf 84' lang='lat' dir='ltr'><strong>insidias</strong></span> <span class='ocrx_word' id='word_1_716' title='bbox 2058 4971 2260 5027; x_wconf 81' lang='lat' dir='ltr'><strong>paran-</strong></span> 
     </span>
    </p>
   </div>
   <div class='ocr_carea' id='block_1_94' title="bbox 569 5039 2258 5116">
    <p class='ocr_par' dir='ltr' id='par_1_94' title="bbox 569 5039 2258 5116">
     <span class='ocr_line' id='line_1_94' title="bbox 569 5039 2258 5116; baseline 0.006 -25"><span class='ocrx_word' id='word_1_717' title='bbox 569 5087 573 5091; x_wconf 86' lang='lat'><strong>.</strong></span> <span class='ocrx_word' id='word_1_718' title='bbox 665 5056 764 5095; x_wconf 36' lang='lat' dir='ltr'><strong>res.</strong></span> <span class='ocrx_word' id='word_1_719' title='bbox 810 5039 927 5111; x_wconf 84' lang='lat' dir='ltr'><strong>Ego</strong></span> <span class='ocrx_word' id='word_1_720' title='bbox 981 5056 1172 5098; x_wconf 86' lang='lat' dir='ltr'><strong>casum</strong></span> <span class='ocrx_word' id='word_1_721' title='bbox 1226 5044 1394 5098; x_wconf 86' lang='lat' dir='ltr'><strong>alium</strong></span> <span class='ocrx_word' id='word_1_722' title='bbox 1437 5044 1648 5099; x_wconf 85' lang='lat' dir='ltr'><strong>nullum</strong></span> <span class='ocrx_word' id='word_1_723' title='bbox 1697 5055 1894 5116; x_wconf 68' lang='lat' dir='ltr'><strong>praeter</strong></span> <span class='ocrx_word' id='word_1_724' title='bbox 1942 5045 2091 5103; x_wconf 88' lang='lat' dir='ltr'><strong>hunc</strong></span> <span class='ocrx_word' id='word_1_725' title='bbox 2128 5045 2258 5103; x_wconf 87' lang='lat' dir='ltr'><strong>novi</strong></span> 
     </span>
    </p>
   </div>
   <div class='ocr_carea' id='block_1_95' title="bbox 662 5132 2258 5210">
    <p class='ocr_par' dir='ltr' id='par_1_95' title="bbox 662 5132 2258 5210">
     <span class='ocr_line' id='line_1_95' title="bbox 662 5132 2258 5210; baseline 0.008 -28"><span class='ocrx_word' id='word_1_726' title='bbox 662 5132 1067 5188; x_wconf 85' lang='lat' dir='ltr'><strong>monachorum</strong></span> <span class='ocrx_word' id='word_1_727' title='bbox 1093 5135 1188 5190; x_wconf 92' lang='lat' dir='ltr'><strong>ulli</strong></span> <span class='ocrx_word' id='word_1_728' title='bbox 1220 5135 1537 5206; x_wconf 85' lang='lat' dir='ltr'><strong>contigisse.</strong></span> <span class='ocrx_word' id='word_1_729' title='bbox 1569 5137 1737 5192; x_wconf 80' lang='lat' dir='ltr'><strong>Aiunt</strong></span> <span class='ocrx_word' id='word_1_730' title='bbox 1781 5149 1965 5195; x_wconf 86' lang='lat' dir='ltr'><strong>autem</strong></span> <span class='ocrx_word' id='word_1_731' title='bbox 2014 5140 2258 5210; x_wconf 88' lang='lat' dir='ltr'><strong>plerique</strong></span> 
     </span>
    </p>
   </div>
   <div class='ocr_carea' id='block_1_96' title="bbox 662 5224 2256 5307">
    <p class='ocr_par' dir='ltr' id='par_1_96' title="bbox 662 5224 2256 5307">
     <span class='ocr_line' id='line_1_96' title="bbox 662 5224 2256 5307; baseline 0.009 -30"><span class='ocrx_word' id='word_1_732' title='bbox 662 5224 875 5281; x_wconf 78' lang='lat' dir='ltr'><strong>nullum</strong></span> <span class='ocrx_word' id='word_1_733' title='bbox 913 5242 1050 5297; x_wconf 88' lang='lat' dir='ltr'><strong>pene</strong></span> <span class='ocrx_word' id='word_1_734' title='bbox 1075 5242 1265 5285; x_wconf 88' lang='lat' dir='ltr'><strong>casum</strong></span> <span class='ocrx_word' id='word_1_735' title='bbox 1296 5230 1505 5285; x_wconf 89' lang='lat' dir='ltr'><strong>homini</strong></span> <span class='ocrx_word' id='word_1_736' title='bbox 1559 5235 1899 5305; x_wconf 84' lang='lat' dir='ltr'><strong>contingere,</strong></span> <span class='ocrx_word' id='word_1_737' title='bbox 1926 5236 2031 5292; x_wconf 89' lang='lat' dir='ltr'><strong>nisi</strong></span> <span class='ocrx_word' id='word_1_738' title='bbox 2053 5235 2104 5291; x_wconf 93' lang='lat' dir='ltr'><strong>ei</strong></span> <span class='ocrx_word' id='word_1_739' title='bbox 2159 5236 2256 5307; x_wconf 89' lang='lat' dir='ltr'><strong>qui</strong></span> 
     </span>
    </p>
   </div>
   <div class='ocr_carea' id='block_1_97' title="bbox 664 5319 2252 5392">
    <p class='ocr_par' dir='ltr' id='par_1_97' title="bbox 664 5319 2252 5392">
     <span class='ocr_line' id='line_1_97' title="bbox 664 5319 2252 5392; baseline 0.007 -20"><span class='ocrx_word' id='word_1_740' title='bbox 664 5319 812 5372; x_wconf 85' lang='lat' dir='ltr'><strong>cordi</strong></span> <span class='ocrx_word' id='word_1_741' title='bbox 861 5335 965 5376; x_wconf 91' lang='lat' dir='ltr'><strong>suo</strong></span> <span class='ocrx_word' id='word_1_742' title='bbox 1013 5334 1135 5376; x_wconf 87' lang='lat' dir='ltr'><strong>sese</strong></span> <span class='ocrx_word' id='word_1_743' title='bbox 1188 5322 1498 5379; x_wconf 89' lang='lat' dir='ltr'><strong>crediderit.</strong></span> <span class='ocrx_word' id='word_1_744' title='bbox 1543 5324 1725 5392; x_wconf 86' lang='lat' dir='ltr'><strong>Quare</strong></span> <span class='ocrx_word' id='word_1_745' title='bbox 1763 5342 1888 5383; x_wconf 89' lang='lat' dir='ltr'><strong>cum</strong></span> <span class='ocrx_word' id='word_1_746' title='bbox 1922 5329 2092 5383; x_wconf 92' lang='lat' dir='ltr'><strong>ullum</strong></span> <span class='ocrx_word' id='word_1_747' title='bbox 2119 5343 2252 5385; x_wconf 89' lang='lat' dir='ltr'><strong>sen-</strong></span> 
     </span>
    </p>
   </div>
   <div class='ocr_carea' id='block_1_98' title="bbox 665 5410 2259 5489">
    <p class='ocr_par' dir='ltr' id='par_1_98' title="bbox 665 5410 2259 5489">
     <span class='ocr_line' id='line_1_98' title="bbox 665 5410 2259 5489; baseline 0.011 -30"><span class='ocrx_word' id='word_1_748' title='bbox 665 5410 801 5465; x_wconf 66' lang='lat' dir='ltr'><strong>,3rls</strong></span> <span class='ocrx_word' id='word_1_749' title='bbox 839 5411 1165 5477; x_wconf 88' lang='lat' dir='ltr'><strong>concidisse,</strong></span> <span class='ocrx_word' id='word_1_750' title='bbox 1190 5416 1329 5470; x_wconf 90' lang='lat' dir='ltr'><strong>scito</strong></span> <span class='ocrx_word' id='word_1_751' title='bbox 1366 5417 1569 5472; x_wconf 89' lang='lat' dir='ltr'><strong>nullam</strong></span> <span class='ocrx_word' id='word_1_752' title='bbox 1600 5419 1762 5473; x_wconf 90' lang='lat' dir='ltr'><strong>aliam</strong></span> <span class='ocrx_word' id='word_1_753' title='bbox 1804 5419 2071 5489; x_wconf 88' lang='lat' dir='ltr'><strong>potiorem</strong></span> <span class='ocrx_word' id='word_1_754' title='bbox 2124 5435 2259 5476; x_wconf 87' lang='lat' dir='ltr'><strong>cau-</strong></span> 
     </span>
    </p>
   </div>
   <div class='ocr_carea' id='block_1_99' title="bbox 661 5502 2254 5581">
    <p class='ocr_par' dir='ltr' id='par_1_99' title="bbox 661 5502 2254 5581">
     <span class='ocr_line' id='line_1_99' title="bbox 661 5502 2254 5581; baseline 0.013 -32"><span class='ocrx_word' id='word_1_755' title='bbox 661 5515 782 5554; x_wconf 51' lang='lat' dir='ltr'><strong>cam</strong></span> <span class='ocrx_word' id='word_1_756' title='bbox 826 5502 1206 5573; x_wconf 82' lang='lat' dir='ltr'><strong>intervenisse,</strong></span> <span class='ocrx_word' id='word_1_757' title='bbox 1234 5522 1399 5576; x_wconf 82' lang='lat' dir='ltr'><strong>quam</strong></span> <span class='ocrx_word' id='word_1_758' title='bbox 1428 5511 1573 5581; x_wconf 90' lang='lat' dir='ltr'><strong>quod</strong></span> <span class='ocrx_word' id='word_1_759' title='bbox 1633 5512 1783 5566; x_wconf 91' lang='lat' dir='ltr'><strong>cordi</strong></span> <span class='ocrx_word' id='word_1_760' title='bbox 1840 5529 1941 5568; x_wconf 79' lang='lat' dir='ltr'><strong>suo</strong></span> <span class='ocrx_word' id='word_1_761' title='bbox 2001 5514 2254 5580; x_wconf 88' lang='lat' dir='ltr'><strong>credidit,</strong></span> 
     </span>
    </p>
   </div>
   <div class='ocr_carea' id='block_1_100' title="bbox 663 5589 2260 5672">
    <p class='ocr_par' dir='ltr' id='par_1_100' title="bbox 663 5589 2260 5672">
     <span class='ocr_line' id='line_1_100' title="bbox 663 5589 2260 5672; baseline 0.011 -31"><span class='ocrx_word' id='word_1_762' title='bbox 663 5589 809 5655; x_wconf 84' lang='lat' dir='ltr'><strong>quod</strong></span> <span class='ocrx_word' id='word_1_763' title='bbox 857 5604 917 5645; x_wconf 89' lang='lat' dir='ltr'><strong>se</strong></span> <span class='ocrx_word' id='word_1_764' title='bbox 965 5591 1147 5662; x_wconf 89' lang='lat' dir='ltr'><strong>ipsum</strong></span> <span class='ocrx_word' id='word_1_765' title='bbox 1205 5593 1464 5654; x_wconf 86' lang='lat' dir='ltr'><strong>instituit.</strong></span> <span class='ocrx_word' id='word_1_766' title='bbox 1505 5595 1649 5654; x_wconf 88' lang='lat' dir='ltr'><strong>Nihil</strong></span> <span class='ocrx_word' id='word_1_767' title='bbox 1679 5600 1924 5671; x_wconf 82' lang='lat' dir='ltr'><strong>gravius,</strong></span> <span class='ocrx_word' id='word_1_768' title='bbox 1958 5601 2093 5657; x_wconf 90' lang='lat' dir='ltr'><strong>nihil</strong></span> <span class='ocrx_word' id='word_1_769' title='bbox 2132 5617 2260 5672; x_wconf 87' lang='lat' dir='ltr'><strong>per-</strong></span> 
     </span>
    </p>
   </div>
   <div class='ocr_carea' id='block_1_101' title="bbox 743 5763 1195 5833">
    <p class='ocr_par' dir='ltr' id='par_1_101' title="bbox 743 5763 1195 5833">
     <span class='ocr_line' id='line_1_101' title="bbox 743 5763 1195 5833; baseline 0.015 -14"><span class='ocrx_word' id='word_1_770' title='bbox 743 5763 764 5789; x_wconf 80' lang='grc'><strong>²</strong></span> <span class='ocrx_word' id='word_1_771' title='bbox 801 5764 962 5821; x_wconf 80' lang='lat' dir='ltr'><strong>Prov.</strong></span> <span class='ocrx_word' id='word_1_772' title='bbox 1006 5779 1078 5833; x_wconf 76' lang='lat' dir='ltr'><strong>XI,</strong></span> <span class='ocrx_word' id='word_1_773' title='bbox 1115 5768 1195 5826; x_wconf 71' lang='grc'><strong>14.</strong></span> 
     </span>
    </p>
   </div>
   <div class='ocr_carea' id='block_1_102' title="bbox 2365 4679 3793 4755">
    <p class='ocr_par' dir='ltr' id='par_1_102' title="bbox 2365 4679 3793 4755">
     <span class='ocr_line' id='line_1_102' title="bbox 2365 4679 3793 4755; baseline -0.002 -17"><span class='ocrx_word' id='word_1_774' title='bbox 2365 4683 2695 4753; x_wconf 82' lang='grc' dir='ltr'>ἀσφαλείας,</span> <span class='ocrx_word' id='word_1_775' title='bbox 2722 4683 2912 4755; x_wconf 78' lang='grc' dir='ltr'>ἐπειδὴ</span> <span class='ocrx_word' id='word_1_776' title='bbox 2936 4682 3082 4736; x_wconf 83' lang='grc' dir='ltr'>θέλει</span> <span class='ocrx_word' id='word_1_777' title='bbox 3114 4683 3346 4736; x_wconf 81' lang='grc' dir='ltr'>πάντοτε</span> <span class='ocrx_word' id='word_1_778' title='bbox 3368 4681 3468 4752; x_wconf 78' lang='grc' dir='ltr'>τὴν</span> <span class='ocrx_word' id='word_1_779' title='bbox 3488 4679 3793 4735; x_wconf 84' lang='grc' dir='ltr'>ἀπώλειαν</span> 
     </span>
    </p>
   </div>
   <div class='ocr_carea' id='block_1_103' title="bbox 2369 4773 3794 4849">
    <p class='ocr_par' dir='ltr' id='par_1_103' title="bbox 2369 4773 3794 4849">
     <span class='ocr_line' id='line_1_103' title="bbox 2369 4773 3794 4849; baseline -0.004 -19"><span class='ocrx_word' id='word_1_780' title='bbox 2369 4776 2477 4830; x_wconf 84' lang='grc' dir='ltr'><strong>Ἴδε</strong></span> <span class='ocrx_word' id='word_1_781' title='bbox 2506 4776 2597 4830; x_wconf 75' lang='grc' dir='ltr'><strong>διὰ</strong></span> <span class='ocrx_word' id='word_1_782' title='bbox 2626 4774 2677 4830; x_wconf 88' lang='grc' dir='ltr'><strong>τί</strong></span> <span class='ocrx_word' id='word_1_783' title='bbox 2721 4774 2914 4849; x_wconf 78' lang='grc' dir='ltr'>ἀγαπᾷ</span> <span class='ocrx_word' id='word_1_784' title='bbox 2945 4776 3068 4841; x_wconf 85' lang='grc' dir='ltr'>τοὺς</span> <span class='ocrx_word' id='word_1_785' title='bbox 3104 4773 3452 4845; x_wconf 75' lang='grc' dir='ltr'>ποιχοῦντας</span> <span class='ocrx_word' id='word_1_786' title='bbox 3504 4774 3748 4837; x_wconf 81' lang='grc' dir='ltr'>ἑαυτοῖς,</span> <span class='ocrx_word' id='word_1_787' title='bbox 3785 4774 3794 4825; x_wconf 83' lang='lat' dir='ltr'><strong>l</strong></span> 
     </span>
    </p>
   </div>
   <div class='ocr_carea' id='block_1_104' title="bbox 2364 4865 3794 4943">
    <p class='ocr_par' dir='ltr' id='par_1_104' title="bbox 2364 4865 3794 4943">
     <span class='ocr_line' id='line_1_104' title="bbox 2364 4865 3794 4943; baseline -0.002 -22"><span class='ocrx_word' id='word_1_788' title='bbox 2364 4866 2445 4939; x_wconf 85' lang='grc' dir='ltr'>τῷ</span> <span class='ocrx_word' id='word_1_789' title='bbox 2473 4867 2710 4940; x_wconf 78' lang='grc' dir='ltr'>διαϐόλῳ</span> <span class='ocrx_word' id='word_1_790' title='bbox 2742 4868 3121 4941; x_wconf 77' lang='grc' dir='ltr'>συνεργοῦσιν,</span> <span class='ocrx_word' id='word_1_791' title='bbox 3147 4868 3304 4922; x_wconf 71' lang='grc' dir='ltr'>αὐτοὶ</span> <span class='ocrx_word' id='word_1_792' title='bbox 3330 4869 3548 4930; x_wconf 74' lang='grc' dir='ltr'>ἑαυτοῖς</span> <span class='ocrx_word' id='word_1_793' title='bbox 3582 4865 3794 4943; x_wconf 63' lang='grc' dir='ltr'>ὲπιᾷουῖ</span> 
     </span>
    </p>
   </div>
   <div class='ocr_carea' id='block_1_105' title="bbox 2366 4953 3793 5029">
    <p class='ocr_par' dir='ltr' id='par_1_105' title="bbox 2366 4953 3793 5029">
     <span class='ocr_line' id='line_1_105' title="bbox 2366 4953 3793 5029; baseline -0.001 -19"><span class='ocrx_word' id='word_1_794' title='bbox 2366 4973 2479 5021; x_wconf 86' lang='grc' dir='ltr'>τες.</span> <span class='ocrx_word' id='word_1_795' title='bbox 2515 4955 2658 5027; x_wconf 80' lang='grc' dir='ltr'><strong>Ἐγὼ</strong></span> <span class='ocrx_word' id='word_1_796' title='bbox 2686 4958 2853 5029; x_wconf 79' lang='grc' dir='ltr'>ἄλλην</span> <span class='ocrx_word' id='word_1_797' title='bbox 2887 4959 3098 5013; x_wconf 86' lang='grc' dir='ltr'>πτῶσιν</span> <span class='ocrx_word' id='word_1_798' title='bbox 3138 4959 3239 5012; x_wconf 84' lang='grc' dir='ltr'><strong>οὐκ</strong></span> <span class='ocrx_word' id='word_1_799' title='bbox 3280 4953 3398 5011; x_wconf 82' lang='grc' dir='ltr'>οῖδα</span> <span class='ocrx_word' id='word_1_800' title='bbox 3438 4955 3711 5029; x_wconf 64' lang='grc' dir='ltr'>μοιιαχοῦ,</span> <span class='ocrx_word' id='word_1_801' title='bbox 3752 4958 3793 5010; x_wconf 78' lang='grc' dir='ltr'><strong><em>ὰ</em></strong></span> 
     </span>
    </p>
   </div>
   <div class='ocr_carea' id='block_1_106' title="bbox 2360 5049 3794 5125">
    <p class='ocr_par' dir='ltr' id='par_1_106' title="bbox 2360 5049 3794 5125">
     <span class='ocr_line' id='line_1_106' title="bbox 2360 5049 3794 5125; baseline 0.001 -22"><span class='ocrx_word' id='word_1_802' title='bbox 2360 5049 2462 5119; x_wconf 77' lang='grc' dir='ltr'>τοῦ</span> <span class='ocrx_word' id='word_1_803' title='bbox 2517 5051 2801 5107; x_wconf 82' lang='grc' dir='ltr'>πιστεύειν</span> <span class='ocrx_word' id='word_1_804' title='bbox 2847 5053 2914 5123; x_wconf 79' lang='grc' dir='ltr'>τῇ</span> <span class='ocrx_word' id='word_1_805' title='bbox 2956 5052 3065 5124; x_wconf 74' lang='grc' dir='ltr'>ίδίᾳ</span> <span class='ocrx_word' id='word_1_806' title='bbox 3107 5052 3324 5125; x_wconf 72' lang='grc' dir='ltr'>καρδίᾳ.</span> <span class='ocrx_word' id='word_1_807' title='bbox 3382 5051 3542 5116; x_wconf 85' lang='grc' dir='ltr'>Τινὲς</span> <span class='ocrx_word' id='word_1_808' title='bbox 3571 5052 3794 5120; x_wconf 72' lang='grc' dir='ltr'>λέγουσι</span> 
     </span>
    </p>
   </div>
   <div class='ocr_carea' id='block_1_107' title="bbox 2364 5141 3794 5216">
    <p class='ocr_par' dir='ltr' id='par_1_107' title="bbox 2364 5141 3794 5216">
     <span class='ocr_line' id='line_1_107' title="bbox 2364 5141 3794 5216; baseline 0 -20"><span class='ocrx_word' id='word_1_809' title='bbox 2364 5141 2482 5196; x_wconf 82' lang='grc' dir='ltr'>τόδε</span> <span class='ocrx_word' id='word_1_810' title='bbox 2518 5144 2708 5215; x_wconf 82' lang='grc' dir='ltr'>πίπτει</span> <span class='ocrx_word' id='word_1_811' title='bbox 2733 5147 2761 5199; x_wconf 89' lang='lat'><strong>6</strong></span> <span class='ocrx_word' id='word_1_812' title='bbox 2786 5145 3100 5216; x_wconf 79' lang='grc' dir='ltr'>ἄνθρωπος,</span> <span class='ocrx_word' id='word_1_813' title='bbox 3134 5144 3167 5215; x_wconf 82' lang='grc' dir='ltr'>ἢ</span> <span class='ocrx_word' id='word_1_814' title='bbox 3196 5144 3284 5199; x_wconf 77' lang='grc' dir='ltr'><strong>διὰ</strong></span> <span class='ocrx_word' id='word_1_815' title='bbox 3312 5143 3452 5197; x_wconf 84' lang='grc' dir='ltr'>τόδε.</span> <span class='ocrx_word' id='word_1_816' title='bbox 3500 5141 3645 5212; x_wconf 84' lang='grc' dir='ltr'><strong>Ἐγὼ</strong></span> <span class='ocrx_word' id='word_1_817' title='bbox 3670 5142 3751 5210; x_wconf 82' lang='grc' dir='ltr'><strong>δὲ,</strong></span> <span class='ocrx_word' id='word_1_818' title='bbox 3788 5161 3794 5196; x_wconf 82' lang='lat'>:</span> 
     </span>
    </p>
   </div>
   <div class='ocr_carea' id='block_1_108' title="bbox 2361 5232 3754 5308">
    <p class='ocr_par' dir='ltr' id='par_1_108' title="bbox 2361 5232 3754 5308">
     <span class='ocr_line' id='line_1_108' title="bbox 2361 5232 3754 5308; baseline -0.001 -20"><span class='ocrx_word' id='word_1_819' title='bbox 2361 5232 2540 5299; x_wconf 83' lang='grc' dir='ltr'>εἷπον,</span> <span class='ocrx_word' id='word_1_820' title='bbox 2575 5236 2743 5307; x_wconf 83' lang='grc' dir='ltr'>ἄλλην</span> <span class='ocrx_word' id='word_1_821' title='bbox 2792 5237 3002 5291; x_wconf 82' lang='grc' dir='ltr'>πτῶσιν</span> <span class='ocrx_word' id='word_1_822' title='bbox 3035 5237 3330 5308; x_wconf 83' lang='grc' dir='ltr'>γινομένην</span> <span class='ocrx_word' id='word_1_823' title='bbox 3362 5236 3469 5290; x_wconf 77' lang='grc' dir='ltr'>τινὶ</span> <span class='ocrx_word' id='word_1_824' title='bbox 3498 5236 3599 5289; x_wconf 79' lang='grc' dir='ltr'><strong>οὐκ</strong></span> <span class='ocrx_word' id='word_1_825' title='bbox 3632 5233 3754 5288; x_wconf 77' lang='grc' dir='ltr'>οἴδα</span> 
     </span>
    </p>
   </div>
   <div class='ocr_carea' id='block_1_109' title="bbox 2360 5324 3760 5396">
    <p class='ocr_par' dir='ltr' id='par_1_109' title="bbox 2360 5324 3760 5396">
     <span class='ocr_line' id='line_1_109' title="bbox 2360 5324 3760 5396; baseline 0 -16"><span class='ocrx_word' id='word_1_826' title='bbox 2360 5327 2427 5380; x_wconf 85' lang='grc' dir='ltr'>ὲκ</span> <span class='ocrx_word' id='word_1_827' title='bbox 2476 5328 2690 5382; x_wconf 87' lang='grc' dir='ltr'>τούτου.</span> <span class='ocrx_word' id='word_1_828' title='bbox 2747 5324 2899 5393; x_wconf 73' lang='grc' dir='ltr'>Εἶδες</span> <span class='ocrx_word' id='word_1_829' title='bbox 2949 5346 3072 5383; x_wconf 87' lang='grc' dir='ltr'>τινα</span> <span class='ocrx_word' id='word_1_830' title='bbox 3133 5328 3407 5396; x_wconf 88' lang='grc' dir='ltr'>πεσόντα;</span> <span class='ocrx_word' id='word_1_831' title='bbox 3459 5327 3620 5383; x_wconf 82' lang='grc' dir='ltr'>Μάθε</span> <span class='ocrx_word' id='word_1_832' title='bbox 3674 5329 3760 5382; x_wconf 83' lang='grc' dir='ltr'>ὅτι</span> 
     </span>
    </p>
   </div>
   <div class='ocr_carea' id='block_1_110' title="bbox 2362 5418 3791 5493">
    <p class='ocr_par' dir='ltr' id='par_1_110' title="bbox 2362 5418 3791 5493">
     <span class='ocr_line' id='line_1_110' title="bbox 2362 5418 3791 5493; baseline 0 -22"><span class='ocrx_word' id='word_1_833' title='bbox 2362 5418 2704 5490; x_wconf 76' lang='grc' dir='ltr'>ἐστοίχησεν.</span> <span class='ocrx_word' id='word_1_834' title='bbox 2760 5422 2930 5475; x_wconf 82' lang='grc' dir='ltr'>Οὐδὲν</span> <span class='ocrx_word' id='word_1_835' title='bbox 2979 5420 3280 5493; x_wconf 83' lang='grc' dir='ltr'>βαρύτερον</span> <span class='ocrx_word' id='word_1_836' title='bbox 3320 5420 3416 5473; x_wconf 84' lang='grc' dir='ltr'>τοῦ</span> <span class='ocrx_word' id='word_1_837' title='bbox 3470 5424 3709 5490; x_wconf 85' lang='grc' dir='ltr'>στοιχεῖν</span> <span class='ocrx_word' id='word_1_838' title='bbox 3764 5421 3791 5472; x_wconf 83' lang='grc' dir='ltr'>ὲ</span> 
     </span>
    </p>
   </div>
   <div class='ocr_carea' id='block_1_111' title="bbox 2365 5510 3760 5584">
    <p class='ocr_par' dir='ltr' id='par_1_111' title="bbox 2365 5510 3760 5584">
     <span class='ocr_line' id='line_1_111' title="bbox 2365 5510 3760 5584; baseline 0.001 -21"><span class='ocrx_word' id='word_1_839' title='bbox 2365 5510 2519 5564; x_wconf 81' lang='grc' dir='ltr'>οὐδὲν</span> <span class='ocrx_word' id='word_1_840' title='bbox 2568 5511 2759 5565; x_wconf 88' lang='grc' dir='ltr'>τούτου</span> <span class='ocrx_word' id='word_1_841' title='bbox 2813 5513 3226 5584; x_wconf 84' lang='grc' dir='ltr'>ὁλεθριὼτερον.</span> <span class='ocrx_word' id='word_1_842' title='bbox 3272 5511 3576 5567; x_wconf 85' lang='grc' dir='ltr'>Ἐσκέπασέ</span> <span class='ocrx_word' id='word_1_843' title='bbox 3615 5529 3686 5582; x_wconf 83' lang='grc' dir='ltr'>με</span> <span class='ocrx_word' id='word_1_844' title='bbox 3730 5515 3760 5565; x_wconf 84' lang='grc' dir='ltr'><strong>ὁ</strong></span> 
     </span>
    </p>
   </div>
   <div class='ocr_carea' id='block_1_112' title="bbox 2371 5603 3765 5679">
    <p class='ocr_par' dir='ltr' id='par_1_112' title="bbox 2371 5603 3765 5679">
     <span class='ocr_line' id='line_1_112' title="bbox 2371 5603 3765 5679; baseline -0.003 -20"><span class='ocrx_word' id='word_1_845' title='bbox 2371 5605 2467 5659; x_wconf 76' lang='grc' dir='ltr'><strong>καὶ</strong></span> <span class='ocrx_word' id='word_1_846' title='bbox 2517 5604 2607 5659; x_wconf 76' lang='grc' dir='ltr'><strong>ἀεὶ</strong></span> <span class='ocrx_word' id='word_1_847' title='bbox 2639 5605 2918 5679; x_wconf 77' lang='grc' dir='ltr'>ἐφοϐήθην</span> <span class='ocrx_word' id='word_1_848' title='bbox 2952 5606 3046 5661; x_wconf 75' lang='grc' dir='ltr'>τὸν</span> <span class='ocrx_word' id='word_1_849' title='bbox 3078 5605 3324 5659; x_wconf 86' lang='grc' dir='ltr'>κίνδυνον</span> <span class='ocrx_word' id='word_1_850' title='bbox 3369 5604 3581 5660; x_wconf 78' lang='grc' dir='ltr'>τοῦτον.</span> <span class='ocrx_word' id='word_1_851' title='bbox 3633 5603 3765 5657; x_wconf 82' lang='grc' dir='ltr'>Ὅτε</span> 
     </span>
    </p>
   </div>
  </div>
