4020 6404
672 296 825 385 1633,
1888 300 2259 367 δ.“οοΗοΤι

2198 304 2373 366 THE!
2413 306 2732 370 ABBATIS
3755 317 3785 378 ll

664 423 815 479 gram
845 407 957 464 fere
984 408 1174 464 horam
1201 411 1400 468 erectis
1431 411 1497 469 ad
1528 413 1726 470 ccelum
1765 414 2017 469 manibus
2044 414 2239 468 oravit.

2202 424 2239 468 t.
2274 422 2315 475 Α
2347 417 2533 487 χεῖρας
2582 416 2749 473 αὐτοῦ
2789 418 3161 497 ἐκτεταμένας
3213 422 3293 487 είς
3340 421 3432 478 τδν
3480 422 3698 494 οὐρανὸν,
3739 428 3785 480 κά

664 495 884 568 Egoque
912 499 1116 568 pariter
1149 494 1478 571 postipsnm
1504 512 1818 583 stans‘cum
1858 519 2056 573 magno
2088 504 2244 558 timo-

2198 519 2244 558 o-
2344 507 2522 562 ὀπίσω
2547 508 2713 583 αὐτοῦ
2750 494 3007 587 ἱστάμην,
3032 512 3174 585 μετὰ
3192 512 3389 567 πολλοῦ
3420 513 3575 582 φόϐου
3602 515 3785 587 εὐχόμεε

661 606 720 645 re
753 589 1155 660 supplieabam.
1189 582 1422 661 lnjectus
1453 594 1599 650 enim
1631 605 1811 653 terror
1840 597 2243 667 eratplurimns

2198 613 2243 651 Is
2359 597 2611 666 Ἐγένετο
2634 582 2750 672 γάρ
2787 582 2887 672 μοι
2913 582 3087 658 δειλία
3120 603 3290 675 πολλὴ
3336 605 3404 658 ὲκ
3433 603 3530 675 τῆς
3556 582 3687 669 θέας’
3711 582 3785 660 αὐτ

659 697 723 735 ex
764 680 912 736 illius
951 694 1171 751 aspectu
1199 683 1514 739 venerabili.
1571 685 1709 741 Cum
1762 697 1945 744 autem
1999 689 2067 745 ab
2113 706 2242 744 ora-

2168 707 2242 744 'a-
2346 687 2502 742 Μετὰ
2546 688 2601 745 δὲ
2653 690 2861 747 παῦσαι
2905 691 3068 747 αὐτὸν
3096 692 3199 766 τὴν
3252 693 3442 764 εὐχὴν,
3492 695 3753 766 στρέφεται

662 773 807 828 tione
838 774 1191 840 surrexisset,
1228 775 1293 831 ad
1328 791 1416 832 me
1443 793 1743 859 conversus
1800 782 1969 850 venit,
2005 791 2243 853 quanto-

2191 799 2243 851 ς)-
2344 780 2562 852 ἔρχεται
2591 783 2729 854 πρός
2760 802 2850 852 με,
2885 786 2979 841 καὶ
3007 785 3239 840 καθόσον
3256 786 3453 857 ἡγγιζέ
3479 804 3582 857 μοι,
3601 786 3778 859 ῂσθανό

657 881 764 931 qne
787 865 919 920 mihi
959 866 1181 935 propior
1225 866 1397 936 fleret,
1446 876 1600 925 tanto
1645 859 1946 928 sentiebam
2003 874 2244 929 amoveri

2200 874 2246 929 ri
2346 860 2421 937 ὡς
2448 873 2733 944 ὀποχωρού
2744 893 2841 948 σης
2872 878 3092 949 καὶτῆς
3110 877 3290 950 λύπης
3309 879 3402 934 καὶ
3426 882 3520 949 τῆς
3545 879 3738 944 δειλίας.
3767 879 3784 931 l

660 973 686 1010 ι
709 974 794 1011 me
821 958 1099 1014 tristitiam
1130 972 1183 1015 et
1212 976 1491 1030 pavorem.
1517 960 1583 1018 Ut
1604 972 1783 1019 autem
1808 980 1974 1034 penes
1998 981 2084 1021 me
2115 965 2240 1033 fuit,

2198 976 2240 1033 ι,
2347 962 2423 1027 ὡς
2456 962 2657 1036 ἐστάθη
2690 964 2999 1038 ἔμπροσθέν
3028 984 3153 1039 μου,
3186 969 3419 1022 ἐκτείνει
3443 968 3537 1039 τὴν
3558 971 3698 1041 χεῖρα
3718 971 3785 1022 air

665 1050 964 1108 extendens
987 1067 1234 1120 manum,
1255 1064 1444 1124 pectus
1471 1071 1650 1111 meum
1680 1057 1864 1129 digitis
1885 1047 2244 1127 percutiebat,

2178 1070 2244 1125 at,
2349 1057 2443 1110 καὶ
2474 1057 2705 1113 ἅπτεται
2739 1058 2834 1111 τοῦ
2879 1058 3112 1129 στήθους
3156 1078 3280 1132 μου,
3321 1061 3420 1114 καὶ
3452 1060 3626 1132 κρούει
3666 1058 3765 1123 τοῖς

663 1140 853 1196 dicens
897 1155 912 1195 :
949 1141 1278 1213 Exspectans
1324 1149 1619 1214 exspectavi
1664 1147 1969 1216 Dominum,
2000 1159 2049 1204 et
2077 1153 2247 1205 inten-

2198 1170 2247 1205 't-
2348 1148 2568 1214 κτύλοις
2612 1149 2777 1203 αὑτοῦ
2825 1152 2906 1214 είς
2941 1150 3002 1205 τὸ
3036 1151 3231 1221 στῆθός
3264 1169 3388 1221 μου,
3421 1152 3619 1220 λέγων’
3672 1150 3785 1204 ’Υπι

654 1231 737 1284 dit
769 1232 896 1287 mihi
927 1243 1016 1288 :et
1041 1237 1247 1291 audivit
1275 1253 1480 1304 precem
1515 1256 1706 1296 meam.
1747 1239 1815 1294 Et
1862 1243 2044 1297 eduxit
2078 1260 2155 1297 me
2183 1244 2241 1298 de

2198 1244 2248 1298 le
2349 1257 2475 1297 νων
2516 1240 2812 1311 ὑπέμεινα
2854 1240 2964 1296 τὸν
3006 1242 3246 1311 Κύριον,
3301 1244 3398 1297 καί
3448 1242 3734 1312 προσέσχε
3778 1286 3785 1312 γ

654 1341 774 1377 ιιισιι
815 1327 1043 1383 miseria:
1098 1339 1148 1384 et
1177 1328 1240 1384 de
1273 1329 1389 1384 luta
1414 1331 1583 1402 facis.
1615 1331 1683 1387 Et
1708 1334 1902 1388 statuit
1934 1351 2100 1405 supra
2156 1353 2241 1405 pe-

2156 1353 2246 1405 pe-
2349 1331 2448 1385 xui
2505 1331 2837 1401 εἰσήκουσέ
2902 1349 3059 1402 μου,
3121 1331 3232 1401 τῆς
3280 1333 3542 1399 δεήσεώς
3598 1350 3738 1403 μου,

548 1428 575 1435 ⁴
659 1426 797 1468 tram
833 1416 987 1485 pedes
1013 1433 1176 1483 meos,
1212 1427 1262 1473 et
1290 1419 1488 1475 direxit
1534 1438 1745 1492 gressus
1802 1439 1965 1479 meos.
2019 1424 2088 1480 Et

2153 1426 2248 1481 im-
2349 1422 2616 1494 ἀνήγαγέ
2661 1440 2739 1493 με
2780 1424 2849 1478 ἐκ
2906 1423 3139 1479 λάκκου
3182 1428 3601 1504 ταλαιπωρίας,
3650 1421 3740 1478 καί

656 1506 831 1568 misit;
859 1508 916 1562 in
970 1525 1027 1563 os
1067 1526 1239 1564 meum
1286 1513 1555 1567 canticum
1612 1530 1822 1579 novum,
1870 1532 2086 1571 carmen
2134 1517 2243 1573 Deo

2198 1535 2246 1573 ιο
2351 1513 2551 1584 πηλοῦ
2608 1514 2799 1580 ἰλύος.
2864 1515 2977 1569 Kal
3042 1514 3310 1583 ἔστησεν
3368 1513 3468 1568 ἐπὶ
3518 1513 3727 1581 πέτρον
3771 1529 3785 1565 ι

656 1606 836 1651 nostra
864 1607 909 1654 ³.
944 1598 1009 1655 Et
1041 1600 1141 1657 hos
1172 1602 1470 1661 versiculos
1517 1620 1708 1662 omnes
1757 1606 1918 1661 tertio
1974 1619 2243 1678 repetens,

2199 1625 2246 1677 s,
2350 1606 2545 1685 πᾴδας
2583 1623 2703 1674 μου
2758 1606 2855 1661 καί
2902 1608 3231 1664 κατεύθυνε
3286 1606 3357 1661 τὰ
3404 1604 3723 1675 διαδήματὰ
3770 1623 3785 1674 Α

656 1697 864 1756 pectus,
900 1697 959 1743 ut
983 1689 1117 1756 dixi,
1153 1706 1330 1745 meum
1363 1707 1579 1763 semper
1606 1694 1947 1750 verberabat.
1985 1694 2062 1751 Eo
2095 1706 2243 1767 post-

2201 1706 2247 1753 ι-
2352 1699 2451 1753 καὶ
2491 1697 2781 1752 ἐνέϐαλεν
2834 1701 2921 1764 εἰς
2978 1698 3043 1753 τὸ
3083 1700 3277 1768 στόμα
3322 1716 3442 1767 μου
3487 1691 3641 1766 ᾆσμα
3687 1714 3784 1750 και

658 1780 879 1834 modum
910 1783 1199 1837 recedente
1223 1782 1426 1839 factum
1455 1795 1540 1841 est
1573 1786 1816 1840 subitum
1844 1786 1897 1840 in
1931 1803 2016 1842 me
2038 1788 2243 1855 lumen,

2179 1807 2243 1855 τη,
2279 1776 2320 1834 Β
2349 1791 2545 1861 ὕμνον
2591 1788 2669 1856 τῷ
2704 1788 2827 1856 Θεῷ
2873 1790 3063 1859 ἡμῶν.
3106 1792 3219 1844 Καὶ
3267 1789 3419 1858 λέγει
3459 1789 3605 1853 ὅλους
3648 1790 3766 1851 τοὺς

657 1871 938 1939 gaudium,
972 1874 1296 1941 consolatio,
1331 1875 1585 1944 dulcedo,
1609 1886 1663 1932 et
1690 1878 1743 1932 in
1768 1879 1935 1934 alium
1969 1890 2244 1938 transmu-

2193 1899 2249 1938 u-
2352 1900 2483 1955 χους
2527 1883 2592 1935 ὲκ
2638 1881 2846 1952 τρίτου,
2884 1881 3119 1954 κρούων,
3170 1883 3247 1946 ὡς
3296 1877 3581 1946 εἷπον,νείς
3614 1879 3673 1934 τὸ
3724 1898 3780 1932 στ

658 1973 804 2020 tatus
842 1981 985 2022 sum.
1012 1965 1322 2025 Accurrens
1345 1978 1527 2026 autem
1565 1971 1747 2028 subito
1818 1983 1878 2028 ut
1925 1989 2051 2031 eum
2111 1992 2245 2046 prae-

2197 1992 2248 2031 e-
2354 1992 2479 2045 μου,
2526 1975 2621 2028 καὶ
2669 1973 2843 2037 οὕτως
2880 1973 3187 2044 ἐξέρχεται.
3233 1973 3343 2026 Καὶ
3375 1972 3581 2039 γίνεται
3615 1972 3779 2025 εὐθέω

657 2057 920 2124 venirem,
954 2076 1226 2132 nusquam
1255 2063 1408 2119 illum
1439 2064 1617 2120 inveni
1645 2074 1739 2121 aut
1778 2066 1908 2121 vidi.
1943 2069 2026 2123 Ab
2059 2084 2126 2123 eo
2159 2070 2244 2128 die

2198 2071 2247 2128 ie
2347 2068 2445 2139 τὴν
2477 2070 2703 2141 καρδίαν
2734 2086 2835 2140 μου
2868 2067 3005 2137 φῶς,
3034 2064 3204 2137 χαρὰ,
3228 2064 3593 2135 παράκλησις,
3623 2063 3785 2132 γλυκύ

655 2147 836 2204 divina
887 2151 1261 2210 misericordia
1325 2157 1471 2211 nulla
1521 2173 1609 2212 me
1662 2159 1807 2214 sensi
1869 2161 2242 2228 perturbatum

2198 2178 2243 2217 m
2349 2163 2444 2217 καὶ
2487 2164 2814 2234 εὑρίσκομαι
2865 2160 3025 2221 ἄλλος
3077 2157 3138 2222 ἐξ
3188 2157 3370 2212 ἄλλου.
3435 2157 3523 2221 Ὠς
3557 2155 3650 2211 οῦν
3698 2156 3785 2222 ἐξῆ

654 2237 877 2294 tristitia
902 2242 984 2296 vel
1036 2244 1253 2310 timore,
1291 2247 1384 2302 sed
1430 2257 1708 2317 protectus
1756 2264 1784 2303 a
1842 2247 2077 2305 Domino
2117 2266 2239 2306 sum

2198 2267 2239 2306 αι
2347 2253 2561 2323 τρέχων
2609 2253 2784 2306 ὀπίσω
2831 2248 2996 2303 αὐτοῦ
3047 2247 3216 2301 θέλων
3254 2247 3458 2317 εὑρεῖν,
3503 2246 3596 2300 καὶ
3620 2245 3714 2315 οὐχ
3744 2242 3785 2300 εἶ

653 2345 872 2403 semper
903 2337 1160 2405 precibus
1188 2346 1504 2395 sanctorum
1527 2340 1746 2395 illorum
1790 2342 2095 2398 seniorum.

2348 2343 2463 2397 ἀλλ’
2497 2343 2717 2411 ἐγένετο
2748 2343 2957 2412 ἀφανής
2978 2356 2990 2370 ·
3028 2339 3087 2404 ἐξ
3120 2338 3336 2410 ἐκείνης
3375 2341 3474 2410 τῆς
3499 2336 3666 2409 ὧρας,
3692 2337 3779 2391 διὰ

650 2426 953 2496 οίκτιρμῶν
1002 2427 1097 2482 τοῦ
1144 2428 1305 2494 Θεοῦ,
1356 2430 1457 2484 οὐκ
1494 2430 1576 2484 ἐτι
1620 2425 1737 2485 οῖδα
1788 2431 2028 2503 ἐμαυτὸν
2077 2431 2401 2503 ὀχληθέντα,
2452 2432 2579 2488 οὔτε
2613 2434 2719 2487 ὑπὸ
2746 2430 2947 2500 λύπης,
3012 2427 3140 2482 οὕτε
3201 2426 3305 2480 ὑπὸ
3372 2425 3786 2491 δειλίαςοὰλλ’ἑ

654 2514 792 2571 πασέ
831 2531 904 2587 με
951 2516 985 2569 ὀ
1026 2517 1232 2590 Κύριος
1269 2518 1434 2591 μέχρι
1473 2519 1569 2575 τοῦ
1614 2519 1733 2585 νῦν,
1765 2521 1855 2576 διὰ
1902 2522 2014 2577 τῶν
2050 2523 2227 2595 εὐχῶν
2266 2525 2493 2580 ἐκείνων
2529 2526 2636 2578 τῶν
2676 2524 2848 2593 ἁγίων
2882 2520 3176 2590 γερόντων.

719 2610 809 2667 Vl.
837 2606 963 2669 Htec
978 2608 1134 2666 vobis
1156 2610 1291 2678 dixi,
1317 2608 1539 2677 fratres,
1564 2613 1752 2669 volens
1777 2614 2063 2670 ostendere
2084 2630 2249 2686 quam

2185 2631 2249 2670 im
2426 2618 2518 2685 ς’.
2561 2615 2747 2670 Ταῦτα
2770 2610 2924 2669 εἷπον
2958 2614 3109 2684 ὑμῖν,
3135 2612 3223 2665 ἵνα
3253 2611 3430 2680 γνῶτε
3459 2610 3633 2681 πόσην
3661 2610 3772 2682 ἔχει

649 2700 1024 2766 securitatem,
1055 2717 1220 2773 quam
1248 2704 1487 2776 quietem
1506 2700 1708 2762 habeat
1763 2703 2236 2779 tranquillitatem-

2198 2721 2245 2759 1ο
2352 2726 2554 2765 παυσιν
2586 2708 2683 2763 καὶ
2731 2706 3067 2780 ἀμεριμνίαν
3104 2705 3243 2775 μετὰ
3272 2704 3369 2757 καὶ
3400 2704 3579 2773 πάσης
3607 2703 3785 2773 ἀσφαλ

649 2806 777 2862 que,
805 2793 955 2850 nulla
985 2793 1041 2850 in
1072 2810 1132 2851 re
1170 2796 1412 2867 seipsum
1444 2796 1754 2875 instituere,
1801 2798 1897 2854 sed
1936 2797 2124 2856 omnia
2146 2813 2236 2857 sua

2186 2813 2248 2858 ua
2350 2803 2413 2858 τδ
2437 2801 2515 2875 μὴ
2545 2804 2780 2874 στοιχεῖν
2808 2818 2931 2854 τινα
2959 2798 3160 2869 ἑαυτῷ,
3188 2797 3308 2852 ἀλλ’
3337 2797 3683 2869 ἐπιρρίπτειν
3706 2796 3773 2850 τὰ

649 2883 720 2941 ad
748 2883 1040 2942 Dominum
1062 2885 1288 2955 referre,
1316 2895 1371 2942 et
1396 2887 1453 2942 in
1479 2870 1576 2945 eos
1606 2888 1702 2958 qui
1734 2898 1860 2958 post
1898 2887 2072 2945 Deum
2110 2905 2236 2962 pos-

2194 2906 2246 2948 5-
2347 2870 2544 2950 satith
2572 2870 2785 2944 ἔπιτον
2814 2888 2969 2955 Θεὸν,
3001 2888 3094 2942 ἐπὶ
3123 2888 3248 2951 τοὺς
3272 2887 3609 2957 δυναμένους
3642 2885 3781 2957 μετὰ

652 2986 781 3034 sunt
808 2993 906 3034 nos
935 2994 1144 3050 regere.
1180 2979 1379 3037 Discite
1403 2980 1574 3053 igitur
1600 2990 1656 3038 et
1683 2997 1803 3049 vos,
1834 2981 2055 3052 fratres,
2081 2985 2239 3042 inter-

2198 3000 2249 3041 r-
2275 3037 2314 3057 η
2347 2983 2617 3057 ὀδηγῆσαι
2645 2982 2809 3039 αὐτόν
2829 2996 2844 3012 ο
2875 2980 3076 3052 μάθετε
3098 2975 3191 3033 οὖν
3222 2979 3316 3034 καὶ
3346 2979 3505 3049 ὑμεῖς
3535 2979 3749 3050 ἐρωτᾷν
3779 3001 3785 3029 ‹

584 3096 589 3101 -
650 3084 889 3141 rogare;
923 3068 1112 3127 discite
1147 3086 1247 3128 vos
1282 3071 1431 3143 ipsos
1461 3088 1568 3129 non
1591 3089 1798 3146 regere,
1839 3091 2005 3146 quam
2036 3076 2171 3133 bomn

2182 3037 2242 3132 in
2272 3037 2316 3097 α
2761 3074 2838 3149 μὴ
2875 3037 3109 3145 στοιχεῖν
3158 3037 3395 3137 ἑαυτοῖς,
3433 3037 3600 3127 καλόν
3631 3037 3769 3125 ἐστι.

652 3157 757 3211 sit:
787 3156 888 3212 hoc
907 3159 1050 3212 enim
1083 3160 1384 3229 humilitas,
1409 3162 1513 3217 hoc
1533 3163 1707 3232 quies,
1731 3164 1835 3219 huc
1854 3164 2112 3236 gaudium
2139 3176 2239 3222 est.

2207 3176 2245 3221 t.
2354 3168 2610 3233 πείνωσίς
2630 3169 2799 3231 ἐστιν,
2814 3162 3121 3230 ἀνάπαυσις
3136 3164 3271 3228 ἐστι,
3288 3163 3434 3235 χαρά
3455 3163 3594 3216 ἓστιο
3614 3161 3711 3225 Τίς
3728 3163 3785 3232 ὴῖ

652 3249 785 3313 Quis
823 3250 968 3305 enim
1006 3267 1159 3317 usus,
1199 3254 1372 3309 otiosa
1403 3256 1648 3326 qnaadam
1681 3258 1920 3313 sectari?
1944 3256 2060 3313 Non
2088 3258 2239 3315 licere

2194 3273 2252 3315 re
2354 3257 2521 3315 αὑτοῦ
2560 3258 2938 3334 συντρίϐεσθαί
2972 3276 3093 3314 τινα
3120 3260 3201 3325 είς
3229 3254 3441 3331 μάτην;
3476 3254 3596 3309 Οὐκ
3660 3252 3780 3308 ὲνδέ

653 3351 833 3395 autem
895 3343 1053 3398 aliter
1107 3344 1308 3400 salvari
1341 3362 1504 3417 quam
1537 3348 1639 3414 sic,
1666 3347 1899 3407 fortasse
1923 3351 2125 3422 aliquis
2156 3367 2240 3406 co-

2193 3367 2251 3406 0-
2353 3371 2474 3407 τινα
2500 3352 2674 3417 ἄλλως
2719 3350 2957 3422 σωθῆναι
2989 3352 3038 3405 εί
3065 3350 3140 3423 μὴ
3187 3348 3364 3413 οὕτως
3383 3366 3398 3382 ο
3441 3346 3577 3416 an);
3599 3344 3660 3399 δὲ
3688 3344 3780 3400 ἔνθ

654 3429 808 3497 gital,
829 3430 1226 3504 meditaturque
1251 3436 1526 3506 quomodo
1544 3437 1913 3511 habeatquem
1934 3441 2241 3513 interroget:

2193 3451 2249 3498 ιιι
2354 3446 2442 3499 ταί
2465 3462 2547 3508 τις
2565 3443 2648 3498 ὃτι
2680 3442 2776 3496 ἐὰν
2811 3443 2885 3514 μὴ
2915 3442 3025 3513 ἔχει
3047 3442 3131 3505 τίς
3164 3457 3283 3493 τινα
3326 3438 3708 3511 ἐπερωτῆσαι,
3748 3451 3780 3493 τ

656 3520 788 3590 quid
830 3522 972 3578 facto
1007 3540 1144 3596 opus
1168 3527 1258 3583 sit.
1288 3528 1612 3602 Quicunque
1640 3548 1775 3588 sane
1830 3533 2086 3603 voluerit,
2140 3550 2243 3590 non

2197 3550 2250 3590 ιιι
2355 3536 2597 3607 ποιῆσαι.
2633 3536 2840 3599 Ὄντως
2868 3535 2961 3589 ἐὰν
3000 3535 3056 3586 ὲν
3088 3531 3319 3603 ἀληθείᾳ
3371 3531 3581 3606 θελήσῃ
3622 3547 3714 3595 τις
3753 3547 3784 3584 τ

655 3614 998 3674 dissimulate
1046 3618 1377 3677 voluntatem
1408 3619 1500 3679 Dei
1533 3623 1730 3690 facere,
1767 3618 2049 3697 nunquam
2098 3626 2242 3681 illum

2199 3642 2249 3680 m
2354 3633 2503 3701 λημα
2552 3628 2647 3684 τοῦ
2698 3626 2835 3682 Θεοῦ
2885 3628 2944 3679 ὲν
2998 3626 3094 3698 ὅλῃ
3139 3624 3360 3697 καρδίᾳ,
3405 3623 3670 3678 οὐδέποτε
3719 3624 3785 3692 ἀς

658 3710 892 3778 patietur
925 3711 1068 3768 Deus
1107 3711 1238 3779 labi,
1271 3715 1366 3770 sed
1397 3731 1613 3785 semper
1658 3732 1785 3772 eum
1812 3717 2010 3788 diriget
2041 3718 2096 3772 in
2152 3734 2245 3773 vo-

2198 3734 2248 3773 J-
2354 3724 2518 3778 αὑτὸν
2565 3724 2593 3775 ὀ
2639 3721 2805 3785 Θεόςο
2848 3720 2986 3773 ἀλλὰ
3021 3720 3232 3782 πάντως
3278 3717 3465 3789 ὁδηγεῖ
3495 3716 3665 3771 αὑτὸν
3699 3733 3785 3770 καί

658 3804 921 3858 luntatem
946 3820 1126 3862 suam.
1152 3803 1221 3859 Et
1253 3805 1509 3877 quisquis
1544 3822 1641 3863 cor
1671 3823 1832 3863 suum
1862 3807 2126 3864 direxerit
2173 3809 2244 3865 ad

2198 3809 2244 3864 ιι]
2354 3814 2568 3886 θέλημα
2614 3812 2801 3868 αὐτοῦ.
2837 3814 3043 3876 Ὄντως
3075 3811 3170 3865 ἐὰν
3197 3809 3505 3884 κατευθύνῃ
3547 3828 3639 3875 τις
3682 3809 3785 3882 τὴν

655 3896 893 3951 divinam
926 3896 1286 3964 voluntatem,
1329 3898 1417 3955 hic
1457 3915 1686 3971 puerum
1730 3899 1981 3970 quamvis
2021 3916 2242 3972 parvum

2199 3916 2249 3955 m
2353 3906 2474 3961 δίαν
2511 3906 2705 3961 ἑαυτοῦ
2749 3906 2884 3974 πρὸς
2918 3904 2978 3957 τὸ
3012 3904 3225 3975 θέλημα
3263 3903 3358 3956 τοῦ
3398 3902 3561 3969 Θεοῦ,
3601 3901 3785 3956 παιδίι

654 3991 791 4042 adeo
828 3989 1197 4047 illuminatum
1232 3992 1556 4049 mirabiliter
1580 3993 1840 4063 offendet,
1877 4009 2036 4066 aquo
2096 4004 2241 4065 pote-

2198 4010 2252 4050 e-
2355 3998 2488 4069 κρὺν
2522 3996 2745 4068 φωτίζει
2785 3997 2813 4048 ὁ
2842 3994 2974 4059 Θεὸς
3008 3995 3184 4048 εἰπεῖν
3215 3994 3364 4065 αὐτῷ
3391 3993 3452 4048 τὸ
3485 3993 3713 4064 θέλημα
3760 4010 3785 4047 σ

659 4083 728 4136 rit
758 4082 1090 4139 voluntatem
1112 4082 1208 4140 Dei
1236 4085 1468 4142 discere.
1510 4084 1669 4154 Quod
1719 4086 1763 4142 si
1805 4086 1932 4157 quis
1994 4087 2246 4143 simulate

2203 4095 2253 4142 te
2367 4091 2495 4147 Ἐὰν
2519 4091 2575 4145 δὲ
2613 4091 2686 4161 μὴ
2719 4089 2850 4160 θέλῃ
2892 4107 2973 4152 τις
3017 4088 3151 4160 μετὰ
3196 4087 3455 4160 ἀληθείας
3486 4085 3552 4140 τὸ
3601 4084 3785 4156 θέλημ

656 4174 931 4243 qnm~ierit
964 4176 1297 4231 voluntatem
1335 4176 1429 4231 Dei
1485 4186 1538 4231 et
1571 4178 1638 4232 ad
1691 4178 2011 4249 prophetam
2062 4177 2243 4233 scisci-

2198 4177 2253 4231 :i-
2354 4181 2514 4247 Θεοῦ,
2560 4179 2656 4233 καὶ
2711 4178 2849 4250 πρὸς
2904 4179 3194 4250 προφήτην
3239 4176 3334 4231 ἐὰν
3384 4174 3624 4246 ἀπέλθῃ,
3675 4173 3785 4245 πρὸ

659 4275 875 4318 taturus
893 4264 1110 4331 abierit,
1141 4265 1293 4320 cordi
1323 4255 1656 4336 ejus'iniquo
1715 4267 1844 4336 quid
1896 4268 2246 4335 respondeat,

2198 4274 2249 4332 ιῑ,
2355 4271 2586 4342 καρδίαν
2631 4268 2797 4324 αὐτοῦ
2827 4267 2925 4341 τὴν
2959 4267 3248 4339 στρεϐλὴν,
3281 4265 3499 4320 δίδωσιν
3536 4264 3606 4336 δὴ
3641 4266 3671 4319 ὀ
3696 4263 3785 4317 Θεὲ

656 4357 801 4408 dabit
838 4356 978 4410 Dens
1003 4358 1056 4410 in
1085 4371 1183 4411 cor
1213 4359 1514 4427 propheta).
1548 4357 1623 4413 Ita
1654 4360 1799 4412 enim
1823 4358 1900 4412 ait
1921 4356 2243 4426 Scriptura:

2198 4377 2206 4411 ι
2230 4375 2244 4410 :
2278 4399 2324 4456 Β
2355 4363 2454 4431 τὴν
2485 4360 2713 4456 καρδίαν
2737 4359 2831 4456 τοῦ
2860 4360 3144 4456 προ-τρίβου
3171 4356 3548 4456 αποκριθῆναι
3568 4354 3785 4456 aia-163,:

656 4447 715 4500 Si
752 4456 927 4500 autem
955 4449 1236 4516 erraverit,
1272 4447 1437 4522 402
1463 4460 1513 4504 et
1544 4448 1750 4505 locutus
1776 4448 1940 4520 fuerit
1966 4451 2243 4522 propheta,

2197 4468 2243 4519 α,
2278 4444 2319 4456 ⁷
2353 4454 2501 4522 λέγει
2555 4454 2589 4524 ἡ
2641 4450 2868 4523 Γραφήο
2936 4448 3073 4503 Ἐὰν
3129 4445 3418 4517 πλανηθῇ
3450 4446 3554 4501 καί
3609 4444 3784 4510 ,λαλῇ

655 4556 747 4608 ι’ῃο
782 4542 1035 4595 Dominus
1061 4558 1245 4596 errare
1275 4544 1378 4614 feci
1401 4545 1716 4615 prophetam
1745 4542 1899 4598 illum
1921 4555 1969 4597 ³.
1992 4542 2242 4599 Nostrum

2198 4559 2247 4598 ιι]
2357 4542 2691 4612 προφήτης,
2734 4539 2849 4611 ἐγὼ
2883 4539 3096 4607 Κύριος
3133 4536 3459 4606 ἐπλάνησα
3489 4534 3606 4589 τὸν
3636 4550 3785 4603 προς

658 4635 821 4704 ἰδίων
846 4644 948 4702 est,
981 4635 1202 4705 fratres,
1230 4654 1332 4694 nos
1363 4639 1510 4708 ipsos
1535 4639 1662 4693 totis
1697 4638 1907 4694 viribus
1947 4638 2013 4693 ad
2060 4639 2245 4693 volun-

2198 4654 2251 4692 n—
2358 4636 2615 4689 ἐκεῖνον.
2651 4633 2752 4689 Διὰ
2796 4630 2954 4686 τοῦτο
2987 4629 3276 4701 ὀφείλομεν
3307 4627 3458 4702 πάσῃ
3488 4627 3735 4697 δυνάμει
3769 4643 3785 4678 2

658 4737 821 4782 tatem
851 4727 941 4783 Dei
974 4730 1232 4800 dirigere,
1267 4746 1369 4785 nec
1394 4732 1615 4801 proprio
1643 4732 1791 4785 cordi
1813 4731 2245 4802 quidpiam-cre-

2198 4746 2253 4785 e—
2361 4727 2543 4782 θύνειν
2589 4725 2818 4789 ἑαυτοὺς
2848 4724 2986 4797 πρὸς
3028 4723 3090 4777 ab
3123 4721 3337 4794 θέλημα
3368 4721 3464 4774 τοῦ
3511 4718 3685 4783 Θεοῦ,
3748 4736 3785 4771 κ

655 4820 805 4873 dere.
839 4819 942 4873 Sed
975 4821 1021 4876 si
1053 4822 1184 4892 quid
1220 4823 1379 4878 nobis
1413 4822 1567 4877 bona;
1599 4823 1674 4877 rei
1711 4821 1895 4887 fuerit,
1924 4822 2242 4877 audiamus-

2198 4837 2243 4877 ;-
2353 4814 2635 4869 πιστεύειν
2662 4816 2730 4886 ’τῇ
2767 4813 2876 4883 ίδίᾳ
2915 4813 3147 4885 καρδίην
3184 4810 3321 4866 ἀλλὰ
3370 4809 3465 4864 καὶ
3501 4808 3681 4863 καλὸν
3731 4825 3785 4877 πη

656 4924 760 4977 que
793 4910 858 4963 ab
880 4911 1066 4980 aliquo
1101 4911 1383 4967 seniorum
1436 4913 1565 4982 quia
1617 4913 1758 4967 bona
1813 4919 1920 4974 est,
1983 4911 2243 4966 debemus

2183 4926 2246 4966 ns
2355 4906 2449 4959 ἐὰν
2495 4901 2551 4978 ᾖ,
2598 4904 2694 4959 καὶ
2728 4904 3056 4975 ἀκούσωμεν
3086 4903 3240 4974 παρά
3285 4918 3429 4965 τινος
3460 4900 3629 4968 ἁγίου
3675 4901 3768 4954 ὅτι

654 5002 873 5067 quidem
908 5004 1132 5057 credere
1171 5004 1300 5072 quia
1331 5004 1473 5058 bona
1498 5012 1619 5070 est;
1645 5019 1751 5058 non
1793 5012 1973 5058 autem
2003 5002 2241 5068 credere,

2198 5018 2244 5068 e,
2356 4999 2524 5063 ἐστιν,
2556 4996 2845 5068 ὀφείλομεν
2878 4995 3024 5067 ἔχειν
3055 4996 3153 5068 μὲν
3190 4995 3272 5048 ὅτι
3317 4994 3505 5057 καλὸν,
3550 4992 3634 5063 μὴ
3682 5007 3785 5044 πισ

634 5093 797 5169 ﬂuod
834 5105 959 5147 ante
983 5094 1142 5151 nobis
1173 5094 1244 5149 sit
1275 5095 1393 5149 visa
1424 5096 1566 5151 bona
1597 5109 1739 5150 esse.
1777 5094 1840 5148 Et
1901 5096 2032 5165 quia
2094 5094 2221 5164 just:

2198 5104 2245 5148 la
2357 5084 2679 5154 sséautoiq,
2711 5089 2792 5142 δτι
2839 5089 2940 5160 ἤδη
2991 5088 3089 5142 καὶ
3134 5087 3317 5150 καλῶς
3363 5086 3618 5155 ποιῶμεν
3651 5085 3785 5137 αὖτέ

653 5196 755 5245 est,
786 5187 942 5241 debet
974 5188 1114 5252 ﬁeri,
1142 5203 1251 5243 non
1284 5199 1467 5243 autem
1493 5189 1633 5259 quod
1659 5188 1737 5243 sic
1767 5203 1887 5242 eam
1942 5188 2240 5259 Opinemnr.

2190 5204 2251 5243 ll‘.
2356 5183 2432 5248 ὡς
2459 5183 2684 5245 δικαίως
2709 5180 2917 5250 ὀφείλει
2941 5180 3218 5249 γενέσθαι.
3263 5178 3422 5233 Ἀλλὰ
3455 5178 3777 5248 ὀφείλομεν

654 5278 1035 5343 Aljieiendum
1068 5296 1289 5351 quoque
1327 5292 1411 5336 est
1436 5296 1554 5350 quo
1594 5289 1752 5350 pacto
1804 5281 1855 5335 id
1912 5279 2165 5343 fecimus,
2198 5288 2241 5333 et

2198 5287 2253 5333 et
2359 5276 2460 5348 μὲν
2488 5274 2589 5346 τὴν
2628 5274 2859 5345 δύναμιν
2905 5273 3084 5345 ἡμῶν,
3122 5273 3285 5326 ’πάλιν
3333 5271 3390 5325 δὲ
3440 5270 3785 5324 ἀνατίθεσθε

654 5372 976 5425 discendum
1010 5375 1049 5426 si
1114 5375 1242 5428 illud
1298 5374 1437 5429 bene
1489 5374 1720 5429 fecimus
1789 5392 1802 5428 :
1850 5383 1904 5429 et
1946 5382 2069 5444 post
2137 5376 2241 5427 luet

2194 5388 2254 5427 ec
2353 5369 2417 5424 τὸ
2455 5369 2575 5434 πῶς
2610 5366 2875 5438 ποιῶμεν,
2915 5366 3009 5421 καί
3051 5365 3344 5438 μανθάνειν
3378 5365 3427 5418 εί
3462 5365 3562 5417 καὶ
3612 5364 3781 5417 καλῶ

656 5465 862 5529 omnia,
908 5481 1085 5532 neque
1124 5464 1305 5521 adhuc
1349 5466 1766 5538 quiescendum,
1821 5467 1912 5521 sed
1968 5475 2021 5521 et
2074 5468 2243 5521 susci-

2198 5468 2219 5520 .i
2238 5498 2252 5506 -
2355 5464 2696 5535 ἐποιήσαμεν
2715 5477 2729 5493 ·
2755 5460 2849 5513 καὶ
2870 5458 3008 5530 μετὰ
3030 5458 3222 5521 ταῦτα,
3253 5459 3390 5527 μήτε
3414 5455 3600 5519 οὕτως
3624 5457 3785 5526 ἁμερ

660 5558 913 5625 piendum
974 5559 1064 5615 Dei
1111 5559 1400 5627 judicium,
1460 5561 1917 5631 quemadmodum
1962 5569 2116 5630 pater
2167 5560 2247 5615 ille

2198 5560 2254 5615 le
2363 5556 2479 5611 ἀλλ’
2513 5553 2833 5626 ἐκδέχεσθαι
2875 5553 2969 5608 καὶ
3009 5552 3110 5624 τὴν
3150 5549 3243 5606 τοῦ
3276 5548 3413 5605 Θεοῦ
3448 5548 3676 5621 κρίσιν,
3724 5546 3785 5603 ὧι

739 5744 756 5771 ³
792 5736 929 5793 ἴτυεί.
975 5755 1161 5807 xxxix,
1187 5741 1305 5795 2-4.
1387 5752 1412 5781 α
1451 5740 1607 5796 Deut.
1638 5754 1758 5805 XIII,
1789 5756 1826 5806 ι,
1858 5742 1905 5795 5.
