  <div class='ocr_page' id='page_1' title='image "/cluster/home/n/w/nwhite01/storage/ocr_20150623/88/coo.31924054869924/860.png"; bbox 0 0 4020 6412; ppageno 0'>
   <div class='ocr_carea' id='block_1_1' title="bbox 286 299 3532 383">
    <p class='ocr_par' dir='ltr' id='par_1_1' title="bbox 286 299 3532 383">
     <span class='ocr_line' id='line_1_1' title="bbox 286 299 3532 383; baseline -0.005 -2"><span class='ocrx_word' id='word_1_1' title='bbox 286 316 419 383; x_wconf 75' lang='lat'><strong>1685</strong></span> <span class='ocrx_word' id='word_1_2' title='bbox 1646 304 2027 375; x_wconf 79' lang='lat' dir='ltr'><strong>DOCTRINA</strong></span> <span class='ocrx_word' id='word_1_3' title='bbox 2057 310 2157 372; x_wconf 84' lang='lat' dir='ltr'><strong>VI.</strong></span> <span class='ocrx_word' id='word_1_4' title='bbox 3395 299 3532 365; x_wconf 76' lang='lat'><strong>1586</strong></span> 
     </span>
    </p>
   </div>
   <div class='ocr_carea' id='block_1_2' title="bbox 279 417 1906 500">
    <p class='ocr_par' dir='ltr' id='par_1_2' title="bbox 279 422 1906 500">
     <span class='ocr_line' id='line_1_2' title="bbox 279 422 1906 500; baseline -0.004 -15"><span class='ocrx_word' id='word_1_5' title='bbox 279 432 426 499; x_wconf 74' lang='grc' dir='ltr'>ἅγιος</span> <span class='ocrx_word' id='word_1_6' title='bbox 452 429 658 495; x_wconf 73' lang='grc' dir='ltr'>ἐκεῖνος</span> <span class='ocrx_word' id='word_1_7' title='bbox 688 422 843 485; x_wconf 78' lang='grc' dir='ltr'>εἶπεν</span> <span class='ocrx_word' id='word_1_8' title='bbox 905 429 1167 499; x_wconf 79' lang='grc' dir='ltr'>Ἀγάθων,</span> <span class='ocrx_word' id='word_1_9' title='bbox 1205 429 1293 483; x_wconf 81' lang='grc' dir='ltr'><strong>ὅτε</strong></span> <span class='ocrx_word' id='word_1_10' title='bbox 1325 426 1608 500; x_wconf 73' lang='grc' dir='ltr'>ἠρωτήθη,</span> <span class='ocrx_word' id='word_1_11' title='bbox 1638 426 1749 480; x_wconf 83' lang='lat' dir='ltr'><strong>Kal</strong></span> <span class='ocrx_word' id='word_1_12' title='bbox 1777 427 1842 479; x_wconf 84' lang='grc' dir='ltr'><strong>σὺ</strong></span> <span class='ocrx_word' id='word_1_13' title='bbox 1872 429 1906 485; x_wconf 71' lang='grc' dir='ltr'><strong>Α</strong></span> 
     </span>
    </p>
   </div>
   <div class='ocr_carea' id='block_1_3' title="bbox 2011 417 3535 500">
    <p class='ocr_par' dir='ltr' id='par_1_3' title="bbox 2012 417 3535 494">
     <span class='ocr_line' id='line_1_3' title="bbox 2012 417 3535 494; baseline -0.001 -17"><span class='ocrx_word' id='word_1_14' title='bbox 2012 432 2170 479; x_wconf 88' lang='lat' dir='ltr'><strong>nctus</strong></span> <span class='ocrx_word' id='word_1_15' title='bbox 2202 423 2450 494; x_wconf 75' lang='lat' dir='ltr'><strong>Agathon</strong></span> <span class='ocrx_word' id='word_1_16' title='bbox 2472 421 2649 478; x_wconf 73' lang='lat' dir='ltr'><strong>eﬂ‘ecit</strong></span> <span class='ocrx_word' id='word_1_17' title='bbox 2671 438 2687 489; x_wconf 87' lang='lat'><strong>;</strong></span> <span class='ocrx_word' id='word_1_18' title='bbox 2713 421 2829 493; x_wconf 85' lang='lat' dir='ltr'><strong>qui,</strong></span> <span class='ocrx_word' id='word_1_19' title='bbox 2857 420 3221 492; x_wconf 65' lang='lat' dir='ltr'><strong>interrogatus</strong></span> <span class='ocrx_word' id='word_1_20' title='bbox 3247 434 3314 473; x_wconf 85' lang='lat' dir='ltr'><strong>an</strong></span> <span class='ocrx_word' id='word_1_21' title='bbox 3345 417 3535 475; x_wconf 86' lang='lat' dir='ltr'><strong>formi-</strong></span> 
     </span>
    </p>
   </div>
   <div class='ocr_carea' id='block_1_4' title="bbox 280 508 1906 593">
    <p class='ocr_par' dir='ltr' id='par_1_4' title="bbox 280 515 1849 593">
     <span class='ocr_line' id='line_1_4' title="bbox 280 515 1849 593; baseline -0.003 -20"><span class='ocrx_word' id='word_1_22' title='bbox 280 519 670 593; x_wconf 76' lang='grc' dir='ltr'><strong>φοὸᾗ,Πάτερ;</strong></span> <span class='ocrx_word' id='word_1_23' title='bbox 710 522 1069 591; x_wconf 78' lang='grc' dir='ltr'>ἁπεκρίνατο,</span> <span class='ocrx_word' id='word_1_24' title='bbox 1119 522 1202 575; x_wconf 74' lang='grc' dir='ltr'>ὅτι</span> <span class='ocrx_word' id='word_1_25' title='bbox 1239 539 1259 572; x_wconf 79' lang='grc' dir='ltr'><strong>ι</strong></span> <span class='ocrx_word' id='word_1_26' title='bbox 1295 519 1445 583; x_wconf 87' lang='grc' dir='ltr'>Τέως</span> <span class='ocrx_word' id='word_1_27' title='bbox 1479 517 1591 588; x_wconf 73' lang='grc' dir='ltr'><strong>ἐγὼ</strong></span> <span class='ocrx_word' id='word_1_28' title='bbox 1621 518 1720 587; x_wconf 82' lang='grc' dir='ltr'><strong>τὴν</strong></span> <span class='ocrx_word' id='word_1_29' title='bbox 1756 515 1849 570; x_wconf 76' lang='grc' dir='ltr'><strong>δύο</strong></span> 
     </span>
    </p>
   </div>
   <div class='ocr_carea' id='block_1_5' title="bbox 2011 508 3539 593">
    <p class='ocr_par' dir='ltr' id='par_1_5' title="bbox 2011 508 3539 583">
     <span class='ocr_line' id='line_1_5' title="bbox 2011 508 3539 583; baseline 0 -17"><span class='ocrx_word' id='word_1_30' title='bbox 2011 522 2128 577; x_wconf 75' lang='grc' dir='ltr'>πει,</span> <span class='ocrx_word' id='word_1_31' title='bbox 2152 512 2431 583; x_wconf 88' lang='lat' dir='ltr'><strong>respondit</strong></span> <span class='ocrx_word' id='word_1_32' title='bbox 2466 531 2481 567; x_wconf 89' lang='lat'><strong>:</strong></span> <span class='ocrx_word' id='word_1_33' title='bbox 2523 511 2844 578; x_wconf 64' lang='lat' dir='ltr'><strong>«Laboravi,</strong></span> <span class='ocrx_word' id='word_1_34' title='bbox 2878 511 3122 582; x_wconf 89' lang='lat' dir='ltr'><strong>inquam,</strong></span> <span class='ocrx_word' id='word_1_35' title='bbox 3148 525 3249 582; x_wconf 88' lang='lat' dir='ltr'><strong>pro</strong></span> <span class='ocrx_word' id='word_1_36' title='bbox 3280 508 3539 567; x_wconf 74' lang='lat' dir='ltr'><strong>facultate</strong></span> 
     </span>
    </p>
   </div>
   <div class='ocr_carea' id='block_1_6' title="bbox 282 599 1906 685">
    <p class='ocr_par' dir='ltr' id='par_1_6' title="bbox 282 609 1849 685">
     <span class='ocr_line' id='line_1_6' title="bbox 282 609 1849 685; baseline -0.003 -20"><span class='ocrx_word' id='word_1_37' title='bbox 282 613 442 682; x_wconf 88' lang='grc' dir='ltr'>ναμίν</span> <span class='ocrx_word' id='word_1_38' title='bbox 479 630 580 682; x_wconf 87' lang='grc' dir='ltr'><strong>μου</strong></span> <span class='ocrx_word' id='word_1_39' title='bbox 627 613 880 685; x_wconf 68' lang='grc' dir='ltr'>δποίησα,</span> <span class='ocrx_word' id='word_1_40' title='bbox 913 615 1016 668; x_wconf 81' lang='grc' dir='ltr'>οὐκ</span> <span class='ocrx_word' id='word_1_41' title='bbox 1048 609 1165 667; x_wconf 78' lang='grc' dir='ltr'>οῖδα</span> <span class='ocrx_word' id='word_1_42' title='bbox 1195 613 1251 665; x_wconf 82' lang='grc' dir='ltr'><strong>δὲ</strong></span> <span class='ocrx_word' id='word_1_43' title='bbox 1289 614 1338 666; x_wconf 85' lang='grc' dir='ltr'>εἰ</span> <span class='ocrx_word' id='word_1_44' title='bbox 1371 613 1536 683; x_wconf 73' lang='grc' dir='ltr'>ἤρεσε</span> <span class='ocrx_word' id='word_1_45' title='bbox 1575 609 1638 663; x_wconf 79' lang='grc' dir='ltr'>τὸ</span> <span class='ocrx_word' id='word_1_46' title='bbox 1688 609 1849 680; x_wconf 83' lang='grc' dir='ltr'>έργον</span> 
     </span>
    </p>
   </div>
   <div class='ocr_carea' id='block_1_7' title="bbox 2011 599 3541 685">
    <p class='ocr_par' dir='ltr' id='par_1_7' title="bbox 2013 599 3541 675">
     <span class='ocr_line' id='line_1_7' title="bbox 2013 599 3541 675; baseline -0.001 -15"><span class='ocrx_word' id='word_1_47' title='bbox 2013 619 2076 660; x_wconf 89' lang='lat' dir='ltr'><strong>ea</strong></span> <span class='ocrx_word' id='word_1_48' title='bbox 2106 622 2118 658; x_wconf 94' lang='lat'>:</span> <span class='ocrx_word' id='word_1_49' title='bbox 2155 619 2293 675; x_wconf 84' lang='lat' dir='ltr'><strong>opus</strong></span> <span class='ocrx_word' id='word_1_50' title='bbox 2315 614 2495 661; x_wconf 85' lang='lat' dir='ltr'><strong>autem</strong></span> <span class='ocrx_word' id='word_1_51' title='bbox 2530 618 2713 660; x_wconf 89' lang='lat' dir='ltr'><strong>meum</strong></span> <span class='ocrx_word' id='word_1_52' title='bbox 2752 612 3041 674; x_wconf 77' lang='lat' dir='ltr'><strong>gratumne</strong></span> <span class='ocrx_word' id='word_1_53' title='bbox 3087 600 3251 658; x_wconf 89' lang='lat' dir='ltr'><strong>fuerit</strong></span> <span class='ocrx_word' id='word_1_54' title='bbox 3279 599 3407 669; x_wconf 89' lang='lat' dir='ltr'><strong>Deo,</strong></span> <span class='ocrx_word' id='word_1_55' title='bbox 3436 604 3541 658; x_wconf 86' lang='lat' dir='ltr'><strong>hoc</strong></span> 
     </span>
    </p>
   </div>
   <div class='ocr_carea' id='block_1_8' title="bbox 285 690 1906 778">
    <p class='ocr_par' dir='ltr' id='par_1_8' title="bbox 285 700 1852 778">
     <span class='ocr_line' id='line_1_8' title="bbox 285 700 1852 778; baseline -0.003 -21"><span class='ocrx_word' id='word_1_56' title='bbox 285 720 382 775; x_wconf 85' lang='grc' dir='ltr'>μου</span> <span class='ocrx_word' id='word_1_57' title='bbox 416 703 493 774; x_wconf 85' lang='grc' dir='ltr'><strong>τῷ</strong></span> <span class='ocrx_word' id='word_1_58' title='bbox 523 704 662 775; x_wconf 85' lang='grc' dir='ltr'><strong>Θεῷ.</strong></span> <span class='ocrx_word' id='word_1_59' title='bbox 703 705 865 759; x_wconf 83' lang='grc' dir='ltr'>Ἀλλο</span> <span class='ocrx_word' id='word_1_60' title='bbox 891 705 1000 778; x_wconf 81' lang='grc' dir='ltr'><strong>γάρ</strong></span> <span class='ocrx_word' id='word_1_61' title='bbox 1031 707 1147 760; x_wconf 79' lang='grc' dir='ltr'>ἐστι</span> <span class='ocrx_word' id='word_1_62' title='bbox 1175 704 1236 758; x_wconf 80' lang='grc' dir='ltr'>τὸ</span> <span class='ocrx_word' id='word_1_63' title='bbox 1255 705 1431 776; x_wconf 81' lang='grc' dir='ltr'>κρῖμα</span> <span class='ocrx_word' id='word_1_64' title='bbox 1451 700 1547 756; x_wconf 79' lang='grc' dir='ltr'><strong>τοῦ</strong></span> <span class='ocrx_word' id='word_1_65' title='bbox 1569 700 1726 767; x_wconf 84' lang='grc' dir='ltr'><strong>Θεοῦ,</strong></span> <span class='ocrx_word' id='word_1_66' title='bbox 1756 700 1852 754; x_wconf 76' lang='grc' dir='ltr'>καὶ</span> 
     </span>
    </p>
   </div>
   <div class='ocr_carea' id='block_1_9' title="bbox 2011 690 3543 778">
    <p class='ocr_par' dir='ltr' id='par_1_9' title="bbox 2011 690 3543 763">
     <span class='ocr_line' id='line_1_9' title="bbox 2011 690 3543 763; baseline -0.003 -14"><span class='ocrx_word' id='word_1_67' title='bbox 2011 709 2067 749; x_wconf 80' lang='grc' dir='ltr'>›ο</span> <span class='ocrx_word' id='word_1_68' title='bbox 2095 693 2260 749; x_wconf 86' lang='lat' dir='ltr'><strong>novi:</strong></span> <span class='ocrx_word' id='word_1_69' title='bbox 2295 694 2440 750; x_wconf 84' lang='lat' dir='ltr'><strong>aliud</strong></span> <span class='ocrx_word' id='word_1_70' title='bbox 2456 702 2541 749; x_wconf 91' lang='lat' dir='ltr'><strong>est</strong></span> <span class='ocrx_word' id='word_1_71' title='bbox 2561 693 2709 748; x_wconf 90' lang='lat' dir='ltr'><strong>enim</strong></span> <span class='ocrx_word' id='word_1_72' title='bbox 2734 692 2828 748; x_wconf 87' lang='lat' dir='ltr'><strong>Dei</strong></span> <span class='ocrx_word' id='word_1_73' title='bbox 2849 691 3140 763; x_wconf 85' lang='lat' dir='ltr'><strong>judicium,</strong></span> <span class='ocrx_word' id='word_1_74' title='bbox 3181 699 3234 747; x_wconf 88' lang='lat' dir='ltr'><strong>et</strong></span> <span class='ocrx_word' id='word_1_75' title='bbox 3262 690 3407 745; x_wconf 82' lang='lat' dir='ltr'><strong>aliud</strong></span> <span class='ocrx_word' id='word_1_76' title='bbox 3440 692 3543 745; x_wconf 87' lang='lat' dir='ltr'><strong>ho-</strong></span> 
     </span>
    </p>
   </div>
   <div class='ocr_carea' id='block_1_10' title="bbox 282 777 1906 866">
    <p class='ocr_par' dir='ltr' id='par_1_10' title="bbox 282 777 1852 866">
     <span class='ocr_line' id='line_1_10' title="bbox 282 777 1852 866; baseline -0.003 -17"><span class='ocrx_word' id='word_1_77' title='bbox 282 793 408 849; x_wconf 81' lang='grc' dir='ltr'>ἄλλο</span> <span class='ocrx_word' id='word_1_78' title='bbox 434 794 497 848; x_wconf 82' lang='grc' dir='ltr'>τδ</span> <span class='ocrx_word' id='word_1_79' title='bbox 525 795 635 849; x_wconf 87' lang='grc' dir='ltr'><strong>τῶν</strong></span> <span class='ocrx_word' id='word_1_80' title='bbox 668 777 991 866; x_wconf 82' lang='grc' dir='ltr'>ἀνθρώπων.</span> <span class='ocrx_word' id='word_1_81' title='bbox 1044 814 1062 848; x_wconf 75' lang='grc' dir='ltr'><strong>ι</strong></span> <span class='ocrx_word' id='word_1_82' title='bbox 1110 796 1169 849; x_wconf 86' lang='lat'><strong>&#39;0</strong></span> <span class='ocrx_word' id='word_1_83' title='bbox 1214 795 1348 859; x_wconf 82' lang='grc' dir='ltr'>Θεὸς</span> <span class='ocrx_word' id='word_1_84' title='bbox 1396 793 1662 848; x_wconf 81' lang='grc' dir='ltr'>σκεπάσει</span> <span class='ocrx_word' id='word_1_85' title='bbox 1704 792 1852 862; x_wconf 78' lang='grc' dir='ltr'>ἡμᾶς</span> 
     </span>
    </p>
   </div>
   <div class='ocr_carea' id='block_1_11' title="bbox 2011 777 3543 866">
    <p class='ocr_par' dir='ltr' id='par_1_11' title="bbox 2011 777 3543 855">
     <span class='ocr_line' id='line_1_11' title="bbox 2011 777 3543 855; baseline -0.001 -19"><span class='ocrx_word' id='word_1_86' title='bbox 2011 784 2188 839; x_wconf 39' lang='lat' dir='ltr'><strong>linum.</strong></span> <span class='ocrx_word' id='word_1_87' title='bbox 2225 801 2245 836; x_wconf 75' lang='grc' dir='ltr'><strong>ι</strong></span> <span class='ocrx_word' id='word_1_88' title='bbox 2274 783 2415 840; x_wconf 85' lang='lat' dir='ltr'><strong>Deus</strong></span> <span class='ocrx_word' id='word_1_89' title='bbox 2452 798 2553 840; x_wconf 89' lang='lat' dir='ltr'><strong>nos</strong></span> <span class='ocrx_word' id='word_1_90' title='bbox 2579 784 2776 855; x_wconf 88' lang='lat' dir='ltr'><strong>eripiat</strong></span> <span class='ocrx_word' id='word_1_91' title='bbox 2803 783 2872 838; x_wconf 90' lang='lat' dir='ltr'><strong>ab</strong></span> <span class='ocrx_word' id='word_1_92' title='bbox 2917 783 3022 839; x_wconf 91' lang='lat' dir='ltr'><strong>hoc</strong></span> <span class='ocrx_word' id='word_1_93' title='bbox 3075 781 3320 853; x_wconf 88' lang='lat' dir='ltr'><strong>periculo</strong></span> <span class='ocrx_word' id='word_1_94' title='bbox 3378 777 3543 836; x_wconf 68' lang='lat' dir='ltr'><strong>inisti-</strong></span> 
     </span>
    </p>
   </div>
   <div class='ocr_carea' id='block_1_12' title="bbox 284 872 1906 957">
    <p class='ocr_par' dir='ltr' id='par_1_12' title="bbox 284 880 1858 957">
     <span class='ocr_line' id='line_1_12' title="bbox 284 880 1858 957; baseline -0.001 -20"><span class='ocrx_word' id='word_1_95' title='bbox 284 883 530 939; x_wconf 83' lang='grc' dir='ltr'><strong>κινδύνου</strong></span> <span class='ocrx_word' id='word_1_96' title='bbox 557 886 653 939; x_wconf 82' lang='grc' dir='ltr'><strong>τοῦ</strong></span> <span class='ocrx_word' id='word_1_97' title='bbox 677 887 785 940; x_wconf 76' lang='grc' dir='ltr'><strong>ἀπὸ</strong></span> <span class='ocrx_word' id='word_1_98' title='bbox 811 889 917 943; x_wconf 84' lang='grc' dir='ltr'><strong>τῶν</strong></span> <span class='ocrx_word' id='word_1_99' title='bbox 936 886 1293 957; x_wconf 82' lang='grc' dir='ltr'>στοιχούντων</span> <span class='ocrx_word' id='word_1_100' title='bbox 1317 886 1549 949; x_wconf 73' lang='grc' dir='ltr'>ἑαυτοῖς,</span> <span class='ocrx_word' id='word_1_101' title='bbox 1576 884 1669 938; x_wconf 76' lang='grc' dir='ltr'><strong>καὶ</strong></span> <span class='ocrx_word' id='word_1_102' title='bbox 1695 880 1858 947; x_wconf 79' lang='grc' dir='ltr'>ἀξιώ-</span> 
     </span>
    </p>
   </div>
   <div class='ocr_carea' id='block_1_13' title="bbox 2011 872 3548 957">
    <p class='ocr_par' dir='ltr' id='par_1_13' title="bbox 2011 872 3548 947">
     <span class='ocr_line' id='line_1_13' title="bbox 2011 872 3548 947; baseline -0.004 -17"><span class='ocrx_word' id='word_1_103' title='bbox 2011 875 2150 931; x_wconf 80' lang='lat' dir='ltr'><strong>tendi</strong></span> <span class='ocrx_word' id='word_1_104' title='bbox 2180 889 2282 932; x_wconf 90' lang='lat' dir='ltr'><strong>nos</strong></span> <span class='ocrx_word' id='word_1_105' title='bbox 2302 876 2473 946; x_wconf 83' lang='lat' dir='ltr'><strong>ipsos,</strong></span> <span class='ocrx_word' id='word_1_106' title='bbox 2505 874 2809 947; x_wconf 76' lang='lat' dir='ltr'><strong>dignosque</strong></span> <span class='ocrx_word' id='word_1_107' title='bbox 2835 872 3002 929; x_wconf 86' lang='lat' dir='ltr'><strong>faciat</strong></span> <span class='ocrx_word' id='word_1_108' title='bbox 3051 881 3112 928; x_wconf 94' lang='lat' dir='ltr'><strong>ut</strong></span> <span class='ocrx_word' id='word_1_109' title='bbox 3171 884 3471 943; x_wconf 76' lang='lat' dir='ltr'><strong>sequamur</strong></span> <span class='ocrx_word' id='word_1_110' title='bbox 3493 878 3548 924; x_wconf 79' lang='lat' dir='ltr'><strong>et</strong></span> 
     </span>
    </p>
   </div>
   <div class='ocr_carea' id='block_1_14' title="bbox 284 962 1906 1049">
    <p class='ocr_par' dir='ltr' id='par_1_14' title="bbox 284 972 1858 1049">
     <span class='ocr_line' id='line_1_14' title="bbox 284 972 1858 1049; baseline 0.001 -20"><span class='ocrx_word' id='word_1_111' title='bbox 284 991 367 1030; x_wconf 83' lang='grc' dir='ltr'><strong>σει</strong></span> <span class='ocrx_word' id='word_1_112' title='bbox 415 976 691 1046; x_wconf 79' lang='grc' dir='ltr'>κρατῆσαι</span> <span class='ocrx_word' id='word_1_113' title='bbox 733 978 833 1049; x_wconf 77' lang='grc' dir='ltr'>τῆν</span> <span class='ocrx_word' id='word_1_114' title='bbox 884 976 1004 1031; x_wconf 77' lang='grc' dir='ltr'><strong>ὁδὸν</strong></span> <span class='ocrx_word' id='word_1_115' title='bbox 1052 977 1160 1031; x_wconf 87' lang='grc' dir='ltr'><strong>τῶν</strong></span> <span class='ocrx_word' id='word_1_116' title='bbox 1225 976 1482 1049; x_wconf 79' lang='grc' dir='ltr'><strong>πατέρων</strong></span> <span class='ocrx_word' id='word_1_117' title='bbox 1535 974 1696 1048; x_wconf 83' lang='grc' dir='ltr'>ήμῶν</span> <span class='ocrx_word' id='word_1_118' title='bbox 1747 972 1858 1030; x_wconf 85' lang='grc' dir='ltr'><strong>τῶν</strong></span> 
     </span>
    </p>
   </div>
   <div class='ocr_carea' id='block_1_15' title="bbox 2011 962 3549 1049">
    <p class='ocr_par' dir='ltr' id='par_1_15' title="bbox 2011 962 3549 1039">
     <span class='ocr_line' id='line_1_15' title="bbox 2011 962 3549 1039; baseline -0.004 -16"><span class='ocrx_word' id='word_1_119' title='bbox 2011 984 2247 1026; x_wconf 77' lang='lat' dir='ltr'><strong>:neamus</strong></span> <span class='ocrx_word' id='word_1_120' title='bbox 2313 968 2461 1024; x_wconf 88' lang='lat' dir='ltr'><strong>viam</strong></span> <span class='ocrx_word' id='word_1_121' title='bbox 2527 978 2746 1039; x_wconf 78' lang='lat' dir='ltr'><strong>patrum</strong></span> <span class='ocrx_word' id='word_1_122' title='bbox 2800 973 3142 1033; x_wconf 85' lang='lat' dir='ltr'><strong>nostrorum,</strong></span> <span class='ocrx_word' id='word_1_123' title='bbox 3190 963 3287 1036; x_wconf 86' lang='lat' dir='ltr'><strong>qui</strong></span> <span class='ocrx_word' id='word_1_124' title='bbox 3335 962 3549 1020; x_wconf 84' lang='lat' dir='ltr'><strong>nomini</strong></span> 
     </span>
    </p>
   </div>
   <div class='ocr_carea' id='block_1_16' title="bbox 288 1063 1906 1138">
    <p class='ocr_par' dir='ltr' id='par_1_16' title="bbox 288 1064 1352 1138">
     <span class='ocr_line' id='line_1_16' title="bbox 288 1064 1352 1138; baseline 0.005 -21"><span class='ocrx_word' id='word_1_125' title='bbox 288 1064 775 1136; x_wconf 80' lang='grc' dir='ltr'>εὑαρεστησάντων</span> <span class='ocrx_word' id='word_1_126' title='bbox 803 1065 882 1137; x_wconf 83' lang='grc' dir='ltr'>τῷ</span> <span class='ocrx_word' id='word_1_127' title='bbox 908 1066 1132 1138; x_wconf 79' lang='grc' dir='ltr'>ὀνόματι</span> <span class='ocrx_word' id='word_1_128' title='bbox 1162 1066 1352 1122; x_wconf 81' lang='grc' dir='ltr'>αὐτοῦ.</span> 
     </span>
    </p>
   </div>
   <div class='ocr_carea' id='block_1_17' title="bbox 2011 1063 2459 1138">
    <p class='ocr_par' dir='ltr' id='par_1_17' title="bbox 2011 1063 2459 1135">
     <span class='ocr_line' id='line_1_17' title="bbox 2011 1063 2459 1135; baseline -0.007 -16"><span class='ocrx_word' id='word_1_129' title='bbox 2011 1066 2086 1130; x_wconf 62' lang='lat' dir='ltr'><strong>ius</strong></span> <span class='ocrx_word' id='word_1_130' title='bbox 2114 1063 2459 1135; x_wconf 86' lang='lat' dir='ltr'><strong>placuerunt.</strong></span> 
     </span>
    </p>
   </div>
   <div class='ocr_carea' id='block_1_18' title="bbox 810 1167 1906 1247">
    <p class='ocr_par' dir='ltr' id='par_1_18' title="bbox 810 1180 1351 1247">
     <span class='ocr_line' id='line_1_18' title="bbox 810 1180 1351 1247; baseline 0.002 -14"><span class='ocrx_word' id='word_1_131' title='bbox 810 1180 1221 1234; x_wconf 79' lang='grc' dir='ltr'><strong>ΔῙΔΔΣΚΛΛΙΛ</strong></span> <span class='ocrx_word' id='word_1_132' title='bbox 1260 1181 1351 1247; x_wconf 69' lang='grc' dir='ltr'><strong>ς’.</strong></span> 
     </span>
    </p>
   </div>
   <div class='ocr_carea' id='block_1_19' title="bbox 2011 1167 3010 1247">
    <p class='ocr_par' dir='ltr' id='par_1_19' title="bbox 2085 1167 3010 1226">
     <span class='ocr_line' id='line_1_19' title="bbox 2085 1167 3010 1226; baseline -0.003 0"><span class='ocrx_word' id='word_1_133' title='bbox 2085 1193 2101 1200; x_wconf 89' lang='grc'><strong><em>-</em></strong></span> <span class='ocrx_word' id='word_1_134' title='bbox 2532 1167 2886 1226; x_wconf 78' lang='lat' dir='ltr'><strong>DOCTRINA</strong></span> <span class='ocrx_word' id='word_1_135' title='bbox 2925 1167 3010 1223; x_wconf 83' lang='lat' dir='ltr'><strong>VI.</strong></span> 
     </span>
    </p>
   </div>
   <div class='ocr_carea' id='block_1_20' title="bbox 572 1273 1906 1358">
    <p class='ocr_par' dir='ltr' id='par_1_20' title="bbox 572 1287 1583 1358">
     <span class='ocr_line' id='line_1_20' title="bbox 572 1287 1583 1358; baseline -0.002 -15"><span class='ocrx_word' id='word_1_136' title='bbox 572 1288 714 1356; x_wconf 76' lang='grc' dir='ltr'><strong>Περὶ</strong></span> <span class='ocrx_word' id='word_1_137' title='bbox 753 1288 862 1343; x_wconf 82' lang='grc' dir='ltr'><strong>τοῦ</strong></span> <span class='ocrx_word' id='word_1_138' title='bbox 900 1287 987 1358; x_wconf 79' lang='grc' dir='ltr'>μὴ</span> <span class='ocrx_word' id='word_1_139' title='bbox 1026 1289 1256 1358; x_wconf 80' lang='grc' dir='ltr'>κρίνειν</span> <span class='ocrx_word' id='word_1_140' title='bbox 1295 1288 1583 1356; x_wconf 73' lang='grc' dir='ltr'>πλησίον.</span> 
     </span>
    </p>
   </div>
   <div class='ocr_carea' id='block_1_21' title="bbox 2011 1273 3162 1358">
    <p class='ocr_par' dir='ltr' id='par_1_21' title="bbox 2360 1273 3162 1348">
     <span class='ocr_line' id='line_1_21' title="bbox 2360 1273 3162 1348; baseline -0.007 -15"><span class='ocrx_word' id='word_1_141' title='bbox 2360 1276 2446 1333; x_wconf 84' lang='lat' dir='ltr'><strong>Ne</strong></span> <span class='ocrx_word' id='word_1_142' title='bbox 2496 1277 2798 1348; x_wconf 76' lang='lat' dir='ltr'><strong>proximum</strong></span> <span class='ocrx_word' id='word_1_143' title='bbox 2840 1273 3162 1346; x_wconf 79' lang='lat' dir='ltr'><strong>judicemus.</strong></span> 
     </span>
    </p>
   </div>
   <div class='ocr_carea' id='block_1_22' title="bbox 358 1361 1906 1448">
    <p class='ocr_par' dir='ltr' id='par_1_22' title="bbox 358 1375 1866 1448">
     <span class='ocr_line' id='line_1_22' title="bbox 358 1375 1866 1448; baseline -0.001 -17"><span class='ocrx_word' id='word_1_144' title='bbox 358 1376 440 1434; x_wconf 61' lang='grc' dir='ltr'>Κ.</span> <span class='ocrx_word' id='word_1_145' title='bbox 498 1376 563 1430; x_wconf 79' lang='grc' dir='ltr'><strong>Εἰ</strong></span> <span class='ocrx_word' id='word_1_146' title='bbox 615 1375 1078 1448; x_wconf 82' lang='grc' dir='ltr'>ὲμνημονεύομεν,</span> <span class='ocrx_word' id='word_1_147' title='bbox 1110 1376 1349 1447; x_wconf 73' lang='grc' dir='ltr'><strong>ἀδελφοὶ,</strong></span> <span class='ocrx_word' id='word_1_148' title='bbox 1376 1376 1484 1431; x_wconf 89' lang='grc' dir='ltr'><strong>τῶν</strong></span> <span class='ocrx_word' id='word_1_149' title='bbox 1534 1376 1705 1447; x_wconf 82' lang='grc' dir='ltr'>λόγων</span> <span class='ocrx_word' id='word_1_150' title='bbox 1759 1375 1866 1430; x_wconf 86' lang='grc' dir='ltr'><strong>τῶν</strong></span> 
     </span>
    </p>
   </div>
   <div class='ocr_carea' id='block_1_23' title="bbox 2011 1361 3553 1448">
    <p class='ocr_par' dir='ltr' id='par_1_23' title="bbox 2041 1361 3553 1432">
     <span class='ocr_line' id='line_1_23' title="bbox 2041 1361 3553 1432; baseline -0.008 -4"><span class='ocrx_word' id='word_1_151' title='bbox 2041 1374 2084 1428; x_wconf 89' lang='grc' dir='ltr'>ῐ.</span> <span class='ocrx_word' id='word_1_152' title='bbox 2110 1370 2169 1428; x_wconf 90' lang='lat' dir='ltr'><strong>Si</strong></span> <span class='ocrx_word' id='word_1_153' title='bbox 2195 1369 2626 1432; x_wconf 86' lang='lat' dir='ltr'><strong>meminerimus,</strong></span> <span class='ocrx_word' id='word_1_154' title='bbox 2645 1366 2860 1430; x_wconf 81' lang='lat' dir='ltr'><strong>fratres,</strong></span> <span class='ocrx_word' id='word_1_155' title='bbox 2882 1364 3025 1421; x_wconf 90' lang='lat' dir='ltr'><strong>dicta</strong></span> <span class='ocrx_word' id='word_1_156' title='bbox 3042 1370 3349 1420; x_wconf 90' lang='lat' dir='ltr'><strong>sanctorum</strong></span> <span class='ocrx_word' id='word_1_157' title='bbox 3367 1361 3553 1418; x_wconf 85' lang='lat' dir='ltr'><strong>senio-</strong></span> 
     </span>
    </p>
   </div>
   <div class='ocr_carea' id='block_1_24' title="bbox 294 1452 1906 1540">
    <p class='ocr_par' dir='ltr' id='par_1_24' title="bbox 294 1468 1864 1540">
     <span class='ocr_line' id='line_1_24' title="bbox 294 1468 1864 1540; baseline -0.001 -17"><span class='ocrx_word' id='word_1_158' title='bbox 294 1468 464 1538; x_wconf 78' lang='grc' dir='ltr'>ἁγίων</span> <span class='ocrx_word' id='word_1_159' title='bbox 510 1468 814 1539; x_wconf 82' lang='grc' dir='ltr'><strong>γερόντων,</strong></span> <span class='ocrx_word' id='word_1_160' title='bbox 864 1470 912 1522; x_wconf 82' lang='grc' dir='ltr'>εἰ</span> <span class='ocrx_word' id='word_1_161' title='bbox 964 1468 1309 1540; x_wconf 77' lang='grc' dir='ltr'><strong>ἐμελετῶμεν</strong></span> <span class='ocrx_word' id='word_1_162' title='bbox 1364 1470 1562 1535; x_wconf 77' lang='grc' dir='ltr'>αὐτοὺς</span> <span class='ocrx_word' id='word_1_163' title='bbox 1601 1470 1864 1534; x_wconf 83' lang='grc' dir='ltr'>πάντοτε,</span> 
     </span>
    </p>
   </div>
   <div class='ocr_carea' id='block_1_25' title="bbox 2011 1452 3555 1540">
    <p class='ocr_par' dir='ltr' id='par_1_25' title="bbox 2011 1452 3555 1537">
     <span class='ocr_line' id='line_1_25' title="bbox 2011 1452 3555 1537; baseline -0.008 -16"><span class='ocrx_word' id='word_1_164' title='bbox 2011 1481 2116 1531; x_wconf 87' lang='lat' dir='ltr'><strong>um,</strong></span> <span class='ocrx_word' id='word_1_165' title='bbox 2146 1464 2193 1520; x_wconf 90' lang='lat' dir='ltr'><strong>si</strong></span> <span class='ocrx_word' id='word_1_166' title='bbox 2222 1462 2549 1519; x_wconf 86' lang='lat' dir='ltr'><strong>meditemur</strong></span> <span class='ocrx_word' id='word_1_167' title='bbox 2571 1475 2636 1537; x_wconf 85' lang='lat' dir='ltr'><strong>ea</strong></span> <span class='ocrx_word' id='word_1_168' title='bbox 2662 1471 3076 1530; x_wconf 84' lang='lat' dir='ltr'><strong>usquequaque,</strong></span> <span class='ocrx_word' id='word_1_169' title='bbox 3112 1469 3222 1510; x_wconf 90' lang='lat' dir='ltr'><strong>non</strong></span> <span class='ocrx_word' id='word_1_170' title='bbox 3250 1452 3407 1509; x_wconf 77' lang='lat' dir='ltr'><strong>facile</strong></span> <span class='ocrx_word' id='word_1_171' title='bbox 3451 1465 3555 1509; x_wconf 78' lang='lat' dir='ltr'><strong>nos</strong></span> 
     </span>
    </p>
   </div>
   <div class='ocr_carea' id='block_1_26' title="bbox 295 1544 1906 1634">
    <p class='ocr_par' dir='ltr' id='par_1_26' title="bbox 295 1556 1870 1634">
     <span class='ocr_line' id='line_1_26' title="bbox 295 1556 1870 1634; baseline 0.001 -21"><span class='ocrx_word' id='word_1_172' title='bbox 295 1558 574 1631; x_wconf 84' lang='grc' dir='ltr'><strong>δυσχερῶς</strong></span> <span class='ocrx_word' id='word_1_173' title='bbox 602 1560 823 1631; x_wconf 81' lang='grc' dir='ltr'>εῐχομεν</span> <span class='ocrx_word' id='word_1_174' title='bbox 851 1560 1076 1631; x_wconf 80' lang='grc' dir='ltr'><strong>ἀμελεῖν</strong></span> <span class='ocrx_word' id='word_1_175' title='bbox 1099 1561 1325 1615; x_wconf 81' lang='grc' dir='ltr'>ἑαυτῶν.</span> <span class='ocrx_word' id='word_1_176' title='bbox 1361 1561 1425 1615; x_wconf 84' lang='lat' dir='ltr'><strong>El</strong></span> <span class='ocrx_word' id='word_1_177' title='bbox 1453 1562 1583 1634; x_wconf 88' lang='grc' dir='ltr'>γὰρ,</span> <span class='ocrx_word' id='word_1_178' title='bbox 1613 1562 1689 1626; x_wconf 84' lang='grc' dir='ltr'><strong>ὡς</strong></span> <span class='ocrx_word' id='word_1_179' title='bbox 1717 1556 1870 1615; x_wconf 77' lang='grc' dir='ltr'>εἷπον</span> 
     </span>
    </p>
   </div>
   <div class='ocr_carea' id='block_1_27' title="bbox 2011 1544 3555 1634">
    <p class='ocr_par' dir='ltr' id='par_1_27' title="bbox 2011 1544 3555 1628">
     <span class='ocr_line' id='line_1_27' title="bbox 2011 1544 3555 1628; baseline -0.013 -13"><span class='ocrx_word' id='word_1_180' title='bbox 2011 1572 2128 1628; x_wconf 65' lang='grc' dir='ltr'>ρεοε</span> <span class='ocrx_word' id='word_1_181' title='bbox 2150 1554 2510 1627; x_wconf 72' lang='lat' dir='ltr'><strong>negligemus.</strong></span> <span class='ocrx_word' id='word_1_182' title='bbox 2536 1550 2594 1607; x_wconf 92' lang='lat' dir='ltr'><strong>Si</strong></span> <span class='ocrx_word' id='word_1_183' title='bbox 2638 1550 2809 1616; x_wconf 90' lang='lat' dir='ltr'><strong>enim,</strong></span> <span class='ocrx_word' id='word_1_184' title='bbox 2866 1555 2928 1603; x_wconf 91' lang='lat' dir='ltr'><strong>ut</strong></span> <span class='ocrx_word' id='word_1_185' title='bbox 2980 1546 3061 1602; x_wconf 88' lang='lat' dir='ltr'><strong>illi</strong></span> <span class='ocrx_word' id='word_1_186' title='bbox 3105 1544 3382 1610; x_wconf 88' lang='lat' dir='ltr'><strong>dixerunt,</strong></span> <span class='ocrx_word' id='word_1_187' title='bbox 3443 1555 3555 1598; x_wconf 90' lang='lat' dir='ltr'><strong>non</strong></span> 
     </span>
    </p>
   </div>
   <div class='ocr_carea' id='block_1_28' title="bbox 298 1630 1906 1724">
    <p class='ocr_par' dir='ltr' id='par_1_28' title="bbox 298 1630 1874 1724">
     <span class='ocr_line' id='line_1_28' title="bbox 298 1630 1874 1724; baseline 0.003 -22"><span class='ocrx_word' id='word_1_188' title='bbox 298 1630 517 1714; x_wconf 77' lang='grc' dir='ltr'>ἐκεῖνοι,</span> <span class='ocrx_word' id='word_1_189' title='bbox 576 1649 651 1722; x_wconf 79' lang='grc' dir='ltr'><strong>μὴ</strong></span> <span class='ocrx_word' id='word_1_190' title='bbox 703 1630 1139 1723; x_wconf 85' lang='grc' dir='ltr'>καταφρονῶμεν</span> <span class='ocrx_word' id='word_1_191' title='bbox 1180 1650 1289 1705; x_wconf 85' lang='grc' dir='ltr'><strong>τῶν</strong></span> <span class='ocrx_word' id='word_1_192' title='bbox 1357 1630 1604 1724; x_wconf 78' lang='grc' dir='ltr'><strong>μικρῶν,</strong></span> <span class='ocrx_word' id='word_1_193' title='bbox 1647 1652 1743 1707; x_wconf 76' lang='grc' dir='ltr'><strong>καὶ</strong></span> <span class='ocrx_word' id='word_1_194' title='bbox 1786 1652 1874 1706; x_wconf 77' lang='grc' dir='ltr'><strong>δοο</strong></span> 
     </span>
    </p>
   </div>
   <div class='ocr_carea' id='block_1_29' title="bbox 2011 1630 3557 1724">
    <p class='ocr_par' dir='ltr' id='par_1_29' title="bbox 2011 1630 3557 1720">
     <span class='ocr_line' id='line_1_29' title="bbox 2011 1630 3557 1720; baseline -0.012 -16"><span class='ocrx_word' id='word_1_195' title='bbox 2011 1662 2302 1720; x_wconf 88' lang='lat' dir='ltr'><strong>pernamus</strong></span> <span class='ocrx_word' id='word_1_196' title='bbox 2340 1658 2530 1716; x_wconf 84' lang='lat' dir='ltr'><strong>parva,</strong></span> <span class='ocrx_word' id='word_1_197' title='bbox 2563 1649 2619 1698; x_wconf 89' lang='lat' dir='ltr'><strong>et</strong></span> <span class='ocrx_word' id='word_1_198' title='bbox 2663 1655 2787 1713; x_wconf 64' lang='lat' dir='ltr'><strong>quae</strong></span> <span class='ocrx_word' id='word_1_199' title='bbox 2838 1638 2999 1694; x_wconf 85' lang='lat' dir='ltr'><strong>nobis</strong></span> <span class='ocrx_word' id='word_1_200' title='bbox 3047 1635 3249 1692; x_wconf 86' lang='lat' dir='ltr'><strong>nullius</strong></span> <span class='ocrx_word' id='word_1_201' title='bbox 3293 1630 3557 1690; x_wconf 86' lang='lat' dir='ltr'><strong>momenti</strong></span> 
     </span>
    </p>
   </div>
   <div class='ocr_carea' id='block_1_30' title="bbox 302 1729 1906 1840">
    <p class='ocr_par' dir='ltr' id='par_1_30' title="bbox 302 1738 1874 1840">
     <span class='ocr_line' id='line_1_30' title="bbox 302 1738 1874 1840; baseline 0.002 -44"><span class='ocrx_word' id='word_1_202' title='bbox 302 1741 543 1840; x_wconf 76' lang='grc' dir='ltr'>κοῦντων</span> <span class='ocrx_word' id='word_1_203' title='bbox 595 1744 729 1815; x_wconf 78' lang='grc' dir='ltr'>ἡμῖν</span> <span class='ocrx_word' id='word_1_204' title='bbox 776 1738 917 1797; x_wconf 80' lang='grc' dir='ltr'>εἷναι</span> <span class='ocrx_word' id='word_1_205' title='bbox 958 1744 1313 1816; x_wconf 81' lang='grc' dir='ltr'>μηδαμινῶν,</span> <span class='ocrx_word' id='word_1_206' title='bbox 1365 1745 1466 1799; x_wconf 77' lang='grc' dir='ltr'>οὐκ</span> <span class='ocrx_word' id='word_1_207' title='bbox 1510 1745 1730 1816; x_wconf 75' lang='grc' dir='ltr'>εἴχομεν</span> <span class='ocrx_word' id='word_1_208' title='bbox 1775 1747 1874 1816; x_wconf 80' lang='grc' dir='ltr'><strong>ὲμ-</strong></span> 
     </span>
    </p>
   </div>
   <div class='ocr_carea' id='block_1_31' title="bbox 2011 1729 3561 1840">
    <p class='ocr_par' dir='ltr' id='par_1_31' title="bbox 2015 1729 3561 1829">
     <span class='ocr_line' id='line_1_31' title="bbox 2015 1729 3561 1829; baseline -0.013 -33"><span class='ocrx_word' id='word_1_209' title='bbox 2015 1740 2252 1829; x_wconf 70' lang='lat' dir='ltr'><strong>identur,</strong></span> <span class='ocrx_word' id='word_1_210' title='bbox 2276 1752 2388 1793; x_wconf 89' lang='lat' dir='ltr'><strong>non</strong></span> <span class='ocrx_word' id='word_1_211' title='bbox 2415 1734 2714 1807; x_wconf 85' lang='lat' dir='ltr'><strong>poterimus</strong></span> <span class='ocrx_word' id='word_1_212' title='bbox 2739 1729 2977 1787; x_wconf 85' lang='lat' dir='ltr'><strong>incidere</strong></span> <span class='ocrx_word' id='word_1_213' title='bbox 3007 1729 3063 1783; x_wconf 93' lang='lat' dir='ltr'><strong>in</strong></span> <span class='ocrx_word' id='word_1_214' title='bbox 3112 1740 3307 1797; x_wconf 79' lang='lat' dir='ltr'><strong>magna</strong></span> <span class='ocrx_word' id='word_1_215' title='bbox 3348 1732 3402 1779; x_wconf 92' lang='lat' dir='ltr'><strong>et</strong></span> <span class='ocrx_word' id='word_1_216' title='bbox 3436 1737 3561 1795; x_wconf 75' lang='lat' dir='ltr'><strong>gra-</strong></span> 
     </span>
    </p>
   </div>
   <div class='ocr_carea' id='block_1_32' title="bbox 303 1818 1906 1909">
    <p class='ocr_par' dir='ltr' id='par_1_32' title="bbox 303 1830 1906 1909">
     <span class='ocr_line' id='line_1_32' title="bbox 303 1830 1906 1909; baseline 0.003 -21"><span class='ocrx_word' id='word_1_217' title='bbox 303 1836 530 1890; x_wconf 77' lang='grc' dir='ltr'>πίπτειν</span> <span class='ocrx_word' id='word_1_218' title='bbox 559 1836 639 1900; x_wconf 86' lang='grc' dir='ltr'><strong>είς</strong></span> <span class='ocrx_word' id='word_1_219' title='bbox 666 1836 735 1891; x_wconf 80' lang='grc' dir='ltr'>τὰ</span> <span class='ocrx_word' id='word_1_220' title='bbox 783 1837 994 1907; x_wconf 85' lang='grc' dir='ltr'>μεγάλα</span> <span class='ocrx_word' id='word_1_221' title='bbox 1037 1837 1131 1893; x_wconf 79' lang='grc' dir='ltr'>καὶ</span> <span class='ocrx_word' id='word_1_222' title='bbox 1172 1836 1362 1909; x_wconf 82' lang='grc' dir='ltr'>βαρέα.</span> <span class='ocrx_word' id='word_1_223' title='bbox 1419 1837 1532 1892; x_wconf 79' lang='grc' dir='ltr'><strong>Ἀεὶ</strong></span> <span class='ocrx_word' id='word_1_224' title='bbox 1564 1838 1710 1908; x_wconf 89' lang='grc' dir='ltr'>λέγω</span> <span class='ocrx_word' id='word_1_225' title='bbox 1741 1839 1871 1909; x_wconf 83' lang='grc' dir='ltr'>ὑμῖν</span> <span class='ocrx_word' id='word_1_226' title='bbox 1903 1830 1906 1838; x_wconf 40' lang='grc'><em>⁴</em></span> 
     </span>
    </p>
   </div>
   <div class='ocr_carea' id='block_1_33' title="bbox 2011 1818 3563 1909">
    <p class='ocr_par' dir='ltr' id='par_1_33' title="bbox 2011 1818 3563 1896">
     <span class='ocr_line' id='line_1_33' title="bbox 2011 1818 3563 1896; baseline -0.014 -7"><span class='ocrx_word' id='word_1_227' title='bbox 2011 1834 2082 1889; x_wconf 93' lang='lat' dir='ltr'><strong>ia.</strong></span> <span class='ocrx_word' id='word_1_228' title='bbox 2118 1818 2400 1889; x_wconf 77' lang='lat' dir='ltr'><strong>Admoneo</strong></span> <span class='ocrx_word' id='word_1_229' title='bbox 2421 1843 2522 1885; x_wconf 90' lang='lat' dir='ltr'><strong>vos</strong></span> <span class='ocrx_word' id='word_1_230' title='bbox 2569 1840 2784 1896; x_wconf 86' lang='lat' dir='ltr'><strong>semper</strong></span> <span class='ocrx_word' id='word_1_231' title='bbox 2833 1839 2899 1879; x_wconf 85' lang='lat' dir='ltr'><strong>ex</strong></span> <span class='ocrx_word' id='word_1_232' title='bbox 2950 1822 3036 1877; x_wconf 87' lang='lat' dir='ltr'><strong>his</strong></span> <span class='ocrx_word' id='word_1_233' title='bbox 3091 1818 3373 1879; x_wconf 85' lang='lat' dir='ltr'><strong>minimis;</strong></span> <span class='ocrx_word' id='word_1_234' title='bbox 3432 1829 3563 1870; x_wconf 91' lang='lat' dir='ltr'><strong>cum</strong></span> 
     </span>
    </p>
   </div>
   <div class='ocr_carea' id='block_1_34' title="bbox 228 1897 1906 2002">
    <p class='ocr_par' dir='ltr' id='par_1_34' title="bbox 228 1897 1873 2002">
     <span class='ocr_line' id='line_1_34' title="bbox 228 1897 1873 2002; baseline 0.003 -22"><span class='ocrx_word' id='word_1_235' title='bbox 228 1984 233 1989; x_wconf 53' lang='grc'><strong>,</strong></span> <span class='ocrx_word' id='word_1_236' title='bbox 301 1930 383 1981; x_wconf 76' lang='grc' dir='ltr'>ὅτι</span> <span class='ocrx_word' id='word_1_237' title='bbox 411 1928 475 1981; x_wconf 80' lang='grc' dir='ltr'>ὲκ</span> <span class='ocrx_word' id='word_1_238' title='bbox 498 1897 703 1981; x_wconf 69' lang='grc' dir='ltr'>τούτων</span> <span class='ocrx_word' id='word_1_239' title='bbox 725 1897 833 1982; x_wconf 84' lang='grc' dir='ltr'><strong>τῶν</strong></span> <span class='ocrx_word' id='word_1_240' title='bbox 846 1897 1078 1994; x_wconf 70' lang='grc' dir='ltr'>λεπτῶν,</span> <span class='ocrx_word' id='word_1_241' title='bbox 1104 1897 1291 1983; x_wconf 48' lang='grc' dir='ltr'>ἐκτᾹῦ</span> <span class='ocrx_word' id='word_1_242' title='bbox 1317 1929 1516 1998; x_wconf 87' lang='grc' dir='ltr'>λέγειν,</span> <span class='ocrx_word' id='word_1_243' title='bbox 1535 1929 1602 1983; x_wconf 88' lang='grc' dir='ltr'>Τί</span> <span class='ocrx_word' id='word_1_244' title='bbox 1626 1897 1732 2002; x_wconf 73' lang='grc' dir='ltr'>γάρ</span> <span class='ocrx_word' id='word_1_245' title='bbox 1757 1897 1873 1985; x_wconf 51' lang='lat' dir='ltr'><strong>eam</strong></span> 
     </span>
    </p>
   </div>
   <div class='ocr_carea' id='block_1_35' title="bbox 2011 1897 3562 2002">
    <p class='ocr_par' dir='ltr' id='par_1_35' title="bbox 2011 1897 3562 1990">
     <span class='ocr_line' id='line_1_35' title="bbox 2011 1897 3562 1990; baseline -0.015 -7"><span class='ocrx_word' id='word_1_246' title='bbox 2011 1926 2203 1989; x_wconf 73' lang='lat' dir='ltr'><strong>silicet,</strong></span> <span class='ocrx_word' id='word_1_247' title='bbox 2253 1923 2511 1987; x_wconf 88' lang='lat' dir='ltr'><strong>dicimus,</strong></span> <span class='ocrx_word' id='word_1_248' title='bbox 2554 1917 2685 1990; x_wconf 91' lang='lat' dir='ltr'><strong>quid</strong></span> <span class='ocrx_word' id='word_1_249' title='bbox 2733 1917 2869 1982; x_wconf 86' lang='lat' dir='ltr'><strong>hoc,</strong></span> <span class='ocrx_word' id='word_1_250' title='bbox 2909 1912 3040 1985; x_wconf 91' lang='lat' dir='ltr'><strong>quid</strong></span> <span class='ocrx_word' id='word_1_251' title='bbox 3081 1911 3213 1967; x_wconf 91' lang='lat' dir='ltr'><strong>illud</strong></span> <span class='ocrx_word' id='word_1_252' title='bbox 3249 1907 3371 1965; x_wconf 74' lang='lat' dir='ltr'><strong>est?</strong></span> <span class='ocrx_word' id='word_1_253' title='bbox 3440 1897 3562 1963; x_wconf 69' lang='lat' dir='ltr'><strong>ﬁeri</strong></span> 
     </span>
    </p>
   </div>
   <div class='ocr_carea' id='block_1_36' title="bbox 305 1995 1906 2095">
    <p class='ocr_par' dir='ltr' id='par_1_36' title="bbox 305 2018 1875 2095">
     <span class='ocr_line' id='line_1_36' title="bbox 305 2018 1875 2095; baseline 0.003 -23"><span class='ocrx_word' id='word_1_254' title='bbox 305 2018 490 2083; x_wconf 77' lang='grc' dir='ltr'>τοῦτος</span> <span class='ocrx_word' id='word_1_255' title='bbox 531 2018 584 2072; x_wconf 87' lang='grc' dir='ltr'><strong>τί</strong></span> <span class='ocrx_word' id='word_1_256' title='bbox 614 2019 765 2073; x_wconf 82' lang='grc' dir='ltr'>ἐστιν</span> <span class='ocrx_word' id='word_1_257' title='bbox 812 2019 1028 2087; x_wconf 85' lang='grc' dir='ltr'>ὲκεῖνο;</span> <span class='ocrx_word' id='word_1_258' title='bbox 1064 2018 1272 2089; x_wconf 87' lang='grc' dir='ltr'>γίνεται</span> <span class='ocrx_word' id='word_1_259' title='bbox 1316 2019 1462 2095; x_wconf 77' lang='grc' dir='ltr'>κακὴ</span> <span class='ocrx_word' id='word_1_260' title='bbox 1508 2021 1765 2094; x_wconf 80' lang='grc' dir='ltr'>συνήθεια</span> <span class='ocrx_word' id='word_1_261' title='bbox 1808 2024 1875 2094; x_wconf 83' lang='grc' dir='ltr'>τῇ</span> 
     </span>
    </p>
   </div>
   <div class='ocr_carea' id='block_1_37' title="bbox 2011 1995 3566 2095">
    <p class='ocr_par' dir='ltr' id='par_1_37' title="bbox 2011 1995 3566 2073">
     <span class='ocr_line' id='line_1_37' title="bbox 2011 1995 3566 2073; baseline -0.015 0"><span class='ocrx_word' id='word_1_262' title='bbox 2011 2018 2183 2073; x_wconf 80' lang='lat' dir='ltr'><strong>nalam</strong></span> <span class='ocrx_word' id='word_1_263' title='bbox 2217 2016 2272 2070; x_wconf 92' lang='lat' dir='ltr'><strong>in</strong></span> <span class='ocrx_word' id='word_1_264' title='bbox 2296 2013 2478 2069; x_wconf 90' lang='lat' dir='ltr'><strong>anima</strong></span> <span class='ocrx_word' id='word_1_265' title='bbox 2502 2018 2694 2066; x_wconf 87' lang='lat' dir='ltr'><strong>nostra</strong></span> <span class='ocrx_word' id='word_1_266' title='bbox 2721 2003 3196 2067; x_wconf 88' lang='lat' dir='ltr'><strong>consuetudinem,</strong></span> <span class='ocrx_word' id='word_1_267' title='bbox 3222 1998 3401 2070; x_wconf 91' lang='lat' dir='ltr'><strong>etjam</strong></span> <span class='ocrx_word' id='word_1_268' title='bbox 3426 1995 3566 2053; x_wconf 78' lang='lat' dir='ltr'><strong>inci-</strong></span> 
     </span>
    </p>
   </div>
   <div class='ocr_carea' id='block_1_38' title="bbox 312 2091 1906 2183">
    <p class='ocr_par' dir='ltr' id='par_1_38' title="bbox 312 2091 1874 2183">
     <span class='ocr_line' id='line_1_38' title="bbox 312 2091 1874 2183; baseline 0.005 -23"><span class='ocrx_word' id='word_1_269' title='bbox 312 2107 477 2177; x_wconf 74' lang='grc' dir='ltr'>ψυχῇ,</span> <span class='ocrx_word' id='word_1_270' title='bbox 528 2109 623 2161; x_wconf 77' lang='grc' dir='ltr'><strong>καὶ</strong></span> <span class='ocrx_word' id='word_1_271' title='bbox 674 2109 900 2180; x_wconf 80' lang='grc' dir='ltr'>ἄρχεται</span> <span class='ocrx_word' id='word_1_272' title='bbox 960 2112 1041 2175; x_wconf 86' lang='grc' dir='ltr'>εἰς</span> <span class='ocrx_word' id='word_1_273' title='bbox 1094 2109 1166 2165; x_wconf 78' lang='grc' dir='ltr'>τὰ</span> <span class='ocrx_word' id='word_1_274' title='bbox 1220 2091 1461 2182; x_wconf 30' lang='grc' dir='ltr'>μεγάλαν</span> <span class='ocrx_word' id='word_1_275' title='bbox 1494 2091 1874 2183; x_wconf 58' lang='grc' dir='ltr'>καταφρονεῖνξ</span> 
     </span>
    </p>
   </div>
   <div class='ocr_carea' id='block_1_39' title="bbox 2011 2091 3565 2183">
    <p class='ocr_par' dir='ltr' id='par_1_39' title="bbox 2011 2091 3565 2174">
     <span class='ocr_line' id='line_1_39' title="bbox 2011 2091 3565 2174; baseline -0.015 -8"><span class='ocrx_word' id='word_1_276' title='bbox 2011 2124 2109 2167; x_wconf 70' lang='grc' dir='ltr'><strong>ιρι-ο</strong></span> <span class='ocrx_word' id='word_1_277' title='bbox 2130 2122 2231 2163; x_wconf 89' lang='lat' dir='ltr'><strong>nos</strong></span> <span class='ocrx_word' id='word_1_278' title='bbox 2262 2106 2317 2161; x_wconf 88' lang='lat' dir='ltr'><strong>iu</strong></span> <span class='ocrx_word' id='word_1_279' title='bbox 2340 2102 2550 2174; x_wconf 82' lang='lat' dir='ltr'><strong>majora</strong></span> <span class='ocrx_word' id='word_1_280' title='bbox 2583 2096 2888 2172; x_wconf 86' lang='lat' dir='ltr'><strong>spernendo</strong></span> <span class='ocrx_word' id='word_1_281' title='bbox 2907 2092 3142 2167; x_wconf 85' lang='lat' dir='ltr'><strong>prolabi.</strong></span> <span class='ocrx_word' id='word_1_282' title='bbox 3170 2091 3366 2148; x_wconf 85' lang='lat' dir='ltr'><strong>Cernis</strong></span> <span class='ocrx_word' id='word_1_283' title='bbox 3396 2102 3565 2161; x_wconf 85' lang='lat' dir='ltr'><strong>quam</strong></span> 
     </span>
    </p>
   </div>
   <div class='ocr_carea' id='block_1_40' title="bbox 319 2178 1906 2273">
    <p class='ocr_par' dir='ltr' id='par_1_40' title="bbox 319 2178 1881 2273">
     <span class='ocr_line' id='line_1_40' title="bbox 319 2178 1881 2273; baseline 0.004 -22"><span class='ocrx_word' id='word_1_284' title='bbox 319 2195 478 2261; x_wconf 78' lang='grc' dir='ltr'>Οἶδας</span> <span class='ocrx_word' id='word_1_285' title='bbox 525 2202 676 2253; x_wconf 85' lang='grc' dir='ltr'>ποῖον</span> <span class='ocrx_word' id='word_1_286' title='bbox 712 2178 851 2271; x_wconf 76' lang='grc' dir='ltr'>βαρὺ</span> <span class='ocrx_word' id='word_1_287' title='bbox 906 2178 1232 2272; x_wconf 36' lang='grc' dir='ltr'>ἁμάρτημά-</span> <span class='ocrx_word' id='word_1_288' title='bbox 1260 2178 1378 2256; x_wconf 80' lang='grc' dir='ltr'>ἐστι</span> <span class='ocrx_word' id='word_1_289' title='bbox 1427 2201 1487 2256; x_wconf 77' lang='grc' dir='ltr'>τὸ</span> <span class='ocrx_word' id='word_1_290' title='bbox 1538 2178 1745 2273; x_wconf 80' lang='grc' dir='ltr'>κρίνειν</span> <span class='ocrx_word' id='word_1_291' title='bbox 1787 2202 1881 2258; x_wconf 76' lang='grc' dir='ltr'><strong>τὸν</strong></span> 
     </span>
    </p>
   </div>
   <div class='ocr_carea' id='block_1_41' title="bbox 2011 2178 3568 2273">
    <p class='ocr_par' dir='ltr' id='par_1_41' title="bbox 2011 2178 3568 2268">
     <span class='ocr_line' id='line_1_41' title="bbox 2011 2178 3568 2268; baseline -0.014 -13"><span class='ocrx_word' id='word_1_292' title='bbox 2011 2213 2152 2268; x_wconf 64' lang='lat' dir='ltr'><strong>grave</strong></span> <span class='ocrx_word' id='word_1_293' title='bbox 2195 2203 2483 2267; x_wconf 86' lang='lat' dir='ltr'><strong>peccatum</strong></span> <span class='ocrx_word' id='word_1_294' title='bbox 2530 2191 2603 2248; x_wconf 87' lang='lat' dir='ltr'><strong>sit</strong></span> <span class='ocrx_word' id='word_1_295' title='bbox 2641 2189 2951 2261; x_wconf 88' lang='lat' dir='ltr'><strong>proximum</strong></span> <span class='ocrx_word' id='word_1_296' title='bbox 2990 2183 3273 2258; x_wconf 78' lang='lat' dir='ltr'><strong>judicare?</strong></span> <span class='ocrx_word' id='word_1_297' title='bbox 3302 2181 3432 2252; x_wconf 90' lang='lat' dir='ltr'><strong>quid</strong></span> <span class='ocrx_word' id='word_1_298' title='bbox 3458 2178 3568 2234; x_wconf 85' lang='lat' dir='ltr'><strong>hoc</strong></span> 
     </span>
    </p>
   </div>
   <div class='ocr_carea' id='block_1_42' title="bbox 315 2271 1906 2369">
    <p class='ocr_par' dir='ltr' id='par_1_42' title="bbox 315 2271 1882 2369">
     <span class='ocr_line' id='line_1_42' title="bbox 315 2271 1882 2369; baseline 0.006 -30"><span class='ocrx_word' id='word_1_299' title='bbox 315 2288 571 2356; x_wconf 79' lang='grc' dir='ltr'>πλησίονς</span> <span class='ocrx_word' id='word_1_300' title='bbox 597 2289 652 2342; x_wconf 84' lang='grc' dir='ltr'><strong>τί</strong></span> <span class='ocrx_word' id='word_1_301' title='bbox 680 2289 791 2361; x_wconf 85' lang='grc' dir='ltr'>γὰρ</span> <span class='ocrx_word' id='word_1_302' title='bbox 824 2271 1034 2345; x_wconf 14' lang='grc' dir='ltr'>τούτουγ</span> <span class='ocrx_word' id='word_1_303' title='bbox 1077 2290 1410 2363; x_wconf 76' lang='grc' dir='ltr'>βαρύτερονς</span> <span class='ocrx_word' id='word_1_304' title='bbox 1454 2293 1509 2347; x_wconf 91' lang='grc' dir='ltr'><strong>τί</strong></span> <span class='ocrx_word' id='word_1_305' title='bbox 1552 2271 1660 2369; x_wconf 79' lang='grc' dir='ltr'>γὰρ</span> <span class='ocrx_word' id='word_1_306' title='bbox 1707 2294 1882 2361; x_wconf 74' lang='grc' dir='ltr'>οὕτως</span> 
     </span>
    </p>
   </div>
   <div class='ocr_carea' id='block_1_43' title="bbox 2011 2271 3565 2369">
    <p class='ocr_par' dir='ltr' id='par_1_43' title="bbox 2011 2271 3565 2360">
     <span class='ocr_line' id='line_1_43' title="bbox 2011 2271 3565 2360; baseline -0.014 -13"><span class='ocrx_word' id='word_1_307' title='bbox 2011 2291 2202 2360; x_wconf 84' lang='lat' dir='ltr'><strong>;ravius</strong></span> <span class='ocrx_word' id='word_1_308' title='bbox 2217 2301 2338 2344; x_wconf 90' lang='lat' dir='ltr'><strong>esse</strong></span> <span class='ocrx_word' id='word_1_309' title='bbox 2353 2283 2563 2358; x_wconf 73' lang='lat' dir='ltr'><strong>potest?</strong></span> <span class='ocrx_word' id='word_1_310' title='bbox 2575 2280 2723 2339; x_wconf 84' lang='lat' dir='ltr'><strong>Nihil</strong></span> <span class='ocrx_word' id='word_1_311' title='bbox 2747 2280 2893 2336; x_wconf 85' lang='lat' dir='ltr'><strong>enim</strong></span> <span class='ocrx_word' id='word_1_312' title='bbox 2912 2278 3050 2334; x_wconf 89' lang='lat' dir='ltr'><strong>adeo</strong></span> <span class='ocrx_word' id='word_1_313' title='bbox 3068 2282 3385 2332; x_wconf 83' lang='lat' dir='ltr'><strong>exsecratur</strong></span> <span class='ocrx_word' id='word_1_314' title='bbox 3398 2271 3565 2334; x_wconf 88' lang='lat' dir='ltr'><strong>Deus,</strong></span> 
     </span>
    </p>
   </div>
   <div class='ocr_carea' id='block_1_44' title="bbox 314 2367 1906 2460">
    <p class='ocr_par' dir='ltr' id='par_1_44' title="bbox 314 2367 1885 2460">
     <span class='ocr_line' id='line_1_44' title="bbox 314 2367 1885 2460; baseline 0.006 -30"><span class='ocrx_word' id='word_1_315' title='bbox 314 2380 512 2447; x_wconf 86' lang='grc' dir='ltr'>μισεῖὸ</span> <span class='ocrx_word' id='word_1_316' title='bbox 538 2380 674 2445; x_wconf 71' lang='grc' dir='ltr'>Θεὸς</span> <span class='ocrx_word' id='word_1_317' title='bbox 703 2384 798 2435; x_wconf 71' lang='grc' dir='ltr'><strong>καὶ</strong></span> <span class='ocrx_word' id='word_1_318' title='bbox 821 2383 1443 2455; x_wconf 82' lang='grc' dir='ltr'>ἅποστρέφεται,καθὼς</span> <span class='ocrx_word' id='word_1_319' title='bbox 1461 2386 1553 2441; x_wconf 72' lang='grc' dir='ltr'><strong>καὶ</strong></span> <span class='ocrx_word' id='word_1_320' title='bbox 1583 2367 1638 2441; x_wconf 82' lang='grc' dir='ltr'>οί</span> <span class='ocrx_word' id='word_1_321' title='bbox 1667 2387 1885 2460; x_wconf 83' lang='grc' dir='ltr'>Πάτρες</span> 
     </span>
    </p>
   </div>
   <div class='ocr_carea' id='block_1_45' title="bbox 2011 2367 3569 2460">
    <p class='ocr_par' dir='ltr' id='par_1_45' title="bbox 2011 2367 3569 2445">
     <span class='ocr_line' id='line_1_45' title="bbox 2011 2367 3569 2445; baseline -0.013 -7"><span class='ocrx_word' id='word_1_322' title='bbox 2011 2385 2101 2441; x_wconf 74' lang='grc' dir='ltr'><strong>»άὶι</strong></span> <span class='ocrx_word' id='word_1_323' title='bbox 2115 2392 2170 2440; x_wconf 89' lang='lat' dir='ltr'><strong>et</strong></span> <span class='ocrx_word' id='word_1_324' title='bbox 2190 2379 2561 2445; x_wconf 89' lang='lat' dir='ltr'><strong>abominatur,</strong></span> <span class='ocrx_word' id='word_1_325' title='bbox 2592 2391 2661 2433; x_wconf 85' lang='lat' dir='ltr'><strong>ex</strong></span> <span class='ocrx_word' id='word_1_326' title='bbox 2682 2372 2948 2432; x_wconf 87' lang='lat' dir='ltr'><strong>sententia</strong></span> <span class='ocrx_word' id='word_1_327' title='bbox 2974 2370 3232 2436; x_wconf 87' lang='lat' dir='ltr'><strong>Patrum;</strong></span> <span class='ocrx_word' id='word_1_328' title='bbox 3256 2367 3383 2438; x_wconf 82' lang='lat' dir='ltr'><strong>quia</strong></span> <span class='ocrx_word' id='word_1_329' title='bbox 3406 2375 3569 2421; x_wconf 86' lang='lat' dir='ltr'><strong>teme-</strong></span> 
     </span>
    </p>
   </div>
   <div class='ocr_carea' id='block_1_46' title="bbox 307 2457 1906 2548">
    <p class='ocr_par' dir='ltr' id='par_1_46' title="bbox 307 2457 1886 2548">
     <span class='ocr_line' id='line_1_46' title="bbox 307 2457 1886 2548; baseline 0.007 -27"><span class='ocrx_word' id='word_1_330' title='bbox 307 2465 485 2534; x_wconf 83' lang='grc' dir='ltr'>εἷπον,</span> <span class='ocrx_word' id='word_1_331' title='bbox 522 2471 603 2525; x_wconf 83' lang='grc' dir='ltr'><strong>ὅτι</strong></span> <span class='ocrx_word' id='word_1_332' title='bbox 637 2472 789 2529; x_wconf 80' lang='grc' dir='ltr'>οὐδὲν</span> <span class='ocrx_word' id='word_1_333' title='bbox 806 2476 985 2544; x_wconf 79' lang='grc' dir='ltr'>χεῖρον</span> <span class='ocrx_word' id='word_1_334' title='bbox 1016 2473 1112 2528; x_wconf 77' lang='grc' dir='ltr'><strong>τοῦ</strong></span> <span class='ocrx_word' id='word_1_335' title='bbox 1145 2478 1329 2547; x_wconf 86' lang='grc' dir='ltr'>κρῖναι</span> <span class='ocrx_word' id='word_1_336' title='bbox 1345 2493 1360 2543; x_wconf 89' lang='lat'><strong>;</strong></span> <span class='ocrx_word' id='word_1_337' title='bbox 1377 2478 1469 2530; x_wconf 72' lang='grc' dir='ltr'>καὶ</span> <span class='ocrx_word' id='word_1_338' title='bbox 1483 2478 1752 2548; x_wconf 76' lang='grc' dir='ltr'><strong>ὅμωςὰπδ</strong></span> <span class='ocrx_word' id='word_1_339' title='bbox 1766 2457 1886 2533; x_wconf 79' lang='grc' dir='ltr'>τού·</span> 
     </span>
    </p>
   </div>
   <div class='ocr_carea' id='block_1_47' title="bbox 2011 2457 3572 2548">
    <p class='ocr_par' dir='ltr' id='par_1_47' title="bbox 2011 2457 3572 2547">
     <span class='ocr_line' id='line_1_47' title="bbox 2011 2457 3572 2547; baseline -0.014 -13"><span class='ocrx_word' id='word_1_340' title='bbox 2011 2477 2135 2534; x_wconf 68' lang='lat' dir='ltr'><strong>&#39;ario</strong></span> <span class='ocrx_word' id='word_1_341' title='bbox 2156 2474 2364 2547; x_wconf 90' lang='lat' dir='ltr'><strong>judicio</strong></span> <span class='ocrx_word' id='word_1_342' title='bbox 2390 2471 2527 2527; x_wconf 87' lang='lat' dir='ltr'><strong>nihil</strong></span> <span class='ocrx_word' id='word_1_343' title='bbox 2556 2478 2641 2526; x_wconf 90' lang='lat' dir='ltr'><strong>est</strong></span> <span class='ocrx_word' id='word_1_344' title='bbox 2666 2467 2935 2524; x_wconf 87' lang='lat' dir='ltr'><strong>deterius.</strong></span> <span class='ocrx_word' id='word_1_345' title='bbox 2956 2464 3023 2520; x_wconf 90' lang='lat' dir='ltr'><strong>Et</strong></span> <span class='ocrx_word' id='word_1_346' title='bbox 3038 2471 3217 2519; x_wconf 89' lang='lat' dir='ltr'><strong>tamen</strong></span> <span class='ocrx_word' id='word_1_347' title='bbox 3236 2475 3303 2516; x_wconf 91' lang='lat' dir='ltr'><strong>ex</strong></span> <span class='ocrx_word' id='word_1_348' title='bbox 3333 2457 3419 2514; x_wconf 82' lang='lat' dir='ltr'><strong>bis</strong></span> <span class='ocrx_word' id='word_1_349' title='bbox 3448 2470 3572 2527; x_wconf 68' lang='lat' dir='ltr'><strong>que</strong></span> 
     </span>
    </p>
   </div>
   <div class='ocr_carea' id='block_1_48' title="bbox 309 2550 1906 2644">
    <p class='ocr_par' dir='ltr' id='par_1_48' title="bbox 309 2565 1891 2642">
     <span class='ocr_line' id='line_1_48' title="bbox 309 2565 1891 2642; baseline 0.006 -27"><span class='ocrx_word' id='word_1_350' title='bbox 309 2579 440 2624; x_wconf 86' lang='grc' dir='ltr'>των,</span> <span class='ocrx_word' id='word_1_351' title='bbox 456 2565 638 2633; x_wconf 68' lang='grc' dir='ltr'>φησὶν,</span> <span class='ocrx_word' id='word_1_352' title='bbox 663 2565 771 2618; x_wconf 83' lang='grc' dir='ltr'><strong>τῶν</strong></span> <span class='ocrx_word' id='word_1_353' title='bbox 791 2567 1129 2637; x_wconf 84' lang='grc' dir='ltr'>φαινομένων</span> <span class='ocrx_word' id='word_1_354' title='bbox 1139 2568 1390 2635; x_wconf 79' lang='grc' dir='ltr'>εὐτελῶν,</span> <span class='ocrx_word' id='word_1_355' title='bbox 1406 2569 1621 2642; x_wconf 77' lang='grc' dir='ltr'>ἔρχεταί</span> <span class='ocrx_word' id='word_1_356' title='bbox 1637 2588 1722 2634; x_wconf 86' lang='grc' dir='ltr'><strong>τις</strong></span> <span class='ocrx_word' id='word_1_357' title='bbox 1736 2572 1814 2634; x_wconf 87' lang='grc' dir='ltr'><strong>είς</strong></span> <span class='ocrx_word' id='word_1_358' title='bbox 1830 2570 1891 2624; x_wconf 83' lang='grc' dir='ltr'>τδ</span> 
     </span>
    </p>
   </div>
   <div class='ocr_carea' id='block_1_49' title="bbox 2011 2550 3572 2644">
    <p class='ocr_par' dir='ltr' id='par_1_49' title="bbox 2011 2550 3572 2636">
     <span class='ocr_line' id='line_1_49' title="bbox 2011 2550 3572 2636; baseline -0.015 -9"><span class='ocrx_word' id='word_1_359' title='bbox 2011 2585 2158 2627; x_wconf 72' lang='lat' dir='ltr'><strong>larva</strong></span> <span class='ocrx_word' id='word_1_360' title='bbox 2171 2568 2427 2624; x_wconf 88' lang='lat' dir='ltr'><strong>videntur</strong></span> <span class='ocrx_word' id='word_1_361' title='bbox 2443 2563 2713 2636; x_wconf 88' lang='lat' dir='ltr'><strong>judicatu,</strong></span> <span class='ocrx_word' id='word_1_362' title='bbox 2732 2561 2785 2615; x_wconf 80' lang='lat' dir='ltr'><strong>in</strong></span> <span class='ocrx_word' id='word_1_363' title='bbox 2804 2557 3028 2630; x_wconf 88' lang='lat' dir='ltr'><strong>aliquod</strong></span> <span class='ocrx_word' id='word_1_364' title='bbox 3045 2554 3346 2611; x_wconf 88' lang='lat' dir='ltr'><strong>maximum</strong></span> <span class='ocrx_word' id='word_1_365' title='bbox 3365 2550 3572 2605; x_wconf 88' lang='lat' dir='ltr'><strong>malum</strong></span> 
     </span>
    </p>
   </div>
   <div class='ocr_carea' id='block_1_50' title="bbox 309 2653 1892 2734">
    <p class='ocr_par' dir='ltr' id='par_1_50' title="bbox 309 2653 1892 2734">
     <span class='ocr_line' id='line_1_50' title="bbox 309 2653 1892 2734; baseline 0.009 -30"><span class='ocrx_word' id='word_1_366' title='bbox 309 2653 554 2707; x_wconf 73' lang='grc' dir='ltr'>τοιοῦτον</span> <span class='ocrx_word' id='word_1_367' title='bbox 591 2655 733 2724; x_wconf 83' lang='grc' dir='ltr'>μέγα</span> <span class='ocrx_word' id='word_1_368' title='bbox 764 2656 950 2712; x_wconf 87' lang='grc' dir='ltr'>κακόν.</span> <span class='ocrx_word' id='word_1_369' title='bbox 999 2659 1094 2713; x_wconf 87' lang='grc' dir='ltr'>Ἐκ</span> <span class='ocrx_word' id='word_1_370' title='bbox 1127 2654 1222 2713; x_wconf 74' lang='grc' dir='ltr'><strong>τοῦ</strong></span> <span class='ocrx_word' id='word_1_371' title='bbox 1257 2660 1366 2733; x_wconf 79' lang='grc' dir='ltr'>γὰρ</span> <span class='ocrx_word' id='word_1_372' title='bbox 1410 2661 1664 2727; x_wconf 79' lang='grc' dir='ltr'>δέξασθαι</span> <span class='ocrx_word' id='word_1_373' title='bbox 1690 2663 1892 2734; x_wconf 78' lang='grc' dir='ltr'>μικρὰν</span> 
     </span>
    </p>
   </div>
   <div class='ocr_carea' id='block_1_51' title="bbox 306 2743 1894 2825">
    <p class='ocr_par' dir='ltr' id='par_1_51' title="bbox 306 2743 1894 2825">
     <span class='ocr_line' id='line_1_51' title="bbox 306 2743 1894 2825; baseline 0.009 -30"><span class='ocrx_word' id='word_1_374' title='bbox 306 2743 571 2798; x_wconf 76' lang='grc' dir='ltr'><strong>ὑπόνοιαν</strong></span> <span class='ocrx_word' id='word_1_375' title='bbox 588 2745 728 2799; x_wconf 82' lang='grc' dir='ltr'>κατὰ</span> <span class='ocrx_word' id='word_1_376' title='bbox 744 2746 836 2800; x_wconf 80' lang='grc' dir='ltr'><strong>τοῦ</strong></span> <span class='ocrx_word' id='word_1_377' title='bbox 856 2747 1102 2819; x_wconf 79' lang='grc' dir='ltr'><strong>πλησίον,</strong></span> <span class='ocrx_word' id='word_1_378' title='bbox 1116 2751 1181 2803; x_wconf 82' lang='grc' dir='ltr'><strong>ἐκ</strong></span> <span class='ocrx_word' id='word_1_379' title='bbox 1209 2750 1302 2803; x_wconf 77' lang='grc' dir='ltr'><strong>τοῦ</strong></span> <span class='ocrx_word' id='word_1_380' title='bbox 1320 2751 1521 2821; x_wconf 87' lang='grc' dir='ltr'>λέγειν,</span> <span class='ocrx_word' id='word_1_381' title='bbox 1538 2753 1604 2805; x_wconf 87' lang='grc' dir='ltr'><strong>Τί</strong></span> <span class='ocrx_word' id='word_1_382' title='bbox 1623 2755 1729 2825; x_wconf 86' lang='grc' dir='ltr'><strong>γάρ</strong></span> <span class='ocrx_word' id='word_1_383' title='bbox 1748 2755 1894 2809; x_wconf 76' lang='grc' dir='ltr'>ἐστιν</span> 
     </span>
    </p>
   </div>
   <div class='ocr_carea' id='block_1_52' title="bbox 308 2834 1895 2909">
    <p class='ocr_par' dir='ltr' id='par_1_52' title="bbox 308 2834 1895 2909">
     <span class='ocr_line' id='line_1_52' title="bbox 308 2834 1895 2909; baseline 0.007 -22"><span class='ocrx_word' id='word_1_384' title='bbox 308 2834 413 2888; x_wconf 79' lang='grc' dir='ltr'>ἐὰν</span> <span class='ocrx_word' id='word_1_385' title='bbox 442 2835 582 2889; x_wconf 76' lang='grc' dir='ltr'>εἴπω</span> <span class='ocrx_word' id='word_1_386' title='bbox 613 2835 767 2904; x_wconf 81' lang='grc' dir='ltr'><strong>κάγὼ</strong></span> <span class='ocrx_word' id='word_1_387' title='bbox 799 2836 988 2892; x_wconf 78' lang='grc' dir='ltr'>τοῦτον</span> <span class='ocrx_word' id='word_1_388' title='bbox 1027 2838 1118 2894; x_wconf 72' lang='grc' dir='ltr'>τὸν</span> <span class='ocrx_word' id='word_1_389' title='bbox 1157 2840 1253 2893; x_wconf 76' lang='grc' dir='ltr'>ἕνα</span> <span class='ocrx_word' id='word_1_390' title='bbox 1292 2841 1480 2909; x_wconf 75' lang='grc' dir='ltr'>λόγονς</span> <span class='ocrx_word' id='word_1_391' title='bbox 1520 2841 1575 2895; x_wconf 88' lang='grc' dir='ltr'><strong>τί</strong></span> <span class='ocrx_word' id='word_1_392' title='bbox 1618 2844 1765 2897; x_wconf 76' lang='grc' dir='ltr'>ἐστιν</span> <span class='ocrx_word' id='word_1_393' title='bbox 1799 2842 1895 2898; x_wconf 78' lang='grc' dir='ltr'><strong>ἐὰν</strong></span> 
     </span>
    </p>
   </div>
   <div class='ocr_carea' id='block_1_53' title="bbox 309 2923 1899 3007">
    <p class='ocr_par' dir='ltr' id='par_1_53' title="bbox 309 2923 1899 3007">
     <span class='ocr_line' id='line_1_53' title="bbox 309 2923 1899 3007; baseline 0.006 -27"><span class='ocrx_word' id='word_1_394' title='bbox 309 2927 411 2980; x_wconf 77' lang='grc' dir='ltr'>ἴδω</span> <span class='ocrx_word' id='word_1_395' title='bbox 443 2927 496 2979; x_wconf 88' lang='grc' dir='ltr'><strong>τί</strong></span> <span class='ocrx_word' id='word_1_396' title='bbox 527 2926 680 2981; x_wconf 76' lang='grc' dir='ltr'>λαλεῖ</span> <span class='ocrx_word' id='word_1_397' title='bbox 707 2923 859 2993; x_wconf 74' lang='grc' dir='ltr'>οὗτος</span> <span class='ocrx_word' id='word_1_398' title='bbox 901 2930 1161 2998; x_wconf 67' lang='grc' dir='ltr'>ἀδελφὸς,</span> <span class='ocrx_word' id='word_1_399' title='bbox 1188 2931 1221 3002; x_wconf 81' lang='grc' dir='ltr'><strong>ἥ</strong></span> <span class='ocrx_word' id='word_1_400' title='bbox 1257 2933 1467 2997; x_wconf 81' lang='grc' dir='ltr'>ἐκεῖνος</span> <span class='ocrx_word' id='word_1_401' title='bbox 1497 2933 1526 2987; x_wconf 74' lang='grc' dir='ltr'><strong>ὁ</strong></span> <span class='ocrx_word' id='word_1_402' title='bbox 1557 2933 1707 2999; x_wconf 81' lang='grc' dir='ltr'>ξένος</span> <span class='ocrx_word' id='word_1_403' title='bbox 1739 2935 1899 3007; x_wconf 83' lang='grc' dir='ltr'>ποιῆ-</span> 
     </span>
    </p>
   </div>
   <div class='ocr_carea' id='block_1_54' title="bbox 311 3018 1895 3097">
    <p class='ocr_par' dir='ltr' id='par_1_54' title="bbox 311 3018 1895 3097">
     <span class='ocr_line' id='line_1_54' title="bbox 311 3018 1895 3097; baseline 0.008 -28"><span class='ocrx_word' id='word_1_404' title='bbox 311 3033 447 3083; x_wconf 76' lang='lat' dir='ltr'><strong>eae;</strong></span> <span class='ocrx_word' id='word_1_405' title='bbox 504 3018 769 3089; x_wconf 79' lang='grc' dir='ltr'>Ἀρχεται</span> <span class='ocrx_word' id='word_1_406' title='bbox 814 3022 843 3073; x_wconf 85' lang='grc' dir='ltr'>ὁ</span> <span class='ocrx_word' id='word_1_407' title='bbox 889 3019 1015 3084; x_wconf 80' lang='grc' dir='ltr'>νοῦς</span> <span class='ocrx_word' id='word_1_408' title='bbox 1060 3023 1279 3090; x_wconf 82' lang='grc' dir='ltr'><strong>ἀφιέναι</strong></span> <span class='ocrx_word' id='word_1_409' title='bbox 1326 3023 1424 3088; x_wconf 78' lang='grc' dir='ltr'><strong>τὰς</strong></span> <span class='ocrx_word' id='word_1_410' title='bbox 1477 3024 1747 3097; x_wconf 81' lang='grc' dir='ltr'>ἁμαρτίας</span> <span class='ocrx_word' id='word_1_411' title='bbox 1796 3027 1895 3085; x_wconf 81' lang='grc' dir='ltr'>τὰς</span> 
     </span>
    </p>
   </div>
   <div class='ocr_carea' id='block_1_55' title="bbox 1993 2643 3575 2729">
    <p class='ocr_par' dir='ltr' id='par_1_55' title="bbox 1993 2643 3575 2729">
     <span class='ocr_line' id='line_1_55' title="bbox 1993 2643 3575 2729; baseline -0.014 -10"><span class='ocrx_word' id='word_1_412' title='bbox 1993 2643 2320 2729; x_wconf 85' lang='lat' dir='ltr'><strong>incidimus;</strong></span> <span class='ocrx_word' id='word_1_413' title='bbox 2364 2674 2433 2714; x_wconf 88' lang='lat' dir='ltr'><strong>ex</strong></span> <span class='ocrx_word' id='word_1_414' title='bbox 2473 2657 2700 2712; x_wconf 88' lang='lat' dir='ltr'><strong>minima</strong></span> <span class='ocrx_word' id='word_1_415' title='bbox 2753 2652 2899 2709; x_wconf 88' lang='lat' dir='ltr'><strong>enim</strong></span> <span class='ocrx_word' id='word_1_416' title='bbox 2945 2648 3257 2720; x_wconf 84' lang='lat' dir='ltr'><strong>suspicione</strong></span> <span class='ocrx_word' id='word_1_417' title='bbox 3309 2643 3575 2700; x_wconf 88' lang='lat' dir='ltr'><strong>adversus</strong></span> 
     </span>
    </p>
   </div>
   <div class='ocr_carea' id='block_1_56' title="bbox 1993 2735 3576 2827">
    <p class='ocr_par' dir='ltr' id='par_1_56' title="bbox 1993 2735 3576 2827">
     <span class='ocr_line' id='line_1_56' title="bbox 1993 2735 3576 2827; baseline -0.014 -17"><span class='ocrx_word' id='word_1_418' title='bbox 1993 2754 2329 2827; x_wconf 86' lang='lat' dir='ltr'><strong>proximum.</strong></span> <span class='ocrx_word' id='word_1_419' title='bbox 2371 2764 2435 2805; x_wconf 83' lang='lat' dir='ltr'><strong>ex</strong></span> <span class='ocrx_word' id='word_1_420' title='bbox 2474 2749 2579 2804; x_wconf 89' lang='lat' dir='ltr'><strong>hoc</strong></span> <span class='ocrx_word' id='word_1_421' title='bbox 2607 2747 2756 2802; x_wconf 88' lang='lat' dir='ltr'><strong>dicto</strong></span> <span class='ocrx_word' id='word_1_422' title='bbox 2790 2763 2805 2800; x_wconf 92' lang='lat'><strong>:</strong></span> <span class='ocrx_word' id='word_1_423' title='bbox 2851 2762 2871 2796; x_wconf 78' lang='grc' dir='ltr'><strong>ι</strong></span> <span class='ocrx_word' id='word_1_424' title='bbox 2916 2739 3057 2810; x_wconf 86' lang='lat' dir='ltr'><strong>Quid</strong></span> <span class='ocrx_word' id='word_1_425' title='bbox 3095 2746 3210 2804; x_wconf 91' lang='lat' dir='ltr'><strong>est,</strong></span> <span class='ocrx_word' id='word_1_426' title='bbox 3254 2736 3303 2794; x_wconf 84' lang='lat' dir='ltr'><strong>si</strong></span> <span class='ocrx_word' id='word_1_427' title='bbox 3341 2735 3576 2792; x_wconf 88' lang='lat' dir='ltr'><strong>observo</strong></span> 
     </span>
    </p>
   </div>
   <div class='ocr_carea' id='block_1_57' title="bbox 1995 2825 3577 2912">
    <p class='ocr_par' dir='ltr' id='par_1_57' title="bbox 1995 2825 3577 2912">
     <span class='ocr_line' id='line_1_57' title="bbox 1995 2825 3577 2912; baseline -0.015 -10"><span class='ocrx_word' id='word_1_428' title='bbox 1995 2825 2145 2902; x_wconf 80' lang='lat' dir='ltr'><strong>hunc</strong></span> <span class='ocrx_word' id='word_1_429' title='bbox 2166 2843 2389 2899; x_wconf 76' lang='lat' dir='ltr'><strong>fratrem</strong></span> <span class='ocrx_word' id='word_1_430' title='bbox 2424 2840 2552 2912; x_wconf 92' lang='lat' dir='ltr'><strong>quid</strong></span> <span class='ocrx_word' id='word_1_431' title='bbox 2583 2835 2872 2909; x_wconf 77' lang='lat' dir='ltr'><strong>loquatur?</strong></span> <span class='ocrx_word' id='word_1_432' title='bbox 2888 2832 3033 2902; x_wconf 84' lang='lat' dir='ltr'><strong>Quid</strong></span> <span class='ocrx_word' id='word_1_433' title='bbox 3061 2839 3166 2896; x_wconf 86' lang='lat' dir='ltr'><strong>est,</strong></span> <span class='ocrx_word' id='word_1_434' title='bbox 3184 2828 3230 2886; x_wconf 91' lang='lat' dir='ltr'><strong>si</strong></span> <span class='ocrx_word' id='word_1_435' title='bbox 3252 2841 3355 2900; x_wconf 79' lang='lat' dir='ltr'><strong>ego</strong></span> <span class='ocrx_word' id='word_1_436' title='bbox 3382 2825 3577 2899; x_wconf 78' lang='lat' dir='ltr'><strong>hujus-</strong></span> 
     </span>
    </p>
   </div>
   <div class='ocr_carea' id='block_1_58' title="bbox 1996 2916 3579 3002">
    <p class='ocr_par' dir='ltr' id='par_1_58' title="bbox 1996 2916 3579 3002">
     <span class='ocr_line' id='line_1_58' title="bbox 1996 2916 3579 3002; baseline -0.015 -8"><span class='ocrx_word' id='word_1_437' title='bbox 1996 2936 2208 2995; x_wconf 77' lang='lat' dir='ltr'><strong>cémodi</strong></span> <span class='ocrx_word' id='word_1_438' title='bbox 2237 2948 2541 2992; x_wconf 87' lang='lat' dir='ltr'><strong>sermonem</strong></span> <span class='ocrx_word' id='word_1_439' title='bbox 2578 2929 2808 3002; x_wconf 78' lang='lat' dir='ltr'><strong>loquor?</strong></span> <span class='ocrx_word' id='word_1_440' title='bbox 2835 2926 2974 2996; x_wconf 86' lang='lat' dir='ltr'><strong>Quid</strong></span> <span class='ocrx_word' id='word_1_441' title='bbox 2990 2934 3075 2982; x_wconf 88' lang='lat' dir='ltr'><strong>est</strong></span> <span class='ocrx_word' id='word_1_442' title='bbox 3094 2923 3137 2981; x_wconf 90' lang='lat' dir='ltr'><strong>si</strong></span> <span class='ocrx_word' id='word_1_443' title='bbox 3165 2922 3381 2979; x_wconf 88' lang='lat' dir='ltr'><strong>curiose</strong></span> <span class='ocrx_word' id='word_1_444' title='bbox 3404 2916 3579 2988; x_wconf 85' lang='lat' dir='ltr'><strong>inspi-</strong></span> 
     </span>
    </p>
   </div>
   <div class='ocr_carea' id='block_1_59' title="bbox 1999 3008 3687 3101">
    <p class='ocr_par' dir='ltr' id='par_1_59' title="bbox 1999 3008 3687 3101">
     <span class='ocr_line' id='line_1_59' title="bbox 1999 3008 3687 3101; baseline -0.016 -14"><span class='ocrx_word' id='word_1_445' title='bbox 1999 3032 2086 3088; x_wconf 89' lang='lat' dir='ltr'><strong>cio</strong></span> <span class='ocrx_word' id='word_1_446' title='bbox 2108 3029 2235 3101; x_wconf 88' lang='lat' dir='ltr'><strong>quid</strong></span> <span class='ocrx_word' id='word_1_447' title='bbox 2260 3029 2348 3083; x_wconf 89' lang='lat' dir='ltr'><strong>hic</strong></span> <span class='ocrx_word' id='word_1_448' title='bbox 2365 3024 2551 3090; x_wconf 78' lang='lat' dir='ltr'><strong>frater,</strong></span> <span class='ocrx_word' id='word_1_449' title='bbox 2569 3023 2699 3094; x_wconf 90' lang='lat' dir='ltr'><strong>quid</strong></span> <span class='ocrx_word' id='word_1_450' title='bbox 2727 3022 2817 3076; x_wconf 89' lang='lat' dir='ltr'><strong>hic</strong></span> <span class='ocrx_word' id='word_1_451' title='bbox 2834 3021 3034 3089; x_wconf 86' lang='lat' dir='ltr'><strong>hospes</strong></span> <span class='ocrx_word' id='word_1_452' title='bbox 3057 3014 3214 3088; x_wconf 77' lang='lat' dir='ltr'><strong>agat?</strong></span> <span class='ocrx_word' id='word_1_453' title='bbox 3237 3012 3449 3082; x_wconf 62' lang='lat' dir='ltr'><strong>altaque</strong></span> <span class='ocrx_word' id='word_1_454' title='bbox 3462 3008 3581 3079; x_wconf 88' lang='lat' dir='ltr'><strong>jam</strong></span> <span class='ocrx_word' id='word_1_455' title='bbox 3681 3084 3687 3089; x_wconf 79' lang='lat'><em>_</em></span> 
     </span>
    </p>
   </div>
   <div class='ocr_carea' id='block_1_60' title="bbox 315 3108 1906 3192">
    <p class='ocr_par' dir='ltr' id='par_1_60' title="bbox 315 3109 1889 3187">
     <span class='ocr_line' id='line_1_60' title="bbox 315 3109 1889 3187; baseline 0.007 -26"><span class='ocrx_word' id='word_1_456' title='bbox 315 3109 476 3173; x_wconf 84' lang='grc' dir='ltr'>ἰδίας,</span> <span class='ocrx_word' id='word_1_457' title='bbox 512 3110 607 3162; x_wconf 73' lang='grc' dir='ltr'><strong>καὶ</strong></span> <span class='ocrx_word' id='word_1_458' title='bbox 633 3110 941 3181; x_wconf 78' lang='grc' dir='ltr'>ἀδολεσχεῖν</span> <span class='ocrx_word' id='word_1_459' title='bbox 966 3115 1046 3176; x_wconf 86' lang='grc' dir='ltr'><strong>είς</strong></span> <span class='ocrx_word' id='word_1_460' title='bbox 1070 3113 1140 3168; x_wconf 81' lang='grc' dir='ltr'>τὰ</span> <span class='ocrx_word' id='word_1_461' title='bbox 1165 3114 1258 3169; x_wconf 81' lang='grc' dir='ltr'>τοῦ</span> <span class='ocrx_word' id='word_1_462' title='bbox 1285 3116 1531 3187; x_wconf 82' lang='grc' dir='ltr'>πλησίον.</span> <span class='ocrx_word' id='word_1_463' title='bbox 1566 3119 1674 3171; x_wconf 83' lang='lat' dir='ltr'><strong>Kal</strong></span> <span class='ocrx_word' id='word_1_464' title='bbox 1704 3119 1889 3173; x_wconf 77' lang='grc' dir='ltr'>λοιπὸν</span> 
     </span>
    </p>
   </div>
   <div class='ocr_carea' id='block_1_61' title="bbox 2011 3108 3581 3192">
    <p class='ocr_par' dir='ltr' id='par_1_61' title="bbox 2014 3108 3581 3192">
     <span class='ocr_line' id='line_1_61' title="bbox 2014 3108 3581 3192; baseline -0.016 -15"><span class='ocrx_word' id='word_1_465' title='bbox 2014 3121 2180 3192; x_wconf 85' lang='lat' dir='ltr'><strong>ncipit</strong></span> <span class='ocrx_word' id='word_1_466' title='bbox 2201 3134 2357 3175; x_wconf 85' lang='lat' dir='ltr'><strong>mens</strong></span> <span class='ocrx_word' id='word_1_467' title='bbox 2376 3116 2597 3189; x_wconf 82' lang='lat' dir='ltr'><strong>propria</strong></span> <span class='ocrx_word' id='word_1_468' title='bbox 2615 3118 2837 3186; x_wconf 87' lang='lat' dir='ltr'><strong>peccata</strong></span> <span class='ocrx_word' id='word_1_469' title='bbox 2859 3109 3148 3181; x_wconf 76' lang='lat' dir='ltr'><strong>negligere,</strong></span> <span class='ocrx_word' id='word_1_470' title='bbox 3170 3119 3293 3177; x_wconf 70' lang='lat' dir='ltr'><strong>quae</strong></span> <span class='ocrx_word' id='word_1_471' title='bbox 3308 3108 3436 3160; x_wconf 88' lang='lat' dir='ltr'><strong>sunt</strong></span> <span class='ocrx_word' id='word_1_472' title='bbox 3452 3113 3581 3171; x_wconf 85' lang='lat' dir='ltr'><strong>prn-</strong></span> 
     </span>
    </p>
   </div>
   <div class='ocr_carea' id='block_1_62' title="bbox 312 3198 1895 3277">
    <p class='ocr_par' dir='ltr' id='par_1_62' title="bbox 312 3198 1895 3277">
     <span class='ocr_line' id='line_1_62' title="bbox 312 3198 1895 3277; baseline 0.009 -28"><span class='ocrx_word' id='word_1_473' title='bbox 312 3201 380 3251; x_wconf 83' lang='grc' dir='ltr'>ὲκ</span> <span class='ocrx_word' id='word_1_474' title='bbox 415 3198 607 3252; x_wconf 83' lang='grc' dir='ltr'>τούτου</span> <span class='ocrx_word' id='word_1_475' title='bbox 640 3199 849 3268; x_wconf 85' lang='grc' dir='ltr'>γίνεται</span> <span class='ocrx_word' id='word_1_476' title='bbox 874 3202 936 3255; x_wconf 83' lang='grc' dir='ltr'><strong>τὸ</strong></span> <span class='ocrx_word' id='word_1_477' title='bbox 968 3205 1339 3276; x_wconf 78' lang='grc' dir='ltr'><strong>κατακρίνειν,</strong></span> <span class='ocrx_word' id='word_1_478' title='bbox 1370 3206 1430 3259; x_wconf 76' lang='grc' dir='ltr'><strong>τὸ</strong></span> <span class='ocrx_word' id='word_1_479' title='bbox 1455 3208 1803 3277; x_wconf 81' lang='grc' dir='ltr'>καταλαλεῖν,</span> <span class='ocrx_word' id='word_1_480' title='bbox 1832 3210 1895 3264; x_wconf 77' lang='grc' dir='ltr'>τὸ</span> 
     </span>
    </p>
   </div>
   <div class='ocr_carea' id='block_1_63' title="bbox 313 3287 1891 3372">
    <p class='ocr_par' dir='ltr' id='par_1_63' title="bbox 313 3287 1891 3372">
     <span class='ocr_line' id='line_1_63' title="bbox 313 3287 1891 3372; baseline 0.01 -31"><span class='ocrx_word' id='word_1_481' title='bbox 313 3287 615 3354; x_wconf 80' lang='grc' dir='ltr'><strong>ὲξουδενεῖν</strong></span> <span class='ocrx_word' id='word_1_482' title='bbox 636 3307 649 3321; x_wconf 76' lang='grc'><strong><em>⁸</em></strong></span> <span class='ocrx_word' id='word_1_483' title='bbox 674 3293 738 3344; x_wconf 80' lang='grc' dir='ltr'>ὲκ</span> <span class='ocrx_word' id='word_1_484' title='bbox 759 3294 950 3348; x_wconf 87' lang='grc' dir='ltr'>τούτου</span> <span class='ocrx_word' id='word_1_485' title='bbox 978 3296 1073 3348; x_wconf 77' lang='grc' dir='ltr'>καὶ</span> <span class='ocrx_word' id='word_1_486' title='bbox 1105 3297 1186 3360; x_wconf 83' lang='grc' dir='ltr'><strong>είς</strong></span> <span class='ocrx_word' id='word_1_487' title='bbox 1210 3297 1349 3351; x_wconf 81' lang='grc' dir='ltr'>αὐτὰ</span> <span class='ocrx_word' id='word_1_488' title='bbox 1380 3297 1416 3353; x_wconf 78' lang='grc' dir='ltr'><strong>ἃ</strong></span> <span class='ocrx_word' id='word_1_489' title='bbox 1444 3301 1763 3372; x_wconf 85' lang='grc' dir='ltr'>κατακρίνει</span> <span class='ocrx_word' id='word_1_490' title='bbox 1786 3319 1891 3366; x_wconf 84' lang='grc' dir='ltr'>τις,</span> 
     </span>
    </p>
   </div>
   <div class='ocr_carea' id='block_1_64' title="bbox 314 3379 1894 3461">
    <p class='ocr_par' dir='ltr' id='par_1_64' title="bbox 314 3379 1894 3461">
     <span class='ocr_line' id='line_1_64' title="bbox 314 3379 1894 3461; baseline 0.01 -30"><span class='ocrx_word' id='word_1_491' title='bbox 314 3379 605 3450; x_wconf 75' lang='grc' dir='ltr'>ἐμπίπτει.</span> <span class='ocrx_word' id='word_1_492' title='bbox 654 3382 749 3436; x_wconf 87' lang='grc' dir='ltr'><strong>Ἐκ</strong></span> <span class='ocrx_word' id='word_1_493' title='bbox 790 3382 884 3436; x_wconf 80' lang='grc' dir='ltr'>τοῦ</span> <span class='ocrx_word' id='word_1_494' title='bbox 935 3383 1042 3456; x_wconf 81' lang='grc' dir='ltr'><strong>γὰρ</strong></span> <span class='ocrx_word' id='word_1_495' title='bbox 1074 3386 1149 3458; x_wconf 79' lang='grc' dir='ltr'>μὴ</span> <span class='ocrx_word' id='word_1_496' title='bbox 1182 3389 1456 3459; x_wconf 77' lang='grc' dir='ltr'>μεριμνᾷν</span> <span class='ocrx_word' id='word_1_497' title='bbox 1489 3388 1558 3443; x_wconf 84' lang='grc' dir='ltr'>τὰ</span> <span class='ocrx_word' id='word_1_498' title='bbox 1592 3390 1697 3444; x_wconf 85' lang='grc' dir='ltr'>ῐδια</span> <span class='ocrx_word' id='word_1_499' title='bbox 1725 3394 1894 3461; x_wconf 75' lang='grc' dir='ltr'>κακὰ,</span> 
     </span>
    </p>
   </div>
   <div class='ocr_carea' id='block_1_65' title="bbox 320 3470 1898 3560">
    <p class='ocr_par' dir='ltr' id='par_1_65' title="bbox 320 3470 1898 3560">
     <span class='ocr_line' id='line_1_65' title="bbox 320 3470 1898 3560; baseline 0.011 -36"><span class='ocrx_word' id='word_1_500' title='bbox 320 3470 459 3542; x_wconf 81' lang='grc' dir='ltr'>μηδὲ</span> <span class='ocrx_word' id='word_1_501' title='bbox 488 3472 715 3539; x_wconf 82' lang='grc' dir='ltr'><strong>κλαίειν,</strong></span> <span class='ocrx_word' id='word_1_502' title='bbox 741 3476 818 3539; x_wconf 82' lang='grc' dir='ltr'>ὡς</span> <span class='ocrx_word' id='word_1_503' title='bbox 850 3471 1002 3531; x_wconf 77' lang='grc' dir='ltr'>εἶπον</span> <span class='ocrx_word' id='word_1_504' title='bbox 1028 3480 1077 3533; x_wconf 88' lang='grc' dir='ltr'>οἱ</span> <span class='ocrx_word' id='word_1_505' title='bbox 1102 3480 1367 3551; x_wconf 80' lang='grc' dir='ltr'>Πατὲρες,</span> <span class='ocrx_word' id='word_1_506' title='bbox 1399 3482 1492 3537; x_wconf 78' lang='grc' dir='ltr'>τὸν</span> <span class='ocrx_word' id='word_1_507' title='bbox 1527 3484 1656 3537; x_wconf 86' lang='grc' dir='ltr'>ίδιον</span> <span class='ocrx_word' id='word_1_508' title='bbox 1683 3485 1898 3560; x_wconf 77' lang='grc' dir='ltr'>νεκρὸν,</span> 
     </span>
    </p>
   </div>
   <div class='ocr_carea' id='block_1_66' title="bbox 317 3562 1903 3644">
    <p class='ocr_par' dir='ltr' id='par_1_66' title="bbox 317 3562 1903 3644">
     <span class='ocr_line' id='line_1_66' title="bbox 317 3562 1903 3644; baseline 0.013 -30"><span class='ocrx_word' id='word_1_509' title='bbox 317 3562 383 3616; x_wconf 82' lang='grc' dir='ltr'>οὐ</span> <span class='ocrx_word' id='word_1_510' title='bbox 412 3562 634 3618; x_wconf 83' lang='grc' dir='ltr'>δύναται</span> <span class='ocrx_word' id='word_1_511' title='bbox 675 3567 755 3632; x_wconf 83' lang='grc' dir='ltr'><strong>είς</strong></span> <span class='ocrx_word' id='word_1_512' title='bbox 800 3586 854 3622; x_wconf 84' lang='grc' dir='ltr'><strong>τι</strong></span> <span class='ocrx_word' id='word_1_513' title='bbox 900 3571 1094 3625; x_wconf 80' lang='grc' dir='ltr'>ἑαυτὸν</span> <span class='ocrx_word' id='word_1_514' title='bbox 1119 3572 1539 3644; x_wconf 83' lang='grc' dir='ltr'>διορθώσασθαι,</span> <span class='ocrx_word' id='word_1_515' title='bbox 1581 3576 1717 3631; x_wconf 79' lang='grc' dir='ltr'>ἀλλὰ</span> <span class='ocrx_word' id='word_1_516' title='bbox 1766 3580 1903 3635; x_wconf 75' lang='grc' dir='ltr'><strong>πᾶν·</strong></span> 
     </span>
    </p>
   </div>
   <div class='ocr_carea' id='block_1_67' title="bbox 318 3656 1941 3737">
    <p class='ocr_par' dir='ltr' id='par_1_67' title="bbox 318 3656 1941 3737">
     <span class='ocr_line' id='line_1_67' title="bbox 318 3656 1941 3737; baseline 0.012 -31"><span class='ocrx_word' id='word_1_517' title='bbox 318 3670 447 3707; x_wconf 79' lang='grc' dir='ltr'>τοτε</span> <span class='ocrx_word' id='word_1_518' title='bbox 478 3656 568 3709; x_wconf 75' lang='grc' dir='ltr'><strong>τὸν</strong></span> <span class='ocrx_word' id='word_1_519' title='bbox 610 3657 839 3730; x_wconf 79' lang='grc' dir='ltr'>πλησίον</span> <span class='ocrx_word' id='word_1_520' title='bbox 881 3661 1030 3734; x_wconf 77' lang='grc' dir='ltr'>ἔργῳ</span> <span class='ocrx_word' id='word_1_521' title='bbox 1060 3663 1364 3735; x_wconf 76' lang='grc' dir='ltr'>λαμϐάνειο</span> <span class='ocrx_word' id='word_1_522' title='bbox 1410 3668 1507 3721; x_wconf 72' lang='grc' dir='ltr'>καὶ</span> <span class='ocrx_word' id='word_1_523' title='bbox 1547 3669 1701 3724; x_wconf 82' lang='grc' dir='ltr'>οὐδὲν</span> <span class='ocrx_word' id='word_1_524' title='bbox 1726 3669 1903 3737; x_wconf 78' lang='grc' dir='ltr'>οὕτως</span> <span class='ocrx_word' id='word_1_525' title='bbox 1936 3668 1941 3673; x_wconf 69' lang='grc'><em>’</em></span> 
     </span>
    </p>
   </div>
   <div class='ocr_carea' id='block_1_68' title="bbox 322 3749 1903 3832">
    <p class='ocr_par' dir='ltr' id='par_1_68' title="bbox 322 3749 1903 3832">
     <span class='ocr_line' id='line_1_68' title="bbox 322 3749 1903 3832; baseline 0.013 -34"><span class='ocrx_word' id='word_1_526' title='bbox 322 3749 653 3818; x_wconf 78' lang='grc' dir='ltr'>παροργίξει</span> <span class='ocrx_word' id='word_1_527' title='bbox 692 3751 785 3803; x_wconf 81' lang='grc' dir='ltr'><strong>τὸν</strong></span> <span class='ocrx_word' id='word_1_528' title='bbox 824 3752 978 3821; x_wconf 79' lang='grc' dir='ltr'>Θεὸν,</span> <span class='ocrx_word' id='word_1_529' title='bbox 1026 3758 1122 3809; x_wconf 79' lang='grc' dir='ltr'>καὶ</span> <span class='ocrx_word' id='word_1_530' title='bbox 1154 3757 1308 3811; x_wconf 78' lang='grc' dir='ltr'>οὐδὲν</span> <span class='ocrx_word' id='word_1_531' title='bbox 1350 3758 1525 3823; x_wconf 80' lang='grc' dir='ltr'>οὕτως</span> <span class='ocrx_word' id='word_1_532' title='bbox 1569 3765 1772 3832; x_wconf 86' lang='grc' dir='ltr'>γυμνοῖ</span> <span class='ocrx_word' id='word_1_533' title='bbox 1812 3763 1903 3819; x_wconf 80' lang='grc' dir='ltr'>τὸν</span> 
     </span>
    </p>
   </div>
   <div class='ocr_carea' id='block_1_69' title="bbox 236 3839 1904 3917">
    <p class='ocr_par' dir='ltr' id='par_1_69' title="bbox 236 3839 1904 3917">
     <span class='ocr_line' id='line_1_69' title="bbox 236 3839 1904 3917; baseline 0.01 -26"><span class='ocrx_word' id='word_1_534' title='bbox 236 3848 249 3859; x_wconf 86' lang='lat'><em>‘</em></span> <span class='ocrx_word' id='word_1_535' title='bbox 322 3839 635 3911; x_wconf 78' lang='grc' dir='ltr'>ἄνθρωπον,</span> <span class='ocrx_word' id='word_1_536' title='bbox 683 3841 779 3894; x_wconf 75' lang='grc' dir='ltr'><strong>καὶ</strong></span> <span class='ocrx_word' id='word_1_537' title='bbox 817 3841 974 3912; x_wconf 84' lang='grc' dir='ltr'>φέρει</span> <span class='ocrx_word' id='word_1_538' title='bbox 1008 3847 1090 3908; x_wconf 82' lang='grc' dir='ltr'><strong>είς</strong></span> <span class='ocrx_word' id='word_1_539' title='bbox 1119 3846 1481 3917; x_wconf 79' lang='grc' dir='ltr'>ἀκατάληψιν,</span> <span class='ocrx_word' id='word_1_540' title='bbox 1525 3850 1601 3913; x_wconf 83' lang='grc' dir='ltr'>ὡς</span> <span class='ocrx_word' id='word_1_541' title='bbox 1637 3852 1699 3905; x_wconf 80' lang='grc' dir='ltr'>τὸ</span> <span class='ocrx_word' id='word_1_542' title='bbox 1736 3869 1904 3907; x_wconf 80' lang='grc' dir='ltr'>κατα-</span> 
     </span>
    </p>
   </div>
   <div class='ocr_carea' id='block_1_70' title="bbox 321 3929 1781 4011">
    <p class='ocr_par' dir='ltr' id='par_1_70' title="bbox 321 3929 1781 4011">
     <span class='ocr_line' id='line_1_70' title="bbox 321 3929 1781 4011; baseline 0.011 -32"><span class='ocrx_word' id='word_1_543' title='bbox 321 3929 525 3994; x_wconf 79' lang='grc' dir='ltr'>λαλεῖν,</span> <span class='ocrx_word' id='word_1_544' title='bbox 557 3929 592 4000; x_wconf 74' lang='grc' dir='ltr'><strong>ἢ</strong></span> <span class='ocrx_word' id='word_1_545' title='bbox 627 3931 996 4002; x_wconf 82' lang='grc' dir='ltr'>κατακρίνειν,</span> <span class='ocrx_word' id='word_1_546' title='bbox 1027 3935 1061 4006; x_wconf 75' lang='grc' dir='ltr'>ἢ</span> <span class='ocrx_word' id='word_1_547' title='bbox 1094 3932 1389 4000; x_wconf 80' lang='grc' dir='ltr'>έξουδενείν</span> <span class='ocrx_word' id='word_1_548' title='bbox 1415 3939 1506 3993; x_wconf 74' lang='grc' dir='ltr'><strong>τὸν</strong></span> <span class='ocrx_word' id='word_1_549' title='bbox 1536 3939 1781 4011; x_wconf 79' lang='grc' dir='ltr'>πλησίον.</span> 
     </span>
    </p>
   </div>
   <div class='ocr_carea' id='block_1_71' title="bbox 400 4102 1905 4182">
    <p class='ocr_par' dir='ltr' id='par_1_71' title="bbox 400 4102 1905 4182">
     <span class='ocr_line' id='line_1_71' title="bbox 400 4102 1905 4182; baseline 0.013 -29"><span class='ocrx_word' id='word_1_550' title='bbox 400 4102 475 4156; x_wconf 86' lang='lat' dir='ltr'><strong>B&#39;.</strong></span> <span class='ocrx_word' id='word_1_551' title='bbox 518 4102 681 4157; x_wconf 78' lang='grc' dir='ltr'>Ἀλλο</span> <span class='ocrx_word' id='word_1_552' title='bbox 727 4105 835 4176; x_wconf 71' lang='grc' dir='ltr'>γάρ</span> <span class='ocrx_word' id='word_1_553' title='bbox 866 4106 984 4159; x_wconf 84' lang='grc' dir='ltr'>ἐστι</span> <span class='ocrx_word' id='word_1_554' title='bbox 1030 4108 1090 4161; x_wconf 82' lang='grc' dir='ltr'><strong>τὸ</strong></span> <span class='ocrx_word' id='word_1_555' title='bbox 1137 4111 1532 4182; x_wconf 81' lang='grc' dir='ltr'>καταλαλῆσαι,</span> <span class='ocrx_word' id='word_1_556' title='bbox 1566 4116 1661 4169; x_wconf 76' lang='grc' dir='ltr'>καὶ</span> <span class='ocrx_word' id='word_1_557' title='bbox 1688 4116 1819 4171; x_wconf 78' lang='grc' dir='ltr'>ἄλλο</span> <span class='ocrx_word' id='word_1_558' title='bbox 1843 4118 1905 4172; x_wconf 78' lang='grc' dir='ltr'>τὺ</span> 
     </span>
    </p>
   </div>
   <div class='ocr_carea' id='block_1_72' title="bbox 1994 3194 3579 3275">
    <p class='ocr_par' dir='ltr' id='par_1_72' title="bbox 1994 3194 3579 3275">
     <span class='ocr_line' id='line_1_72' title="bbox 1994 3194 3579 3275; baseline -0.014 -8"><span class='ocrx_word' id='word_1_559' title='bbox 1994 3212 2126 3267; x_wconf 87' lang='lat' dir='ltr'><strong>ximi</strong></span> <span class='ocrx_word' id='word_1_560' title='bbox 2186 3209 2488 3266; x_wconf 89' lang='lat' dir='ltr'><strong>attendere.</strong></span> <span class='ocrx_word' id='word_1_561' title='bbox 2540 3205 2674 3261; x_wconf 88' lang='lat' dir='ltr'><strong>Post</strong></span> <span class='ocrx_word' id='word_1_562' title='bbox 2735 3202 2881 3275; x_wconf 88' lang='lat' dir='ltr'><strong>quod</strong></span> <span class='ocrx_word' id='word_1_563' title='bbox 2932 3198 3182 3270; x_wconf 87' lang='lat' dir='ltr'><strong>sequitur</strong></span> <span class='ocrx_word' id='word_1_564' title='bbox 3234 3194 3579 3265; x_wconf 89' lang='lat' dir='ltr'><strong>ohloquium,</strong></span> 
     </span>
    </p>
   </div>
   <div class='ocr_carea' id='block_1_73' title="bbox 1995 3282 3585 3366">
    <p class='ocr_par' dir='ltr' id='par_1_73' title="bbox 1995 3282 3585 3366">
     <span class='ocr_line' id='line_1_73' title="bbox 1995 3282 3585 3366; baseline -0.014 -7"><span class='ocrx_word' id='word_1_565' title='bbox 1995 3300 2402 3362; x_wconf 86' lang='lat' dir='ltr'><strong>condemnatio,</strong></span> <span class='ocrx_word' id='word_1_566' title='bbox 2462 3303 2832 3366; x_wconf 86' lang='lat' dir='ltr'><strong>contemptus,</strong></span> <span class='ocrx_word' id='word_1_567' title='bbox 2868 3290 3184 3360; x_wconf 87' lang='lat' dir='ltr'><strong>sensimque</strong></span> <span class='ocrx_word' id='word_1_568' title='bbox 3235 3286 3291 3342; x_wconf 91' lang='lat' dir='ltr'><strong>in</strong></span> <span class='ocrx_word' id='word_1_569' title='bbox 3346 3296 3410 3341; x_wconf 91' lang='lat' dir='ltr'><strong>ea</strong></span> <span class='ocrx_word' id='word_1_570' title='bbox 3464 3282 3585 3355; x_wconf 87' lang='lat' dir='ltr'><strong>ipse</strong></span> 
     </span>
    </p>
   </div>
   <div class='ocr_carea' id='block_1_74' title="bbox 1996 3370 3588 3461">
    <p class='ocr_par' dir='ltr' id='par_1_74' title="bbox 1996 3370 3588 3461">
     <span class='ocr_line' id='line_1_74' title="bbox 1996 3370 3588 3461; baseline -0.017 -12"><span class='ocrx_word' id='word_1_571' title='bbox 1996 3391 2206 3457; x_wconf 89' lang='lat' dir='ltr'><strong>incidit,</strong></span> <span class='ocrx_word' id='word_1_572' title='bbox 2236 3404 2357 3461; x_wconf 69' lang='lat' dir='ltr'><strong>quae</strong></span> <span class='ocrx_word' id='word_1_573' title='bbox 2383 3386 2438 3442; x_wconf 92' lang='lat' dir='ltr'><strong>in</strong></span> <span class='ocrx_word' id='word_1_574' title='bbox 2456 3387 2628 3442; x_wconf 91' lang='lat' dir='ltr'><strong>altero</strong></span> <span class='ocrx_word' id='word_1_575' title='bbox 2655 3385 2882 3440; x_wconf 88' lang='lat' dir='ltr'><strong>damnat</strong></span> <span class='ocrx_word' id='word_1_576' title='bbox 2913 3387 2969 3435; x_wconf 90' lang='lat' dir='ltr'><strong>et</strong></span> <span class='ocrx_word' id='word_1_577' title='bbox 3009 3376 3241 3449; x_wconf 76' lang='lat' dir='ltr'><strong>iudicat.</strong></span> <span class='ocrx_word' id='word_1_578' title='bbox 3299 3370 3588 3443; x_wconf 74' lang='lat' dir='ltr'><strong>Negligere</strong></span> 
     </span>
    </p>
   </div>
   <div class='ocr_carea' id='block_1_75' title="bbox 1997 3463 3588 3552">
    <p class='ocr_par' dir='ltr' id='par_1_75' title="bbox 1997 3463 3588 3552">
     <span class='ocr_line' id='line_1_75' title="bbox 1997 3463 3588 3552; baseline -0.017 -13"><span class='ocrx_word' id='word_1_579' title='bbox 1997 3483 2143 3541; x_wconf 88' lang='lat' dir='ltr'><strong>enim</strong></span> <span class='ocrx_word' id='word_1_580' title='bbox 2172 3479 2390 3552; x_wconf 84' lang='lat' dir='ltr'><strong>propria</strong></span> <span class='ocrx_word' id='word_1_581' title='bbox 2425 3476 2589 3541; x_wconf 84' lang='lat' dir='ltr'><strong>mala,</strong></span> <span class='ocrx_word' id='word_1_582' title='bbox 2617 3487 2816 3545; x_wconf 89' lang='lat' dir='ltr'><strong>neque,</strong></span> <span class='ocrx_word' id='word_1_583' title='bbox 2847 3477 2909 3524; x_wconf 90' lang='lat' dir='ltr'><strong>ut</strong></span> <span class='ocrx_word' id='word_1_584' title='bbox 2938 3469 3129 3525; x_wconf 86' lang='lat' dir='ltr'><strong>Patres</strong></span> <span class='ocrx_word' id='word_1_585' title='bbox 3158 3463 3436 3526; x_wconf 84' lang='lat' dir='ltr'><strong>dixerunt,</strong></span> <span class='ocrx_word' id='word_1_586' title='bbox 3490 3473 3588 3514; x_wconf 80' lang='lat' dir='ltr'><strong>ca-</strong></span> 
     </span>
    </p>
   </div>
   <div class='ocr_carea' id='block_1_76' title="bbox 1998 3554 3592 3632">
    <p class='ocr_par' dir='ltr' id='par_1_76' title="bbox 1998 3554 3592 3632">
     <span class='ocr_line' id='line_1_76' title="bbox 1998 3554 3592 3632; baseline -0.016 -2"><span class='ocrx_word' id='word_1_587' title='bbox 1998 3574 2168 3631; x_wconf 82' lang='lat' dir='ltr'><strong>(laver</strong></span> <span class='ocrx_word' id='word_1_588' title='bbox 2195 3582 2356 3626; x_wconf 87' lang='lat' dir='ltr'><strong>suum</strong></span> <span class='ocrx_word' id='word_1_589' title='bbox 2383 3566 2617 3632; x_wconf 81' lang='lat' dir='ltr'><strong>deﬂere;</strong></span> <span class='ocrx_word' id='word_1_590' title='bbox 2647 3564 2751 3618; x_wconf 88' lang='lat' dir='ltr'><strong>hoc</strong></span> <span class='ocrx_word' id='word_1_591' title='bbox 2805 3559 2902 3632; x_wconf 90' lang='lat' dir='ltr'><strong>qui</strong></span> <span class='ocrx_word' id='word_1_592' title='bbox 2947 3554 3163 3619; x_wconf 84' lang='lat' dir='ltr'><strong>fecerit,</strong></span> <span class='ocrx_word' id='word_1_593' title='bbox 3201 3565 3483 3623; x_wconf 86' lang='lat' dir='ltr'><strong>nunquam</strong></span> <span class='ocrx_word' id='word_1_594' title='bbox 3526 3562 3592 3605; x_wconf 81' lang='lat' dir='ltr'><strong>se</strong></span> 
     </span>
    </p>
   </div>
   <div class='ocr_carea' id='block_1_77' title="bbox 2001 3637 3593 3734">
    <p class='ocr_par' dir='ltr' id='par_1_77' title="bbox 2001 3637 3593 3734">
     <span class='ocr_line' id='line_1_77' title="bbox 2001 3637 3593 3734; baseline -0.018 -15"><span class='ocrx_word' id='word_1_595' title='bbox 2001 3664 2181 3734; x_wconf 88' lang='lat' dir='ltr'><strong>ipsum</strong></span> <span class='ocrx_word' id='word_1_596' title='bbox 2218 3660 2437 3729; x_wconf 80' lang='lat' dir='ltr'><strong>eriget:</strong></span> <span class='ocrx_word' id='word_1_597' title='bbox 2493 3668 2709 3724; x_wconf 88' lang='lat' dir='ltr'><strong>semper</strong></span> <span class='ocrx_word' id='word_1_598' title='bbox 2753 3646 2898 3707; x_wconf 88' lang='lat' dir='ltr'><strong>enim</strong></span> <span class='ocrx_word' id='word_1_599' title='bbox 2936 3647 2991 3703; x_wconf 93' lang='lat' dir='ltr'><strong>in</strong></span> <span class='ocrx_word' id='word_1_600' title='bbox 3043 3642 3280 3717; x_wconf 79' lang='lat' dir='ltr'><strong>proximi</strong></span> <span class='ocrx_word' id='word_1_601' title='bbox 3329 3637 3593 3714; x_wconf 75' lang='lat' dir='ltr'><strong>operibus</strong></span> 
     </span>
    </p>
   </div>
   <div class='ocr_carea' id='block_1_78' title="bbox 2000 3725 3593 3818">
    <p class='ocr_par' dir='ltr' id='par_1_78' title="bbox 2000 3725 3593 3818">
     <span class='ocr_line' id='line_1_78' title="bbox 2000 3725 3593 3818; baseline -0.018 -9"><span class='ocrx_word' id='word_1_602' title='bbox 2000 3725 2319 3809; x_wconf 80' lang='lat' dir='ltr'><strong>mordendis</strong></span> <span class='ocrx_word' id='word_1_603' title='bbox 2344 3743 2766 3818; x_wconf 76' lang='lat' dir='ltr'><strong>iudicandisque</strong></span> <span class='ocrx_word' id='word_1_604' title='bbox 2791 3737 3176 3807; x_wconf 88' lang='lat' dir='ltr'><strong>occupabitur.</strong></span> <span class='ocrx_word' id='word_1_605' title='bbox 3226 3732 3409 3798; x_wconf 86' lang='lat' dir='ltr'><strong>Quare</strong></span> <span class='ocrx_word' id='word_1_606' title='bbox 3449 3725 3593 3818; x_wconf 86' lang='lat' dir='ltr'><strong>nihil</strong></span> 
     </span>
    </p>
   </div>
   <div class='ocr_carea' id='block_1_79' title="bbox 2012 3817 3593 3909">
    <p class='ocr_par' dir='ltr' id='par_1_79' title="bbox 2012 3817 3593 3909">
     <span class='ocr_line' id='line_1_79' title="bbox 2012 3817 3593 3909; baseline -0.016 -12"><span class='ocrx_word' id='word_1_607' title='bbox 2012 3842 2153 3896; x_wconf 87' lang='lat' dir='ltr'><strong>adeo</strong></span> <span class='ocrx_word' id='word_1_608' title='bbox 2185 3817 2450 3909; x_wconf 86' lang='lat' dir='ltr'><strong>provocat</strong></span> <span class='ocrx_word' id='word_1_609' title='bbox 2477 3834 2671 3898; x_wconf 90' lang='lat' dir='ltr'><strong>Deum,</strong></span> <span class='ocrx_word' id='word_1_610' title='bbox 2704 3828 2842 3884; x_wconf 88' lang='lat' dir='ltr'><strong>nihil</strong></span> <span class='ocrx_word' id='word_1_611' title='bbox 2872 3826 3008 3882; x_wconf 87' lang='lat' dir='ltr'><strong>adeo</strong></span> <span class='ocrx_word' id='word_1_612' title='bbox 3040 3823 3336 3907; x_wconf 84' lang='lat' dir='ltr'><strong>hominem</strong></span> <span class='ocrx_word' id='word_1_613' title='bbox 3389 3817 3593 3889; x_wconf 84' lang='lat' dir='ltr'><strong>spoliat</strong></span> 
     </span>
    </p>
   </div>
   <div class='ocr_carea' id='block_1_80' title="bbox 2001 3909 3590 3994">
    <p class='ocr_par' dir='ltr' id='par_1_80' title="bbox 2001 3909 3590 3994">
     <span class='ocr_line' id='line_1_80' title="bbox 2001 3909 3590 3994; baseline -0.014 -8"><span class='ocrx_word' id='word_1_614' title='bbox 2001 3939 2056 3987; x_wconf 91' lang='lat' dir='ltr'><strong>et</strong></span> <span class='ocrx_word' id='word_1_615' title='bbox 2085 3930 2189 3985; x_wconf 87' lang='lat' dir='ltr'><strong>fert</strong></span> <span class='ocrx_word' id='word_1_616' title='bbox 2218 3929 2272 3982; x_wconf 92' lang='lat' dir='ltr'><strong>in</strong></span> <span class='ocrx_word' id='word_1_617' title='bbox 2309 3916 2647 3994; x_wconf 77' lang='lat' dir='ltr'><strong>ambiguum,</strong></span> <span class='ocrx_word' id='word_1_618' title='bbox 2702 3930 2763 3975; x_wconf 89' lang='lat' dir='ltr'><strong>ut</strong></span> <span class='ocrx_word' id='word_1_619' title='bbox 2810 3912 3054 3986; x_wconf 85' lang='lat' dir='ltr'><strong>obloqui,</strong></span> <span class='ocrx_word' id='word_1_620' title='bbox 3093 3921 3156 3969; x_wconf 88' lang='lat' dir='ltr'><strong>ut</strong></span> <span class='ocrx_word' id='word_1_621' title='bbox 3202 3909 3590 3975; x_wconf 86' lang='lat' dir='ltr'><strong>condemnare,</strong></span> 
     </span>
    </p>
   </div>
   <div class='ocr_carea' id='block_1_81' title="bbox 2005 4013 2713 4089">
    <p class='ocr_par' dir='ltr' id='par_1_81' title="bbox 2005 4013 2713 4089">
     <span class='ocr_line' id='line_1_81' title="bbox 2005 4013 2713 4089; baseline -0.013 -14"><span class='ocrx_word' id='word_1_622' title='bbox 2005 4028 2066 4075; x_wconf 90' lang='lat' dir='ltr'><strong>ut</strong></span> <span class='ocrx_word' id='word_1_623' title='bbox 2089 4029 2350 4089; x_wconf 86' lang='lat' dir='ltr'><strong>spernere</strong></span> <span class='ocrx_word' id='word_1_624' title='bbox 2377 4013 2713 4084; x_wconf 66' lang='lat' dir='ltr'><strong>proximum;</strong></span> 
     </span>
    </p>
   </div>
   <div class='ocr_carea' id='block_1_82' title="bbox 2077 4091 3590 4169">
    <p class='ocr_par' dir='ltr' id='par_1_82' title="bbox 2077 4091 3590 4169">
     <span class='ocr_line' id='line_1_82' title="bbox 2077 4091 3590 4169; baseline -0.016 -3"><span class='ocrx_word' id='word_1_625' title='bbox 2077 4109 2143 4166; x_wconf 90' lang='lat' dir='ltr'><strong>ll.</strong></span> <span class='ocrx_word' id='word_1_626' title='bbox 2183 4107 2342 4163; x_wconf 86' lang='lat' dir='ltr'><strong>Aliud</strong></span> <span class='ocrx_word' id='word_1_627' title='bbox 2382 4113 2565 4160; x_wconf 90' lang='lat' dir='ltr'><strong>autem</strong></span> <span class='ocrx_word' id='word_1_628' title='bbox 2600 4109 2685 4157; x_wconf 85' lang='lat' dir='ltr'><strong>est</strong></span> <span class='ocrx_word' id='word_1_629' title='bbox 2712 4097 2958 4169; x_wconf 89' lang='lat' dir='ltr'><strong>obloqui,</strong></span> <span class='ocrx_word' id='word_1_630' title='bbox 2999 4094 3147 4151; x_wconf 86' lang='lat' dir='ltr'><strong>aliud</strong></span> <span class='ocrx_word' id='word_1_631' title='bbox 3199 4091 3590 4154; x_wconf 79' lang='lat' dir='ltr'><strong>condemnare,</strong></span> 
     </span>
    </p>
   </div>
   <div class='ocr_carea' id='block_1_83' title="bbox 326 4179 1906 4280">
    <p class='ocr_par' dir='ltr' id='par_1_83' title="bbox 326 4179 1904 4280">
     <span class='ocr_line' id='line_1_83' title="bbox 326 4179 1904 4280; baseline 0.008 -30"><span class='ocrx_word' id='word_1_632' title='bbox 326 4198 674 4263; x_wconf 82' lang='grc' dir='ltr'>κατακρῖναι,</span> <span class='ocrx_word' id='word_1_633' title='bbox 690 4198 785 4250; x_wconf 75' lang='grc' dir='ltr'>καὶ</span> <span class='ocrx_word' id='word_1_634' title='bbox 808 4198 936 4252; x_wconf 77' lang='grc' dir='ltr'>ἄλλο</span> <span class='ocrx_word' id='word_1_635' title='bbox 964 4199 1026 4254; x_wconf 86' lang='grc' dir='ltr'><strong>τὸ</strong></span> <span class='ocrx_word' id='word_1_636' title='bbox 1046 4179 1421 4269; x_wconf 68' lang='grc' dir='ltr'>ὲξουδενῶσαι.</span> <span class='ocrx_word' id='word_1_637' title='bbox 1442 4204 1904 4280; x_wconf 85' lang='grc' dir='ltr'>Τὸκαταλαλῆσαί</span> 
     </span>
    </p>
   </div>
   <div class='ocr_carea' id='block_1_84' title="bbox 2011 4179 3594 4280">
    <p class='ocr_par' dir='ltr' id='par_1_84' title="bbox 2011 4179 3594 4262">
     <span class='ocr_line' id='line_1_84' title="bbox 2011 4179 3594 4262; baseline -0.015 -5"><span class='ocrx_word' id='word_1_638' title='bbox 2011 4200 2157 4258; x_wconf 85' lang='lat' dir='ltr'><strong>aliud</strong></span> <span class='ocrx_word' id='word_1_639' title='bbox 2190 4198 2538 4256; x_wconf 83' lang='lat' dir='ltr'><strong>contendere.</strong></span> <span class='ocrx_word' id='word_1_640' title='bbox 2565 4192 2801 4262; x_wconf 88' lang='lat' dir='ltr'><strong>Obloqui</strong></span> <span class='ocrx_word' id='word_1_641' title='bbox 2832 4187 3055 4261; x_wconf 90' lang='lat' dir='ltr'><strong>quidem</strong></span> <span class='ocrx_word' id='word_1_642' title='bbox 3083 4194 3188 4251; x_wconf 88' lang='lat' dir='ltr'><strong>est,</strong></span> <span class='ocrx_word' id='word_1_643' title='bbox 3241 4180 3452 4254; x_wconf 88' lang='lat' dir='ltr'><strong>aliquid</strong></span> <span class='ocrx_word' id='word_1_644' title='bbox 3505 4179 3594 4236; x_wconf 88' lang='lat' dir='ltr'><strong>di-</strong></span> 
     </span>
    </p>
   </div>
   <div class='ocr_carea' id='block_1_85' title="bbox 325 4268 1906 4372">
    <p class='ocr_par' dir='ltr' id='par_1_85' title="bbox 325 4268 1906 4372">
     <span class='ocr_line' id='line_1_85' title="bbox 325 4268 1906 4372; baseline 0.01 -33"><span class='ocrx_word' id='word_1_645' title='bbox 325 4288 471 4349; x_wconf 74' lang='grc' dir='ltr'>ἐστι,</span> <span class='ocrx_word' id='word_1_646' title='bbox 500 4287 561 4341; x_wconf 82' lang='grc' dir='ltr'><strong>τὸ</strong></span> <span class='ocrx_word' id='word_1_647' title='bbox 588 4288 762 4341; x_wconf 77' lang='grc' dir='ltr'>εἰπεῖν</span> <span class='ocrx_word' id='word_1_648' title='bbox 786 4289 930 4344; x_wconf 86' lang='grc' dir='ltr'>κατά</span> <span class='ocrx_word' id='word_1_649' title='bbox 948 4268 1113 4360; x_wconf 80' lang='grc' dir='ltr'>τινος,</span> <span class='ocrx_word' id='word_1_650' title='bbox 1129 4293 1525 4364; x_wconf 60' lang='lat' dir='ltr'><strong>summm</strong></span> <span class='ocrx_word' id='word_1_651' title='bbox 1551 4298 1581 4350; x_wconf 80' lang='grc' dir='ltr'>ὁ</span> <span class='ocrx_word' id='word_1_652' title='bbox 1596 4268 1809 4372; x_wconf 51' lang='grc' dir='ltr'>δεῖναῄί</span> <span class='ocrx_word' id='word_1_653' title='bbox 1824 4301 1906 4355; x_wconf 78' lang='grc' dir='ltr'><strong>ὅτι</strong></span> 
     </span>
    </p>
   </div>
   <div class='ocr_carea' id='block_1_86' title="bbox 2011 4268 3597 4372">
    <p class='ocr_par' dir='ltr' id='par_1_86' title="bbox 2011 4268 3597 4356">
     <span class='ocr_line' id='line_1_86' title="bbox 2011 4268 3597 4356; baseline -0.016 -7"><span class='ocrx_word' id='word_1_654' title='bbox 2011 4306 2131 4349; x_wconf 85' lang='lat' dir='ltr'><strong>cere</strong></span> <span class='ocrx_word' id='word_1_655' title='bbox 2162 4290 2423 4346; x_wconf 85' lang='lat' dir='ltr'><strong>adversus</strong></span> <span class='ocrx_word' id='word_1_656' title='bbox 2466 4283 2817 4356; x_wconf 88' lang='lat' dir='ltr'><strong>quempiam;</strong></span> <span class='ocrx_word' id='word_1_657' title='bbox 2850 4276 3078 4349; x_wconf 89' lang='lat' dir='ltr'><strong>utquod</strong></span> <span class='ocrx_word' id='word_1_658' title='bbox 3116 4274 3401 4339; x_wconf 86' lang='lat' dir='ltr'><strong>mentitus,</strong></span> <span class='ocrx_word' id='word_1_659' title='bbox 3447 4268 3597 4342; x_wconf 89' lang='lat' dir='ltr'><strong>quod</strong></span> 
     </span>
    </p>
   </div>
   <div class='ocr_carea' id='block_1_87' title="bbox 328 4362 1906 4463">
    <p class='ocr_par' dir='ltr' id='par_1_87' title="bbox 328 4362 1906 4463">
     <span class='ocr_line' id='line_1_87' title="bbox 328 4362 1906 4463; baseline 0.012 -37"><span class='ocrx_word' id='word_1_660' title='bbox 328 4375 658 4447; x_wconf 79' lang='grc' dir='ltr'>ὠργίσθη,ἢ</span> <span class='ocrx_word' id='word_1_661' title='bbox 692 4376 774 4430; x_wconf 83' lang='grc' dir='ltr'>ὅτι</span> <span class='ocrx_word' id='word_1_662' title='bbox 813 4379 1161 4450; x_wconf 81' lang='grc' dir='ltr'>ὲπόρνευσεν,</span> <span class='ocrx_word' id='word_1_663' title='bbox 1194 4383 1229 4455; x_wconf 71' lang='grc' dir='ltr'>ἦ</span> <span class='ocrx_word' id='word_1_664' title='bbox 1263 4362 1315 4437; x_wconf 82' lang='grc' dir='ltr'><strong>τι</strong></span> <span class='ocrx_word' id='word_1_665' title='bbox 1345 4387 1603 4443; x_wconf 79' lang='grc' dir='ltr'>τοιοῦτον.</span> <span class='ocrx_word' id='word_1_666' title='bbox 1637 4362 1777 4462; x_wconf 79' lang='grc' dir='ltr'>Ἤδη</span> <span class='ocrx_word' id='word_1_667' title='bbox 1795 4362 1906 4463; x_wconf 67' lang='grc' dir='ltr'>γὰρ</span> 
     </span>
    </p>
   </div>
   <div class='ocr_carea' id='block_1_88' title="bbox 2011 4362 3596 4463">
    <p class='ocr_par' dir='ltr' id='par_1_88' title="bbox 2012 4362 3596 4452">
     <span class='ocr_line' id='line_1_88' title="bbox 2012 4362 3596 4452; baseline -0.016 -12"><span class='ocrx_word' id='word_1_668' title='bbox 2012 4385 2205 4449; x_wconf 84' lang='lat' dir='ltr'><strong>iratus,</strong></span> <span class='ocrx_word' id='word_1_669' title='bbox 2239 4379 2384 4452; x_wconf 89' lang='lat' dir='ltr'><strong>quod</strong></span> <span class='ocrx_word' id='word_1_670' title='bbox 2414 4378 2719 4434; x_wconf 82' lang='lat' dir='ltr'><strong>fornicatus</strong></span> <span class='ocrx_word' id='word_1_671' title='bbox 2776 4373 2868 4440; x_wconf 91' lang='lat' dir='ltr'><strong>sit,</strong></span> <span class='ocrx_word' id='word_1_672' title='bbox 2894 4371 2980 4426; x_wconf 88' lang='lat' dir='ltr'><strong>vel</strong></span> <span class='ocrx_word' id='word_1_673' title='bbox 3009 4368 3290 4441; x_wconf 87' lang='lat' dir='ltr'><strong>quidpiam</strong></span> <span class='ocrx_word' id='word_1_674' title='bbox 3321 4362 3465 4420; x_wconf 88' lang='lat' dir='ltr'><strong>aliud</strong></span> <span class='ocrx_word' id='word_1_675' title='bbox 3488 4362 3596 4417; x_wconf 85' lang='lat' dir='ltr'><strong>hu-</strong></span> 
     </span>
    </p>
   </div>
   <div class='ocr_carea' id='block_1_89' title="bbox 329 4454 1906 4553">
    <p class='ocr_par' dir='ltr' id='par_1_89' title="bbox 329 4454 1906 4553">
     <span class='ocr_line' id='line_1_89' title="bbox 329 4454 1906 4553; baseline 0.01 -32"><span class='ocrx_word' id='word_1_676' title='bbox 329 4467 700 4537; x_wconf 82' lang='grc' dir='ltr'>κατελὰλησεν</span> <span class='ocrx_word' id='word_1_677' title='bbox 727 4468 916 4535; x_wconf 80' lang='grc' dir='ltr'>αὑτοῦ,</span> <span class='ocrx_word' id='word_1_678' title='bbox 941 4473 1126 4541; x_wconf 74' lang='grc' dir='ltr'>οἱονεὶ,</span> <span class='ocrx_word' id='word_1_679' title='bbox 1155 4454 1384 4547; x_wconf 68' lang='grc' dir='ltr'>ὲλᾶλησε</span> <span class='ocrx_word' id='word_1_680' title='bbox 1417 4480 1539 4532; x_wconf 83' lang='grc' dir='ltr'>κατ’</span> <span class='ocrx_word' id='word_1_681' title='bbox 1588 4454 1777 4535; x_wconf 42' lang='grc' dir='ltr'>αὐτοῦ.</span> <span class='ocrx_word' id='word_1_682' title='bbox 1808 4454 1906 4553; x_wconf 44' lang='grc' dir='ltr'><strong>ἐμ,-</strong></span> 
     </span>
    </p>
   </div>
   <div class='ocr_carea' id='block_1_90' title="bbox 2011 4454 3601 4553">
    <p class='ocr_par' dir='ltr' id='par_1_90' title="bbox 2011 4454 3601 4550">
     <span class='ocr_line' id='line_1_90' title="bbox 2011 4454 3601 4550; baseline -0.016 -17"><span class='ocrx_word' id='word_1_683' title='bbox 2011 4474 2336 4550; x_wconf 89' lang='lat' dir='ltr'><strong>juseemodi.</strong></span> <span class='ocrx_word' id='word_1_684' title='bbox 2367 4473 2506 4527; x_wconf 86' lang='lat' dir='ltr'><strong>Ecce</strong></span> <span class='ocrx_word' id='word_1_685' title='bbox 2526 4469 2810 4541; x_wconf 85' lang='lat' dir='ltr'><strong>peccatum</strong></span> <span class='ocrx_word' id='word_1_686' title='bbox 2836 4464 2957 4535; x_wconf 87' lang='lat' dir='ltr'><strong>ejus</strong></span> <span class='ocrx_word' id='word_1_687' title='bbox 2983 4458 3226 4533; x_wconf 88' lang='lat' dir='ltr'><strong>prodidit</strong></span> <span class='ocrx_word' id='word_1_688' title='bbox 3278 4466 3333 4513; x_wconf 91' lang='lat' dir='ltr'><strong>et</strong></span> <span class='ocrx_word' id='word_1_689' title='bbox 3363 4454 3601 4526; x_wconf 81' lang='lat' dir='ltr'><strong>disposi-</strong></span> 
     </span>
    </p>
   </div>
   <div class='ocr_carea' id='block_1_91' title="bbox 331 4559 1912 4642">
    <p class='ocr_par' dir='ltr' id='par_1_91' title="bbox 331 4559 1912 4642">
     <span class='ocr_line' id='line_1_91' title="bbox 331 4559 1912 4642; baseline 0.011 -29"><span class='ocrx_word' id='word_1_690' title='bbox 331 4559 523 4624; x_wconf 82' lang='grc' dir='ltr'>παθῶς</span> <span class='ocrx_word' id='word_1_691' title='bbox 540 4560 601 4614; x_wconf 80' lang='grc' dir='ltr'><strong>τὸ</strong></span> <span class='ocrx_word' id='word_1_692' title='bbox 616 4562 920 4634; x_wconf 81' lang='grc' dir='ltr'>ἁμάρτημα</span> <span class='ocrx_word' id='word_1_693' title='bbox 945 4565 1131 4621; x_wconf 79' lang='grc' dir='ltr'>αὐτοῦ.</span> <span class='ocrx_word' id='word_1_694' title='bbox 1158 4566 1231 4621; x_wconf 84' lang='grc' dir='ltr'>Τὸ</span> <span class='ocrx_word' id='word_1_695' title='bbox 1250 4568 1308 4622; x_wconf 79' lang='grc' dir='ltr'><strong>δὲ</strong></span> <span class='ocrx_word' id='word_1_696' title='bbox 1335 4575 1681 4642; x_wconf 86' lang='grc' dir='ltr'>κατακρῖναι,</span> <span class='ocrx_word' id='word_1_697' title='bbox 1704 4574 1822 4627; x_wconf 72' lang='grc' dir='ltr'>ἐστὶ</span> <span class='ocrx_word' id='word_1_698' title='bbox 1850 4575 1912 4630; x_wconf 83' lang='grc' dir='ltr'>τὸ</span> 
     </span>
    </p>
   </div>
   <div class='ocr_carea' id='block_1_92' title="bbox 330 4653 1913 4736">
    <p class='ocr_par' dir='ltr' id='par_1_92' title="bbox 330 4653 1913 4736">
     <span class='ocr_line' id='line_1_92' title="bbox 330 4653 1913 4736; baseline 0.009 -32"><span class='ocrx_word' id='word_1_699' title='bbox 330 4654 528 4716; x_wconf 78' lang='grc' dir='ltr'>εἰπεῖν,</span> <span class='ocrx_word' id='word_1_700' title='bbox 543 4653 625 4706; x_wconf 84' lang='grc' dir='ltr'>ὅτι</span> <span class='ocrx_word' id='word_1_701' title='bbox 636 4654 695 4706; x_wconf 87' lang='lat'><strong>&#39;0</strong></span> <span class='ocrx_word' id='word_1_702' title='bbox 706 4655 855 4709; x_wconf 86' lang='grc' dir='ltr'>δεῖνα</span> <span class='ocrx_word' id='word_1_703' title='bbox 865 4656 966 4726; x_wconf 56' lang='grc' dir='ltr'><strong>φεύ</strong></span> <span class='ocrx_word' id='word_1_704' title='bbox 974 4674 1106 4729; x_wconf 85' lang='grc' dir='ltr'>στης</span> <span class='ocrx_word' id='word_1_705' title='bbox 1118 4658 1288 4724; x_wconf 66' lang='grc' dir='ltr'>ἐστὶν,</span> <span class='ocrx_word' id='word_1_706' title='bbox 1301 4659 1516 4734; x_wconf 81' lang='grc' dir='ltr'>ὀργίλος</span> <span class='ocrx_word' id='word_1_707' title='bbox 1533 4663 1700 4730; x_wconf 74' lang='grc' dir='ltr'>ἐστὶν,</span> <span class='ocrx_word' id='word_1_708' title='bbox 1716 4665 1913 4736; x_wconf 81' lang='grc' dir='ltr'>πόρνος</span> 
     </span>
    </p>
   </div>
   <div class='ocr_carea' id='block_1_93' title="bbox 331 4742 1912 4828">
    <p class='ocr_par' dir='ltr' id='par_1_93' title="bbox 331 4742 1912 4828">
     <span class='ocr_line' id='line_1_93' title="bbox 331 4742 1912 4828; baseline 0.011 -33"><span class='ocrx_word' id='word_1_709' title='bbox 331 4742 503 4797; x_wconf 82' lang='grc' dir='ltr'>ἐστίν.</span> <span class='ocrx_word' id='word_1_710' title='bbox 561 4745 687 4798; x_wconf 86' lang='grc' dir='ltr'><strong>Ἰδοὺ</strong></span> <span class='ocrx_word' id='word_1_711' title='bbox 717 4746 825 4815; x_wconf 83' lang='grc' dir='ltr'>γὰρ</span> <span class='ocrx_word' id='word_1_712' title='bbox 857 4748 1177 4821; x_wconf 81' lang='grc' dir='ltr'>κατέκρινεν</span> <span class='ocrx_word' id='word_1_713' title='bbox 1207 4751 1375 4823; x_wconf 81' lang='grc' dir='ltr'>αὐτὴν</span> <span class='ocrx_word' id='word_1_714' title='bbox 1411 4755 1511 4824; x_wconf 81' lang='grc' dir='ltr'>τὴν</span> <span class='ocrx_word' id='word_1_715' title='bbox 1535 4755 1777 4811; x_wconf 79' lang='grc' dir='ltr'>διάθεσιν</span> <span class='ocrx_word' id='word_1_716' title='bbox 1808 4758 1912 4828; x_wconf 85' lang='grc' dir='ltr'>τῆς</span> 
     </span>
    </p>
   </div>
   <div class='ocr_carea' id='block_1_94' title="bbox 331 4835 1911 4916">
    <p class='ocr_par' dir='ltr' id='par_1_94' title="bbox 331 4835 1911 4916">
     <span class='ocr_line' id='line_1_94' title="bbox 331 4835 1911 4916; baseline 0.011 -30"><span class='ocrx_word' id='word_1_717' title='bbox 331 4835 514 4906; x_wconf 72' lang='grc' dir='ltr'>ψυχῆς</span> <span class='ocrx_word' id='word_1_718' title='bbox 544 4836 733 4901; x_wconf 80' lang='grc' dir='ltr'>αὐτοῦ,</span> <span class='ocrx_word' id='word_1_719' title='bbox 791 4839 885 4892; x_wconf 77' lang='grc' dir='ltr'><strong>καὶ</strong></span> <span class='ocrx_word' id='word_1_720' title='bbox 930 4840 1248 4912; x_wconf 83' lang='grc' dir='ltr'>ἀπεφήνατο</span> <span class='ocrx_word' id='word_1_721' title='bbox 1285 4844 1426 4898; x_wconf 82' lang='grc' dir='ltr'>κατὰ</span> <span class='ocrx_word' id='word_1_722' title='bbox 1470 4845 1595 4900; x_wconf 84' lang='grc' dir='ltr'>ὅλου</span> <span class='ocrx_word' id='word_1_723' title='bbox 1647 4848 1743 4901; x_wconf 86' lang='grc' dir='ltr'>τοῦ</span> <span class='ocrx_word' id='word_1_724' title='bbox 1797 4848 1911 4916; x_wconf 87' lang='grc' dir='ltr'>βίου</span> 
     </span>
    </p>
   </div>
   <div class='ocr_carea' id='block_1_95' title="bbox 331 4926 1914 5008">
    <p class='ocr_par' dir='ltr' id='par_1_95' title="bbox 331 4926 1914 5008">
     <span class='ocr_line' id='line_1_95' title="bbox 331 4926 1914 5008; baseline 0.01 -30"><span class='ocrx_word' id='word_1_725' title='bbox 331 4926 525 4990; x_wconf 81' lang='grc' dir='ltr'>αὐτοῦ,</span> <span class='ocrx_word' id='word_1_726' title='bbox 556 4926 731 4995; x_wconf 79' lang='grc' dir='ltr'>λέγων</span> <span class='ocrx_word' id='word_1_727' title='bbox 762 4929 846 4983; x_wconf 82' lang='grc' dir='ltr'>ὅτι</span> <span class='ocrx_word' id='word_1_728' title='bbox 874 4930 1081 4984; x_wconf 82' lang='grc' dir='ltr'>τοῖόσδε</span> <span class='ocrx_word' id='word_1_729' title='bbox 1108 4932 1247 4995; x_wconf 77' lang='grc' dir='ltr'>ἐστὶ,</span> <span class='ocrx_word' id='word_1_730' title='bbox 1272 4934 1370 4988; x_wconf 74' lang='lat' dir='ltr'><strong>xal</strong></span> <span class='ocrx_word' id='word_1_731' title='bbox 1400 4936 1722 5008; x_wconf 87' lang='grc' dir='ltr'>κατέκρινεν</span> <span class='ocrx_word' id='word_1_732' title='bbox 1750 4940 1914 4994; x_wconf 72' lang='grc' dir='ltr'>αὐτὸν</span> 
     </span>
    </p>
   </div>
   <div class='ocr_carea' id='block_1_96' title="bbox 330 5016 1915 5101">
    <p class='ocr_par' dir='ltr' id='par_1_96' title="bbox 330 5016 1915 5101">
     <span class='ocr_line' id='line_1_96' title="bbox 330 5016 1915 5101; baseline 0.01 -33"><span class='ocrx_word' id='word_1_733' title='bbox 330 5017 412 5080; x_wconf 82' lang='grc' dir='ltr'>ὡς</span> <span class='ocrx_word' id='word_1_734' title='bbox 436 5016 702 5071; x_wconf 79' lang='grc' dir='ltr'>τοιοῦτον.</span> <span class='ocrx_word' id='word_1_735' title='bbox 732 5019 842 5072; x_wconf 85' lang='lat' dir='ltr'><strong>Kal</strong></span> <span class='ocrx_word' id='word_1_736' title='bbox 871 5021 987 5075; x_wconf 75' lang='grc' dir='ltr'>ἔστι</span> <span class='ocrx_word' id='word_1_737' title='bbox 1013 5021 1151 5093; x_wconf 77' lang='grc' dir='ltr'>βαρὺ</span> <span class='ocrx_word' id='word_1_738' title='bbox 1180 5026 1433 5096; x_wconf 79' lang='grc' dir='ltr'>πρᾶγμα.</span> <span class='ocrx_word' id='word_1_739' title='bbox 1468 5029 1631 5082; x_wconf 70' lang='grc' dir='ltr'>’Ἄλλο</span> <span class='ocrx_word' id='word_1_740' title='bbox 1660 5031 1770 5101; x_wconf 83' lang='grc' dir='ltr'><strong>γάρ</strong></span> <span class='ocrx_word' id='word_1_741' title='bbox 1800 5033 1915 5084; x_wconf 80' lang='grc' dir='ltr'>ἐστι</span> 
     </span>
    </p>
   </div>
   <div class='ocr_carea' id='block_1_97' title="bbox 330 5108 1916 5193">
    <p class='ocr_par' dir='ltr' id='par_1_97' title="bbox 330 5108 1916 5193">
     <span class='ocr_line' id='line_1_97' title="bbox 330 5108 1916 5193; baseline 0.01 -32"><span class='ocrx_word' id='word_1_742' title='bbox 330 5108 398 5161; x_wconf 81' lang='grc' dir='ltr'><strong>τὸ</strong></span> <span class='ocrx_word' id='word_1_743' title='bbox 425 5109 620 5173; x_wconf 73' lang='grc' dir='ltr'>εἰπεῖν,</span> <span class='ocrx_word' id='word_1_744' title='bbox 646 5110 948 5182; x_wconf 23' lang='grc' dir='ltr'>ιὨρείίσθη,</span> <span class='ocrx_word' id='word_1_745' title='bbox 981 5114 1077 5168; x_wconf 78' lang='grc' dir='ltr'>καὶ</span> <span class='ocrx_word' id='word_1_746' title='bbox 1103 5115 1254 5180; x_wconf 83' lang='grc' dir='ltr'>ἄλλο,</span> <span class='ocrx_word' id='word_1_747' title='bbox 1284 5117 1344 5170; x_wconf 83' lang='grc' dir='ltr'>τὸ</span> <span class='ocrx_word' id='word_1_748' title='bbox 1373 5119 1551 5173; x_wconf 77' lang='grc' dir='ltr'>εἰπεῖν</span> <span class='ocrx_word' id='word_1_749' title='bbox 1590 5121 1672 5175; x_wconf 87' lang='grc' dir='ltr'>ὅτι</span> <span class='ocrx_word' id='word_1_750' title='bbox 1700 5123 1916 5193; x_wconf 81' lang='grc' dir='ltr'>ὀργίλος</span> 
     </span>
    </p>
   </div>
   <div class='ocr_carea' id='block_1_98' title="bbox 333 5200 1915 5285">
    <p class='ocr_par' dir='ltr' id='par_1_98' title="bbox 333 5200 1915 5285">
     <span class='ocr_line' id='line_1_98' title="bbox 333 5200 1915 5285; baseline 0.01 -32"><span class='ocrx_word' id='word_1_751' title='bbox 333 5200 478 5264; x_wconf 71' lang='grc' dir='ltr'>ἐστὶ,</span> <span class='ocrx_word' id='word_1_752' title='bbox 513 5202 605 5252; x_wconf 74' lang='grc' dir='ltr'><strong>καὶ</strong></span> <span class='ocrx_word' id='word_1_753' title='bbox 637 5201 1038 5273; x_wconf 82' lang='grc' dir='ltr'>ἀποφήνασθαι,</span> <span class='ocrx_word' id='word_1_754' title='bbox 1088 5204 1164 5268; x_wconf 84' lang='grc' dir='ltr'>ὡς</span> <span class='ocrx_word' id='word_1_755' title='bbox 1208 5203 1385 5274; x_wconf 81' lang='grc' dir='ltr'>εἷπον,</span> <span class='ocrx_word' id='word_1_756' title='bbox 1427 5210 1548 5263; x_wconf 83' lang='grc' dir='ltr'>κατ’</span> <span class='ocrx_word' id='word_1_757' title='bbox 1579 5212 1754 5282; x_wconf 84' lang='grc' dir='ltr'>αὐτῆς</span> <span class='ocrx_word' id='word_1_758' title='bbox 1784 5214 1915 5285; x_wconf 83' lang='grc' dir='ltr'><strong>ὅλης</strong></span> 
     </span>
    </p>
   </div>
   <div class='ocr_carea' id='block_1_99' title="bbox 334 5289 1915 5375">
    <p class='ocr_par' dir='ltr' id='par_1_99' title="bbox 334 5289 1915 5375">
     <span class='ocr_line' id='line_1_99' title="bbox 334 5289 1915 5375; baseline 0.012 -34"><span class='ocrx_word' id='word_1_759' title='bbox 334 5290 439 5359; x_wconf 85' lang='grc' dir='ltr'>τῆς</span> <span class='ocrx_word' id='word_1_760' title='bbox 467 5289 613 5362; x_wconf 79' lang='grc' dir='ltr'><strong>ζωῆς</strong></span> <span class='ocrx_word' id='word_1_761' title='bbox 647 5292 833 5348; x_wconf 72' lang='grc' dir='ltr'>αὐτοῦ.</span> <span class='ocrx_word' id='word_1_762' title='bbox 879 5295 990 5348; x_wconf 84' lang='lat' dir='ltr'><strong>Kal</strong></span> <span class='ocrx_word' id='word_1_763' title='bbox 1016 5296 1268 5352; x_wconf 81' lang='grc' dir='ltr'>τοσοῦτόν</span> <span class='ocrx_word' id='word_1_764' title='bbox 1318 5301 1435 5354; x_wconf 80' lang='grc' dir='ltr'>ἐστι</span> <span class='ocrx_word' id='word_1_765' title='bbox 1466 5302 1606 5375; x_wconf 78' lang='grc' dir='ltr'>βαρὺ</span> <span class='ocrx_word' id='word_1_766' title='bbox 1651 5304 1711 5357; x_wconf 80' lang='grc' dir='ltr'>τὸ</span> <span class='ocrx_word' id='word_1_767' title='bbox 1744 5322 1915 5359; x_wconf 82' lang='grc' dir='ltr'>κατα-</span> 
     </span>
    </p>
   </div>
   <div class='ocr_carea' id='block_1_100' title="bbox 337 5383 1917 5459">
    <p class='ocr_par' dir='ltr' id='par_1_100' title="bbox 337 5383 1917 5459">
     <span class='ocr_line' id='line_1_100' title="bbox 337 5383 1917 5459; baseline 0.011 -24"><span class='ocrx_word' id='word_1_768' title='bbox 337 5384 525 5451; x_wconf 88' lang='grc' dir='ltr'>κρῖναι</span> <span class='ocrx_word' id='word_1_769' title='bbox 582 5383 723 5454; x_wconf 79' lang='grc' dir='ltr'>ὑπὲρ</span> <span class='ocrx_word' id='word_1_770' title='bbox 780 5385 1017 5457; x_wconf 79' lang='grc' dir='ltr'>ἑκάστην</span> <span class='ocrx_word' id='word_1_771' title='bbox 1071 5388 1366 5459; x_wconf 82' lang='grc' dir='ltr'>ἁμαρτίαν,</span> <span class='ocrx_word' id='word_1_772' title='bbox 1418 5391 1560 5447; x_wconf 84' lang='grc' dir='ltr'>ὥστε</span> <span class='ocrx_word' id='word_1_773' title='bbox 1609 5396 1773 5451; x_wconf 82' lang='grc' dir='ltr'>αὐτὸν</span> <span class='ocrx_word' id='word_1_774' title='bbox 1826 5400 1917 5452; x_wconf 88' lang='grc' dir='ltr'>τὸν</span> 
     </span>
    </p>
   </div>
   <div class='ocr_carea' id='block_1_101' title="bbox 340 5473 1919 5558">
    <p class='ocr_par' dir='ltr' id='par_1_101' title="bbox 340 5473 1919 5558">
     <span class='ocr_line' id='line_1_101' title="bbox 340 5473 1919 5558; baseline 0.012 -32"><span class='ocrx_word' id='word_1_775' title='bbox 340 5473 576 5543; x_wconf 75' lang='grc' dir='ltr'>Χριστὸν</span> <span class='ocrx_word' id='word_1_776' title='bbox 603 5475 815 5545; x_wconf 74' lang='grc' dir='ltr'>λέγειν*</span> <span class='ocrx_word' id='word_1_777' title='bbox 875 5477 1212 5548; x_wconf 78' lang='grc' dir='ltr'>’Υποκριτὰ,</span> <span class='ocrx_word' id='word_1_778' title='bbox 1258 5481 1482 5539; x_wconf 71' lang='grc' dir='ltr'>ἔκϐαλε</span> <span class='ocrx_word' id='word_1_779' title='bbox 1517 5485 1754 5558; x_wconf 77' lang='grc' dir='ltr'>πρῶτον</span> <span class='ocrx_word' id='word_1_780' title='bbox 1799 5489 1919 5557; x_wconf 79' lang='grc' dir='ltr'><strong>τὴν</strong></span> 
     </span>
    </p>
   </div>
   <div class='ocr_carea' id='block_1_102' title="bbox 430 5667 844 5746">
    <p class='ocr_par' dir='ltr' id='par_1_102' title="bbox 430 5667 844 5746">
     <span class='ocr_line' id='line_1_102' title="bbox 430 5667 844 5746; baseline 0.007 -12"><span class='ocrx_word' id='word_1_781' title='bbox 430 5667 453 5705; x_wconf 59' lang='grc' dir='ltr'><strong>δ’</strong></span> <span class='ocrx_word' id='word_1_782' title='bbox 475 5677 608 5734; x_wconf 88' lang='lat' dir='ltr'><strong>an.</strong></span> <span class='ocrx_word' id='word_1_783' title='bbox 648 5695 719 5746; x_wconf 69' lang='lat' dir='ltr'><strong>vn,</strong></span> <span class='ocrx_word' id='word_1_784' title='bbox 757 5681 844 5738; x_wconf 64' lang='lat' dir='ltr'><strong>d2.</strong></span> 
     </span>
    </p>
   </div>
   <div class='ocr_carea' id='block_1_103' title="bbox 2017 4546 3602 4625">
    <p class='ocr_par' dir='ltr' id='par_1_103' title="bbox 2017 4546 3602 4625">
     <span class='ocr_line' id='line_1_103' title="bbox 2017 4546 3602 4625; baseline -0.016 0"><span class='ocrx_word' id='word_1_785' title='bbox 2017 4546 2221 4625; x_wconf 79' lang='lat' dir='ltr'><strong>tionem</strong></span> <span class='ocrx_word' id='word_1_786' title='bbox 2251 4563 2423 4620; x_wconf 90' lang='lat' dir='ltr'><strong>animi</strong></span> <span class='ocrx_word' id='word_1_787' title='bbox 2450 4561 2557 4617; x_wconf 91' lang='lat' dir='ltr'><strong>sui.</strong></span> <span class='ocrx_word' id='word_1_788' title='bbox 2589 4556 2970 4615; x_wconf 86' lang='lat' dir='ltr'><strong>Condemnare</strong></span> <span class='ocrx_word' id='word_1_789' title='bbox 3002 4559 3188 4607; x_wconf 89' lang='lat' dir='ltr'><strong>autem</strong></span> <span class='ocrx_word' id='word_1_790' title='bbox 3251 4555 3357 4615; x_wconf 88' lang='lat' dir='ltr'><strong>est,</strong></span> <span class='ocrx_word' id='word_1_791' title='bbox 3418 4546 3602 4602; x_wconf 86' lang='lat' dir='ltr'><strong>dicere</strong></span> 
     </span>
    </p>
   </div>
   <div class='ocr_carea' id='block_1_104' title="bbox 2017 4639 3606 4731">
    <p class='ocr_par' dir='ltr' id='par_1_104' title="bbox 2017 4639 3606 4731">
     <span class='ocr_line' id='line_1_104' title="bbox 2017 4639 3606 4731; baseline -0.014 -15"><span class='ocrx_word' id='word_1_792' title='bbox 2017 4658 2164 4731; x_wconf 87' lang='lat' dir='ltr'><strong>quod</strong></span> <span class='ocrx_word' id='word_1_793' title='bbox 2193 4658 2319 4729; x_wconf 88' lang='lat' dir='ltr'><strong>quis</strong></span> <span class='ocrx_word' id='word_1_794' title='bbox 2348 4654 2576 4710; x_wconf 89' lang='lat' dir='ltr'><strong>mendax</strong></span> <span class='ocrx_word' id='word_1_795' title='bbox 2602 4652 2694 4716; x_wconf 89' lang='lat' dir='ltr'><strong>sit,</strong></span> <span class='ocrx_word' id='word_1_796' title='bbox 2719 4645 3038 4713; x_wconf 86' lang='lat' dir='ltr'><strong>iracundus,</strong></span> <span class='ocrx_word' id='word_1_797' title='bbox 3073 4642 3311 4699; x_wconf 89' lang='lat' dir='ltr'><strong>adulter.</strong></span> <span class='ocrx_word' id='word_1_798' title='bbox 3345 4639 3426 4697; x_wconf 87' lang='lat' dir='ltr'><strong>En</strong></span> <span class='ocrx_word' id='word_1_799' title='bbox 3451 4639 3606 4697; x_wconf 54' lang='lat' dir='ltr'><strong>dam.</strong></span> 
     </span>
    </p>
   </div>
   <div class='ocr_carea' id='block_1_105' title="bbox 2020 4739 3602 4818">
    <p class='ocr_par' dir='ltr' id='par_1_105' title="bbox 2020 4739 3602 4818">
     <span class='ocr_line' id='line_1_105' title="bbox 2020 4739 3602 4818; baseline -0.013 -11"><span class='ocrx_word' id='word_1_800' title='bbox 2020 4751 2168 4807; x_wconf 88' lang='lat' dir='ltr'><strong>navit</strong></span> <span class='ocrx_word' id='word_1_801' title='bbox 2193 4746 2610 4818; x_wconf 86' lang='lat' dir='ltr'><strong>dispositionem</strong></span> <span class='ocrx_word' id='word_1_802' title='bbox 2636 4742 2809 4813; x_wconf 90' lang='lat' dir='ltr'><strong>ipsam</strong></span> <span class='ocrx_word' id='word_1_803' title='bbox 2843 4739 3040 4794; x_wconf 67' lang='lat' dir='ltr'><strong>anima:</strong></span> <span class='ocrx_word' id='word_1_804' title='bbox 3094 4751 3228 4801; x_wconf 63' lang='lat' dir='ltr'><strong>suae,</strong></span> <span class='ocrx_word' id='word_1_805' title='bbox 3282 4743 3337 4791; x_wconf 91' lang='lat' dir='ltr'><strong>et</strong></span> <span class='ocrx_word' id='word_1_806' title='bbox 3383 4747 3602 4789; x_wconf 89' lang='lat' dir='ltr'><strong>omnem</strong></span> 
     </span>
    </p>
   </div>
   <div class='ocr_carea' id='block_1_106' title="bbox 2019 4830 3602 4914">
    <p class='ocr_par' dir='ltr' id='par_1_106' title="bbox 2019 4830 3602 4914">
     <span class='ocr_line' id='line_1_106' title="bbox 2019 4830 3602 4914; baseline -0.015 -15"><span class='ocrx_word' id='word_1_807' title='bbox 2019 4844 2140 4914; x_wconf 88' lang='lat' dir='ltr'><strong>ejus</strong></span> <span class='ocrx_word' id='word_1_808' title='bbox 2166 4842 2334 4896; x_wconf 80' lang='lat' dir='ltr'><strong>vitam</strong></span> <span class='ocrx_word' id='word_1_809' title='bbox 2365 4837 2598 4908; x_wconf 88' lang='lat' dir='ltr'><strong>aperuit,</strong></span> <span class='ocrx_word' id='word_1_810' title='bbox 2628 4834 2817 4891; x_wconf 91' lang='lat' dir='ltr'><strong>dicens</strong></span> <span class='ocrx_word' id='word_1_811' title='bbox 2840 4832 2985 4903; x_wconf 86' lang='lat' dir='ltr'><strong>quod</strong></span> <span class='ocrx_word' id='word_1_812' title='bbox 3011 4830 3135 4886; x_wconf 88' lang='lat' dir='ltr'><strong>talis</strong></span> <span class='ocrx_word' id='word_1_813' title='bbox 3169 4836 3288 4895; x_wconf 85' lang='lat' dir='ltr'><strong>est,</strong></span> <span class='ocrx_word' id='word_1_814' title='bbox 3323 4840 3451 4881; x_wconf 87' lang='lat' dir='ltr'><strong>nam</strong></span> <span class='ocrx_word' id='word_1_815' title='bbox 3478 4837 3602 4879; x_wconf 87' lang='lat' dir='ltr'><strong>eum</strong></span> 
     </span>
    </p>
   </div>
   <div class='ocr_carea' id='block_1_107' title="bbox 2021 4919 3606 4993">
    <p class='ocr_par' dir='ltr' id='par_1_107' title="bbox 2021 4919 3606 4993">
     <span class='ocr_line' id='line_1_107' title="bbox 2021 4919 3606 4993; baseline -0.015 -3"><span class='ocrx_word' id='word_1_816' title='bbox 2021 4935 2101 4990; x_wconf 92' lang='lat' dir='ltr'><strong>uti</strong></span> <span class='ocrx_word' id='word_1_817' title='bbox 2127 4935 2289 4989; x_wconf 87' lang='lat' dir='ltr'><strong>talem</strong></span> <span class='ocrx_word' id='word_1_818' title='bbox 2318 4929 2622 4987; x_wconf 85' lang='lat' dir='ltr'><strong>damnavit.</strong></span> <span class='ocrx_word' id='word_1_819' title='bbox 2651 4925 2809 4993; x_wconf 93' lang='lat' dir='ltr'><strong>Quod</strong></span> <span class='ocrx_word' id='word_1_820' title='bbox 2862 4938 2995 4979; x_wconf 87' lang='lat' dir='ltr'><strong>sane</strong></span> <span class='ocrx_word' id='word_1_821' title='bbox 3047 4919 3429 4993; x_wconf 74' lang='lat' dir='ltr'><strong>gravissimum</strong></span> <span class='ocrx_word' id='word_1_822' title='bbox 3479 4929 3606 4982; x_wconf 80' lang='lat' dir='ltr'><strong>pec-</strong></span> 
     </span>
    </p>
   </div>
   <div class='ocr_carea' id='block_1_108' title="bbox 2020 5003 3607 5084">
    <p class='ocr_par' dir='ltr' id='par_1_108' title="bbox 2020 5003 3607 5084">
     <span class='ocr_line' id='line_1_108' title="bbox 2020 5003 3607 5084; baseline -0.016 -3"><span class='ocrx_word' id='word_1_823' title='bbox 2020 5033 2204 5081; x_wconf 87' lang='lat' dir='ltr'><strong>catum</strong></span> <span class='ocrx_word' id='word_1_824' title='bbox 2231 5030 2335 5079; x_wconf 89' lang='lat' dir='ltr'><strong>est.</strong></span> <span class='ocrx_word' id='word_1_825' title='bbox 2366 5020 2529 5075; x_wconf 80' lang='lat' dir='ltr'><strong>Aliud</strong></span> <span class='ocrx_word' id='word_1_826' title='bbox 2554 5027 2641 5073; x_wconf 86' lang='lat' dir='ltr'><strong>est</strong></span> <span class='ocrx_word' id='word_1_827' title='bbox 2672 5016 2856 5073; x_wconf 84' lang='lat' dir='ltr'><strong>dicere</strong></span> <span class='ocrx_word' id='word_1_828' title='bbox 2887 5013 3032 5084; x_wconf 90' lang='lat' dir='ltr'><strong>quod</strong></span> <span class='ocrx_word' id='word_1_829' title='bbox 3059 5013 3233 5067; x_wconf 88' lang='lat' dir='ltr'><strong>iratus</strong></span> <span class='ocrx_word' id='word_1_830' title='bbox 3258 5009 3356 5070; x_wconf 87' lang='lat' dir='ltr'><strong>sit,</strong></span> <span class='ocrx_word' id='word_1_831' title='bbox 3381 5015 3437 5061; x_wconf 86' lang='lat' dir='ltr'><strong>et</strong></span> <span class='ocrx_word' id='word_1_832' title='bbox 3460 5003 3607 5059; x_wconf 86' lang='lat' dir='ltr'><strong>aliud</strong></span> 
     </span>
    </p>
   </div>
   <div class='ocr_carea' id='block_1_109' title="bbox 2022 5095 3607 5189">
    <p class='ocr_par' dir='ltr' id='par_1_109' title="bbox 2022 5095 3607 5189">
     <span class='ocr_line' id='line_1_109' title="bbox 2022 5095 3607 5189; baseline -0.015 -16"><span class='ocrx_word' id='word_1_833' title='bbox 2022 5117 2168 5189; x_wconf 85' lang='lat' dir='ltr'><strong>quod</strong></span> <span class='ocrx_word' id='word_1_834' title='bbox 2189 5114 2513 5179; x_wconf 87' lang='lat' dir='ltr'><strong>iracundus;</strong></span> <span class='ocrx_word' id='word_1_835' title='bbox 2542 5111 2670 5183; x_wconf 88' lang='lat' dir='ltr'><strong>quia</strong></span> <span class='ocrx_word' id='word_1_836' title='bbox 2690 5109 2901 5166; x_wconf 89' lang='lat' dir='ltr'><strong>scilicet</strong></span> <span class='ocrx_word' id='word_1_837' title='bbox 2922 5107 3045 5172; x_wconf 87' lang='lat' dir='ltr'><strong>hoc,</strong></span> <span class='ocrx_word' id='word_1_838' title='bbox 3080 5113 3143 5159; x_wconf 89' lang='lat' dir='ltr'><strong>ut</strong></span> <span class='ocrx_word' id='word_1_839' title='bbox 3169 5102 3301 5167; x_wconf 88' lang='lat' dir='ltr'><strong>dixi,</strong></span> <span class='ocrx_word' id='word_1_840' title='bbox 3326 5109 3493 5189; x_wconf 78' lang='lat' dir='ltr'><strong>totam</strong></span> <span class='ocrx_word' id='word_1_841' title='bbox 3520 5095 3607 5165; x_wconf 90' lang='lat' dir='ltr'><strong>ip-</strong></span> 
     </span>
    </p>
   </div>
   <div class='ocr_carea' id='block_1_110' title="bbox 2022 5186 3606 5274">
    <p class='ocr_par' dir='ltr' id='par_1_110' title="bbox 2022 5186 3606 5274">
     <span class='ocr_line' id='line_1_110' title="bbox 2022 5186 3606 5274; baseline -0.016 -11"><span class='ocrx_word' id='word_1_842' title='bbox 2022 5186 2148 5264; x_wconf 76' lang='lat' dir='ltr'><strong>sius&#39;</strong></span> <span class='ocrx_word' id='word_1_843' title='bbox 2165 5207 2332 5262; x_wconf 89' lang='lat' dir='ltr'><strong>vitam</strong></span> <span class='ocrx_word' id='word_1_844' title='bbox 2356 5203 2549 5274; x_wconf 87' lang='lat' dir='ltr'><strong>aperit.</strong></span> <span class='ocrx_word' id='word_1_845' title='bbox 2578 5203 2753 5271; x_wconf 78' lang='lat' dir='ltr'><strong>Atque</strong></span> <span class='ocrx_word' id='word_1_846' title='bbox 2775 5199 2910 5254; x_wconf 88' lang='lat' dir='ltr'><strong>adeo</strong></span> <span class='ocrx_word' id='word_1_847' title='bbox 2939 5209 3101 5267; x_wconf 73' lang='lat' dir='ltr'><strong>grave</strong></span> <span class='ocrx_word' id='word_1_848' title='bbox 3119 5199 3204 5248; x_wconf 90' lang='lat' dir='ltr'><strong>est</strong></span> <span class='ocrx_word' id='word_1_849' title='bbox 3221 5190 3289 5246; x_wconf 90' lang='lat' dir='ltr'><strong>de</strong></span> <span class='ocrx_word' id='word_1_850' title='bbox 3308 5186 3456 5243; x_wconf 90' lang='lat' dir='ltr'><strong>omni</strong></span> <span class='ocrx_word' id='word_1_851' title='bbox 3481 5199 3606 5256; x_wconf 84' lang='lat' dir='ltr'><strong>pec-</strong></span> 
     </span>
    </p>
   </div>
   <div class='ocr_carea' id='block_1_111' title="bbox 2022 5278 3609 5371">
    <p class='ocr_par' dir='ltr' id='par_1_111' title="bbox 2022 5278 3609 5371">
     <span class='ocr_line' id='line_1_111' title="bbox 2022 5278 3609 5371; baseline -0.018 -15"><span class='ocrx_word' id='word_1_852' title='bbox 2022 5309 2147 5357; x_wconf 84' lang='lat' dir='ltr'><strong>cato</strong></span> <span class='ocrx_word' id='word_1_853' title='bbox 2158 5299 2426 5371; x_wconf 76' lang='lat' dir='ltr'><strong>judicare,</strong></span> <span class='ocrx_word' id='word_1_854' title='bbox 2444 5304 2504 5351; x_wconf 89' lang='lat' dir='ltr'><strong>ut</strong></span> <span class='ocrx_word' id='word_1_855' title='bbox 2521 5293 2770 5349; x_wconf 87' lang='lat' dir='ltr'><strong>Christus</strong></span> <span class='ocrx_word' id='word_1_856' title='bbox 2790 5289 2986 5347; x_wconf 78' lang='lat' dir='ltr'><strong>dixerit</strong></span> <span class='ocrx_word' id='word_1_857' title='bbox 3005 5286 3059 5341; x_wconf 91' lang='lat' dir='ltr'><strong>in</strong></span> <span class='ocrx_word' id='word_1_858' title='bbox 3079 5281 3368 5353; x_wconf 72' lang='lat' dir='ltr'><strong>Evangelia</strong></span> <span class='ocrx_word' id='word_1_859' title='bbox 3392 5296 3406 5333; x_wconf 87' lang='lat'><strong>:</strong></span> <span class='ocrx_word' id='word_1_860' title='bbox 3432 5278 3609 5349; x_wconf 73' lang='lat' dir='ltr'><strong>Hypo-</strong></span> 
     </span>
    </p>
   </div>
   <div class='ocr_carea' id='block_1_112' title="bbox 2025 5372 3610 5462">
    <p class='ocr_par' dir='ltr' id='par_1_112' title="bbox 2025 5372 3610 5462">
     <span class='ocr_line' id='line_1_112' title="bbox 2025 5372 3610 5462; baseline -0.018 -13"><span class='ocrx_word' id='word_1_861' title='bbox 2025 5394 2180 5462; x_wconf 81' lang='lat' dir='ltr'><strong>crila,</strong></span> <span class='ocrx_word' id='word_1_862' title='bbox 2202 5392 2330 5462; x_wconf 79' lang='lat' dir='ltr'><strong>ejice</strong></span> <span class='ocrx_word' id='word_1_863' title='bbox 2350 5391 2433 5461; x_wconf 83' lang='lat' dir='ltr'><strong>pri</strong></span> <span class='ocrx_word' id='word_1_864' title='bbox 2441 5403 2587 5444; x_wconf 81' lang='lat' dir='ltr'><strong>munt</strong></span> <span class='ocrx_word' id='word_1_865' title='bbox 2608 5385 2885 5441; x_wconf 69' lang='lat' dir='ltr'><strong>lrabemex</strong></span> <span class='ocrx_word' id='word_1_866' title='bbox 2906 5380 3057 5437; x_wconf 74' lang='lat' dir='ltr'><strong>oculo</strong></span> <span class='ocrx_word' id='word_1_867' title='bbox 3088 5388 3198 5443; x_wconf 76' lang='lat' dir='ltr'><strong>tuo,</strong></span> <span class='ocrx_word' id='word_1_868' title='bbox 3221 5384 3272 5431; x_wconf 83' lang='lat' dir='ltr'><strong>et</strong></span> <span class='ocrx_word' id='word_1_869' title='bbox 3295 5372 3457 5447; x_wconf 56' lang='lat'><strong>503</strong></span> <span class='ocrx_word' id='word_1_870' title='bbox 3486 5378 3610 5424; x_wconf 78' lang='lat' dir='ltr'><strong>tunc</strong></span> 
     </span>
    </p>
   </div>
   <div class='ocr_carea' id='block_1_113' title="bbox 2025 5465 3612 5559">
    <p class='ocr_par' dir='ltr' id='par_1_113' title="bbox 2025 5465 3612 5559">
     <span class='ocr_line' id='line_1_113' title="bbox 2025 5465 3612 5559; baseline -0.015 -16"><span class='ocrx_word' id='word_1_871' title='bbox 2025 5489 2202 5559; x_wconf 80' lang='lat' dir='ltr'><strong>ejicies</strong></span> <span class='ocrx_word' id='word_1_872' title='bbox 2279 5486 2534 5556; x_wconf 68' lang='lat' dir='ltr'><strong>festucam</strong></span> <span class='ocrx_word' id='word_1_873' title='bbox 2595 5483 2659 5539; x_wconf 82' lang='lat' dir='ltr'><strong>de</strong></span> <span class='ocrx_word' id='word_1_874' title='bbox 2714 5479 2902 5553; x_wconf 70' lang='lat' dir='ltr'><strong>fratris</strong></span> <span class='ocrx_word' id='word_1_875' title='bbox 2961 5473 3113 5532; x_wconf 77' lang='lat' dir='ltr'><strong>oculo</strong></span> <span class='ocrx_word' id='word_1_876' title='bbox 3163 5472 3214 5527; x_wconf 71' lang='grc' dir='ltr'>δ.</span> <span class='ocrx_word' id='word_1_877' title='bbox 3260 5465 3612 5540; x_wconf 77' lang='lat' dir='ltr'><strong>Comparavit</strong></span> 
     </span>
    </p>
   </div>
  </div>
