4020 6436
254 5858 273 5893 Ι

389 269 525 338 1687

1606 291 1667 349 s.
1705 266 2111 355 honorant
2135 297 2457 360 ABBATIS

3514 315 3641 385 1688

379 388 526 442 enim
553 387 825 446 festucam
848 402 1096 464 peccato,
1130 394 1538 456 damnationem
1569 412 1751 459 autem
1805 409 1940 463 trabi

2070 410 2257 465 δοκὸν
2308 413 2424 482 τὴν
2468 414 2539 468 ὲν
2586 413 2667 481 τῷ
2720 416 3003 488 ὀφθαλμῷ
3053 435 3192 482 σου.
3224 421 3321 477 καί
3364 429 3491 484 τότε
3523 435 3640 489 δια-

381 477 627 548 Bxcedit,
655 480 904 554 inquam,
937 500 1099 542 omne
1131 500 1414 557 peccatum
1446 495 1797 551 temerarium
1825 497 1975 568 judi-

2082 504 2328 572 ὔλέψεις
2375 507 2658 561 ἐκϐαλεῖν
2700 509 2765 563 τὸ
2815 511 3043 579 κάρφος
3088 513 3160 567 ἐκ
3196 515 3299 570 τοῦ
3344 518 3640 593 ὀφθαλμοῦ

375 573 545 629 cium.
573 573 642 631 Et
673 573 986 636 Pharis-eus
1016 581 1106 636 ille
1134 597 1302 638 orans
1333 593 1387 638 et
1407 586 1611 651 gratias
1627 603 1797 659 agens
1860 591 1944 645 θυι

2885 573 2900 577 -
2927 573 2944 579 ,
3015 573 3030 578 -
3377 573 3398 587 ,
3427 573 3432 574 ν
3494 573 3630 593 ηε.--

2078 599 2184 652 τοῦ
2212 598 2486 668 ἀδελφοῦ
2514 618 2655 657 σου.
2698 604 2809 658 Καὶ¹
2841 604 3111 658 ἀπείκασε
3139 607 3239 678 τὴν
3262 610 3531 680 ἁμαρτίαν
3550 620 3637 674 τοῦ

374 666 626 723 debonis
651 671 913 738 operibus
936 674 1083 741 suis,
1121 675 1490 746 nequidquam
1549 681 1811 737 mentitus
1861 693 1966 747 est,

372 759 468 815 sed
499 774 627 816 vera
660 762 982 832 confessus,
1006 783 1184 839 neque
1211 769 1293 824 ob.
1314 770 1417 824 hoc
1444 769 1810 828 datnnatusC.
1870 772 1967 829 Dc-

381 850 589 908 hitores
620 854 770 909 enim
798 872 994 913 sumus
1024 860 1100 915 ad.
1126 862 1377 932 agendas.
1429 863 1545 917 Deo.
1584 866 1792 934 gratias
1838 882 1966 923 cum

371 940 499 997 boni
530 945 733 1017 aliquid
755 949 825 1003 ab
853 948 973 1019 ipso
997 952 1231 1023 egimus,
1264 962 1452 1025 utpote
1492 956 1587 1024 qui
1628 972 1728 1013 nos
1755 960 1967 1029 adjuvit

369 1045 425 1090 et
455 1051 784 1108 cooperatus
812 1053 897 1097 est
931 1044 996 1100 ad
1030 1046 1083 1100 id
1122 1047 1347 1103 bonum.
1385 1048 1574 1119 Neque
1613 1066 1679 1105 ex
1735 1052 1863 1114 hoc.
1905 1064 1965 1109 ut

368 1129 612 1198 praedixi,
647 1135 940 1193 damnatus
963 1154 994 1194 a
1021 1138 1259 1196 Domino
1284 1151 1390 1206 est,
1425 1157 1600 1214 neque
1634 1146 1780 1215 quod
1811 1147 1964 1202 dixe-

369 1222 455 1282 tit,
486 1233 540 1275 ut
572 1228 747 1279 ueteri
779 1227 1059 1297 homines;
1100 1233 1194 1288 sed
1224 1234 1297 1289 ob
1331 1234 1435 1290 hoc
1455 1235 1594 1306 quia
1612 1235 1680 1290 ad
1713 1237 1965 1306 publica-

368 1329 506 1368 num
536 1331 858 1386 conversus,
899 1338 1085 1395 neque,
1142 1324 1344 1396 inquit,
1397 1338 1455 1381 ut
1484 1328 1570 1382 hic
1618 1329 1959 1399 publicanus.

367 1404 522 1462 Tunc
551 1411 694 1464 enim
728 1414 1129 1473 condemnatus
1150 1426 1254 1474 est.
1288 1416 1746 1477 Damnaviteuim
1787 1424 1964 1494 ipsum

2077 688 2307 756 πλησίον
2347 691 2484 761 πρὸς
2515 693 2579 745 τὸ
2620 694 2867 765 κάρφος·
2915 696 2978 749 τὸ
3025 696 3082 749 δὲ
3125 702 3468 771 κατακρίνειν
3512 709 3640 777 πρὶς

2072 780 2172 849 τὴν
2220 780 2398 846 δοκὸν,
2444 783 2705 838 τοσοῦτον
2756 787 2994 857 χαλεπόν
3036 788 3155 841 ἐστι
3198 789 3257 843 τὺ
3303 799 3637 864 κατακρῖναι,

2073 870 2263 941 σχεδὸν
2292 872 2434 944 ὑπὲρ
2476 875 2659 930 πᾶσαν
2687 876 2985 949 ἁμαρτίαν.
3027 880 3139 932 Καὶ
3169 881 3369 946 ἐκεῖνος
3396 884 3453 936 δὲ
3482 889 3510 940 ὁ
3536 890 3638 941 Φα-

2070 964 2283 1032 ρισαῖος
2323 964 2620 1035 εὐχόμενος
2666 970 2760 1021 καὶ
2796 969 3138 1038 εὐχαριστῶν
3183 971 3264 1041 τῷ
3306 973 3424 1044 Θεῷ
3459 976 3545 1031 διὰ
3577 981 3644 1036 τὰ

2069 1054 2477 1125 κατορθώματα
2507 1057 2699 1123 αὑτοῦ,
2735 1060 2837 1113 οὐκ
2876 1061 3168 1132 ἐψεύσατο,
3197 1064 3338 1118 ἀλλὰ
3378 1066 3477 1139 τὴν
3517 1070 3643 1142 ἀλή-

2068 1145 2222 1201 θειαν
2263 1146 2487 1218 ἔλεγεν·
2539 1150 2638 1204 καὶ
2665 1149 2727 1203 οὐ
2774 1150 2864 1206 διὰ
2899 1151 3059 1207 τοῦτο
3103 1155 3421 1228 κατεκρίθη.
3457 1159 3641 1230 Χρεω-

2071 1239 2309 1309 στοῦμεν
2351 1241 2461 1314 γὰρ
2492 1241 2840 1312 εὐχαριστεῖν
2868 1244 2948 1315 τῷ
2976 1244 3120 1316 Θεῷ,
3147 1247 3369 1301 ἐπειδὰν
3408 1248 3641 1316 agimen.

2074 1331 2177 1401 μέν
2203 1349 2255 1385 τι
2298 1333 2507 1401 ἀγαθὸν
2555 1332 2815 1406 ποιῆσαι,
2856 1337 2932 1400 ὡς
2980 1337 3147 1394 αὑτοῦ
3193 1341 3639 1412 συνεργήσαντος,

2066 1425 2161 1475 καὶ
2218 1423 2589 1494 βοηθήσαντος
2636 1428 2791 1498 ἡμῖν.
2841 1428 2940 1482 Διὰ
2992 1428 3172 1495 τοῦτο,
3223 1430 3300 1494 ὡς
3349 1427 3538 1501 εἷπον,
3579 1437 3642 1490 οὐ

364 1513 677 1569 personam,
711 1504 886 1575 ipsam
904 1508 1317 1579 dispositionem
1357 1513 1671 1580 mentis,et,
1703 1523 1761 1569 ut
1790 1514 1944 1571 brevi

2063 1515 2392 1586 κατεκρίθη.
2435 1516 2518 1575 ὃτι
2552 1511 2732 1583 εἶπεν,
2764 1522 2886 1574 Οὐκ
2922 1519 3039 1591 εἰμὶ
3068 1521 3151 1587 ὡς
3184 1525 3240 1576 οι
3285 1525 3485 1579 λοιποὶ
3531 1526 3644 1579 τῶν

363 1603 449 1646 ter
463 1594 662 1664 dicunt,
693 1613 912 1654 onmem
941 1600 1113 1670 ipsius
1145 1603 1337 1659 vitam.
1358 1605 1473 1672 Qua
1495 1621 1561 1662 ex
1590 1622 1649 1662 re
1678 1607 1939 1664 descendi

2060 1606 2381 1676 ἀνθρώπων
2409 1626 2422 1639 ·
2477 1609 2595 1663 ἀλλ’
2630 1612 2714 1665 ὅτι
2760 1612 3021 1683 στραφεὶς
3069 1614 3207 1685 πρὸς
3251 1615 3345 1669 τδν
3388 1616 3643 1689 τελώνην,

361 1684 690 1753 publicanus
719 1705 885 1760 super
916 1692 1067 1746 illum
1096 1692 1455 1762 justilicatus.

2059 1694 2238 1766 εἶπεν,
2275 1700 2432 1754 Οὐδὲ
2454 1703 2534 1769 ὡς
2560 1705 2593 1757 ό
2626 1704 2892 1772 τελώνης
2937 1702 3143 1771 οὗτος·
3171 1707 3296 1760 τότε
3326 1710 3638 1780 κατεκρίθηο

361 1779 655 1849 κατέκρινε
698 1781 809 1853 γὰρ
844 1782 1011 1840 αὐτοῦ
1055 1782 1151 1837 τοῦ
1200 1785 1520 1856 προσώπου,
1558 1788 1731 1859 αὐτῆς
1804 1788 2102 1855 διαθέσεως
2164 1790 2266 1861 τῆς
2328 1792 2508 1864 ψυχῆς
2552 1793 2742 1862 αὐτοῦ,
2784 1798 2877 1850 καὶ
2911 1796 3101 1862 ἁπλῶς
3133 1799 3330 1868 εἰπεῖν,
3400 1798 3522 1854 ὅλου
3551 1801 3643 1858 τοῦ

362 1868 479 1939 βίου
521 1870 708 1926 αὑτοῦ.
750 1874 846 1927 Διὰ
883 1874 1045 1933 τοῦτο
1076 1876 1287 1947 κατέὃη
1336 1878 1365 1930 ό
1395 1877 1637 1952 τελώνης
1665 1879 2086 1952 δεδικαιωμένος
2121 1882 2264 1955 ὑπὲρ
2308 1885 2543 1941 ἐκεῖνον.

431 1960 514 2023 ΙΙΙ.
550 1961 699 2027 Nihil
720 1968 801 2035 (ut
832 1966 1032 2040 saepius
1058 1967 1195 2040 dixi)
1223 1969 1466 2042 gravius,
1498 1972 1634 2027 nihil
1660 1972 1944 2041 difficilius.

2136 1975 2210 2030 Γ.
2274 1977 2445 2031 Οὐδὲν
2492 1978 2602 2051 γὰρ
2635 1979 3101 2053 βαρύτερον,,οὐδὲ
3138 1982 3555 2055 χαλεπώτερον,
3572 1985 3640 2048 ὼς

355 2070 522 2125 quam
568 2058 880 2128 proximum
910 2061 1162 2132 judicare
1209 2073 1374 2141 atque
1420 2075 1794 2126 cuntemnere.
1843 2069 1956 2126 Cur

354 2148 501 2213 enim
535 2164 645 2206 non
680 2152 852 2224 magis
875 2169 980 2209 nos
1000 2155 1149 2226 ipsos
1174 2157 1536 2228 dijudicemus
1558 2159 1627 2217 de
1646 2161 1805 2218 malis
1828 2178 1955 2233 pro-

353 2241 491 2313 priis
517 2257 639 2312 qure
670 2244 873 2314 optime
902 2246 1178 2311 novimus.
1212 2257 1268 2305 et
1287 2249 1356 2306 de
1382 2251 1585 2322 quibus
1611 2252 1836 2310 reddere
1866 2270 1956 2310 ra-

355 2334 557 2398 tionem
608 2333 720 2390 Deo
767 2340 1071 2408 cogemur?
1119 2341 1264 2410 Quid
1303 2360 1641 2415 usurpamus
1680 2348 1953 2419 judicium

352 2426 446 2493 Dei
469 2426 493 2480 ’ί
520 2426 650 2498 quid
684 2428 751 2483 ad
789 2445 892 2485 nos
928 2431 997 2486 de
1036 2444 1286 2491 creatura
1315 2448 1371 2492 et
1401 2453 1562 2495 servo
1593 2440 1820 2498 alieno?
1851 2457 1954 2497 an-

350 2531 461 2582 non
495 2517 976 2603 contremiscimps
1008 2523 1142 2579 totis
1174 2524 1500 2594 visceribus,
1526 2528 1659 2590 dum
1693 2533 1955 2592 audimus

346 2606 480 2677 quid
512 2609 717 2665 seniori
750 2611 826 2669 illi
863 2629 1063 2688 magno
1093 2619 1434 2688 cuntigerit?
1465 2623 1561 2691 qui
1588 2637 1717 2681 eum
1752 2625 1950 2682 audis-

347 2707 431 2766 set
472 2715 644 2756 unum
677 2716 710 2758 e
752 2701 1019 2762 fratribus
1066 2707 1123 2763 in
1170 2707 1591 2770 fornicationem
1637 2716 1947 2787 cecidisse,

346 2809 472 2850 cum
517 2795 893 2868 indignatione
931 2800 1078 2871 quod
1126 2803 1269 2861 male
1305 2804 1567 2875 fecisset,
1614 2810 1944 2881 respondit:

351 2903 372 2941 ι
426 2884 625 2942 Annon
652 2889 942 2960 accepistis
967 2906 1133 2962 quam
1164 2892 1437 2953 horrenda
1462 2913 1550 2955 res
1573 2899 1641 2956 de
1672 2899 1795 2971 ipso
1816 2917 1947 2958 nar-

343 2986 501 3034 ratur
526 2977 584 3034 in
622 2979 765 3037 libro
807 2983 1136 3046 seniorum?
1170 2984 1340 3044 Aiunt
1367 2990 1514 3045 enim
1552 3002 1805 3049 sanctum
1840 3009 1944 3051 an-

342 3068 548 3137 gelum,
578 3073 886 3141 peccatoris
924 3074 1076 3133 illius
1123 3078 1361 3145 strumam
1386 3121 1403 3147 ,
1434 3097 1560 3138 cum
1598 3083 1714 3153 jam
1757 3101 1789 3142 e
1834 3091 1944 3144 vita

346 3158 651 3230 migrasset,
685 3163 750 3219 ad
781 3179 971 3222 senem
1009 3167 1296 3236 detulisse,
1331 3181 1496 3245 atque
1522 3174 1769 3235 dixisse:
1805 3195 1825 3230 σ
1862 3177 1943 3236 En

340 3266 502 3320 quem
526 3253 817 3324 judicasti,
843 3258 956 3315 vita
987 3260 1211 3319 functus
1236 3275 1322 3320 est
1347 3283 1360 3320 :
1397 3282 1509 3337 quo
1538 3283 1627 3326 me
1653 3270 1822 3341 igitur
1844 3271 1937 3341 ju-

341 3345 439 3409 hes
483 3343 667 3415 ipsius
718 3349 967 3407 animant
998 3351 1239 3422 deferre,
1278 3356 1347 3410 ad
1390 3373 1723 3438 superosue,
1763 3378 1832 3418 au
1869 3363 1937 3419 ad

339 3434 617 3502 inferosh
649 3438 817 3506 Quid,
837 3442 1099 3515 obsecro,
1127 3447 1231 3504 hac
1278 3462 1337 3506 re
1380 3434 1561 3516 potest
1606 3468 1729 3511 esse
1769 3459 1946 3529 magis

341 3526 674 3588 horrendum
701 3531 725 3584 ?
750 3529 901 3587 Nihil
928 3532 1077 3595 aliud
1124 3536 1355 3601 innuere
1386 3541 1588 3601 seniori
1630 3545 1802 3603 voluit
1837 3526 1938 3604 ain-

336 3617 546 3686 gclicus
569 3634 754 3677 sermo
782 3636 952 3693 quam
984 3623 1088 3679 hoc
1118 3644 1132 3680 :
1177 3644 1201 3685 ι,
1228 3624 1286 3683 Si
1320 3639 1376 3689 tu
1408 3630 1685 3700 jttstorum
1719 3646 1775 3695 et
1809 3653 1940 3708 pec-

334 3717 584 3765 catorum
606 3710 721 3782 jam
750 3712 932 3772 factus
958 3731 1020 3774 es
1041 3718 1235 3793 judex,
1255 3723 1344 3779 die
1372 3726 1530 3794 mihi,
1550 3744 1671 3796 oro,
1688 3730 1756 3787 de
1771 3733 1943 3790 mise-

337 3799 497 3865 rabili
547 3801 652 3859 hac
696 3807 885 3867 anima
926 3823 1097 3878 quam
1145 3815 1473 3872 sententiam
1511 3818 1697 3888 feras,
1729 3824 1941 3880 velisne

335 3891 587 3948 misereri
615 3909 687 3950 an
730 3898 967 3955 saevire?
994 3920 1014 3954 ι
1053 3900 1239 3970 Quare
1286 3922 1584 3976 percussus
1618 3914 1806 3969 senior
1848 3915 1942 3970 ille

333 3982 720 4043 sanctissimus
748 3987 853 4045 hac
896 3999 1008 4046 tam
1050 3992 1301 4051 horribili
1334 4013 1413 4067 re,
1455 4002 1729 4073 reliquum
1773 4021 1941 4063 omne

330 4074 459 4131 vita:
488 4092 605 4132 suae
633 4084 852 4151 tempus
884 4083 1029 4139 inter
1075 4086 1346 4159 lacrymas
1389 4095 1739 4167 gemitusque
1767 4109 1821 4153 et
1854 4098 1938 4161 in-

331 4179 590 4223 numeras
621 4182 898 4229 aerumnas
926 4173 1059 4246 egit,
1099 4177 1314 4242 veniam
1352 4184 1488 4241 tanti
1526 4187 1735 4256 peccati
1771 4188 1938 4260 depo—

330 4270 492 4312 scens
525 4271 554 4311 a
590 4258 721 4351 Deo.
771 4261 1013 4322 Tametsi
1059 4266 1126 4323 ad
1171 4270 1339 4343 pedes
1385 4275 1566 4346 angeli
1599 4258 1892 4347 procidens
1917 4321 1939 4351 ,ι

330 4347 548 4409 audiret
588 4350 915 4421 impetrasse
942 4372 1002 4413 se
1043 4358 1259 4417 veniam
1302 4378 1335 4419 a
1387 4363 1517 4420 Deo.
1565 4347 1941 4441 Deumque

330 4434 530 4501 fecisse
554 4448 615 4497 ut
640 4443 959 4502 ostenderet
980 4464 1145 4519 quam
1172 4452 1220 4507 ei
1242 4468 1409 4522 grave
1434 4464 1490 4512 et
1512 4434 1804 4516 molestum
1840 4476 1934 4521 es-

331 4537 415 4593 set
454 4531 725 4601 judicium
764 4546 1014 4594 nostrum
1062 4544 1455 4613 temerarium,
1502 4551 1827 4623 monuitque
1864 4569 1934 4612 ne

330 4623 517 4681 animo
564 4625 616 4682 id
661 4643 904 4699 unquam
956 4631 1201 4691 faceret:
1255 4651 1366 4693 non
1417 4648 1598 4696 tamen
1646 4646 1823 4714 potuit
1864 4662 1929 4703 ex

327 4715 417 4782 his
447 4718 628 4781 verbis
656 4721 838 4778 anima
871 4725 1104 4784 senioris
1128 4731 1477 4787 amarissima
1495 4737 1929 4799 consolationem

327 4808 495 4875 ullam
523 4811 812 4871 admittere
845 4816 900 4871 in
930 4833 997 4874 eo
1032 4819 1182 4877 luctu
1222 4830 1280 4878 et
1321 4839 1580 4891 mterore,
1607 4829 1740 4887 dum
1769 4833 1920 4892 vixit.

398 4902 488 4959 IV.
521 4902 664 4972 Quid
695 4908 858 4966 nobis
890 4910 1059 4983 igitur
1086 4914 1157 4971 de
1181 4918 1476 4986 proximo?
1509 4920 1653 4988 Quid
1678 4926 1836 4984 nobis
1858 4929 1928 4985 de

324 4993 505 5057 alieno
545 4997 738 5063 malo?
768 4998 1049 5065 Habemus
1088 5022 1189 5065 nos
1230 5010 1356 5081 ipsi,
1395 5011 1614 5084 fratres,
1663 5016 1718 5073 in
1766 5020 1926 5077 nobis

324 5088 470 5159 quod
508 5104 797 5161 curemus.
837 5095 1076 5167 Quilibet
1122 5100 1228 5156 sibi
1278 5103 1379 5174 ipsi
1428 5108 1677 5164 attendat
1720 5122 1774 5168 et
1811 5116 1928 5172 suis

324 5179 507 5237 malis.
540 5181 725 5243 Solius
754 5186 901 5240 enim
941 5188 1033 5244 Dei
1055 5198 1138 5246 est
1158 5198 1215 5247 et
1238 5190 1544 5262 justiﬁcare
1571 5209 1625 5254 et
1650 5199 1921 5272 judicare,

323 5273 419 5343 qui
453 5282 655 5331 statum
705 5282 760 5343 et
807 5280 1064 5335 virtutem
1091 5321 1107 5348 ,
1148 5285 1537 5343 conversiones
1584 5300 1638 5345 et
1679 5286 1884 5364 gratias
1909 5337 1925 5363 ,

322 5366 779 5435 compositionem
829 5378 883 5425 et
929 5373 1292 5440 aptitudinem
1340 5377 1778 5455 uniuscujusque
1824 5402 1925 5442 no-

325 5456 421 5523 \it,
453 5465 621 5530 atque
665 5459 864 5519 horum
913 5480 1361 5540 unumquemque
1404 5480 1581 5541 potest
1620 5476 1772 5534 solus
1809 5479 1926 5536 dis-

325 5562 571 5627 gernere.
607 5552 779 5608 Aliter
817 5558 963 5613 enim
999 5559 1210 5628 judicat
1238 5560 1380 5621 Dens
1426 5565 1734 5640 episcopos,
1766 5572 1927 5629 aliter

399 5784 420 5823 ι
455 5772 591 5841 Luc.
623 5794 786 5850 xvnt,
816 5795 879 5851 ιι,

2059 2066 2320 2130 πολλάκις
2355 2067 2521 2137 λέγω,
2560 2069 2656 2123 τοῦ
2706 2073 3057 2141 κατακρῖναι,
3087 2070 3124 2143 ἧ
3151 2071 3512 2140 ὲξουδενῶσαι
3557 2074 3647 2128 τὸν

2060 2160 2311 2232 πλησίον.
2357 2161 2456 2216 Διὰ
2495 2162 2549 2216 τί
2594 2163 2673 2233 μὴ
2728 2162 2926 2235 μᾶλλον
2962 2164 3192 2228 ἑαυτοὺς
3218 2165 3646 2237 κατακρίνομεν,

2057 2255 2151 2308 καί¹
2211 2255 2280 2309 τὰ
2335 2255 2486 2309 κακὰ.
2538 2254 2698 2325 ἡμῶν
2745 2254 2992 2327 ἀκριϐῶς
3021 2255 3267 2326 οἴδαμεν,
3301 2256 3399 2309 καὶ
3429 2255 3555 2327 περὶ
3575 2249 3650 2311 ὧν

2058 2347 2325 2419 μέλλομεν
2366 2349 2525 2418 λόγον
2561 2349 2746 2404 δοῦναι
2787 2350 2866 2422 τῷ
2911 2350 3073 2420 Θεῷ;
3118 2351 3185 2405 Τί
3239 2349 3569 2424 ἀρτιάζομεν
3590 2353 3652 2409 τὸ

2053 2442 2230 2512 κρῖμα
2253 2441 2348 2495 τοῦ
2381 2440 2519 2496 Θεοῦ
2543 2460 2558 2508 ;
2585 2443 2652 2496 Τί
2694 2442 2923 2514 θέλομεν
2953 2444 3020 2498 ὲκ
3047 2443 3144 2496 τοῦ
3185 2443 3523 2515 πλάσματος
3552 2445 3646 2499 αὑ·

2052 2531 2146 2587 τοῦ
2177 2548 2194 2598 ;
2223 2534 2324 2587 οὐκ
2369 2534 2662 2605 ὀφείλομεν
2703 2535 2930 2607 τρέμειν
2977 2535 3269 2601 ἀκούοντες
3312 2536 3396 2609 τῷ
3433 2536 3653 2608 μεγάλῳ

2051 2624 2272 2694 γέροντι
2297 2624 2493 2697 ἐκείνῳ
2510 2625 2567 2679 τί
2604 2626 2827 2698 συνέδη,
2875 2626 2956 2699 τῷ
2998 2626 3310 2683 ἀκούσαντι
3350 2627 3480 2701 περί
3507 2644 3648 2690 τινος

2051 2718 2282 2788 ἀδελφοῦ
2315 2719 2574 2783 πεσόντος
2607 2721 2688 2784 εἰς
2724 2719 3008 2791 πορνείαν,
3038 2722 3131 2775 καὶ
3175 2722 3424 2788 είπόντι,
3466 2722 3530 2774 Ὠ
3557 2737 3651 2774 κα·-

2050 2812 2161 2874 κῶς
2179 2813 2439 2883 ἐποίησεν
2465 2828 2480 2876 ;
2513 2831 2532 2865 ι
2560 2813 2676 2866 Οὐκ
2702 2812 2883 2867 οἴδατε
2912 2815 3065 2867 ποῖον
3081 2812 3325 2884 φρικτὸν
3344 2812 3499 2882 λέγει
3523 2810 3654 2883 περὶ

2049 2905 2215 2959 αὐτοῦ
2243 2906 2324 2969 είς
2358 2905 2422 2958 τὸ
2461 2907 2871 2972 Γεροντικόν;
2899 2906 3031 2960 Ὅτι
3067 2907 3398 2976 ἀπήνεγκεν
3436 2907 3467 2960 ὁ
3497 2903 3649 2974 ἅγιος

2048 2996 2285 3066 ἄγγελος
2325 2998 2426 3067 τὴν
2475 2996 2657 3068 ψυχὴν
2694 2994 2791 3049 τοῦ
2827 2996 3253 3068 ἁμαρτήσαντος
3280 2995 3435 3069 πρὸς
3464 2995 3650 3060 αὐτὸν,

2047 3088 2147 3144 καὶ
2171 3088 2318 3158 λέγει
2349 3088 2500 3161 αὐτῷ
2520 3106 2533 3119 ·
2575 3108 2594 3141 ι
2630 3089 2739 3144 Ἴδε
2788 3089 2849 3143 ὃν
2897 3089 3147 3163 ἔκρινας,
3191 3089 3482 3162 ἐκοιμήθη
3502 3104 3518 3121 ο
3544 3086 3650 3142 ποῦ

2047 3178 2142 3238 οὖν
2193 3180 2442 3244 κελεύεις
2503 3181 2651 3253 βάλω
2707 3181 2896 3249 αὑτὸν,
2930 3183 3012 3248 είς
3045 3181 3339 3254 βασιλείαν
3365 3182 3402 3254 ἢ
3442 3183 3524 3247 εἰς
3548 3181 3653 3254 τὴν

2046 3275 2269 3330 κόλασιν
2293 3291 2310 3343 ;
2338 3292 2358 3327 ι
2401 3273 2558 3328 Ἔστι
2579 3274 2636 3328 δὲ
2659 3273 2852 3328 τούτου
2882 3273 2979 3329 τοῦ
3007 3273 3212 3346 βάρους
3248 3292 3312 3329 τι
3344 3272 3651 3347 φοδερώτεα

2046 3387 2142 3443 ρον
2163 3386 2182 3436 ;
2207 3368 2274 3422 Τί
2293 3367 2423 3425 ἄλλο
2442 3368 2594 3422 ἐστὶν
2619 3369 2651 3422 ὁ
2679 3367 2838 3437 λόγος
2891 3368 2988 3422 τοῦ
3013 3368 3254 3437 ἀγγέλου
3279 3367 3430 3440 πρὸς
3453 3368 3547 3422 τὸν
3560 3366 3653 3437 γέ-

2045 3477 2235 3533 ροντα,
2264 3460 2314 3514 εί
2345 3460 2422 3531 μὴ
2450 3458 2643 3526 τοῦτο;
2666 3478 2687 3511 ι
2717 3458 2940 3530 Ἐπειδὴ
2967 3460 3035 3513 σὺ
3062 3454 3115 3513 εῑ
3139 3460 3169 3513 ό
3200 3460 3410 3531 κριτὴς
3440 3458 3552 3514 τῶν
3579 3458 3655 3512 δι-

2042 3556 2221 3618 καίων
2242 3551 2471 3611 καὶτῶν
2495 3551 2862 3624 ἁμαρτωλῶν,
2884 3551 3008 3606 εἰπὲ
3031 3550 3085 3606 τί
3111 3550 3370 3616 κελεύεις
3406 3551 3541 3624 περὶ
3552 3550 3650 3621 τῆς

2041 3650 2309 3720 ταπεινῆς
2328 3646 2509 3718 ψυχῆς
2535 3644 2741 3715 ταύτης
2763 3661 2780 3676 ο
2811 3643 2987 3710 ἐλεεῖς
3033 3645 3207 3717 αὐτήν
3229 3662 3246 3712 ;
3272 3644 3546 3710 κολάζεις
3563 3644 3650 3698 αὐ-

2041 3742 2178 3814 τήν;
2226 3760 2246 3793 ι
2283 3740 2447 3794 Ὥστε
2476 3737 2568 3792 τὸν
2615 3738 2776 3807 ἅγιον
2825 3737 3082 3810 γέροντα,
3139 3735 3653 3808 ὕπερεκπλαγὲντα

2045 3835 2229 3907 μεῖναι
2265 3832 2387 3887 ὅλον
2410 3831 2472 3885 τὸ
2503 3830 2798 3884 ὑπόλοιπον
2824 3829 2993 3884 αὐτοῦ
3019 3829 3212 3901 χρόνον
3257 3830 3413 3900 μετὰ
3454 3846 3652 3885 στενα-
3736 3836 3754 3851 ’

2041 3925 2201 3999 γμῶν
2222 3964 2238 3989 ,
2268 3922 2408 3996 μετά
2434 3922 2712 3994 δακρύων,
2757 3923 2897 3993 μετὰ
2936 3922 3149 3993 μυρίων
3189 3920 3384 3976 πόνων
3406 3935 3423 3949 ⁸
3457 3920 3652 3991 δεόμε·

2040 4035 2131 4073 νον
2156 4016 2251 4070 τοῦ
2275 4013 2415 4069 Θεοῦ
2462 4012 2776 4083 συγγνῶναι
2839 4012 2993 4084 αὐτῷ
3035 4013 3168 4084 περὶ
3212 4010 3323 4081 τῆς
3366 4011 3656 4083 ἁμαρτίας

2040 4114 2277 4184 ἐκείνης.
2304 4112 2417 4165 Καὶ
2449 4110 2624 4166 ταῦτα
2654 4110 2796 4182 μετὰ
2825 4110 2889 4164 τὸ
2917 4112 3111 4164 πεσεῖν
3141 4110 3310 4164 αὑτὸν
3339 4111 3442 4165 ἐπὶ
3474 4111 3650 4183 πρόσο

2037 4222 2189 4260 ωπον
2249 4203 2390 4276 πρὸς
2439 4204 2569 4268 τοὺς
2620 4201 2794 4266 πόδας
2852 4202 2948 4256 τοῦ
2983 4202 3241 4271 ἀγγέλου,
3287 4203 3398 4258 καὶ
3463 4203 3659 4258 λαϐεῖν

2041 4297 2418 4371 συγχώρησιν,
2473 4297 2549 4351 Τὸ
2592 4297 2702 4368 γὰρ
2765 4297 2943 4350 εἰπεῖν
2995 4294 3088 4349 τὸν
3119 4294 3362 4364 ἄγγελον
3395 4311 3414 4329 ⁸
3450 4315 3471 4349 t
3519 4296 3656 4350 Ἰδοὺ

2037 4390 2207 4458 ἔδειξέ
2232 4406 2319 4443 σοι
2356 4391 2386 4443 ό
2426 4387 2561 4453 Θεὸς
2597 4388 2650 4442 τί
2703 4389 2821 4442 ἐστι
2859 4388 2925 4442 τὸ
2955 4386 3123 4459 βάρος
3150 4387 3249 4440 τοῦ
3274 4392 3653 4461 κατακρῖναι,

2039 4482 2243 4557 μηκέτι
2286 4482 2547 4554 ποιήσῃς,
2590 4499 2610 4533 ›
2643 4480 2704 4534 τὸ
2739 4482 2977 4553 πρᾶγμα
3033 4477 3197 4534 τοῦτο
3238 4483 3655 4553 συγχωρήσαν-

2034 4592 2129 4639 τος
2159 4570 2250 4646 ἦν,
2289 4574 2385 4629 καὶ
2404 4573 2557 4645 ὅμως
2595 4572 2696 4627 οὐκ
2724 4573 2988 4644 ὴνέσχετο
3024 4572 3163 4637 ὅλως
3205 4574 3654 4647 παρακληθῆναι

2037 4669 2071 4739 ἡ
2106 4666 2255 4739 ψυχὴ
2281 4664 2379 4719 τοῦ
2410 4664 2666 4736 γέροντος
2696 4664 2808 4718 ἀπὸ
2846 4663 2942 4719 τοῦ
2973 4663 3204 4729 πένθους
3257 4666 3511 4733 ἐκείνου,
3544 4666 3654 4729 ἕως

2038 4759 2164 4819 ὅτου
2190 4756 2456 4814 ἀπέθανε.

2113 4930 2187 4984 Δθ.
2221 4930 2289 4984 Τί
2311 4924 2408 4983 οὖν
2459 4927 2693 4998 θέλομεν.
2721 4926 2818 4981 καὶ
2856 4928 3022 4999 ἡμεῖς
3064 4927 3175 4982 ἀπὸ
3211 4925 3308 4982 τοῦ
3363 4928 3651 5001 πλησίονς

2033 5024 2102 5078 Τί
2136 5023 2368 5092 θέλομεν
2400 5020 2509 5073 ἀπὸ
2540 5018 2829 5090 ἀλλοτρίου
2865 5019 3105 5091 βάρους;
3154 5020 3408 5092 Ἔχομέν
3449 5040 3510 5075 τι
3550 5039 3650 5093 με-

2036 5114 2322 5187 ριμνῆσαι,
2350 5112 2595 5181 ἀδελφοὶ,
2634 5111 2866 5176 ἕκαστος
2914 5112 3095 5184 ἑαυτῷ
3130 5112 3357 5185 πρόσχῃ
3400 5115 3508 5168 καὶ
3534 5117 3653 5178 τοῖς

2031 5208 2184 5272 ἰδίοις
2213 5209 2428 5269 κακαῖς.
2455 5205 2595 5266 Θεοῦ
2627 5206 2792 5276 μόνον
2834 5205 2973 5270 ἐστὶ,
3005 5205 3066 5259 τὸ
3101 5204 3407 5260 δικαιῶσαι
3450 5208 3556 5262 καὶ
3589 5208 3653 5261 τδ

2026 5301 2382 5372 κατακρῖναι,
2400 5299 2495 5353 τοῦ
2517 5299 2723 5361 εἰδότος
2745 5299 2841 5352 καὶ
2867 5297 2966 5369 τὴν
2995 5298 3340 5352 κατάστασιν
3369 5300 3648 5363 ἑκάστου,

2025 5393 2121 5447 καὶ
2151 5392 2251 5463 τὴν
2295 5391 2557 5455 δύναμιν,
2597 5389 2694 5444 καὶ
2730 5390 2830 5452 τὰς
2877 5389 3248 5459 ἀναττροφὰς,
3282 5390 3387 5442 καὶ
3425 5390 3503 5444 τὰ
3540 5407 3649 5461 χαι-

2033 5482 2299 5555 ρίσματα,
2358 5483 2455 5536 καὶ
2508 5482 2606 5552 τὴν
2637 5481 2858 5551 κρᾶσιν,
2900 5480 2997 5546 καὶ
3031 5479 3130 5552 τὴν
3166 5477 3614 5548 ἐπιτηδειότητα
3637 5506 3649 5512 ~

2032 5572 2175 5645 πρὸς
2211 5572 2310 5630 ἕνα
2335 5572 2568 5627 ἕκαστον
2594 5572 2802 5626 τούτων
2832 5571 3112 5646 κρίνοντος
3150 5568 3335 5634 καθὼς
3362 5566 3520 5627 οἶδεν
3542 5569 3649 5633 αὐ»-
