4020 6466
342 338 472 403 Ῑίέεὶὶ

1548 338 1607 397 S.
1646 335 2038 397 DOROTHEI
2068 336 2394 396 ABBATIS

3452 328 3585 402 ιερῖ

331 457 450 521 ejus
477 464 735 520 tanquam
782 448 985 514 iustitia
1017 454 1322 517 reputatum
1354 446 1495 516 apud
1524 445 1735 502 Deum?
1768 444 1913 499 Vidit

2034 448 2163 516 ταρά
2187 447 2262 517 τῷ
2289 444 2444 515 Θεῷ;
2491 443 2686 497 Βλέπει
2718 443 2826 513 γὰρ
2858 444 2883 495 ὁ
2905 442 3037 508 Θεὸς
3085 443 3174 496 τὸν
3208 447 3375 501 κόπον
3402 452 3582 519 αὑτοῦ,

330 542 475 598 forte
513 542 657 597 Deus
688 541 927 597 laborem
968 540 1088 609 ejus
1124 548 1179 594 et
1209 538 1554 594 amictionem
1582 553 1748 610 quam
1790 553 1917 609 pas-

332 650 427 690 sus
465 642 551 689 est
581 648 706 689 cum
748 641 1069 694 tentaretur,
1111 630 1483 699 misertusque
1529 638 1614 685 est
1657 629 1825 693 illius,
1862 638 1918 684 et

331 726 556 794 ignovit.
575 725 821 795 Cumque
848 724 999 779 illum
1028 723 1286 779 misertus
1305 722 1446 777 Deus
1466 722 1559 785 sit,
1589 730 1644 776 tu
1668 722 1917 791 judicare

330 818 555 881 audeas,
584 826 747 886 atque
775 817 1016 871 animam
1048 823 1198 869 tuam
1226 814 1493 885 perdere?
1521 813 1662 880 Quid
1690 823 1767 881 tu,
1795 829 1914 880 oro,

330 910 441 965 scis
470 917 604 979 quot
630 907 829 962 fuderit
858 906 1126 977 lacrymas
1146 920 1243 976 pro
1269 905 1469 962 delicto
1495 906 1920 976 hujuscemodi?

329 999 484 1055 Nosti
512 1000 731 1069 quidem
760 997 1043 1063 delictum,
1071 1013 1184 1052 non
1210 999 1354 1054 nosti
1384 997 1781 1068 paenitentiam.
1811 996 1917 1053 Sed

329 1101 449 1147 esto
483 1090 623 1162 quod
656 1090 930 1159 judicares
975 1096 1230 1157 tantum;
1280 1089 1387 1146 hoc
1427 1104 1537 1145 non
1584 1097 1915 1152 contentus,

330 1184 493 1238 etiam
521 1182 844 1237 contemnis.
875 1182 1038 1237 Aliud
1075 1191 1159 1237 est
1195 1182 1364 1249 enim,
1395 1191 1455 1236 ut
1485 1180 1619 1244 dixi,
1648 1180 1917 1251 judicare,

330 1287 493 1344 atque
530 1275 674 1329 aliud
713 1281 1083 1329 contemnere.
1121 1274 1477 1342 Contemptus
1520 1271 1579 1327 fit
1621 1279 1744 1342 post
1774 1272 1921 1342 judi-

331 1367 473 1420 cium
501 1383 515 1430 ;
547 1375 607 1421 ut
643 1367 688 1421 si
729 1364 1057 1420 convicieris
1096 1364 1370 1434 proximo,
1415 1364 1543 1419 ludo
1574 1364 1725 1418 illum
1759 1371 1922 1433 atque

330 1462 454 1510 cutio
497 1458 696 1511 habeas
730 1475 743 1511 :
782 1454 926 1525 quod
962 1469 1095 1511 sane
1140 1455 1296 1526 pejus
1340 1464 1426 1512 est
1468 1462 1524 1511 et
1560 1456 1920 1526 perniciosius

327 1550 557 1618 judicio.

404 1727 496 1784 Vl.
546 1728 647 1796 Qui
680 1738 871 1800 optant
914 1731 1078 1800 igitur
1119 1729 1358 1796 salvari,
1402 1744 1682 1800 nunquam
1713 1730 1919 1786 curiosi

333 1833 462 1876 sunt
498 1823 643 1877 circa
678 1823 901 1877 minima
948 1804 1569 1893 proximorum~delicta
1595 1860 1612 1886 ,
1649 1823 1742 1879 sed
1770 1823 1919 1879 circa

333 1929 430 1967 sua
474 1930 691 1983 semper
725 1923 1062 1984 occupantur
1085 1954 1101 1978 ,
1146 1923 1309 1984 atque
1346 1930 1410 1969 ea
1439 1915 1760 1985 praecidunt.
1799 1915 1920 1982 Quo

336 2005 590 2071 praeclare
619 2007 725 2074 egit
760 2006 869 2070 ille,
909 2007 1001 2075 qui
1033 2021 1159 2062 cum
1207 2007 1427 2061 fratrem
1464 2022 1624 2062 suum
1661 2021 1922 2077 peccasse

335 2098 561 2157 audiret.
594 2098 875 2166 suspirans
910 2098 1076 2152 dixit:
1114 2117 1133 2150 ι
1165 2098 1260 2154 Hei
1289 2098 1422 2152 mihi
1457 2098 1585 2167 quia
1616 2099 1705 2154 ille
1734 2099 1916 2164 hodie,

335 2204 457 2241 quas
493 2203 592 2257 ego
618 2190 631 2242 !
669 2208 687 2240 ι
726 2188 919 2243 Cernis
947 2190 1287 2245 cautionem!
1321 2188 1514 2243 Cernis
1546 2190 1600 2244 in
1628 2205 1694 2246 eo
1722 2191 1921 2246 anima!

338 2281 861 2349 prmuptitiulinem?
908 2279 1084 2346 Quam
1128 2281 1237 2335 cito
1284 2280 1528 2344 invenit,
1576 2296 1643 2335 ne
1694 2280 1918 2336 fratrem

337 2388 493 2423 .~uuiu
522 2372 582 2439 ju
608 2370 788 2425 ‘iearet
813 2372 835 2424 ‘1
858 2370 1020 2442 405
1054 2370 1108 2425 id
1140 2372 1286 2426 enim
1325 2373 1549 2426 verbum
1581 2371 1726 2441 quod
1757 2371 1917 2435 dixit,

336 2478 430 2530 ego
457 2478 594 2521 cras.
627 2462 727 2529 ipsi
763 2462 1011 2516 timorem
1044 2462 1195 2517 dedit
1226 2472 1279 2517 et
1307 2463 1716 2534 cogitationem,
1748 2471 1806 2518 ut
1831 2479 1921 2519 ca-

337 2564 486 2608 v-xrst
520 2555 586 2609 ab
627 2555 711 2609 bis
742 2553 795 2608 in
828 2554 1026 2624 quibus
1061 2570 1121 2610 se
1154 2564 1505 2625 peccaturum
1536 2555 1918 2623 praedixisset;

338 2662 401 2697 ac
444 2646 521 2700 sic
571 2646 802 2716 proximi
847 2645 1111 2715 judicium
1153 2646 1362 2716 eﬂ'ugit.
1414 2644 1601 2716 Neque
1638 2647 1742 2702 hoc
1787 2647 1923 2703 satis

341 2739 461 2801 ίιιίι,
495 2738 586 2791 sed
613 2747 667 2792 et
699 2739 936 2807 seipsum
975 2738 1305 2803 humiliavit,
1338 2747 1393 2792 et
1417 2739 1676 2801 subdidit,
1698 2739 1920 2796 dicens:

341 2829 463 2896 Agit
495 2827 579 2881 hic
609 2827 982 2896 paenitentiam
1019 2844 1035 2894 ;
1066 2842 1166 2896 ego
1193 2836 1374 2882 autem
1413 2828 1781 2896 paenitentiam
1806 2829 1926 2883 nul-

341 2919 447 2972 lam
489 2933 611 2987 ago,
649 2934 747 2973 nec
782 2918 1053 2987 prmvenio
1088 2929 1149 2973 ut
1190 2919 1394 2988 possim
1436 2919 1718 2987 pmnitere.
1762 2918 1925 2976 Vides

340 3011 536 3064 divina:
575 3010 771 3063 anima:
803 3010 1006 3075 lumen,
1034 3025 1155 3078 qua:
1184 3024 1295 3064 non
1343 3009 1522 3064 solum
1567 3009 1754 3080 effugit
1799 3025 1926 3079 pro-

2018 537 2112 591 καὶ
2144 536 2245 608 τὴν
2280 535 2461 605 θλίψιν
2488 535 2556 606 ἢν
2580 533 2757 605 ἔσχεν,
2783 535 2859 597 ὡς
2906 529 3080 599 εἷπον,
3108 536 3213 605 πρὸ
3239 537 3331 590 τοῦ
3368 541 3589 613 ἐνεργῆ-

2018 646 2127 693 σαι,
2154 628 2298 681 ἐλεεῖ
2324 626 2488 681 αὐτόν
2512 642 2526 657 °
2557 626 2652 679 καὶ
2686 626 2751 679 σὺ
2772 623 3061 691 γινώσκεις
3092 627 3242 689 αὐτὸ,
3271 631 3363 682 καὶ
3384 633 3411 684 ό
3444 634 3537 701 μὲν
3565 636 3591 688 ὀ

2016 724 2148 788 Θεὸς
2174 723 2316 776 ἐλεεῖ
2342 722 2526 783 αὑτὸν,
2559 723 2623 776 σὺ
2646 720 2704 774 δὲ
2733 718 3088 791 κατακρίνεις
3112 720 3292 782 αὐτὸν,
3323 723 3416 775 καὶ
3440 725 3595 778 ἁπόλα

2017 814 2131 879 λεις
2158 815 2224 884 τὴ
2250 814 2434 886 ψυχήν
2468 831 2562 866 σου
2585 830 2600 879 ;
2626 811 2799 864 Πόθεν
2823 811 2881 865 δὲ
2905 806 3075 874 οἶδας,
3103 812 3197 864 καὶ
3222 813 3361 866 πόσα
3390 813 3593 886 δάκρυα

2018 905 2235 977 ἐξέχεεν
2267 904 2501 958 ἐνώπιον
2528 901 2625 956 τοῦ
2664 900 2803 955 Θεοῦ
2854 901 2982 973 περὶ
3022 900 3252 967 τούτους
3284 903 3379 955 καὶ
3414 903 3477 956 σὺ
3501 906 3595 975 τὴν

2025 998 2125 1069 μὲν
2176 996 2454 1069 ἁμαρτίαν
2505 991 2676 1058 οἶδας,
2724 994 2823 1064 τὴν
2871 993 2926 1047 δὲ
2957 993 3250 1064 μετάνοιαν
3281 994 3383 1048 οὒκ
3429 989 3593 1059 οἶδας.

2027 1090 2182 1144 Ἐσθ’
2212 1090 2302 1142 ὅτε
2329 1090 2494 1160 μόνον
2516 1088 2599 1142 ὅτι
2620 1087 2682 1139 οὐ
2714 1086 3137 1157 κατακρίνομεν,
3179 1086 3315 1139 ἀλλά
3340 1088 3432 1140 καὶ
3456 1086 3598 1153 ἐξου-

2019 1181 2300 1251 δενοῦμεν.
2326 1179 2493 1234 Ἀλλο
2523 1180 2633 1252 γάρ
2666 1181 2837 1243 ἐστιν,
2873 1177 2952 1242 ὠς
2972 1173 3146 1243 εἷπον,
3174 1177 3231 1231 τὸ
3248 1180 3594 1247 κατακρῖναι.

2019 1272 2114 1327 καὶ
2147 1272 2276 1327 ἄλλο
2326 1271 2685 1339 ὲξουδενῶσαι
2708 1287 2725 1304 ο
2752 1273 2785 1339 ὴ
2820 1269 3172 1335 ὲξουδένωσίς
3218 1271 3389 1335 ἐστιν,
3429 1271 3509 1323 ὅτι
3537 1271 3596 1324 οὗ

2022 1366 2184 1438 μόνον
2204 1366 2529 1437 κατακρίνει
2549 1383 2655 1431 τις,
2681 1365 2816 1419 ἀλλὰ
2843 1367 2938 1419 καὶ
2963 1363 3231 1431 ἐξουδενεῖ
3253 1378 3267 1393 ’
3301 1363 3462 1414 οἱονεὶ
3489 1362 3600 1432 βδε-

2019 1459 2276 1513 λύσσεται
2322 1458 2415 1512 τὸν
2460 1457 2712 1529 πλησίον,
2760 1457 3061 1528 σιχαίνεται
3095 1455 3275 1519 αὐτὸν,
3308 1454 3384 1517 ὡς
3414 1454 3599 1524 ἀηδίαν

2019 1552 2162 1617 τινὰ,
2190 1552 2288 1607 καὶ
2314 1553 2430 1606 ἔστι
2459 1550 2621 1605 τοῦτο
2646 1555 2829 1623 χεῖρον
2852 1551 2945 1605 τοῦ
2981 1552 3334 1620 κατακρῖναι,
3369 1549 3463 1603 καὶ
3486 1549 3599 1602 όλε-

2020 1643 2320 1717 θριὼτερον
2346 1645 2512 1698 πάνυ.

2095 1735 2186 1804 q'.
2209 1736 2272 1789 Οί
2295 1735 2352 1789 δὲ
2373 1734 2623 1798 θέλοντες
2650 1733 2915 1803 σωθῆναι,
2940 1733 3062 1786 οὐδὲ
3083 1732 3443 1804 προσέχουσιν
3462 1732 3602 1785 ἐλατ-

2021 1825 2240 1898 τώματι
2287 1824 2382 1879 τοῦ
2433 1825 2686 1896 πλησίον,
2739 1824 2877 1878 ἀλλὰ
2906 1826 3019 1886 τοῖς
3047 1822 3198 1886 ἰδίοις
3230 1822 3489 1887 πάντοτε,
3517 1823 3607 1875 καὶ

2020 1918 2478 1990 προσκόπτουσιν.
2502 1913 2625 1979 Οἷος
2640 1913 2709 1989 ἦν
2726 1917 2930 1979 ἐκεῖνος
2949 1919 2977 1969 ό
3002 1914 3125 1969 ἰδὼν
3143 1915 3232 1968 τὸν
3262 1912 3494 1982 ἀδελφὸν
3515 1915 3604 1967 αὐο

2019 2012 2115 2066 τοῦ
2132 2012 2535 2084 ἁμαρτάνοντα,
2561 2010 2657 2066 καὶ
2676 2010 2956 2076 στενάξας,
2984 2009 3075 2063 καὶ
3094 2005 3283 2072 εἰπὼν,
3309 2007 3477 2061 «Οὐαί
3502 2024 3605 2077 μοι,

2021 2104 2105 2157 ὅτι
2140 2105 2384 2174 σήμερον
2438 2102 2623 2168 αὐτὸς,
2668 2099 2844 2165 οὕτως
2889 2100 3044 2168 κάγὼ
3071 2098 3279 2173 αὔριον.
3334 2118 3354 2152 ι
3390 2099 3607 2164 Βλέπεις

2020 2195 2321 2266 ἀσφάλειαν
2347 2213 2362 2262 ;
2426 2195 2654 2258 Βλέπεις
2709 2193 3027 2263 ἑτοιμασίαν
3046 2192 3223 2263 ψυχῆς
3250 2209 3265 2258 ;
3292 2189 3427 2255 Πῶς
3459 2185 3607 2261 εὗρεν

2020 2288 2226 2349 εὐθέως
2247 2288 2437 2355 φυγεῖν
2467 2285 2529 2338 τὸ
2550 2286 2874 2354 κατακρῖναι
2911 2282 3000 2335 τὸν
3017 2281 3242 2350 ἀδελφὸν
3288 2280 3493 2345 αὑτοῦ;
3528 2278 3610 2332 διὰ

2020 2380 2130 2451 γὰρ
2151 2378 2213 2433 τὸ
2241 2380 2438 2441 είπεῖν,
2459 2379 2541 2432 ὅτι
2564 2377 2783 2440 πάντως
2800 2374 2956 2443 κάγὼ
2980 2371 3192 2445 αὔριον,
3208 2373 3419 2427 ἔδωκεν
3442 2370 3610 2441 ἑαυτῷ

2023 2474 2209 2545 φόϐον,
2257 2474 2351 2528 καὶ
2389 2474 2666 2545 μέριμναν
2702 2473 2834 2544 περὶ
2875 2467 2952 2526 ὧν
2986 2468 3190 2541 ἤμελλε
3238 2467 3412 2538 δῆθεν
3442 2468 3612 2536 ἀμαρ-

2021 2563 2186 2634 τῆσαι
2212 2579 2230 2594 ο
2262 2561 2363 2615 καὶ
2383 2559 2558 2625 οὕτως
2596 2559 2828 2628 ἐξέφυγε
2875 2557 2937 2611 τὸ
2970 2556 3301 2626 κατακρῖναι
3350 2552 3444 2606 τὸν
3482 2552 3613 2621 πλη-

2025 2657 2158 2711 σίον.
2186 2656 2296 2710 Καὶ
2324 2654 2426 2707 οὐκ
2464 2651 2711 2724 ἠρκέσθη
2739 2651 2845 2714 ἕως
2882 2648 3099 2712 τούτου,
3124 2646 3263 2703 ἀλλά
3302 2648 3407 2700 καὶ
3431 2646 3613 2700 ἑαυτὸν

2024 2748 2216 2802 ἔϐαλεν
2251 2746 2515 2800 ὑποκάτω
2552 2743 2720 2798 αὐτοῦ
2754 2742 2930 2812 λέγων
2953 2755 2968 2769 ·
2995 2739 3108 2794 Kal.
3148 2739 3335 2803 οὕτως
3381 2738 3478 2810 μὲν
3524 2753 3616 2807 με·

2024 2842 2208 2895 τανοεῖ
2230 2840 2358 2911 περὶ
2391 2839 2490 2907 τῆς
2521 2837 2801 2909 ἁμαρτίας
2825 2832 3017 2900 αὐτοῦ,
3057 2834 3170 2902 ἐγὼ
3200 2832 3258 2886 δὲ
3287 2833 3357 2886 οὐ
3405 2832 3615 2895 πάντως

2030 2930 2301 3002 μετανοῶ,
2356 2931 2417 2983 οὐ
2467 2929 2686 2991 πάντως
2728 2927 2937 2996 φθάνω,
2961 2926 3023 2979 οὐ
3057 2925 3276 2988 πάντως
3302 2923 3338 2977 ὅ
3368 2940 3419 2977 τι
3457 2921 3617 2993 ἰσχύω

2031 3022 2387 3095 μετανοῆσαι.
2442 3019 2674 3084 Βλέπεις
2740 3018 2895 3081 θείας
2946 3016 3127 3088 ψυχῆς
3176 3015 3488 3087 φωτισμὸν,
3541 3014 3618 3068 ὅτι

343 3099 473 3152 simi
523 3098 827 3167 judicium,
878 3113 1067 3152 verum
1104 3098 1263 3152 etiam
1309 3099 1543 3168 seipsam
1579 3099 1925 3157 bumiliavit?

2034 3117 2093 3169 οὐ
2133 3115 2294 3186 μόνον
2331 3111 2571 3184 ἠδυνήθη
2614 3110 2874 3177 ἐκφυγεῖν
2898 3106 2961 3161 τὸ
3002 3108 3335 3178 κατακρῖναι
3368 3105 3457 3158 τὸν
3486 3104 3618 3173 πλη-

342 3190 407 3243 At
439 3205 536 3244 nos
575 3189 817 3243 infelices
846 3189 1052 3258 absque
1087 3190 1193 3243 ulla
1237 3188 1565 3245 discretione
1587 3191 1918 3259 judicamus,

344 3282 470 3335 odio
499 3283 784 3347 habemus,
828 3280 1232 3336 contemnimus
1269 3281 1535 3351 quidquid
1580 3283 1876 3338 viderimus
1904 3325 1921 3350 ,

344 3372 737 3437 audiret-imus,
771 3373 1026 3443 suspicati
1068 3371 1371 3440 fuerimus;
1420 3374 1676 3443 quodque
1704 3377 1925 3445 gravius

346 3477 432 3523 est
461 3467 652 3531 multo,
687 3480 795 3520 non
839 3465 1079 3520 contenti
1128 3464 1329 3519 damno
1370 3474 1576 3531 nostro,
1610 3475 1834 3524 caeteros
1872 3468 1925 3522 iu

347 3570 693 3609 communem
722 3552 935 3607 ruinam
971 3553 1272 3607 trahimus:
1308 3552 1526 3607 obvium
1555 3555 1701 3609 enim
1732 3570 1928 3624 quem-

347 3661 565 3713 cunque
601 3644 956 3700 habuerimus
997 3659 1063 3698 ex
1109 3641 1412 3710 fratribus,
1443 3645 1520 3698 illi
1563 3646 1748 3700 statim
1794 3647 1932 3703 dici-

348 3755 474 3794 mus
524 3738 627 3793 hoc
653 3746 709 3792 et
752 3738 852 3792 hoc
894 3734 1098 3792 factum
1130 3752 1253 3792 esse
1282 3754 1296 3804 ;
1343 3736 1502 3806 eique
1537 3737 1736 3807 pariter
1769 3754 1933 3794 uoce-

348 3845 493 3893 mus,
518 3830 645 3889 dum
671 3829 819 3884 cordi
849 3828 968 3899 ejus
998 3843 1192 3898 pravas
1216 3828 1577 3893 cogitationes
1610 3829 1928 3899 ingerimus.

348 3920 460 3979 Nec
502 3919 858 3976 formidamus
905 3919 1328 3975 comminantem
1365 3935 1427 3974 ac
1472 3918 1784 3976 dicentem:
1844 3920 1934 3977 Vw

349 4016 439 4082 qui
467 4014 711 4082 proximo
750 4014 989 4083 propinat
1035 4010 1303 4067 turbidam
1344 4012 1744 4069 eversionemd!
1777 4013 1933 4080 Quod

350 4121 488 4174 Opus
518 4121 647 4161 sane
674 4105 982 4161 daemonum
1027 4113 1148 4171 est;
1186 4104 1301 4159 haec
1344 4118 1470 4159 cum
1505 4103 1756 4170 facimus,
1787 4106 1936 4161 nulla

353 4198 508 4253 nobis
535 4213 665 4252 cura
707 4206 809 4251 est.
842 4195 982 4263 Quid
1024 4195 1170 4249 aliud
1217 4194 1427 4251 daemon
1462 4211 1627 4266 quam
1655 4197 1852 4251 damna
1883 4204 1939 4252 et

354 4289 693 4343 turbationes
722 4304 936 4343 movere
962 4287 1189 4342 studet?
1227 4287 1415 4357 Itaque
1449 4302 1638 4357 parum
1671 4302 1701 4341 a
1735 4287 1939 4342 daemo-

353 4382 513 4437 nibus
533 4381 735 4451 quibus
756 4394 1117 4448 cooperamur
1137 4379 1192 4432 in
1216 4380 1433 4433 ruinam
1464 4389 1708 4435 nostram
1739 4387 1793 4434 et
1813 4395 1941 4448 pro.

2032 3210 2170 3272 σίον,
2197 3207 2333 3262 ἀλλὰ
2357 3207 2454 3260 καὶ
2483 3204 2679 3260 ἑαυτὸν
2711 3203 2942 3257 δέδωκεν
2965 3202 3225 3255 ὑποκάτω
3267 3198 3443 3253 αὐτοῦ
3471 3214 3485 3265 ;
3512 3197 3619 3251 Καὶ

2031 3299 2195 3369 ἡμεῖς
2215 3297 2266 3350 oi
2288 3295 2463 3350 ἄθλιοι
2485 3292 2793 3364 ἀδιαφόρως
2819 3292 3245 3363 κατακρίνομεν,
3267 3287 3617 3360 ἀηδιζόμεθα,

2032 3387 2449 3457 ὲξουδενοῦμενο
2489 3388 2544 3439 ετ
2578 3403 2630 3439 τι
2674 3384 2876 3455 δήποτε
2914 3381 3009 3437 ἐὰν
3048 3382 3272 3451 ἴδωμεν,
3308 3379 3348 3452 ἢ
3384 3377 3623 3434 ἀκούσωο

2038 3496 2159 3549 μεν,
2187 3478 2222 3548 ἢ
2249 3478 2641 3546 ὑπονοήσωμεν
2667 3491 2681 3507 ⁸
2710 3473 2772 3527 τὸ
2809 3471 3113 3542 δεινότερον
3137 3471 3219 3524 ὅτι
3240 3469 3302 3524 οὗ
3335 3470 3499 3541 μέχρι
3528 3467 3623 3537 τῆς

2039 3572 2177 3634 ίδίας
2206 3570 2410 3641 βλάϐης
2450 3567 2600 3638 αὐτῷ
2635 3564 2927 3636 ίστάμεθα,
2959 3562 3098 3617 ἀλλὰ
3128 3560 3467 3631 ἀπαντῶμεν
3486 3558 3623 3629 ἄλλῳ

2036 3662 2274 3733 ἀδελφῷ,
2315 3662 2411 3715 καὶ
2438 3661 2644 3723 εὐθέως
2678 3658 2932 3728 λέγωμεν
2975 3655 3158 3724 αὐτῷ·
3194 3653 3324 3707 Τόδε
3372 3654 3468 3708 καὶ
3511 3651 3623 3705 τόδε

2038 3755 2256 3824 ἐγένετο
2280 3770 2293 3784 ·
2324 3752 2419 3806 καὶ
2451 3751 2787 3820 βλάπτομεν,
2818 3750 3074 3801 κάκεῖνον
3106 3744 3400 3816 βάλλοντες
3424 3744 3505 3807 είς
3531 3742 3625 3813 τὴν

2039 3845 2266 3918 καρδίαν
2295 3842 2461 3896 αὐτοῦ
2486 3840 2782 3912 ἁμαρτίαν.
2813 3838 2924 3892 Καὶ
2951 3839 3012 3891 οὐ
3049 3834 3372 3906 φοϐούμεθα
3422 3833 3513 3888 τδν
3549 3834 3627 3887 εί-

2040 3940 2243 3991 πὸντα·
2283 3936 2450 3998 Οὐαί,
2481 3938 2513 3989 ό
2559 3933 2811 3993 ποτίζων
2833 3933 2940 3985 τὸν
2961 3929 3233 3997 πλησίον
3265 3927 3457 3984 αὐτοῦ
3485 3927 3628 3982 dra-

2041 4032 2274 4101 τροπὴν
2312 4027 2609 4097 θολεράν·
2648 4025 2789 4080 ἀλλὰ
2829 4023 3091 4094 ποιοῦμεν
3136 4022 3298 4093 ἔργον
3331 4019 3625 4092 δαιμόνων.

2044 4126 2138 4180 καὶ
2171 4125 2233 4177 οὐ
2291 4121 2443 4193 μέλει
2479 4122 2630 4190 ἡμῖν.
2687 4119 2753 4172 Τί
2789 4119 2897 4189 γὰρ
2942 4117 3073 4171 ἄλλο
3117 4115 3230 4184 ἔχει
3261 4114 3491 4184 ποιῆσαι
3523 4109 3629 4163 δαί-

2048 4234 2185 4288 μων,
2218 4216 2266 4267 εί
2303 4213 2377 4285 μὴ
2422 4211 2656 4284 ταράξαι
2692 4210 2788 4264 καὶ
2829 4209 3062 4280 suum;
3124 4206 3219 4258 καὶ
3258 4200 3629 4275 εὑρισκόμεθα

2047 4308 2440 4380 συνεργοῦντες
2476 4308 2590 4368 τοῖς
2612 4303 2864 4374 δαίμοσιν
2890 4303 2969 4362 είς
2997 4296 3275 4352 ἀπώλειαν
3297 4292 3509 4348 ἑαυτῶν
3534 4291 3620 4345 καὶ

2048 4400 2143 4453 τοῦ
2191 4398 2441 4467 πλησίον.
2503 4397 2562 4448 '0
2611 4396 2723 4464 γὰρ
2780 4392 3035 4462 βλάπτων
3098 4388 3300 4460 ψυχὴν,
3343 4389 3461 4448 τοῖς
3512 4381 3628 4437 δαί-

352 4473 646 4529 ximornm.
677 4471 881 4525 distare
912 4471 1230 4540 probamur.
1263 4468 1367 4536 Qui
1400 4471 1545 4526 enim
1579 4472 1817 4526 animam
1844 4471 1926 4527 lae-

2049 4511 2175 4566 μοσι
2226 4493 2480 4564 συνεργεῖ
2516 4488 2612 4543 καὶ
2671 4486 2874 4559 βοηθεῖ.
2923 4485 3136 4554 Ὥσπερ
3167 4481 3263 4534 καὶ
3312 4480 3341 4534 ό
3385 4474 3627 4547 ὠφελῶν,

352 4557 454 4622 dit,
484 4565 809 4627 coeperatur
840 4557 1093 4623 daemoni,
1125 4559 1286 4628 eique
1337 4560 1597 4613 auxilium
1648 4558 1769 4613 fert.
1810 4558 1939 4615 Item

354 4651 402 4705 is
431 4647 554 4717 quis
586 4649 783 4702 animae
813 4648 1055 4717 prodest,
1098 4657 1412 4705 sanctorum
1451 4649 1770 4720 angelorum
1810 4665 1942 4706 coo-

352 4753 478 4809 pera
488 4747 572 4791 tor
600 4745 702 4794 est.

425 4826 539 4882 Vll.
576 4828 746 4898 Cujus
774 4829 851 4883 rei
899 4845 1064 4886 causa
1113 4840 1218 4897 est,
1253 4830 1380 4901 quia
1414 4831 1467 4885 iu
1498 4830 1657 4887 nobis
1684 4830 1770 4886 vel
1796 4831 1944 4887 nulla

352 4921 439 4977 vel
471 4920 664 4991 exigua
691 4921 932 4977 charitas
963 4932 1065 4978 est.
1104 4922 1179 4977 Ea
1210 4923 1355 4980 enim
1384 4924 1710 4994 compatitur
1733 4932 1788 4980 et
1809 4940 1944 4980 con-

356 5008 564 5073 teritur,
587 5023 712 5063 cum
739 5009 1114 5079 proximorum
1143 5022 1365 5082 peccata
1386 5011 1602 5076 viderit,
1628 5022 1689 5067 ut
1709 5013 1941 5069 dicitur:

2051 4587 2303 4659 συνεργεῖ
2328 4587 2444 4646 τοῖς
2471 4582 2650 4652 ἁγίοις
2688 4578 2959 4648 ἀγγέλοις.

2121 4823 2199 4877 Z'.
2232 4819 2415 4875 Πόθεν
2466 4817 2525 4871 δὲ
2571 4816 2855 4887 πάσχομεν
2892 4813 3087 4877 ταῦτα,
3132 4812 3181 4865 εί
3223 4809 3298 4882 μὴ
3327 4811 3390 4863 ὲκ
3430 4806 3523 4861 τοῦ
3563 4806 3633 4876 μὴ

2050 4911 2198 4985 ἔχειν
2239 4913 2389 4987 qua;
2434 4908 2699 4978 ἀγάπην;
2742 4908 2791 4959 εί
2838 4908 2947 4977 γὰρ
2977 4904 3202 4975 εἴχομεν
3237 4901 3460 4969 ἀγάπην
3502 4898 3633 4969 μετὰ

2052 5005 2402 5078 συμπαθείας
2424 5004 2518 5057 καὶ
2544 5002 2730 5066 πόνου,
2780 4996 3095 5070 ἠμελοῢμεν
3120 4995 3340 5067 βλέπειν
3384 4991 3452 5046 τὰ
3483 4991 3633 5043 ἐλατ-

358 5102 497 5167 Quia
525 5101 759 5155 charitas
799 5104 967 5171 operit
1006 5080 1398 5157 multitudinem
1432 5112 1769 5173 peccatorum
1798 5112 1845 5159 ⁸.
1880 5103 1922 5158 Ε

2047 5099 2279 5171 τώματα
2316 5095 2412 5150 τοῦ
2453 5093 2714 5166 πλησίονο
2749 5089 2933 5155 καθὼς
2977 5090 3152 5158 λέγει,
3179 5087 3312 5141 ’Ότι
3359 5080 3633 5155 ἦάγάπη

360 5194 589 5248 iterum:
623 5189 872 5247 Charitas
904 5210 1004 5246 non
1036 5194 1234 5264 cogitat
1258 5193 1460 5247 malum
1491 5192 1537 5261 ἲ,
1571 5204 1624 5250 et
1651 5197 1833 5251 omnia
1855 5212 1947 5251 ce-

2048 5192 2341 5247 καλύπτει
2358 5187 2592 5256 πλῆθος
2619 5184 2938 5257 ἁμαρτιῶν.
2959 5182 3070 5237 1ζαῖ⁹
3100 5180 3263 5234 πάλιν
3292 5198 3305 5209 ·
3345 5178 3419 5234 Ἦ
3440 5175 3637 5245 ἀγάπη

358 5285 455 5340 lat.
485 5283 595 5341 Nos
628 5285 793 5357 igitur
827 5285 871 5340 si
914 5286 1235 5341 charitatem
1267 5287 1616 5354 haberemus,
1649 5288 1831 5344 onmia
1867 5298 1926 5343 te-

2047 5284 2121 5338 οὑ
2152 5279 2445 5351 λογίζεται
2469 5278 2536 5333 τὸ
2574 5278 2764 5333 κακόν
2783 5293 2797 5308 ο
2825 5276 3005 5331 πάντα
3028 5273 3211 5343 στέγει
3235 5289 3250 5304 ο
3278 5271 3374 5326 καὶ
3403 5270 3472 5322 τὰ
3494 5267 3637 5336 ἑξῆς.

361 5389 634 5444 geremus,
676 5374 859 5430 omnia
895 5375 1370 5432 dissimularemus
1394 5416 1409 5443 ,
1444 5386 1502 5433 ut
1536 5376 1738 5433 factum
1785 5389 1869 5433 est
1913 5392 1943 5431 a

361 5465 659 5536 majoribus
688 5468 911 5533 nostris,
941 5469 1071 5524 dum
1103 5470 1297 5526 delicta
1325 5471 1607 5526 hominum
1631 5482 1938 5528 ceinerent.

364 5553 470 5614 Sed
491 5572 560 5614 an
591 5573 764 5616 caecos
792 5560 916 5618 illos
951 5560 1189 5618 fortasse
1246 5561 1558 5633 opinamur?
1587 5563 1758 5619 absit!
1798 5562 1938 5619 Czcci

2050 5376 2161 5431 Καὶ
2193 5376 2357 5445 ἡμεῖς
2394 5371 2507 5437 οὖν,
2544 5372 2621 5435 ὼς
2659 5367 2835 5435 εἷπον,
2882 5369 2931 5421 εἰ
2968 5367 3189 5438 εἴχομεν
3242 5364 3343 5436 τὴν
3393 5361 3638 5430 ἀγάπην,

2054 5466 2193 5538 αὑτὴ
2224 5468 2257 5538 ἡ
2283 5466 2472 5536 ἀγάπη
2504 5463 2810 5517 ὲσκέπασεν
2857 5460 3088 5514 ἕκαστον
3134 5457 3371 5528 πρᾶγμα
3397 5469 3411 5486 ο
3452 5450 3638 5518 ὥσπερ

2055 5560 2146 5612 καὶ
2169 5561 2218 5612 οἱ
2244 5559 2387 5623 ἅγιοι
2412 5556 2699 5626 βλέποντες
2721 5552 2791 5608 τὰ
2812 5550 3174 5622 ἐλαττώματα
3191 5546 3298 5605 τῶν
3313 5544 3412 5602 ἀνθ
3419 5546 3635 5619 ρώπων.

437 5734 693 5793 1Hahae.
742 5756 802 5807 ιι,
849 5741 933 5797 15.
1015 5751 1040 5781 ο
1078 5739 1186 5797 Iac.
1224 5758 1275 5807 ν,
1315 5742 1416 5809 Ιθ;
1446 5740 1463 5794 1
1499 5741 1640 5800 Pctr.
1683 5759 1752 5805 ιγ,
1782 5743 1831 5793 8.
1876 5741 1892 5779 τ

2034 5756 2106 5796 Dl'.
2146 5754 2262 5804 ιιιιι,
2295 5740 2344 5793 5.
