4020 6418
293 336 422 404 1693

1685 331 2076 409 DOCTRINA
2107 332 2207 391 vr.

3460 319 3596 387 1694

290 456 378 523 Μὴ
436 450 548 520 γάρ
593 448 782 518 τυφλοί
834 450 972 503 εἰσιν
1001 449 1050 502 οἱ
1081 448 1249 517 ἅγιοι,
1284 446 1398 500 ἀλλ’
1431 445 1491 499 ού
1523 406 1793 516 βλέπουσι⁷
1817 444 1886 498 τὰ
1917 451 1934 505 Α

2041 445 2058 498 l
2098 455 2323 515 peccata
2366 444 2650 500 hominum
2692 450 2869 499 erant.
2911 440 3014 509 Qui
3066 448 3247 496 autem
3301 438 3593 494 hominum

290 545 665 615 ἁμαρτήματα
689 558 705 608 ;
731 542 826 604 Τίς
856 540 914 593 δέ
954 541 1047 594 καὶ
1080 541 1229 608 μισεῖ
1253 537 1427 601 οὕτως
1459 537 1558 609 τὴν
1585 537 1885 609 ἁμαρτίαν,

297 638 373 700 ὡς
403 635 589 704 ἃγιοις
624 633 737 685 Καὶ
770 632 918 702 ὅμως
949 632 1010 685 οὐ
1060 628 1281 700 μισοῦσι
1333 629 1427 682 τὸν
1478 628 1887 699 ἁμαρτάνοντα,

292 728 411 783 οὐδέ
453 723 900 795 κατακρίνουσιν.
951 723 1053 775 οὐκ
1074 720 1533 790 ἀποστρέφονται,
1566 716 1704 772 ἀλλὰ
1749 734 1892 788 συμ-

293 821 589 887 πάσχουσι,
638 814 972 878 νουθετοῦσι,
1010 811 1417 883 παρακαλοῦσι,
1465 809 1890 882 θεραπεύουσιν,

292 908 365 970 ὡς
415 906 579 977 μέλος
629 903 892 959 ἀσθενοῦν
919 919 932 933 ο
978 904 1158 958 πάντα
1213 903 1450 965 ποιοῦσι,
1482 902 1592 956 διὰ
1632 901 1695 954 τὸ
1722 898 1896 954 σῶσαι

294 1000 477 1053 αὐτόν.
509 999 724 1068 Ὥσπερ
762 998 812 1050 οἱ
843 996 1015 1060 ἁλιεῖς
1041 996 1131 1049 ὅτε
1162 994 1453 1065 βάλλουσιν
1488 993 1787 1062 ἄγκιστρον
1814 992 1895 1055 εἰς

294 1091 393 1162 τὴν
455 1090 755 1154 θάλασσαν,
814 1088 910 1143 καὶ
949 1088 1289 1158 κρατήσουσι
1362 1086 1538 1157 μέγαν
1593 1084 1747 1156 ἰχθὺν
1805 1083 1902 1137 καὶ

295 1181 618 1247 αἴσθωνται,
635 1182 716 1234 ὅτι
737 1180 1073 1253 ταράσσεται
1098 1179 1194 1232 καὶ
1212 1179 1461 1244 ἁτακτεῖ,
1478 1178 1579 1231 οὐκ
1595 1176 1797 1239 εὐθέως
1809 1175 1905 1228 καὶ

298 1273 558 1345 ἐπαχθῶς
578 1272 830 1326 ἕλκουσιν
849 1271 1034 1337 αὐτὸν,
1058 1271 1180 1325 ἐπεὶ
1211 1271 1479 1326 κόπτεται
1500 1270 1561 1323 τὸ
1587 1270 1788 1341 ῥάμμα
1809 1268 1906 1321 καὶ

305 1367 531 1432 τελείως
577 1367 895 1422 ἀπόλλυται.
932 1364 1093 1420 Ἀλλὰ
1149 1363 1444 1418 ἐνδιδοῦσιν
1489 1360 1641 1432 αύτῷ
1683 1358 1904 1430 εὐφυῶς

305 1464 365 1516 τὸ
400 1463 616 1534 ῥάμμα,
644 1460 739 1515 καὶ
760 1460 989 1528 ἀφιᾶσιν
1015 1458 1202 1526 αὐτὸν,
1240 1459 1431 1529 φησιν,
1480 1454 1739 1510 ἀπελθεῖν
1768 1454 1904 1507 ὅπου

310 1554 456 1608 θέλει
479 1571 493 1587 ο
538 1552 634 1606 καὶ
666 1553 753 1606 ὅτε
783 1551 1033 1622 μάθωσιν
1078 1553 1161 1606 ὅτι
1202 1549 1472 1621 ὴπόνησε,
1505 1548 1601 1602 καὶ
1632 1546 1908 1619 ἡσύχασεν

310 1646 422 1701 ἀπὸ
444 1645 543 1716 τῆς
566 1645 744 1716 ὁρμῆς
771 1644 959 1709 αὐτοῦ,
992 1644 1119 1697 τότε
1163 1642 1425 1715 ἄρχονται
1452 1641 1615 1695 πάλιν
1651 1638 1794 1692 κατὰ
1823 1655 1913 1709 μι-

314 1737 448 1806 κρὺν
491 1734 676 1805 σύρειν
733 1735 917 1788 αὐτόν.
969 1733 1160 1793 Οὕτως
1210 1733 1304 1786 καὶ¹
1341 1732 1392 1785 οἱ
1428 1731 1575 1800 ἅγιοι
1606 1733 1675 1803 τῇ
1707 1746 1915 1801 μακρο-

1994 538 2075 593 sic
2109 537 2273 593 odere
2333 546 2553 607 peccata
2599 546 2659 593 ut
2692 536 2890 601 sancti,
2933 548 3112 603 neque
3147 541 3327 586 tamen
3363 544 3602 601 peccan—

1995 636 2101 681 tem
2136 627 2264 681 odio
2286 628 2549 691 habuere,
2583 641 2692 681 non
2726 634 3122 695 contempsere,
3153 636 3261 676 non
3286 627 3603 675 averterunt

1996 732 2120 773 sese
2162 717 2231 771 ab
2260 731 2345 772 eo.
2399 717 2505 772 Sed
2538 716 2940 786 compatientes
2988 713 3357 775 admonuere,
3396 704 3603 764 hortati

1998 821 2150 874 sunt,
2184 816 2449 865 curarunt
2490 818 2552 865 ut
2595 809 2902 864 membrum
2930 806 3128 863 debile.
3168 803 3365 859 Omnia
3393 801 3596 865 fecere,

1999 901 2185 957 omnia
2225 902 2556 961 sustinuere.
2591 909 2652 954 ut
2681 899 2747 954 ad
2789 900 3019 956 salutem
3067 896 3219 951 illum
3256 894 3603 950 reducerent.

2002 995 2205 1050 lmitati
2224 995 2544 1066 piscatores,
2565 993 2680 1063 qui,
2703 1007 2827 1048 cum
2846 994 3050 1063 piscem
3075 990 3249 1044 ullum
3273 988 3606 1042 immensum

2004 1087 2167 1143 hamo
2196 1085 2345 1157 iacto
2375 1084 2656 1155 ceperint.
2693 1084 2787 1139 ubi
2842 1083 2993 1137 illum
3044 1080 3244 1135 fluctus
3281 1079 3515 1133 miscere
3553 1086 3609 1133 et

2005 1194 2205 1249 magna
2238 1177 2291 1231 vi
2319 1176 2537 1231 concuti
2570 1176 2836 1237 sentiunt,
2869 1188 2978 1227 non
3000 1187 3124 1226 cum
3149 1170 3334 1225 subito
3363 1167 3429 1222 ad
3457 1167 3609 1220 littus

2008 1272 2239 1325 trahunt
2287 1283 2413 1323 cum
2450 1267 2691 1336 impetu.
2723 1265 2925 1333 alioqui
2967 1262 3357 1333 prieseinderet
3398 1259 3608 1321 funem,

2011 1364 2258 1433 liberque
2291 1360 2546 1417 evaderet
2583 1358 2879 1423 molestia;
2928 1355 3025 1411 sed
3071 1353 3266 1410 callide
3299 1352 3483 1406 funem
3528 1350 3610 1421 illi

2013 1454 2318 1517 remittunt,
2348 1452 2649 1522 sinuntque
2684 1448 2923 1504 molliter
2953 1455 3177 1501 enatare
3214 1458 3323 1514 quo
3353 1442 3607 1497 voluerit.

2011 1548 2081 1602 At
2106 1546 2195 1602 ubi
2218 1552 2597 1617 cognoverunt
2617 1542 2906 1599 remissam
2937 1540 3077 1594 iram
3097 1546 3153 1593 et
3175 1537 3463 1598 fervorem,
3488 1548 3616 1588 seu-

2014 1641 2118 1698 sim
2157 1640 2312 1694 illum
2360 1637 2631 1707 incipiunt
2673 1635 2915 1696 trahere,
2959 1632 3151 1702 sicque
3184 1635 3346 1698 capto
3390 1626 3616 1696 potiun-

2017 1743 2129 1788 tur.
2173 1735 2246 1786 lta
2276 1731 2376 1785 viri
2424 1729 2598 1785 sancti
2638 1742 2765 1783 cum
2808 1724 3074 1796 patientia
3121 1730 3176 1777 et
3205 1719 3476 1777 charitate
3505 1715 3619 1771 fra-

317 1828 493 1900 θυμία
520 1826 616 1880 καὶ
655 1829 719 1897 τῇ
749 1827 940 1897 ἀγάπῃ
973 1826 1193 1878 ἕλκουσι
1243 1825 1336 1878 τὸν
1385 1823 1635 1891 ἀδελφὸν,
1686 1822 1783 1875 καὶ
1819 1822 1921 1874 οὐκ

2041 1839 2163 1878 .rem
2207 1823 2452 1888 trahunt,
2492 1834 2669 1889 neque
2706 1819 2883 1887 ipsum
2914 1814 3162 1870 calcibus
3195 1813 3477 1880 appetunt,
3524 1812 3620 1860 aut

321 1919 750 1975 ἀπολακτιοῢσιν
809 1919 905 1972 ἀπ’
940 1916 1131 1980 αύτοῦ,
1187 1915 1311 1968 ούδέ
1358 1913 1672 1983 ἀηδίζονται
1718 1909 1917 1966 αὐτόν’

325 2013 442 2067 ἀλλ’
474 2013 664 2082 ὥσπερ
699 2012 732 2077 ἡ
774 2013 959 2082 μήτηρ
988 2009 1081 2064 ἐὰν
1114 2008 1213 2080 ἔχῃ
1240 2008 1354 2060 υἱὸν
1394 2006 1666 2077 ἄμορφον,
1700 2004 1799 2058 ούκ
1824 2004 1926 2074 ἀη-

329 2105 538 2168 δίζεται
561 2103 750 2166 αὐτοῦ,
773 2103 896 2155 ούδέ
919 2102 1345 2173 ἀποστρέφεται,
1371 2098 1506 2153 ἀλλὰ
1534 2099 1627 2152 καὶ
1646 2095 1813 2168 ἡδέως
1838 2112 1928 2148 xo-

332 2195 463 2263 σμεῖ
503 2192 685 2257 αὐτὸν,
730 2193 824 2245 καὶ
863 2193 918 2245 εἰ
953 2209 1005 2246 τι
1043 2192 1246 2262 δήποτε
1287 2193 1433 2244 ποιεῖ
1473 2188 1643 2243 διὰτὸ
1689 2186 1929 2259 χαριτῶ-

333 2301 424 2337 σαι
454 2285 615 2338 αὐτόν
639 2300 655 2316 ο
691 2284 864 2347 οὕτως
892 2284 982 2338 ἀεὶ
1002 2283 1290 2348 σκέπουσι,
1322 2281 1644 2354 κοσμοῦσιν,
1668 2279 1931 2350 ἀντιλαμ-

332 2378 609 2440 ϐάνονται,
636 2378 724 2431 ἵνα
754 2377 962 2430 καὶτὸν
991 2376 1252 2430 πταίοντα
1297 2375 1437 2429 κατὰ
1472 2372 1666 2443 καιρὸν
1698 2370 1928 2442 διορθώ-

208 2512 228 2521 -
332 2486 562 2530 σωνται,
594 2470 690 2524 καὶ
723 2471 859 2541 μήτε
885 2469 1044 2522 ἄλλον
1082 2468 1287 2521 ἐάσωσι
1337 2465 1605 2536 βλαϐῆναι
1649 2464 1709 2530 ἐξ
1742 2459 1932 2527 αὐτοῦ,

2025 1915 2152 1969 odio
2181 1913 2518 1968 insectantur
2548 1928 2563 1965 :
2598 1907 2693 1965 sed
2733 1906 2900 1962 veluti
2945 1913 3119 1959 mater
3148 1914 3270 1971 quae
3313 1898 3618 1953 deformem

2028 2006 2197 2061 filium
2237 2003 2469 2075 peperit,
2503 2016 2611 2056 non
2646 2015 2771 2055 eum
2809 1996 3020 2067 spernit
3050 1994 3176 2064 quia
3215 1990 3478 2047 deformis
3510 1995 3619 2051 est,

2029 2099 2124 2155 sed
2160 2107 2409 2152 materno
2436 2109 2643 2159 amore,
2674 2089 3056 2147 benevolentia
3099 2094 3155 2142 et
3201 2081 3623 2139 mansuetudine

2030 2201 2283 2248 ornatum
2317 2187 2515 2247 reddit,
2549 2193 2603 2239 et
2629 2180 2896 2254 quidquid
2938 2187 3151 2250 gratum
3184 2174 3397 2230 noverit
3422 2212 3436 2237 ,
3470 2171 3622 2226 facit-

2033 2286 2124 2341 Sic
2153 2283 2226 2338 illi
2262 2292 2603 2352 peceatorem
2626 2289 2840 2344 semper
2863 2272 3192 2342 suspiciunt,
3220 2274 3444 2325 ornant.
3466 2272 3622 2319 tuen-

2032 2387 2144 2440 tur,
2179 2379 2489 2445 protegunt,
2518 2379 2575 2423 ut
2607 2366 2826 2422 tandem
2857 2379 2982 2418 eum
3013 2368 3275 2416 revocent
3303 2365 3358 2411 et
3388 2356 3625 2424 erigant,

2035 2443 2212 2539 neque
2245 2465 2386 2520 alius
2415 2462 2487 2518 ab
2519 2459 2864 2521 eolaedatur,
2886 2455 2988 2525 ipsi
3016 2466 3147 2507 vero
3180 2449 3354 2520 magis
3389 2446 3443 2501 in
3467 2443 3631 2499 Chri-

330 2561 429 2612 καὶ
459 2559 545 2611 ἵνα
570 2559 666 2611 καὶ
695 2540 853 2612 αὐτοὶ
884 2557 1149 2628 μειζόνως
1176 2554 1530 2627 προκόψωσιν
1552 2555 1631 2618 εἰς
1662 2552 1762 2624 τὴν
1794 2550 1934 2621 ἀγά-

2041 2557 2110 2612 sti
2134 2556 2457 2611 charitatem
2487 2548 2795 2620 proﬁciant.
2823 2545 2903 2599 Ita
2934 2558 3066 2598 sane
3089 2540 3217 2596 fecit
3240 2542 3471 2594 Ammon
3500 2549 3631 2589 san-

331 2667 447 2719 πην
500 2649 592 2702 τοῦ
629 2622 897 2718 Χριστοῦξ
927 2650 992 2702 Τί
1046 2622 1308 2719 ἐποίησεν
1340 2622 1378 2700 ὁ.
1416 2646 1573 2716 ἅγιος
1614 2622 1934 2717 Ἀμμωνᾶς,

2041 2644 2340 2707 ctissimus,
2371 2655 2496 2695 cum
2541 2638 2609 2693 ad
2642 2651 2769 2692 eum
2800 2633 3081 2689 venissent
3110 2628 3309 2684 fratres
3350 2625 3431 2680 ira
3461 2633 3516 2678 et
3543 2622 3632 2676 fu-

330 2743 425 2796 ὂτε
453 2738 616 2812 ἦλθον
644 2742 693 2794 οἱ
739 2741 959 2803 ἀδελφοὶ
1012 2743 1210 2794 ἐκεῖνοι
1253 2716 1689 2811 ταρασσόμενοι,
1721 2737 1816 2790 καὶ
1847 2736 1934 2790 λέ-

2041 2751 2168 2793 rore
2191 2733 2358 2806 pleni,
2388 2730 2538 2802 quod
2567 2728 2854 2784 mulierem
2887 2725 2942 2780 iu
2984 2723 3116 2780 cella
3151 2717 3403 2776 monachi
3431 2716 3628 2784 deprc-

332 2805 529 2904 γουσιν
573 2832 758 2901 αὐτῷ·
795 2852 812 2884 ι
862 2832 1039 2897 mea,
1095 2832 1264 2903 βλέπε
1310 2805 1392 2896 τε,
1450 2805 1612 2885 esea.
1664 2830 1747 2883 ὅτι
1802 2829 1934 2899 γυνὴ

2043 2805 2382 2884 hcndissent.
2408 2822 2683 2890 Quantum
2707 2820 2853 2874 enim
2882 2813 3252 2872 miserationis
3274 2819 3328 2866 et
3352 2805 3637 2863 charitatis

333 2928 489 2979 ἐστιν
519 2927 596 2988 εἰς
641 2924 700 2977 τὸ
758 2923 968 2976 κελλίον
1018 2923 1173 2976 τοῦδε
1233 2921 1328 2974 τοῦ
1384 2919 1655 2989 ﬁdem};
1699 2938 1718 2972 ι
1759 2918 1934 2989 Πόσην

2044 2921 2095 2976 in
2136 2935 2203 2976 eo
2227 2918 2438 2989 iudicio
2476 2915 2658 2971 anima
2691 2912 2784 2966 illa
2817 2919 3007 2966 sancta
3039 2922 3151 2976 prae
3196 2919 3256 2960 se
3292 2901 3460 2957 tulit?
3496 2897 3638 2989 Nam

334 3017 744 3086 εὐσπλαγχνίαν
772 3014 1012 3080 scaeam
1039 3032 1055 3080 ;
1086 3014 1264 3083 Πόσην
1292 2988 1705 3082 άγάπηνέσχεν
1747 3010 1780 3079 ἠ
1809 2988 1934 3076 ἁγία

2046 3010 2140 3065 ιιιιί
2174 2988 2430 3075 cognovit
2459 3004 2742 3060 mulierem
2795 2999 2900 3056 sub
2948 2997 3153 3053 doliolo
3196 2994 3367 3047 latere
3393 3030 3407 3050 .
3453 2988 3641 3044 statim

334 3109 488 3182 ψυχὴ
519 3110 703 3179 ἐκεενη
733 3153 741 3162 .
768 3109 937 3171 Γνοὺς
971 3108 1083 3179 γὰρ
1127 3107 1210 3160 ὅτι
1250 3105 1492 3179 ἔκρυψεν
1530 3107 1557 3158 ὁ
1588 3103 1820 3171 ἀδελφὸς
1843 3105 1944 3174 τὴν
1973 3141 2017 3201 C

336 3204 578 3272 γυναῖκα
623 3201 883 3253 ὑποκάτω
916 3199 1011 3252 τοῦ
1046 3198 1327 3270 πιθαρίου,
1365 3196 1642 3261 ἀπελθὼν,
1688 3195 1945 3251 ἐκάθισεν

341 3294 534 3350 ἐπάνω
572 3293 761 3357 αὑτοῦ,
796 3292 891 3345 καὶ
938 3287 1094 3345 εἶπεν
1133 3293 1319 3356 αὐτοῖς
1367 3290 1599 3362 ζητῆσαι
1626 3292 1706 3354 εἰς
1738 3290 1860 3344 ὅλον
1888 3289 1949 3342 τὸ

342 3386 596 3441 κελλίονο
633 3385 726 3439 καὶ
780 3384 855 3448 ὡς
897 3384 995 3454 ούχ
1040 3379 1222 3456 εὗρον,
1263 3382 1412 3452 λέγει
1451 3381 1671 3444 αὐτοῖς·
1719 3379 1778 3433 Ὀ
1816 3378 1950 3443 Θεὸς

347 3480 694 3551 συγχωρήσει
714 3479 841 3549 ὑμῖν
869 3496 882 3510 ·
920 3497 938 3529 ι
966 3477 1083 3542 καὶ,
1114 3477 1301 3549 φησιν,
1334 3475 1570 3547 ᾔσχυνεν
1612 3472 1838 3535 αὐτοὺς,
1856 3472 1953 3525 καὶ

348 3573 475 3643 ἐόόη
485 3590 540 3625 σε
560 3571 652 3625 καὶ
666 3572 846 3634 αὐτοῖς
865 3570 949 3624 ἵνα
971 3569 1045 3640 μὴ
1062 3567 1420 3639 πιστεύσωσιν
1441 3565 1684 3637 εὐχερῶς
1701 3562 1841 3617 κατὰ
1855 3562 1949 3617 τοῦ

349 3664 598 3733 πλησίον.
623 3663 889 3716 Κάκεῖνον
905 3661 959 3714 δὲ
977 3659 1364 3732 ἐσωφρόνισεν.
1388 3658 1463 3729 μὴ
1482 3655 1642 3729 μόνον
1668 3654 1952 3717 σκεπάσας

360 3757 503 3828 μετὰ
535 3754 692 3817 Θεὸν,
745 3751 883 3806 ἀλλὰ
909 3751 1005 3805 καὶ
1032 3750 1470 3820 διορθωσάμενος
1500 3746 1685 3808 αὑτὸν,
1709 3745 1786 3808 ὡς
1826 3740 1953 3815 εὗρε

348 3846 445 3899 τὸν
474 3842 664 3913 καιρὸν
695 3841 1022 3910 ἐπιτήδειον.
1073 3839 1162 3902 Ὣς
1206 3839 1318 3909 γὰρ
1350 3838 1517 3908 μόνου
1550 3836 1823 3906 ἐκράτησε
1852 3835 1953 3904 τὴν

349 3938 512 4006 χεῖρα
539 3932 707 3987 αὐτοῦ
753 3931 874 4002 μεθ’
912 3930 941 3984 ὃ
973 3929 1197 3996 ἐξέϐαλε
1231 3931 1466 3993 πάντας,
1522 3929 1617 3981 καὶ
1647 3922 1805 3981 εἷπεν
1851 3926 1951 3979 αὑ-

2048 3119 2213 3174 super
2238 3100 2369 3155 illud
2399 3098 2558 3162 sedit,
2584 3094 2859 3166 iussitque
2890 3091 3090 3145 fratres
3109 3087 3301 3142 cellam
3323 3082 3642 3138 universam

2047 3172 2315 3268 quaerere.
2346 3190 2450 3258 Qui
2491 3204 2611 3244 cum
2662 3186 2797 3241 nihil
2843 3182 3213 3241 invenissent,
3244 3175 3381 3231 dixit
3408 3172 3474 3228 ad
3503 3185 3640 3226 eos:

2059 3264 2082 3341 ξ
2106 3287 2306 3342 Parcat
2334 3283 2491 3337 vobis
2522 3280 2687 3342 Deus,
2719 3295 2737 3329 ι
2775 3275 3008 3344 illosque
3035 3285 3177 3342 pene
3207 3264 3472 3323 confusos
3502 3276 3649 3333 pra:-

2055 3378 2404 3446 monitosque
2435 3371 2602 3444 5.06
2635 3384 2703 3424 ne
2734 3367 2897 3422 facile
2923 3363 3211 3420 crederent
3232 3359 3495 3415 adversus
3518 3367 3648 3424 pro-

2057 3468 2288 3531 ximum,
2323 3462 2572 3519 dimisit:
2606 3457 2828 3512 fratrem
2862 3461 3046 3509 autem
3092 3451 3271 3513 illum,
3304 3458 3524 3516 tempus
3555 3457 3650 3497 ua-

2058 3565 2181 3611 ctus
2203 3561 2595 3624 opportunum,
2620 3545 2733 3601 Deo
2754 3543 3069 3615 adiuvante,
3088 3539 3328 3596 correxit
3346 3537 3649 3602 erexitque:

2055 3649 2165 3705 illis
2198 3648 2345 3701 enim
2377 3640 2622 3713 explosis
2652 3636 2930 3699 omnibus,
2963 3634 3138 3689 solius
3174 3644 3399 3686 manum
3436 3636 3650 3689 tenens.

2061 3755 2081 3789 (
2110 3736 2310 3792 Curam
2343 3733 2420 3788 tui
2464 3730 2621 3796 habe,
2655 3726 2848 3789 frater,
2896 3724 3069 3788 dixit;
3110 3740 3131 3774 ›
3173 3721 3268 3789 qui
3311 3717 3495 3773 statim
3528 3729 3655 3769 ora-

2054 3828 2207 3882 tione
2234 3830 2599 3893 compunctus
2640 3828 2747 3884 est,
2789 3827 2844 3873 et
2889 3814 3225 3883 benignitate
3268 3818 3324 3865 et
3363 3804 3655 3864 clementia

2054 3918 2228 3989 patris
2257 3922 2509 3972 sanatus.

351 3994 456 4097 :5):
481 4028 563 4082 ὅτι
608 4044 627 4079 ι
672 3994 964 4098 Φρδντισον
1015 3994 1237 4089 ἐαυτοῦ,
1283 4022 1501 4092 ἀδελφὴ
1537 4040 1557 4074 ι
1591 4021 1798 4084 εὐθέως
1823 4013 2152 4088 ἐδυωπήθη
2212 4012 2308 4067 καὶ
2368 4006 2648 4077 κατενύγη
2716 4004 2746 4058 ὁ
2781 4000 3033 4072 ἀδελφὸς,
3077 3996 3280 4061 εὐθέως
3347 3994 3655 4066 ἐνήργησεν

354 4127 435 4187 εἰς
458 4124 556 4196 τὴν
584 4123 766 4195 ψυχὴν
798 4120 966 4176 αὐτοῦ
997 4124 1030 4193 ἡ
1083 4120 1470 4191 φιλανθρωπία
1515 4119 1609 4173 καὶ
1642 4121 1677 4190 ἡ
1723 4116 2044 4189 συμπάθεια
2064 4110 2160 4167 τοῦ
2189 4109 2474 4182 γέροντος.

427 4219 508 4271 Η⁹.
543 4218 656 4270 Καὶ
710 4218 870 4288 ἡμεῖς
917 4210 1012 4270 οὖν
1065 4211 1403 4283 κτησώμεθα
1435 4213 1681 4282 ἀγάπην,
1734 4208 1946 4279 κτησώ-

361 4309 503 4381 μεθα
528 4308 937 4380 εὐσπλαγχνίαν
964 4308 1045 4371 εἰς
1068 4305 1160 4359 τὸν
1194 4304 1448 4377 πλησίον,
1472 4304 1563 4358 ἵνα
1582 4301 1955 4374 φυλαχθῶμεν

359 4402 468 4456 ἀπὸ
500 4402 599 4472 τῆς
625 4401 806 4470 δεινῆς
852 4398 1210 4465 καταλαλιᾶς,
1262 4398 1359 4452 καὶ
1393 4395 1489 4451 τοῦ
1532 4397 1885 4468 κατακρῖναι,
1921 4392 1955 4465 ἢ

359 4491 717 4557 ἐξουδενῶσαί
771 4508 921 4548 τινα.
956 4491 1328 4562 Βοηθήσωμεν
1362 4487 1642 4560 ἀλλήλοις,
1679 4487 1757 4550 ὡς
1805 4484 1959 4548 ἰδίοις

2135 4180 2278 4257 Vill.
2318 4198 2387 4254 Et
2422 4212 2525 4252 nos
2556 4195 2723 4266 igitur
2750 4192 2803 4247 in
2844 4188 3006 4246 nobis
3032 4187 3317 4242 faveamus
3344 4180 3657 4241 humanita-

2061 4306 2171 4354 tem
2206 4305 2261 4352 et
2307 4287 2787 4349 mansuetudinem
2818 4298 2945 4355 erga
2993 4278 3326 4352 proximum.
3360 4273 3657 4342 Fugiamus

2062 4406 2094 4448 a
2139 4387 2497 4448 detractione,
2535 4380 2746 4453 iudicio
2787 4384 2843 4433 et
2897 4379 3210 4442 contemptu
3250 4368 3657 4439 proximorum,

2063 4482 2299 4539 invicem
2330 4477 2491 4534 nobis
2529 4489 2689 4545 opem
2730 4470 2972 4527 feramus
3004 4473 3065 4521 ut
3108 4463 3345 4535 propriis
3375 4458 3657 4517 membris.

364 4552 576 4656 μέλεσι.
605 4584 703 4648 Τίς
728 4582 868 4655 ἔχων
896 4552 1135 4655 τραῦμα.
1157 4552 1239 4647 εἰς
1263 4582 1364 4653 τὴν
1388 4552 1549 4654 χεῖρα
1600 4578 1790 4644 αὐτοῦ,
1824 4577 1857 4649 ἦ
1879 4579 1934 4630 εἱ‹

2062 4573 2427 4630 Vulneratum
2455 4567 2601 4622 enim
2630 4564 2757 4635 quis
2792 4561 3004 4616 habens
3037 4556 3250 4627 pedem,
3281 4552 3367 4607 vel
3412 4564 3661 4615 manum,

2134 4669 2147 4672 -
2314 4664 2329 4672 -
2376 4664 2386 4672 .
2493 4662 2525 4672 ..
2588 4660 2600 4672 .
2790 4655 2816 4672 ιν
2869 4668 3015 4672 ______
3075 4649 3205 4672 mm,
3240 4661 3348 4672 η,
3379 4645 3661 4672 ,μηώὼ

360 4645 455 4730 τὸν
491 4674 647 4739 πόδα,
854 4672 914 4727 ἓν
935 4645 1058 4728 ’τῶᾴ
1097 4645 1529 4743 λοιπῶν-μελῶν
1576 4670 1765 4735 αὑτοῦ,
1802 4645 1934 4743 ἀὴδίι

2065 4669 2150 4725 vel
2183 4664 2422 4738 quodvis
2458 4660 2604 4716 aliud
2645 4655 3043 4715 membrorum,
3075 4649 3205 4704 illud
3240 4661 3349 4702 non
3379 4645 3665 4699 abomina-v

362 4768 520 4833 ζεται
547 4766 765 4833 ἐαυτὸν,
795 4767 828 4838 ἢ
867 4767 1064 4821 κόπτει
1117 4766 1178 4820 τὸ
1231 4766 1360 4821 ἴδιον
1405 4765 1587 4837 μέλος,
1624 4764 1729 4820 κᾶν
1755 4765 1962 4836 ποιήσῃ

365 4859 556 4931 σῆψιν,
602 4860 697 4913 καὶ
725 4858 786 4912 οὺ
821 4860 1023 4929 μᾶλλον
1055 4856 1367 4930 καθαρίζει,
1407 4856 1735 4921 ἁποπλύνει,
1775 4855 1961 4927 βάλλει

364 4950 775 5023 ἐμπλάστρους,
810 4948 1272 5021 κατασφραγίξει,
1300 4950 1536 5021 παρέχει
1569 4948 1839 5020 άγίασμα,
1876 4945 1964 5001 εὖ·

365 5060 548 5119 χεται,
582 5043 893 5114 παρακαλεῖ
934 5044 1063 5106 τοὺς
1099 5041 1285 5111 ἁγίους
1311 5040 1574 5107 εὔξασθαι
1611 5042 1755 5114 ὑπὲρ
1774 5039 1962 5104 αὐτοῦ,

368 5138 562 5208 ὥσπερ
603 5135 761 5204 ἔλεγε
812 5134 909 5189 καὶ
938 5135 967 5188 ὁ
1007 5134 1183 5198 ἅὸὅᾶς
1218 5135 1503 5204 Ζωσιμᾶς,
1554 5134 1648 5188 καὶ
1677 5134 1868 5197 ἁπλῶς
1900 5133 1962 5187 ού

370 5231 716 5301 παραχωρεῖ,
756 5228 857 5281 οὐκ
889 5227 1299 5299 ἀποστρέφεται
1344 5228 1408 5281 τὸ
1458 5227 1589 5281 ἴδιον
1636 5227 1820 5297 μέλος,
1841 5224 1962 5279 οὐδὲ

371 5319 472 5386 τὴν
494 5317 762 5371 δυσωδίαν
786 5317 975 5383 αὑτοῦ,
1007 5315 1146 5370 ἀλλὰ
1195 5316 1376 5371 πάντα
1418 5317 1566 5370 ποιεῖ
1594 5315 1682 5371 ἴνα
1729 5315 1967 5385 ὑγιάνῃς

373 5411 550 5475 οὓτως
597 5410 893 5482 ὀφείλομεν
940 5412 1040 5465 καὶ
1079 5411 1245 5481 ἡμεῖς
1296 5410 1647 5482 συμπάσχειν
1690 5407 1966 5478 ἀλλήλοις,

377 5502 877 5575 ἀντιλαμϐάνεσθαι
905 5502 973 5556 δι’
999 5501 1227 5569 ἑαυτῶν,
1259 5501 1326 5555 δι’
1348 5501 1526 5556 ἄλλων
1546 5498 1961 5571 δυνατωτέρων,

381 5596 476 5649 καὶ
507 5596 684 5651 πάντα
713 5596 973 5661 ἐπινοεῖν,
998 5595 1092 5648 καὶ
1139 5596 1316 5649 ποιεῖν
1366 5594 1447 5658 εἰς
1478 5595 1539 5647 τὸ
1569 5592 1836 5664 βοηθῆσαι
1872 5590 1965 5643 και

381 5689 593 5750 ἑαυτοῖς
626 5684 721 5752 καὶ
742 5685 945 5751 ἄλλοις.
980 5685 1149 5755 Μέ.1η
1179 5683 1292 5757 γάρ
1334 5686 1522 5757 ἐσμεν
1551 5682 1863 5752 ἀλλήλων,
1886 5680 1962 5746 ὡς

465 5811 490 5848 ε
519 5803 681 5863 Rom.
732 5819 831 5873 xu,
851 5803 903 5862 5.

2067 4772 2186 4829 tur,
2218 4768 2313 4815 aut
2345 4755 2649 4813 abscissum
2691 4747 2931 4821 proiicit,
2967 4743 3070 4801 etsi
3106 4755 3246 4811 opus
3280 4738 3663 4793 fetidissimnm

2068 4827 2335 4913 emiserit,
2363 4847 2457 4903 sed
2490 4845 2670 4916 potius
2708 4838 2916 4904 abluit,
2946 4842 3170 4908 purgat,
3202 4831 3528 4887 medicinam
3571 4827 3667 4881 ad-

2069 4943 2257 5003 hibet.
2291 4940 2566 5010 obsignat,
2615 4930 2960 4995 consolidat,
3009 4924 3323 4990 benedicit,
3373 4919 3663 4989 supplicat,

2073 5035 2293 5091 adhibet
2336 5044 2526 5102 preces
2556 5035 2611 5082 et
2643 5023 2921 5080 orationes
2952 5026 3295 5079 sanctorum,
3328 5024 3383 5068 et
3410 5026 3668 5081 quacun-

2075 5143 2181 5197 que
2213 5123 2431 5180 tandem
2475 5119 2626 5184 facit,
2653 5131 2779 5188 qute
2815 5115 2885 5170 ad
2923 5108 3294 5167 valetudinem
3324 5116 3670 5172 consequen-

2067 5195 2193 5273 dam
2228 5215 2555 5286 pertineant.
2595 5206 3012 5278 Compatiamur
3041 5202 3207 5272 igitur
3233 5195 3469 5251 invicem
3498 5206 3672 5247 mem-

2069 5308 2182 5364 bris
2214 5304 2420 5361 nostris
2450 5316 2504 5358 et
2530 5309 2721 5355 mutuo
2750 5295 3159 5365 complexantes
3192 5285 3494 5342 faveamus.
3535 5279 3670 5336 Οιιι-

2069 5402 2160 5457 nia
2202 5397 2490 5463 faciamus,
2524 5392 2902 5463 exeogitemus
2938 5394 2999 5442 ut
3030 5383 3265 5440 invicem
3303 5377 3465 5434 nobis
3509 5388 3671 5446 opem

2071 5493 2335 5550 feramus.
2369 5488 2609 5545 Membra
2647 5486 2787 5540 enim
2821 5480 3039 5536 invicem
3070 5488 3276 5540 sumus,
3309 5478 3372 5527 ut
3415 5469 3495 5524 ait
3519 5468 3673 5538 Apo-

2073 5587 2270 5644 stolus.
2306 5583 2365 5640 Si
2397 5583 2534 5637 enim
2586 5594 2753 5633 unum
2791 5588 2979 5643 corpus
3012 5584 3217 5632 sumus,
3262 5561 3463 5634 singuli
3493 5568 3673 5615 autem

2074 5679 2408 5751 singulorum
2453 5672 2687 5727 membra
2715 5670 2759 5723 ⁸.
2820 5665 2887 5721 Et
2918 5665 2964 5719 si
3006 5660 3286 5735 quodpiam
3324 5653 3678 5711 membrorum
