4062 6442
391 348 532 421 1697

1745 350 2133 414 DOCTRINA
2155 354 2231 415 Y1
2246 355 2289 413 ί.

3559 361 3696 425 1698

394 466 660 538 τοιαύτης
708 466 890 531 αἰτίας
924 466 984 520 ea
1021 467 1276 538 πρᾶγμα,
1321 464 1354 536 ἢ
1387 467 1481 519 καὶ
1531 466 1731 530 πολλάς
1764 485 1780 534 ;
1844 466 1989 535 Ἐγὼ

2100 481 2264 524 causa
2316 480 2401 526 est
2448 471 2683 542 hujusce
2747 475 3073 532 varietatis?
3132 470 3385 531 Uuamne
3427 475 3693 531 rationem

398 557 585 630 βλέπω
619 560 699 611 ὅτι
737 559 941 618 πολλὰς
978 559 1077 628 μὲν
1109 558 1222 630 ἔχει
1255 559 1438 623 αἰτίας
1480 574 1494 587 ⁸
1531 558 1628 630 μία
1657 559 1717 612 δέ
1770 561 1922 612 ἐστιν
1954 559 1989 630 ἡ

391 654 665 722 γεννῶσα,
713 652 789 715 ὡς
844 651 913 705 ἂν
958 652 1105 704 είποι
1135 669 1243 716 τις.
1294 652 1424 714 ὅλας
1474 653 1575 714 τὰς
1638 650 1845 715 πολλὰς
1901 652 1989 704 αί-

391 745 514 807 τίας
551 761 564 775 ⁸
598 745 691 797 καὶ
744 742 888 812 λέγω
932 744 1068 807 πῶς’
1108 742 1335 813 Πρῶτον
1386 743 1486 814 μὲν
1527 742 1821 813 συμϐαίνει
1867 741 1992 796 τινὰ

391 836 688 907 εὑρεθῆναι
716 835 825 892 ἀπὸ
878 835 1071 906 εὐχῆς,
1123 836 1156 907 ἢ
1208 836 1319 889 άπὸ
1384 835 1553 890 καλοῦ
1627 835 1990 906 καθίσματος,

391 929 490 982 καὶ
541 928 885 998 εὑρίσκεται,
919 929 996 992 ὡς
1030 929 1096 982 ἂν
1135 929 1267 1001 εἴπῃ
1298 946 1403 992 τις,
1440 929 1499 981 ἐν
1534 928 1674 1001 καλῇ
1711 927 1992 983 καταστά-

395 1036 503 1084 σει,
537 1019 632 1071 καὶ
710 1018 975 1087 βαστάζει
1019 1019 1113 1071 τὸν
1144 1018 1373 1088 ἀδελφὸν
1420 1018 1607 1083 αὑτοῦ,
1640 1019 1739 1072 καὶ
1782 1019 1993 1089 παρέρ-

394 1129 553 1183 χεται
603 1110 920 1181 ἀταράχως.
953 1110 1127 1164 Πάλιν
1184 1109 1243 1163 δὲ
1279 1111 1573 1180 συμϐαίνει
1617 1110 1702 1163 ὅτι
1738 1110 1994 1175 εὑρίσκε-

396 1203 492 1257 ταί
535 1220 620 1267 τις
655 1202 797 1274 ἔχων
846 1202 1227 1274 προσπάθειαν
1272 1203 1409 1275 πρός
1460 1220 1606 1269 τινα,
1666 1202 1756 1257 διὰ
1836 1203 1995 1256 τοῦτο

397 1296 674 1360 suumn;
728 1295 987 1367 βαστάζει
1040 1295 1168 1366 παρ’
1203 1296 1370 1350 αὑτοῦ
1403 1295 1784 1367 ἐπιφερόμενα
1818 1294 1988 1364 αύτῷ.

401 1390 558 1443 Ἔστι
600 1390 765 1443 πάλιν
796 1390 885 1443 ὅτε
927 1392 1264 1460 καταφρονεῖ
1287 1407 1371 1453 τις
1396 1389 1616 1443 θέλοντα
1650 1390 1813 1442 αὐτὸν
1867 1387 1994 1458 βλά-

395 1479 517 1550 ψαι,
578 1480 672 1534 καὶ
717 1480 793 1543 ὡς
832 1479 1223 1544 εὐτελίζωντὰ
1273 1479 1404 1549 παρ’
1454 1477 1646 1544 αὑτοῦ,
1712 1477 1806 1531 καὶ
1857 1476 1994 1547 μηδὲ

396 1571 684 1643 προσέχων
713 1570 883 1642 αὐτῷ,
918 1572 994 1636 ὡς
1042 1571 1338 1641 ἀνθρώπῳ,
1372 1571 1508 1641 μηδὲ
1537 1568 1865 1638 ποιούμενος
1896 1568 1994 1620 αύ-

396 1661 491 1716 τοῠ
524 1663 682 1731 λόγον
713 1663 805 1715 ἐπὶ
835 1664 945 1726 τοῖς
981 1662 1114 1733 παρ’
1171 1662 1341 1715 αὑτοῦ
1371 1660 1712 1730 λεγομένοις.
1752 1659 1862 1711 Καὶ
1899 1659 1992 1712 λέ-

396 1772 481 1822 γω
553 1755 686 1825 ὑμῖν
737 1771 794 1806 τι
844 1752 1112 1818 τοιοῦτον,
1202 1753 1292 1807 ἵνα
1346 1752 1687 1822 θαυμάσητεο
1748 1748 1856 1804 Ἦν
1910 1768 1994 1815 τις

397 1846 628 1913 ἀδελφὸς
681 1846 739 1899 ἐν
767 1844 845 1915 τῷ
885 1845 1142 1917 κοινοϐίῳ
1181 1844 1290 1917 πρὸ
1345 1844 1440 1898 τοῦ
1503 1863 1572 1915 με
1632 1844 1991 1915 ἀναχωρῆσαι

398 1937 634 2002 ἐκεῖθεν,
683 1939 776 1990 καὶ
809 1936 1036 1990 ἔϐλεπον
1067 1937 1231 1991 αὑτὸν
1259 1936 1530 2007 μηδέποτε
1560 1937 1989 2007 ταρασσόμενον,

399 2031 434 2101 ἢ
464 2016 782 2099 θλιϐόμενον
818 2030 958 2101 πρός
1010 2046 1134 2084 τινα
1160 2046 1174 2060 ·
1238 2028 1487 2099 καίτοιγε
1518 2029 1792 2100 διαφόρως
1854 2025 1994 2083 εἶδον

403 2124 631 2187 πολλοὺς
689 2123 799 2177 τῶν
828 2124 1079 2192 ἀδελφῶν
1109 2122 1432 2194 ὑϐρίζοντας
1465 2123 1562 2176 καὶ
1591 2123 1895 2186 σιαίνοντας
1925 2124 1991 2153 ¹⁴¹⁴

404 2215 564 2269 αἰτόν
593 2231 607 2245 ·
636 2213 812 2277 οὕτως
840 2214 898 2268 δὲ
939 2213 1136 2286 ἔρερεν
1166 2217 1195 2268 ὁ
1228 2213 1496 2284 νεώτερος
1526 2215 1735 2278 ἐκεῖνος
1764 2214 1833 2267 τὰ
1863 2214 1992 2285 παρ’

401 2309 634 2361 ἑκάστου
667 2306 869 2371 αὐτῶν,
922 2305 998 2370 ὡς
1055 2305 1286 2378 μηδενὸς
1354 2304 1637 2370 παντελῶς
1706 2305 1995 2376 ὀχλοῦντος

399 2400 589 2472 αύτῷ.
639 2398 784 2468 Ἐγὼ
841 2394 935 2453 οὖν
1007 2396 1320 2470 ἐθαύμαζον
1367 2397 1456 2451 ἀεὶ
1511 2397 1613 2467 τὴν
1687 2395 1995 2468 ὑπερϐολὴν

398 2495 501 2566 τῆς
552 2493 907 2559 ἀνεξικακίας
946 2492 1140 2557 αὐτοῦ,
1191 2492 1288 2545 καὶ
1311 2488 1623 2562 ἐπεθύμουν
1660 2490 1853 2561 μαθεῖν
1894 2489 1995 2543 τεό-

399 2587 497 2641 θεν
538 2587 812 2657 ἐκτήσατο
860 2585 960 2657 τὴν
1011 2585 1214 2657 ἀρετὴν
1267 2584 1511 2654 ταύτην·
1555 2583 1651 2637 καὶ
1732 2583 1996 2655 λαμϐάνω

398 2680 564 2735 αὐτὸν
609 2680 758 2745 suae
800 2677 1088 2749 παριδίως,
1134 2678 1229 2731 καὶ
1259 2676 1441 2748 βάλλω
1481 2676 1633 2746 αὐτῷ
1679 2677 1993 2747 μετάνοιαν,

400 2772 740 2847 παρακαλῶν
769 2775 944 2827 εἰπεῖν
988 2790 1080 2843 μοι
1122 2774 1275 2826 ποῖον
1324 2771 1415 2825 ἀεὶ
1471 2768 1733 2839 λογισμὸν
1776 2769 1890 2839 ἔχει
1939 2770 1997 2822 ὲν

398 2868 468 2936 τῇ
525 2865 726 2938 καρδίᾳ
763 2864 953 2926 αὐτοῦ,
1031 2865 1141 2917 εἴτε
1177 2860 1561 2934 ὑβριζόμενος,
1610 2861 1722 2914 εἴτε
1784 2860 1995 2931 οίονδήο-

402 2976 537 3014 ποτε
583 2958 839 3031 ἐπαχθῶς
870 2958 1099 3028 πάσχων
1133 2955 1240 3009 ὑπὸ
1266 2971 1432 3019 τινος,
1484 2953 1567 3006 ὅτι
1600 2950 1855 3022 τοιαύτην
1906 2954 1994 3005 ὲν-

398 3051 676 3106 δείκνυται
727 3049 1131 3122 μακροθυμίαν.
1188 3048 1249 3101 ’0
1281 3046 1339 3100 δὲ
1395 3045 1757 3115 ἀποκρίνεται
1835 3042 1996 3113 φύσει

449 3140 548 3195 ετὰ
589 3141 870 3204 ἀπονοίας,
914 3141 1009 3192 καὶ
1059 3138 1210 3204 λέγει
1274 3152 1401 3204 μοι’
1461 3156 1480 3188 ι
1528 3135 1665 3189 Ἀλλ’
1723 3136 1835 3202 ἐγὼ
1887 3133 1996 3204 ἔχω

405 3155 548 3212 μετα
589 3155 870 3204 απονοιας,
914 3155 1009 3192 και
1062 3155 1210 3207 λεγει
1274 3155 1401 3207 μοι·
1461 3156 1480 3188 σ
1541 3155 1651 3189 ΑΛΛ
1723 3155 1835 3202 εγω
1887 3155 1996 3204 εχω
2025 3163 2069 3220 c
2101 3155 2181 3185 bu:
2213 3155 2387 3184 Ιιὶιυευ
2414 3155 2481 3184 au
2514 3155 2610 3185 una
2642 3155 2871 3198 "minus
2900 3155 2955 3183 CI.
2992 3155 3063 3183 Ita
3105 3155 3198 3183 cus
3236 3155 3470 3198 puucru,
3526 3155 3580 3181 ut
3624 3155 3693 3181 au

405 3233 697 3285 πωσένειν
730 3234 844 3285 τοῖς
893 3231 1234 3285 ἀτελέσμασι
1260 3229 1498 3285 τούτοις,
1551 3225 1585 3285 ἢ
1636 3223 1897 3285 δέξασθαι
1925 3222 1997 3276 τὰ
2103 3223 2422 3277 hominibus
2449 3222 2633 3277 blandi
2664 3237 2849 3277 canes.
2875 3241 2893 3273 ι
2928 3220 3026 3277 [iis
3055 3221 3259 3277 auditis
3286 3220 3477 3277 demisi
3508 3235 3693 3285 aures,

402 3233 697 3304 προσέχειν
730 3234 844 3294 τοῖς
893 3231 1234 3301 ἀτελέσμασι
1260 3229 1498 3292 τούτοις,
1551 3225 1585 3295 ἢ
1636 3223 1897 3289 δέξασθαι
1925 3222 1997 3276 τὰ

402 3328 536 3398 παρ’
586 3324 793 3390 αὐτῶν,
826 3323 903 3387 ὡς
955 3322 1089 3392 παρ’
1152 3319 1460 3392 ἀνθρώπων
1505 3317 1701 3388 ὡραῖοι
1752 3315 1933 3379 κύνες.
1971 3332 1990 3366 ι

414 3415 687 3480 Ἀκούσας
721 3412 833 3484 ἐγὼ
863 3412 1042 3476 τοῦτο,
1070 3411 1265 3467 ἔϐαλον
1288 3411 1442 3465 κάτω
1473 3409 1542 3462 τὰ
1569 3402 1687 3462 ὦτά
1724 3424 1853 3478 μου,
1902 3408 1998 3460 καὶ

402 3507 628 3576 λέγωδὲν
655 3505 881 3578 ἐμαυτῷ
907 3521 919 3535 ·
958 3522 976 3556 ι
1009 3497 1151 3576 Εὗρε
1177 3504 1278 3577 τὴν
1311 3502 1429 3556 ὁδὸν
1456 3502 1486 3554 ὀ
1514 3499 1742 3570 ἁδελφὸς
1763 3494 1938 3562 οὗτος,
1971 3516 1990 3550 ι

403 3602 500 3656 καὶ
565 3600 878 3673 σφραγίσας
934 3597 1175 3670 ἐμαυτὸν
1220 3594 1480 3666 ἀπῆλθον
1536 3593 1852 3664 εὐχόμενος,
1909 3592 1999 3645 ἵνα

403 3694 500 3748 καὶ
530 3692 632 3764 ἐμὲ
676 3693 770 3746 καὶ
806 3691 971 3745 αὐτὸν
1019 3693 1048 3744 ὀ
1078 3689 1212 3753 θεὸς
1244 3688 1533 3741 σκεπάσει.

474 3787 551 3838 B'.
594 3784 762 3836 Ὥστε
797 3782 1115 3852 συμϐαίνει,
1150 3781 1229 3842 ὼς
1262 3774 1439 3844 εἷπον,
1469 3777 1566 3832 καὶ
1587 3776 1696 3831 ἀπὸ
1725 3791 2001 3846 καταφρο-

403 3877 611 3947 νήσεως
667 3873 742 3944 μὴ
802 3871 1314 3943 ταραχθῆναίτινα.
1372 3867 1545 3923 Τοῦτο
1600 3868 1661 3922 δὲ
1712 3867 1999 3939 προφανής

404 3970 556 4022 ἐστιν
607 3964 871 4019 ἀπώλεια.
900 3963 974 4016 Τὸ
1008 3962 1068 4016 δὲ
1111 3961 1455 4033 ταραχθῆναι
1499 3976 1622 4015 τινα
1653 3959 1790 4028 πρὸς
1839 3958 1998 4012 ἀδελ-

405 4057 506 4129 φὸν
561 4054 814 4109 θλίϐοντα
862 4052 1047 4118 αὐτὸν,
1085 4041 1434 4121 συμϐαίνειῆ
1490 4050 1555 4103 ἐκ
1582 4046 1678 4103 τοῦ
1710 4046 1788 4119 μὴ
1842 4047 1998 4117 εὐρε-

408 4154 568 4225 θῆναι
596 4150 718 4205 κατ’
758 4148 977 4219 ἐκείνην
1011 4148 1110 4218 τὴν
1160 4144 1312 4218 ὥραν
1367 4146 1424 4199 ἐν
1455 4144 1594 4215 καλῇ
1637 4142 1995 4208 καταστάσει,

405 4246 438 4318 ἢ
484 4247 549 4299 ὲκ
581 4243 674 4298 τοῦ
706 4242 850 4314 ἔχειν
890 4241 1084 4312 ἀηδίαν
1113 4240 1235 4294 τινὰ
1262 4238 1399 4312 πρὸς
1428 4237 1612 4293 αὐτόν.
1651 4236 1772 4289 Εἰσὶ
1803 4236 1863 4291 δὲ
1900 4236 1998 4289 καὶ

404 4320 544 4393 ἄλλα
588 4333 760 4387 πολλὰ
807 4334 960 4388 αἴτια
985 4333 1200 4397 τούτου,
1263 4331 1409 4403 άπερ
1439 4329 1712 4401 διαφόρως
1757 4331 1996 4401 εἴρηται.

406 4427 484 4482 Τὸ
513 4426 571 4480 δὲ
622 4424 796 4479 αἴτιον
856 4424 1042 4494 πάσης
1091 4421 1342 4494 ταραχῆς
1431 4423 1601 4483 ἐστιν,
1681 4421 1778 4474 ἐὰν
1858 4419 1997 4491 μετὰ

2092 557 2292 615 habeat
2329 576 2420 619 res
2454 563 2590 629 haec,
2623 580 2693 619 an
2726 565 2954 635 plures?
2996 564 3110 635 Ego
3149 566 3352 621 multas
3395 565 3579 622 inesse
3608 582 3697 621 ra-

2094 648 2271 708 tiones
2294 662 2347 709 et
2368 669 2566 711 causas
2593 656 2990 723 animadverto,
3016 665 3183 728 atque
3210 672 3376 711 unam
3413 656 3469 711 in
3502 657 3697 726 primis

2090 758 2216 813 quae
2247 756 2474 803 caeteras
2515 763 2706 803 omnes
2749 748 2940 819 gignit,
2976 758 3035 803 ut
3063 749 3287 819 quidam
3320 749 3437 804 ait:
3480 764 3546 805 cx
3579 749 3697 818 ipso

2094 837 2373 894 interdum
2410 851 2555 896 statu
2590 842 2643 897 in
2672 860 2781 912 quo
2819 846 3053 914 quisque
3088 842 3383 914 reperitur,
3419 841 3522 897 hoc
3565 856 3697 911 pro-

2094 931 2266 985 venit.
2323 932 2378 986 In
2405 934 2655 990 oratione
2687 938 2832 991 enim
2867 946 2959 992 aut
3005 936 3470 1005 contemplatione
3508 950 3615 1003 rep:
3638 950 3696 986 r-

2096 1029 2206 1090 tus,
2238 1021 2398 1079 facile
2428 1028 2831 1082 conviciantcm
2880 1028 3102 1083 fratrem
3147 1028 3271 1095 fert,
3311 1039 3367 1083 et
3398 1026 3698 1081 immobilis

2095 1124 2324 1183 perstat.
2360 1116 2673 1186 Aliquando
2702 1135 2768 1172 ex
2809 1114 3155 1175 affectatione
3204 1120 3375 1173 nimia
3415 1134 3524 1189 qua
3572 1119 3698 1189 quis

2096 1205 2152 1259 in
2177 1206 2416 1275 aliquem
2446 1207 2667 1263 fratrem
2702 1219 2948 1265 tenetur:
2981 1211 3166 1266 omnia
3196 1211 3341 1265 enim
3369 1226 3481 1281 prae
3511 1225 3698 1264 angore

2095 1298 2166 1353 ab
2203 1314 2270 1353 eo
2320 1300 2721 1369 patientissime
2767 1303 2980 1358 tulerat.
3018 1303 3423 1374 Nonnunquam
3474 1317 3698 1373 quoque

2095 1402 2159 1441 ex
2183 1400 2524 1460 contemptu,
2543 1407 2666 1445 cum
2692 1394 2899 1448 scilicet
2926 1395 3052 1463 quis
3079 1396 3380 1450 contemnit
3407 1404 3460 1448 et
3487 1396 3697 1463 spernit

2094 1496 2221 1535 eum
2284 1482 2377 1552 qui
2413 1499 2535 1538 sese
2574 1485 2796 1539 turbare
2845 1486 3100 1548 voluerit,
3142 1485 3580 1555 dedignatnrque
3637 1485 3692 1537 in

2097 1574 2247 1626 illum
2287 1585 2547 1642 tanquam
2580 1577 2634 1630 in
2684 1577 3012 1632 vilissimum
3044 1577 3291 1631 omnium
3336 1578 3556 1641 intueri,
3601 1585 3697 1631 aut

2096 1666 2320 1720 verbum
2348 1668 2423 1721 illi
2455 1670 2805 1739 respondere,
2836 1679 2932 1725 aut
2956 1671 3022 1724 de
3053 1670 3224 1741 ipsius
3259 1670 3470 1738 injuriis
3500 1679 3551 1724 ct
3580 1686 3698 1723 ma-

2098 1758 2306 1813 ledictis
2332 1776 2457 1815 cum
2488 1761 2671 1830 alimo
2701 1762 3036 1818 mentionem
3073 1763 3272 1819 facere.
3294 1762 3688 1833 Hnjuscemodi

2105 1852 2208 1919 vir,
2255 1851 2458 1919 fateor,
2511 1855 2874 1909 admiratione
2912 1871 3127 1911 summa
3178 1856 3377 1926 dignus
3422 1864 3524 1912 est.
3565 1856 3699 1910 Erat

2107 1940 2161 1995 in
2222 1944 2476 1999 coenobio
2522 1952 2711 1999 nostro
2750 1944 2938 2012 frater,
2969 1956 3261 2018 antequam
3310 1962 3412 2019 ego
3450 1949 3576 2002 inde
3616 1948 3699 2002 di-

2095 2036 2370 2106 grederer,
2401 2052 2563 2108 quem
2590 2053 2870 2107 nunquam
2897 2038 3147 2093 videbam
3185 2039 3268 2093 vel
3299 2040 3576 2094 turbatum
3612 2040 3699 2095 vel

2095 2123 2353 2178 afllictum
2379 2124 2432 2177 in
2452 2125 2637 2194 aliquo
2661 2143 2672 2179 :
2700 2136 2893 2180 contra
2917 2141 3047 2182 vero
3069 2126 3403 2196 aspiciebam
3433 2127 3699 2198 plurimos

2094 2230 2159 2269 ex
2197 2215 2459 2272 fratribus
2485 2217 2562 2271 illi
2590 2218 2770 2273 verbis
2804 2219 3015 2288 asperis
3059 2218 3322 2273 molestos
3361 2226 3416 2272 et
3454 2232 3691 2289 graves;

2094 2323 2216 2375 quae
2230 2308 2414 2363 omnia
2428 2308 2944 2380 animomquissimo
2967 2309 3172 2365 ferebat
3193 2320 3246 2367 et
3269 2312 3696 2381 patientissimo.

2095 2397 2351 2464 Mirabar,
2375 2399 2564 2464 fateor,
2579 2403 2955 2456 excellentiam
2973 2402 3249 2471 patientiae
3262 2402 3406 2471 ejus,
3422 2402 3700 2471 optabam-

2095 2507 2285 2561 queex
2309 2506 2376 2547 eo
2399 2494 2590 2547 audire
2610 2493 2886 2564 quomodo
2910 2493 3013 2549 sibi
3037 2494 3295 2549 virtutem
3326 2494 3465 2549 hanc
3491 2503 3695 2550 tantam

2096 2596 2363 2655 parasset.
2389 2586 2524 2641 Cum
2553 2587 2716 2655 igitur
2741 2602 2867 2642 eum
2897 2587 3193 2656 aliquando
3211 2587 3436 2643 obvium
3475 2588 3699 2641 habuis-

2097 2694 2234 2743 sem,
2267 2679 2511 2734 exliibita
2545 2679 2847 2734 reverentia
2881 2694 3042 2733 orare
3069 2679 3236 2749 ccepi,
3270 2694 3338 2734 ne
3373 2694 3461 2734 me
3493 2680 3700 2757 celaret

2096 2769 2228 2838 quid
2261 2769 2621 2838 soleretapud
2646 2785 2704 2824 se
2726 2769 2998 2839 cogitare,
3019 2784 3144 2822 cum
3174 2784 3203 2821 a
3228 2768 3414 2822 multis
3444 2768 3698 2838 plurimis

2096 2852 2405 2908 allicere-tur
2440 2851 2679 2924 injuriis,
2721 2863 2775 2907 et
2805 2853 3083 2923 quomodo
3129 2861 3340 2907 tantum
3378 2854 3488 2922 pati
3540 2867 3699 2922 mquo

2096 2946 2280 2999 animo
2310 2956 2497 3016 posset
2533 2955 2589 3001 et
2628 2944 2792 3000 ferre.
2832 2944 3138 3015 Respondit
3176 2945 3268 2999 ille
3312 2944 3447 2998 mihi
3484 2944 3698 3013 simpli-

2097 3039 2262 3101 citer,
2302 3039 2449 3094 nulla
2479 3039 2806 3093 circuitione
2840 3049 2936 3091 aut
2977 3037 3365 3092 recusatione:
3409 3055 3427 3087 ί
3465 3034 3577 3104 Ego
3609 3050 3697 3089 me

2101 3130 2181 3185 sic
2212 3130 2387 3184 habeo
2414 3130 2481 3184 ad
2514 3130 2610 3185 bas
2642 3129 2871 3198 injurias
2900 3138 2955 3183 et
2990 3129 3063 3183 ita
3105 3143 3198 3183 eas
3236 3126 3470 3198 perfero,
3526 3137 3580 3181 ut
3624 3129 3696 3181 ab

2097 3318 2154 3365 et
2187 3310 2321 3364 milii
2355 3311 2457 3380 ipsi
2497 3310 2653 3366 dixi:
2697 3330 2715 3363 ι
2755 3311 3006 3366 Inveniat
3052 3310 3221 3366 frater
3264 3311 3355 3366 hic
3400 3311 3540 3364 viam
3597 3325 3695 3380 per

2100 3418 2263 3473 quam
2296 3413 2446 3460 recte
2473 3403 2713 3465 incedat,
2752 3423 2771 3455 ι
2818 3418 3016 3473 meque
3060 3403 3359 3473 obsignans
3386 3411 3441 3458 et
3470 3403 3696 3458 firmans

2101 3498 2234 3563 abii,
2272 3498 2591 3568 supplicans
2626 3496 2739 3551 Deo
2769 3506 2830 3551 ut
2862 3512 2949 3552 me
2982 3504 3036 3551 et
3075 3497 3225 3551 illum
3259 3505 3588 3568 protegeret.

2174 3759 2239 3817 ll.
2285 3760 2421 3816 Hine
2456 3761 2644 3833 igitur,
2681 3770 2741 3815 ut
2773 3759 2908 3827 dixi,
2944 3759 3195 3831 provenit
3225 3774 3331 3815 non
3361 3759 3567 3815 turbari
3594 3758 3697 3815 ali-

2100 3868 2264 3924 quem
2295 3862 2392 3907 aut
2421 3853 2611 3924 affligi,
2641 3853 2690 3907 si
2708 3868 2844 3923 quae
2869 3851 3148 3917 dicuntur,
3184 3863 3408 3921 spernat
3437 3861 3492 3906 et
3519 3852 3693 3921 negli-

2100 3950 2211 4013 gat.
2245 3941 2480 3998 Turbari
2508 3953 2691 3998 autem
2730 3953 2784 3999 et
2813 3941 2977 4013 affligi
3004 3958 3069 3997 ex
3110 3940 3292 3997 verbis
3336 3940 3525 3998 fratris
3569 3942 3696 3997 inde

2100 4031 2181 4099 ﬁt,
2211 4034 2359 4102 quod
2386 4034 2470 4089 vel
2500 4033 2555 4087 in
2583 4042 2725 4088 statu
2755 4032 2904 4087 nullo
2934 4022 3078 4087 bono
3107 4031 3400 4101 reperitur,
3431 4032 3515 4086 vel
3546 4034 3692 4101 quod

2100 4125 2325 4181 fratrem
2361 4123 2513 4178 illum
2557 4123 2752 4179 oderit.
2797 4123 2936 4177 Sunt
2968 4131 3151 4177 autem
3181 4130 3235 4176 et
3278 4122 3401 4176 alite
3445 4122 3695 4193 plurimae

2101 4217 2331 4284 hujusce
2358 4215 2437 4269 rei
2469 4229 2669 4278 causae,
2701 4229 2825 4284 qua:
2853 4212 3169 4269 differenter
3204 4212 3364 4267 dictae
3396 4223 3545 4267 sunt.
3587 4214 3694 4269 Sed

2101 4310 2240 4364 ratio
2268 4307 2448 4365 omnis
2475 4305 2929 4377 perturbationis,
2959 4306 3005 4359 si
3041 4319 3357 4373 quaeramus
3388 4305 3691 4373 diligenter,

2101 4417 2165 4457 ea
2215 4409 2338 4465 est,
2383 4399 2528 4469 quod
2588 4413 2748 4453 nemo
2804 4397 3045 4467 seipsum
3099 4404 3341 4449 accusat.
3399 4395 3534 4451 lline
3577 4396 3697 4451 fluit

403 4519 693 4593 ἀκριϐείας
722 4487 1072 4589 ζητήσωμεν,
1112 4487 1181 4568 τὸ.
1355 4512 1677 4586 μέμφεσθαι
1729 4487 1995 4576 ἑαυτούς’

2101 4494 2285 4552 omnis
2318 4492 2568 4548 molestia
2597 4500 2652 4546 et
2682 4488 2926 4552 afﬂictio,
2960 4487 3090 4543 hinc
3119 4497 3205 4543 est
3238 4497 3298 4541 ut
3341 4489 3545 4542 nullam
3595 4491 3698 4544 ali-

404 4611 618 4668 ἔκεϊθεν
666 4611 864 4683 ἔχομεν
908 4609 1040 4681 ὃλην
1083 4606 1183 4679 τὴν
1230 4605 1535 4678 συντριϐὴν
1575 4604 1820 4676 ταύτην,
1855 4607 1999 4660 ὲκεί-

405 4705 500 4761 θεν
529 4704 788 4759 οὐδέποτε
831 4702 1165 4775 εὑρίσκομεν
1210 4700 1542 4756 ἀνάπαυσιν.
1588 4698 1705 4753 Οὐκ
1738 4698 1855 4752 ἔστι
1889 4697 2001 4770 γὰρ

404 4798 688 4869 θαυμάσαι
742 4797 824 4851 ὅτι
858 4795 1133 4867 ἀκούομεν
1161 4794 1315 4866 παρὰ
1371 4792 1592 4847 πάντων
1638 4790 1750 4844 τῶν
1803 4791 1998 4859 ἁγίων,

408 4886 486 4960 μὴ
535 4879 678 4939 εῖναι
731 4883 901 4954 ἄλλην
939 4883 1058 4937 ὁδὸν
1115 4881 1255 4954 πλὴν
1305 4880 1511 4952 ταύτης
1548 4895 1561 4909 ⁸
1594 4879 1690 4933 καὶ
1726 4878 2001 4951 βλέπομεν

402 4981 488 5035 ὅτι
531 4979 710 5043 οὐδεὶς
737 4976 942 5031 ὥδευσέ
996 4992 1133 5028 ποτε
1182 4974 1351 5044 ἄλλην
1383 4972 1527 5038 ὁδὸν,
1561 4973 1659 5025 καὶ
1688 4964 1846 5043 εὗρεν
1873 4971 2004 5026 ἀνά-

329 5054 343 5067 ’
404 5087 609 5127 παυσιν
638 5085 653 5101 '
708 5069 804 5124 καὶ
856 5067 1254 5140 προσδοκῶμεν
1299 5067 1465 5139 ἡμεῖς
1520 5064 1924 5129 ἀναπαύεσθαι,
1965 5064 2001 5136 ἢ

408 5164 544 5227 ὅλως
604 5163 724 5217 ὁδὸν
760 5161 977 5215 εὐθεῖαν
1035 5161 1281 5230 κρατεῖν,
1345 5159 1617 5229 μηδέποτε
1684 5157 2003 5228 ἀνεχόμενοι

403 5257 633 5319 ἑαυτοὺς
662 5253 996 5326 μέμφεσθαι.
1039 5254 1274 5315 Ὄντως.
1316 5252 1444 5305 Ἐὰν
1472 5252 1676 5321 ποιήσῃ
1712 5249 2001 5321 ἄνθρωπος

308 5420 311 5423 _
409 5349 610 5420 μυρίας
638 5346 938 5409 πολιτείας,
998 5345 1265 5414 κρατήσει
1294 5343 1350 5396 δὲ
1394 5343 1497 5413 τὴν
1528 5342 1649 5395 ὁδὸν
1676 5341 1904 5411 ταύτην,
1935 5342 1996 5394 οὐ

409 5440 487 5511 μὴ
520 5439 721 5511 παύσῃ
749 5439 808 5490 τέ
864 5454 996 5491 ποτε
1063 5435 1268 5489 θλίϐων
1352 5436 1447 5488 καὶ
1507 5434 1847 5505 θλιϐόμενος,
1904 5436 1997 5488 καὶ

406 5531 658 5587 ἀπόλλων
691 5531 845 5593 ὅλους
911 5531 1040 5592 τοὺς
1086 5528 1293 5591 κόπους
1324 5525 1513 5581 αὑτοῦ.
1579 5527 1746 5579 Ποίαν
1793 5527 1850 5580 δὲ
1901 5544 1998 5598 χα-

2104 4587 2327 4659 quando
2366 4584 2613 4655 requiem
2645 4582 2947 4637 habeamus
2977 4597 2991 4634 :
3034 4595 3135 4634 nec
3163 4579 3355 4633 mirari
3391 4580 3533 4644 licet,
3569 4595 3695 4635 cum

2106 4696 2138 4737 a
2165 4678 2374 4738 sanctis
2421 4674 2741 4733 hominibus
2791 4672 3199 4741 acceperimus,
3252 4669 3458 4723 nullam
3504 4679 3695 4740 praeter

2108 4773 2255 4829 hanc
2280 4771 2444 4827 nobis
2475 4768 2544 4825 ad
2570 4768 2817 4839 quietem
2845 4765 2988 4820 viam
3021 4762 3159 4818 dari.
3190 4760 3349 4828 Quod
3384 4761 3458 4817 ita
3487 4776 3609 4816 esse
3644 4761 3698 4814 in

2108 4865 2366 4939 plurimis
2403 4862 2684 4921 vidimus:
2726 4867 2781 4917 et
2812 4872 2917 4917 nos
2948 4855 3168 4912 desides
3214 4862 3271 4909 et
3317 4863 3562 4909 amantes
3612 4869 3699 4908 re-

2100 4959 2287 5031 quiem
2316 4968 2628 5028 speramus,
2662 4951 2747 5007 vel
2774 4948 3054 5005 credimus
3079 4945 3224 5000 viam
3252 4951 3457 5000 rectam
3482 4958 3510 4996 a
3542 4942 3700 4996 nobis

2101 5051 2314 5114 ineedi,
2368 5062 2493 5105 cum
2552 5047 2609 5101 in
2661 5042 2920 5099 omnibus
2979 5038 3154 5094 simus
3213 5034 3696 5106 impatientissimi,

2102 5161 2390 5220 nunquam
2427 5143 2767 5201 sustinentes
2796 5136 3166 5205 nosmetipsos
3197 5145 3480 5187 accusare.
3532 5129 3612 5183 lta
3644 5145 3701 5185 so

2104 5260 2196 5308 res
2227 5245 2412 5300 habet.
2445 5240 2726 5309 Quthuot
2752 5236 2988 5290 virtutes
3014 5226 3324 5301 possederit
3361 5228 3547 5285 homo,
3597 5222 3697 5278 etsi

2107 5342 2427 5395 innumeras
2468 5343 2633 5402 atque
2666 5329 2930 5391 inﬁnitas,
2961 5341 2991 5380 a
3023 5324 3111 5377 via
3142 5329 3320 5376 autem
3382 5319 3483 5371 hac
3530 5318 3699 5371 «'rtlt-

2105 5432 2339 5495 navet-it,
2395 5439 2680 5495 nunquam
2717 5422 2985 5493 quiescet,
3036 5416 3132 5470 srd
3182 5428 3401 5481 semper
3449 5411 3529 5463 v.l
3562 5411 3699 5461 afiii-

2107 5533 2287 5598 getur,
2317 5521 2401 5576 vel
2431 5520 2638 5590 afﬂiget
2667 5516 2827 5581 alios,
2860 5512 3186 5577 laboresque
3216 5521 3348 5560 suos
3380 5501 3545 5574 408
3580 5518 3700 5553 mn-

1693 5667 1932 5723 VARl/E
1963 5665 2261 5726 LECTION
2273 5665 2375 5722 ES.

480 5831 552 5863 ⁸⁸⁴
574 5827 977 5902 σικχαίνοντας.
