4062 6408
385 352 523 421 1699

1590 350 1649 408 S.
1687 346 1994 408 DOROTH
2007 348 2081 406 ΕΙ
2126 342 2444 406 ABBATIS

3524 347 3667 412 Πυο

379 483 480 524 nes
534 468 807 539 deperdet.
871 466 1028 533 Quod
1080 472 1257 521 autem
1293 463 1564 532 'gaudium
1600 462 1684 516 vel
1731 460 1953 531 requien

2083 459 2209 529 ράν,
2272 460 2434 512 ποίαν
2466 459 2777 515 ἀνάπαυσιν
2814 461 2915 515 οὐκ
2971 461 3083 532 ἔχει
3133 465 3162 517 6
3205 463 3470 531 τοιοῦτος,
3530 468 3669 521 ὅπου

384 570 757 630 consequatur
787 559 836 614 is
875 559 970 629 qui
1002 559 1126 613 talis
1156 557 1334 612 factus
1365 554 1548 621 fuerit,
1582 563 1643 609 ut
1673 554 1850 609 aiebat
1880 552 1977 606 ab-

377 650 478 706 bas
504 650 734 721 pastor?
766 650 867 716 Qui
916 650 1059 703 enim
1121 663 1244 704 sese
1289 648 1664 713 accusaverit,
1715 644 1977 716 quidquid

382 742 743 807 incommodi,
778 741 986 805 damni,
1022 741 1227 809 probri,
1264 740 1573 808 ignominia:
1605 741 1685 793 vel
1727 738 1973 802 alterius,

384 832 765 903 cujuscunque
819 831 1134 886 afﬂictionis
1180 831 1514 893 incurrerit,
1567 831 1752 884 omnia
1803 829 1976 883 hilare

384 925 659 994 suscipit,
714 924 973 979 omnibus
1028 923 1418 995 dignissimum
1465 938 1525 978 se
1564 931 1753 992 putat,
1797 936 1975 990 neque

379 1017 888 1071 ullomodoturbari
926 1024 1119 1086 potest.
1140 1014 1282 1081 Quid
1309 1016 1413 1069 hoc
1447 1014 1668 1068 homine
1693 1010 1975 1083 quietius?

455 1108 540 1164 ΙΙΙ.
586 1110 692 1163 Sed
728 1110 859 1163 mihi
894 1108 1128 1163 fortasse
1159 1108 1285 1179 quis
1317 1107 1577 1177 objiciet:
1635 1105 1776 1172 Quid
1809 1106 1856 1161 si
1888 1119 1975 1159 me

378 1198 580 1269 afﬂigat
607 1200 793 1265 frater,
825 1214 1190 1271 quaerensque
1222 1199 1428 1254 nullam
1463 1213 1550 1252 me
1579 1197 1853 1252 inveniam
1879 1210 1973 1250 oc-

376 1308 653 1347 casmnem
690 1295 926 1360 dedisse,
967 1307 1068 1348 cur
1107 1307 1196 1348 me
1228 1306 1492 1347 accusare
1527 1288 1797 1345 debeam?
1835 1290 1971 1346 Pro-

375 1383 518 1438 fecto
564 1387 608 1439 si
663 1400 721 1439 se
746 1386 872 1455 quis
906 1400 1032 1439 cum
1070 1383 1163 1438 Dei
1199 1384 1397 1438 timore
1428 1383 1714 1453 diligenter
1762 1382 1971 1435 exami-

375 1486 489 1538 net,
544 1491 825 1544 nunquam
858 1474 1082 1528 omnino
1110 1489 1170 1529 se
1201 1474 1473 1529 insontem
1508 1473 1782 1527 inveniet:
1814 1471 1971 1527 vide-

374 1567 566 1637 bitque
605 1569 686 1622 vel
721 1579 868 1634 actu,
915 1567 994 1622 vel
1039 1566 1228 1632 verbo,
1276 1566 1359 1620 vel
1408 1564 1579 1636 figura
1625 1563 1789 1619 ullam
1836 1579 1867 1618 a
1912 1578 1971 1619 se

383 1661 727 1714 occasionem
759 1660 961 1713 datam.
996 1657 1152 1725 Quod
1184 1659 1228 1714 si
1264 1659 1316 1712 in
1350 1658 1499 1711 nullo
1531 1658 1724 1711 horum
1758 1672 1814 1712 se
1841 1666 1970 1710 tunc

380 1765 593 1806 sontem
634 1752 891 1817 inveniet,
924 1751 1166 1819 profecto
1208 1751 1315 1805 alio
1351 1759 1593 1819 tempore
1634 1748 1824 1803 all]ixit
1854 1746 1962 1801 fra-

2079 549 2125 603 6‘
2166 550 2232 604 ἂν
2265 551 2500 623 ἀπέλθῃ.
2546 553 2740 624 ὥσπερ
2774 549 2898 607 εἰπε
2926 555 3022 608 καὶ
3048 557 3077 608 ό
3117 555 3289 619 ἀϐϐἄς
3340 559 3569 629 ποιμὴν,
3640 562 3670 612 ὁ

2079 642 2272 697 ἑαυτὸν
2327 645 2709 717 μεμφόμενος
2759 648 2828 701 El’
2854 664 2905 701 τι
2945 648 3054 718 γὰρ
3100 650 3287 720 συμϐῇ
3344 650 3494 720 αὐτῷ
3552 653 3671 705 εἴτε

2078 734 2277 805 ζημία,
2311 736 2425 790 είτε
2478 738 2698 808 ἀτιμία,
2727 740 2841 791 εἴτε
2889 739 3179 805 οίαδήποτε
3216 739 3420 809 θλίψις,
3459 742 3673 810 προλαο

2077 825 2190 880 ϐὼν
2226 827 2341 898 ἔχει
2386 829 2580 882 ἑαυτὸν
2609 829 2783 894 ἄξιον,
2836 831 2933 884 καὶ
2977 831 3236 885 οὐδέποτε
3293 832 3669 903 ταράσσεται.

2080 919 2239 973 Ἐστι
2266 919 2458 974 τούτου
2484 920 2537 974 τί
2567 937 2698 975 ποτε
2738 922 3195 995 άμεριμνότέρον,

2146 1094 2221 1149 1".
2269 1093 2429 1148 Ἀλλὰ
2466 1094 2615 1165 λέγει
2649 1113 2733 1158 τις
2756 1110 2773 1127 ο
2803 1096 2915 1150 Καὶ
2930 1096 3025 1149 ἐὰν
3052 1095 3213 1172 θλίϐῃ
3244 1114 3312 1168 με
3343 1099 3371 1151 ὁ
3400 1099 3665 1168 ἁδελφὸς,

2076 1187 2173 1239 κα)⁵
2201 1187 2482 1257 ὲρευνήσω
2544 1187 2803 1258 ἐμαυτὸν,
2846 1188 2942 1241 καὶ
2986 1187 3131 1259 εὕρω
3183 1189 3265 1242 ὅτι
3312 1190 3414 1243 οὐκ
3480 1190 3667 1243 ἔδωκα

2073 1276 2223 1346 αὐτῷ
2254 1278 2576 1348 οἱανδήποτε
2616 1279 2909 1350 πρόφασιν,
2953 1280 3074 1344 πῶς
3121 1279 3357 1351 δύναμαι
3434 1282 3665 1351 μέμψα-

2076 1367 2205 1422 σθαι
2235 1368 2474 1438 ἐμαυτόν
2502 1385 2517 1431 ;
2556 1370 2764 1433 Ὄντως
2792 1370 2888 1424 ἐὰν
2916 1370 3187 1441 ὲρευνήσῃ
3215 1387 3298 1433 τις
3326 1370 3521 1424 ἑαυτὸν
3557 1388 3664 1441 με-

2072 1460 2141 1513 τὰ
2167 1460 2333 1529 φόϐου
2373 1460 2535 1522 Θεοῦ,
2572 1462 2814 1533 εὑρίσκει
2848 1463 2931 1516 ὅτι
2962 1462 3178 1528 πάντως
3209 1462 3412 1517 ἔδωκεν
3444 1464 3660 1527 αἰτίαν,

2071 1554 2182 1607 εἴτε
2215 1553 2382 1624 ἔργῳ,
2416 1553 2526 1607 εἴτε
2556 1553 2720 1625 λόγῳ,
2757 1555 2868 1608 εἴτε
2909 1556 3168 1627 σχήματι.
3215 1556 3279 1609 Εἰ
3303 1556 3361 1609 δὲ
3406 1557 3504 1611 καὶ
3533 1556 3663 1626 βλέ-

2071 1661 2163 1698 πει
2204 1646 2417 1711 ἑαυτὸν,
2458 1647 2533 1711 ὡς
2572 1646 2741 1715 λέγει,
2788 1648 2870 1701 ὅτι
2911 1650 2970 1701 ὲν
2995 1647 3173 1702 οὐδενὶ
3210 1648 3418 1701 τούτων
3449 1648 3664 1702 ἔδωκεν

2070 1736 2206 1801 ὅλως
2247 1739 2429 1792 αἰτίαν
2477 1738 2616 1808 πρὸς
2664 1739 2727 1792 τὸ
2762 1740 2956 1812 παρὸν,
3001 1743 3150 1806 εἰκὸς
3195 1743 3384 1799 ἄλλοτε
3441 1744 3664 1797 ἐθλιϐεν

373 1851 513 1897 trem
547 1844 722 1907 illum,
754 1843 835 1898 vel
869 1843 1059 1897 eadem
1088 1842 1172 1898 vel
1200 1842 1454 1897 dissimili
1483 1843 1537 1897 in
1573 1857 1663 1907 re;
1708 1850 1803 1896 aut
1827 1840 1953 1896 forte

2069 1829 2259 1893 αὑτὸν,
2295 1828 2328 1899 ἢ
2359 1830 2441 1893 εἰς
2487 1831 2618 1883 αὐτὸ
2650 1830 2710 1884 τὸ
2742 1809 2996 1904 πράγμα,
3023 1833 3057 1903 ἢ
3094 1834 3173 1897 εἰς
3196 1834 3347 1899 ἄλλο,
3377 1834 3528 1899 εἰκὸς
3558 1834 3664 1887 ἄλ-

375 1935 687 2004 quempiatn
725 1934 891 1988 alium
941 1935 1164 1987 fratrem
1197 1932 1434 1987 vexavit.
1478 1931 1662 1998 Quare
1709 1932 1815 1987 hoc
1855 1945 1953 1986 me-

2070 1919 2162 1974 λον
2204 1920 2435 1990 ἀδελφὸν
2464 1922 2703 1993 sane“,
2732 1925 2829 1979 καὶ
2879 1925 3172 1997 ὲχρεώστει
3197 1924 3289 1979 διά
3327 1925 3488 1979 τοῦτο
3548 1943 3662 1979 πα-

370 2030 480 2083 rito
510 2026 797 2095 repatitur,
827 2026 908 2080 vel
942 2026 1014 2080 ob
1042 2025 1148 2080 alia
1179 2039 1301 2096 quae
1320 2023 1456 2079 alias
1484 2023 1717 2095 plurima
1746 2029 1953 2094 peccata

2070 2011 2206 2077 θεῖν,
2234 2013 2269 2084 ἢ
2302 2014 2560 2079 πολλάκις
2590 2017 2681 2069 καὶ
2700 2015 2767 2069 δι’
2792 2015 2958 2087 ἄλλην
2985 2016 3265 2088 ἁμαρτίαν
3294 2035 3308 2049 ·
3358 2016 3500 2069 ὣστε
3530 2016 3654 2079 ἐὰν,

376 2120 677 2175 commisit.
713 2119 918 2185 Quaerit
948 2120 1089 2174 alius
1122 2134 1220 2174 cur
1266 2118 1504 2185 scipsum
1552 2125 1809 2183 accuset,
1839 2130 1953 2170 cum

2068 2104 2144 2168 ὡς
2179 2103 2355 2171 εἷπον,
2402 2107 2540 2177 μετὰ
2586 2108 2752 2177 φόϐου
2786 2107 2924 2163 Θεοῦ
2969 2110 3255 2180 ἐρευνήσει
3280 2126 3366 2172 τις
3454 2109 3652 2162 ἑαυτὸν

371 2210 572 2265 sedens
606 2210 662 2264 in
694 2210 839 2264 omni
871 2223 1001 2279 pace
1042 2219 1097 2265 et
1127 2209 1309 2280 quiete
1341 2210 1595 2281 afﬂigitur
1632 2224 1663 2264 a
1707 2221 1953 2279 superve-

2066 2198 2162 2250 καί
2192 2197 2506 2269 ψηλαφήσει
2535 2198 2635 2269 τὴν
2684 2200 2819 2254 ἰδίαν
2879 2199 3186 2273 συνείδησιν
3228 2200 3503 2272 ἀκριϐῶς,
3559 2201 3656 2253 εὗ-

370 2308 554 2363 ηίθηιο
584 2308 755 2362 [γαίη
785 2306 954 2362 verbo
995 2305 1127 2370 “"0,
1163 2305 1248 2360 vel
1296 2305 1545 2367 πηοιρειο9
1593 2303 1678 2356 νει
1728 2300 1962 2373 ίεηοιηί.
2065 2286 2245 2359 ρίσκει
2284 2291 2476 2344 ἑαυτὸν
2507 2293 2726 2356 πάντως
2775 2291 2969 2346 αἴτιον.
3008 2292 3178 2346 Πάλιν
3213 2292 3363 2345 ἔστιν
3391 2292 3482 2345 ὅτε
3529 2291 3653 2361 βλέ-

366 2395 547 2459 nioso,
579 2395 726 2465 quod
758 2409 882 2449 cum
916 2394 1025 2463 pati
1057 2409 1167 2448 non
1199 2401 1386 2463 queat,
1420 2392 1582 2446 irasci
1612 2406 1669 2447 se
1698 2399 1869 2460 putat,
1909 2397 1953 2443 et

2061 2398 2154 2435 πει
2191 2396 2277 2443 τις
2314 2381 2527 2449 ἑαυτὸν,
2561 2381 2636 2446 ὡς
2676 2384 2815 2454 μετὰ
2857 2384 3081 2456 εἰρήνης
3109 2386 3204 2438 καὶ
3243 2383 3480 2454 ἡσυχίας
3507 2382 3653 2437 καθ-

366 2484 575 2538 turbari
621 2500 746 2538 cum
799 2484 1050 2539 ratione:
1090 2485 1219 2554 quia
1270 2483 1375 2538 nisi
1426 2482 1707 2539 incidisset
1747 2481 1855 2545 ille,
1906 2486 1953 2535 et

2060 2472 2339 2543 εζόμενον,
2406 2473 2634 2563 καί-ὅτε
2682 2473 2813 2544 εἰπῃ
2843 2472 2993 2545 αὐτῷ
3020 2471 3248 2543 ἀδελφὸς
3293 2472 3357 2526 τὸ
3386 2473 3541 2543 ῥῆμα
3589 2472 3655 2524 τὸ

366 2577 585 2631 locutus
626 2576 821 2632 fuisset
853 2585 908 2632 et
950 2576 1316 2632 turbationem
1368 2573 1619 2639 fecisset,
1675 2586 1953 2641 nunquam

2060 2564 2266 2619 λυποῦν
2314 2565 2498 2629 αὐτὸν,
2532 2566 2893 2637 ταράσσεσαι,
2949 2566 3046 2620 καί
3075 2565 3151 2629 ὡς
3180 2566 3245 2618 ὲκ
3313 2564 3508 2618 τούτου
3562 2580 3654 2617 νο-

364 2668 677 2737 peccasset?
710 2667 824 2724 Hoc
846 2678 993 2725 certe
1022 2669 1308 2724 ridiculum
1341 2678 1444 2730 est,
1476 2666 1734 2736 nullaque
1767 2664 1953 2719 nititur

2061 2653 2207 2723 μίξει
2255 2654 2496 2724 εὐλόγως
2530 2655 2841 2722 θλίϐεσθαι,
2896 2658 3020 2711 κατ’
3083 2656 3248 2710 αὐτοῦ
3302 2656 3504 2725 λέγων,
3563 2654 3650 2708 ὅτι

364 2760 591 2815 ratione.
625 2759 813 2831 Neque
853 2762 998 2816 enim
1047 2777 1113 2815 ex
1164 2761 1268 2816 hoc
1314 2761 1459 2830 quod
1506 2760 1732 2813 verbum
1784 2756 1953 2811 ullum

2056 2742 2119 2796 Εἰ
2161 2743 2236 2815 μὴ
2258 2739 2389 2815 ἦλθε
2428 2745 2520 2798 καὶ
2561 2745 2794 2815 ὲλάλησέ
2836 2762 2950 2817 μοι,
2978 2746 3073 2800 καὶ
3132 2742 3386 2815 ὲτάραξέ,
3420 2761 3511 2815 με,
3547 2744 3651 2798 οὐκ

363 2849 563 2905 dixerit
588 2853 899 2921 passionem
934 2852 1028 2907 ira:
1054 2852 1131 2907 illi
1163 2852 1369 2923 injecit,
1400 2852 1531 2923 quin
1565 2850 1748 2921 potius
1778 2859 1953 2929 esten:

2054 2832 2199 2907 εἰχον
2242 2836 2577 2907 άμαρτῆσαι.
2647 2836 2758 2890 Καὶ
2809 2836 2968 2890 τοῦτο
3001 2836 3166 2908 χλεύη
3196 2837 3334 2903 ἐστὶ,
3366 2836 3653 2890 καὶτοῦτο

361 2937 464 3002 dit,
496 2953 604 3009 qua
642 2940 919 2995 laboraret
948 2941 1203 3011 passione
1232 2957 1247 2996 :
1285 2951 1365 3004 ut,
1393 2941 1440 2996 si
1474 2940 1652 3006 vellet,
1685 2938 1953 3009 pteniten-

2054 2928 2464 3000 παραλογισμός
2497 2930 2636 2984 ἐστι.
2670 2929 2761 3002 Μὴ
2793 2928 2903 3000 γὰρ
2928 2930 2958 2980 ὁ
2997 2929 3166 2983 εἰπὼν
3198 2928 3349 2999 αὑτῷ
3370 2929 3432 2982 τὸ
3469 2929 3645 3001 ῥῆμα,

360 3028 493 3082 tiam
532 3040 736 3100 ageret.
768 3028 868 3086 Hic
896 3030 1099 3102 siligini
1140 3031 1336 3087 similis
1364 3031 1541 3087 factus
1574 3039 1658 3086 est
1680 3029 1864 3085 nitida:
1892 3037 1951 3083 et

2054 3019 2302 3073 ἐνέϐαλεν
2361 3021 2511 3091 αὐτῷ
2570 3021 2633 3075 τὸ
2727 3021 2900 3085 πάθος
2927 3061 2943 3088 ,
2998 3021 3060 3075 τὸ
3101 3021 3160 3075 ἐν
3225 3021 3378 3093 αὐτῷ
3446 3021 3649 3089 ἔδειξεν

360 3121 687 3189 splendenti,
738 3138 901 3193 quam
936 3140 1061 3179 cum
1109 3124 1235 3195 quis
1281 3124 1525 3196 fregerit,
1566 3139 1782 3179 caenum
1829 3123 1951 3192 ejus

360 3212 667 3280 patefaciet.
723 3212 816 3268 Sic
863 3214 957 3282 qui
1015 3214 1167 3269 sedet
1218 3214 1436 3283 quietus
1486 3222 1539 3268 et
1584 3212 1839 3283 pacificus
1897 3219 1957 3265 ιιι

360 3303 663 3367 existimat,
697 3303 1006 3372 passionem
1040 3303 1188 3358 intus
1224 3304 1386 3357 habet
1430 3316 1594 3371 quatn
1643 3316 1750 3355 non
1787 3299 1953 3353 videt.

366 3392 695 3460 Supervenit
717 3392 905 3458 frater,
931 3392 1151 3447 vet-bum
1177 3393 1397 3462 aliquod
1421 3392 1710 3446 molestum
1736 3389 1953 3459 objicit;

362 3484 657 3552 statimque
704 3498 807 3553 pus
840 3498 1000 3538 omne
1043 3493 1098 3537 et
1138 3485 1313 3538 lutum
1345 3483 1489 3553 quod
1535 3482 1685 3536 intus
1734 3480 1951 3545 latebat,

362 3574 653 3626 evomitur.
706 3570 887 3638 Quare
928 3572 973 3627 si
1028 3572 1461 3628 misericordiam
1504 3571 1622 3626 vult
1669 3571 1953 3640 consequi,

364 3662 743 3730 paenitentiam
774 3672 921 3732 agat,
951 3670 1147 3732 purget
1174 3676 1253 3726 se,
1290 3662 1557 3732 proficere
1588 3660 1824 3727 studeat,
1869 3660 1953 3715 vi-

360 3752 614 3821 debitque
665 3753 922 3807 debuisse
972 3753 1146 3823 magis
1199 3767 1319 3808 sese
1367 3751 1521 3806 fratri
1577 3751 1654 3806 illi
1709 3753 1950 3822 gratias,

358 3860 521 3911 quam
553 3845 810 3915 injuriam
852 3843 1077 3911 referre,
1107 3844 1407 3915 qui'tantae
1438 3844 1542 3899 sibi
1594 3842 1755 3898 fuerit
1798 3843 1949 3896 utili-

358 3938 488 3989 tatis
520 3934 759 3990 occasio.
806 3932 923 3988 Non
965 3934 1112 3989 enim
1158 3932 1510 4003 postmodum
1557 3931 1951 3987 tentationibus

356 4027 495 4079 adeo
526 4024 803 4092 afﬂigitur,
839 4025 935 4080 sed
976 4035 1183 4095 quanto
1212 4025 1506 4095 profecerit
1553 4024 1746 4093 magis,
1798 4032 1950 4079 tanto

356 4116 478 4171 illas
515 4119 711 4171 sentiet
748 4117 1001 4171 leviores.
1047 4114 1183 4170 Nam
1233 4125 1441 4186 quanto
1486 4114 1700 4185 proficit
1740 4115 1946 4180 anima,

356 4220 508 4264 tanto
539 4210 596 4262 tit
621 4208 815 4262 fortior
842 4215 898 4263 et
931 4209 1203 4264 valentior
1239 4208 1306 4263 ad
1347 4207 1567 4262 ferenda
1607 4220 1948 4276 quaecunque

358 4304 492 4355 dura
520 4301 871 4370 contigerint.
902 4298 1217 4355 Jumeutum
1249 4300 1395 4356 enim
1424 4299 1555 4354 illud
1582 4297 1943 4355 fortissimum

352 4392 609 4456 dicimus,
629 4391 797 4459 quod,
827 4406 969 4445 onus
997 4391 1254 4461 quodque
1280 4393 1447 4447 etiam
1479 4406 1735 4461 magnum
1764 4392 1947 4447 valen-

2057 3108 2243 3179 αὐτῷ,
2309 3109 2397 3163 ἵνα
2483 3110 2578 3164 ἐὰν
2635 3110 2780 3164 θέλει
2807 3149 2821 3174 ,
2874 3113 3196 3183 μετανοήσει
3251 3112 3390 3185 ὑπὲρ
3451 3111 3641 3166 αὑτοῦ.

2059 3197 2228 3265 (ὶῦτος
2283 3203 2391 3274 γάρ
2431 3201 2574 3257 ἔοικε
2634 3204 2874 3275 σιλιγνίῳ
2942 3204 3189 3276 καθαρῷ,
3265 3204 3466 3272 εξωθεν
3535 3206 3645 3275 μὲν

2054 3295 2276 3366 ὡραῖον,
2338 3295 2540 3349 ἔσωθεν
2588 3297 2644 3348 δὲ
2674 3295 3011 3365 λαμπούθιόν
3063 3314 3117 3350 τι
3143 3312 3160 3328 ο
3197 3297 3293 3353 καὶ
3354 3298 3485 3352 ὅταν
3501 3297 3638 3353 κλά-

2059 3403 2142 3440 σει
2181 3388 2315 3440 αὐτό
2347 3405 2453 3451 τις,
2494 3389 2616 3441 τότε
2657 3390 2908 3458 φαίνεται
2936 3391 2965 3443 ὁ
3003 3388 3264 3461 βόρϐορος
3297 3389 3486 3445 αὐτοῦ.
3530 3389 3642 3445 οὖ-

2057 3494 2165 3539 τως
2223 3477 2317 3530 καὶ
2359 3477 2522 3541 αὐτὸς
2558 3478 2794 3548 ἐκάθητο
2825 3478 2943 3548 μετ’
2974 3478 3222 3547 εἰρήνης,
3250 3476 3328 3542 ὡς
3357 3477 3635 3548 ἐνόμιζεν,

2056 3563 2171 3637 εἶχε
2210 3567 2269 3620 δὲ
2296 3567 2499 3621 ἔσωθεν
2528 3568 2693 3621 αὐτοῦ
2722 3568 2785 3622 τὸ
2824 3569 3016 3633 πάθος,
3070 3568 3168 3623 καὶ
3213 3570 3315 3623 οὐκ
3370 3569 3505 3640 ᾔδει.
3540 3569 3640 3623 Ἓν

2058 3661 2209 3730 ῥῆμα
2248 3654 2402 3713 εἷπεν
2434 3660 2581 3730 αὑτῷ
2608 3661 2637 3713 ὁ
2661 3660 2891 3729 ἀδελφὸς
2934 3660 3121 3725 αὐτοῦ,
3154 3662 3251 3714 καὶ
3293 3661 3514 3728 ἐξέϐαλε
3544 3664 3639 3715 τὸν

2056 3749 2315 3822 βόρϐορον
2341 3750 2432 3804 τὸν
2456 3751 2836 3822 κεκρυμμένον
2872 3750 3000 3806 ἔσω.
3049 3751 3174 3805 Ἐάν
3202 3748 3294 3806 οὖν
3314 3750 3445 3824 θέλῃ
3476 3752 3637 3823 ἐλεη-

2056 3841 2238 3911 θῆναι,
2296 3843 2629 3913 μετανοήσῃ,
2685 3843 2782 3897 καί⁵
2836 3842 3134 3914 καθαρίσῃ.
3194 3844 3473 3915 προκύψῃ,
3534 3845 3633 3900 καὶ

2055 3934 2242 4005 βλέπει
2289 3935 2373 3988 ὅτι
2404 3935 2605 4005 μᾶλλον
2632 3935 3023 4006 εὐχαριστῆσαι
3048 3936 3254 4004 ὀφείλει
3277 3934 3356 4007 τῷ
3383 3936 3625 4005 άδελφῶ,

2049 4030 2127 4091 ὡς
2157 4027 2316 4099 αἰτίῳ
2351 4026 2621 4098 γινομένῳ
2653 4027 2802 4099 αὐτῷ
2834 4027 2932 4096 τῆς
2985 4026 3245 4098 τοιαύτης
3323 4025 3623 4097 ὠφελείας.

2049 4120 2163 4173 Οὐκ
2198 4118 2277 4171 ἔτι
2309 4119 2418 4191 γὰρ
2450 4120 2652 4189 ὁμοίως
2688 4117 2944 4193 βαροῦσιν
2972 4119 3136 4173 αὑτὸν
3171 4121 3222 4173 οἰ
3272 4120 3575 4191 πειρασμοί
3605 4135 3622 4150 ·

2048 4210 2164 4265 ἀλλ’
2192 4212 2316 4265 ὅσον
2365 4211 2688 4283 προκόπτει,
2739 4209 2996 4263 τοσοῦτον
3052 4211 3405 4282 εὑρίσκονται
3473 4210 3626 4281 αὐτῷ

2047 4302 2423 4376 ἐλαφρότεροι.
2456 4304 2622 4356 Ὅσον
2653 4302 2762 4372 γάρ
2801 4302 3098 4373 προκόπτει
3133 4304 3166 4374 ἡ
3200 4302 3369 4373 ψυχὴ,
3413 4303 3627 4372 γίνεται

2050 4393 2265 4464 ἰσχυρὰ,
2324 4394 2420 4447 καὶ
2476 4391 2674 4462 ἔχουσα
2706 4391 2935 4463 δύναμιν
3004 4392 3272 4462 βαστάσαι
3323 4393 3393 4447 τὰ
3461 4397 3627 4463 ἔπερ·

354 4492 436 4537 tcr
468 4492 520 4536 ct
552 4482 835 4537 commode
872 4481 1017 4535 vehit
1058 4495 1075 4534 :
1126 4494 1199 4546 et,
1236 4482 1284 4538 si
1326 4483 1619 4554 contigerit
1647 4498 1778 4538 casu
1831 4483 1943 4539 ullo

2054 4485 2275 4555 χόμενα.
2309 4484 2524 4554 Ὠσπερ
2575 4483 2673 4537 ἐάν
2707 4483 2823 4538 ἐστι
2872 4482 3010 4548 ζῶον
3049 4482 3292 4554 ἰσχυρὸν,
3330 4485 3425 4538 κα)⁸
3480 4501 3617 4554 φορ⁹

353 4574 631 4628 otfendere
657 4573 739 4627 vel
770 4573 984 4638 cadere,
1022 4574 1095 4628 ita
1129 4573 1313 4629 statim
1362 4574 1633 4630 excitatur
1662 4583 1717 4630 et
1752 4590 1942 4632 resur-

354 4665 452 4734 git,
484 4675 540 4717 ut
588 4665 674 4717 vix
710 4663 1003 4719 offendisse
1028 4665 1114 4719 vel
1141 4665 1406 4722 cecidisse
1445 4682 1506 4723 se
1539 4668 1794 4724 senserit.
1838 4668 1942 4725 De-

267 4798 272 4802 .
355 4758 461 4811 bile
491 4766 674 4809 autem
705 4755 909 4809 animal
947 4756 1255 4827 cuicunque
1287 4759 1441 4813 oneri
1468 4758 1634 4813 etiam
1663 4759 1942 4815 levissimo

354 4848 695 4913 succumbit;
732 4856 804 4913 et,
840 4847 886 4901 si
917 4846 1195 4914 ceciderit,
1226 4848 1293 4903 ad
1325 4851 1718 4921 resurgendum
1747 4852 1944 4906 multo-

352 4954 473 4993 rum
506 4952 642 5007 opus
676 4936 840 4992 habet
872 4936 1100 4990 auxilio.
1150 4936 1296 4990 Idem
1341 4946 1429 4992 est
1465 4938 1532 4991 de
1576 4938 1782 5005 anima,
1819 4953 1943 5009 qua:

357 5046 467 5100 quo
498 5032 673 5101 magis
706 5028 1031 5100 peccaverit,
1072 5041 1140 5083 eo
1173 5028 1232 5082 fit
1260 5042 1476 5097 semper
1510 5028 1759 5084 debilior.
1810 5029 1944 5083 Pee—

353 5131 536 5177 catum
565 5121 714 5177 enim
745 5120 801 5175 in
830 5119 1106 5176 miseriam
1135 5133 1477 5189 quacunque
1513 5120 1701 5184 trahit,
1727 5128 1782 5174 et
1806 5133 1940 5174 con-

349 5216 487 5269 eutit
516 5213 659 5284 apud
694 5226 857 5283 quem
887 5212 1092 5269 fuerit:
1134 5210 1283 5281 quod
1330 5210 1377 5266 si
1424 5218 1611 5281 postea
1659 5209 1940 5283 quidpiam

347 5304 653 5374 contigerit,
702 5303 838 5360 illud
881 5318 1007 5360 eum
1041 5303 1225 5359 adhuc
1277 5301 1451 5371 magis
1506 5310 1785 5373 aggravat.
1840 5301 1937 5357 Sin

347 5408 477 5450 vero
507 5393 801 5465 profecerit
829 5393 994 5449 homo
1022 5401 1077 5448 et
1106 5391 1407 5449 surrexerit
1426 5406 1491 5447 ex
1522 5401 1765 5462 peccato,
1790 5406 1937 5462 quae-

347 5502 563 5557 cunque
592 5485 944 5558 postmodum
972 5484 1294 5549 acciderint,
1324 5483 1466 5539 levia
1492 5484 1784 5553 reputabit,
1809 5498 1934 5540 eum

346 5588 502 5633 antea
543 5581 659 5633 visa
705 5584 892 5633 essent
939 5575 1280 5648 gravissima,
1317 5572 1716 5645 conferuntque
1765 5576 1937 5646 magis

346 5676 399 5722 et
438 5666 809 5733 benefaciunt,
841 5682 1004 5736 quam
1034 5665 1254 5731 laedant,
1285 5663 1352 5720 ad
1386 5679 1771 5735 summumque
1801 5679 1929 5735 pro-

346 5769 596 5825 gressum
621 5768 673 5815 et
703 5756 941 5829 quietem
974 5756 1319 5825 deducimur,
1351 5757 1396 5813 si
1432 5771 1531 5811 nos
1563 5758 1711 5827 ipsus
1748 5756 1929 5828 potius

2044 4575 2185 4631 τίσει
2230 4591 2315 4639 τις
2350 4574 2483 4629 αὐτὸ
2531 4574 2773 4647 γομάριν
2802 4573 2943 4646 μετὰ
2989 4574 3351 4638 ἀναπαύσεως
3424 4574 3623 4645 βαστά-

2045 4666 2128 4733 ζει
2164 4682 2180 4699 ⁸
2231 4668 2282 4721 εἰ
2309 4667 2367 4721 δὲ
2398 4666 2497 4721 καὶ
2514 4666 2697 4738 συμϐῇ
2717 4666 2866 4738 αὐτῷ
2880 4665 3207 4739 προσκόψαι,
3238 4666 3443 4730 εὐθέως
3474 4667 3623 4735 ἐγεί-

2045 4774 2221 4830 ρεται,
2249 4758 2343 4811 καὶ
2371 4755 2580 4827 σχεδὸν,
2611 4756 2733 4810 οὐδὲ
2758 4755 3107 4811 αἰσθάνονται
3130 4756 3213 4811 ὅτι
3248 4757 3615 4827 προσέκοψενο

2040 4848 2138 4904 ἐὰν
2171 4848 2229 4902 δέ
2259 4849 2377 4901 ἐστι
2425 4847 2564 4913 ζῶον
2605 4846 2976 4918 ταλαίπωρον,
3007 4848 3103 4903 καὶ
3130 4847 3193 4901 τὸ
3224 4848 3330 4902 εῐτι
3380 4849 3608 4921 δήποτε,

2047 4939 2205 5011 βαρεῖ
2231 4939 2364 4993 αὐτό
2396 4954 2412 4972 ο
2449 4939 2579 4993 εἰδὲ
2622 4939 2717 4993 καὶ
2749 4939 3110 5013 πέσῃ,δέεται
3133 4937 3339 5008 πολλῆς
3368 4939 3620 5011 βοηθείας

2039 5034 2120 5096 εἰς
2170 5031 2233 5083 τὸ
2269 5032 2490 5101 ἐγεῖραι
2520 5030 2688 5084 αὑτόο
2722 5029 2896 5094 οὕτως
2928 5031 3047 5084 ἐστὶ
3074 5031 3168 5085 καὶ
3196 5032 3259 5085 τὸ
3286 5032 3386 5101 τῆς
3418 5032 3619 5101 ψυχῆς,

2037 5120 2162 5174 ὅσον
2218 5120 2435 5190 ἐνεργεῖ
2459 5120 2558 5190 τὴν
2600 5121 2898 5193 ἁμαρτίαν,
2930 5121 3268 5194 ταλαιπωρεῖ
3299 5122 3358 5188 ἐξ
3424 5122 3615 5191 αὐτῆς.

2038 5212 2102 5266 Εἰ
2139 5212 2247 5283 γὰρ
2296 5213 2332 5283 ἠ
2360 5212 2605 5283 ἁμαρτία
2643 5213 3112 5284 ταλαιπωροποιός
3180 5216 3319 5278 ἐστι,
3367 5215 3463 5268 καὶ⁵
3523 5231 3620 5267 σα-

2038 5302 2160 5373 θροί
2189 5303 2280 5359 τὸν
2308 5303 2499 5375 ἔχοντα
2527 5306 2719 5377 αὐτὴν,
2750 5306 2940 5361 λοιπὸν
2971 5307 3024 5360 εἰ
3049 5324 3103 5360 τι
3132 5307 3339 5379 δήποτε
3367 5307 3465 5359 ἐὰν
3485 5323 3620 5375 συμ⁹

2034 5390 2132 5460 ϐῇ,
2185 5389 2347 5461 βαρεῖ
2402 5393 2565 5446 αὐτόν
2594 5408 2611 5426 ⁸
2657 5393 2755 5447 ἐὰν
2782 5393 2840 5448 δὲ
2870 5393 3122 5465 προκόψῃ
3174 5394 3485 5465 ἄνθρωπος.
3533 5394 3615 5461 γε·

2032 5497 2215 5534 νονται
2246 5481 2394 5552 αὐτῷ
2414 5482 2556 5536 κατὰ
2598 5482 2901 5554 πρόσϐασιν
2953 5482 3294 5555 ἐλαφρότερα
3319 5484 3506 5536 ὲκεῖνα
3550 5480 3617 5534 τά

2035 5588 2164 5625 ποτε
2222 5572 2492 5644 βαροῦντα
2519 5574 2684 5626 αὐτόν
2710 5590 2725 5605 ο
2774 5574 2917 5627 ὥστε
2951 5575 3093 5629 πάνυ
3125 5575 3273 5644 ἡμᾶς
3307 5574 3607 5644 εὐεργετεῖ.

2036 5665 2130 5718 καὶ
2181 5667 2260 5728 εἰς
2309 5666 2512 5737 πολλὴν
2565 5666 2874 5721 ἀνάπαυσιν
2907 5669 3002 5722 καὶ
3041 5666 3329 5741 προκοπὴν
3368 5667 3523 5738 φέρει
3551 5672 3610 5717 τὸ

2039 5758 2266 5824 ἑαυτοὺς
2300 5760 2393 5814 καὶ
2442 5760 2646 5830 μηδένα
2674 5760 2831 5815 ἄλλον
2865 5761 2921 5815 ὲν
2949 5763 3059 5825 τοίς
3095 5758 3485 5831 συμϐαίνουσιν
3531 5761 3611 5814 αἰ-
