4062 6412
406 348 537 412 1ἷο1

1719 336 2099 402 DOCTRINA
2134 339 2266 398 VII.

3531 343 3672 406 1792

403 459 636 514 τιᾶσθαι.
680 460 784 513 Καὶ
816 459 1049 529 μάλιστα
1098 457 1247 510 οὒδὲν
1279 458 1514 527 ἐγχωρεῖ
1558 455 1688 510 ἄνευ
1713 452 1813 520 τῆς
1844 467 1980 521 προ-

2099 487 2246 540 ιιιιιιιι
2274 472 2442 527 ιιΙΙιιιιι
2466 472 2633 526 alium
2666 472 2718 526 in
2742 472 3002 531 omnibus
3031 487 3386 539 accusemus;
3412 488 3477 529 eo
3505 477 3668 530 etiam

407 550 553 611 νοίας
584 548 676 602 τοῦ
720 548 855 601 Θεοῦ
882 547 1136 617 γενέσθαι
1182 549 1337 617 ἡμῖν.

474 732 546 781 Δ⁹.
576 725 785 780 Οἰικοῦν
814 727 919 780 κᾶν
968 728 1114 796 λέγει
1149 744 1253 789 τις.
1303 728 1385 780 ὅτι
1423 746 1442 778 t
1476 725 1601 789 Πῶς
1656 725 1717 779 οὗ
1750 725 1983 797 δύναμαι

404 819 673 887 θλιϐἧναι,
707 819 801 871 ἐὰν
828 817 1013 888 χρῄζω
1043 820 1388 889 πράγματος,
1419 820 1509 870 καὶ
1547 819 1608 871 οὐ
1631 816 1928 889 λαμὸάνω;
1960 836 1978 868 ι

406 910 515 960 ἰδοὺ
565 908 674 979 γὰρ
709 907 894 979 χρῄζω
921 908 1086 961 αὐτοῦ
1133 910 1273 961 κατὰ
1307 908 1367 959 τὸ
1398 908 1713 975 ἀναγκαῖον.
1754 909 1865 961 Καὶ
1895 909 1986 963 οὑ-

400 1001 459 1054 δὲ
489 995 642 1064 οὗτος
695 1000 807 1069 ἔχει
860 999 1018 1067 λόγον
1054 998 1115 1051 τὸ
1163 1000 1482 1068 μέμψασθαι
1515 1000 1703 1052 ἑαυτόν
1752 1016 1896 1064 τινα,
1950 1000 1982 1071 ἢ

402 1091 657 1159 θλιϐἧναι
690 1091 833 1144 κατά
874 1106 1051 1153 τινος·
1094 1090 1230 1144 ἀλλὰ
1265 1091 1359 1143 ἐὰν
1397 1089 1473 1161 τῷ
1494 1091 1609 1143 ὃντι
1638 1089 1817 1161 χρῄζῃ
1844 1092 1986 1162 πράο

404 1199 639 1251 γματος,
667 1183 741 1245 ὡς
775 1182 951 1250 λέγει,
998 1183 1093 1235 καὶ
1124 1183 1183 1235 οὐ
1213 1182 1504 1250 λαμϐάνει,
1543 1183 1746 1250 ὀφείλει
1779 1182 1982 1252 λέγειν,

403 1273 490 1327 ὅτι
557 1292 577 1326 t
622 1275 678 1327 '0
717 1272 951 1342 Χριστὸς
1009 1268 1117 1325 οἶδε
1147 1270 1308 1325 πλέον
1341 1276 1389 1325 εἰ
1416 1273 1616 1342 ὀφείλω
1645 1276 1980 1345 ἁναπαῆναι,

407 1367 501 1419 καὶ
546 1366 710 1428 αὐτὸς
739 1364 947 1432 γίνεταί
978 1381 1068 1433 μοι
1095 1364 1212 1417 ἀντὶ
1257 1363 1409 1417 τοῦδε
1454 1364 1548 1417 τοῦ
1576 1370 1922 1436 πράγματος,
1950 1366 1983 1437 ἢ

406 1457 533 1512 ἀντὶ
564 1456 717 1511 τοῦδε
766 1458 860 1511 τοῦ
892 1457 1200 1526 βρώματος.
1232 1476 1250 1509 t
1281 1459 1346 1510 Οί
1388 1457 1493 1510 υἱοὶ
1536 1458 1753 1530 Ἰσραὴλ
1785 1459 1985 1528 ἔφαγον

405 1546 468 1600 τὸ
513 1548 691 1617 μάννα
722 1548 779 1600 ὲν
845 1550 909 1617 τῇ
959 1548 1153 1617 ἐρήμῳ
1183 1547 1589 1616 τεσσαράκοντα
1621 1548 1738 1618 ἐτη.
1780 1550 1888 1602 Καὶ
1925 1548 1986 1602 ἓν

411 1638 513 1707 μὲν
557 1632 692 1703 εἶδος
730 1634 798 1709 ἦν
826 1638 885 1691 τὸ
940 1640 1149 1709 μάννα.
1195 1640 1444 1709 Ἐκάστῳ
1468 1639 1526 1691 δὲ
1557 1639 1766 1707 ἐγίνετο
1803 1639 1986 1704 καθὼς

410 1729 611 1800 ἔχρῃζε
636 1745 649 1759 ·
679 1728 757 1798 τῷ
818 1729 1073 1799 χρῄζοντι
1108 1728 1377 1799 ἁλμυροῦ,
1447 1726 1691 1798 ἁλμυρὸν
1735 1727 1943 1792 ἐγίνετο
1967 1744 1981 1758 ·

405 1818 489 1889 ’τῷ
549 1819 804 1891 χρῄζοντι
843 1819 1095 1887 γλυκέος,
1130 1820 1343 1887 ἐγίνετο
1405 1817 1577 1887 γλυκύ
1600 1836 1613 1848 ·
1646 1818 1740 1871 καὶ
1772 1819 1988 1888 ἑκάστῳ
2022 1803 2062 1856 Β

415 1907 601 1970 ἁπλῶς
648 1906 820 1969 οὕτως
865 1907 1096 1973 ἐγίνετο,
1156 1907 1396 1976 ἁρμόζον
1446 1906 1582 1975 πρὸς
1638 1907 1736 1977 τὴν
1793 1908 1987 1975 κρᾶσιν

411 2000 577 2055 αὑτοῦ
602 2040 616 2054 .
663 1999 847 2062 Οὕτως
872 1995 965 2051 οὖν
1012 1999 1106 2050 ἐὰν
1164 1998 1341 2069 χρῄζῃ
1378 2016 1459 2052 τις
1488 1998 1617 2062 ὼοῦ,
1646 1999 1739 2052 καὶ
1764 2000 1825 2051 οὐ
1853 1998 1989 2069 λαμ·

414 2094 565 2147 ϐάνει
590 2094 636 2143 εἰ
693 2092 768 2160 μὴ
798 2091 1028 2159 λάχανον
1050 2132 1065 2155 ,
1102 2089 1230 2161 εἴπῃ
1260 2090 1336 2159 τῷ
1392 2090 1637 2161 λογισμῷ
1669 2092 1853 2156 αὑτοῦ,
1908 2093 1989 2146 ὅτι

423 2204 443 2238 t
484 2186 545 2239 Ei
593 2184 859 2253 συνέφερέ
884 2201 995 2253 μοι,
1024 2180 1137 2256 εἷχε
1168 2184 1384 2246 πάντως
1410 2184 1623 2254 πέμψαι
1673 2202 1761 2254 μοι
1791 2185 1922 2238 αὐτὸ
1963 2186 1992 2239 ὁ

414 2277 548 2342 Θεὸς
576 2293 591 2309 ⁸
622 2276 761 2348 πλὴν
806 2276 1031 2330 δύναται
1057 2277 1151 2328 καὶ
1198 2275 1331 2329 αὐτὸ
1386 2276 1449 2329 τὸ
1482 2276 1711 2347 λάχανον
1768 2279 1991 2347 ποιῆσαι

416 2386 508 2438 μοι
553 2368 629 2432 ὡς
678 2369 825 2422 ὼόνο
865 2386 884 2420 ›
921 2368 1016 2421 καὶ
1068 2366 1303 2438 πιστεύῃ
1345 2367 1424 2437 τῷ
1470 2367 1610 2438 Θεῷ,
1648 2370 1730 2422 ὅτι
1783 2370 1990 2436 γίνεται

411 2457 566 2529 αὐτῷ
618 2460 698 2522 εἰς
748 2456 1067 2529 μαρτύριον.
1104 2456 1214 2511 Καὶ
1259 2457 1370 2527 γὰρ
1429 2459 1567 2528 μετὰ
1595 2458 1854 2528 ἀληθείας
1898 2461 1992 2514 ἐάν

414 2552 568 2604 ἐστιν
596 2550 746 2614 ἄξιός
787 2567 872 2614 τις
905 2550 999 2604 τοῦ
1034 2551 1368 2621 ἀναπαῆναι,
1416 2550 1615 2622 καρδίᾳ
1653 2552 1988 2623 σαρωθῆναι,

413 2644 750 2714 πληροφορεῖ
796 2644 825 2696 ὁ
855 2642 990 2707 Θεὸς
1025 2644 1248 2713 ποιῆσαι
1303 2642 1423 2713 μετ’
1456 2643 1622 2697 αὑτοῦ
1671 2644 1818 2707 ἔλεος
1852 2645 1995 2699 κατὰ

409 2735 514 2807 τὴν
551 2736 739 2807 χρείαν
766 2734 929 2789 αὐτοῦ
964 2749 979 2765 '
1022 2734 1119 2788 ἐὰν
1148 2734 1204 2787 δὲ
1235 2735 1336 2788 οὑκ
1382 2734 1530 2787 ἐστιν
1563 2734 1713 2801 ἄξιος
1743 2734 1837 2789 τοῦ
1865 2737 1996 2790 ἁνα-

416 2826 644 2896 παῆναι,
698 2826 731 2897 ἦ
760 2826 821 2879 οὐ
854 2826 1122 2897 συμφέρει
1170 2825 1344 2895 αὐτῷ,
1372 2826 1558 2879 καινὸν
1589 2826 1843 2896 οὐρανὸν,
1868 2844 1993 2881 και-

417 2918 519 2987 νὴν
565 2917 670 2986 γῆν
700 2916 796 2970 ὲὰν
834 2919 1055 2987 ποιήσῃ,
1090 2915 1188 2985 οὐχ
1217 2916 1461 2986 εὑρίσκει
1489 2917 1795 2971 ἀνάπαυσιν
1827 2939 1838 2951 ·
1858 2918 1994 2987 aus.

415 3008 522 3072 λει,
569 3007 698 3060 ποτὲ
732 3007 831 3076 μὲν
881 3006 1126 3078 εὑρίσκει
1189 3022 1275 3069 τις
1331 3006 1638 3060 ἀνάπαυσιν
1698 3009 1791 3062 καὶ
1854 3008 1994 3079 ὑπὲρ

415 3099 518 3170 ’τὴν
544 3099 734 3170 χρείαν
769 3097 957 3163 αὑτοῦ,
990 3098 1122 3150 ποτὲ
1149 3096 1205 3149 δὲ
1249 3097 1371 3149 οὐδὲ
1427 3096 1525 3168 τὴν
1575 3098 1761 3169 χρείαν
1805 3098 1990 3154 αὑτοῦ.

423 3190 581 3245 υΕστι
614 3189 669 3242 δὲ
711 3190 799 3242 ὅτε
831 3189 1104 3258 οἰκονομεῖ
1127 3203 1249 3241 τινα
1287 3187 1384 3241 καὶ
1423 3187 1567 3261 ὑπὲρ
1623 3188 1721 3259 τὴν
1782 3189 1995 3261 χρείαν,
2023 3182 2063 3199 ι.

420 3278 611 3350 ἐπειδὴ
639 3281 668 3332 ὀ
719 3277 874 3342 Θεὸς,
922 3276 997 3338 ὡς
1051 3276 1302 3348 ἐλεήμων
1361 3277 1579 3349 ἑκάστῳ
1621 3280 1850 3349 παρέχει
1899 3278 1997 3349 τὴν

420 3370 611 3444 χρείαν
654 3367 850 3424 αὐτοῦ.
874 3370 1031 3423 Ἐστι
1064 3368 1120 3422 δὲ
1145 3370 1233 3422 ὅτε
1272 3369 1548 3439 οἰκονομεῖ
1586 3386 1709 3424 τινα
1736 3370 1828 3424 καί
1854 3369 1998 3440 ὑπὲρ

421 3462 523 3533 τὴν
558 3461 770 3531 χρείαν,
809 3459 1069 3515 δεικνύων
1114 3458 1262 3530 αὐτῷ
1283 3458 1380 3531 τὴν
1412 3458 1716 3530 ὑπερϐολὴν
1748 3461 1844 3529 τῆς
1876 3459 2001 3529 φιλ-

425 3553 740 3625 ανθρωπίας
771 3553 960 3617 αὑτοῦ,
1020 3552 1114 3606 καὶ
1149 3553 1416 3607 διδάσκων
1455 3552 1618 3606 αὐτὸν
1654 3553 1753 3622 τὴν
1783 3552 2004 3622 εὐχαρι-

427 3645 600 3699 στίαν.
636 3645 805 3698 Ὅταν
851 3645 908 3697 δὲ
951 3645 1011 3697 οὐ
1052 3646 1287 3716 παρέχει
1337 3645 1489 3715 αὐτῷ
1540 3643 1635 3714 τὴν
1678 3644 1867 3714 χρείαν
1905 3644 2004 3697 αὺ-

425 3735 543 3802 τοῦ,
576 3737 723 3788 ποιεῖ
760 3734 849 3787 διὰ
892 3733 986 3787 τοῦ
1040 3734 1199 3801 λόγου
1253 3734 1416 3786 αὐτοῦ
1443 3734 1543 3806 τὴν
1581 3734 1863 3807 ἐνέργειαν
1908 3734 2003 3789 τοῦ

429 3828 753 3897 πράγματος
785 3819 846 3879 οὗ
878 3826 1101 3896 χρῄζει,
1135 3828 1228 3881 καὶ
1246 3826 1482 3880 διδάσκει
1521 3828 1685 3881 αὐτὸν
1728 3828 1825 3898 τὴν
1870 3829 2006 3882 ὐπο-

432 3921 637 3987 μονὴνο
670 3916 811 3969 ὥστε
850 3919 931 3980 είς
984 3916 1160 3969 πάντα
1215 3917 1326 3970 ἄνω
1374 3918 1677 3986 ὀφείλομεν,
1719 3920 2004 3988 προσέχειν

428 4010 533 4063 κᾶν
585 4009 794 4071 καλῶς.
829 4009 862 4079 ἢ
904 4009 1090 4071 κακῶς
1121 4008 1157 4061 ἃ
1204 4009 1462 4078 πάθωμεν
1502 4010 1654 4077 παρά
1680 4026 1842 4076 τινος,
1893 4011 2006 4064 ἄνω

431 4101 744 4172 προσέχειν,
799 4101 894 4153 καὶ
936 4101 1276 4170 εὐχαριστεῖν
1339 4099 1435 4152 ἐπὶ
1479 4101 1590 4163 τοῖς
1623 4100 2001 4170 συμϐαίνουσι,

432 4192 791 4264 βαστάζοντες
822 4192 909 4245 ἀεὶ
936 4190 1034 4259 τὴν
1067 4189 1271 4261 μέμψιν
1302 4189 1510 4242 ἑαυτῶν
1530 4206 1545 4222 ·
1589 4190 1684 4244 καὶ
1733 4190 2002 4259 λέγοντες,

432 4281 613 4346 καθὼς
646 4277 797 4334 εἷπον
826 4282 877 4334 οἱ
912 4281 1123 4351 Πάτρες
1148 4296 1162 4311 ο
1199 4281 1247 4331 εί
1291 4279 1388 4349 μὲν
1435 4279 1597 4333 καλὸν
1633 4281 1827 4335 τίποτε
1862 4298 2004 4351 συμ-

431 4369 521 4442 ϐῇ,
556 4371 636 4422 ὅτι
659 4368 937 4439 οἰκονομία
958 4370 1074 4421 ἐστὶ
1096 4368 1188 4421 τοῦ
1206 4368 1341 4422 Θεοῦ
1368 4384 1382 4397 ’
1403 4370 1452 4421 εί
1478 4369 1537 4422 δὲ
1566 4371 1757 4435 κακδν,
1788 4371 1872 4424 ὅτι
1918 4370 2008 4424 διὰ

2087 564 2260 635 magis
2296 579 2407 634 quo
2437 565 2572 620 nihil
2604 564 2760 620 nobis
2790 564 2999 635 absque
3046 565 3235 619 divino
3267 577 3399 620 nutu
3448 574 3503 621 ct
3547 584 3675 638 pro—

2085 656 2326 710 videntia
2358 658 2561 711 evenit.

2156 745 2247 800 IV.
2291 749 2358 801 At
2389 749 2529 802 ilicet
2561 746 2796 804 fortasse
2823 746 3062 817 aliquis:
3110 766 3129 798 ι
3160 747 3278 814 Quo
3327 759 3488 817 pacto
3539 765 3671 820 pos-

2086 853 2207 892 sum
2240 854 2349 892 non
2384 839 2612 905 turbari,
2653 856 2778 896 cum
2821 841 2956 895 mihi
3008 855 3067 894 re
3110 841 3364 910 quapiam
3413 857 3552 912 Opus
3590 852 3675 898 est

2088 932 2422 994 necessario,
2447 948 2567 988 .nec
2608 949 2726 987 eam
2758 933 3015 1003 accipio?
3053 950 3073 985 ι
3132 934 3201 986 At
3242 949 3415 1000 neque
3456 951 3519 987 ex
3568 935 3674 991 hoc

2089 1031 2245 1091 potes
2274 1038 2605 1092 quemquam
2640 1038 2900 1079 accusare
2928 1024 3007 1078 vel
3040 1023 3253 1078 turbari
3281 1040 3404 1078 tum
3439 1027 3669 1081 ratione.

2088 1112 2223 1167 Nam
2257 1115 2573 1183 quicunque
2605 1130 2661 1168 re
2690 1117 2797 1169 ul’a
2831 1132 2967 1186 opus
3001 1117 3181 1179 habet,
3227 1133 3325 1171 nec
3370 1134 3487 1171 cam
3528 1121 3671 1171 acci-

2083 1203 2186 1272 pit,
2218 1203 2377 1258 debet
2408 1203 2460 1256 in
2495 1205 2675 1272 seipso
2697 1205 2877 1259 dicere
2914 1221 2927 1256 :
2964 1222 2982 1255 ι
3013 1203 3171 1259 Novit
3199 1206 3452 1260 Christus
3488 1207 3671 1260 Demi-

2089 1309 2190 1348 nus
2216 1294 2344 1364 quid
2372 1293 2539 1366 409
2566 1294 2700 1348 mihi
2726 1310 2864 1365 opus
2892 1294 3002 1349 sit:
3047 1296 3141 1350 ﬁat
3183 1298 3347 1365 igitur
3392 1298 3504 1367 ipse
3538 1299 3668 1352 mihi

2088 1385 2317 1455 hujusce
2358 1390 2431 1439 rei
2465 1388 2545 1440 vel
2580 1386 2742 1455 hujus
2771 1387 2877 1441 cibi
2915 1389 3055 1442 loco.
3089 1405 3109 1439 ι
3157 1387 3277 1441 Filii
3317 1393 3459 1442 enim
3505 1391 3671 1445 ls-ael

2088 1480 2556 1533 matnlucavcrunt
2594 1494 2794 1533 manna
2843 1479 2895 1532 in
2947 1480 3163 1534 deserto
3211 1495 3383 1535 annos
3433 1484 3671 1550 quadra-

2089 1571 2256 1639 ginta.
2306 1569 2539 1640 Fuitque
2591 1573 2800 1639 species
2849 1572 3007 1625 unira
3063 1586 3277 1625 maxime
3317 1590 3330 1623 :
3375 1574 3671 1643 unicuique

2089 1660 2292 1715 factum
2320 1669 2422 1725 est,
2459 1671 2516 1714 ιιι
2548 1661 2678 1716 illud
2706 1662 2885 1731 quivis
2913 1662 3139 1731 optabat
3166 1673 3219 1715 et
3248 1680 3386 1733 opus
3416 1666 3669 1723 babrbat.

2090 1753 2223 1808 Nam
2260 1755 2347 1809 cui
2380 1756 2635 1809 aercdine
2663 1766 2717 1810 et
2747 1756 3016 1810 salsctline
3048 1772 3188 1825 opus
3235 1767 3370 1822 erat,
3424 1775 3671 1815 amarum

2090 1856 2143 1899 et
2186 1846 2391 1901 salsum
2429 1845 2629 1900 factum
2667 1857 2790 1912 est;
2832 1848 2919 1901 cui
2950 1848 3254 1909 dulcedine,
3298 1849 3493 1915 dulce;
3542 1868 3675 1906 con-

2092 1939 2315 1991 teuiens
2355 1937 2419 1991 ad
2451 1937 2747 2007 quamlibet
2779 1937 3194 1990 comestionem.
3232 1936 3324 1992 Sic
3354 1939 3517 2007 igitur
3550 1956 3671 1995 cum

2090 2028 2253 2081 alicui
2289 2044 2427 2097 opus
2460 2028 2623 2082 fuerit
2651 2044 2773 2095 ovo,
2819 2031 3090 2097 acceperit
3139 2038 3347 2084 tantum
3402 2032 3673 2095 oluscula,

2092 2120 2243 2174 dicat
2276 2121 2376 2175 sibi
2429 2121 2527 2189 ipsi
2564 2137 2577 2174 :
2622 2137 2641 2170 t
2676 2120 2732 2173 Si
2783 2120 2914 2173 mihi
2960 2136 3122 2174 ovum
3172 2122 3488 2191 expedierit,
3543 2124 3674 2178 illud

2092 2218 2283 2279 potens
2330 2216 2415 2263 est
2471 2206 2735 2263 Dominus
2786 2209 3023 2274 mittere,
3074 2209 3152 2262 vel
3203 2210 3384 2279 potius
3428 2210 3573 2264 olera
3621 2210 3674 2263 in

2092 2314 2254 2353 ovum
2295 2308 2644 2364 convertere;
2701 2317 2719 2350 ι
2758 2299 3053 2369 credatque
3099 2298 3227 2363 Deo,
3265 2303 3524 2368 quoniam
3572 2303 3678 2356 hoc

2094 2388 2196 2443 sibi
2230 2387 2319 2442 fiet
2347 2389 2400 2440 in
2433 2386 2772 2455 martyrium.
2805 2384 2861 2438 Si
2886 2388 3007 2455 quis
3036 2400 3254 2455 quoque
3275 2387 3458 2455 quiete
3481 2388 3677 2456 dignus

2095 2476 2262 2533 fuerit
2299 2487 2353 2532 et
2391 2480 2523 2541 otio,
2560 2488 2742 2533 certus
2776 2478 2848 2531 sit
2893 2475 3167 2531 facturum
3218 2490 3341 2528 cum
3386 2491 3451 2529 to
3508 2475 3675 2528 Deum

2096 2568 2552 2633 misericordiam,
2590 2576 2750 2636 prout
2794 2581 2931 2635 Opus
2978 2564 3160 2621 fuerit.
3204 2565 3358 2631 Quod
3411 2566 3455 2620 si
3500 2567 3681 2634 quiete

2097 2664 2353 2732 indignus
2381 2659 2562 2727 fuerit,
2595 2660 2678 2714 vel
2713 2659 2900 2714 inutile
2936 2661 2983 2711 ei
3024 2659 3347 2728 quiescere:
3389 2658 3435 2711 si
3480 2672 3678 2711 nurum

2096 2753 2354 2809 conderet
2383 2753 2601 2818 uelum,
2635 2767 2829 2806 novam
2864 2762 3085 2812 terram,
3121 2748 3357 2819 requiem
3399 2764 3678 2817 nunquam

2097 2853 2487 2913 consequetur.
2521 2844 2594 2897 lix
2623 2858 2733 2912 quo
2756 2842 2813 2895 tit
2838 2850 2897 2895 ut
2919 2841 3057 2895 alius
3081 2853 3274 2910 pratter
3300 2843 3605 2891 necessitati
3627 2855 3677 2892 ιιι

2097 2950 2251 2990 suam
2288 2935 2605 3002 plerumque
2644 2933 2860 2999 habeat,
2896 2932 3035 2987 alius
3068 2932 3250 2986 multis
3304 2943 3494 3001 egeat;
3545 2948 3682 3000 quo-

2097 3026 2242 3079 nium
2277 3024 2417 3077 Deus
2453 3024 2766 3077 misczicors
2796 3022 3090 3092 unicuique
3133 3021 3440 3076 necessaria
3477 3021 3681 3090 imper-

2097 3116 2248 3170 titur.
2305 3114 2551 3183 Cumque
2606 3113 2695 3167 alii
2753 3112 2962 3166 dederit
3033 3121 3227 3181 praeter
3274 3114 3681 3180 necessitatem,

2098 3207 2226 3261 huic
2263 3207 2500 3261 ostendit
2535 3206 2891 3259 humanitatis
2932 3220 3045 3259 suae
3077 3205 3529 3274 magnitudinem,
3579 3206 3681 3258 dn-

2099 3307 2293 3368 cetque
2322 3306 2379 3350 ιιι
2414 3298 2617 3367 gratias
2646 3306 2805 3365 agat:
2847 3311 2969 3349 cum
2999 3303 3178 3349 autem
3214 3296 3365 3350 alteri
3399 3312 3503 3349 non
3544 3311 3684 3364 prte-

2100 3398 2207 3445 stat
2244 3391 2389 3457 quod
2421 3388 2630 3441 videtur
2670 3387 3061 3450 necessarium,
3092 3387 3189 3440 hac
3225 3388 3433 3441 ratione
3468 3388 3599 3441 facit
3626 3398 3684 3441 ut

2100 3481 2352 3536 ostendat
2383 3480 2497 3533 haec
2522 3494 2630 3533 non
2673 3479 2807 3532 adeo
2846 3476 3152 3532 necessaria
3199 3492 3341 3537 esse.
3384 3480 3685 3547 doceatque

2103 3574 2236 3642 pati,
2263 3581 2316 3624 et
2340 3573 2392 3625 in
2418 3570 2631 3626 cunctis
2656 3570 2721 3623 ad
2755 3570 3036 3638 superiora
3064 3581 3404 3638 prospectum
3442 3580 3684 3626 nostrum

2104 3666 2404 3720 intendere.
2444 3667 2518 3717 ltu
2553 3673 2610 3717 ut
2642 3661 3010 3731 intelligamus
3043 3662 3089 3714 si
3122 3662 3201 3715 vel
3234 3660 3370 3716 bene
3409 3665 3489 3715 vel
3545 3663 3687 3717 male

2106 3772 2135 3810 a
2168 3772 2442 3826 quoquam
2477 3754 2742 3810 fuerimus
2772 3755 2973 3819 allecti,
3007 3753 3056 3807 id
3090 3768 3253 3807 omne
3278 3752 3512 3822 desuper
3538 3768 3682 3817 esse,

2106 3858 2160 3902 et
2191 3849 2242 3899 in
2277 3847 2490 3901 cunctis
2516 3860 2637 3914 qua:
2668 3845 2826 3898 nobis
2853 3844 3213 3906 occurrerint,
3239 3844 3441 3911 gratias
3472 3859 3685 3913 sempr!

2105 3939 2364 4009 agendas,
2403 3936 2637 3991 ferentes
2680 3936 2735 3989 in
2784 3951 2884 3989 nos
2927 3949 3141 4004 semper
3184 3949 3399 3988 omnem
3453 3950 3683 3988 accusa-

2106 4030 2345 4083 tionem.
2369 4026 2634 4082 Dixerunt
2657 4025 2800 4080 enim
2833 4025 3068 4095 majores
3107 4026 3302 4085 nostri,
3347 4026 3488 4095 quod
3522 4026 3685 4094 quid-

2105 4115 2237 4186 quid
2271 4115 2430 4171 nobis
2458 4115 2585 4170 boni
2615 4115 2904 4181 evenisset,
2949 4116 2999 4169 id
3031 4129 3152 4170 esse
3182 4114 3418 4168 divinam
3464 4115 3687 4185 dispun-

2106 4206 2415 4272 sationem;
2455 4205 2710 4260 siautem
2739 4205 2941 4259 malum
2977 4206 3145 4259 ullum
3189 4206 3444 4271 wnisset,
3474 4222 3595 4262 esse
3634 4208 3686 4261 id

2109 4306 2330 4367 peccata
2373 4305 2583 4351 nostra.
2616 4293 2757 4350 Vere
2800 4297 2947 4350 enim
2992 4295 3257 4364 quidquid
3306 4280 3563 4364 patimur,
3617 4300 3689 4350 oi)
3754 4280 3763 4291 ’

2109 4387 2304 4442 delicta
2331 4397 2517 4443 nostra
2560 4386 2817 4455 patimur,
2869 4386 2939 4440 At
2971 4387 3148 4440 sancti
3197 4386 3294 4439 viti
3346 4388 3491 4453 passi
3538 4397 3689 4452 sunt,

430 4463 526 4525 τὰς
548 4460 822 4532 ἁμαρτίας
844 4460 1019 4531 ἡμῶν.
1053 4462 1139 4514 Ἐν
1161 4461 1388 4532 ἀληθείᾳ
1419 4459 1529 4534 γάρ
1546 4464 1653 4515 πᾶν
1671 4462 1699 4515 ὃ
1717 4463 1811 4516 ἐὰν
1830 4462 2000 4518 πάθω·

2114 4479 2198 4533 vel
2236 4479 2305 4534 ob
2339 4478 2542 4534 Christi
2584 4476 2716 4533 Jesu
2751 4493 2974 4543 nomen,
3023 4478 3100 4532 vel
3142 4487 3201 4532 ut
3243 4478 3495 4533 Virtutem
3535 4496 3691 4533 suam

433 4570 553 4624 μεν,
584 4554 650 4606 ὲκ
687 4552 795 4605 τῶν
826 4552 1109 4622 ἁμαρτιῶν
1142 4552 1296 4620 ἡμῶν
1311 4552 1611 4623 πάσχομεν.
1639 4555 1704 4607 Ol.
1731 4554 1839 4625 γὰρ
1869 4571 2007 4608 παν-

433 4644 578 4712 ἅγιοι
609 4643 715 4697 κᾶν
749 4643 1069 4714 πάσχουσιν,
1108 4642 1251 4715 ὑπὲρ
1296 4644 1391 4697 τοῦ
1440 4644 1698 4715 ὀνόματος
1731 4645 1828 4699 τοῦ
1872 4646 2008 4700 Θεοῦ

433 4739 754 4807 πάσχουσιν,
792 4735 824 4807 ἢ
864 4735 954 4789 διὰ
996 4736 1054 4788 τὸ
1085 4735 1467 4807 ἀναδειχθῆναι
1508 4736 1609 4809 τὴν
1660 4739 1862 4809 ἀρετὴν
1919 4740 2013 4794 αὑ-

431 4830 539 4883 τῶν
567 4830 646 4891 είς
676 4828 886 4882 πολλῶν
946 4826 1237 4896 ὠφέλειαν,
1286 4829 1323 4900 ἢ
1369 4828 1459 4883 διὰ
1526 4829 1587 4882 τὸ
1638 4830 2012 4901 πληθυνθῆναι

432 4921 586 4993 παρὰ
617 4920 709 4975 τοῦ
747 4919 884 4974 Θεοῦ
917 4920 1108 4990 μισθὸν
1144 4921 1345 4977 αὐτῶν.
1379 4922 1513 4993 Περὶ
1536 4922 1692 4992 ἡμῶν
1719 4923 1780 4977 δὲ
1813 4924 2012 4979 ἀθλίων

432 5013 550 5079 πῶς
598 5013 879 5085 δυνάμεθα
916 5014 1090 5067 εἰπεῖν
1118 5012 1281 5067 τοῦτο
1313 5031 1329 5080 ;
1387 5014 1510 5069 καθ’
1541 5016 1777 5086 ἑκάστην
1841 5016 2014 5082 οὔῖως

431 5106 843 5176 ἁμαρτάνοντες
885 5104 980 5158 καὶ
1033 5103 1379 5169 ἐκδικοῦντες
1408 5107 1477 5160 τὰ
1508 5106 1655 5178 πάθη
1689 5107 1870 5179 ἡμῶν,
1910 5110 2016 5177 ἁφ-

436 5200 644 5267 ήκαμεν
670 5196 768 5266 τὴν
786 5194 998 5249 εὐθεῖαν
1022 5194 1138 5249 ὁδὸν
1160 5193 1226 5266 ἦν
1260 5190 1413 5250 εἶπον
1445 5198 1495 5250 οἱ
1528 5199 1763 5269 Πάτρες,
1783 5199 1844 5252 τὸ
1872 5200 2015 5270 μέμ-

434 5288 631 5355 φεσθαι
684 5286 1081 5350 ἑαυτούς’καὶ
1110 5285 1369 5357 ὀδεύομεν
1415 5288 1513 5360 τὴν
1575 5289 1840 5361 στρεὸλὴν
1895 5291 2015 5345 ὁδὸν

436 5378 891 5449 μεμψόμενοιτδν
942 5377 1191 5448 πλησίον,
1233 5380 1329 5433 καὶ
1357 5379 1588 5445 ἕκαστος
1647 5382 1809 5453 ἡμῶν
1844 5400 2015 5438 σπου--

432 5467 583 5532 δάζει
611 5471 667 5522 ἐν
710 5469 880 5523 παντὶ
920 5469 1233 5540 πράγματι,
1265 5469 1449 5540 βαλεῖν
1489 5470 1591 5540 τὴν
1653 5471 1836 5527 αἰτίαν
1874 5473 2016 5528 κατὰ

432 5558 523 5611 τοῦ
557 5557 788 5629 ἀδελφοῦ
823 5559 1008 5623 αὑτοῦ,
1055 5560 1149 5613 καὶ
1177 5557 1333 5630 ῥίψαι
1368 5561 1487 5613 κατ’
1515 5560 1681 5614 αὑτοῦ
1723 5561 1783 5614 τὸ
1820 5561 2011 5633 βάρος.

435 5650 707 5712 Ἕκαστος
744 5649 935 5720 ἀμελεῖ
963 5650 1055 5702 καὶ
1082 5649 1233 5702 οὐδὲν
1270 5650 1548 5719 φυλάττει,
1588 5654 1682 5705 καὶ
1721 5653 1809 5706 τὸν
1867 5653 2011 5725 πλη-

436 5740 549 5792 σεον
577 5740 913 5811 ἀπαιτοῦμεν
947 5741 1043 5803 tit;
1080 5741 1315 5806 ἐντολάς.

2111 4571 2167 4626 in
2209 4570 2385 4626 lucem
2432 4570 2657 4625 ederent
2688 4570 2756 4624 ad
2802 4571 3098 4624 multorum
3153 4570 3466 4634 utilitatem,
3514 4573 3594 4625 \‘l'l
3636 4584 3692 4626 ut

2110 4661 2393 4732 praemium
2427 4676 2589 4716 suum
2637 4661 2817 4731 majus
2862 4662 3001 4732 apud
3060 4660 3228 4716 Deum
3277 4661 3573 4717 eﬂicennt.
3622 4666 3692 4716 In:

2112 4754 2271 4809 nobis
2319 4761 2499 4809 autem
2552 4753 2865 4809 infelicibus
2913 4754 3190 4822 quomodo
3246 4769 3538 4823 possumus
3592 4756 3693 4809 hoc

2111 4846 2337 4901 dicere?
2384 4845 2487 4912 Qui
2515 4847 2758 4916 quotidie
2791 4855 3099 4916 peccantes,
3135 4855 3189 4901 et
3226 4847 3575 4916 passionibus
3615 4852 3693 4901 vi-

2113 4936 2315 5006 tiisque
2346 4936 2549 4991 nostris
2577 4936 2965 5005 obsequentes,
3014 4936 3378 5006 relinquimus
3425 4936 3567 4987 viam
3604 4948 3692 4987 re-

2113 5036 2255 5083 ctam
2283 5042 2448 5097 quam
2487 5025 2679 5083 Patres
2707 5027 2881 5083 nostri
2911 5027 2966 5080 in
2997 5028 3082 5081 sui
3113 5027 3284 5097 ipsius
3307 5040 3433 5080 vera
3461 5039 3692 5080 accusa-

2112 5118 2260 5174 tione
2300 5119 2491 5173 dixere
2537 5118 2885 5174 consistere?
2933 5116 3047 5172 Nos
3089 5132 3219 5172 vero
3265 5126 3412 5171 retro
3459 5116 3595 5185 lapsi
3636 5118 3692 5169 in

2113 5209 2328 5267 cunctis
2352 5194 2662 5279 proxiinum
2690 5223 3035 5274 accusamus,
3062 5209 3133 5263 ita
3159 5217 3219 5262 ut
3243 5207 3421 5277 quivis
3443 5218 3691 5262 nostrum

2115 5300 2352 5367 studeat,
2382 5316 2601 5371 semper
2625 5315 2850 5357 causam
2873 5314 3089 5355 omnem
3127 5299 3333 5354 erroris
3376 5299 3429 5351 in
3470 5298 3692 5355 fratrem

2114 5390 2337 5456 referre,
2373 5401 2429 5448 et
2457 5407 2621 5449 omne
2651 5406 2794 5447 onus
2826 5392 2902 5446 illi
2941 5390 3238 5459 imponere,
3270 5390 3565 5460 omniaque
3600 5405 3696 5443 ue-

2114 5482 2381 5553 gligeutes
2435 5494 2491 5540 et
2536 5484 2668 5540 nihil
2700 5490 2978 5546 curantes,
3031 5497 3065 5536 a
3116 5482 3366 5552 proximo
3428 5490 3694 5552 ptui-pta

2117 5574 2432 5643 repetimus.
