4062 6404
336 356 471 425 1⁸1οἹ

1527 353 1589 413 S.
1633 347 2024 409 DOROTHEI
2058 347 2379 407 ABBATIS

3434 348 3599 418 .1708

332 471 609 534 audimus,
639 481 803 524 canes
837 468 1157 522 imitamur:
1201 465 1255 519 hi
1290 463 1436 518 enim
1472 465 1518 517 si
1554 463 1678 532 quis
1722 462 1778 515 in
1823 475 1904 515 eo:

2026 459 2231 524 εὐθέως
2257 461 2318 514 τὸ
2344 460 2439 514 τοῦ
2475 462 2634 525 κυνὸς
2666 462 2967 533 πάσχομεν.
3000 463 3204 519 Ῥίπτει
3234 472 3472 533 τιςι’κατ’
3501 471 3571 526 αὖ
3597 500 3607 509 -
3654 472 3661 477 ’

331 561 568 632 iapidem
596 559 809 631 jecerit,
857 558 1098 628 jaciente
1143 554 1374 611 dimisso
1426 553 1661 623 l'apidem
1708 564 1922 606 remor-

331 648 483 702 dent.
522 644 598 700 Ita
633 660 754 709 nos,
786 642 897 698 Deo
948 642 1157 704 relicto,
1187 640 1279 710 qui
1328 640 1486 693 nobis
1540 637 1921 693 tribulationes

333 737 712 808 hujuscemodi
740 735 808 790 ad
833 743 1179 803 peccatorum
1209 741 1523 787 nostrorum
1543 728 1918 801 purgationem

332 843 613 903 procurat,
640 833 708 887 ad
740 831 997 901 lapidem,
1032 829 1134 884 hoc
1170 838 1277 892 est,
1333 828 1398 881 ad
1448 826 1760 896 proximum
1793 838 1922 878 cur-

334 926 549 990 rimus,
600 925 876 979 dicentes:
933 922 1115 988 Quare
1177 921 1281 975 hoc
1336 918 1473 973 mihi
1526 918 1743 973 locutus
1793 915 1924 971 est?

332 1032 503 1087 quare
531 1018 635 1071 hoe
664 1014 825 1069 fecit?
851 1013 1101 1084 (Suntque
1127 1028 1194 1069 ex
1220 1012 1305 1068 his
1330 1012 1597 1083 proﬁcere
1625 1008 1918 1065 admodum

332 1111 605 1181 possimus
637 1118 692 1163 et
717 1108 936 1173 mereri,
962 1106 1291 1177 negligentia
1318 1113 1504 1160 nostra
1528 1104 1915 1158 demeremur:

329 1206 646 1273 ignorantes
694 1199 842 1271 quod
894 1201 1080 1255 omnia
1130 1197 1225 1253 Dei
1268 1195 1612 1268 providentia
1671 1193 1805 1248 fiant
1851 1193 1919 1246 ad

331 1293 623 1348 utilitatem
658 1290 1110 1360 uniuscujusque.
1152 1286 1298 1344 Deus
1326 1288 1446 1358 ipse
1476 1284 1776 1356 intelligere
1813 1282 1917 1338 ista

330 1401 431 1443 nos
464 1385 648 1452 faciat,
687 1384 944 1455 precibus
978 1382 1300 1451 meritisque
1324 1388 1670 1436 sanctorum.
1718 1378 1913 1456 Amen:

849 1501 1201 1559 DOCTRINA
1236 1502 1370 1558 Vill.

919 1595 999 1650 De
1037 1596 1326 1650 simultate.

397 1700 440 1757 1.
475 1701 789 1756 Disserucre
812 1714 954 1769 saepe
982 1698 1216 1768 majores
1248 1697 1443 1763 nostri,
1477 1696 1608 1750 nihil
1626 1696 1760 1751 adeo
1778 1695 1914 1750 alie-

2023 548 2118 604 τοῦ
2172 550 2340 617 λίθον,
2384 551 2481 605 καὶ
2512 550 2660 621 ἀφίει
2691 552 2783 605 τὸν
2819 552 3073 624 ῥίψαντα,
3131 556 3224 608 καὶ
3275 556 3605 630 ἀπέρχεται,

1986 666 1999 678 ι
2023 644 2119 697 καὶ
2148 644 2334 701 {inter
2360 643 2453 698 τὸν
2485 643 2653 698 λίθον.
2700 645 2890 710 Οὕτως
2946 648 3042 701 καὶ
3102 650 3262 719 ἡμεῖς
3321 647 3605 724 ποιοῦμεν,

1986 737 2265 807 ,ἀφίεμει
2292 737 2383 791 τὸν
2431 738 2566 792 Θεὸν
2627 740 3014 810 συγχωροῦντα
3066 742 3424 814 ἐπενεχθῆναι
3472 748 3610 816 ἡμῖν

2020 827 2118 892 τάς
2156 830 2425 900 ἐπιφοράς
2451 830 2589 901 πρὸς
2620 830 2886 901 κάθαρσιν
2914 832 3023 885 τῶν
3077 833 3361 905 ἁμαρτιῶν
3427 836 3609 907 ἡμῶν,

2021 918 2117 972 καὶ
2165 918 2461 990 χωροῦμεν
2507 920 2650 974 κατά
2684 920 2779 974 τοῦ
2810 921 3061 993 πλησίον,
3091 923 3344 993 λέγοντες
3370 942 3385 956 ·
3414 926 3514 982 Διά
3556 927 3613 981 τί

1960 1014 1984 1051 ἐ
2019 1003 2142 1060 εἶπέ
2174 1026 2302 1079 μοι;
2336 1009 2434 1062 καὶ
2466 1009 2520 1063 τί
2552 1010 2775 1083 ἐποίησέ
2803 1029 2894 1083 μοι
2923 1031 2938 1079 ;
2972 1014 3082 1066 Καὶ
3102 1013 3391 1085 δυνάμενοι
3417 1017 3482 1072 ἐκ
3499 1018 3612 1073 τῶν

2019 1098 2282 1155 τοιούτων
2341 1101 2592 1173 μεγάλως
2648 1102 3016 1176 ὠφεληθῆναι,
3063 1106 3125 1160 τὸ
3185 1109 3431 1164 ἐναντίον
3486 1111 3614 1165 ὲπι-

2019 1192 2352 1263 ϐουλεύομεν
2381 1196 2595 1259 ἑαυτοῖς
2626 1213 2642 1227 ·
2695 1196 3016 1265 ἀγνοοῦντες
3040 1199 3122 1253 ὅτι
3163 1200 3341 1255 πάντα
3380 1204 3616 1277 προνοίᾳ.

2029 1284 2165 1338 Θεοῦ
2210 1284 2422 1354 γίνεται
2466 1286 2602 1359 πρὸς
2650 1287 2713 1341 τὸ
2765 1289 3044 1362 συμφέρον
3093 1292 3330 1365 ἑκάστῳ.
3378 1293 3438 1347 '0
3477 1294 3616 1360 Θεὸς

2027 1379 2299 1450 συνετήσῃ
2355 1381 2503 1451 ἡμᾶς
2531 1380 2720 1452 εὐχαῖς
2751 1382 2943 1450 ἀγίων.
2991 1384 3184 1457 Ἀμήν.

2552 1494 2962 1549 ΔΙΔΛΣΚΑΛΙΑ
2996 1495 3079 1552 ﬂ'.

2508 1602 2652 1670 Περὶ
2680 1606 3114 1672 μνησικακίας.

2087 1686 2167 1742 A’.
2205 1690 2267 1741 Oi
2299 1689 2533 1760 πατέρες
2573 1686 2752 1755 εἷπον,
2784 1692 2868 1745 ὃτι
2894 1691 3046 1757 ξένον
3074 1696 3330 1766 μοναχοῖς
3356 1696 3418 1751 τδ
3449 1696 3610 1768 ὀργί-

327 1809 459 1848 num
490 1802 544 1847 et
569 1802 886 1846 extraneum
908 1806 937 1844 a
963 1790 1247 1844 monachis
1264 1804 1405 1855 esse,
1434 1798 1491 1843 ut
1517 1789 1699 1854 irasci,
1717 1797 1811 1841 aut
1830 1787 1904 1840 nl-

2016 1780 2205 1845 ζεσθαι
2231 1819 2247 1845 ,
2273 1781 2472 1851 ὁμοίως
2501 1783 2597 1836 καὶ
2629 1784 2688 1836 τὸ
2709 1783 2901 1839 λυπεῖν
2934 1803 3077 1839 τινα.
3108 1788 3219 1840 Καὶ
3248 1788 3412 1843 πάλιν
3436 1790 3492 1844 εἰ
3524 1806 3612 1854 τις

327 1887 439 1940 lum
468 1884 715 1939 molestia
742 1880 976 1937 allicere.
1008 1880 1138 1936 Item
1162 1896 1285 1936 eum
1309 1880 1401 1951 qui
1437 1880 1573 1934 iram
1597 1889 1899 1950 superaret,

332 1979 611 2032 daemones
642 1988 898 2044 superare
924 1993 935 2028 :
962 1989 1086 2028 eum
1114 1980 1294 2027 antem
1314 1974 1407 2041 qui
1436 1972 1506 2027 ab
1537 1971 1637 2026 hac
1660 1970 1916 2041 passione

327 2076 700 2137 superaretur,
729 2078 851 2119 esse
881 2064 1105 2117 omnino
1137 2064 1205 2117 ab
1244 2062 1581 2118 institutione
1610 2061 1913 2115 monastica

324 2160 563 2214 alienum
599 2177 612 2213 :
646 2168 700 2213 et
743 2175 864 2230 qua:
918 2166 1243 2227 sequuntur.
1294 2154 1434 2222 Quid
1485 2155 1650 2226 igitur
1702 2171 1800 2209 nos
1845 2154 1913 2209 de

327 2252 414 2305 his
445 2251 712 2317 dicamus,
747 2251 839 2319 qui
878 2264 985 2303 non
1018 2249 1194 2303 solum
1225 2247 1288 2301 ad
1314 2247 1484 2303 animi
1522 2246 1907 2316 cogitationem

325 2358 501 2411 usque
548 2341 795 2411 iramque
834 2339 1175 2412 perveniunt,
1218 2338 1313 2393 sed
1353 2338 1515 2391 etiam
1551 2337 1616 2392 ad
1667 2335 1908 2391 studium

323 2435 577 2489 vindicta:
646 2430 1039 2503 impelluntur?
1077 2429 1218 2495 Quid
1259 2429 1405 2483 aliud
1454 2428 1715 2483 debemus
1742 2470 1756 2495 ,
1803 2430 1909 2483 nisi

328 2536 573 2579 nostrum
598 2525 745 2579 hunc
771 2523 1141 2578 miserrimum
1165 2530 1219 2577 et
1251 2518 1683 2577 infelicissimum
1706 2530 1907 2601 statum

323 2618 561 2673 deflere?
590 2616 990 2680 Ahstineamus,
1022 2615 1236 2680 fratres,
1281 2615 1446 2684 igitur
1486 2624 1540 2667 et
1588 2613 1747 2667 nobis
1773 2613 1906 2682 ipsis

324 2725 481 2779 opem
533 2708 793 2775 feramus,
836 2715 893 2761 ut
936 2707 1149 2760 favente
1211 2704 1317 2759 Deo
1358 2705 1656 2774 eripiantur
1703 2704 1772 2758 ab
1805 2704 1907 2759 hac

323 2815 507 2854 amara
544 2809 595 2853 et
618 2799 828 2870 perdita
865 2800 1140 2869 passione.
1182 2796 1254 2851 Ea
1288 2796 1433 2849 enim
1480 2805 1583 2858 est,
1624 2810 1748 2849 cum
1783 2795 1906 2865 quis

320 2907 443 2967 post
475 2894 655 2949 datam
692 2910 879 2965 pacem
910 2903 965 2949 et
1003 2893 1363 2948 reverentiam
1406 2891 1701 2947 exhibitam
1750 2889 1904 2944 fratri

333 2999 435 3037 suo
453 2999 514 3036 cx
550 2983 728 3053 aliqua
753 2982 833 3052 (ut
853 2983 1147 3053 plurimum
1170 2981 1245 3051 lit)
1269 2981 1350 3036 vel
1373 2982 1797 3051 perturbatione,
1823 2980 1905 3035 vel

319 3074 609 3130 afflictione
639 3075 779 3129 inter
811 3089 906 3129 eos
932 3073 1290 3145 proveniente
1315 3084 1623 3143 perseverat
1655 3076 1824 3130 tristis
1849 3085 1905 3130 et

2018 1871 2194 1943 θυμοῦ
2229 1874 2596 1946 κεκράτηκεν,
2640 1870 2793 1940 οὗτος
2829 1876 3101 1947 δαιμόνων
3130 1881 3478 1952 κεκράτηκεν
3506 1898 3521 1914 ο
3556 1881 3610 1934 εί

2013 1962 2072 2016 δέ
2104 1980 2189 2029 τις
2213 1961 2291 2034 τῷ
2312 1964 2474 2019 πάθει
2495 1966 2673 2036 τούτῳ
2699 1966 2946 2037 ἣττηται,
2978 1969 3292 2024 παντάπασι
3321 1969 3415 2025 τοῦ
3443 1989 3611 2043 μονα-

2012 2054 2165 2107 δικοῦ
2215 2056 2332 2126 βίου
2378 2057 2526 2111 ἐστὶν
2567 2058 2847 2130 ἀλλότριος
2881 2076 2897 2091 ·
2947 2061 3041 2114 καὶ
3088 2062 3160 2115 τὰ
3199 2063 3349 2134 ἑξῆς.
3396 2065 3463 2119 Τί
3508 2061 3608 2120 ὀῦν

2012 2145 2303 2218 ὀφείλομεν
2336 2150 2516 2219 νὴμεῖς
2562 2151 2737 2203 εἰπεῖν
2780 2152 2909 2222 περὶ
2959 2140 3390 2227 ἑαυτῶν,’μηδὲ
3433 2157 3605 2231 μέχρι

2014 2238 2190 2310 θυμοῦ
2234 2240 2328 2293 καὶ
2374 2241 2547 2311 ὀργῆς
2600 2242 2926 2312 ἱσταμένων,
2966 2243 3103 2297 ἀλλά
3142 2248 3237 2299 καὶ
3275 2249 3356 2309 είς
3405 2266 3607 2321 μνησι-

2011 2331 2213 2386 κακίαν
2244 2333 2474 2396 ἑαυτοὺς
2509 2333 2622 2386 ἔσθ’
2654 2335 2741 2388 ὅτε
2769 2336 3241 2406 συνελαυνόντων;
3277 2340 3344 2393 Τί
3370 2341 3530 2407 ἄλλο,
3555 2344 3605 2396 εί

2013 2423 2089 2494 μὴ
2120 2424 2389 2495 πενθῆσαι
2416 2425 2514 2495 τὴν
2552 2425 2811 2498 τοιαύτην
2847 2428 3003 2499 ἡμῶν
3033 2428 3274 2498 ἐλεεινὴν
3302 2434 3397 2486 καὶ
3422 2434 3605 2489 ἀπάν-

2010 2513 2226 2584 θρωπον
2283 2514 2659 2581 κατάστασιν;
2705 2517 2989 2589 Νήψωμεν
3036 2514 3155 2588 οὖν,
3207 2521 3449 2591 ἀδελφοὶ,
3508 2526 3606 2578 καὶ

2011 2604 2371 2677 βοηθήσωμεν
2405 2609 2617 2673 ἑαυτοῖς
2655 2610 2796 2681 μετὰ
2823 2610 2957 2664 Θεοῦ
2987 2651 3004 2677 ,
3038 2613 3127 2666 ίνα
3170 2613 3465 2685 ῥυσθῶμεν
3492 2615 3605 2670 ἀπὸ

2008 2702 2107 2769 τῆς
2137 2699 2359 2768 πικρίας
2393 2700 2583 2754 τούτου
2616 2701 2710 2754 τοῦ
2744 2701 2990 2773 ὀλεθρίου
3027 2702 3256 2768 πάθους.
3299 2705 3456 2760 Ἐστι
3490 2707 3603 2780 γάρ

2006 2793 2094 2845 ὅτε
2119 2790 2301 2860 βάλλει
2329 2809 2412 2855 τις
2439 2793 2731 2863 μετάιοιαν
2751 2794 2826 2864 τῷ
2850 2794 3069 2867 ἀδελφῷ
3090 2794 3255 2849 αὐτοῦ
3275 2836 3290 2863 ,
3313 2797 3563 2869 ταραχῆς
3584 2839 3601 2864 ,

2006 2884 2082 2947 ὡς
2113 2884 2280 2951 εἰκὸς,
2309 2884 2512 2955 μεταξῦ
2548 2886 2736 2952 αὑτοῦ,
2769 2887 2800 2960 ἦ
2831 2887 3064 2957 θλίψεως
3100 2888 3471 2960 ἐμπεσούσης,
3504 2893 3603 2946 καὶ

2011 2977 2163 3047 μένει
2205 2980 2296 3032 καὶ
2326 2979 2465 3050 μετὰ
2508 2981 2605 3050 τὴν
2641 2982 2933 3052 μετάνοιαν
2966 2981 3304 3054 λυπούμενος
3337 2984 3433 3038 καὶ
3453 2982 3596 3055 ἔχων

2009 3073 2302 3143 λογισμοὺς
2336 3072 2456 3125 κατ’
2499 3073 2686 3128 αὑτοῦ.
2719 3074 2836 3127 Οὐκ
2869 3074 3073 3144 ὀφείλει
3102 3076 3131 3128 6
3158 3075 3401 3141 τοιοῦτος
3428 3092 3599 3131 κατα-

320 3174 576 3233 mmstus,
600 3167 876 3239 variisque
897 3167 1077 3238 agitur
1112 3165 1554 3236 cogitationibus.
1586 3165 1731 3232 Quas
1756 3182 1904 3221 nemo

2021 3164 2308 3234 φρονῆσαι,
2355 3163 2491 3217 ἀλλά
2533 3165 2697 3232 κόψαι
2740 3165 2936 3229 αὐτοὺς
2974 3166 3206 3237 ταχέως.
3248 3168 3600 3239 Μνησικακία

319 3269 561 3313 vestrum
594 3259 754 3313 debet
785 3267 1153 3325 etmtemncre,
1201 3260 1290 3314 sed
1317 3276 1478 3329 quam
1514 3269 1689 3330 potest
1737 3261 1904 3313 celer-

319 3351 455 3402 rime
488 3350 606 3402 illas
633 3359 938 3417 amputare.
966 3351 1060 3404 Est
1085 3353 1230 3403 enim
1256 3353 1368 3405 haec
1399 3352 1699 3417 iracundia,
1733 3369 1900 3422 opus-

316 3456 423 3509 que
452 3448 533 3509 (ut
552 3449 675 3493 ante
700 3439 833 3509 dixi)
875 3441 1209 3495 continentia
1249 3451 1303 3496 et
1324 3444 1615 3498 sobrietate
1646 3444 1900 3512 plurima,

324 3545 464 3599 opus
494 3528 838 3598 panitentia,
872 3545 1007 3598 opus
1044 3531 1365 3595 certamine,
1402 3547 1468 3586 ne
1500 3533 1553 3585 in
1581 3533 1665 3588 his
1691 3533 1900 3589 diutius

317 3622 643 3675 immoratus
692 3618 1026 3688 periclitetur
1057 3630 1110 3674 et
1140 3629 1343 3689 pereat.
1380 3621 1483 3688 Qui
1520 3622 1665 3677 enim
1712 3639 1897 3692 pacem

316 3713 463 3768 dedit
498 3721 553 3765 et
611 3710 964 3789 reverentiam
1021 3712 1265 3766 exhibuit
1305 3728 1370 3767 ex
1422 3724 1709 3785 praecepto,
1763 3717 1902 3770 iram

315 3804 533 3875 quidem
574 3804 1041 3873 inpr-.csentiarum
1072 3802 1245 3873 fugit;
1284 3817 1469 3861 contra
1500 3807 1740 3861 studium
1783 3809 1903 3862 vin-

312 3899 471 3953 dictm
508 3907 687 3951 autem
747 3897 985 3949 nondum
1048 3897 1347 3952 reluctatus
1388 3907 1515 3953 est:
1558 3913 1789 3969 eamque
1833 3901 1905 3956 ob

2009 3257 2119 3327 γάρ
2149 3257 2285 3320 ἐστι,
2315 3257 2407 3308 καὶ
2435 3256 2594 3325 χρεία
2618 3256 2835 3328 νήψεως
2857 3255 3075 3328 πολλῆς,
3099 3256 3175 3321 ὡς
3202 3251 3377 3325 εἷπον,
3404 3257 3492 3312 ἴνα
3520 3255 3600 3329 μὴ

2009 3349 2234 3419 χρονίση
2272 3350 2328 3401 ὲν
2358 3349 2569 3412 τούτοις
2612 3349 2707 3402 καὶ
2749 3348 3091 3423 κινδυνεύσῃ.
3121 3348 3311 3404 Βαλὼν
3340 3350 3450 3421 γὰρ
3496 3366 3597 3421 με-

2008 3440 2247 3504 τάνοιαν,
2308 3439 2383 3504 ὡς
2439 3439 2528 3493 διά
2576 3440 2674 3513 τὴν
2708 3441 2928 3513 ἐντολὴν
2976 3442 3159 3507 ἔϐαλε,
3202 3443 3298 3497 καὶ
3343 3441 3441 3514 τὴν
3496 3441 3597 3513 μὲν

2008 3532 2201 3603 ὀργὴν,
2232 3534 2367 3602 πρὸς
2400 3533 2460 3586 τὸ
2491 3534 2663 3605 παρὸν
2693 3534 3047 3606 ἐθεράπευσε,
3075 3536 3211 3608 πρὸς
3242 3536 3300 3589 δὲ
3328 3537 3425 3608 τὴν
3460 3552 3596 3608 μνη-

2013 3621 2270 3674 σικακίαν
2321 3620 2463 3675 οὕτω
2530 3625 2853 3692 ἠγωνίσατο·
2924 3629 3017 3680 καὶ
3066 3628 3157 3681 διὰ
3200 3626 3359 3681 τοῦτο
3401 3626 3595 3699 ἔμενεν

2009 3713 2148 3782 ἔχων
2175 3714 2273 3784 τὴν
2317 3713 2494 3785 λύπην
2530 3715 2669 3768 κατά
2702 3716 2795 3769 τοῦ
2823 3717 3077 3787 ἀδελφοῦ.
3112 3718 3275 3773 ’Ἄλλο
3320 3720 3430 3791 γάρ
3477 3720 3594 3772 ἐστι

2015 3806 2373 3877 μνησικακία,
2402 3808 2495 3860 καὶ
2517 3806 2643 3861 ἄλλο
2668 3808 2825 3880 ὀργὴ.
2850 3811 2945 3865 κα).
2972 3812 3099 3866 ἄλλο
3120 3811 3310 3883 θυμὸς,
3343 3812 3436 3866 καὶ¹
3466 3807 3595 3865 ἄλλο

2012 3898 2255 3969 ταραχή.

316 4005 538 4045 causam
590 3997 777 4044 contra
832 3988 1055 4044 fratrem
1086 4004 1245 4045 suum
1277 3991 1450 4048 tristis
1483 3999 1537 4046 et
1568 4005 1795 4050 incestus
1821 4006 1904 4051 est

2013 3996 2123 4050 liud
2188 3994 2331 4049 enim
2364 3976 2446 4049 est
2481 3996 2844 4066 μνησικακία,
2871 3996 3014 4052 aliud
3041 3997 3200 4071 ὀργή,
3224 4001 3369 4059 aliud
3402 4005 3594 4081 θυμός,

314 4085 459 4138 aliud
487 4086 698 4155 ταραχή
723 4139 738 4152 ,

382 4174 545 4248 412
577 4174 639 4228 ll.
671 4174 967 4251 Subjiciam
999 4178 1308 4247 exemplum
1342 4180 1445 4235 hoc
1477 4182 1654 4248 vobis,
1695 4191 1751 4237 ut
1780 4183 1898 4239 cla-

314 4268 428 4321 rius
479 4267 591 4320 liat.
617 4267 877 4322 Accendit
900 4267 1026 4336 quis
1064 4268 1265 4349 ignem,
1302 4272 1538 4340 primqu
1587 4274 1750 4329 habet
1778 4290 1899 4330 car-

312 4358 636 4422 hunculum,
660 4358 713 4411 id
729 4366 829 4422 est,
862 4359 1095 4414 verbum
1116 4362 1361 4427 unicum,
1386 4378 1497 4434 quo
1523 4365 1647 4435 quis
1668 4364 1897 4420 fratrum

312 4448 589 4519 afﬂigitur.
619 4447 758 4514 Quid
790 4450 1013 4505 unicum
1047 4451 1237 4507 fratris
1267 4455 1493 4509 verbum
1520 4457 1637 4511 est?
1677 4458 1720 4513 si
1765 4457 1899 4513 illud

312 4552 468 4607 atquo
500 4537 685 4591 animo
720 4536 880 4605 feras,
916 4539 1059 4595 illico
1089 4540 1319 4611 ignitum
1353 4543 1644 4599 carbonem
1688 4546 1899 4601 exstin-

312 4622 464 4678 xisti.
501 4620 595 4677 Sin
619 4638 747 4680 vero
796 4635 920 4695 post
945 4628 1169 4682 verbum
1192 4630 1325 4685 illud
1348 4641 1463 4687 tute
1493 4641 1669 4689 tecum
1703 4649 1897 4706 pergas

312 4715 553 4785 cogitare
593 4726 647 4771 et
683 4717 866 4774 dicere
898 4759 913 4773 .
947 4717 1062 4775 Hoc
1113 4721 1247 4776 mihi
1285 4737 1386 4778 cur
1429 4724 1585 4791 dixit,
1635 4728 1769 4797 quid
1820 4729 1897 4783 rei

276 4874 289 4887 δ
310 4808 444 4862 mihi
480 4820 563 4864 est
592 4823 718 4864 cum
749 4810 909 4881 ipso?
952 4811 1057 4867 nisi
1088 4827 1178 4869 me
1204 4813 1441 4886 aigere
1469 4818 1754 4883 voluisset,
1795 4819 1900 4876 hoc

308 4912 421 4953 non
461 4909 608 4955 esset
647 4899 889 4966 locutus,
929 4904 1021 4957 sed
1065 4918 1133 4958 ne
1171 4904 1380 4961 dubitet
1408 4921 1468 4964 se
1493 4924 1710 4980 quoque
1735 4926 1766 4964 a
1813 4927 1900 4966 me

307 4987 514 5056 pariter
561 4991 980 5046 remordendum
1017 5010 1033 5048 :
1075 5008 1143 5048 en
1191 4996 1373 5053 verbis
1426 4997 1802 5067 hujuscemodi
1845 5011 1901 5057 et

309 5080 641 5151 cogitatione
670 5082 917 5153 adjecisti
952 5084 1100 5155 ligna
1125 5096 1176 5142 et
1206 5085 1469 5153 fomenta,
1505 5094 1567 5145 ut
1593 5092 1683 5162 qui
1716 5096 1892 5164 ignem

242 5252 245 5255 ν
308 5174 574 5239 accendit,
605 5177 932 5246 emistique
959 5178 1171 5234 fumum
1199 5182 1462 5246 excitare,
1498 5200 1622 5247 quze
1656 5197 1741 5241 est
1774 5188 1892 5257 ipsa

301 5266 660 5334 perturbatio.
701 5267 1048 5326 Pet-turbatio
1073 5272 1217 5326 enim
1253 5281 1337 5327 est
1352 5275 1467 5343 ipse
1490 5286 1671 5331 uictus
1695 5290 1748 5332 et
1763 5296 1896 5333 con-

303 5366 522 5419 greSsus
547 5356 959 5424 cogitationum,
989 5360 1364 5426 qumexcitant
1386 5370 1440 5415 et
1462 5362 1697 5419 ferocius
1723 5368 1897 5420 anda-

302 5441 530 5515 ciusque
545 5461 639 5500 cor
660 5448 908 5503 reddant.
926 5449 1166 5505 Audacia
1193 5466 1318 5506 vero
1335 5462 1418 5507 est
1437 5455 1688 5511 excitatio
1713 5459 1895 5510 vindi-

301 5542 403 5588 ctae
415 5537 675 5595 adversus
690 5556 812 5594 eum
834 5542 926 5609 qui
950 5557 1049 5597 nos
1063 5542 1287 5599 aﬂlisit:
1310 5562 1432 5615 quae
1447 5558 1501 5603 et
1528 5548 1698 5620 τολμη
1709 5550 1800 5621 ρία
1813 5552 1896 5604 di-

301 5625 445 5679 citur
464 5644 478 5681 :
499 5637 559 5683 ιιι
572 5631 876 5687 disserebat
891 5634 1080 5689 beatus
1095 5636 1262 5691 abbas
1276 5636 1508 5695 Marcus.
1528 5640 1725 5696 Malitia
1747 5642 1893 5697 enim

303 5715 358 5772 in
383 5718 566 5775 animo
595 5735 825 5793 versata,
869 5725 1070 5781 audere
1096 5743 1194 5783 cor
1224 5729 1385 5792 facit;
1409 5732 1672 5788 exstincta
1700 5744 1881 5789 autem

302 5819 402 5881 per
450 5812 752 5869 orationem
798 5825 852 5872 et
907 5831 1058 5886 spem
1102 5821 1337 5877 conterit
1375 5822 1577 5893 ipsum.
1625 5823 1682 5881 Si
1729 5827 1875 5884 enim

2064 4174 2139 4230 B'.
2178 4175 2289 4230 Καὶ
2324 4174 2469 4245 λέγω
2498 4176 2627 4249 ὑμῖν
2660 4178 2987 4251 ὑπόδειγμα,
3025 4183 3112 4240 ἵνα
3157 4188 3409 4261 νοήσητε.
3454 4191 3537 4245 ὅτι
3563 4192 3593 4246 6

1996 4271 2254 4352 ἀνάπτων
2279 4271 2493 4339 ἑστίαν,
2520 4273 2735 4345 πρῶτον
2760 4276 2860 4346 μὲν
2883 4276 2998 4348 ἔχει
3029 4282 3234 4353 μικρὰν
3255 4284 3558 4356 ἀνθρακιὰν
3576 4325 3594 4352 ,

1995 4366 2131 4435 ὅπερ
2164 4364 2282 4417 ἐστὶ
2324 4365 2477 4435 ῥῆμα
2507 4365 2737 4436 ἀδελφοῦ
2775 4367 3063 4440 θλίψαντος
3093 4373 3242 4428 ’ἰδοὺ
3281 4377 3466 4450 ἀκμὴν
3496 4397 3590 4451 μι-

1996 4454 2109 4527 κρά
2142 4452 2417 4525 ἀνθρακιά
2450 4456 2590 4510 ἐστι.
2622 4457 2688 4510 Τί
2724 4458 2834 4531 γάρ
2877 4462 2995 4516 ἐστι
3029 4466 3183 4537 ῥῆμα
3216 4468 3310 4522 τοῦ
3358 4470 3590 4542 ἀδελφοῦ

2002 4565 2099 4602 σου
2125 4565 2140 4613 ;
2187 4548 2315 4603 Ἐὰν
2345 4547 2624 4622 βαστάσῃς
2659 4552 2843 4619 αὐτὸν,
2874 4553 3106 4622 ἔσϐεσας
3132 4559 3230 4632 τὴν
3260 4563 3586 4635 ἀνθρακιάν.

1998 4639 2063 4692 Ei
2091 4638 2149 4692 δὲ
2186 4638 2386 4709 μείνῃς
2418 4638 2767 4711 λογιζόμενος
2796 4661 2811 4675 ·
2841 4644 2952 4698 Καὶ
2979 4645 3070 4701 διὰ
3096 4648 3146 4702 τί
3182 4646 3305 4704 εἶπέ
3331 4669 3422 4720 μοι
3446 4693 3462 4718 ,
3497 4653 3594 4709 καὶ

1996 4730 2109 4801 ἐγὼ
2138 4730 2248 4801 ἔχω
2292 4732 2468 4785 εἰπεῖν
2500 4732 2650 4803 αὐτῷ
2677 4751 2691 4799 ;
2733 4737 2845 4788 Καὶ
2872 4738 2921 4788 εί
2973 4738 3049 4811 μὴ
3084 4741 3244 4813 ἧθελε
3276 4742 3462 4813 θλίψαι
3494 4762 3584 4816 με,

1997 4823 2098 4876 οὐκ
2141 4823 2293 4893 ἔλεγε
2324 4838 2338 4855 '
2369 4825 2465 4878 καὶ
2509 4824 2805 4881 πίστευσον
2839 4828 2950 4899 ἔχω
2988 4832 3148 4901 κάγὼ
3172 4833 3359 4905 θλίψαι
3401 4837 3587 4892 αὐτόν.

2008 4915 2141 4968 Ἰδοὺ
2165 4915 2355 4980 ἔϐαλες
2393 4916 2568 4988 μικρά
2597 4916 2846 4990 ξυλάρια,
2874 4921 2907 4993 ἢ
2958 4922 3013 4976 εἴ
3047 4941 3101 4978 τι
3147 4925 3368 4996 δήποτε,
3399 4927 3589 5001 ὥσπερ

1994 5007 2023 5058 6
2052 5006 2329 5072 ἀνάπτων,
2357 5008 2453 5061 xal
2480 5008 2740 5080 ἐποίησας
2765 5013 2973 5068 καπνὸν
3005 5016 3144 5089 ὅπερ
3168 5018 3315 5075 ἐστὶν
3343 5022 3377 5091 ἡ
3412 5038 3586 5094 ταρα·

1998 5098 2089 5167 χὴ.
2128 5098 2354 5170 Ταραχὴ
2376 5099 2431 5152 δέ
2458 5102 2605 5155 ἐστιν
2629 5102 2767 5175 αὕτη
2795 5106 2826 5176 ἡ
2861 5107 3075 5178 κίνησις
3097 5112 3190 5166 καὶ
3214 5112 3459 5187 συμϐολὴ
3480 5114 3587 5168 τῶν

1994 5188 2298 5259 λογισμῶν,
2333 5192 2453 5261 ἣτις
2494 5192 2750 5262 διεγείρει
2789 5197 2884 5248 καὶ
2914 5196 3173 5268 θρασύνει
3200 5201 3299 5273 τὴν
3329 5204 3580 5276 καρδίαν.

1995 5282 2284 5352 Θρασύτης
2334 5284 2391 5336 δέ
2449 5286 2618 5350 ἐστιν,
2658 5290 2691 5359 ἡ
2735 5289 3133 5366 ἀνταποδοτικὴ
3181 5296 3403 5369 ἐγερσις
3441 5300 3583 5355 κατά

1996 5373 2087 5424 τοῦ
2132 5374 2476 5444 λυπήσαντος
2518 5396 2530 5409 ·
2575 5379 2697 5449 ἥτις
2752 5382 2848 5435 καὶ
2893 5383 3164 5457 τολμηρία
3216 5388 3447 5456 γίνεται,
3505 5390 3582 5456 ὡς

1996 5461 2147 5517 εἶπεν
2169 5467 2194 5517 6
2213 5467 2385 5530 ἀϐϐἅς
2419 5470 2689 5542 μακάριος
2710 5474 2937 5544 Μάρκος
2965 5490 2977 5505 '
3012 5478 3184 5533 κακία
3211 5481 3272 5533 ὲν
3298 5480 3578 5553 λογισμοῖς

2000 5556 2369 5629 μελετωμένη,
2399 5560 2652 5629 θρασύνει
2684 5565 2912 5638 καρδίαν
2946 5584 2960 5598 ·
3009 5567 3377 5643 ἀναιρουμένη
3408 5573 3466 5627 δὲ
3492 5575 3579 5630 διὰ

1943 5721 1950 5733 .
1996 5651 2306 5721 προσευχῆς
2363 5654 2455 5705 καὶ
2496 5654 2731 5723 ἐλπίδος,
2760 5652 2763 5655 ’
2795 5661 3071 5731 συντρίϐει
3113 5663 3307 5735 αὐτήν.
3354 5666 3418 5719 Ei
3468 5666 3577 5739 γὰρ

1991 5741 2299 5805 ἐϐάστασας
2335 5743 2395 5795 τὸ
2433 5747 2627 5816 μικρὸν
2678 5749 2830 5820 ῥῆμα
2862 5750 2952 5804 τοῦ
2984 5752 3212 5823 ἀδελφοῦ
3264 5772 3359 5809 σου
3382 5795 3397 5819 ,
3429 5753 3573 5830 εῐχες

1989 5829 2200 5924 σϐέσαι,
2232 5832 2307 5898 ὡς
2327 5830 2501 5903 εἷπον,
2542 5838 2634 5892 καὶ
2666 5838 2836 5914 αὐτὴν
2871 5843 2971 5915 τὴν
3001 5844 3205 5919 μικρὰν
3224 5829 3564 5919 ἀνθρακιὰν,
