  <div class='ocr_page' id='page_1' title='image "/cluster/home/n/w/nwhite01/storage/ocr_20150623/88/coo.31924054869924/872.png"; bbox 0 0 4062 6454; ppageno 0'>
   <div class='ocr_carea' id='block_1_1' title="bbox 433 388 572 457">
    <p class='ocr_par' dir='ltr' id='par_1_1' title="bbox 433 388 572 457">
     <span class='ocr_line' id='line_1_1' title="bbox 433 388 572 457; baseline 0 0"><span class='ocrx_word' id='word_1_1' title='bbox 433 388 572 457; x_wconf 73' lang='lat'><strong>1709</strong></span> 
     </span>
    </p>
   </div>
   <div class='ocr_carea' id='block_1_2' title="bbox 1767 412 2364 479">
    <p class='ocr_par' dir='ltr' id='par_1_2' title="bbox 1767 412 2364 479">
     <span class='ocr_line' id='line_1_2' title="bbox 1767 412 2364 479; baseline 0.008 -6"><span class='ocrx_word' id='word_1_2' title='bbox 1767 412 2152 477; x_wconf 75' lang='lat' dir='ltr'><strong>DOCTBINA</strong></span> <span class='ocrx_word' id='word_1_3' title='bbox 2200 417 2344 479; x_wconf 83' lang='lat' dir='ltr'><strong>VIII</strong></span> <span class='ocrx_word' id='word_1_4' title='bbox 2351 454 2364 467; x_wconf 89' lang='lat'><strong>-</strong></span> 
     </span>
    </p>
   </div>
   <div class='ocr_carea' id='block_1_3' title="bbox 3563 430 3701 500">
    <p class='ocr_par' dir='ltr' id='par_1_3' title="bbox 3563 430 3701 500">
     <span class='ocr_line' id='line_1_3' title="bbox 3563 430 3701 500; baseline 0.036 -5"><span class='ocrx_word' id='word_1_5' title='bbox 3563 430 3701 500; x_wconf 82' lang='grc'><strong>1⁸110</strong></span> 
     </span>
    </p>
   </div>
   <div class='ocr_carea' id='block_1_4' title="bbox 429 497 1985 608">
    <p class='ocr_par' dir='ltr' id='par_1_4' title="bbox 429 497 1985 608">
     <span class='ocr_line' id='line_1_4' title="bbox 429 497 1985 608; baseline 0.019 -59"><span class='ocrx_word' id='word_1_6' title='bbox 429 497 562 608; x_wconf 52' lang='grc' dir='ltr'>ἰτρὶν</span> <span class='ocrx_word' id='word_1_7' title='bbox 585 500 807 608; x_wconf 70' lang='grc' dir='ltr'>γένηται</span> <span class='ocrx_word' id='word_1_8' title='bbox 833 507 1117 608; x_wconf 57' lang='grc' dir='ltr'>ὴ-ταραχή.</span> <span class='ocrx_word' id='word_1_9' title='bbox 1143 514 1336 588; x_wconf 87' lang='grc' dir='ltr'>Ὅμως</span> <span class='ocrx_word' id='word_1_10' title='bbox 1359 519 1452 572; x_wconf 68' lang='grc' dir='ltr'><strong>καὶ</strong></span> <span class='ocrx_word' id='word_1_11' title='bbox 1483 521 1687 594; x_wconf 72' lang='grc' dir='ltr'>ταύτην</span> <span class='ocrx_word' id='word_1_12' title='bbox 1710 523 1805 576; x_wconf 81' lang='grc' dir='ltr'>ἐὰν</span> <span class='ocrx_word' id='word_1_13' title='bbox 1829 525 1985 596; x_wconf 86' lang='grc' dir='ltr'>θέλῃς</span> 
     </span>
    </p>
   </div>
   <div class='ocr_carea' id='block_1_5' title="bbox 2086 497 3697 608">
    <p class='ocr_par' dir='ltr' id='par_1_5' title="bbox 2115 533 3697 608">
     <span class='ocr_line' id='line_1_5' title="bbox 2115 533 3697 608; baseline 0.014 -24"><span class='ocrx_word' id='word_1_14' title='bbox 2115 546 2270 600; x_wconf 71' lang='lat' dir='ltr'><strong>teque</strong></span> <span class='ocrx_word' id='word_1_15' title='bbox 2300 533 2489 588; x_wconf 86' lang='lat' dir='ltr'><strong>tuleris</strong></span> <span class='ocrx_word' id='word_1_16' title='bbox 2519 535 2755 608; x_wconf 78' lang='lat' dir='ltr'><strong>(utdixt)</strong></span> <span class='ocrx_word' id='word_1_17' title='bbox 2796 538 3018 592; x_wconf 89' lang='lat' dir='ltr'><strong>unicum</strong></span> <span class='ocrx_word' id='word_1_18' title='bbox 3056 538 3186 594; x_wconf 90' lang='lat' dir='ltr'><strong>illud</strong></span> <span class='ocrx_word' id='word_1_19' title='bbox 3221 539 3444 596; x_wconf 81' lang='lat' dir='ltr'><strong>verbum</strong></span> <span class='ocrx_word' id='word_1_20' title='bbox 3489 540 3697 606; x_wconf 78' lang='lat' dir='ltr'><strong>fratris.</strong></span> 
     </span>
    </p>
   </div>
   <div class='ocr_carea' id='block_1_6' title="bbox 425 589 2004 688">
    <p class='ocr_par' dir='ltr' id='par_1_6' title="bbox 425 589 2004 688">
     <span class='ocr_line' id='line_1_6' title="bbox 425 589 2004 688; baseline 0.025 -46"><span class='ocrx_word' id='word_1_21' title='bbox 425 589 653 646; x_wconf 76' lang='grc' dir='ltr'>δύνασαι</span> <span class='ocrx_word' id='word_1_22' title='bbox 681 596 926 670; x_wconf 81' lang='grc' dir='ltr'><strong>εὐχερῶς</strong></span> <span class='ocrx_word' id='word_1_23' title='bbox 948 603 1158 673; x_wconf 88' lang='grc' dir='ltr'>σϐέσαι,</span> <span class='ocrx_word' id='word_1_24' title='bbox 1182 608 1257 673; x_wconf 81' lang='grc' dir='ltr'>ὡς</span> <span class='ocrx_word' id='word_1_25' title='bbox 1285 609 1400 663; x_wconf 77' lang='grc' dir='ltr'>ἔστι</span> <span class='ocrx_word' id='word_1_26' title='bbox 1431 612 1620 683; x_wconf 80' lang='grc' dir='ltr'>νεαρὰ,</span> <span class='ocrx_word' id='word_1_27' title='bbox 1653 615 1741 668; x_wconf 78' lang='grc' dir='ltr'><strong>διὰ</strong></span> <span class='ocrx_word' id='word_1_28' title='bbox 1771 617 2004 688; x_wconf 74' lang='grc' dir='ltr'>σιωπῆς.</span> 
     </span>
    </p>
   </div>
   <div class='ocr_carea' id='block_1_7' title="bbox 2113 625 3697 699">
    <p class='ocr_par' dir='ltr' id='par_1_7' title="bbox 2113 625 3697 699">
     <span class='ocr_line' id='line_1_7' title="bbox 2113 625 3697 699; baseline 0.009 -24"><span class='ocrx_word' id='word_1_29' title='bbox 2113 625 2446 682; x_wconf 72' lang='lat' dir='ltr'><strong>exstinxeris</strong></span> <span class='ocrx_word' id='word_1_30' title='bbox 2482 626 2625 682; x_wconf 84' lang='lat' dir='ltr'><strong>illico</strong></span> <span class='ocrx_word' id='word_1_31' title='bbox 2658 628 3050 685; x_wconf 85' lang='lat' dir='ltr'><strong>carbunculum</strong></span> <span class='ocrx_word' id='word_1_32' title='bbox 3086 630 3260 699; x_wconf 92' lang='lat' dir='ltr'><strong>illum,</strong></span> <span class='ocrx_word' id='word_1_33' title='bbox 3299 647 3403 688; x_wconf 92' lang='lat' dir='ltr'><strong>nec</strong></span> <span class='ocrx_word' id='word_1_34' title='bbox 3434 631 3613 690; x_wconf 76' lang='lat' dir='ltr'><strong>venies</strong></span> <span class='ocrx_word' id='word_1_35' title='bbox 3629 637 3697 689; x_wconf 86' lang='lat' dir='ltr'><strong>ad</strong></span> 
     </span>
    </p>
   </div>
   <div class='ocr_carea' id='block_1_8' title="bbox 423 682 1985 794">
    <p class='ocr_par' dir='ltr' id='par_1_8' title="bbox 423 682 1985 794">
     <span class='ocr_line' id='line_1_8' title="bbox 423 682 1985 794; baseline 0.025 -60"><span class='ocrx_word' id='word_1_36' title='bbox 423 682 514 794; x_wconf 51' lang='grc' dir='ltr'><strong>διὰ</strong></span> <span class='ocrx_word' id='word_1_37' title='bbox 557 691 889 794; x_wconf 50' lang='grc' dir='ltr'><strong>ιζιίροσευχῆς,</strong></span> <span class='ocrx_word' id='word_1_38' title='bbox 935 694 1022 750; x_wconf 83' lang='grc' dir='ltr'>διὰ</span> <span class='ocrx_word' id='word_1_39' title='bbox 1073 700 1202 768; x_wconf 82' lang='grc' dir='ltr'>μιᾶς</span> <span class='ocrx_word' id='word_1_40' title='bbox 1239 682 1540 771; x_wconf 82' lang='grc' dir='ltr'>μετανοίας</span> <span class='ocrx_word' id='word_1_41' title='bbox 1569 706 1679 759; x_wconf 83' lang='grc' dir='ltr'><strong>ἀπὸ</strong></span> <span class='ocrx_word' id='word_1_42' title='bbox 1723 682 1985 778; x_wconf 59' lang='grc' dir='ltr'>καρδίαξ¹</span> 
     </span>
    </p>
   </div>
   <div class='ocr_carea' id='block_1_9' title="bbox 2086 682 3700 794">
    <p class='ocr_par' dir='ltr' id='par_1_9' title="bbox 2115 715 3700 794">
     <span class='ocr_line' id='line_1_9' title="bbox 2115 715 3700 794; baseline 0.008 -29"><span class='ocrx_word' id='word_1_43' title='bbox 2115 715 2600 782; x_wconf 83' lang='lat' dir='ltr'><strong>perturbationem.</strong></span> <span class='ocrx_word' id='word_1_44' title='bbox 2647 718 2726 773; x_wconf 84' lang='lat' dir='ltr'><strong>Ad</strong></span> <span class='ocrx_word' id='word_1_45' title='bbox 2765 735 2927 790; x_wconf 89' lang='lat' dir='ltr'><strong>quam</strong></span> <span class='ocrx_word' id='word_1_46' title='bbox 2956 730 3136 776; x_wconf 87' lang='lat' dir='ltr'><strong>tamen</strong></span> <span class='ocrx_word' id='word_1_47' title='bbox 3177 721 3222 776; x_wconf 89' lang='lat' dir='ltr'><strong>si</strong></span> <span class='ocrx_word' id='word_1_48' title='bbox 3264 721 3700 794; x_wconf 87' lang='lat' dir='ltr'><strong>pervenisti,po-</strong></span> 
     </span>
    </p>
   </div>
   <div class='ocr_carea' id='block_1_10' title="bbox 425 773 2012 869">
    <p class='ocr_par' dir='ltr' id='par_1_10' title="bbox 425 773 2012 869">
     <span class='ocr_line' id='line_1_10' title="bbox 425 773 2012 869; baseline 0.018 -42"><span class='ocrx_word' id='word_1_49' title='bbox 425 773 522 828; x_wconf 80' lang='grc' dir='ltr'><strong>ἐὰν</strong></span> <span class='ocrx_word' id='word_1_50' title='bbox 555 775 610 869; x_wconf 61' lang='grc' dir='ltr'><strong>δέ</strong></span> <span class='ocrx_word' id='word_1_51' title='bbox 639 780 830 853; x_wconf 88' lang='grc' dir='ltr'>μείνῃς</span> <span class='ocrx_word' id='word_1_52' title='bbox 863 789 1142 852; x_wconf 76' lang='grc' dir='ltr'><strong>καπνίζων</strong></span> <span class='ocrx_word' id='word_1_53' title='bbox 1171 793 1336 846; x_wconf 71' lang='grc' dir='ltr'>οἱονεὶ</span> <span class='ocrx_word' id='word_1_54' title='bbox 1364 795 1649 868; x_wconf 79' lang='grc' dir='ltr'>θρασύνων</span> <span class='ocrx_word' id='word_1_55' title='bbox 1676 800 1770 853; x_wconf 81' lang='grc' dir='ltr'>καὶ</span> <span class='ocrx_word' id='word_1_56' title='bbox 1800 773 2012 869; x_wconf 43' lang='grc' dir='ltr'>’διεγεί-</span> 
     </span>
    </p>
   </div>
   <div class='ocr_carea' id='block_1_11' title="bbox 425 868 2006 962">
    <p class='ocr_par' dir='ltr' id='par_1_11' title="bbox 425 868 2006 962">
     <span class='ocr_line' id='line_1_11' title="bbox 425 868 2006 962; baseline 0.022 -44"><span class='ocrx_word' id='word_1_57' title='bbox 425 879 536 962; x_wconf 54' lang='grc' dir='ltr'><strong>ρων</strong></span> <span class='ocrx_word' id='word_1_58' title='bbox 566 868 665 941; x_wconf 80' lang='grc' dir='ltr'><strong>τὴν</strong></span> <span class='ocrx_word' id='word_1_59' title='bbox 693 875 920 946; x_wconf 75' lang='grc' dir='ltr'><strong>καρδίαν</strong></span> <span class='ocrx_word' id='word_1_60' title='bbox 955 896 1047 932; x_wconf 82' lang='grc' dir='ltr'><strong>σου</strong></span> <span class='ocrx_word' id='word_1_61' title='bbox 1071 921 1084 946; x_wconf 93' lang='grc'><strong>,</strong></span> <span class='ocrx_word' id='word_1_62' title='bbox 1121 881 1210 937; x_wconf 74' lang='grc' dir='ltr'>διὰ</span> <span class='ocrx_word' id='word_1_63' title='bbox 1241 886 1333 940; x_wconf 77' lang='grc' dir='ltr'>τοῦ</span> <span class='ocrx_word' id='word_1_64' title='bbox 1361 888 1736 962; x_wconf 84' lang='grc' dir='ltr'>ἐνθυμηθῆναι</span> <span class='ocrx_word' id='word_1_65' title='bbox 1770 906 1784 920; x_wconf 89' lang='grc'><strong><em>⁸</em></strong></span> <span class='ocrx_word' id='word_1_66' title='bbox 1814 891 1914 946; x_wconf 70' lang='grc' dir='ltr'>Διὰ</span> <span class='ocrx_word' id='word_1_67' title='bbox 1955 893 2006 945; x_wconf 78' lang='grc' dir='ltr'><strong>τί</strong></span> 
     </span>
    </p>
   </div>
   <div class='ocr_carea' id='block_1_12' title="bbox 421 957 2006 1052">
    <p class='ocr_par' dir='ltr' id='par_1_12' title="bbox 421 957 2006 1052">
     <span class='ocr_line' id='line_1_12' title="bbox 421 957 2006 1052; baseline 0.018 -41"><span class='ocrx_word' id='word_1_68' title='bbox 421 957 546 1014; x_wconf 79' lang='grc' dir='ltr'>εἶπέ</span> <span class='ocrx_word' id='word_1_69' title='bbox 576 980 688 1032; x_wconf 90' lang='grc' dir='ltr'>μοι,</span> <span class='ocrx_word' id='word_1_70' title='bbox 721 968 814 1020; x_wconf 74' lang='grc' dir='ltr'><strong>καὶ</strong></span> <span class='ocrx_word' id='word_1_71' title='bbox 834 967 942 1039; x_wconf 83' lang='grc' dir='ltr'><strong>ἔχω</strong></span> <span class='ocrx_word' id='word_1_72' title='bbox 966 974 1142 1028; x_wconf 84' lang='grc' dir='ltr'>εἰπεῖν</span> <span class='ocrx_word' id='word_1_73' title='bbox 1165 977 1316 1048; x_wconf 80' lang='grc' dir='ltr'>αὐτῷ</span> <span class='ocrx_word' id='word_1_74' title='bbox 1351 996 1364 1044; x_wconf 94' lang='grc'><strong>;</strong></span> <span class='ocrx_word' id='word_1_75' title='bbox 1394 979 1452 1048; x_wconf 80' lang='grc' dir='ltr'>ἐξ</span> <span class='ocrx_word' id='word_1_76' title='bbox 1481 981 1648 1052; x_wconf 66' lang='grc' dir='ltr'>αὐτῆς</span> <span class='ocrx_word' id='word_1_77' title='bbox 1673 1036 1684 1049; x_wconf 71' lang='grc'><strong>,</strong></span> <span class='ocrx_word' id='word_1_78' title='bbox 1717 983 1793 1046; x_wconf 81' lang='grc' dir='ltr'>ὡς</span> <span class='ocrx_word' id='word_1_79' title='bbox 1819 986 1885 1040; x_wconf 84' lang='grc' dir='ltr'>ἄν</span> <span class='ocrx_word' id='word_1_80' title='bbox 1923 1004 2006 1051; x_wconf 88' lang='grc' dir='ltr'><strong>τις</strong></span> 
     </span>
    </p>
   </div>
   <div class='ocr_carea' id='block_1_13' title="bbox 421 1052 2005 1142">
    <p class='ocr_par' dir='ltr' id='par_1_13' title="bbox 421 1052 2005 1142">
     <span class='ocr_line' id='line_1_13' title="bbox 421 1052 2005 1142; baseline 0.016 -39"><span class='ocrx_word' id='word_1_81' title='bbox 421 1052 552 1126; x_wconf 77' lang='grc' dir='ltr'>εἴπῃ</span> <span class='ocrx_word' id='word_1_82' title='bbox 574 1094 588 1116; x_wconf 90' lang='grc'><strong>,</strong></span> <span class='ocrx_word' id='word_1_83' title='bbox 621 1055 722 1124; x_wconf 82' lang='grc' dir='ltr'>τῆς</span> <span class='ocrx_word' id='word_1_84' title='bbox 761 1061 1058 1133; x_wconf 82' lang='grc' dir='ltr'>συμϐολῆς,</span> <span class='ocrx_word' id='word_1_85' title='bbox 1089 1066 1184 1120; x_wconf 78' lang='grc' dir='ltr'>καὶ</span> <span class='ocrx_word' id='word_1_86' title='bbox 1210 1069 1305 1122; x_wconf 78' lang='grc' dir='ltr'>τοῦ</span> <span class='ocrx_word' id='word_1_87' title='bbox 1339 1073 1750 1142; x_wconf 79' lang='grc' dir='ltr'>συμμηρυσμοῦ</span> <span class='ocrx_word' id='word_1_88' title='bbox 1779 1075 1884 1128; x_wconf 70' lang='grc' dir='ltr'><strong>τῶν</strong></span> <span class='ocrx_word' id='word_1_89' title='bbox 1917 1077 2005 1128; x_wconf 81' lang='grc' dir='ltr'>λο-</span> 
     </span>
    </p>
   </div>
   <div class='ocr_carea' id='block_1_14' title="bbox 417 1145 2006 1240">
    <p class='ocr_par' dir='ltr' id='par_1_14' title="bbox 417 1145 2006 1240">
     <span class='ocr_line' id='line_1_14' title="bbox 417 1145 2006 1240; baseline 0.018 -45"><span class='ocrx_word' id='word_1_90' title='bbox 417 1145 638 1216; x_wconf 81' lang='grc' dir='ltr'>γισμῶν</span> <span class='ocrx_word' id='word_1_91' title='bbox 659 1190 672 1207; x_wconf 87' lang='grc'><strong>,</strong></span> <span class='ocrx_word' id='word_1_92' title='bbox 705 1150 1100 1228; x_wconf 80' lang='grc' dir='ltr'>ὲκτριϐομένης</span> <span class='ocrx_word' id='word_1_93' title='bbox 1129 1161 1292 1212; x_wconf 72' lang='grc' dir='ltr'>οἱονεὶ</span> <span class='ocrx_word' id='word_1_94' title='bbox 1315 1163 1407 1215; x_wconf 72' lang='grc' dir='ltr'>καὶ</span> <span class='ocrx_word' id='word_1_95' title='bbox 1440 1165 2006 1240; x_wconf 80' lang='grc' dir='ltr'>περιθερμαινομένης</span> 
     </span>
    </p>
   </div>
   <div class='ocr_carea' id='block_1_15' title="bbox 416 1235 2004 1333">
    <p class='ocr_par' dir='ltr' id='par_1_15' title="bbox 416 1235 2004 1333">
     <span class='ocr_line' id='line_1_15' title="bbox 416 1235 2004 1333; baseline 0.006 -27"><span class='ocrx_word' id='word_1_96' title='bbox 416 1235 519 1306; x_wconf 78' lang='grc' dir='ltr'><strong>τῆς</strong></span> <span class='ocrx_word' id='word_1_97' title='bbox 564 1239 812 1308; x_wconf 75' lang='grc' dir='ltr'><strong>καρδίας,</strong></span> <span class='ocrx_word' id='word_1_98' title='bbox 855 1245 1064 1312; x_wconf 85' lang='grc' dir='ltr'>γίνεται</span> <span class='ocrx_word' id='word_1_99' title='bbox 1101 1249 1293 1321; x_wconf 70' lang='grc' dir='ltr'>ἔξαψις</span> <span class='ocrx_word' id='word_1_100' title='bbox 1325 1253 1418 1322; x_wconf 70' lang='grc' dir='ltr'><strong>τοῦ</strong></span> <span class='ocrx_word' id='word_1_101' title='bbox 1449 1254 1645 1326; x_wconf 83' lang='grc' dir='ltr'>θυμοῦ.</span> <span class='ocrx_word' id='word_1_102' title='bbox 1685 1259 1866 1331; x_wconf 80' lang='grc' dir='ltr'>Θυμὺς</span> <span class='ocrx_word' id='word_1_103' title='bbox 1895 1262 2004 1333; x_wconf 86' lang='grc' dir='ltr'><strong>γάρ</strong></span> 
     </span>
    </p>
   </div>
   <div class='ocr_carea' id='block_1_16' title="bbox 415 1327 2005 1420">
    <p class='ocr_par' dir='ltr' id='par_1_16' title="bbox 415 1327 2005 1420">
     <span class='ocr_line' id='line_1_16' title="bbox 415 1327 2005 1420; baseline 0.016 -40"><span class='ocrx_word' id='word_1_104' title='bbox 415 1327 559 1397; x_wconf 76' lang='grc' dir='ltr'>ἐστι,</span> <span class='ocrx_word' id='word_1_105' title='bbox 613 1331 763 1398; x_wconf 75' lang='grc' dir='ltr'>ζέσις</span> <span class='ocrx_word' id='word_1_106' title='bbox 799 1337 894 1390; x_wconf 83' lang='grc' dir='ltr'>τοῦ</span> <span class='ocrx_word' id='word_1_107' title='bbox 930 1340 1059 1408; x_wconf 74' lang='grc' dir='ltr'>περὶ</span> <span class='ocrx_word' id='word_1_108' title='bbox 1093 1343 1314 1413; x_wconf 75' lang='grc' dir='ltr'>καρδίαν</span> <span class='ocrx_word' id='word_1_109' title='bbox 1351 1346 1615 1416; x_wconf 80' lang='grc' dir='ltr'>αἵματος,</span> <span class='ocrx_word' id='word_1_110' title='bbox 1664 1349 1740 1414; x_wconf 84' lang='grc' dir='ltr'>ὠς</span> <span class='ocrx_word' id='word_1_111' title='bbox 1791 1351 1938 1420; x_wconf 85' lang='grc' dir='ltr'>λέγει</span> <span class='ocrx_word' id='word_1_112' title='bbox 1977 1353 2005 1405; x_wconf 86' lang='grc' dir='ltr'><em>ὁ</em></span> 
     </span>
    </p>
   </div>
   <div class='ocr_carea' id='block_1_17' title="bbox 417 1420 2002 1516">
    <p class='ocr_par' dir='ltr' id='par_1_17' title="bbox 417 1420 2002 1516">
     <span class='ocr_line' id='line_1_17' title="bbox 417 1420 2002 1516; baseline 0.016 -44"><span class='ocrx_word' id='word_1_113' title='bbox 417 1420 575 1516; x_wconf 44' lang='lat' dir='ltr'><strong>apo;</strong></span> <span class='ocrx_word' id='word_1_114' title='bbox 601 1423 898 1492; x_wconf 77' lang='grc' dir='ltr'>Βασίλειος.</span> <span class='ocrx_word' id='word_1_115' title='bbox 941 1431 1068 1486; x_wconf 78' lang='grc' dir='ltr'>Ἰδοὺ</span> <span class='ocrx_word' id='word_1_116' title='bbox 1100 1435 1290 1502; x_wconf 81' lang='grc' dir='ltr'>γέγονε</span> <span class='ocrx_word' id='word_1_117' title='bbox 1332 1437 1503 1508; x_wconf 79' lang='grc' dir='ltr'>θυμὸς</span> <span class='ocrx_word' id='word_1_118' title='bbox 1526 1479 1541 1504; x_wconf 94' lang='grc'><strong>,</strong></span> <span class='ocrx_word' id='word_1_119' title='bbox 1573 1441 1712 1513; x_wconf 73' lang='grc' dir='ltr'>αὕτη</span> <span class='ocrx_word' id='word_1_120' title='bbox 1755 1444 1900 1496; x_wconf 68' lang='grc' dir='ltr'>ἐστὶν</span> <span class='ocrx_word' id='word_1_121' title='bbox 1932 1445 2002 1516; x_wconf 78' lang='grc' dir='ltr'>ἢν</span> 
     </span>
    </p>
   </div>
   <div class='ocr_carea' id='block_1_18' title="bbox 413 1509 2002 1602">
    <p class='ocr_par' dir='ltr' id='par_1_18' title="bbox 413 1509 2002 1602">
     <span class='ocr_line' id='line_1_18' title="bbox 413 1509 2002 1602; baseline 0.016 -38"><span class='ocrx_word' id='word_1_122' title='bbox 413 1509 670 1582; x_wconf 84' lang='grc' dir='ltr'>λέγουσιν</span> <span class='ocrx_word' id='word_1_123' title='bbox 697 1517 1000 1590; x_wconf 80' lang='grc' dir='ltr'>ὀξυχολίαν.</span> <span class='ocrx_word' id='word_1_124' title='bbox 1049 1523 1290 1580; x_wconf 75' lang='grc' dir='ltr'><strong>Ἐὰνοῦν</strong></span> <span class='ocrx_word' id='word_1_125' title='bbox 1329 1527 1508 1602; x_wconf 76' lang='grc' dir='ltr'>θέλῃς,</span> <span class='ocrx_word' id='word_1_126' title='bbox 1548 1532 1774 1588; x_wconf 81' lang='grc' dir='ltr'>δύνασαι</span> <span class='ocrx_word' id='word_1_127' title='bbox 1811 1535 2002 1590; x_wconf 76' lang='grc' dir='ltr'>σϐέσαι</span> 
     </span>
    </p>
   </div>
   <div class='ocr_carea' id='block_1_19' title="bbox 413 1604 2002 1702">
    <p class='ocr_par' dir='ltr' id='par_1_19' title="bbox 413 1604 2002 1702">
     <span class='ocr_line' id='line_1_19' title="bbox 413 1604 2002 1702; baseline 0.016 -46"><span class='ocrx_word' id='word_1_128' title='bbox 413 1604 514 1658; x_wconf 74' lang='grc' dir='ltr'>καὶ</span> <span class='ocrx_word' id='word_1_129' title='bbox 537 1607 700 1660; x_wconf 70' lang='grc' dir='ltr'>αὑτὸν</span> <span class='ocrx_word' id='word_1_130' title='bbox 727 1650 740 1673; x_wconf 90' lang='grc'><strong>,</strong></span> <span class='ocrx_word' id='word_1_131' title='bbox 772 1613 902 1682; x_wconf 79' lang='grc' dir='ltr'>πρὶν</span> <span class='ocrx_word' id='word_1_132' title='bbox 931 1615 1155 1686; x_wconf 86' lang='grc' dir='ltr'>γένηται</span> <span class='ocrx_word' id='word_1_133' title='bbox 1191 1619 1328 1692; x_wconf 85' lang='grc' dir='ltr'>ὀργή</span> <span class='ocrx_word' id='word_1_134' title='bbox 1368 1638 1381 1652; x_wconf 78' lang='grc' dir='ltr'><strong>ο</strong></span> <span class='ocrx_word' id='word_1_135' title='bbox 1415 1623 1464 1674; x_wconf 81' lang='grc' dir='ltr'><strong>εί</strong></span> <span class='ocrx_word' id='word_1_136' title='bbox 1492 1623 1548 1677; x_wconf 83' lang='grc' dir='ltr'>δὲ</span> <span class='ocrx_word' id='word_1_137' title='bbox 1601 1626 1771 1698; x_wconf 80' lang='grc' dir='ltr'>μένῃς</span> <span class='ocrx_word' id='word_1_138' title='bbox 1799 1629 2002 1702; x_wconf 83' lang='grc' dir='ltr'>ταράσ-</span> 
     </span>
    </p>
   </div>
   <div class='ocr_carea' id='block_1_20' title="bbox 414 1703 2002 1786">
    <p class='ocr_par' dir='ltr' id='par_1_20' title="bbox 414 1703 2002 1786">
     <span class='ocr_line' id='line_1_20' title="bbox 414 1703 2002 1786; baseline 0.015 -34"><span class='ocrx_word' id='word_1_139' title='bbox 414 1715 528 1752; x_wconf 87' lang='grc' dir='ltr'><strong>σων</strong></span> <span class='ocrx_word' id='word_1_140' title='bbox 561 1703 655 1754; x_wconf 76' lang='grc' dir='ltr'><strong>καὶ</strong></span> <span class='ocrx_word' id='word_1_141' title='bbox 678 1705 1108 1778; x_wconf 79' lang='grc' dir='ltr'><strong>ταρασσόμενος,</strong></span> <span class='ocrx_word' id='word_1_142' title='bbox 1135 1712 1366 1786; x_wconf 81' lang='grc' dir='ltr'>εὑρίσκῃ</span> <span class='ocrx_word' id='word_1_143' title='bbox 1396 1715 1472 1778; x_wconf 84' lang='grc' dir='ltr'>ὡς</span> <span class='ocrx_word' id='word_1_144' title='bbox 1493 1717 1520 1768; x_wconf 88' lang='grc' dir='ltr'>ὁ</span> <span class='ocrx_word' id='word_1_145' title='bbox 1553 1717 1727 1786; x_wconf 82' lang='grc' dir='ltr'>βαλὼν</span> <span class='ocrx_word' id='word_1_146' title='bbox 1759 1719 1891 1786; x_wconf 78' lang='grc' dir='ltr'>ξύλα</span> <span class='ocrx_word' id='word_1_147' title='bbox 1919 1723 2002 1785; x_wconf 82' lang='grc' dir='ltr'><strong>είς</strong></span> 
     </span>
    </p>
   </div>
   <div class='ocr_carea' id='block_1_21' title="bbox 410 1791 1998 1878">
    <p class='ocr_par' dir='ltr' id='par_1_21' title="bbox 410 1791 1998 1878">
     <span class='ocr_line' id='line_1_21' title="bbox 410 1791 1998 1878; baseline 0.014 -36"><span class='ocrx_word' id='word_1_148' title='bbox 410 1791 512 1858; x_wconf 86' lang='grc' dir='ltr'><strong>τὴν</strong></span> <span class='ocrx_word' id='word_1_149' title='bbox 553 1793 739 1847; x_wconf 79' lang='grc' dir='ltr'>ἑστίαν</span> <span class='ocrx_word' id='word_1_150' title='bbox 761 1836 776 1861; x_wconf 96' lang='grc'><strong>,</strong></span> <span class='ocrx_word' id='word_1_151' title='bbox 805 1796 896 1850; x_wconf 77' lang='grc' dir='ltr'><strong>καὶ</strong></span> <span class='ocrx_word' id='word_1_152' title='bbox 931 1798 1112 1856; x_wconf 83' lang='grc' dir='ltr'>πλεῖον</span> <span class='ocrx_word' id='word_1_153' title='bbox 1153 1802 1389 1857; x_wconf 77' lang='grc' dir='ltr'>ἐκκαίων</span> <span class='ocrx_word' id='word_1_154' title='bbox 1417 1805 1477 1859; x_wconf 81' lang='grc' dir='ltr'>τὺ</span> <span class='ocrx_word' id='word_1_155' title='bbox 1517 1806 1629 1878; x_wconf 79' lang='grc' dir='ltr'>πῦρ</span> <span class='ocrx_word' id='word_1_156' title='bbox 1651 1852 1666 1875; x_wconf 94' lang='grc'><strong>,</strong></span> <span class='ocrx_word' id='word_1_157' title='bbox 1695 1810 1790 1862; x_wconf 72' lang='grc' dir='ltr'><strong>καὶ</strong></span> <span class='ocrx_word' id='word_1_158' title='bbox 1822 1809 1998 1874; x_wconf 72' lang='grc' dir='ltr'>οὕτως</span> 
     </span>
    </p>
   </div>
   <div class='ocr_carea' id='block_1_22' title="bbox 407 1883 1778 1974">
    <p class='ocr_par' dir='ltr' id='par_1_22' title="bbox 407 1883 1778 1974">
     <span class='ocr_line' id='line_1_22' title="bbox 407 1883 1778 1974; baseline 0.015 -39"><span class='ocrx_word' id='word_1_159' title='bbox 407 1883 600 1974; x_wconf 63' lang='grc' dir='ltr'>λοιπὸν</span> <span class='ocrx_word' id='word_1_160' title='bbox 629 1888 872 1955; x_wconf 85' lang='grc' dir='ltr'>γίνονται</span> <span class='ocrx_word' id='word_1_161' title='bbox 900 1891 1192 1962; x_wconf 66' lang='grc' dir='ltr'>ἄνθρακες</span> <span class='ocrx_word' id='word_1_162' title='bbox 1219 1895 1356 1967; x_wconf 77' lang='grc' dir='ltr'>ὅπερ</span> <span class='ocrx_word' id='word_1_163' title='bbox 1380 1899 1528 1951; x_wconf 71' lang='grc' dir='ltr'>ἐστὶν</span> <span class='ocrx_word' id='word_1_164' title='bbox 1559 1901 1590 1972; x_wconf 86' lang='grc' dir='ltr'><strong>ή</strong></span> <span class='ocrx_word' id='word_1_165' title='bbox 1618 1901 1778 1974; x_wconf 82' lang='grc' dir='ltr'>ὀργή.</span> 
     </span>
    </p>
   </div>
   <div class='ocr_carea' id='block_1_23' title="bbox 2116 805 3700 881">
    <p class='ocr_par' dir='ltr' id='par_1_23' title="bbox 2116 805 3700 881">
     <span class='ocr_line' id='line_1_23' title="bbox 2116 805 3700 881; baseline 0.004 -24"><span class='ocrx_word' id='word_1_166' title='bbox 2116 813 2196 858; x_wconf 90' lang='lat' dir='ltr'><strong>tes</strong></span> <span class='ocrx_word' id='word_1_167' title='bbox 2211 815 2264 860; x_wconf 91' lang='lat' dir='ltr'><strong>et</strong></span> <span class='ocrx_word' id='word_1_168' title='bbox 2293 805 2436 860; x_wconf 88' lang='lat' dir='ltr'><strong>illam</strong></span> <span class='ocrx_word' id='word_1_169' title='bbox 2458 807 2660 874; x_wconf 90' lang='lat' dir='ltr'><strong>subito,</strong></span> <span class='ocrx_word' id='word_1_170' title='bbox 2696 808 2773 862; x_wconf 94' lang='lat' dir='ltr'><strong>uti</strong></span> <span class='ocrx_word' id='word_1_171' title='bbox 2793 825 3040 879; x_wconf 87' lang='lat' dir='ltr'><strong>parvam,</strong></span> <span class='ocrx_word' id='word_1_172' title='bbox 3070 809 3420 881; x_wconf 75' lang='lat' dir='ltr'><strong>exstinguere</strong></span> <span class='ocrx_word' id='word_1_173' title='bbox 3446 825 3544 880; x_wconf 87' lang='lat' dir='ltr'><strong>per</strong></span> <span class='ocrx_word' id='word_1_174' title='bbox 3574 825 3700 865; x_wconf 88' lang='lat' dir='ltr'><strong>ora-</strong></span> 
     </span>
    </p>
   </div>
   <div class='ocr_carea' id='block_1_24' title="bbox 2115 891 3696 971">
    <p class='ocr_par' dir='ltr' id='par_1_24' title="bbox 2115 891 3696 971">
     <span class='ocr_line' id='line_1_24' title="bbox 2115 891 3696 971; baseline 0.008 -26"><span class='ocrx_word' id='word_1_175' title='bbox 2115 891 2344 959; x_wconf 83' lang='lat' dir='ltr'><strong>tionem,</strong></span> <span class='ocrx_word' id='word_1_176' title='bbox 2377 909 2472 964; x_wconf 89' lang='lat' dir='ltr'><strong>per</strong></span> <span class='ocrx_word' id='word_1_177' title='bbox 2501 897 2951 964; x_wconf 87' lang='lat' dir='ltr'><strong>taciturnitatem,</strong></span> <span class='ocrx_word' id='word_1_178' title='bbox 2984 913 3080 968; x_wconf 88' lang='lat' dir='ltr'><strong>per</strong></span> <span class='ocrx_word' id='word_1_179' title='bbox 3103 900 3321 955; x_wconf 87' lang='lat' dir='ltr'><strong>unicam</strong></span> <span class='ocrx_word' id='word_1_180' title='bbox 3357 899 3539 956; x_wconf 86' lang='lat' dir='ltr'><strong>cordis</strong></span> <span class='ocrx_word' id='word_1_181' title='bbox 3576 915 3696 971; x_wconf 71' lang='lat' dir='ltr'><strong>pa:-</strong></span> 
     </span>
    </p>
   </div>
   <div class='ocr_carea' id='block_1_25' title="bbox 2113 983 3699 1072">
    <p class='ocr_par' dir='ltr' id='par_1_25' title="bbox 2113 983 3699 1072">
     <span class='ocr_line' id='line_1_25' title="bbox 2113 983 3699 1072; baseline 0.008 -37"><span class='ocrx_word' id='word_1_182' title='bbox 2113 983 2396 1040; x_wconf 88' lang='lat' dir='ltr'><strong>nitcntiam</strong></span> <span class='ocrx_word' id='word_1_183' title='bbox 2429 1005 2441 1040; x_wconf 88' lang='lat'><strong><em>:</em></strong></span> <span class='ocrx_word' id='word_1_184' title='bbox 2473 987 2556 1041; x_wconf 91' lang='lat' dir='ltr'><strong>sin</strong></span> <span class='ocrx_word' id='word_1_185' title='bbox 2581 1004 2712 1042; x_wconf 73' lang='lat' dir='ltr'><strong>vero</strong></span> <span class='ocrx_word' id='word_1_186' title='bbox 2744 1000 2938 1060; x_wconf 83' lang='lat' dir='ltr'><strong>pergas</strong></span> <span class='ocrx_word' id='word_1_187' title='bbox 2963 990 3172 1048; x_wconf 86' lang='lat' dir='ltr'><strong>fumum</strong></span> <span class='ocrx_word' id='word_1_188' title='bbox 3191 993 3452 1072; x_wconf 71' lang='lat' dir='ltr'><strong>excitare,</strong></span> <span class='ocrx_word' id='word_1_189' title='bbox 3476 1001 3699 1050; x_wconf 90' lang='lat' dir='ltr'><strong>etcom-</strong></span> 
     </span>
    </p>
   </div>
   <div class='ocr_carea' id='block_1_26' title="bbox 2115 1083 3696 1156">
    <p class='ocr_par' dir='ltr' id='par_1_26' title="bbox 2115 1083 3696 1156">
     <span class='ocr_line' id='line_1_26' title="bbox 2115 1083 3696 1156; baseline 0.006 -24"><span class='ocrx_word' id='word_1_190' title='bbox 2115 1094 2334 1134; x_wconf 81' lang='lat' dir='ltr'><strong>movere</strong></span> <span class='ocrx_word' id='word_1_191' title='bbox 2365 1095 2462 1133; x_wconf 90' lang='lat' dir='ltr'><strong>cor</strong></span> <span class='ocrx_word' id='word_1_192' title='bbox 2497 1091 2648 1134; x_wconf 90' lang='lat' dir='ltr'><strong>tuum</strong></span> <span class='ocrx_word' id='word_1_193' title='bbox 2678 1083 2841 1137; x_wconf 73' lang='lat' dir='ltr'><strong>rariis</strong></span> <span class='ocrx_word' id='word_1_194' title='bbox 2873 1085 3316 1152; x_wconf 76' lang='lat' dir='ltr'><strong>cogitationibus,</strong></span> <span class='ocrx_word' id='word_1_195' title='bbox 3345 1084 3418 1141; x_wconf 83' lang='lat' dir='ltr'><strong>ita</strong></span> <span class='ocrx_word' id='word_1_196' title='bbox 3442 1097 3696 1156; x_wconf 84' lang='lat' dir='ltr'><strong>reputans</strong></span> 
     </span>
    </p>
   </div>
   <div class='ocr_carea' id='block_1_27' title="bbox 2113 1159 3693 1246">
    <p class='ocr_par' dir='ltr' id='par_1_27' title="bbox 2113 1159 3693 1246">
     <span class='ocr_line' id='line_1_27' title="bbox 2113 1159 3693 1246; baseline 0.006 -26"><span class='ocrx_word' id='word_1_197' title='bbox 2113 1179 2294 1222; x_wconf 85' lang='lat' dir='ltr'><strong>tecum</strong></span> <span class='ocrx_word' id='word_1_198' title='bbox 2332 1187 2344 1222; x_wconf 89' lang='lat'><strong>:</strong></span> <span class='ocrx_word' id='word_1_199' title='bbox 2381 1159 2564 1236; x_wconf 76' lang='lat' dir='ltr'><strong>Quare</strong></span> <span class='ocrx_word' id='word_1_200' title='bbox 2595 1175 2700 1226; x_wconf 86' lang='lat' dir='ltr'><strong>hoc</strong></span> <span class='ocrx_word' id='word_1_201' title='bbox 2744 1173 2876 1226; x_wconf 90' lang='lat' dir='ltr'><strong>mihi</strong></span> <span class='ocrx_word' id='word_1_202' title='bbox 2924 1173 3138 1228; x_wconf 87' lang='lat' dir='ltr'><strong>locutus</strong></span> <span class='ocrx_word' id='word_1_203' title='bbox 3165 1175 3286 1228; x_wconf 78' lang='lat' dir='ltr'><strong>est?</strong></span> <span class='ocrx_word' id='word_1_204' title='bbox 3315 1174 3446 1246; x_wconf 91' lang='lat' dir='ltr'><strong>quid</strong></span> <span class='ocrx_word' id='word_1_205' title='bbox 3475 1173 3550 1228; x_wconf 91' lang='lat' dir='ltr'><strong>illi</strong></span> <span class='ocrx_word' id='word_1_206' title='bbox 3575 1190 3693 1229; x_wconf 89' lang='lat' dir='ltr'><strong>mc-</strong></span> 
     </span>
    </p>
   </div>
   <div class='ocr_carea' id='block_1_28' title="bbox 2111 1263 3695 1338">
    <p class='ocr_par' dir='ltr' id='par_1_28' title="bbox 2111 1263 3695 1338">
     <span class='ocr_line' id='line_1_28' title="bbox 2111 1263 3695 1338; baseline 0.003 -23"><span class='ocrx_word' id='word_1_207' title='bbox 2111 1277 2232 1315; x_wconf 87' lang='lat' dir='ltr'><strong>cum</strong></span> <span class='ocrx_word' id='word_1_208' title='bbox 2280 1264 2351 1316; x_wconf 88' lang='lat' dir='ltr'><strong>rei</strong></span> <span class='ocrx_word' id='word_1_209' title='bbox 2379 1263 2503 1318; x_wconf 86' lang='lat' dir='ltr'><strong>est?</strong></span> <span class='ocrx_word' id='word_1_210' title='bbox 2533 1278 2598 1317; x_wconf 81' lang='lat' dir='ltr'><strong>ex</strong></span> <span class='ocrx_word' id='word_1_211' title='bbox 2629 1265 2731 1316; x_wconf 91' lang='lat' dir='ltr'><strong>hoc</strong></span> <span class='ocrx_word' id='word_1_212' title='bbox 2761 1280 3057 1333; x_wconf 80' lang='lat' dir='ltr'><strong>congressu</strong></span> <span class='ocrx_word' id='word_1_213' title='bbox 3083 1275 3135 1320; x_wconf 86' lang='lat' dir='ltr'><strong>et</strong></span> <span class='ocrx_word' id='word_1_214' title='bbox 3163 1266 3459 1337; x_wconf 80' lang='lat' dir='ltr'><strong>agitatione</strong></span> <span class='ocrx_word' id='word_1_215' title='bbox 3488 1266 3695 1338; x_wconf 81' lang='lat' dir='ltr'><strong>cogita-</strong></span> 
     </span>
    </p>
   </div>
   <div class='ocr_carea' id='block_1_29' title="bbox 2107 1352 3693 1424">
    <p class='ocr_par' dir='ltr' id='par_1_29' title="bbox 2107 1352 3693 1424">
     <span class='ocr_line' id='line_1_29' title="bbox 2107 1352 3693 1424; baseline 0.002 -17"><span class='ocrx_word' id='word_1_216' title='bbox 2107 1353 2340 1412; x_wconf 84' lang='lat' dir='ltr'><strong>tionum,</strong></span> <span class='ocrx_word' id='word_1_217' title='bbox 2375 1352 2540 1406; x_wconf 88' lang='lat' dir='ltr'><strong>corde</strong></span> <span class='ocrx_word' id='word_1_218' title='bbox 2575 1354 2730 1424; x_wconf 86' lang='lat' dir='ltr'><strong>quasi</strong></span> <span class='ocrx_word' id='word_1_219' title='bbox 2755 1355 2939 1408; x_wconf 87' lang='lat' dir='ltr'><strong>attrito</strong></span> <span class='ocrx_word' id='word_1_220' title='bbox 2969 1364 3023 1409; x_wconf 85' lang='lat' dir='ltr'><strong>et</strong></span> <span class='ocrx_word' id='word_1_221' title='bbox 3067 1355 3349 1424; x_wconf 87' lang='lat' dir='ltr'><strong>calefacto,</strong></span> <span class='ocrx_word' id='word_1_222' title='bbox 3389 1357 3448 1412; x_wconf 83' lang='lat' dir='ltr'><strong>ﬁt</strong></span> <span class='ocrx_word' id='word_1_223' title='bbox 3488 1372 3693 1412; x_wconf 83' lang='lat' dir='ltr'><strong>excan-</strong></span> 
     </span>
    </p>
   </div>
   <div class='ocr_carea' id='block_1_30' title="bbox 2109 1441 3690 1516">
    <p class='ocr_par' dir='ltr' id='par_1_30' title="bbox 2109 1441 3690 1516">
     <span class='ocr_line' id='line_1_30' title="bbox 2109 1441 3690 1516; baseline 0.003 -22"><span class='ocrx_word' id='word_1_224' title='bbox 2109 1441 2386 1495; x_wconf 85' lang='lat' dir='ltr'><strong>descentia</strong></span> <span class='ocrx_word' id='word_1_225' title='bbox 2441 1441 2630 1506; x_wconf 89' lang='lat' dir='ltr'><strong>animi,</strong></span> <span class='ocrx_word' id='word_1_226' title='bbox 2677 1442 2772 1494; x_wconf 76' lang='grc' dir='ltr'><strong>τοῦ</strong></span> <span class='ocrx_word' id='word_1_227' title='bbox 2812 1442 2926 1509; x_wconf 78' lang='grc' dir='ltr'>νοῦ,</span> <span class='ocrx_word' id='word_1_228' title='bbox 2971 1445 3062 1512; x_wconf 89' lang='lat' dir='ltr'><strong>qui</strong></span> <span class='ocrx_word' id='word_1_229' title='bbox 3123 1451 3207 1497; x_wconf 86' lang='lat' dir='ltr'><strong>cst</strong></span> <span class='ocrx_word' id='word_1_230' title='bbox 3251 1443 3428 1499; x_wconf 74' lang='lat' dir='ltr'><strong>[crvor</strong></span> <span class='ocrx_word' id='word_1_231' title='bbox 3469 1445 3690 1516; x_wconf 87' lang='lat' dir='ltr'><strong>quidaut</strong></span> 
     </span>
    </p>
   </div>
   <div class='ocr_carea' id='block_1_31' title="bbox 2105 1534 3688 1604">
    <p class='ocr_par' dir='ltr' id='par_1_31' title="bbox 2105 1534 3688 1604">
     <span class='ocr_line' id='line_1_31' title="bbox 2105 1534 3688 1604; baseline 0.001 -16"><span class='ocrx_word' id='word_1_232' title='bbox 2105 1534 2395 1604; x_wconf 80' lang='lat' dir='ltr'><strong>sanguinis</strong></span> <span class='ocrx_word' id='word_1_233' title='bbox 2427 1535 2570 1588; x_wconf 89' lang='lat' dir='ltr'><strong>circa</strong></span> <span class='ocrx_word' id='word_1_234' title='bbox 2595 1551 2711 1600; x_wconf 85' lang='lat' dir='ltr'><strong>cor,</strong></span> <span class='ocrx_word' id='word_1_235' title='bbox 2745 1544 2802 1589; x_wconf 90' lang='lat' dir='ltr'><strong>ttt</strong></span> <span class='ocrx_word' id='word_1_236' title='bbox 2829 1536 3018 1590; x_wconf 74' lang='lat' dir='ltr'><strong>(lt-linit</strong></span> <span class='ocrx_word' id='word_1_237' title='bbox 3046 1536 3206 1591; x_wconf 81' lang='lat' dir='ltr'><strong>divus</strong></span> <span class='ocrx_word' id='word_1_238' title='bbox 3236 1537 3489 1592; x_wconf 85' lang='lat' dir='ltr'><strong>Basilius.</strong></span> <span class='ocrx_word' id='word_1_239' title='bbox 3533 1539 3608 1592; x_wconf 84' lang='lat' dir='ltr'><strong>En</strong></span> <span class='ocrx_word' id='word_1_240' title='bbox 3635 1539 3688 1591; x_wconf 91' lang='lat' dir='ltr'><strong>in</strong></span> 
     </span>
    </p>
   </div>
   <div class='ocr_carea' id='block_1_32' title="bbox 2109 1623 3691 1695">
    <p class='ocr_par' dir='ltr' id='par_1_32' title="bbox 2109 1623 3691 1695">
     <span class='ocr_line' id='line_1_32' title="bbox 2109 1623 3691 1695; baseline 0.001 -19"><span class='ocrx_word' id='word_1_241' title='bbox 2109 1633 2160 1678; x_wconf 88' lang='lat' dir='ltr'><strong>te</strong></span> <span class='ocrx_word' id='word_1_242' title='bbox 2187 1624 2300 1693; x_wconf 80' lang='lat' dir='ltr'><strong>jam</strong></span> <span class='ocrx_word' id='word_1_243' title='bbox 2333 1623 2505 1692; x_wconf 71' lang='grc' dir='ltr'>θυμὸς</span> <span class='ocrx_word' id='word_1_244' title='bbox 2547 1623 2721 1678; x_wconf 85' lang='lat' dir='ltr'><strong>factus</strong></span> <span class='ocrx_word' id='word_1_245' title='bbox 2762 1633 2844 1678; x_wconf 87' lang='lat' dir='ltr'><strong>est</strong></span> <span class='ocrx_word' id='word_1_246' title='bbox 2883 1645 2892 1680; x_wconf 95' lang='lat'>:</span> <span class='ocrx_word' id='word_1_247' title='bbox 2923 1625 3010 1680; x_wconf 91' lang='lat' dir='ltr'><strong>hic</strong></span> <span class='ocrx_word' id='word_1_248' title='bbox 3038 1635 3121 1680; x_wconf 89' lang='lat' dir='ltr'><strong>est</strong></span> <span class='ocrx_word' id='word_1_249' title='bbox 3143 1641 3305 1695; x_wconf 83' lang='lat' dir='ltr'><strong>quem</strong></span> <span class='ocrx_word' id='word_1_250' title='bbox 3341 1637 3540 1680; x_wconf 76' lang='lat' dir='ltr'><strong>vocant</strong></span> <span class='ocrx_word' id='word_1_251' title='bbox 3565 1626 3691 1691; x_wconf 70' lang='lat'><strong>65-;-</strong></span> 
     </span>
    </p>
   </div>
   <div class='ocr_carea' id='block_1_33' title="bbox 2106 1714 3687 1787">
    <p class='ocr_par' dir='ltr' id='par_1_33' title="bbox 2106 1714 3687 1787">
     <span class='ocr_line' id='line_1_33' title="bbox 2106 1714 3687 1787; baseline 0.003 -19"><span class='ocrx_word' id='word_1_252' title='bbox 2106 1717 2312 1787; x_wconf 79' lang='grc' dir='ltr'>χολίαν.</span> <span class='ocrx_word' id='word_1_253' title='bbox 2354 1716 2404 1769; x_wconf 90' lang='lat' dir='ltr'><strong>id</strong></span> <span class='ocrx_word' id='word_1_254' title='bbox 2441 1724 2544 1777; x_wconf 88' lang='lat' dir='ltr'><strong>est,</strong></span> <span class='ocrx_word' id='word_1_255' title='bbox 2589 1725 2802 1770; x_wconf 75' lang='lat' dir='ltr'><strong>acutam</strong></span> <span class='ocrx_word' id='word_1_256' title='bbox 2837 1717 3137 1772; x_wconf 87' lang='lat' dir='ltr'><strong>choleram.</strong></span> <span class='ocrx_word' id='word_1_257' title='bbox 3163 1714 3318 1784; x_wconf 84' lang='lat' dir='ltr'><strong>Quod</strong></span> <span class='ocrx_word' id='word_1_258' title='bbox 3355 1717 3400 1772; x_wconf 91' lang='lat' dir='ltr'><strong>si</strong></span> <span class='ocrx_word' id='word_1_259' title='bbox 3429 1716 3687 1782; x_wconf 85' lang='lat' dir='ltr'><strong>volueris,</strong></span> 
     </span>
    </p>
   </div>
   <div class='ocr_carea' id='block_1_34' title="bbox 2105 1807 3688 1883">
    <p class='ocr_par' dir='ltr' id='par_1_34' title="bbox 2105 1807 3688 1883">
     <span class='ocr_line' id='line_1_34' title="bbox 2105 1807 3688 1883; baseline -0.001 -19"><span class='ocrx_word' id='word_1_260' title='bbox 2105 1818 2158 1864; x_wconf 81' lang='lat' dir='ltr'><strong>et</strong></span> <span class='ocrx_word' id='word_1_261' title='bbox 2179 1809 2316 1863; x_wconf 89' lang='lat' dir='ltr'><strong>hanc</strong></span> <span class='ocrx_word' id='word_1_262' title='bbox 2364 1807 2566 1878; x_wconf 85' lang='lat' dir='ltr'><strong>poteris</strong></span> <span class='ocrx_word' id='word_1_263' title='bbox 2617 1809 2986 1880; x_wconf 74' lang='lat' dir='ltr'><strong>exstinguere,</strong></span> <span class='ocrx_word' id='word_1_264' title='bbox 3037 1818 3331 1881; x_wconf 78' lang='lat' dir='ltr'><strong>antequam</strong></span> <span class='ocrx_word' id='word_1_265' title='bbox 3373 1810 3468 1866; x_wconf 83' lang='lat' dir='ltr'><strong>ﬁat</strong></span> <span class='ocrx_word' id='word_1_266' title='bbox 3501 1809 3688 1883; x_wconf 76' lang='grc' dir='ltr'>ὀργήε</span> 
     </span>
    </p>
   </div>
   <div class='ocr_carea' id='block_1_35' title="bbox 2035 1902 3692 1971">
    <p class='ocr_par' dir='ltr' id='par_1_35' title="bbox 2035 1902 3692 1971">
     <span class='ocr_line' id='line_1_35' title="bbox 2035 1902 3692 1971; baseline 0 -13"><span class='ocrx_word' id='word_1_267' title='bbox 2035 1905 2072 1958; x_wconf 85' lang='grc' dir='ltr'>Β</span> <span class='ocrx_word' id='word_1_268' title='bbox 2102 1903 2184 1957; x_wconf 91' lang='lat' dir='ltr'><strong>sin</strong></span> <span class='ocrx_word' id='word_1_269' title='bbox 2227 1917 2352 1955; x_wconf 72' lang='lat' dir='ltr'><strong>vero</strong></span> <span class='ocrx_word' id='word_1_270' title='bbox 2372 1917 2565 1971; x_wconf 84' lang='lat' dir='ltr'><strong>pergas</strong></span> <span class='ocrx_word' id='word_1_271' title='bbox 2605 1903 2952 1970; x_wconf 79' lang='lat' dir='ltr'><strong>perturbatus</strong></span> <span class='ocrx_word' id='word_1_272' title='bbox 2992 1902 3158 1956; x_wconf 91' lang='lat' dir='ltr'><strong>alium</strong></span> <span class='ocrx_word' id='word_1_273' title='bbox 3201 1917 3572 1968; x_wconf 83' lang='lat' dir='ltr'><strong>commovere,</strong></span> <span class='ocrx_word' id='word_1_274' title='bbox 3615 1903 3692 1958; x_wconf 83' lang='lat' dir='ltr'><strong>ita</strong></span> 
     </span>
    </p>
   </div>
   <div class='ocr_carea' id='block_1_36' title="bbox 409 1963 3693 2066">
    <p class='ocr_par' dir='ltr' id='par_1_36' title="bbox 409 1963 3693 2066">
     <span class='ocr_line' id='line_1_36' title="bbox 409 1963 3693 2066; baseline 0.005 -36"><span class='ocrx_word' id='word_1_275' title='bbox 409 1963 549 2034; x_wconf 73' lang='lat' dir='ltr'><strong>facis</strong></span> <span class='ocrx_word' id='word_1_276' title='bbox 600 1992 660 2035; x_wconf 88' lang='lat' dir='ltr'><strong>ut</strong></span> <span class='ocrx_word' id='word_1_277' title='bbox 699 1983 788 2050; x_wconf 86' lang='lat' dir='ltr'><strong>qui</strong></span> <span class='ocrx_word' id='word_1_278' title='bbox 827 1983 971 2053; x_wconf 87' lang='lat' dir='ltr'><strong>ligna</strong></span> <span class='ocrx_word' id='word_1_279' title='bbox 1026 1985 1080 2040; x_wconf 91' lang='lat' dir='ltr'><strong>in</strong></span> <span class='ocrx_word' id='word_1_280' title='bbox 1124 1989 1304 2058; x_wconf 79' lang='lat' dir='ltr'><strong>ignem</strong></span> <span class='ocrx_word' id='word_1_281' title='bbox 1362 1995 1637 2062; x_wconf 83' lang='lat' dir='ltr'><strong>congerit,</strong></span> <span class='ocrx_word' id='word_1_282' title='bbox 1683 1963 1968 2066; x_wconf 75' lang='lat' dir='ltr'><strong>magisque</strong></span> <span class='ocrx_word' id='word_1_283' title='bbox 2035 1994 2271 2058; x_wconf 81' lang='lat' dir='ltr'><strong>excitat,</strong></span> <span class='ocrx_word' id='word_1_284' title='bbox 2317 2005 2371 2047; x_wconf 89' lang='lat' dir='ltr'><strong>et</strong></span> <span class='ocrx_word' id='word_1_285' title='bbox 2425 1994 2664 2048; x_wconf 90' lang='lat' dir='ltr'><strong>incendit</strong></span> <span class='ocrx_word' id='word_1_286' title='bbox 2712 1993 2912 2064; x_wconf 90' lang='lat' dir='ltr'><strong>ignem.</strong></span> <span class='ocrx_word' id='word_1_287' title='bbox 2959 1993 3159 2064; x_wconf 77' lang='lat' dir='ltr'><strong>Sicque</strong></span> <span class='ocrx_word' id='word_1_288' title='bbox 3213 1991 3422 2049; x_wconf 76' lang='lat' dir='ltr'><strong>fuerint</strong></span> <span class='ocrx_word' id='word_1_289' title='bbox 3463 2007 3532 2048; x_wconf 82' lang='lat' dir='ltr'><strong>ex</strong></span> <span class='ocrx_word' id='word_1_290' title='bbox 3580 2009 3693 2048; x_wconf 87' lang='lat' dir='ltr'><strong>uno</strong></span> 
     </span>
    </p>
   </div>
   <div class='ocr_carea' id='block_1_37' title="bbox 409 2071 1421 2155">
    <p class='ocr_par' dir='ltr' id='par_1_37' title="bbox 409 2071 1421 2155">
     <span class='ocr_line' id='line_1_37' title="bbox 409 2071 1421 2155; baseline 0.016 -31"><span class='ocrx_word' id='word_1_291' title='bbox 409 2071 649 2128; x_wconf 88' lang='lat' dir='ltr'><strong>cat-bone</strong></span> <span class='ocrx_word' id='word_1_292' title='bbox 679 2075 880 2144; x_wconf 83' lang='lat' dir='ltr'><strong>plures,</strong></span> <span class='ocrx_word' id='word_1_293' title='bbox 917 2088 973 2133; x_wconf 87' lang='lat' dir='ltr'><strong>et</strong></span> <span class='ocrx_word' id='word_1_294' title='bbox 1003 2080 1228 2137; x_wconf 74' lang='lat' dir='ltr'><strong>exsistet</strong></span> <span class='ocrx_word' id='word_1_295' title='bbox 1260 2083 1421 2155; x_wconf 76' lang='grc' dir='ltr'>ὀργή.</span> 
     </span>
    </p>
   </div>
   <div class='ocr_carea' id='block_1_38' title="bbox 482 2163 1998 2255">
    <p class='ocr_par' dir='ltr' id='par_1_38' title="bbox 482 2163 1998 2255">
     <span class='ocr_line' id='line_1_38' title="bbox 482 2163 1998 2255; baseline 0.014 -37"><span class='ocrx_word' id='word_1_296' title='bbox 482 2163 562 2219; x_wconf 60' lang='grc' dir='ltr'><strong>ΓἸ</strong></span> <span class='ocrx_word' id='word_1_297' title='bbox 584 2168 693 2221; x_wconf 71' lang='grc' dir='ltr'><strong>Καὶ</strong></span> <span class='ocrx_word' id='word_1_298' title='bbox 723 2171 880 2224; x_wconf 79' lang='grc' dir='ltr'>τοῦτό</span> <span class='ocrx_word' id='word_1_299' title='bbox 908 2175 1056 2228; x_wconf 82' lang='grc' dir='ltr'>ἐστιν</span> <span class='ocrx_word' id='word_1_300' title='bbox 1081 2177 1110 2230; x_wconf 88' lang='grc' dir='ltr'><strong>ὃ</strong></span> <span class='ocrx_word' id='word_1_301' title='bbox 1144 2178 1331 2248; x_wconf 82' lang='grc' dir='ltr'>ἔλεγεν</span> <span class='ocrx_word' id='word_1_302' title='bbox 1363 2182 1392 2234; x_wconf 87' lang='grc' dir='ltr'>ὁ</span> <span class='ocrx_word' id='word_1_303' title='bbox 1415 2181 1586 2246; x_wconf 68' lang='lat' dir='ltr'><strong>acea;</strong></span> <span class='ocrx_word' id='word_1_304' title='bbox 1628 2184 1884 2255; x_wconf 72' lang='grc' dir='ltr'>Ζωσιμᾶς</span> <span class='ocrx_word' id='word_1_305' title='bbox 1909 2187 1998 2240; x_wconf 81' lang='grc' dir='ltr'><strong>ὅτε</strong></span> 
     </span>
    </p>
   </div>
   <div class='ocr_carea' id='block_1_39' title="bbox 408 2259 1996 2341">
    <p class='ocr_par' dir='ltr' id='par_1_39' title="bbox 408 2259 1996 2341">
     <span class='ocr_line' id='line_1_39' title="bbox 408 2259 1996 2341; baseline 0.014 -33"><span class='ocrx_word' id='word_1_306' title='bbox 408 2259 688 2330; x_wconf 77' lang='grc' dir='ltr'><strong>ἠρωτήθη,</strong></span> <span class='ocrx_word' id='word_1_307' title='bbox 713 2263 766 2316; x_wconf 86' lang='grc' dir='ltr'><strong>τί</strong></span> <span class='ocrx_word' id='word_1_308' title='bbox 791 2265 904 2318; x_wconf 77' lang='grc' dir='ltr'>ἐστι</span> <span class='ocrx_word' id='word_1_309' title='bbox 929 2267 987 2320; x_wconf 82' lang='grc' dir='ltr'>τὸ</span> <span class='ocrx_word' id='word_1_310' title='bbox 1019 2270 1182 2338; x_wconf 79' lang='grc' dir='ltr'>ῥητὸν</span> <span class='ocrx_word' id='word_1_311' title='bbox 1208 2273 1268 2324; x_wconf 69' lang='grc' dir='ltr'>τὸ</span> <span class='ocrx_word' id='word_1_312' title='bbox 1293 2272 1452 2341; x_wconf 88' lang='grc' dir='ltr'>λέγον</span> <span class='ocrx_word' id='word_1_313' title='bbox 1480 2291 1493 2304; x_wconf 89' lang='grc'>·</span> <span class='ocrx_word' id='word_1_314' title='bbox 1526 2275 1700 2328; x_wconf 83' lang='grc' dir='ltr'><strong>Ὅπου</strong></span> <span class='ocrx_word' id='word_1_315' title='bbox 1748 2278 1848 2330; x_wconf 78' lang='grc' dir='ltr'><strong>οὐκ</strong></span> <span class='ocrx_word' id='word_1_316' title='bbox 1878 2277 1996 2332; x_wconf 77' lang='grc' dir='ltr'>ἔστι</span> 
     </span>
    </p>
   </div>
   <div class='ocr_carea' id='block_1_40' title="bbox 405 2348 1998 2441">
    <p class='ocr_par' dir='ltr' id='par_1_40' title="bbox 405 2348 1998 2441">
     <span class='ocr_line' id='line_1_40' title="bbox 405 2348 1998 2441; baseline 0.016 -39"><span class='ocrx_word' id='word_1_317' title='bbox 405 2348 598 2421; x_wconf 82' lang='grc' dir='ltr'>θυμὸς,</span> <span class='ocrx_word' id='word_1_318' title='bbox 643 2356 907 2424; x_wconf 75' lang='grc' dir='ltr'><strong>ἡσυχάζει</strong></span> <span class='ocrx_word' id='word_1_319' title='bbox 958 2361 1127 2432; x_wconf 84' lang='grc' dir='ltr'>μάχη.</span> <span class='ocrx_word' id='word_1_320' title='bbox 1193 2363 1318 2417; x_wconf 81' lang='grc' dir='ltr'>Ἐὰν</span> <span class='ocrx_word' id='word_1_321' title='bbox 1357 2365 1464 2436; x_wconf 79' lang='grc' dir='ltr'><strong>γάρ</strong></span> <span class='ocrx_word' id='word_1_322' title='bbox 1506 2367 1564 2420; x_wconf 82' lang='grc' dir='ltr'>ἐν</span> <span class='ocrx_word' id='word_1_323' title='bbox 1597 2371 1662 2440; x_wconf 77' lang='grc' dir='ltr'>τῇ</span> <span class='ocrx_word' id='word_1_324' title='bbox 1704 2370 1847 2441; x_wconf 79' lang='grc' dir='ltr'>ἀρχῇ</span> <span class='ocrx_word' id='word_1_325' title='bbox 1899 2371 1998 2440; x_wconf 76' lang='grc' dir='ltr'><strong>τῆς</strong></span> 
     </span>
    </p>
   </div>
   <div class='ocr_carea' id='block_1_41' title="bbox 401 2445 1995 2528">
    <p class='ocr_par' dir='ltr' id='par_1_41' title="bbox 401 2445 1995 2528">
     <span class='ocr_line' id='line_1_41' title="bbox 401 2445 1995 2528; baseline 0.013 -33"><span class='ocrx_word' id='word_1_326' title='bbox 401 2445 676 2516; x_wconf 67' lang='grc' dir='ltr'>ταραχῆς.</span> <span class='ocrx_word' id='word_1_327' title='bbox 725 2449 814 2502; x_wconf 79' lang='grc' dir='ltr'>ὅτε</span> <span class='ocrx_word' id='word_1_328' title='bbox 853 2451 1108 2522; x_wconf 77' lang='grc' dir='ltr'>ἄρξηται,</span> <span class='ocrx_word' id='word_1_329' title='bbox 1146 2455 1222 2520; x_wconf 86' lang='grc' dir='ltr'>ὡς</span> <span class='ocrx_word' id='word_1_330' title='bbox 1269 2457 1530 2528; x_wconf 78' lang='grc' dir='ltr'>εἴπομεν,</span> <span class='ocrx_word' id='word_1_331' title='bbox 1573 2461 1860 2526; x_wconf 80' lang='grc' dir='ltr'>καπνίζειν</span> <span class='ocrx_word' id='word_1_332' title='bbox 1898 2462 1995 2517; x_wconf 77' lang='grc' dir='ltr'>καὶ</span> 
     </span>
    </p>
   </div>
   <div class='ocr_carea' id='block_1_42' title="bbox 402 2541 1994 2626">
    <p class='ocr_par' dir='ltr' id='par_1_42' title="bbox 402 2541 1994 2626">
     <span class='ocr_line' id='line_1_42' title="bbox 402 2541 1994 2626; baseline 0.027 -39"><span class='ocrx_word' id='word_1_333' title='bbox 402 2541 582 2591; x_wconf 81' lang='grc' dir='ltr'>ποιεῖν</span> <span class='ocrx_word' id='word_1_334' title='bbox 633 2543 936 2614; x_wconf 61' lang='grc' dir='ltr'>σπινθῆρας</span> <span class='ocrx_word' id='word_1_335' title='bbox 980 2563 1132 2610; x_wconf 88' lang='grc' dir='ltr'>τινας</span> <span class='ocrx_word' id='word_1_336' title='bbox 1166 2591 1182 2615; x_wconf 96' lang='grc'><strong>,</strong></span> <span class='ocrx_word' id='word_1_337' title='bbox 1237 2551 1529 2621; x_wconf 82' lang='grc' dir='ltr'>προλαϐών</span> <span class='ocrx_word' id='word_1_338' title='bbox 1562 2555 1661 2618; x_wconf 71' lang='grc' dir='ltr'>’τις</span> <span class='ocrx_word' id='word_1_339' title='bbox 1711 2555 1994 2626; x_wconf 65' lang='grc' dir='ltr'>μέμψηται</span> 
     </span>
    </p>
   </div>
   <div class='ocr_carea' id='block_1_43' title="bbox 399 2631 1994 2716">
    <p class='ocr_par' dir='ltr' id='par_1_43' title="bbox 399 2631 1994 2716">
     <span class='ocr_line' id='line_1_43' title="bbox 399 2631 1994 2716; baseline 0.013 -34"><span class='ocrx_word' id='word_1_340' title='bbox 399 2631 618 2696; x_wconf 64' lang='grc' dir='ltr'>ἑαυτὸν,</span> <span class='ocrx_word' id='word_1_341' title='bbox 644 2638 736 2688; x_wconf 74' lang='grc' dir='ltr'><strong>καὶ</strong></span> <span class='ocrx_word' id='word_1_342' title='bbox 759 2635 898 2708; x_wconf 81' lang='grc' dir='ltr'>βάλῃ</span> <span class='ocrx_word' id='word_1_343' title='bbox 949 2640 1236 2708; x_wconf 85' lang='grc' dir='ltr'>μετάνοιαν</span> <span class='ocrx_word' id='word_1_344' title='bbox 1260 2646 1388 2714; x_wconf 69' lang='grc' dir='ltr'>πρὶν</span> <span class='ocrx_word' id='word_1_345' title='bbox 1413 2643 1620 2716; x_wconf 56' lang='grc' dir='ltr'>ἐξαφθῇ</span> <span class='ocrx_word' id='word_1_346' title='bbox 1654 2647 1746 2700; x_wconf 83' lang='grc' dir='ltr'>καὶ</span> <span class='ocrx_word' id='word_1_347' title='bbox 1769 2647 1994 2716; x_wconf 82' lang='grc' dir='ltr'>γένηται</span> 
     </span>
    </p>
   </div>
   <div class='ocr_carea' id='block_1_44' title="bbox 401 2721 1992 2810">
    <p class='ocr_par' dir='ltr' id='par_1_44' title="bbox 401 2721 1992 2810">
     <span class='ocr_line' id='line_1_44' title="bbox 401 2721 1992 2810; baseline 0.013 -37"><span class='ocrx_word' id='word_1_348' title='bbox 401 2721 598 2792; x_wconf 78' lang='grc' dir='ltr'>θυμὸς,</span> <span class='ocrx_word' id='word_1_349' title='bbox 648 2727 940 2798; x_wconf 76' lang='grc' dir='ltr'>εἰρηνεύει.</span> <span class='ocrx_word' id='word_1_350' title='bbox 989 2731 1157 2785; x_wconf 81' lang='grc' dir='ltr'>Πάλιν</span> <span class='ocrx_word' id='word_1_351' title='bbox 1205 2735 1326 2804; x_wconf 85' lang='grc' dir='ltr'>μεθ’</span> <span class='ocrx_word' id='word_1_352' title='bbox 1359 2736 1386 2790; x_wconf 82' lang='grc' dir='ltr'><strong>ὃ</strong></span> <span class='ocrx_word' id='word_1_353' title='bbox 1432 2738 1638 2804; x_wconf 83' lang='grc' dir='ltr'>γίνεται</span> <span class='ocrx_word' id='word_1_354' title='bbox 1671 2737 1841 2810; x_wconf 82' lang='grc' dir='ltr'>θυμὸς</span> <span class='ocrx_word' id='word_1_355' title='bbox 1897 2741 1992 2793; x_wconf 75' lang='grc' dir='ltr'><strong>ἐάν</strong></span> 
     </span>
    </p>
   </div>
   <div class='ocr_carea' id='block_1_45' title="bbox 397 2814 1990 2901">
    <p class='ocr_par' dir='ltr' id='par_1_45' title="bbox 397 2814 1990 2901">
     <span class='ocr_line' id='line_1_45' title="bbox 397 2814 1990 2901; baseline 0.011 -35"><span class='ocrx_word' id='word_1_356' title='bbox 397 2814 484 2887; x_wconf 74' lang='grc' dir='ltr'>μὴ</span> <span class='ocrx_word' id='word_1_357' title='bbox 527 2817 810 2888; x_wconf 80' lang='grc' dir='ltr'>ἡσυχάσῃ,</span> <span class='ocrx_word' id='word_1_358' title='bbox 855 2820 990 2873; x_wconf 66' lang='grc' dir='ltr'>ἀλλὰ</span> <span class='ocrx_word' id='word_1_359' title='bbox 1025 2822 1162 2894; x_wconf 90' lang='grc' dir='ltr'>μένῃ</span> <span class='ocrx_word' id='word_1_360' title='bbox 1191 2826 1601 2896; x_wconf 74' lang='grc' dir='ltr'>ταρασσόμενος</span> <span class='ocrx_word' id='word_1_361' title='bbox 1653 2832 1747 2882; x_wconf 80' lang='grc' dir='ltr'>καὶ</span> <span class='ocrx_word' id='word_1_362' title='bbox 1785 2829 1990 2901; x_wconf 84' lang='grc' dir='ltr'>θρασυ-</span> 
     </span>
    </p>
   </div>
   <div class='ocr_carea' id='block_1_46' title="bbox 399 2905 1990 2992">
    <p class='ocr_par' dir='ltr' id='par_1_46' title="bbox 399 2905 1990 2992">
     <span class='ocr_line' id='line_1_46' title="bbox 399 2905 1990 2992; baseline 0.01 -34"><span class='ocrx_word' id='word_1_363' title='bbox 399 2905 629 2976; x_wconf 81' lang='grc' dir='ltr'>νόμενος</span> <span class='ocrx_word' id='word_1_364' title='bbox 653 2947 667 2970; x_wconf 86' lang='grc'><strong>,</strong></span> <span class='ocrx_word' id='word_1_365' title='bbox 703 2909 1039 2979; x_wconf 80' lang='grc' dir='ltr'>εὑρίσκεται,</span> <span class='ocrx_word' id='word_1_366' title='bbox 1087 2915 1162 2977; x_wconf 84' lang='grc' dir='ltr'>ὡς</span> <span class='ocrx_word' id='word_1_367' title='bbox 1192 2915 1441 2985; x_wconf 79' lang='grc' dir='ltr'>εἴπομεν,</span> <span class='ocrx_word' id='word_1_368' title='bbox 1485 2919 1689 2988; x_wconf 75' lang='grc' dir='ltr'>ὁμοίως</span> <span class='ocrx_word' id='word_1_369' title='bbox 1722 2919 1798 2990; x_wconf 78' lang='grc' dir='ltr'><strong>τῷ</strong></span> <span class='ocrx_word' id='word_1_370' title='bbox 1859 2937 1990 2992; x_wconf 80' lang='grc' dir='ltr'>χορ-</span> 
     </span>
    </p>
   </div>
   <div class='ocr_carea' id='block_1_47' title="bbox 395 2997 1989 3084">
    <p class='ocr_par' dir='ltr' id='par_1_47' title="bbox 395 2997 1989 3084">
     <span class='ocr_line' id='line_1_47' title="bbox 395 2997 1989 3084; baseline 0.009 -34"><span class='ocrx_word' id='word_1_371' title='bbox 395 2997 626 3068; x_wconf 79' lang='grc' dir='ltr'>ηγοῦντι</span> <span class='ocrx_word' id='word_1_372' title='bbox 648 2999 777 3065; x_wconf 77' lang='grc' dir='ltr'>ξύλα</span> <span class='ocrx_word' id='word_1_373' title='bbox 802 3001 877 3072; x_wconf 77' lang='grc' dir='ltr'><strong>τῷ</strong></span> <span class='ocrx_word' id='word_1_374' title='bbox 901 3004 1052 3074; x_wconf 78' lang='grc' dir='ltr'>πυρὶ,</span> <span class='ocrx_word' id='word_1_375' title='bbox 1080 3005 1176 3058; x_wconf 75' lang='grc' dir='ltr'><strong>καὶ</strong></span> <span class='ocrx_word' id='word_1_376' title='bbox 1200 3007 1352 3076; x_wconf 84' lang='grc' dir='ltr'>μένει</span> <span class='ocrx_word' id='word_1_377' title='bbox 1370 3008 1539 3074; x_wconf 78' lang='grc' dir='ltr'>καίων</span> <span class='ocrx_word' id='word_1_378' title='bbox 1565 3009 1668 3076; x_wconf 79' lang='grc' dir='ltr'><strong>ἕως</strong></span> <span class='ocrx_word' id='word_1_379' title='bbox 1685 3006 1744 3065; x_wconf 76' lang='grc' dir='ltr'>οὗ</span> <span class='ocrx_word' id='word_1_380' title='bbox 1773 3013 1989 3084; x_wconf 78' lang='grc' dir='ltr'>ποιήσει</span> 
     </span>
    </p>
   </div>
   <div class='ocr_carea' id='block_1_48' title="bbox 399 3091 1987 3171">
    <p class='ocr_par' dir='ltr' id='par_1_48' title="bbox 399 3091 1987 3171">
     <span class='ocr_line' id='line_1_48' title="bbox 399 3091 1987 3171; baseline 0.009 -31"><span class='ocrx_word' id='word_1_381' title='bbox 399 3091 675 3158; x_wconf 72' lang='grc' dir='ltr'><strong>μεγάλους</strong></span> <span class='ocrx_word' id='word_1_382' title='bbox 697 3091 993 3163; x_wconf 81' lang='grc' dir='ltr'>ἄνθρακας.</span> <span class='ocrx_word' id='word_1_383' title='bbox 1017 3096 1230 3166; x_wconf 81' lang='grc' dir='ltr'>Ὥσπερ</span> <span class='ocrx_word' id='word_1_384' title='bbox 1252 3093 1344 3150; x_wconf 76' lang='grc' dir='ltr'><strong>οὖν</strong></span> <span class='ocrx_word' id='word_1_385' title='bbox 1361 3100 1410 3150; x_wconf 88' lang='grc' dir='ltr'>οἰ</span> <span class='ocrx_word' id='word_1_386' title='bbox 1435 3098 1710 3171; x_wconf 71' lang='grc' dir='ltr'>ἄνθρακες</span> <span class='ocrx_word' id='word_1_387' title='bbox 1748 3101 1987 3171; x_wconf 75' lang='grc' dir='ltr'>γίνονται</span> 
     </span>
    </p>
   </div>
   <div class='ocr_carea' id='block_1_49' title="bbox 395 3181 1985 3265">
    <p class='ocr_par' dir='ltr' id='par_1_49' title="bbox 395 3181 1985 3265">
     <span class='ocr_line' id='line_1_49' title="bbox 395 3181 1985 3265; baseline 0.008 -31"><span class='ocrx_word' id='word_1_388' title='bbox 395 3181 685 3254; x_wconf 82' lang='grc' dir='ltr'>κάρϐωνες</span> <span class='ocrx_word' id='word_1_389' title='bbox 709 3185 804 3238; x_wconf 79' lang='grc' dir='ltr'><strong>καὶ</strong></span> <span class='ocrx_word' id='word_1_390' title='bbox 835 3187 1206 3250; x_wconf 67' lang='grc' dir='ltr'>ἀποτίθενται,</span> <span class='ocrx_word' id='word_1_391' title='bbox 1240 3191 1334 3242; x_wconf 77' lang='grc' dir='ltr'><strong>καὶ</strong></span> <span class='ocrx_word' id='word_1_392' title='bbox 1370 3191 1583 3244; x_wconf 74' lang='grc' dir='ltr'>ποιοῦσι</span> <span class='ocrx_word' id='word_1_393' title='bbox 1610 3192 1752 3244; x_wconf 81' lang='grc' dir='ltr'>πόσα</span> <span class='ocrx_word' id='word_1_394' title='bbox 1784 3193 1878 3263; x_wconf 79' lang='grc' dir='ltr'>ἔτη</span> <span class='ocrx_word' id='word_1_395' title='bbox 1907 3193 1985 3265; x_wconf 80' lang='grc' dir='ltr'>μὴ</span> 
     </span>
    </p>
   </div>
   <div class='ocr_carea' id='block_1_50' title="bbox 398 3275 1982 3354">
    <p class='ocr_par' dir='ltr' id='par_1_50' title="bbox 398 3275 1982 3354">
     <span class='ocr_line' id='line_1_50' title="bbox 398 3275 1982 3354; baseline 0.008 -28"><span class='ocrx_word' id='word_1_396' title='bbox 398 3275 794 3347; x_wconf 75' lang='grc' dir='ltr'>φθειρόμενοι,</span> <span class='ocrx_word' id='word_1_397' title='bbox 846 3279 941 3331; x_wconf 72' lang='grc' dir='ltr'>καὶ</span> <span class='ocrx_word' id='word_1_398' title='bbox 988 3279 1112 3332; x_wconf 76' lang='grc' dir='ltr'>οὐδὲ</span> <span class='ocrx_word' id='word_1_399' title='bbox 1166 3279 1260 3335; x_wconf 69' lang='grc' dir='ltr'><strong>ἐὰν</strong></span> <span class='ocrx_word' id='word_1_400' title='bbox 1305 3279 1477 3354; x_wconf 81' lang='grc' dir='ltr'>βάλλῃ</span> <span class='ocrx_word' id='word_1_401' title='bbox 1517 3299 1600 3346; x_wconf 85' lang='grc' dir='ltr'><strong>τις</strong></span> <span class='ocrx_word' id='word_1_402' title='bbox 1653 3285 1732 3347; x_wconf 84' lang='grc' dir='ltr'>εἰς</span> <span class='ocrx_word' id='word_1_403' title='bbox 1786 3285 1982 3348; x_wconf 67' lang='grc' dir='ltr'>αὐτοὺς</span> 
     </span>
    </p>
   </div>
   <div class='ocr_carea' id='block_1_51' title="bbox 399 3365 1982 3448">
    <p class='ocr_par' dir='ltr' id='par_1_51' title="bbox 399 3365 1982 3448">
     <span class='ocr_line' id='line_1_51' title="bbox 399 3365 1982 3448; baseline 0.006 -30"><span class='ocrx_word' id='word_1_404' title='bbox 399 3365 571 3438; x_wconf 76' lang='grc' dir='ltr'>ὕδωρ,</span> <span class='ocrx_word' id='word_1_405' title='bbox 608 3372 890 3440; x_wconf 81' lang='grc' dir='ltr'>σήπονται·</span> <span class='ocrx_word' id='word_1_406' title='bbox 921 3369 1093 3435; x_wconf 78' lang='grc' dir='ltr'>οὕτως</span> <span class='ocrx_word' id='word_1_407' title='bbox 1131 3373 1280 3444; x_wconf 66' lang='grc' dir='ltr'>καλὴ</span> <span class='ocrx_word' id='word_1_408' title='bbox 1313 3373 1450 3446; x_wconf 84' lang='grc' dir='ltr'>ὀργὴ</span> <span class='ocrx_word' id='word_1_409' title='bbox 1483 3372 1576 3428; x_wconf 78' lang='grc' dir='ltr'><strong>ἐὰν</strong></span> <span class='ocrx_word' id='word_1_410' title='bbox 1601 3375 1850 3448; x_wconf 64' lang='grc' dir='ltr'>χρονίσῃ,</span> <span class='ocrx_word' id='word_1_411' title='bbox 1892 3375 1982 3445; x_wconf 83' lang='grc' dir='ltr'>γί-</span> 
     </span>
    </p>
   </div>
   <div class='ocr_carea' id='block_1_52' title="bbox 2172 2173 3691 2252">
    <p class='ocr_par' dir='ltr' id='par_1_52' title="bbox 2172 2173 3691 2252">
     <span class='ocr_line' id='line_1_52' title="bbox 2172 2173 3691 2252; baseline -0.003 -16"><span class='ocrx_word' id='word_1_412' title='bbox 2172 2182 2256 2237; x_wconf 93' lang='lat' dir='ltr'><strong>lll.</strong></span> <span class='ocrx_word' id='word_1_413' title='bbox 2293 2184 2475 2252; x_wconf 80' lang='lat' dir='ltr'><strong>Atque</strong></span> <span class='ocrx_word' id='word_1_414' title='bbox 2506 2181 2558 2234; x_wconf 91' lang='lat' dir='ltr'><strong>id</strong></span> <span class='ocrx_word' id='word_1_415' title='bbox 2597 2178 2848 2250; x_wconf 85' lang='lat' dir='ltr'><strong>estquod</strong></span> <span class='ocrx_word' id='word_1_416' title='bbox 2892 2179 3061 2234; x_wconf 85' lang='lat' dir='ltr'><strong>abbas</strong></span> <span class='ocrx_word' id='word_1_417' title='bbox 3094 2177 3346 2233; x_wconf 86' lang='lat' dir='ltr'><strong>Zosimas</strong></span> <span class='ocrx_word' id='word_1_418' title='bbox 3371 2177 3568 2232; x_wconf 87' lang='lat' dir='ltr'><strong>aiebat.</strong></span> <span class='ocrx_word' id='word_1_419' title='bbox 3600 2173 3691 2231; x_wconf 80' lang='lat' dir='ltr'><strong>ln-</strong></span> 
     </span>
    </p>
   </div>
   <div class='ocr_carea' id='block_1_53' title="bbox 2101 2272 3686 2346">
    <p class='ocr_par' dir='ltr' id='par_1_53' title="bbox 2101 2272 3686 2346">
     <span class='ocr_line' id='line_1_53' title="bbox 2101 2272 3686 2346; baseline -0.004 -15"><span class='ocrx_word' id='word_1_420' title='bbox 2101 2285 2408 2346; x_wconf 81' lang='lat' dir='ltr'><strong>tcrrogatus</strong></span> <span class='ocrx_word' id='word_1_421' title='bbox 2461 2275 2606 2328; x_wconf 87' lang='lat' dir='ltr'><strong>enim</strong></span> <span class='ocrx_word' id='word_1_422' title='bbox 2663 2281 2722 2327; x_wconf 93' lang='lat' dir='ltr'><strong>ut</strong></span> <span class='ocrx_word' id='word_1_423' title='bbox 2779 2272 3104 2326; x_wconf 86' lang='lat' dir='ltr'><strong>sententiam</strong></span> <span class='ocrx_word' id='word_1_424' title='bbox 3150 2274 3296 2325; x_wconf 87' lang='lat' dir='ltr'><strong>hanc</strong></span> <span class='ocrx_word' id='word_1_425' title='bbox 3347 2277 3686 2340; x_wconf 77' lang='lat' dir='ltr'><strong>exponeret:</strong></span> 
     </span>
    </p>
   </div>
   <div class='ocr_carea' id='block_1_54' title="bbox 2101 2361 3685 2436">
    <p class='ocr_par' dir='ltr' id='par_1_54' title="bbox 2101 2361 3685 2436">
     <span class='ocr_line' id='line_1_54' title="bbox 2101 2361 3685 2436; baseline -0.006 -12"><span class='ocrx_word' id='word_1_426' title='bbox 2101 2367 2202 2424; x_wconf 90' lang='lat' dir='ltr'><strong>Ubi</strong></span> <span class='ocrx_word' id='word_1_427' title='bbox 2231 2385 2336 2422; x_wconf 86' lang='lat' dir='ltr'><strong>non</strong></span> <span class='ocrx_word' id='word_1_428' title='bbox 2366 2366 2528 2422; x_wconf 88' lang='lat' dir='ltr'><strong>fuerit</strong></span> <span class='ocrx_word' id='word_1_429' title='bbox 2559 2365 2750 2436; x_wconf 81' lang='grc' dir='ltr'>θυμὸς,</span> <span class='ocrx_word' id='word_1_430' title='bbox 2777 2363 3078 2433; x_wconf 87' lang='lat' dir='ltr'><strong>languescit</strong></span> <span class='ocrx_word' id='word_1_431' title='bbox 3101 2361 3389 2434; x_wconf 88' lang='lat' dir='ltr'><strong>pugna:Si</strong></span> <span class='ocrx_word' id='word_1_432' title='bbox 3419 2361 3565 2432; x_wconf 86' lang='lat' dir='ltr'><strong>quis,</strong></span> <span class='ocrx_word' id='word_1_433' title='bbox 3586 2361 3685 2421; x_wconf 86' lang='lat' dir='ltr'><strong>ait,</strong></span> 
     </span>
    </p>
   </div>
   <div class='ocr_carea' id='block_1_55' title="bbox 2095 2451 3686 2530">
    <p class='ocr_par' dir='ltr' id='par_1_55' title="bbox 2095 2451 3686 2530">
     <span class='ocr_line' id='line_1_55' title="bbox 2095 2451 3686 2530; baseline -0.005 -17"><span class='ocrx_word' id='word_1_434' title='bbox 2095 2460 2368 2530; x_wconf 85' lang='lat' dir='ltr'><strong>principio</strong></span> <span class='ocrx_word' id='word_1_435' title='bbox 2422 2456 2782 2522; x_wconf 86' lang='lat' dir='ltr'><strong>turbationis,</strong></span> <span class='ocrx_word' id='word_1_436' title='bbox 2829 2469 2955 2510; x_wconf 86' lang='lat' dir='ltr'><strong>cum</strong></span> <span class='ocrx_word' id='word_1_437' title='bbox 3003 2455 3212 2510; x_wconf 85' lang='lat' dir='ltr'><strong>scilicet</strong></span> <span class='ocrx_word' id='word_1_438' title='bbox 3265 2452 3456 2524; x_wconf 87' lang='lat' dir='ltr'><strong>incipit</strong></span> <span class='ocrx_word' id='word_1_439' title='bbox 3499 2451 3686 2506; x_wconf 86' lang='lat' dir='ltr'><strong>fumus</strong></span> 
     </span>
    </p>
   </div>
   <div class='ocr_carea' id='block_1_56' title="bbox 2095 2544 3682 2620">
    <p class='ocr_par' dir='ltr' id='par_1_56' title="bbox 2095 2544 3682 2620">
     <span class='ocr_line' id='line_1_56' title="bbox 2095 2544 3682 2620; baseline -0.006 -14"><span class='ocrx_word' id='word_1_440' title='bbox 2095 2567 2418 2620; x_wconf 87' lang='lat' dir='ltr'><strong>erumpere,</strong></span> <span class='ocrx_word' id='word_1_441' title='bbox 2457 2560 2510 2604; x_wconf 91' lang='lat' dir='ltr'><strong>et</strong></span> <span class='ocrx_word' id='word_1_442' title='bbox 2548 2547 2848 2608; x_wconf 86' lang='lat' dir='ltr'><strong>scintillare</strong></span> <span class='ocrx_word' id='word_1_443' title='bbox 2907 2547 3072 2618; x_wconf 85' lang='lat' dir='ltr'><strong>ignis,</strong></span> <span class='ocrx_word' id='word_1_444' title='bbox 3132 2545 3376 2616; x_wconf 87' lang='lat' dir='ltr'><strong>seipsum</strong></span> <span class='ocrx_word' id='word_1_445' title='bbox 3419 2544 3682 2615; x_wconf 85' lang='lat' dir='ltr'><strong>increpet,</strong></span> 
     </span>
    </p>
   </div>
   <div class='ocr_carea' id='block_1_57' title="bbox 2099 2637 3684 2712">
    <p class='ocr_par' dir='ltr' id='par_1_57' title="bbox 2099 2637 3684 2712">
     <span class='ocr_line' id='line_1_57' title="bbox 2099 2637 3684 2712; baseline -0.005 -15"><span class='ocrx_word' id='word_1_446' title='bbox 2099 2645 2338 2712; x_wconf 84' lang='lat' dir='ltr'><strong>corrigat</strong></span> <span class='ocrx_word' id='word_1_447' title='bbox 2359 2653 2410 2697; x_wconf 89' lang='lat' dir='ltr'><strong>et</strong></span> <span class='ocrx_word' id='word_1_448' title='bbox 2432 2648 2673 2705; x_wconf 87' lang='lat' dir='ltr'><strong>accuset,</strong></span> <span class='ocrx_word' id='word_1_449' title='bbox 2718 2649 2952 2711; x_wconf 82' lang='lat' dir='ltr'><strong>agat-que</strong></span> <span class='ocrx_word' id='word_1_450' title='bbox 2981 2637 3357 2709; x_wconf 71' lang='lat' dir='ltr'><strong>paenitentiam</strong></span> <span class='ocrx_word' id='word_1_451' title='bbox 3389 2645 3684 2706; x_wconf 87' lang='lat' dir='ltr'><strong>antequam</strong></span> 
     </span>
    </p>
   </div>
   <div class='ocr_carea' id='block_1_58' title="bbox 2096 2726 3687 2803">
    <p class='ocr_par' dir='ltr' id='par_1_58' title="bbox 2096 2726 3687 2803">
     <span class='ocr_line' id='line_1_58' title="bbox 2096 2726 3687 2803; baseline -0.006 -15"><span class='ocrx_word' id='word_1_452' title='bbox 2096 2744 2347 2803; x_wconf 86' lang='lat' dir='ltr'><strong>erumpat</strong></span> <span class='ocrx_word' id='word_1_453' title='bbox 2389 2731 2630 2796; x_wconf 77' lang='lat' dir='ltr'><strong>ﬂamina,</strong></span> <span class='ocrx_word' id='word_1_454' title='bbox 2668 2737 2722 2786; x_wconf 89' lang='lat' dir='ltr'><strong>et</strong></span> <span class='ocrx_word' id='word_1_455' title='bbox 2769 2731 2864 2785; x_wconf 79' lang='lat' dir='ltr'><strong>fiat</strong></span> <span class='ocrx_word' id='word_1_456' title='bbox 2902 2729 3094 2800; x_wconf 79' lang='grc' dir='ltr'>θυμὸς,</span> <span class='ocrx_word' id='word_1_457' title='bbox 3134 2729 3188 2782; x_wconf 90' lang='lat' dir='ltr'><strong>in</strong></span> <span class='ocrx_word' id='word_1_458' title='bbox 3241 2742 3374 2798; x_wconf 87' lang='lat' dir='ltr'><strong>pace</strong></span> <span class='ocrx_word' id='word_1_459' title='bbox 3416 2726 3598 2781; x_wconf 84' lang='lat' dir='ltr'><strong>adhuc</strong></span> <span class='ocrx_word' id='word_1_460' title='bbox 3630 2736 3687 2780; x_wconf 79' lang='lat' dir='ltr'><strong>et</strong></span> 
     </span>
    </p>
   </div>
   <div class='ocr_carea' id='block_1_59' title="bbox 2096 2818 3685 2896">
    <p class='ocr_par' dir='ltr' id='par_1_59' title="bbox 2096 2818 3685 2896">
     <span class='ocr_line' id='line_1_59' title="bbox 2096 2818 3685 2896; baseline -0.003 -18"><span class='ocrx_word' id='word_1_461' title='bbox 2096 2827 2275 2896; x_wconf 90' lang='lat' dir='ltr'><strong>quiete</strong></span> <span class='ocrx_word' id='word_1_462' title='bbox 2307 2835 2410 2881; x_wconf 85' lang='lat' dir='ltr'><strong>est.</strong></span> <span class='ocrx_word' id='word_1_463' title='bbox 2454 2823 2582 2880; x_wconf 88' lang='lat' dir='ltr'><strong>Post</strong></span> <span class='ocrx_word' id='word_1_464' title='bbox 2607 2831 2792 2879; x_wconf 89' lang='lat' dir='ltr'><strong>autem</strong></span> <span class='ocrx_word' id='word_1_465' title='bbox 2830 2831 3081 2878; x_wconf 88' lang='lat' dir='ltr'><strong>exortum</strong></span> <span class='ocrx_word' id='word_1_466' title='bbox 3105 2819 3296 2892; x_wconf 85' lang='grc' dir='ltr'>θυμὸν,</span> <span class='ocrx_word' id='word_1_467' title='bbox 3337 2835 3442 2875; x_wconf 91' lang='lat' dir='ltr'><strong>non</strong></span> <span class='ocrx_word' id='word_1_468' title='bbox 3483 2818 3685 2874; x_wconf 89' lang='lat' dir='ltr'><strong>amodo</strong></span> 
     </span>
    </p>
   </div>
   <div class='ocr_carea' id='block_1_60' title="bbox 2092 2912 3680 2989">
    <p class='ocr_par' dir='ltr' id='par_1_60' title="bbox 2092 2912 3680 2989">
     <span class='ocr_line' id='line_1_60' title="bbox 2092 2912 3680 2989; baseline -0.004 -16"><span class='ocrx_word' id='word_1_469' title='bbox 2092 2919 2350 2989; x_wconf 86' lang='lat' dir='ltr'><strong>quiescit,</strong></span> <span class='ocrx_word' id='word_1_470' title='bbox 2376 2917 2468 2972; x_wconf 86' lang='lat' dir='ltr'><strong>sed</strong></span> <span class='ocrx_word' id='word_1_471' title='bbox 2508 2926 2788 2972; x_wconf 88' lang='lat' dir='ltr'><strong>commoto</strong></span> <span class='ocrx_word' id='word_1_472' title='bbox 2809 2927 3110 2970; x_wconf 86' lang='lat' dir='ltr'><strong>ctaccenso</strong></span> <span class='ocrx_word' id='word_1_473' title='bbox 3140 2912 3304 2968; x_wconf 87' lang='lat' dir='ltr'><strong>corde</strong></span> <span class='ocrx_word' id='word_1_474' title='bbox 3344 2921 3680 2982; x_wconf 80' lang='lat' dir='ltr'><strong>perseverat.</strong></span> 
     </span>
    </p>
   </div>
   <div class='ocr_carea' id='block_1_61' title="bbox 2091 3001 3682 3076">
    <p class='ocr_par' dir='ltr' id='par_1_61' title="bbox 2091 3001 3682 3076">
     <span class='ocr_line' id='line_1_61' title="bbox 2091 3001 3682 3076; baseline -0.003 -15"><span class='ocrx_word' id='word_1_475' title='bbox 2091 3008 2354 3064; x_wconf 82' lang='lat' dir='ltr'><strong>assimilis</strong></span> <span class='ocrx_word' id='word_1_476' title='bbox 2398 3004 2575 3061; x_wconf 89' lang='lat' dir='ltr'><strong>factus</strong></span> <span class='ocrx_word' id='word_1_477' title='bbox 2610 3005 2659 3060; x_wconf 89' lang='lat' dir='ltr'><strong>ei</strong></span> <span class='ocrx_word' id='word_1_478' title='bbox 2690 3007 2805 3076; x_wconf 89' lang='lat' dir='ltr'><strong>qui,</strong></span> <span class='ocrx_word' id='word_1_479' title='bbox 2847 3013 2907 3059; x_wconf 90' lang='lat' dir='ltr'><strong>ut</strong></span> <span class='ocrx_word' id='word_1_480' title='bbox 2947 3003 3210 3070; x_wconf 83' lang='lat' dir='ltr'><strong>diximus,</strong></span> <span class='ocrx_word' id='word_1_481' title='bbox 3237 3003 3378 3072; x_wconf 83' lang='lat' dir='ltr'><strong>ligna</strong></span> <span class='ocrx_word' id='word_1_482' title='bbox 3404 3002 3457 3056; x_wconf 90' lang='lat' dir='ltr'><strong>in</strong></span> <span class='ocrx_word' id='word_1_483' title='bbox 3498 3001 3682 3073; x_wconf 86' lang='lat' dir='ltr'><strong>ignem</strong></span> 
     </span>
    </p>
   </div>
   <div class='ocr_carea' id='block_1_62' title="bbox 2092 3093 3680 3170">
    <p class='ocr_par' dir='ltr' id='par_1_62' title="bbox 2092 3093 3680 3170">
     <span class='ocr_line' id='line_1_62' title="bbox 2092 3093 3680 3170; baseline -0.004 -15"><span class='ocrx_word' id='word_1_484' title='bbox 2092 3099 2357 3170; x_wconf 84' lang='lat' dir='ltr'><strong>cengerit,</strong></span> <span class='ocrx_word' id='word_1_485' title='bbox 2388 3108 2442 3154; x_wconf 92' lang='lat' dir='ltr'><strong>et</strong></span> <span class='ocrx_word' id='word_1_486' title='bbox 2461 3099 2767 3154; x_wconf 86' lang='lat' dir='ltr'><strong>accendens</strong></span> <span class='ocrx_word' id='word_1_487' title='bbox 2798 3099 2910 3164; x_wconf 89' lang='lat' dir='ltr'><strong>illa,</strong></span> <span class='ocrx_word' id='word_1_488' title='bbox 2941 3111 3168 3168; x_wconf 84' lang='lat' dir='ltr'><strong>magnos</strong></span> <span class='ocrx_word' id='word_1_489' title='bbox 3208 3096 3477 3152; x_wconf 86' lang='lat' dir='ltr'><strong>carbones</strong></span> <span class='ocrx_word' id='word_1_490' title='bbox 3497 3093 3680 3149; x_wconf 79' lang='lat' dir='ltr'><strong>eﬂicit.</strong></span> 
     </span>
    </p>
   </div>
   <div class='ocr_carea' id='block_1_63' title="bbox 2093 3186 3685 3257">
    <p class='ocr_par' dir='ltr' id='par_1_63' title="bbox 2093 3186 3685 3257">
     <span class='ocr_line' id='line_1_63' title="bbox 2093 3186 3685 3257; baseline -0.004 -12"><span class='ocrx_word' id='word_1_491' title='bbox 2093 3189 2164 3245; x_wconf 87' lang='lat' dir='ltr'><strong>Ut</strong></span> <span class='ocrx_word' id='word_1_492' title='bbox 2227 3198 2410 3246; x_wconf 88' lang='lat' dir='ltr'><strong>autem</strong></span> <span class='ocrx_word' id='word_1_493' title='bbox 2440 3189 2707 3246; x_wconf 88' lang='lat' dir='ltr'><strong>carbones</strong></span> <span class='ocrx_word' id='word_1_494' title='bbox 2739 3189 2995 3246; x_wconf 79' lang='lat' dir='ltr'><strong>exstincti</strong></span> <span class='ocrx_word' id='word_1_495' title='bbox 3024 3196 3080 3244; x_wconf 93' lang='lat' dir='ltr'><strong>et</strong></span> <span class='ocrx_word' id='word_1_496' title='bbox 3125 3186 3346 3256; x_wconf 83' lang='lat' dir='ltr'><strong>repositi</strong></span> <span class='ocrx_word' id='word_1_497' title='bbox 3379 3186 3562 3257; x_wconf 88' lang='lat' dir='ltr'><strong>plures</strong></span> <span class='ocrx_word' id='word_1_498' title='bbox 3582 3199 3685 3241; x_wconf 82' lang='lat' dir='ltr'><strong>an—</strong></span> 
     </span>
    </p>
   </div>
   <div class='ocr_carea' id='block_1_64' title="bbox 2092 3277 3678 3350">
    <p class='ocr_par' dir='ltr' id='par_1_64' title="bbox 2092 3277 3678 3350">
     <span class='ocr_line' id='line_1_64' title="bbox 2092 3277 3678 3350; baseline -0.002 -17"><span class='ocrx_word' id='word_1_499' title='bbox 2092 3295 2194 3335; x_wconf 87' lang='lat' dir='ltr'><strong>nos</strong></span> <span class='ocrx_word' id='word_1_500' title='bbox 2227 3289 2474 3350; x_wconf 90' lang='lat' dir='ltr'><strong>perstant</strong></span> <span class='ocrx_word' id='word_1_501' title='bbox 2500 3280 2824 3350; x_wconf 88' lang='lat' dir='ltr'><strong>incorrupti,</strong></span> <span class='ocrx_word' id='word_1_502' title='bbox 2854 3294 2956 3334; x_wconf 88' lang='lat' dir='ltr'><strong>nec</strong></span> <span class='ocrx_word' id='word_1_503' title='bbox 2978 3277 3024 3334; x_wconf 83' lang='lat' dir='ltr'><strong>si</strong></span> <span class='ocrx_word' id='word_1_504' title='bbox 3051 3278 3106 3334; x_wconf 90' lang='lat' dir='ltr'><strong>in</strong></span> <span class='ocrx_word' id='word_1_505' title='bbox 3139 3291 3236 3333; x_wconf 90' lang='lat' dir='ltr'><strong>eos</strong></span> <span class='ocrx_word' id='word_1_506' title='bbox 3264 3277 3430 3331; x_wconf 85' lang='lat' dir='ltr'><strong>etiam</strong></span> <span class='ocrx_word' id='word_1_507' title='bbox 3476 3291 3678 3346; x_wconf 89' lang='lat' dir='ltr'><strong>aquam</strong></span> 
     </span>
    </p>
   </div>
   <div class='ocr_carea' id='block_1_65' title="bbox 2091 3366 3677 3441">
    <p class='ocr_par' dir='ltr' id='par_1_65' title="bbox 2091 3366 3677 3441">
     <span class='ocr_line' id='line_1_65' title="bbox 2091 3366 3677 3441; baseline -0.004 -15"><span class='ocrx_word' id='word_1_508' title='bbox 2091 3371 2384 3438; x_wconf 84' lang='lat' dir='ltr'><strong>infuderis,</strong></span> <span class='ocrx_word' id='word_1_509' title='bbox 2436 3380 2926 3441; x_wconf 88' lang='lat' dir='ltr'><strong>computrescunt;</strong></span> <span class='ocrx_word' id='word_1_510' title='bbox 2962 3369 3042 3426; x_wconf 91' lang='lat' dir='ltr'><strong>sic</strong></span> <span class='ocrx_word' id='word_1_511' title='bbox 3097 3377 3152 3424; x_wconf 90' lang='lat' dir='ltr'><strong>et</strong></span> <span class='ocrx_word' id='word_1_512' title='bbox 3203 3383 3329 3422; x_wconf 87' lang='lat' dir='ltr'><strong>cum</strong></span> <span class='ocrx_word' id='word_1_513' title='bbox 3383 3367 3545 3438; x_wconf 81' lang='grc' dir='ltr'>ὀργὴ,</span> <span class='ocrx_word' id='word_1_514' title='bbox 3575 3366 3677 3430; x_wconf 90' lang='lat' dir='ltr'><strong>ira,</strong></span> 
     </span>
    </p>
   </div>
   <div class='ocr_carea' id='block_1_66' title="bbox 397 3457 1985 3539">
    <p class='ocr_par' dir='ltr' id='par_1_66' title="bbox 397 3462 1985 3539">
     <span class='ocr_line' id='line_1_66' title="bbox 397 3462 1985 3539; baseline 0.008 -29"><span class='ocrx_word' id='word_1_515' title='bbox 397 3475 548 3512; x_wconf 86' lang='grc' dir='ltr'>νεται</span> <span class='ocrx_word' id='word_1_516' title='bbox 587 3462 943 3530; x_wconf 79' lang='grc' dir='ltr'>μνησικακία,</span> <span class='ocrx_word' id='word_1_517' title='bbox 1001 3463 1095 3516; x_wconf 76' lang='grc' dir='ltr'><strong>καὶ</strong></span> <span class='ocrx_word' id='word_1_518' title='bbox 1139 3462 1326 3518; x_wconf 82' lang='grc' dir='ltr'>λοιπὸν</span> <span class='ocrx_word' id='word_1_519' title='bbox 1355 3465 1452 3518; x_wconf 72' lang='grc' dir='ltr'><strong>ἐὰν</strong></span> <span class='ocrx_word' id='word_1_520' title='bbox 1485 3465 1562 3538; x_wconf 81' lang='grc' dir='ltr'>μὴ</span> <span class='ocrx_word' id='word_1_521' title='bbox 1617 3466 1786 3539; x_wconf 82' lang='grc' dir='ltr'>στάξῃ</span> <span class='ocrx_word' id='word_1_522' title='bbox 1817 3487 1899 3532; x_wconf 88' lang='grc' dir='ltr'><strong>τις</strong></span> <span class='ocrx_word' id='word_1_523' title='bbox 1930 3469 1985 3522; x_wconf 69' lang='grc' dir='ltr'><strong>τὸ</strong></span> 
     </span>
    </p>
   </div>
   <div class='ocr_carea' id='block_1_67' title="bbox 2086 3457 3680 3539">
    <p class='ocr_par' dir='ltr' id='par_1_67' title="bbox 2095 3457 3680 3530">
     <span class='ocr_line' id='line_1_67' title="bbox 2095 3457 3680 3530; baseline 0.001 -22"><span class='ocrx_word' id='word_1_524' title='bbox 2095 3457 2408 3513; x_wconf 88' lang='lat' dir='ltr'><strong>diuturnior</strong></span> <span class='ocrx_word' id='word_1_525' title='bbox 2461 3460 2515 3512; x_wconf 89' lang='lat' dir='ltr'><strong>in</strong></span> <span class='ocrx_word' id='word_1_526' title='bbox 2555 3460 2740 3530; x_wconf 88' lang='lat' dir='ltr'><strong>aliquo</strong></span> <span class='ocrx_word' id='word_1_527' title='bbox 2776 3459 2960 3524; x_wconf 84' lang='lat' dir='ltr'><strong>fuerit,</strong></span> <span class='ocrx_word' id='word_1_528' title='bbox 3001 3458 3062 3512; x_wconf 84' lang='lat' dir='ltr'><strong>lit</strong></span> <span class='ocrx_word' id='word_1_529' title='bbox 3096 3457 3456 3526; x_wconf 80' lang='grc' dir='ltr'>μνησικακία,</span> <span class='ocrx_word' id='word_1_530' title='bbox 3499 3457 3680 3526; x_wconf 76' lang='lat' dir='ltr'><strong>impo-</strong></span> 
     </span>
    </p>
   </div>
   <div class='ocr_carea' id='block_1_68' title="bbox 398 3547 1982 3629">
    <p class='ocr_par' dir='ltr' id='par_1_68' title="bbox 398 3547 1982 3629">
     <span class='ocr_line' id='line_1_68' title="bbox 398 3547 1982 3629; baseline 0.009 -27"><span class='ocrx_word' id='word_1_531' title='bbox 398 3547 538 3620; x_wconf 76' lang='grc' dir='ltr'>αἷμα</span> <span class='ocrx_word' id='word_1_532' title='bbox 586 3552 788 3616; x_wconf 75' lang='grc' dir='ltr'>αὑτοῦ,</span> <span class='ocrx_word' id='word_1_533' title='bbox 824 3554 923 3606; x_wconf 83' lang='grc' dir='ltr'><strong>οὐκ</strong></span> <span class='ocrx_word' id='word_1_534' title='bbox 949 3554 1360 3611; x_wconf 82' lang='grc' dir='ltr'>ἀπαλλάσσεται</span> <span class='ocrx_word' id='word_1_535' title='bbox 1405 3557 1598 3629; x_wconf 80' lang='grc' dir='ltr'>αὐτῆς.</span> <span class='ocrx_word' id='word_1_536' title='bbox 1643 3559 1774 3614; x_wconf 80' lang='grc' dir='ltr'>Ἰδοὺ</span> <span class='ocrx_word' id='word_1_537' title='bbox 1828 3556 1982 3616; x_wconf 77' lang='grc' dir='ltr'>εἷπον</span> 
     </span>
    </p>
   </div>
   <div class='ocr_carea' id='block_1_69' title="bbox 395 3643 1984 3720">
    <p class='ocr_par' dir='ltr' id='par_1_69' title="bbox 395 3643 1984 3720">
     <span class='ocr_line' id='line_1_69' title="bbox 395 3643 1984 3720; baseline 0.006 -26"><span class='ocrx_word' id='word_1_538' title='bbox 395 3643 529 3712; x_wconf 84' lang='grc' dir='ltr'>ὑμῖν</span> <span class='ocrx_word' id='word_1_539' title='bbox 572 3643 670 3714; x_wconf 75' lang='grc' dir='ltr'><strong>τὴν</strong></span> <span class='ocrx_word' id='word_1_540' title='bbox 710 3644 976 3715; x_wconf 70' lang='grc' dir='ltr'>διαφοράν</span> <span class='ocrx_word' id='word_1_541' title='bbox 1007 3686 1022 3709; x_wconf 87' lang='grc'><strong>,</strong></span> <span class='ocrx_word' id='word_1_542' title='bbox 1069 3647 1361 3719; x_wconf 75' lang='grc' dir='ltr'>ἐννοήσατε</span> <span class='ocrx_word' id='word_1_543' title='bbox 1406 3663 1419 3676; x_wconf 89' lang='grc'><strong>·</strong></span> <span class='ocrx_word' id='word_1_544' title='bbox 1469 3648 1578 3704; x_wconf 73' lang='grc' dir='ltr'>ἰδοὺ</span> <span class='ocrx_word' id='word_1_545' title='bbox 1617 3650 1893 3720; x_wconf 81' lang='grc' dir='ltr'>ἠκούσατε</span> <span class='ocrx_word' id='word_1_546' title='bbox 1931 3652 1984 3705; x_wconf 86' lang='grc' dir='ltr'><strong>τί</strong></span> 
     </span>
    </p>
   </div>
   <div class='ocr_carea' id='block_1_70' title="bbox 395 3727 1981 3812">
    <p class='ocr_par' dir='ltr' id='par_1_70' title="bbox 395 3727 1981 3812">
     <span class='ocr_line' id='line_1_70' title="bbox 395 3727 1981 3812; baseline 0.011 -34"><span class='ocrx_word' id='word_1_547' title='bbox 395 3727 547 3781; x_wconf 76' lang='grc' dir='ltr'>ἐστιν</span> <span class='ocrx_word' id='word_1_548' title='bbox 590 3729 623 3798; x_wconf 81' lang='grc' dir='ltr'><strong>ἡ</strong></span> <span class='ocrx_word' id='word_1_549' title='bbox 673 3728 866 3802; x_wconf 82' lang='grc' dir='ltr'>πρώτη</span> <span class='ocrx_word' id='word_1_550' title='bbox 905 3734 1166 3804; x_wconf 83' lang='grc' dir='ltr'>ταραχὴ,</span> <span class='ocrx_word' id='word_1_551' title='bbox 1213 3735 1308 3788; x_wconf 76' lang='grc' dir='ltr'><strong>καὶ</strong></span> <span class='ocrx_word' id='word_1_552' title='bbox 1343 3736 1397 3788; x_wconf 87' lang='grc' dir='ltr'><strong>τί</strong></span> <span class='ocrx_word' id='word_1_553' title='bbox 1439 3738 1468 3790; x_wconf 91' lang='grc' dir='ltr'>ὁ</span> <span class='ocrx_word' id='word_1_554' title='bbox 1507 3737 1712 3808; x_wconf 71' lang='grc' dir='ltr'>θυμὸς,</span> <span class='ocrx_word' id='word_1_555' title='bbox 1741 3742 1836 3796; x_wconf 79' lang='grc' dir='ltr'><strong>καὶ</strong></span> <span class='ocrx_word' id='word_1_556' title='bbox 1861 3741 1916 3794; x_wconf 87' lang='grc' dir='ltr'><strong>τί</strong></span> <span class='ocrx_word' id='word_1_557' title='bbox 1949 3743 1981 3812; x_wconf 80' lang='grc' dir='ltr'><strong>ἡ</strong></span> 
     </span>
    </p>
   </div>
   <div class='ocr_carea' id='block_1_71' title="bbox 393 3817 1982 3893">
    <p class='ocr_par' dir='ltr' id='par_1_71' title="bbox 393 3817 1982 3893">
     <span class='ocr_line' id='line_1_71' title="bbox 393 3817 1982 3893; baseline 0.009 -25"><span class='ocrx_word' id='word_1_558' title='bbox 393 3817 554 3890; x_wconf 69' lang='grc' dir='ltr'>ὀργὴ,</span> <span class='ocrx_word' id='word_1_559' title='bbox 599 3819 694 3870; x_wconf 75' lang='grc' dir='ltr'>καὶ</span> <span class='ocrx_word' id='word_1_560' title='bbox 732 3821 783 3873; x_wconf 86' lang='grc' dir='ltr'><strong>τί</strong></span> <span class='ocrx_word' id='word_1_561' title='bbox 813 3822 845 3888; x_wconf 84' lang='grc' dir='ltr'><strong>ἡ</strong></span> <span class='ocrx_word' id='word_1_562' title='bbox 895 3823 1256 3890; x_wconf 83' lang='grc' dir='ltr'>μνησικακία.</span> <span class='ocrx_word' id='word_1_563' title='bbox 1291 3825 1528 3880; x_wconf 87' lang='grc' dir='ltr'>Βλέπετε</span> <span class='ocrx_word' id='word_1_564' title='bbox 1560 3826 1679 3890; x_wconf 81' lang='grc' dir='ltr'><strong>πῶς</strong></span> <span class='ocrx_word' id='word_1_565' title='bbox 1711 3829 1818 3883; x_wconf 80' lang='grc' dir='ltr'>ἀπὸ</span> <span class='ocrx_word' id='word_1_566' title='bbox 1863 3829 1982 3893; x_wconf 80' lang='grc' dir='ltr'>ἑνὸς</span> 
     </span>
    </p>
   </div>
   <div class='ocr_carea' id='block_1_72' title="bbox 397 3909 1982 3990">
    <p class='ocr_par' dir='ltr' id='par_1_72' title="bbox 397 3909 1982 3990">
     <span class='ocr_line' id='line_1_72' title="bbox 397 3909 1982 3990; baseline 0.009 -31"><span class='ocrx_word' id='word_1_567' title='bbox 397 3910 642 3979; x_wconf 73' lang='grc' dir='ltr'>ῥήματος</span> <span class='ocrx_word' id='word_1_568' title='bbox 695 3909 774 3973; x_wconf 81' lang='grc' dir='ltr'><strong>είς</strong></span> <span class='ocrx_word' id='word_1_569' title='bbox 830 3911 1084 3966; x_wconf 80' lang='grc' dir='ltr'>τοσοῦτον</span> <span class='ocrx_word' id='word_1_570' title='bbox 1123 3915 1296 3968; x_wconf 76' lang='grc' dir='ltr'>κακὸν</span> <span class='ocrx_word' id='word_1_571' title='bbox 1346 3915 1622 3985; x_wconf 78' lang='grc' dir='ltr'>ἕφθασενς</span> <span class='ocrx_word' id='word_1_572' title='bbox 1670 3919 1734 3970; x_wconf 80' lang='grc' dir='ltr'><strong>Εἰ</strong></span> <span class='ocrx_word' id='word_1_573' title='bbox 1779 3919 1890 3990; x_wconf 77' lang='grc' dir='ltr'><strong>γὰρ</strong></span> <span class='ocrx_word' id='word_1_574' title='bbox 1923 3919 1982 3984; x_wconf 77' lang='grc' dir='ltr'><strong>ἐξ</strong></span> 
     </span>
    </p>
   </div>
   <div class='ocr_carea' id='block_1_73' title="bbox 392 3999 1978 4076">
    <p class='ocr_par' dir='ltr' id='par_1_73' title="bbox 392 3999 1978 4076">
     <span class='ocr_line' id='line_1_73' title="bbox 392 3999 1978 4076; baseline 0.006 -22"><span class='ocrx_word' id='word_1_575' title='bbox 392 4000 566 4070; x_wconf 76' lang='grc' dir='ltr'>ἀρχῆς</span> <span class='ocrx_word' id='word_1_576' title='bbox 589 3999 779 4054; x_wconf 73' lang='grc' dir='ltr'>ἔϐαλεν</span> <span class='ocrx_word' id='word_1_577' title='bbox 809 4003 994 4056; x_wconf 79' lang='grc' dir='ltr'>ἐπάνω</span> <span class='ocrx_word' id='word_1_578' title='bbox 1018 4004 1184 4057; x_wconf 80' lang='grc' dir='ltr'>αὐτοῦ</span> <span class='ocrx_word' id='word_1_579' title='bbox 1201 4003 1300 4076; x_wconf 82' lang='grc' dir='ltr'><strong>τὴν</strong></span> <span class='ocrx_word' id='word_1_580' title='bbox 1326 4005 1554 4076; x_wconf 81' lang='grc' dir='ltr'>μέμψιν,</span> <span class='ocrx_word' id='word_1_581' title='bbox 1593 4009 1683 4060; x_wconf 76' lang='grc' dir='ltr'>καὶ</span> <span class='ocrx_word' id='word_1_582' title='bbox 1708 4009 1978 4063; x_wconf 80' lang='grc' dir='ltr'>ἐϐάστασε</span> 
     </span>
    </p>
   </div>
   <div class='ocr_carea' id='block_1_74' title="bbox 393 4090 1976 4172">
    <p class='ocr_par' dir='ltr' id='par_1_74' title="bbox 393 4090 1976 4172">
     <span class='ocr_line' id='line_1_74' title="bbox 393 4090 1976 4172; baseline 0.008 -30"><span class='ocrx_word' id='word_1_583' title='bbox 393 4090 451 4142; x_wconf 75' lang='grc' dir='ltr'><strong>τὸ</strong></span> <span class='ocrx_word' id='word_1_584' title='bbox 476 4092 629 4162; x_wconf 79' lang='grc' dir='ltr'>ῥῆμα</span> <span class='ocrx_word' id='word_1_585' title='bbox 656 4091 750 4145; x_wconf 73' lang='grc' dir='ltr'>τοῦ</span> <span class='ocrx_word' id='word_1_586' title='bbox 786 4093 1018 4164; x_wconf 82' lang='grc' dir='ltr'>ἁδελφοῦ</span> <span class='ocrx_word' id='word_1_587' title='bbox 1046 4135 1059 4158; x_wconf 94' lang='grc'><strong>,</strong></span> <span class='ocrx_word' id='word_1_588' title='bbox 1091 4095 1187 4149; x_wconf 74' lang='grc' dir='ltr'><strong>καὶ</strong></span> <span class='ocrx_word' id='word_1_589' title='bbox 1215 4096 1288 4166; x_wconf 74' lang='grc' dir='ltr'><strong>μὴ</strong></span> <span class='ocrx_word' id='word_1_590' title='bbox 1323 4095 1589 4168; x_wconf 75' lang='grc' dir='ltr'>ἠθέλησεν</span> <span class='ocrx_word' id='word_1_591' title='bbox 1613 4099 1976 4172; x_wconf 78' lang='grc' dir='ltr'>άπεκδικῆσαι</span> 
     </span>
    </p>
   </div>
   <div class='ocr_carea' id='block_1_75' title="bbox 389 4184 1976 4262">
    <p class='ocr_par' dir='ltr' id='par_1_75' title="bbox 389 4184 1976 4262">
     <span class='ocr_line' id='line_1_75' title="bbox 389 4184 1976 4262; baseline 0.007 -25"><span class='ocrx_word' id='word_1_592' title='bbox 389 4184 608 4250; x_wconf 74' lang='grc' dir='ltr'>ἑαυτὸν,</span> <span class='ocrx_word' id='word_1_593' title='bbox 643 4186 735 4238; x_wconf 72' lang='grc' dir='ltr'><strong>καὶ</strong></span> <span class='ocrx_word' id='word_1_594' title='bbox 779 4187 901 4239; x_wconf 74' lang='grc' dir='ltr'>ἀντὶ</span> <span class='ocrx_word' id='word_1_595' title='bbox 936 4187 1055 4251; x_wconf 79' lang='grc' dir='ltr'>ἐνὸς</span> <span class='ocrx_word' id='word_1_596' title='bbox 1085 4187 1243 4256; x_wconf 84' lang='grc' dir='ltr'>λόγου</span> <span class='ocrx_word' id='word_1_597' title='bbox 1285 4191 1460 4244; x_wconf 81' lang='grc' dir='ltr'>εἰπεῖν</span> <span class='ocrx_word' id='word_1_598' title='bbox 1489 4191 1584 4245; x_wconf 82' lang='grc' dir='ltr'>δύο</span> <span class='ocrx_word' id='word_1_599' title='bbox 1613 4192 1645 4262; x_wconf 85' lang='grc' dir='ltr'><strong>ἣ</strong></span> <span class='ocrx_word' id='word_1_600' title='bbox 1679 4194 1772 4246; x_wconf 70' lang='grc' dir='ltr'>καὶ</span> <span class='ocrx_word' id='word_1_601' title='bbox 1815 4194 1976 4248; x_wconf 81' lang='grc' dir='ltr'>πέντε</span> 
     </span>
    </p>
   </div>
   <div class='ocr_carea' id='block_1_76' title="bbox 391 4276 1976 4358">
    <p class='ocr_par' dir='ltr' id='par_1_76' title="bbox 391 4276 1976 4358">
     <span class='ocr_line' id='line_1_76' title="bbox 391 4276 1976 4358; baseline 0.007 -30"><span class='ocrx_word' id='word_1_602' title='bbox 391 4276 606 4344; x_wconf 70' lang='grc' dir='ltr'>λὸγους,</span> <span class='ocrx_word' id='word_1_603' title='bbox 632 4278 727 4330; x_wconf 72' lang='grc' dir='ltr'>καὶ</span> <span class='ocrx_word' id='word_1_604' title='bbox 752 4279 1049 4334; x_wconf 77' lang='grc' dir='ltr'>ἀποδοῦναι</span> <span class='ocrx_word' id='word_1_605' title='bbox 1091 4281 1259 4336; x_wconf 70' lang='grc' dir='ltr'>κακὸν</span> <span class='ocrx_word' id='word_1_606' title='bbox 1296 4284 1416 4337; x_wconf 73' lang='grc' dir='ltr'>ἀντὶ</span> <span class='ocrx_word' id='word_1_607' title='bbox 1448 4283 1643 4350; x_wconf 80' lang='grc' dir='ltr'>κακοῦ,</span> <span class='ocrx_word' id='word_1_608' title='bbox 1675 4280 1819 4358; x_wconf 79' lang='grc' dir='ltr'>εἶχεν</span> <span class='ocrx_word' id='word_1_609' title='bbox 1849 4285 1976 4358; x_wconf 84' lang='grc' dir='ltr'>ἐξη-</span> 
     </span>
    </p>
   </div>
   <div class='ocr_carea' id='block_1_77' title="bbox 391 4369 1977 4440">
    <p class='ocr_par' dir='ltr' id='par_1_77' title="bbox 391 4369 1977 4440">
     <span class='ocr_line' id='line_1_77' title="bbox 391 4369 1977 4440; baseline 0.007 -19"><span class='ocrx_word' id='word_1_610' title='bbox 391 4369 552 4440; x_wconf 78' lang='grc' dir='ltr'>λῆσαι</span> <span class='ocrx_word' id='word_1_611' title='bbox 587 4371 696 4424; x_wconf 78' lang='grc' dir='ltr'>ἀπὸ</span> <span class='ocrx_word' id='word_1_612' title='bbox 737 4371 872 4424; x_wconf 84' lang='grc' dir='ltr'>ὅλων</span> <span class='ocrx_word' id='word_1_613' title='bbox 919 4373 1028 4426; x_wconf 81' lang='grc' dir='ltr'><strong>τῶν</strong></span> <span class='ocrx_word' id='word_1_614' title='bbox 1061 4373 1245 4428; x_wconf 81' lang='grc' dir='ltr'>κακῶν</span> <span class='ocrx_word' id='word_1_615' title='bbox 1287 4375 1514 4430; x_wconf 81' lang='grc' dir='ltr'>τούτων.</span> <span class='ocrx_word' id='word_1_616' title='bbox 1546 4376 1646 4430; x_wconf 78' lang='grc' dir='ltr'>Διά</span> <span class='ocrx_word' id='word_1_617' title='bbox 1685 4377 1846 4432; x_wconf 82' lang='grc' dir='ltr'>τοῦτο</span> <span class='ocrx_word' id='word_1_618' title='bbox 1887 4379 1977 4432; x_wconf 73' lang='grc' dir='ltr'>ἀεὶ</span> 
     </span>
    </p>
   </div>
   <div class='ocr_carea' id='block_1_78' title="bbox 388 4457 1977 4536">
    <p class='ocr_par' dir='ltr' id='par_1_78' title="bbox 388 4457 1977 4536">
     <span class='ocr_line' id='line_1_78' title="bbox 388 4457 1977 4536; baseline 0.006 -26"><span class='ocrx_word' id='word_1_619' title='bbox 388 4457 532 4528; x_wconf 83' lang='grc' dir='ltr'>λέγω</span> <span class='ocrx_word' id='word_1_620' title='bbox 558 4458 684 4528; x_wconf 84' lang='grc' dir='ltr'>ὑμῖν</span> <span class='ocrx_word' id='word_1_621' title='bbox 711 4475 724 4488; x_wconf 89' lang='grc'><strong>·</strong></span> <span class='ocrx_word' id='word_1_622' title='bbox 747 4459 821 4522; x_wconf 86' lang='grc' dir='ltr'>ὡς</span> <span class='ocrx_word' id='word_1_623' title='bbox 866 4460 974 4514; x_wconf 74' lang='grc' dir='ltr'>είσὶ</span> <span class='ocrx_word' id='word_1_624' title='bbox 1009 4461 1178 4530; x_wconf 77' lang='grc' dir='ltr'>νεαρὰ</span> <span class='ocrx_word' id='word_1_625' title='bbox 1219 4464 1287 4516; x_wconf 79' lang='grc' dir='ltr'><strong>τά</strong></span> <span class='ocrx_word' id='word_1_626' title='bbox 1331 4463 1500 4536; x_wconf 82' lang='grc' dir='ltr'>πάθη,</span> <span class='ocrx_word' id='word_1_627' title='bbox 1533 4466 1802 4536; x_wconf 66' lang='grc' dir='ltr'>ἐκκόψατε</span> <span class='ocrx_word' id='word_1_628' title='bbox 1834 4466 1977 4521; x_wconf 71' lang='grc' dir='ltr'>αὐτὰ</span> 
     </span>
    </p>
   </div>
   <div class='ocr_carea' id='block_1_79' title="bbox 388 4550 1975 4626">
    <p class='ocr_par' dir='ltr' id='par_1_79' title="bbox 388 4550 1975 4626">
     <span class='ocr_line' id='line_1_79' title="bbox 388 4550 1975 4626; baseline 0.006 -24"><span class='ocrx_word' id='word_1_629' title='bbox 388 4551 520 4621; x_wconf 68' lang='grc' dir='ltr'>πρὶν</span> <span class='ocrx_word' id='word_1_630' title='bbox 543 4550 886 4622; x_wconf 77' lang='grc' dir='ltr'>στερὲωθῶσι</span> <span class='ocrx_word' id='word_1_631' title='bbox 932 4552 1265 4625; x_wconf 78' lang='grc' dir='ltr'>καθ’.ὐμῶν,</span> <span class='ocrx_word' id='word_1_632' title='bbox 1289 4556 1385 4608; x_wconf 76' lang='grc' dir='ltr'>καὶ</span> <span class='ocrx_word' id='word_1_633' title='bbox 1435 4555 1660 4626; x_wconf 80' lang='grc' dir='ltr'>μέλλετε</span> <span class='ocrx_word' id='word_1_634' title='bbox 1693 4557 1975 4611; x_wconf 85' lang='grc' dir='ltr'>ταλαιπω-</span> 
     </span>
    </p>
   </div>
   <div class='ocr_carea' id='block_1_80' title="bbox 386 4643 1969 4722">
    <p class='ocr_par' dir='ltr' id='par_1_80' title="bbox 386 4643 1969 4722">
     <span class='ocr_line' id='line_1_80' title="bbox 386 4643 1969 4722; baseline 0.005 -27"><span class='ocrx_word' id='word_1_635' title='bbox 386 4647 524 4712; x_wconf 78' lang='grc' dir='ltr'>ρεῖν.</span> <span class='ocrx_word' id='word_1_636' title='bbox 565 4643 728 4698; x_wconf 73' lang='grc' dir='ltr'>’Ἄλλο</span> <span class='ocrx_word' id='word_1_637' title='bbox 765 4645 874 4716; x_wconf 88' lang='grc' dir='ltr'><strong>γάρ</strong></span> <span class='ocrx_word' id='word_1_638' title='bbox 903 4647 1020 4701; x_wconf 79' lang='grc' dir='ltr'>ἐστι</span> <span class='ocrx_word' id='word_1_639' title='bbox 1041 4647 1100 4700; x_wconf 84' lang='grc' dir='ltr'><strong>τὸ</strong></span> <span class='ocrx_word' id='word_1_640' title='bbox 1125 4649 1438 4702; x_wconf 80' lang='grc' dir='ltr'>ἀνασπάσαι</span> <span class='ocrx_word' id='word_1_641' title='bbox 1465 4651 1668 4721; x_wconf 74' lang='grc' dir='ltr'>μικρὰν</span> <span class='ocrx_word' id='word_1_642' title='bbox 1703 4651 1934 4722; x_wconf 81' lang='grc' dir='ltr'>ϐοτάνην</span> <span class='ocrx_word' id='word_1_643' title='bbox 1953 4693 1969 4718; x_wconf 90' lang='grc'><strong>,</strong></span> 
     </span>
    </p>
   </div>
   <div class='ocr_carea' id='block_1_81' title="bbox 386 4736 1972 4814">
    <p class='ocr_par' dir='ltr' id='par_1_81' title="bbox 386 4736 1972 4814">
     <span class='ocr_line' id='line_1_81' title="bbox 386 4736 1972 4814; baseline 0.005 -26"><span class='ocrx_word' id='word_1_644' title='bbox 386 4737 480 4788; x_wconf 77' lang='grc' dir='ltr'><strong>καὶ</strong></span> <span class='ocrx_word' id='word_1_645' title='bbox 505 4736 632 4791; x_wconf 83' lang='grc' dir='ltr'>ἄλλο</span> <span class='ocrx_word' id='word_1_646' title='bbox 677 4737 738 4790; x_wconf 81' lang='grc' dir='ltr'><strong>τὸ</strong></span> <span class='ocrx_word' id='word_1_647' title='bbox 768 4739 1070 4810; x_wconf 79' lang='grc' dir='ltr'>ἐκριζῶσαι</span> <span class='ocrx_word' id='word_1_648' title='bbox 1113 4740 1258 4812; x_wconf 86' lang='grc' dir='ltr'>μέγα</span> <span class='ocrx_word' id='word_1_649' title='bbox 1285 4740 1502 4812; x_wconf 85' lang='grc' dir='ltr'>δένδρον</span> <span class='ocrx_word' id='word_1_650' title='bbox 1529 4759 1542 4772; x_wconf 75' lang='grc' dir='ltr'><strong>ο</strong></span> <span class='ocrx_word' id='word_1_651' title='bbox 1585 4743 1646 4796; x_wconf 79' lang='grc' dir='ltr'>οὐ</span> <span class='ocrx_word' id='word_1_652' title='bbox 1690 4744 1972 4814; x_wconf 78' lang='grc' dir='ltr'>ξενίζομαι</span> 
     </span>
    </p>
   </div>
   <div class='ocr_carea' id='block_1_82' title="bbox 380 4825 1974 4902">
    <p class='ocr_par' dir='ltr' id='par_1_82' title="bbox 380 4825 1974 4902">
     <span class='ocr_line' id='line_1_82' title="bbox 380 4825 1974 4902; baseline 0.003 -22"><span class='ocrx_word' id='word_1_653' title='bbox 380 4825 534 4891; x_wconf 81' lang='grc' dir='ltr'>ἄλλο,</span> <span class='ocrx_word' id='word_1_654' title='bbox 563 4825 698 4899; x_wconf 75' lang='grc' dir='ltr'>ῆὸτι</span> <span class='ocrx_word' id='word_1_655' title='bbox 723 4826 848 4880; x_wconf 76' lang='grc' dir='ltr'>οὔτε</span> <span class='ocrx_word' id='word_1_656' title='bbox 891 4829 1110 4900; x_wconf 71' lang='grc' dir='ltr'>οἴδαμεν</span> <span class='ocrx_word' id='word_1_657' title='bbox 1133 4828 1184 4882; x_wconf 85' lang='grc' dir='ltr'><strong>τί</strong></span> <span class='ocrx_word' id='word_1_658' title='bbox 1213 4828 1488 4900; x_wconf 75' lang='grc' dir='ltr'>ψάλλομεν</span> <span class='ocrx_word' id='word_1_659' title='bbox 1522 4847 1536 4862; x_wconf 79' lang='grc'><strong>’</strong></span> <span class='ocrx_word' id='word_1_660' title='bbox 1575 4830 1696 4884; x_wconf 81' lang='grc' dir='ltr'>καθ’</span> <span class='ocrx_word' id='word_1_661' title='bbox 1736 4832 1974 4902; x_wconf 85' lang='grc' dir='ltr'>ἑκάστην</span> 
     </span>
    </p>
   </div>
   <div class='ocr_carea' id='block_1_83' title="bbox 381 4917 1972 4992">
    <p class='ocr_par' dir='ltr' id='par_1_83' title="bbox 381 4917 1972 4992">
     <span class='ocr_line' id='line_1_83' title="bbox 381 4917 1972 4992; baseline 0.002 -20"><span class='ocrx_word' id='word_1_662' title='bbox 381 4917 680 4990; x_wconf 69' lang='grc' dir='ltr'>ψάλλομεν,</span> <span class='ocrx_word' id='word_1_663' title='bbox 717 4919 813 4972; x_wconf 68' lang='grc' dir='ltr'><strong>καὶ</strong></span> <span class='ocrx_word' id='word_1_664' title='bbox 852 4919 1222 4992; x_wconf 82' lang='grc' dir='ltr'>καταρώμεθα</span> <span class='ocrx_word' id='word_1_665' title='bbox 1248 4921 1503 4984; x_wconf 76' lang='grc' dir='ltr'>ἑαυτοὺς,</span> <span class='ocrx_word' id='word_1_666' title='bbox 1539 4921 1632 4974; x_wconf 79' lang='grc' dir='ltr'><strong>καὶ</strong></span> <span class='ocrx_word' id='word_1_667' title='bbox 1653 4923 1713 4974; x_wconf 84' lang='grc' dir='ltr'>οὑ</span> <span class='ocrx_word' id='word_1_668' title='bbox 1757 4923 1972 4976; x_wconf 75' lang='grc' dir='ltr'>συνιοῦ-</span> 
     </span>
    </p>
   </div>
   <div class='ocr_carea' id='block_1_84' title="bbox 384 5012 1974 5084">
    <p class='ocr_par' dir='ltr' id='par_1_84' title="bbox 384 5012 1974 5084">
     <span class='ocr_line' id='line_1_84' title="bbox 384 5012 1974 5084; baseline 0.004 -20"><span class='ocrx_word' id='word_1_669' title='bbox 384 5027 504 5082; x_wconf 88' lang='grc' dir='ltr'>μεν.</span> <span class='ocrx_word' id='word_1_670' title='bbox 549 5012 662 5066; x_wconf 77' lang='grc' dir='ltr'>Οὐκ</span> <span class='ocrx_word' id='word_1_671' title='bbox 704 5013 990 5084; x_wconf 70' lang='grc' dir='ltr'>ὀφείλομεν</span> <span class='ocrx_word' id='word_1_672' title='bbox 1023 5013 1221 5068; x_wconf 84' lang='grc' dir='ltr'>εἰδέναι</span> <span class='ocrx_word' id='word_1_673' title='bbox 1263 5017 1318 5066; x_wconf 84' lang='grc' dir='ltr'><strong>τί</strong></span> <span class='ocrx_word' id='word_1_674' title='bbox 1351 5013 1672 5084; x_wconf 76' lang='grc' dir='ltr'>ψάλλομενς</span> <span class='ocrx_word' id='word_1_675' title='bbox 1731 5017 1852 5069; x_wconf 82' lang='grc' dir='ltr'>Ὅτι</span> <span class='ocrx_word' id='word_1_676' title='bbox 1884 5016 1974 5070; x_wconf 79' lang='grc' dir='ltr'>ἀεὶ</span> 
     </span>
    </p>
   </div>
   <div class='ocr_carea' id='block_1_85' title="bbox 375 5102 1967 5174">
    <p class='ocr_par' dir='ltr' id='par_1_85' title="bbox 375 5102 1967 5174">
     <span class='ocr_line' id='line_1_85' title="bbox 375 5102 1967 5174; baseline 0.005 -19"><span class='ocrx_word' id='word_1_677' title='bbox 375 5102 612 5174; x_wconf 80' lang='grc' dir='ltr'>λέγομεν</span> <span class='ocrx_word' id='word_1_678' title='bbox 649 5121 663 5136; x_wconf 90' lang='grc'><strong>·</strong></span> <span class='ocrx_word' id='word_1_679' title='bbox 729 5108 797 5159; x_wconf 87' lang='lat' dir='ltr'><em>El</em></span> <span class='ocrx_word' id='word_1_680' title='bbox 843 5103 1241 5160; x_wconf 77' lang='grc' dir='ltr'>ἁνταπέδωκα</span> <span class='ocrx_word' id='word_1_681' title='bbox 1301 5106 1426 5171; x_wconf 84' lang='grc' dir='ltr'>τοῖς</span> <span class='ocrx_word' id='word_1_682' title='bbox 1480 5107 1967 5163; x_wconf 78' lang='grc' dir='ltr'>ἀνταποδιδοῦσι</span> 
     </span>
    </p>
   </div>
   <div class='ocr_carea' id='block_1_86' title="bbox 371 5189 1970 5267">
    <p class='ocr_par' dir='ltr' id='par_1_86' title="bbox 371 5189 1970 5267">
     <span class='ocr_line' id='line_1_86' title="bbox 371 5189 1970 5267; baseline 0.001 -18"><span class='ocrx_word' id='word_1_683' title='bbox 371 5211 476 5264; x_wconf 76' lang='grc' dir='ltr'><strong>μοι</strong></span> <span class='ocrx_word' id='word_1_684' title='bbox 507 5193 680 5261; x_wconf 77' lang='grc' dir='ltr'>κακὰ,</span> <span class='ocrx_word' id='word_1_685' title='bbox 713 5195 997 5266; x_wconf 75' lang='grc' dir='ltr'>ἀποπέσῃ</span> <span class='ocrx_word' id='word_1_686' title='bbox 1029 5212 1132 5264; x_wconf 79' lang='grc' dir='ltr'><strong>μοι</strong></span> <span class='ocrx_word' id='word_1_687' title='bbox 1162 5189 1278 5262; x_wconf 78' lang='grc' dir='ltr'>ἄρα</span> <span class='ocrx_word' id='word_1_688' title='bbox 1297 5195 1416 5250; x_wconf 81' lang='grc' dir='ltr'><strong>ἀπὸ</strong></span> <span class='ocrx_word' id='word_1_689' title='bbox 1451 5193 1570 5249; x_wconf 79' lang='grc' dir='ltr'><strong>τῶν</strong></span> <span class='ocrx_word' id='word_1_690' title='bbox 1597 5197 1825 5266; x_wconf 77' lang='grc' dir='ltr'>ἐχθρῶν</span> <span class='ocrx_word' id='word_1_691' title='bbox 1847 5214 1970 5267; x_wconf 81' lang='grc' dir='ltr'>μου</span> 
     </span>
    </p>
   </div>
   <div class='ocr_carea' id='block_1_87' title="bbox 379 5285 1966 5358">
    <p class='ocr_par' dir='ltr' id='par_1_87' title="bbox 379 5285 1966 5358">
     <span class='ocr_line' id='line_1_87' title="bbox 379 5285 1966 5358; baseline 0.003 -19"><span class='ocrx_word' id='word_1_692' title='bbox 379 5285 579 5350; x_wconf 80' lang='grc' dir='ltr'>κενός.</span> <span class='ocrx_word' id='word_1_693' title='bbox 613 5285 677 5338; x_wconf 81' lang='grc' dir='ltr'>Τί</span> <span class='ocrx_word' id='word_1_694' title='bbox 703 5286 842 5350; x_wconf 79' lang='grc' dir='ltr'>ἐστι,</span> <span class='ocrx_word' id='word_1_695' title='bbox 876 5285 1159 5354; x_wconf 80' lang='grc' dir='ltr'>ἀποπέσῃ</span> <span class='ocrx_word' id='word_1_696' title='bbox 1185 5303 1330 5356; x_wconf 58' lang='grc' dir='ltr'>μου</span> <span class='ocrx_word' id='word_1_697' title='bbox 1365 5286 1456 5340; x_wconf 84' lang='grc' dir='ltr'>Ἐν</span> <span class='ocrx_word' id='word_1_698' title='bbox 1479 5287 1588 5358; x_wconf 82' lang='grc' dir='ltr'>ὅσῳ</span> <span class='ocrx_word' id='word_1_699' title='bbox 1611 5304 1695 5350; x_wconf 84' lang='grc' dir='ltr'><strong>τις</strong></span> <span class='ocrx_word' id='word_1_700' title='bbox 1725 5287 1966 5357; x_wconf 77' lang='grc' dir='ltr'>ἵσταται,</span> 
     </span>
    </p>
   </div>
   <div class='ocr_carea' id='block_1_88' title="bbox 375 5375 1964 5452">
    <p class='ocr_par' dir='ltr' id='par_1_88' title="bbox 375 5375 1964 5452">
     <span class='ocr_line' id='line_1_88' title="bbox 375 5375 1964 5452; baseline 0.002 -22"><span class='ocrx_word' id='word_1_701' title='bbox 375 5376 493 5448; x_wconf 79' lang='grc' dir='ltr'>ἕχει</span> <span class='ocrx_word' id='word_1_702' title='bbox 534 5375 764 5448; x_wconf 81' lang='grc' dir='ltr'>δύναμιν</span> <span class='ocrx_word' id='word_1_703' title='bbox 823 5379 1140 5450; x_wconf 79' lang='grc' dir='ltr'>ἀντιστῆναι</span> <span class='ocrx_word' id='word_1_704' title='bbox 1186 5377 1266 5448; x_wconf 84' lang='grc' dir='ltr'>τῷ</span> <span class='ocrx_word' id='word_1_705' title='bbox 1327 5377 1510 5450; x_wconf 79' lang='grc' dir='ltr'>ἐχθρῷ</span> <span class='ocrx_word' id='word_1_706' title='bbox 1558 5379 1745 5444; x_wconf 77' lang='grc' dir='ltr'>αὐτοῦ,</span> <span class='ocrx_word' id='word_1_707' title='bbox 1793 5379 1964 5452; x_wconf 87' lang='grc' dir='ltr'>δέρει,</span> 
     </span>
    </p>
   </div>
   <div class='ocr_carea' id='block_1_89' title="bbox 377 5469 1964 5542">
    <p class='ocr_par' dir='ltr' id='par_1_89' title="bbox 377 5469 1964 5542">
     <span class='ocr_line' id='line_1_89' title="bbox 377 5469 1964 5542; baseline 0.004 -22"><span class='ocrx_word' id='word_1_708' title='bbox 377 5469 614 5538; x_wconf 76' lang='grc' dir='ltr'>δέρεται,</span> <span class='ocrx_word' id='word_1_709' title='bbox 641 5471 788 5541; x_wconf 83' lang='grc' dir='ltr'>νικᾷ,</span> <span class='ocrx_word' id='word_1_710' title='bbox 814 5470 1044 5542; x_wconf 82' lang='grc' dir='ltr'>ἡττᾶται</span> <span class='ocrx_word' id='word_1_711' title='bbox 1077 5486 1090 5499; x_wconf 88' lang='grc'><strong>·</strong></span> <span class='ocrx_word' id='word_1_712' title='bbox 1115 5470 1301 5540; x_wconf 84' lang='grc' dir='ltr'>ἀκμὴν</span> <span class='ocrx_word' id='word_1_713' title='bbox 1327 5472 1436 5541; x_wconf 85' lang='grc' dir='ltr'><strong>γάρ</strong></span> <span class='ocrx_word' id='word_1_714' title='bbox 1460 5471 1701 5524; x_wconf 77' lang='grc' dir='ltr'>ἵσταται.</span> <span class='ocrx_word' id='word_1_715' title='bbox 1751 5473 1877 5526; x_wconf 81' lang='grc' dir='ltr'>Ἐάν</span> <span class='ocrx_word' id='word_1_716' title='bbox 1903 5473 1964 5526; x_wconf 66' lang='grc' dir='ltr'>δὲ</span> 
     </span>
    </p>
   </div>
   <div class='ocr_carea' id='block_1_90' title="bbox 377 5562 1964 5636">
    <p class='ocr_par' dir='ltr' id='par_1_90' title="bbox 377 5562 1964 5636">
     <span class='ocr_line' id='line_1_90' title="bbox 377 5562 1964 5636; baseline 0.004 -22"><span class='ocrx_word' id='word_1_717' title='bbox 377 5562 563 5636; x_wconf 82' lang='grc' dir='ltr'>φθάσῃ</span> <span class='ocrx_word' id='word_1_718' title='bbox 601 5567 810 5631; x_wconf 84' lang='grc' dir='ltr'>πεσεῖν,</span> <span class='ocrx_word' id='word_1_719' title='bbox 841 5563 959 5628; x_wconf 82' lang='grc' dir='ltr'><strong>πῶς</strong></span> <span class='ocrx_word' id='word_1_720' title='bbox 981 5563 1064 5617; x_wconf 76' lang='grc' dir='ltr'>ἔτι</span> <span class='ocrx_word' id='word_1_721' title='bbox 1101 5563 1325 5618; x_wconf 82' lang='grc' dir='ltr'>δύναται</span> <span class='ocrx_word' id='word_1_722' title='bbox 1368 5566 1546 5635; x_wconf 76' lang='grc' dir='ltr'>χαμαὶ</span> <span class='ocrx_word' id='word_1_723' title='bbox 1577 5565 1830 5636; x_wconf 82' lang='grc' dir='ltr'>κείμενος</span> <span class='ocrx_word' id='word_1_724' title='bbox 1857 5584 1964 5621; x_wconf 76' lang='grc' dir='ltr'>πα-</span> 
     </span>
    </p>
   </div>
   <div class='ocr_carea' id='block_1_91' title="bbox 376 5652 1964 5728">
    <p class='ocr_par' dir='ltr' id='par_1_91' title="bbox 376 5652 1964 5728">
     <span class='ocr_line' id='line_1_91' title="bbox 376 5652 1964 5728; baseline 0.003 -20"><span class='ocrx_word' id='word_1_725' title='bbox 376 5653 562 5708; x_wconf 81' lang='grc' dir='ltr'>λαῖσαι</span> <span class='ocrx_word' id='word_1_726' title='bbox 587 5652 726 5726; x_wconf 81' lang='grc' dir='ltr'>πρὸς</span> <span class='ocrx_word' id='word_1_727' title='bbox 751 5654 848 5708; x_wconf 74' lang='grc' dir='ltr'>τὸν</span> <span class='ocrx_word' id='word_1_728' title='bbox 866 5655 1059 5727; x_wconf 76' lang='grc' dir='ltr'>ἐχθρὸν</span> <span class='ocrx_word' id='word_1_729' title='bbox 1082 5655 1270 5724; x_wconf 79' lang='grc' dir='ltr'>αὐτοῦ;</span> <span class='ocrx_word' id='word_1_730' title='bbox 1302 5655 1409 5708; x_wconf 78' lang='grc' dir='ltr'><strong>Καὶ</strong></span> <span class='ocrx_word' id='word_1_731' title='bbox 1437 5657 1816 5728; x_wconf 80' lang='grc' dir='ltr'>κατευχόμεθα</span> <span class='ocrx_word' id='word_1_732' title='bbox 1837 5660 1964 5714; x_wconf 84' lang='grc' dir='ltr'>ἐαυ-</span> 
     </span>
    </p>
   </div>
   <div class='ocr_carea' id='block_1_92' title="bbox 444 5828 1550 5911">
    <p class='ocr_par' dir='ltr' id='par_1_92' title="bbox 444 5828 1550 5911">
     <span class='ocr_line' id='line_1_92' title="bbox 444 5828 1550 5911; baseline 0.001 -19"><span class='ocrx_word' id='word_1_733' title='bbox 444 5828 648 5894; x_wconf 72' lang='grc' dir='ltr'><strong>1Ιὶυιιι.</strong></span> <span class='ocrx_word' id='word_1_734' title='bbox 677 5853 776 5900; x_wconf 78' lang='lat' dir='ltr'><strong>xit,</strong></span> <span class='ocrx_word' id='word_1_735' title='bbox 804 5837 888 5893; x_wconf 77' lang='grc'><strong>17.</strong></span> <span class='ocrx_word' id='word_1_736' title='bbox 968 5851 1006 5878; x_wconf 73' lang='grc' dir='ltr'>ω</span> <span class='ocrx_word' id='word_1_737' title='bbox 1041 5836 1186 5894; x_wconf 81' lang='lat' dir='ltr'><strong>Psal.</strong></span> <span class='ocrx_word' id='word_1_738' title='bbox 1215 5855 1312 5898; x_wconf 74' lang='lat' dir='ltr'><strong>t&#39;tt.</strong></span> <span class='ocrx_word' id='word_1_739' title='bbox 1339 5838 1371 5892; x_wconf 87' lang='grc'><strong>5</strong></span> <span class='ocrx_word' id='word_1_740' title='bbox 1395 5853 1550 5911; x_wconf 84' lang='lat' dir='ltr'><strong>seqq.</strong></span> 
     </span>
    </p>
   </div>
   <div class='ocr_carea' id='block_1_93' title="bbox 2087 3547 3680 3620">
    <p class='ocr_par' dir='ltr' id='par_1_93' title="bbox 2087 3547 3680 3620">
     <span class='ocr_line' id='line_1_93' title="bbox 2087 3547 3680 3620; baseline -0.002 -16"><span class='ocrx_word' id='word_1_741' title='bbox 2087 3561 2206 3606; x_wconf 90' lang='lat' dir='ltr'><strong>tens</strong></span> <span class='ocrx_word' id='word_1_742' title='bbox 2239 3549 2489 3620; x_wconf 62' lang='lat' dir='ltr'><strong>quaedam</strong></span> <span class='ocrx_word' id='word_1_743' title='bbox 2539 3549 2838 3604; x_wconf 78' lang='lat' dir='ltr'><strong>ulciscendi</strong></span> <span class='ocrx_word' id='word_1_744' title='bbox 2880 3547 3048 3602; x_wconf 87' lang='lat' dir='ltr'><strong>libido</strong></span> <span class='ocrx_word' id='word_1_745' title='bbox 3114 3556 3168 3602; x_wconf 90' lang='lat' dir='ltr'><strong>et</strong></span> <span class='ocrx_word' id='word_1_746' title='bbox 3206 3548 3310 3604; x_wconf 90' lang='lat' dir='ltr'><strong>nisi</strong></span> <span class='ocrx_word' id='word_1_747' title='bbox 3362 3549 3680 3604; x_wconf 80' lang='lat' dir='ltr'><strong>emunxeris</strong></span> 
     </span>
    </p>
   </div>
   <div class='ocr_carea' id='block_1_94' title="bbox 2085 3637 3680 3712">
    <p class='ocr_par' dir='ltr' id='par_1_94' title="bbox 2085 3637 3680 3712">
     <span class='ocr_line' id='line_1_94' title="bbox 2085 3637 3680 3712; baseline -0.002 -16"><span class='ocrx_word' id='word_1_748' title='bbox 2085 3657 2305 3697; x_wconf 74' lang='lat' dir='ltr'><strong>omnem</strong></span> <span class='ocrx_word' id='word_1_749' title='bbox 2335 3643 2458 3712; x_wconf 84' lang='lat' dir='ltr'><strong>ejus</strong></span> <span class='ocrx_word' id='word_1_750' title='bbox 2479 3641 2824 3711; x_wconf 90' lang='lat' dir='ltr'><strong>sanguinem,</strong></span> <span class='ocrx_word' id='word_1_751' title='bbox 2849 3639 2994 3709; x_wconf 88' lang='lat' dir='ltr'><strong>abigi</strong></span> <span class='ocrx_word' id='word_1_752' title='bbox 3018 3638 3164 3693; x_wconf 88' lang='lat' dir='ltr'><strong>haud</strong></span> <span class='ocrx_word' id='word_1_753' title='bbox 3189 3653 3432 3708; x_wconf 81' lang='lat' dir='ltr'><strong>unquam</strong></span> <span class='ocrx_word' id='word_1_754' title='bbox 3467 3637 3551 3692; x_wconf 72' lang='lat' dir='ltr'><strong>vi:</strong></span> <span class='ocrx_word' id='word_1_755' title='bbox 3576 3651 3680 3708; x_wconf 88' lang='lat' dir='ltr'><strong>po-</strong></span> 
     </span>
    </p>
   </div>
   <div class='ocr_carea' id='block_1_95' title="bbox 2087 3730 3676 3804">
    <p class='ocr_par' dir='ltr' id='par_1_95' title="bbox 2087 3730 3676 3804">
     <span class='ocr_line' id='line_1_95' title="bbox 2087 3730 3676 3804; baseline -0.004 -16"><span class='ocrx_word' id='word_1_756' title='bbox 2087 3736 2212 3790; x_wconf 90' lang='lat' dir='ltr'><strong>terit</strong></span> <span class='ocrx_word' id='word_1_757' title='bbox 2267 3735 2389 3788; x_wconf 82' lang='lat' dir='ltr'><strong>Dixi</strong></span> <span class='ocrx_word' id='word_1_758' title='bbox 2429 3734 2546 3804; x_wconf 89' lang='lat' dir='ltr'><strong>jam</strong></span> <span class='ocrx_word' id='word_1_759' title='bbox 2600 3733 2756 3788; x_wconf 75' lang='lat' dir='ltr'><strong>vobis</strong></span> <span class='ocrx_word' id='word_1_760' title='bbox 2793 3731 3143 3786; x_wconf 82' lang='lat' dir='ltr'><strong>aﬂ&#39;eetionum</strong></span> <span class='ocrx_word' id='word_1_761' title='bbox 3198 3730 3393 3784; x_wconf 90' lang='lat' dir='ltr'><strong>harum</strong></span> <span class='ocrx_word' id='word_1_762' title='bbox 3425 3730 3676 3784; x_wconf 86' lang='lat' dir='ltr'><strong>omnium</strong></span> 
     </span>
    </p>
   </div>
   <div class='ocr_carea' id='block_1_96' title="bbox 2081 3821 3675 3896">
    <p class='ocr_par' dir='ltr' id='par_1_96' title="bbox 2081 3821 3675 3896">
     <span class='ocr_line' id='line_1_96' title="bbox 2081 3821 3675 3896; baseline -0.004 -16"><span class='ocrx_word' id='word_1_763' title='bbox 2081 3835 2134 3880; x_wconf 93' lang='lat' dir='ltr'><strong>et</strong></span> <span class='ocrx_word' id='word_1_764' title='bbox 2150 3826 2462 3896; x_wconf 87' lang='lat' dir='ltr'><strong>passioumn</strong></span> <span class='ocrx_word' id='word_1_765' title='bbox 2499 3826 2822 3881; x_wconf 88' lang='lat' dir='ltr'><strong>doctrinam.</strong></span> <span class='ocrx_word' id='word_1_766' title='bbox 2853 3823 3204 3892; x_wconf 78' lang='lat' dir='ltr'><strong>Audistisque</strong></span> <span class='ocrx_word' id='word_1_767' title='bbox 3223 3821 3350 3892; x_wconf 78' lang='lat' dir='ltr'><strong>quid</strong></span> <span class='ocrx_word' id='word_1_768' title='bbox 3374 3822 3492 3891; x_wconf 62' lang='lat' dir='ltr'><strong>siti;</strong></span> <span class='ocrx_word' id='word_1_769' title='bbox 3523 3821 3675 3891; x_wconf 81' lang='grc' dir='ltr'>πρώ-</span> 
     </span>
    </p>
   </div>
   <div class='ocr_carea' id='block_1_97' title="bbox 2081 3912 3676 3988">
    <p class='ocr_par' dir='ltr' id='par_1_97' title="bbox 2081 3912 3676 3988">
     <span class='ocr_line' id='line_1_97' title="bbox 2081 3912 3676 3988; baseline -0.004 -18"><span class='ocrx_word' id='word_1_770' title='bbox 2081 3933 2150 3986; x_wconf 84' lang='grc' dir='ltr'><strong>τη</strong></span> <span class='ocrx_word' id='word_1_771' title='bbox 2189 3917 2426 3988; x_wconf 80' lang='grc' dir='ltr'>ταραχὴ,</span> <span class='ocrx_word' id='word_1_772' title='bbox 2465 3915 2595 3986; x_wconf 88' lang='lat' dir='ltr'><strong>quid</strong></span> <span class='ocrx_word' id='word_1_773' title='bbox 2621 3919 2650 3969; x_wconf 83' lang='grc' dir='ltr'><strong>ὁ</strong></span> <span class='ocrx_word' id='word_1_774' title='bbox 2684 3915 2886 3986; x_wconf 83' lang='grc' dir='ltr'>θυμὸς,</span> <span class='ocrx_word' id='word_1_775' title='bbox 2911 3914 3040 3984; x_wconf 87' lang='lat' dir='ltr'><strong>quid</strong></span> <span class='ocrx_word' id='word_1_776' title='bbox 3071 3915 3106 3984; x_wconf 74' lang='grc' dir='ltr'><strong>ἡ</strong></span> <span class='ocrx_word' id='word_1_777' title='bbox 3138 3913 3298 3984; x_wconf 75' lang='grc' dir='ltr'>ὀργὴ,</span> <span class='ocrx_word' id='word_1_778' title='bbox 3322 3912 3452 3982; x_wconf 87' lang='lat' dir='ltr'><strong>quid</strong></span> <span class='ocrx_word' id='word_1_779' title='bbox 3480 3930 3676 3982; x_wconf 78' lang='grc' dir='ltr'>μνησι-</span> 
     </span>
    </p>
   </div>
   <div class='ocr_carea' id='block_1_98' title="bbox 2083 4003 3676 4060">
    <p class='ocr_par' dir='ltr' id='par_1_98' title="bbox 2083 4003 3676 4060">
     <span class='ocr_line' id='line_1_98' title="bbox 2083 4003 3676 4060; baseline -0.002 -3"><span class='ocrx_word' id='word_1_780' title='bbox 2083 4003 2268 4057; x_wconf 83' lang='grc' dir='ltr'>κακία.</span> <span class='ocrx_word' id='word_1_781' title='bbox 2305 4004 2381 4057; x_wconf 83' lang='lat' dir='ltr'><strong>En</strong></span> <span class='ocrx_word' id='word_1_782' title='bbox 2419 4016 2477 4059; x_wconf 89' lang='lat' dir='ltr'><strong>ut</strong></span> <span class='ocrx_word' id='word_1_783' title='bbox 2512 4020 2578 4058; x_wconf 81' lang='lat' dir='ltr'><strong>ex</strong></span> <span class='ocrx_word' id='word_1_784' title='bbox 2619 4004 2736 4060; x_wconf 91' lang='lat' dir='ltr'><strong>solo</strong></span> <span class='ocrx_word' id='word_1_785' title='bbox 2760 4013 2812 4058; x_wconf 91' lang='lat' dir='ltr'><strong>et</strong></span> <span class='ocrx_word' id='word_1_786' title='bbox 2842 4004 3006 4058; x_wconf 87' lang='lat' dir='ltr'><strong>unico</strong></span> <span class='ocrx_word' id='word_1_787' title='bbox 3036 4003 3203 4056; x_wconf 82' lang='lat' dir='ltr'><strong>verbo</strong></span> <span class='ocrx_word' id='word_1_788' title='bbox 3233 4003 3286 4056; x_wconf 90' lang='lat' dir='ltr'><strong>in</strong></span> <span class='ocrx_word' id='word_1_789' title='bbox 3317 4011 3527 4056; x_wconf 89' lang='lat' dir='ltr'><strong>tantum</strong></span> <span class='ocrx_word' id='word_1_790' title='bbox 3556 4015 3676 4056; x_wconf 83' lang='lat' dir='ltr'><strong>Ina-</strong></span> 
     </span>
    </p>
   </div>
   <div class='ocr_carea' id='block_1_99' title="bbox 2079 4092 3672 4166">
    <p class='ocr_par' dir='ltr' id='par_1_99' title="bbox 2079 4092 3672 4166">
     <span class='ocr_line' id='line_1_99' title="bbox 2079 4092 3672 4166; baseline -0.001 -18"><span class='ocrx_word' id='word_1_791' title='bbox 2079 4094 2193 4149; x_wconf 93' lang='lat' dir='ltr'><strong>lum</strong></span> <span class='ocrx_word' id='word_1_792' title='bbox 2228 4095 2583 4166; x_wconf 80' lang='lat' dir='ltr'><strong>pervenitur!</strong></span> <span class='ocrx_word' id='word_1_793' title='bbox 2625 4092 2684 4148; x_wconf 90' lang='lat' dir='ltr'><strong>Si</strong></span> <span class='ocrx_word' id='word_1_794' title='bbox 2716 4093 2860 4149; x_wconf 89' lang='lat' dir='ltr'><strong>enim</strong></span> <span class='ocrx_word' id='word_1_795' title='bbox 2891 4092 3159 4164; x_wconf 86' lang='lat' dir='ltr'><strong>principio</strong></span> <span class='ocrx_word' id='word_1_796' title='bbox 3192 4093 3245 4147; x_wconf 87' lang='lat' dir='ltr'><strong>in</strong></span> <span class='ocrx_word' id='word_1_797' title='bbox 3279 4107 3339 4146; x_wconf 90' lang='lat' dir='ltr'><strong>se</strong></span> <span class='ocrx_word' id='word_1_798' title='bbox 3367 4092 3549 4164; x_wconf 87' lang='lat' dir='ltr'><strong>ipsum</strong></span> <span class='ocrx_word' id='word_1_799' title='bbox 3573 4107 3672 4147; x_wconf 87' lang='lat' dir='ltr'><strong>ac-</strong></span> 
     </span>
    </p>
   </div>
   <div class='ocr_carea' id='block_1_100' title="bbox 2079 4184 3674 4253">
    <p class='ocr_par' dir='ltr' id='par_1_100' title="bbox 2079 4184 3674 4253">
     <span class='ocr_line' id='line_1_100' title="bbox 2079 4184 3674 4253; baseline -0.003 -13"><span class='ocrx_word' id='word_1_800' title='bbox 2079 4185 2419 4240; x_wconf 86' lang='lat' dir='ltr'><strong>cusationem</strong></span> <span class='ocrx_word' id='word_1_801' title='bbox 2463 4199 2678 4239; x_wconf 89' lang='lat' dir='ltr'><strong>omnem</strong></span> <span class='ocrx_word' id='word_1_802' title='bbox 2730 4184 3109 4247; x_wconf 70' lang='lat' dir='ltr'><strong>convertisset,</strong></span> <span class='ocrx_word' id='word_1_803' title='bbox 3169 4184 3548 4253; x_wconf 85' lang='lat' dir='ltr'><strong>patienterque</strong></span> <span class='ocrx_word' id='word_1_804' title='bbox 3583 4193 3674 4238; x_wconf 80' lang='lat' dir='ltr'><strong>tu-</strong></span> 
     </span>
    </p>
   </div>
   <div class='ocr_carea' id='block_1_101' title="bbox 2078 4273 3672 4345">
    <p class='ocr_par' dir='ltr' id='par_1_101' title="bbox 2078 4273 3672 4345">
     <span class='ocr_line' id='line_1_101' title="bbox 2078 4273 3672 4345; baseline 0 -15"><span class='ocrx_word' id='word_1_805' title='bbox 2078 4277 2232 4334; x_wconf 89' lang='lat' dir='ltr'><strong>lisset</strong></span> <span class='ocrx_word' id='word_1_806' title='bbox 2251 4276 2470 4332; x_wconf 75' lang='lat' dir='ltr'><strong>verbum</strong></span> <span class='ocrx_word' id='word_1_807' title='bbox 2497 4273 2686 4330; x_wconf 79' lang='lat' dir='ltr'><strong>fratris</strong></span> <span class='ocrx_word' id='word_1_808' title='bbox 2711 4275 2816 4341; x_wconf 92' lang='lat' dir='ltr'><strong>sui,</strong></span> <span class='ocrx_word' id='word_1_809' title='bbox 2837 4274 3213 4345; x_wconf 87' lang='lat' dir='ltr'><strong>noluissetque</strong></span> <span class='ocrx_word' id='word_1_810' title='bbox 3227 4286 3416 4330; x_wconf 91' lang='lat' dir='ltr'><strong>contra</strong></span> <span class='ocrx_word' id='word_1_811' title='bbox 3445 4276 3566 4340; x_wconf 90' lang='lat' dir='ltr'><strong>niti,</strong></span> <span class='ocrx_word' id='word_1_812' title='bbox 3586 4288 3672 4330; x_wconf 72' lang='grc' dir='ltr'>ει·-</span> 
     </span>
    </p>
   </div>
   <div class='ocr_carea' id='block_1_102' title="bbox 2079 4367 3667 4440">
    <p class='ocr_par' dir='ltr' id='par_1_102' title="bbox 2079 4367 3667 4440">
     <span class='ocr_line' id='line_1_102' title="bbox 2079 4367 3667 4440; baseline -0.006 -16"><span class='ocrx_word' id='word_1_813' title='bbox 2079 4385 2186 4440; x_wconf 91' lang='lat' dir='ltr'><strong>que</strong></span> <span class='ocrx_word' id='word_1_814' title='bbox 2219 4369 2384 4424; x_wconf 89' lang='lat' dir='ltr'><strong>unico</strong></span> <span class='ocrx_word' id='word_1_815' title='bbox 2415 4367 2644 4422; x_wconf 77' lang='lat' dir='ltr'><strong>verbulo</strong></span> <span class='ocrx_word' id='word_1_816' title='bbox 2663 4367 2776 4422; x_wconf 90' lang='lat' dir='ltr'><strong>duo</strong></span> <span class='ocrx_word' id='word_1_817' title='bbox 2803 4367 2884 4422; x_wconf 80' lang='lat' dir='ltr'><strong>vel</strong></span> <span class='ocrx_word' id='word_1_818' title='bbox 2913 4369 3068 4437; x_wconf 85' lang='lat' dir='ltr'><strong>plura</strong></span> <span class='ocrx_word' id='word_1_819' title='bbox 3096 4381 3392 4438; x_wconf 82' lang='lat' dir='ltr'><strong>Opponerc,</strong></span> <span class='ocrx_word' id='word_1_820' title='bbox 3415 4385 3519 4426; x_wconf 89' lang='lat' dir='ltr'><strong>nec</strong></span> <span class='ocrx_word' id='word_1_821' title='bbox 3549 4389 3667 4428; x_wconf 84' lang='lat' dir='ltr'><strong>ma-</strong></span> 
     </span>
    </p>
   </div>
   <div class='ocr_carea' id='block_1_103' title="bbox 2078 4458 3668 4533">
    <p class='ocr_par' dir='ltr' id='par_1_103' title="bbox 2078 4458 3668 4533">
     <span class='ocr_line' id='line_1_103' title="bbox 2078 4458 3668 4533; baseline -0.001 -15"><span class='ocrx_word' id='word_1_822' title='bbox 2078 4463 2190 4518; x_wconf 91' lang='lat' dir='ltr'><strong>lum</strong></span> <span class='ocrx_word' id='word_1_823' title='bbox 2229 4477 2328 4533; x_wconf 90' lang='lat' dir='ltr'><strong>pro</strong></span> <span class='ocrx_word' id='word_1_824' title='bbox 2377 4461 2520 4515; x_wconf 88' lang='lat' dir='ltr'><strong>malo</strong></span> <span class='ocrx_word' id='word_1_825' title='bbox 2555 4459 2758 4516; x_wconf 86' lang='lat' dir='ltr'><strong>referre</strong></span> <span class='ocrx_word' id='word_1_826' title='bbox 2793 4458 2853 4516; x_wconf 74' lang='grc' dir='ltr'><strong>ιε</strong></span> <span class='ocrx_word' id='word_1_827' title='bbox 2907 4461 3020 4516; x_wconf 75' lang='lat' dir='ltr'><strong>haec</strong></span> <span class='ocrx_word' id='word_1_828' title='bbox 3052 4462 3237 4515; x_wconf 87' lang='lat' dir='ltr'><strong>omnia</strong></span> <span class='ocrx_word' id='word_1_829' title='bbox 3291 4463 3498 4532; x_wconf 88' lang='lat' dir='ltr'><strong>pariter</strong></span> <span class='ocrx_word' id='word_1_830' title='bbox 3538 4480 3568 4520; x_wconf 90' lang='lat' dir='ltr'><strong>a</strong></span> <span class='ocrx_word' id='word_1_831' title='bbox 3607 4481 3668 4520; x_wconf 80' lang='lat' dir='ltr'><strong>se</strong></span> 
     </span>
    </p>
   </div>
   <div class='ocr_carea' id='block_1_104' title="bbox 2079 4551 3669 4626">
    <p class='ocr_par' dir='ltr' id='par_1_104' title="bbox 2079 4551 3669 4626">
     <span class='ocr_line' id='line_1_104' title="bbox 2079 4551 3669 4626; baseline 0.002 -17"><span class='ocrx_word' id='word_1_832' title='bbox 2079 4555 2221 4610; x_wconf 89' lang='lat' dir='ltr'><strong>mala</strong></span> <span class='ocrx_word' id='word_1_833' title='bbox 2275 4554 2592 4626; x_wconf 82' lang='lat' dir='ltr'><strong>expulisset.</strong></span> <span class='ocrx_word' id='word_1_834' title='bbox 2657 4551 2837 4618; x_wconf 84' lang='lat' dir='ltr'><strong>Quare</strong></span> <span class='ocrx_word' id='word_1_835' title='bbox 2893 4551 3164 4608; x_wconf 80' lang='lat' dir='ltr'><strong>admoneo</strong></span> <span class='ocrx_word' id='word_1_836' title='bbox 3223 4569 3322 4610; x_wconf 81' lang='lat' dir='ltr'><strong>vos</strong></span> <span class='ocrx_word' id='word_1_837' title='bbox 3361 4556 3669 4626; x_wconf 63' lang='lat' dir='ltr'><strong>saepissime</strong></span> 
     </span>
    </p>
   </div>
   <div class='ocr_carea' id='block_1_105' title="bbox 2076 4640 3670 4711">
    <p class='ocr_par' dir='ltr' id='par_1_105' title="bbox 2076 4640 3670 4711">
     <span class='ocr_line' id='line_1_105' title="bbox 2076 4640 3670 4711; baseline 0.005 -17"><span class='ocrx_word' id='word_1_838' title='bbox 2076 4643 2362 4711; x_wconf 85' lang='lat' dir='ltr'><strong>passiones</strong></span> <span class='ocrx_word' id='word_1_839' title='bbox 2391 4649 2622 4708; x_wconf 78' lang='lat' dir='ltr'><strong>vestras,</strong></span> <span class='ocrx_word' id='word_1_840' title='bbox 2653 4656 2776 4696; x_wconf 92' lang='lat' dir='ltr'><strong>cum</strong></span> <span class='ocrx_word' id='word_1_841' title='bbox 2803 4640 3030 4696; x_wconf 73' lang='lat' dir='ltr'><strong>novella:</strong></span> <span class='ocrx_word' id='word_1_842' title='bbox 3061 4650 3257 4698; x_wconf 90' lang='lat' dir='ltr'><strong>suntet</strong></span> <span class='ocrx_word' id='word_1_843' title='bbox 3286 4653 3552 4710; x_wconf 86' lang='lat' dir='ltr'><strong>recentes,</strong></span> <span class='ocrx_word' id='word_1_844' title='bbox 3571 4648 3670 4702; x_wconf 90' lang='lat' dir='ltr'><strong>ab-</strong></span> 
     </span>
    </p>
   </div>
   <div class='ocr_carea' id='block_1_106' title="bbox 2077 4735 3668 4804">
    <p class='ocr_par' dir='ltr' id='par_1_106' title="bbox 2077 4735 3668 4804">
     <span class='ocr_line' id='line_1_106' title="bbox 2077 4735 3668 4804; baseline 0.001 -14"><span class='ocrx_word' id='word_1_845' title='bbox 2077 4735 2324 4790; x_wconf 87' lang='lat' dir='ltr'><strong>scindere</strong></span> <span class='ocrx_word' id='word_1_846' title='bbox 2363 4743 2526 4804; x_wconf 87' lang='lat' dir='ltr'><strong>atque</strong></span> <span class='ocrx_word' id='word_1_847' title='bbox 2569 4743 2890 4804; x_wconf 87' lang='lat' dir='ltr'><strong>amputare;</strong></span> <span class='ocrx_word' id='word_1_848' title='bbox 2941 4749 3010 4788; x_wconf 90' lang='lat' dir='ltr'><strong>ne</strong></span> <span class='ocrx_word' id='word_1_849' title='bbox 3047 4735 3256 4790; x_wconf 89' lang='lat' dir='ltr'><strong>scilicet</strong></span> <span class='ocrx_word' id='word_1_850' title='bbox 3305 4739 3668 4795; x_wconf 85' lang='lat' dir='ltr'><strong>oblirmcntur</strong></span> 
     </span>
    </p>
   </div>
   <div class='ocr_carea' id='block_1_107' title="bbox 2005 4821 3666 4890">
    <p class='ocr_par' dir='ltr' id='par_1_107' title="bbox 2005 4821 3666 4890">
     <span class='ocr_line' id='line_1_107' title="bbox 2005 4821 3666 4890; baseline 0.005 -14"><span class='ocrx_word' id='word_1_851' title='bbox 2005 4821 2049 4876; x_wconf 87' lang='lat' dir='ltr'><strong>D</strong></span> <span class='ocrx_word' id='word_1_852' title='bbox 2081 4825 2134 4878; x_wconf 93' lang='lat' dir='ltr'><strong>in</strong></span> <span class='ocrx_word' id='word_1_853' title='bbox 2163 4824 2336 4890; x_wconf 76' lang='lat' dir='ltr'><strong>vobis,</strong></span> <span class='ocrx_word' id='word_1_854' title='bbox 2365 4833 2414 4878; x_wconf 89' lang='lat' dir='ltr'><strong>et</strong></span> <span class='ocrx_word' id='word_1_855' title='bbox 2441 4823 2508 4878; x_wconf 87' lang='lat' dir='ltr'><strong>ad</strong></span> <span class='ocrx_word' id='word_1_856' title='bbox 2534 4824 2810 4879; x_wconf 89' lang='lat' dir='ltr'><strong>miseriam</strong></span> <span class='ocrx_word' id='word_1_857' title='bbox 2846 4839 3118 4880; x_wconf 85' lang='lat' dir='ltr'><strong>summam</strong></span> <span class='ocrx_word' id='word_1_858' title='bbox 3148 4841 3246 4882; x_wconf 82' lang='lat' dir='ltr'><strong>vos</strong></span> <span class='ocrx_word' id='word_1_859' title='bbox 3281 4829 3521 4884; x_wconf 89' lang='lat' dir='ltr'><strong>trahant.</strong></span> <span class='ocrx_word' id='word_1_860' title='bbox 3554 4832 3666 4884; x_wconf 81' lang='lat' dir='ltr'><strong>Ali-</strong></span> 
     </span>
    </p>
   </div>
   <div class='ocr_carea' id='block_1_108' title="bbox 2071 4914 3657 4985">
    <p class='ocr_par' dir='ltr' id='par_1_108' title="bbox 2071 4914 3657 4985">
     <span class='ocr_line' id='line_1_108' title="bbox 2071 4914 3657 4985; baseline 0.004 -17"><span class='ocrx_word' id='word_1_861' title='bbox 2071 4923 2155 4969; x_wconf 87' lang='lat' dir='ltr'><strong>ter</strong></span> <span class='ocrx_word' id='word_1_862' title='bbox 2183 4916 2326 4968; x_wconf 90' lang='lat' dir='ltr'><strong>euim</strong></span> <span class='ocrx_word' id='word_1_863' title='bbox 2356 4914 2693 4984; x_wconf 86' lang='lat' dir='ltr'><strong>exstirpatur</strong></span> <span class='ocrx_word' id='word_1_864' title='bbox 2724 4915 2930 4984; x_wconf 87' lang='lat' dir='ltr'><strong>planta,</strong></span> <span class='ocrx_word' id='word_1_865' title='bbox 2971 4914 3130 4970; x_wconf 90' lang='lat' dir='ltr'><strong>aliter</strong></span> <span class='ocrx_word' id='word_1_866' title='bbox 3157 4918 3323 4972; x_wconf 84' lang='lat' dir='ltr'><strong>arbor</strong></span> <span class='ocrx_word' id='word_1_867' title='bbox 3370 4920 3619 4974; x_wconf 71' lang='lat' dir='ltr'><strong>etellitur</strong></span> <span class='ocrx_word' id='word_1_868' title='bbox 3641 4962 3657 4985; x_wconf 94' lang='lat'><strong>,</strong></span> 
     </span>
    </p>
   </div>
   <div class='ocr_carea' id='block_1_109' title="bbox 2067 5005 3658 5078">
    <p class='ocr_par' dir='ltr' id='par_1_109' title="bbox 2067 5005 3658 5078">
     <span class='ocr_line' id='line_1_109' title="bbox 2067 5005 3658 5078; baseline 0.004 -18"><span class='ocrx_word' id='word_1_869' title='bbox 2067 5021 2192 5060; x_wconf 83' lang='lat' dir='ltr'><strong>cum</strong></span> <span class='ocrx_word' id='word_1_870' title='bbox 2235 5005 2397 5078; x_wconf 62' lang='lat'><strong>413</strong></span> <span class='ocrx_word' id='word_1_871' title='bbox 2437 5007 2704 5060; x_wconf 88' lang='lat' dir='ltr'><strong>coaluerit</strong></span> <span class='ocrx_word' id='word_1_872' title='bbox 2746 5007 2813 5060; x_wconf 88' lang='lat' dir='ltr'><strong>ad</strong></span> <span class='ocrx_word' id='word_1_873' title='bbox 2851 5007 3302 5076; x_wconf 86' lang='lat' dir='ltr'><strong>magnitudinem.</strong></span> <span class='ocrx_word' id='word_1_874' title='bbox 3333 5007 3476 5065; x_wconf 83' lang='lat' dir='ltr'><strong>Nihil</strong></span> <span class='ocrx_word' id='word_1_875' title='bbox 3510 5013 3658 5067; x_wconf 82' lang='lat' dir='ltr'><strong>aliud</strong></span> 
     </span>
    </p>
   </div>
   <div class='ocr_carea' id='block_1_110' title="bbox 2068 5099 3658 5168">
    <p class='ocr_par' dir='ltr' id='par_1_110' title="bbox 2068 5099 3658 5168">
     <span class='ocr_line' id='line_1_110' title="bbox 2068 5099 3658 5168; baseline 0.006 -17"><span class='ocrx_word' id='word_1_876' title='bbox 2068 5099 2206 5152; x_wconf 84' lang='lat' dir='ltr'><strong>adeo</strong></span> <span class='ocrx_word' id='word_1_877' title='bbox 2258 5099 2361 5153; x_wconf 90' lang='lat' dir='ltr'><strong>hoc</strong></span> <span class='ocrx_word' id='word_1_878' title='bbox 2404 5099 2668 5164; x_wconf 88' lang='lat' dir='ltr'><strong>demiror,</strong></span> <span class='ocrx_word' id='word_1_879' title='bbox 2697 5099 2844 5168; x_wconf 90' lang='lat' dir='ltr'><strong>quod</strong></span> <span class='ocrx_word' id='word_1_880' title='bbox 2887 5099 3137 5156; x_wconf 82' lang='lat' dir='ltr'><strong>videlicet</strong></span> <span class='ocrx_word' id='word_1_881' title='bbox 3182 5117 3288 5156; x_wconf 92' lang='lat' dir='ltr'><strong>nou</strong></span> <span class='ocrx_word' id='word_1_882' title='bbox 3325 5105 3658 5160; x_wconf 72' lang='lat' dir='ltr'><strong>advertimus</strong></span> 
     </span>
    </p>
   </div>
   <div class='ocr_carea' id='block_1_111' title="bbox 2066 5192 3660 5267">
    <p class='ocr_par' dir='ltr' id='par_1_111' title="bbox 2066 5192 3660 5267">
     <span class='ocr_line' id='line_1_111' title="bbox 2066 5192 3660 5267; baseline 0.003 -22"><span class='ocrx_word' id='word_1_883' title='bbox 2066 5192 2196 5262; x_wconf 87' lang='lat' dir='ltr'><strong>quid</strong></span> <span class='ocrx_word' id='word_1_884' title='bbox 2242 5192 2486 5262; x_wconf 89' lang='lat' dir='ltr'><strong>quotidie</strong></span> <span class='ocrx_word' id='word_1_885' title='bbox 2530 5193 2831 5262; x_wconf 80' lang='lat' dir='ltr'><strong>psallimus.</strong></span> <span class='ocrx_word' id='word_1_886' title='bbox 2883 5193 3174 5248; x_wconf 81' lang='lat' dir='ltr'><strong>Psallimus</strong></span> <span class='ocrx_word' id='word_1_887' title='bbox 3215 5195 3457 5264; x_wconf 82' lang='lat' dir='ltr'><strong>quotidie</strong></span> <span class='ocrx_word' id='word_1_888' title='bbox 3494 5207 3660 5267; x_wconf 73' lang='lat' dir='ltr'><strong>atque</strong></span> 
     </span>
    </p>
   </div>
   <div class='ocr_carea' id='block_1_112' title="bbox 2065 5284 3657 5359">
    <p class='ocr_par' dir='ltr' id='par_1_112' title="bbox 2065 5284 3657 5359">
     <span class='ocr_line' id='line_1_112' title="bbox 2065 5284 3657 5359; baseline 0.004 -21"><span class='ocrx_word' id='word_1_889' title='bbox 2065 5301 2166 5338; x_wconf 88' lang='lat' dir='ltr'><strong>nos</strong></span> <span class='ocrx_word' id='word_1_890' title='bbox 2191 5284 2336 5352; x_wconf 86' lang='lat' dir='ltr'><strong>ipsos</strong></span> <span class='ocrx_word' id='word_1_891' title='bbox 2367 5284 2744 5338; x_wconf 80' lang='lat' dir='ltr'><strong>maledicimus</strong></span> <span class='ocrx_word' id='word_1_892' title='bbox 2776 5294 2832 5339; x_wconf 90' lang='lat' dir='ltr'><strong>et</strong></span> <span class='ocrx_word' id='word_1_893' title='bbox 2870 5301 3238 5352; x_wconf 78' lang='lat' dir='ltr'><strong>exsecramur,</strong></span> <span class='ocrx_word' id='word_1_894' title='bbox 3268 5304 3443 5359; x_wconf 87' lang='lat' dir='ltr'><strong>neque</strong></span> <span class='ocrx_word' id='word_1_895' title='bbox 3466 5290 3518 5342; x_wconf 84' lang='lat' dir='ltr'><strong>id</strong></span> <span class='ocrx_word' id='word_1_896' title='bbox 3554 5290 3657 5344; x_wconf 82' lang='lat' dir='ltr'><strong>ad-</strong></span> 
     </span>
    </p>
   </div>
   <div class='ocr_carea' id='block_1_113' title="bbox 2064 5379 3655 5448">
    <p class='ocr_par' dir='ltr' id='par_1_113' title="bbox 2064 5379 3655 5448">
     <span class='ocr_line' id='line_1_113' title="bbox 2064 5379 3655 5448; baseline 0.003 -16"><span class='ocrx_word' id='word_1_897' title='bbox 2064 5379 2350 5433; x_wconf 83' lang='lat' dir='ltr'><strong>vertimus.</strong></span> <span class='ocrx_word' id='word_1_898' title='bbox 2404 5379 2602 5435; x_wconf 81' lang='lat' dir='ltr'><strong>Auuou</strong></span> <span class='ocrx_word' id='word_1_899' title='bbox 2647 5380 2912 5434; x_wconf 87' lang='lat' dir='ltr'><strong>debemus</strong></span> <span class='ocrx_word' id='word_1_900' title='bbox 2949 5379 3092 5448; x_wconf 86' lang='lat' dir='ltr'><strong>quod</strong></span> <span class='ocrx_word' id='word_1_901' title='bbox 3125 5381 3409 5448; x_wconf 86' lang='lat' dir='ltr'><strong>psallimus</strong></span> <span class='ocrx_word' id='word_1_902' title='bbox 3451 5382 3655 5438; x_wconf 90' lang='lat' dir='ltr'><strong>intelli-</strong></span> 
     </span>
    </p>
   </div>
   <div class='ocr_carea' id='block_1_114' title="bbox 2062 5469 3656 5541">
    <p class='ocr_par' dir='ltr' id='par_1_114' title="bbox 2062 5469 3656 5541">
     <span class='ocr_line' id='line_1_114' title="bbox 2062 5469 3656 5541; baseline 0.003 -16"><span class='ocrx_word' id='word_1_903' title='bbox 2062 5473 2226 5541; x_wconf 78' lang='lat' dir='ltr'><strong>gere?</strong></span> <span class='ocrx_word' id='word_1_904' title='bbox 2265 5469 2324 5526; x_wconf 88' lang='lat' dir='ltr'><strong>Si</strong></span> <span class='ocrx_word' id='word_1_905' title='bbox 2349 5471 2576 5537; x_wconf 79' lang='lat' dir='ltr'><strong>reddidi,</strong></span> <span class='ocrx_word' id='word_1_906' title='bbox 2609 5471 2750 5536; x_wconf 86' lang='lat' dir='ltr'><strong>ait,</strong></span> <span class='ocrx_word' id='word_1_907' title='bbox 2785 5469 3190 5524; x_wconf 81' lang='lat' dir='ltr'><strong>retribuetttibtts</strong></span> <span class='ocrx_word' id='word_1_908' title='bbox 3215 5471 3344 5525; x_wconf 78' lang='lat' dir='ltr'><strong>mihi</strong></span> <span class='ocrx_word' id='word_1_909' title='bbox 3373 5475 3536 5539; x_wconf 84' lang='lat' dir='ltr'><strong>mala,</strong></span> <span class='ocrx_word' id='word_1_910' title='bbox 3563 5474 3656 5529; x_wconf 77' lang='lat' dir='ltr'><strong>de-</strong></span> 
     </span>
    </p>
   </div>
   <div class='ocr_carea' id='block_1_115' title="bbox 2063 5560 3654 5628">
    <p class='ocr_par' dir='ltr' id='par_1_115' title="bbox 2063 5560 3654 5628">
     <span class='ocr_line' id='line_1_115' title="bbox 2063 5560 3654 5628; baseline 0.003 -12"><span class='ocrx_word' id='word_1_911' title='bbox 2063 5563 2242 5616; x_wconf 84' lang='lat' dir='ltr'><strong>cidam</strong></span> <span class='ocrx_word' id='word_1_912' title='bbox 2271 5563 2456 5614; x_wconf 81' lang='lat' dir='ltr'><strong>merito</strong></span> <span class='ocrx_word' id='word_1_913' title='bbox 2485 5565 2552 5614; x_wconf 87' lang='lat' dir='ltr'><strong>ab</strong></span> <span class='ocrx_word' id='word_1_914' title='bbox 2589 5561 2818 5614; x_wconf 78' lang='lat' dir='ltr'><strong>inimicis</strong></span> <span class='ocrx_word' id='word_1_915' title='bbox 2857 5561 2985 5614; x_wconf 80' lang='lat' dir='ltr'><strong>meis</strong></span> <span class='ocrx_word' id='word_1_916' title='bbox 3020 5560 3220 5615; x_wconf 81' lang='lat' dir='ltr'><strong>inanis.</strong></span> <span class='ocrx_word' id='word_1_917' title='bbox 3255 5560 3394 5628; x_wconf 85' lang='lat' dir='ltr'><strong>Quid</strong></span> <span class='ocrx_word' id='word_1_918' title='bbox 3437 5572 3523 5620; x_wconf 89' lang='lat' dir='ltr'><strong>est</strong></span> <span class='ocrx_word' id='word_1_919' title='bbox 3559 5563 3654 5620; x_wconf 75' lang='lat' dir='ltr'><strong>de-</strong></span> 
     </span>
    </p>
   </div>
   <div class='ocr_carea' id='block_1_116' title="bbox 2065 5653 3656 5724">
    <p class='ocr_par' dir='ltr' id='par_1_116' title="bbox 2065 5653 3656 5724">
     <span class='ocr_line' id='line_1_116' title="bbox 2065 5653 3656 5724; baseline 0.004 -16"><span class='ocrx_word' id='word_1_920' title='bbox 2065 5655 2238 5709; x_wconf 86' lang='lat' dir='ltr'><strong>cidant</strong></span> <span class='ocrx_word' id='word_1_921' title='bbox 2257 5656 2283 5710; x_wconf 72' lang='grc' dir='ltr'><strong>Ξ)</strong></span> <span class='ocrx_word' id='word_1_922' title='bbox 2316 5653 2450 5709; x_wconf 90' lang='lat' dir='ltr'><strong>Dum</strong></span> <span class='ocrx_word' id='word_1_923' title='bbox 2493 5653 2695 5724; x_wconf 88' lang='lat' dir='ltr'><strong>aliquis</strong></span> <span class='ocrx_word' id='word_1_924' title='bbox 2725 5661 2852 5718; x_wconf 86' lang='lat' dir='ltr'><strong>stat,</strong></span> <span class='ocrx_word' id='word_1_925' title='bbox 2883 5662 3076 5723; x_wconf 87' lang='lat' dir='ltr'><strong>potens</strong></span> <span class='ocrx_word' id='word_1_926' title='bbox 3096 5661 3179 5711; x_wconf 84' lang='lat' dir='ltr'><strong>cst</strong></span> <span class='ocrx_word' id='word_1_927' title='bbox 3204 5654 3520 5713; x_wconf 79' lang='lat' dir='ltr'><strong>adversario</strong></span> <span class='ocrx_word' id='word_1_928' title='bbox 3548 5671 3656 5716; x_wconf 76' lang='lat' dir='ltr'><strong>suo</strong></span> 
     </span>
    </p>
   </div>
  </div>
