4062 6408
356 324 491 389 ῙἹΜ
1571 333 1631 391 S.
1675 331 1931 391 DORUT

2049 332 2067 389 l
2102 332 2421 393 ABIWl‘lS
3494 332 3633 399 ΠΒ

346 440 665 501 roductare,
698 437 857 492 caedit
896 447 947 493 et
978 439 1225 504 auditur,
1258 439 1422 495 \ineit
1454 452 1504 495 et
1545 443 1803 505 vincitur,
1837 441 1931 497 ad-

2038 443 2166 509 τῶν,
2220 447 2295 517 μὴ
2333 446 2494 517 μόνον
2532 448 2719 499 πετεῖν
2751 446 2859 501 ἀπὸ
2884 444 2993 499 τῶν
3036 445 3246 519 ἐχθρῶν
3286 442 3446 518 ἡμῶν
3474 466 3488 481 °
3515 447 3650 511 ἀλλῖ,

343 532 451 588 huc
484 539 609 586 Stat.
653 529 807 597 Quod
854 532 897 586 si
934 536 1126 587 cadere
1185 548 1309 586 eum
1360 534 1641 603 contingat
1694 546 1746 590 et
1792 536 1920 602 labi,

2033 536 2119 589 ἶνα
2152 540 2243 591 καὶ
2271 540 2413 591 κειοὶ
2438 536 2713 609 πέςωμεν.

342 626 619 696 quomodo
647 627 699 679 in
732 636 872 680 terra
902 627 1093 697 jaeons
1131 630 1329 697 poterit
1381 646 1505 684 cum
1564 632 1878 686 adversario
1919 647 2021 686 suo
2061 649 2295 703 pugnam
2332 635 2503 690 inire?
2537 635 2771 691 Oremus
2816 634 3007 690 sedulo
3050 650 3156 688 non
3190 634 3365 690 solum
3415 642 3481 693 ut
3523 648 3634 689 non

336 718 624 783 eadamns,
659 718 751 773 sed
784 734 851 773 ne
873 719 1029 774 vacui
1054 720 1317 776 cadamus
1356 732 1409 777 et
1453 723 1666 778 inanes.

410 808 503 864 ιν.
539 810 679 877 Quid
717 813 786 867 sit
817 828 945 868 vero
976 813 1174 868 cadere
1204 814 1441 885 aliquem
1478 815 1695 870 inanem
1728 815 1796 871 ab
1822 816 1931 870 ini-

2111 820 2186 871 A'.
2220 817 2284 871 Τί
2314 816 2373 871 δέ
2404 817 2521 869 ἐστι
2551 815 2609 868 τὸ
2636 817 2822 868 πεσεῖν
2837 832 2959 869 τινα
2989 812 3144 868 κενὸν
3160 809 3269 865 ἀπὺ
3290 809 3397 864 τῶν
3421 807 3633 881 ἐχθρῶν

342 900 502 956 micis
521 902 657 966 suis,
707 901 972 957 dicemus.
1006 900 1235 967 Cadere,
1280 914 1365 960 est
1397 921 1505 959 non
1537 906 1740 962 habere
1780 915 1931 976 pote-

2037 908 2219 974 αὐτ-εὗ,
2252 909 2519 980 εἴπωμεν.
2552 909 2625 962 Τὸ
2653 910 2843 960 πεσεῖν
2875 909 2990 959 ἐστι
3012 949 3026 971 ,
3062 904 3261 976 μηκέτι
3292 901 3436 972 ἔχειν
3469 900 3634 954 δύνα-

344 1002 538 1048 statem
575 992 853 1063 surgendi,
885 993 977 1048 sed
999 993 1186 1064 jacere
1206 995 1276 1049 ’in
1302 1004 1466 1052 terra.
1494 997 1715 1053 lnanem
1748 1007 1932 1053 autem

343 1101 486 1150 esse,
521 1092 623 1150 est,
667 1100 842 1155 neque
886 1086 1058 1141 ullum
1104 1086 1306 1143 bonum
1357 1090 1411 1144 in
1459 1105 1518 1145 se
1563 1091 1784 1157 habere,
1824 1107 1934 1162 quo

317 1175 469 1263 ’quis
494 1175 670 1229 valeat
695 1176 910 1230 tandem
930 1176 1061 1248 erigi
1080 1184 1134 1231 et
1158 1192 1469 1250 assurgere.
1494 1178 1599 1247 Qui
1624 1182 1770 1237 enim
1804 1192 1931 1248 stat,

332 1271 517 1326 denuo
546 1270 768 1325 reficere
799 1285 923 1326 sese
956 1277 1218 1341 powstet
1253 1288 1469 1341 curare,
1513 1282 1565 1329 et
1602 1277 1683 1331 sic
1713 1291 1933 1330 rursum

344 1362 411 1416 ad
459 1377 818 1457 congressum
860 1364 1067 1420 venire.
1096 1365 1271 1457 pnde
1300 1368 1683 1439 subjungimus
1710 1368 1934 1423 ευσεβ-

342 1464 537 1526 quatur
557 1455 816 1509 inimicus
872 1455 1331 1524 αηὶιιιαηιηιιαηι,
1378 1469 1427 1513 et
1470 1462 1877 1530 comprehendat
1912 1478 1931 1516 :

343 1559 454 1599 non
476 1544 666 1599 solum
686 1557 1101 1614 _perscquatur.
1131 1548 1226 1602 sed
1253 1548 1416 1603 etiam
1454 1551 1884 1621 comprehendat
1916 1572 1929 1608 :

346 1642 405 1687 nt
446 1633 522 1686 illi
554 1634 729 1688 simus
760 1634 813 1687 in
870 1644 1186 1706 perpetuam
1228 1638 1571 1706 servitutem,
1616 1653 1674 1696 ut
1704 1645 1934 1700 omnino

341 1725 472 1779 victi
513 1725 795 1789 cedamus,
834 1726 967 1780 utin
1005 1742 1336 1798 unaquaque
1380 1744 1439 1784 re
1476 1746 1578 1785 nos
1610 1733 1936 1787 demoliatur

343 1826 397 1873 et
414 1820 679 1883 destruat,
697 1819 742 1873 si
773 1818 1109 1874 reddidimus
1144 1820 1571 1878 retribuentibus
1593 1823 1750 1878 nobis
1770 1826 1932 1880 mala.

342 1908 530 1979 Neque
567 1908 673 1965 hoc
702 1910 878 1966 solum
917 1912 1173 1981 petimus,
1219 1911 1314 1967 sed
1363 1912 1526 1967 etiam
1578 1924 1633 1968 ut
1667 1918 1935 1971 conculcet

343 2002 399 2053 in
431 2008 570 2054 terra
604 2000 767 2054 vitam
803 2012 1065 2056 nostram.
1115 2000 1254 2069 Quid
1292 2014 1374 2058 est
1406 2005 1514 2059 vita
1542 2007 1767 2061 nostra?
1812 2006 1934 2061 Vir-

2038 1014 2133 1068 μιν
2179 999 2505 1069 ἀναστῆναι,
2560 982 2712 1071 παρα
2764 995 3220 1067 χαμαὶ,κεῖσθαι.
3265 991 3340 1046 Τὸ
3370 991 3428 1045 δὲ
3477 991 3638 1045 κενόν

2036 1096 2177 1153 ἐστι,
2212 1090 2275 1144 τὸ
2309 1090 2578 1161 μηδέποτε
2628 1088 2853 1157 ἀγαθὸν,
2888 1087 2975 1140 ἵνα
3014 1086 3152 1149 τέως
3186 1084 3291 1139 κᾶν
3333 1079 3638 1152 ἀναστῆναι

2034 1200 2121 1247 τις
2147 1181 2372 1253 δυνηθῇ.
2418 1182 2478 1233 ὐ
2510 1180 2620 1251 γὰρ
2659 1179 3019 1249 ἀνιστάμενος
3046 1173 3269 1229 δύναται
3316 1171 3480 1226 πάλιν
3515 1171 3641 1223 ἑπι-

2040 1270 2382 1341 μελήσασθαι
2424 1267 2639 1332 ἑαυτὸν,
2700 1266 2795 1319 καὶ
2829 1266 2919 1318 ὅτε
2967 1264 3167 1335 δήποτε
3208 1260 3373 1315 πάλιν
3416 1260 3641 1330 ἔρχεται

2036 1362 2118 1424 ei;
2173 1360 2470 1432 συμϐολήν.
2512 1355 2646 1413 Εἶτα
2699 1358 2968 1428 λέγομενο
3027 1353 3399 1419 Καταδιώξαι
3440 1350 3557 1419 ἄρα
3605 1352 3642 1404 ὀ

2036 1451 2252 1521 ἐχθρὸς
2279 1453 2395 1521 τὴν
2426 1450 2640 1522 ψυχήν
2661 1469 2780 1521 μου
2813 1449 2910 1503 καί
2944 1447 3270 1502 καταλάϐοι
3304 1460 3319 1475 ’
3359 1443 3436 1516 μὴ
3469 1443 3635 1514 μόνον

2037 1546 2391 1614 καταδιώξαι,
2422 1546 2560 1599 ἀλλὰ
2590 1544 2683 1598 καὶ
2719 1541 3016 1596 καταλάϐοι
3043 1580 3057 1600 .
3091 1540 3181 1594 ἴνα
3224 1538 3389 1610 ἐσμὲν
3415 1534 3634 1607 ὑποχεί-

2040 1658 2144 1713 ριοι
2177 1640 2365 1703 αὐτοῦ,
2389 1639 2479 1693 ἵνα
2499 1638 2577 1702 εἰς
2602 1638 2775 1692 πάντα
2799 1634 3089 1706 ἡττώμεθα
3118 1636 3176 1688 ὲν
3205 1632 3422 1702 ἑκάστῳ
3447 1630 3636 1702 πράγ-

2039 1748 2173 1802 ματι
2199 1744 2213 1758 ⁸
2246 1731 2339 1784 καὶ
2369 1727 2687 1798 καταϐάλλῃ
2717 1728 2865 1797 ἡμᾶς
2890 1766 2905 1789 ,
2933 1726 2981 1778 εἰ
3021 1723 3492 1791 ἀνταποδώσωμεν
3517 1720 3636 1781 τοῖς

2038 1821 2485 1877 ἀνταποδιδοῦσιν
2515 1822 2648 1891 ἡμῖν
2684 1819 2848 1872 κακά.
2873 1816 2985 1869 Καὶ
3014 1816 3076 1869 οὐ
3103 1816 3262 1887 μόνον
3287 1813 3448 1868 τοῦτο
3475 1811 3642 1883 εὐχό-

2040 1914 2181 1984 μεθα
2205 1958 2216 1979 ,
2249 1912 2387 1966 ἀλλὰ
2426 1913 2519 1965 καὶ
2564 1908 2988 1975 καταπατῆσαι
3030 1910 3117 1973 είς
3163 1905 3283 1976 γῆν
3322 1903 3440 1973 τὴν
3480 1902 3645 1972 ζωὴν

2038 2004 2227 2074 ἡμῶν.
2261 2005 2327 2057 Τί
2376 2006 2525 2056 ἐστιν
2548 2006 2583 2073 ἢ
2631 2004 2743 2072 ζωὴ
2799 2004 2830 2071 ἡ
2843 2001 2958 2070 μῶν
2986 2017 2999 2065 ;
3032 2000 3098 2052 Ἢ
3130 1998 3244 2069 ζωὴ
3271 1996 3428 2068 ὴμῶν
3455 1997 3626 2060 ἐστιν,

344 2100 491 2148 tutes
539 2103 670 2148 sunt
716 2094 824 2148 vita
867 2101 1076 2160 nostra,
1116 2095 1319 2165 quibus
1360 2097 1545 2153 anima
1599 2110 1744 2153 recte
1780 2100 1930 2155 vivit.

2036 2098 2093 2150 αἱ
2125 2097 2320 2167 ἀρεταὶ
2344 2137 2357 2159 ,
2387 2097 2482 2150 καὶ
2511 2093 2787 2165 εὐχόμεθα
2819 2090 3279 2161 καταπατηθῆναι
3311 2090 3391 2151 είς
3410 2087 3514 2157 γῆν
3535 2085 3640 2157 τὴν

344 2181 582 2239 Oramus
620 2184 788 2254 igitur
834 2186 1146 2241 conculcari
1177 2187 1231 2241 in
1274 2198 1417 2243 terra
1468 2191 1631 2245 vitam
1666 2204 1932 2260 nostram,

344 2278 399 2331 id
430 2286 533 2341 est,
572 2287 629 2331 ut
653 2276 899 2347 quis'fiat
927 2287 1072 2333 totus
1113 2287 1383 2347 terrenus,
1417 2292 1582 2353 atque
1611 2286 1791 2340 omnis
1816 2287 1936 2358 ejus

343 2367 634 2437 prudentia
665 2367 1010 2437 deprimatur
1058 2368 1111 2422 in
1144 2368 1264 2424 haec
1296 2368 1482 2424 inﬁma
1515 2378 1568 2426 et
1595 2380 1827 2429 terrena.
1866 2375 1935 2429 Et

342 2459 569 2528 gloriam
599 2474 770 2514 meum
805 2460 858 2513 in
889 2460 1150 2528 pulverem
1191 2460 1439 2517 deducat.
1492 2462 1636 2529 Quid
1671 2477 1755 2520 est
1785 2466 1933 2522 aliud

343 2549 515 2620 gloria
540 2559 746 2615 nostra,
776 2550 881 2605 nisi
916 2551 1160 2622 cognitio
1196 2552 1248 2605 in
1275 2553 1457 2607 anima
1493 2552 1634 2609 facta
1660 2571 1762 2625 per
1793 2572 1934 2625 prte-

342 2651 625 2712 ceptorum
662 2640 1242 2698 observantiam‘Hioc
1277 2643 1442 2713 igitur
1475 2645 1709 2702 dicimus
1741 2656 1800 2702 ut
1823 2648 1935 2719 glo—

342 2735 675 2800 ria_nostra,
722 2734 1182 2805 quemadmodum
1219 2736 1296 2791 ait
1340 2736 1637 2807 Apostolus
1667 2747 1719 2805 η.
1761 2741 1833 2795 sit
1879 2743 1935 2796 in

340 2826 687 2895 confusione;
730 2837 788 2881 ut
814 2826 867 2880 in
903 2826 1180 2898 pulverem
1230 2828 1441 2901 redigat
1470 2844 1613 2899 eam,
1658 2830 1935 2905 faciatque

339 2920 505 2974 vitam
543 2929 783 2974 nostram
826 2927 879 2974 et
928 2920 1153 2989 gloriam
1185 2921 1501 2979 omnimodo
1542 2931 1839 2993 terrenam,
1876 2936 1935 2983 ut

340 3013 474 3067 nihil
505 3012 783 3082 sapiamus
820 3012 1120 3067 secundum
1165 3011 1356 3082 Deum,
1399 3016 1493 3071 sed
1526 3019 1709 3074 omnia
1737 3035 1935 3092 corpo-

339 3103 494 3167 ralia,
548 3101 732 3155 omnia
775 3102 1048 3166 earnalia;
1093 3112 1151 3157 ut
1195 3102 1272 3157 illi
1321 3104 1387 3159 de
1423 3107 1625 3176 quibus
1664 3107 1933 3169 Dominus

337 3194 415 3249 ait
447 3211 459 3248 :
495 3190 617 3247 Non
639 3193 963 3262 permanebit
987 3194 1212 3264 spiritus
1239 3212 1383 3251 meus
1417 3198 1471 3252 in
1502 3198 1804 3257 hominibus
1825 3202 1929 3273 his,

337 3286 466 3356 quia
496 3301 620 3339 caro
646 3295 774 3339 sunt
803 3293 850 3338 ο.
881 3285 957 3339 Eu
988 3285 1153 3356 igitur
1182 3288 1329 3357 quod
1364 3297 1625 3346 canentes
1659 3292 1775 3346 haec
1811 3308 1932 3348 om-

338 3379 453 3442 nia,
489 3377 646 3432 nobis
685 3376 817 3446 ipsis
847 3376 1237 3447 imprecamur,
1267 3381 1314 3434 si
1349 3381 1551 3436 malum
1573 3384 1930 3444 retribuimus

340 3470 506 3526 malo.
559 3468 710 3523 Adde
749 3469 898 3538 quod
929 3470 1085 3539 pejus
1109 3480 1192 3524 est
1223 3488 1238 3525 :
1266 3472 1412 3526 nulla
1452 3474 1613 3535 nobis
1652 3490 1784 3532 cura
1822 3487 1926 3547 est,

338 3562 484 3635 quod
520 3561 661 3616 mala
690 3577 789 3631 pro
825 3561 982 3616 malis
1028 3561 1403 3631 retribuinius,
1441 3565 1534 3621 sed
1578 3568 1763 3624 omnia
1799 3586 1928 3641 pro-

337 3654 549 3711 miscue
578 3654 813 3724 agimus,
839 3654 1083 3724 nihilque
1114 3652 1503 3713 discernimus.

414 3745 475 3802 V.
504 3746 786 3815 Contingit
816 3756 997 3799 autem
1035 3746 1308 3802 interdum
1348 3756 1407 3803 ut
1440 3749 1567 3821 quis
1592 3748 1800 3808 malum
1828 3769 1929 3824 pro

336 3841 482 3897 malo
505 3839 715 3906 reddat,
739 3854 846 3893 non
882 3838 1059 3895 solum
1089 3855 1271 3909 opere,
1302 3842 1394 3897 sed
1436 3844 1603 3900 verbo
1631 3853 1684 3900 et
1715 3846 1928 3902 habitu.

337 3934 495 3989 Alius
525 3948 655 3988 vero
711 3947 820 3986 non
856 3947 1043 4003 opere,
1086 3932 1181 4005 sed
1215 3932 1297 3988 vel
1336 3934 1522 4006 lingua
1564 3938 1651 3992 vel
1693 3937 1925 3996 habitu:

337 4042 462 4081 cum
503 4025 713 4082 scilicet
748 4025 803 4079 in
844 4024 1033 4079 habitu
1063 4024 1146 4080 vel
1189 4033 1341 4081 motu
1383 4027 1568 4098 aliquo
1594 4029 1678 4085 vel
1704 4039 1928 4101 aspectu

335 4118 563 4175 fratrem
594 4134 754 4174 suum
786 4118 1113 4173 conturbat:
1143 4126 1240 4174 hoc
1270 4116 1417 4175 enim
1438 4122 1604 4178 modo
1621 4123 1747 4194 quis
1769 4123 1930 4180 facile

336 4211 562 4267 fratrem
619 4225 781 4267 suum
839 4210 1163 4278 conturbat;
1222 4220 1388 4283 atque
1426 4213 1533 4269 hoc
1574 4215 1794 4286 quidem
1847 4225 1932 4274 est

336 4303 542 4357 malum
576 4315 679 4372 pro
713 4300 855 4357 malo
889 4300 1134 4357 reddere.
1165 4303 1319 4359 Alius
1348 4320 1567 4377 quoque
1601 4322 1710 4362 non
1736 4310 1928 4376 verbo,

336 4412 448 4451 non
488 4409 672 4465 opere,
720 4408 829 4448 non
879 4394 1064 4449 habitu
1093 4436 1108 4462 ,
1159 4398 1340 4453 studet
1387 4400 1591 4454 malum
1620 4415 1739 4472 \pro
1783 4401 1929 4457 malo

335 4488 561 4544 reddere
589 4504 603 4553 ;
640 4484 896 4556 afﬂigitur
923 4497 1104 4541 autem
1133 4487 1186 4543 in
1212 4490 1371 4546 corde
1398 4500 1454 4546 et
1474 4493 1775 4548 conteritur
1798 4509 1930 4565 erga

336 4579 585 4634 fratrem.
618 4580 898 4634 Advertite
917 4579 1189 4648 animum,
1216 4581 1412 4639 fratres
1448 4598 1720 4655 Quantum
1754 4586 1810 4641 hi
1843 4589 1929 4642 in-

340 4656 433 4727 tei:
450 4688 512 4728 se
541 4671 797 4728 differant
822 4684 1019 4729 status.
1049 4676 1204 4731 Alius
1236 4677 1442 4731 nullam
1473 4679 1634 4733 habet
1667 4695 1793 4751 erga
1824 4680 1930 4736 fra-

2040 2189 2187 2261 ζωὴν
2235 2189 2416 2260 ἡμῶν,
2475 2189 2563 2241 ἵνα
2610 2186 2836 2256 γένηταέ
2874 2202 2957 2248 τις
3001 2184 3138 2246 ὅλως
3171 2184 3379 2253 γήῖνος,
3412 2181 3533 2234 ὅλον
3574 2178 3641 2233 τδ

2040 2284 2295 2355 φρόνημα
2340 2280 2505 2334 αὐτοῦ
2548 2280 2687 2351 ἔχων
2733 2279 2885 2332 κάτω
2936 2278 3016 2338 εἰς
3054 2273 3155 2344 τὴν
3192 2273 3319 2343 γῆν.
3365 2271 3475 2327 Καὶ
3517 2269 3641 2338 τὴν

2036 2375 2227 2439 δόξαν
2239 2389 2360 2443 μου
2392 2374 2480 2439 εὶς
2512 2370 2667 2440 χοῦν
2699 2364 3181 2434 κατασκηνώσει.
3215 2364 3282 2416 Τί
3315 2363 3371 2416 δέ
3415 2365 3567 2416 ἐστιν
3596 2365 3632 2431 ἡ

2036 2463 2163 2529 δόξα
2184 2463 2361 2535 ἡμῶν,
2409 2465 2457 2516 εί
2490 2463 2568 2535 μὴ
2604 2462 2639 2532 ἡ
2665 2459 2866 2530 γνῶσις
2897 2461 2930 2530 ἡ
2982 2457 3068 2510 διὰ
3094 2457 3195 2527 τῆς
3224 2454 3473 2525 φυλακῆς
3516 2452 3634 2506 τῶν

2040 2558 2208 2627 ἁγίων
2236 2554 2467 2609 ἐντολῶν
2508 2554 2835 2624 ἐγγινομένη
2866 2555 2932 2623 τῇ
2973 2550 3117 2621 ψυχῇ
3147 2567 3163 2617 ;
3199 2548 3373 2601 Τοῦτο
3415 2543 3509 2601 οὖν
3543 2545 3639 2599 λέ-

2036 2665 2228 2717 γομεν,
2246 2646 2334 2703 ἶνα
2355 2644 2554 2717 ποιήσῃ
2585 2644 2701 2711 τὴν
2721 2643 2911 2708 δόξαν
2928 2638 3118 2711 ἡμῶν,
3143 2640 3218 2701 ὡς
3237 2639 3386 2707 λέγει
3405 2638 3435 2690 ὁ
3469 2638 3636 2691 Ἀπό-

2038 2740 2246 2808 στολος,
2270 2739 2342 2794 ἐν
2380 2739 2455 2808 τῇ
2487 2738 2751 2806 αἰσχύνη
2783 2736 2974 2806 ἡμῶν,
3007 2734 3095 2787 ίνα
3129 2733 3210 2797 εἰς
3242 2730 3334 2784 τὸν
3364 2730 3495 2802 χοῦν
3530 2747 3630 2784 κα-

2036 2832 2367 2907 τασκηνώσει
2413 2833 2585 2905 αὐτὴν
2612 2872 2626 2893 ,
2658 2830 2755 2884 καὶ
2796 2829 2998 2900 ποιήσῃ
3028 2828 3126 2899 τὴν
3168 2824 3314 2892 ζωὴν
3341 2823 3502 2895 ὴμῶν
3534 2824 3637 2877 καὶ

2035 2928 2135 3001 τὴν
2158 2927 2317 2991 δόξαν
2351 2925 2508 2997 ἡμῶν
2548 2923 2743 2996 γηῖνην
2768 2938 2783 2954 ·
2815 2921 2901 2975 ἵνα
2942 2919 3106 2991 μηδὲν
3151 2917 3439 2990 φρονῶμεν
3491 2916 3637 2969 κατὰ

2035 3021 2189 3089 Θεὸν,
2218 3019 2357 3074 ἀλλὰ
2390 3017 2570 3072 πάντα
2602 3015 2913 3086 σωματικὰ,
2939 3013 3118 3066 πάντα
3149 3010 3410 3082 σαρκικὰ,
3441 3007 3635 3078 ὥσπερ

2035 3114 2236 3167 ἐκεῖνοι
2267 3111 2398 3184 περὶ
2421 3104 2496 3164 ὧν
2525 3108 2710 3173 ἔλεγεν
2740 3110 2768 3161 ὁ
2793 3106 2924 3170 Θεὸς
2949 3122 2964 3136 ο
2999 3106 3082 3158 οὐ
3103 3101 3187 3172 μὴ
3212 3103 3539 3171 καταμείνῃ
3561 3100 3633 3153 τὸ

2034 3205 2277 3277 πνεῦμά
2314 3223 2436 3276 μου
2485 3203 2556 3257 ἐν
2604 3202 2731 3269 τοῖς
2774 3196 3106 3269 ἀνθρώποις
3150 3198 3386 3261 τούτοις
3420 3194 3519 3249 διὰ
3562 3193 3631 3247 τὸ

2033 3298 2190 3356 εἶναι
2230 3298 2455 3365 αὐτοὺς
2499 3296 2755 3367 σάρκας.
2797 3294 2931 3348 Ἰδοὺ
2972 3293 3067 3346 ὅλα
3109 3288 3283 3345 ταῦτα
3312 3289 3630 3359 ψάλλοντες,

2036 3394 2267 3459 ἑαυτοὺς
2316 3391 2710 3464 καταρώμεθα,
2755 3390 2851 3442 ἐὰν
2898 3387 3240 3456 ἀποδίδωμεν
3284 3384 3455 3438 κακὸν
3507 3383 3631 3436 ἀντὶ

2036 3483 2233 3551 κακοῦ,
2268 3483 2365 3539 καὶ
2399 3484 2538 3536 πόσα
2579 3479 2940 3550 ἀποδιδοῦμεν
2963 3477 3108 3531 κακὲ
3132 3477 3254 3531 ἀντὶ
3284 3474 3492 3541 κακῶν,
3532 3473 3628 3528 καὶ

2033 3577 2094 3631 οὐ
2123 3576 2275 3648 μέλει
2297 3576 2447 3647 ἡμῖν,
2470 3572 2605 3628 ἀλλὰ
2630 3570 3052 3644 ἁδιαφοροῢμεν.

2106 3756 2181 3809 E'.
2216 3754 2373 3808 Ἔστι
2394 3752 2451 3806 δὲ
2485 3752 2779 3807 ἀποδοῦναι
2808 3750 2977 3805 κακὸν
3007 3749 3127 3803 ἀντὶ
3148 3747 3345 3811 κακοῦ,
3372 3747 3434 3802 οὐ
3464 3748 3626 3818 μόνον

2033 3848 2092 3900 ὲν
2125 3844 2292 3918 ἔργῳ,
2322 3842 2456 3898 ἀλλὰ
2485 3843 2580 3896 καὶ
2611 3841 2754 3913 λόγῳ
2796 3840 2891 3894 καὶ
2927 3841 3187 3911 σχήματι.
3214 3839 3326 3893 Καὶ
3355 3837 3504 3891 δοκεῖ
3542 3855 3629 3901 τις

2034 3940 2181 4012 ἔργῳ
2213 3939 2333 4011 μὲν,
2363 3937 2438 4011 μὴ
2476 3936 2766 3991 ἀποδοῦναι
2794 3935 2984 4002 κακὸν,
3014 3935 3327 4006 εὑρίσκεται
3359 3933 3418 3987 δὲ
3459 3932 3626 4004 λόγῳ,

2032 4034 2109 4100 ὡς
2159 4029 2397 4105 sinon?)
2434 4031 2529 4085 καὶ
2579 4030 2819 4102 σχήματι
2863 4029 3172 4091 ἀποδιδούς.
3205 4027 3365 4081 Ἐστι
3398 4028 3508 4098 γὰρ
3531 4029 3624 4082 ὅτε

2034 4130 2182 4182 ποιεῖ
2200 4145 2284 4191 τις
2308 4126 2365 4180 ἓν
2393 4126 2600 4197 σχῆμα,
2626 4123 2659 4194 ἢ
2684 4123 2914 4193 κίνημα,
2939 4120 3223 4192 ἣβλέμμα,
3240 4121 3335 4175 καὶ
3360 4120 3626 4191 ταράσσει

2034 4218 2125 4273 τὸν
2158 4217 2385 4288 ἀδελφὸν
2435 4215 2619 4270 αὑτοῦ.
2654 4214 2890 4267 Δύναται
2924 4215 3031 4286 γάρ
3076 4230 3160 4276 τις
3201 4213 3294 4265 καὶ
3341 4211 3429 4265 διὰ
3471 4210 3629 4281 βλέμ-

2037 4328 2205 4382 ματος
2244 4308 2626 4380 ἢκινήματος,
2672 4304 2869 4377 πλῆξαι
2908 4306 3000 4358 τὸν
3029 4303 3259 4372 ἀδελφὸν
3293 4302 3460 4358 αὑτοῦ
3481 4318 3495 4334 ’
3533 4303 3627 4357 καὶ

2035 4403 2271 4458 ἐστικαὶ
2297 4403 2456 4457 τοῦτο
2479 4399 2773 4455 ἀποδοῦναι
2815 4399 2986 4453 κακὸν
3029 4398 3153 4453 ἀντὶ
3196 4396 3392 4452 κακοῦ.
3430 4397 3624 4461 Ἀλλος

2037 4494 2327 4560 σπουδάζει
2383 4495 2518 4566 μήτε
2559 4492 2726 4564 ἔργῳ,
2775 4495 2912 4562 μήτε
2951 4491 3116 4561 λόγῳ,
3161 4480 3301 4561 μήτε
3343 4490 3624 4560 σχήματι,

2035 4590 2068 4661 ἢ
2098 4590 2359 4660 κινήματι
2381 4585 2674 4641 ἀποδοῦναι
2712 4584 2885 4637 κακὸν
2912 4582 3031 4637 ἀντὶ
3060 4581 3232 4636 κακοῦ
3266 4597 3281 4611 ⁶
3312 4582 3427 4651 ἔχει
3451 4581 3508 4635 δὲ
3540 4581 3627 4634 λυο

2037 4700 2145 4752 πην
2176 4683 2232 4734 ὲν
2260 4682 2326 4752 τῇ
2351 4677 2551 4751 καρδία
2580 4676 2744 4731 αὑτοῦ
2771 4676 2908 4746 πρὸς
2930 4674 3021 4728 τὸν
3049 4673 3280 4745 ἀδελφὺν
3307 4673 3498 4740 αὐτοῦ,
3531 4673 3625 4727 καὶ

341 4776 482 4821 trem
525 4780 685 4820 suum
723 4766 999 4820 tristitiam
1038 4785 1050 4821 :
1088 4782 1212 4822 cum
1236 4785 1367 4825 vero
1396 4771 1667 4827 audiverit
1691 4773 1835 4844 quod
1862 4775 1930 4828 il-

2037 4772 2281 4826 θλίϐεται
2317 4769 2440 4824 κατ’
2471 4767 2656 4841 αὑτοῦ.
2683 4767 2920 4819 Βλέπετε
2949 4766 3123 4837 πόσην
3155 4765 3422 4836 διαφορὰν
3448 4782 3621 4820 κατα-

337 4860 453 4915 lum
488 4860 615 4929 quis
664 4858 936 4921 aillixerit,
964 4859 1053 4914 vei
1084 4861 1590 4919 obmurmuraverit
1625 4866 1693 4922 de
1724 4883 1812 4932 eo,
1846 4869 1930 4924 vel

338 4952 538 5021 injuria
567 4960 622 5006 et
654 4951 986 5007 contumelia
1031 4952 1291 5021 aﬂ‘ecerit,
1331 4954 1630 5012 delectatur
1663 4961 1925 5018 audiens:

337 5055 504 5117 atque
533 5046 621 5099 hic
658 5044 863 5115 pariter
890 5044 1067 5099 reddit
1099 5047 1303 5102 malum
1359 5064 1459 5118 pro
1497 5052 1638 5106 malo
1670 5054 1724 5106 in
1764 5054 1931 5109 corde

339 5152 465 5191 suo.
487 5137 641 5191 Alius
668 5152 843 5205 neque
869 5136 1055 5189 odium
1082 5137 1134 5189 in
1165 5139 1330 5193 corde
1359 5140 1575 5206 retinet,
1608 5159 1783 5213 neque
1804 5161 1932 5214 gau-

339 5229 456 5295 det,
479 5230 610 5284 dum
657 5230 807 5282 audit
860 5229 1110 5283 all‘rctum
1158 5233 1485 5285 contumelia
1539 5252 1663 5288 eum
1720 5239 1812 5305 qui
1868 5253 1927 5291 se

336 5322 532 5368 contra
561 5313 848 5385 aillixerit;
882 5312 1131 5380 quiuimo
1161 5316 1302 5367 dolet
1337 5315 1487 5369 illiilli
1523 5320 1662 5373 male
1700 5321 1924 5385 habere,

337 5421 450 5459 non
488 5384 667 5460 tamen
724 5407 954 5461 libenter
999 5405 1152 5459 audit
1183 5406 1362 5475 ipsum
1404 5410 1541 5464 bene
1576 5412 1797 5477 habere,
1830 5430 1928 5468 ne-

336 5512 443 5564 que
473 5494 767 5550 admodum
803 5496 1002 5566 gaudet
1033 5496 1084 5547 in
1111 5497 1282 5565 gloria
1316 5498 1436 5568 ejus
1476 5508 1529 5553 et
1557 5502 1738 5570 quiete
1771 5522 1781 5556 :
1813 5506 1929 5560 haec

336 5604 562 5659 quoque
591 5587 801 5659 species
827 5597 911 5643 est
943 5588 1327 5657 μνησικακίας,
1362 5591 1531 5646 levior
1557 5601 1737 5650 tamen
1772 5605 1927 5651 caete-
1946 5664 1959 5678 ⁸

395 5760 696 5834 1ii’ltilipp.
731 5761 932 5830 21519.
1042 5772 1065 5798 ο
1099 5764 1153 5817 (ἰσ
1179 5782 1230 5819 ιι.
1266 5784 1337 5831 vt,
1371 5767 1405 5821 5

2037 4864 2301 4926 στάσεως.
2347 4860 2541 4923 "tam;
2563 4857 2685 4912 οὔτε
2708 4857 2887 4929 λύπην
2908 4857 3033 4911 τινὰ
3064 4857 3177 4928 ἔχει
3204 4857 3341 4928 πρὸς
3360 4856 3453 4911 τὸν
3477 4858 3625 4911 ἁδελ-

2036 4952 2135 5021 φὸν
2175 4950 2343 5013 αὑτοῦ
2381 4967 2394 4980 ·
2422 4949 2517 5003 ἐὰν
2538 4949 2601 5003 δὲ
2633 4946 2845 5022 ἀκούσῃ
2877 4947 2960 5001 ὅτι
2986 4964 3071 5011 τις
3102 4946 3320 5017 ἔθλιψεν
3345 4947 3509 5001 αὐτὸν
3534 4954 3554 5012 ζ
3589 4948 3622 5018 ἡ

2034 5064 2119 5110 τις
2144 5043 2406 5116 δήποτε
2440 5043 2705 5111 ὲγόγγυσε
2741 5041 2865 5094 κατ’
2898 5039 3085 5107 αὐτοῦ,
3108 5041 3141 5113 ἢ
3165 5041 3510 5115 ἐλοιδόρησεν
3528 5042 3623 5095 αὖ·

2035 5143 2146 5201 τὸν.
2183 5142 2269 5193 ἀεὶ
2294 5139 2556 5210 τέρπεται
2594 5136 2831 5201 ἁκούων,
2856 5138 2949 5191 καὶ
2977 5137 3293 5208 εὑρίσκεται
3332 5137 3427 5191 καὶ
3449 5136 3623 5200 οὕτως

2036 5232 2329 5286 ἀποδίδωσι
2379 5231 2549 5284 κακὸν
2591 5231 2715 5283 ἀντὶ
2757 5228 2931 5283 κακοῦ
2982 5231 3040 5281 ὲν
3073 5232 3139 5301 τῇ
3185 5228 3387 5301 καρδίᾳ
3434 5227 3620 5283 αὑτοῦ.

2041 5326 2236 5388 ’Ἄλλος
2265 5325 2389 5378 οὔτε
2428 5325 2629 5379 κακίαν
2660 5326 2871 5395 κρατεῖ,
2895 5322 3018 5377 οὔτε
3046 5322 3225 5395 χαίρει
3255 5322 3471 5376 ἀκούων
3511 5321 3621 5375 λοισ

2034 5416 2221 5487 δορὶαν
2254 5418 2406 5489 κατέι
2425 5416 2517 5469 τοῦ
2549 5416 2838 5485 θλὶψαντος
2862 5417 3048 5481 αὐτὸν,
3081 5415 3216 5469 ἀλλὰ
3255 5416 3349 5468 καὶ
3376 5413 3622 5468 θλίϐεται

2034 5509 2132 5584 ὲᾲν
2161 5508 2340 5580 θλιόῇ,
2367 5509 2464 5580 οὐχ
2502 5509 2671 5578 ἡδέως
2709 5510 2766 5562 δὲ
2809 5509 2921 5580 ἔχει
2948 5510 3036 5562 ἵνα
3072 5510 3166 5562 καὶ
3212 5506 3393 5570 καλῶς
3423 5506 3571 5578 πάθῃ
3604 5521 3619 5536 ·

2034 5588 2152 5676 ἀλλ’
2199 5599 2293 5652 ἐὰν
2342 5599 2426 5670 ἴδῃ
2472 5599 2634 5653 αὐτὸν
2683 5598 3038 5671 δοξαζόμενον
3092 5599 3125 5672 ἢ
3179 5598 3618 5671 ἀναπαυόμενον,
