4062 6412
1405 262 1470 296 τ’
1491 267 1562 294 ‘2.“

365 365 533 455 ‘rna

1742 395 2128 457 DOCTRINA
2178 398 2350 458 VIII;
2381 461 2384 464 ,

3547 402 3682 472 1⁷114

389 504 632 561 θλίϐεται
653 519 670 538 ο
699 522 794 560 και
814 504 932 562 ἔστι
954 507 1050 562 καὶ
1070 506 1232 563 τοῦτο
1263 504 1403 574 εἶδος
1432 509 1828 582 μνησικακίας,
1855 529 1988 568 κου.

2094 514 2440 571 ris..Gaudet
2479 516 2620 574 alius
2662 517 2715 572 in
2749 517 2937 589 quiete
2959 527 3014 575 et
3037 519 3412 590 pace-fratris,
3439 520 3687 592 nihilque

385 594 617 666 φότερον
649 596 749 668 μὲν
778 597 929 668 ὅμως
959 597 1096 653 ἐστί.
1137 599 1292 654 Θέλει
1321 601 1378 654 δέ
1406 619 1491 665 τις
1527 601 1622 654 καὶ
1652 603 1866 675 χαίρειν
1889 603 1988 676 τὴν

385 686 698 741 ἀνάπαυσιν
721 687 816 742 τοῦ
839 689 1073 760 ἀδελφοῦ
1101 690 1294 755 αὐτοῦ,
1323 693 1420 746 καὶ
1443 693 1622 747 πάντα
1651 696 1827 748 ποιεῖν
1851 695 1990 766 πρὸς

384 775 684 849 θεραπείαν
717 780 906 846 αὐτοῦ,
952 783 1047 835 καὶ
1087 781 1322 836 ἕκαστον
1357 786 1594 856 πρᾶγμα
1641 785 1988 856 ἐπιτηδεύειν

382 869 525 936 πρὸς
555 869 858 942 θεραπείαν
882 873 975 926 καὶ
1013 873 1324 927 ἀνάπαυσιν
1357 873 1546 928 αὐτοῦ.
1575 873 1819 946 Εἴπομεν
1839 875 1898 929 δὲ
1929 876 1988 928 ἐν

380 963 449 1032 τῇ
475 961 618 1032 ἀρχῇ
649 961 744 1015 τοῦ
763 963 926 1032 λόγου
943 965 1025 1017 ὅτι
1055 963 1170 1018 ἔστι
1194 983 1279 1028 τις
1307 965 1516 1036 βάλλων
1536 967 1852 1038 μετάνοιαν,
1875 966 1989 1038 μέ-

379 1068 465 1105 νει
499 1051 685 1124 ἀκμὴν
711 1052 850 1126 ἔχων
885 1053 1064 1124 λύπην
1099 1056 1219 1109 κατ’
1253 1056 1440 1122 αὐτοῦ,
1480 1057 1576 1110 καὶ
1627 1057 1860 1127 λέγομεν
1903 1057 2011 1112 ὅτι-

383 1139 567 1211 βαλὼν
595 1143 695 1216 τὴν
737 1144 1048 1213 μετάνοιαν,
1077 1146 1176 1216 τὴν
1210 1145 1310 1216 μὲν
1333 1146 1527 1218 ὀργὴν,
1557 1147 1626 1202 δι’
1663 1148 1837 1218 αὐτῆς
1868 1145 1988 1200 ἑθε-

385 1233 656 1304 ράπευσε,
691 1235 832 1306 πρὸς
852 1236 910 1290 δὲ
943 1236 1044 1308 τὴν
1073 1241 1447 1309 μνησικακίαν
1475 1239 1632 1295 οὔπω
1653 1241 1983 1311 ἠγωνίσατο.

383 1323 548 1378 Ἐστι
576 1326 634 1380 δὲ
657 1327 812 1393 ἄλλος
836 1330 919 1383 ὅτι
947 1329 1042 1384 ἐὰν
1069 1333 1253 1402 συμϐῇ
1296 1349 1416 1386 τινα
1451 1331 1640 1402 θλίψαι
1674 1333 1870 1400 αὐτὸν,
1893 1333 1988 1386 καὶ

383 1415 590 1488 βάλωσι
633 1419 924 1492 μετάνοιαν
965 1423 1061 1476 καὶ
1111 1423 1472 1493 διαλλαγῶσιν
1521 1423 1790 1496 ἀλλήλοις,
1842 1425 1988 1496 εἰρη-

379 1510 530 1566 νεύει
579 1513 724 1582 πρὸς
750 1512 937 1575 αὐτὸν,
984 1513 1079 1568 καὶ
1102 1515 1362 1584 οὐδεμίαν
1397 1516 1624 1586 μνήμην
1659 1516 1845 1588 κακὴν
1871 1515 1984 1600 ἔχει

379 1601 444 1656 ἐν
467 1603 536 1675 τῇ
571 1601 772 1676 καρδίᾳ
805 1604 972 1658 αὐτοῦ
991 1606 1119 1676 περὶ
1152 1607 1320 1660 αὐτοῦ
1361 1621 1374 1637 ·
1404 1607 1498 1660 ἐὰν
1531 1607 1587 1661 δὲ
1613 1608 1796 1680 συμϐῇ
1819 1607 1985 1662 αὐτὸν

383 1694 509 1768 μεθ’
547 1694 767 1767 ἡμέρας
812 1699 990 1752 εἰπεῖν
1027 1697 1178 1770 αὐτῷ
1211 1717 1264 1753 τι
1303 1699 1488 1753 θλίϐον
1520 1700 1704 1767 αὐτὸν,
1746 1699 1981 1771 ἄρχεται

379 1787 480 1841 καὶ
513 1785 624 1841 τῶν
672 1787 910 1859 πρώτων
947 1790 1334 1860 μνημονεύειν,
1372 1792 1468 1846 καὶ
1507 1791 1882 1864 ταράσσεσθαι
1916 1792 1990 1846 οὐ

2089 607 2239 666 illitts
2263 607 2430 682 414
2449 611 2620 680 gratia
2653 608 2831 666 facere
2859 621 3098 678 recusat,
3123 615 3268 684 quod
3297 615 3362 669 ad
3390 613 3509 684 ejus
3533 630 3687 670 com—-

2091 699 2315 756 modum
2347 708 2404 754 et
2434 700 2677 756 honores
2706 701 3000 757 conducat.
3035 703 3101 756 At
3143 701 3383 758 diximus
3413 703 3685 773 principio

2032 848 2055 866 ,
2087 791 2356 853 orationis
2393 801 2594 852 nostrae
2638 809 2760 849 esse
2791 793 3026 864 aliquem
3058 795 3174 864 qui,
3215 811 3342 851 cum
3375 795 3584 852 venerit
3629 797 3683 850 in

2089 885 2442 940 concordiam
2473 900 2598 940 cum
2625 883 2795 942 fratre
2821 902 2943 951 suo,
2977 888 3159 942 adhuc
3192 895 3370 943 tamen
3403 889 3681 944 tristitiam

2091 984 2273 1031 servet
2299 991 2424 1046 erga
2463 977 2642 1046 ipsum
2674 997 2690 1032 :
2733 979 2878 1033 hunc
2907 981 3144 1035 dicimus
3173 995 3311 1034 Iram
3345 981 3561 1050 quidem
3589 997 3685 1036 ex-

2089 1067 2349 1124 stinxisse
2399 1078 2452 1123 et
2479 1085 2788 1139 superasse,
2827 1073 2929 1126 hoc
2955 1077 3041 1127 est
3065 1113 3080 1138 ,
3131 1071 3233 1142 τὴν
3251 1072 3455 1144 όργὴνς
3491 1083 3680 1126 contra

2093 1167 2276 1218 autem
2320 1161 2695 1233 μνησικακίαν
2729 1163 2970 1217 nondum
3015 1178 3139 1218 esse
3175 1163 3460 1219 luctatmn.
3497 1162 3592 1218 Est
3631 1172 3684 1217 et

2090 1249 2232 1306 alius
2261 1251 2354 1320 qui
2393 1260 2673 1320 acceptam
2717 1251 2972 1322 iniuriam
3008 1256 3190 1309 statim
3212 1256 3599 1321 ‘obliviscilur,
3630 1267 3685 1310 et

2089 1341 2240 1398 illico
2271 1341 2425 1396 fratri
2457 1343 2842 1398 reconciliatur
2871 1362 2884 1398 :
2912 1346 2996 1399 sin
3023 1361 3150 1400 vero
3179 1347 3441 1416 postdies
3473 1347 3684 1416 aliquot
3775 1353 3786 1372 ’

2090 1437 2377 1508 contigerit
2415 1438 2483 1492 ab
2503 1438 2693 1492 eodem
2733 1439 2786 1492 in
2829 1439 3015 1493 sedici
3049 1439 3328 1515 quidpiam
3360 1440 3540 1494 minus
3558 1456 3682 1509 gra-

2087 1538 2229 1596 tum,
2265 1546 2297 1588 e
2322 1533 2552 1600 vestigio
2582 1531 2648 1585 ad
2677 1532 2997 1586 memoriam
3031 1543 3246 1586 revocat
3279 1532 3505 1602 primam
3540 1533 3683 1602 inju-

2087 1623 2253 1685 riam,
2301 1620 2594 1691 gliscitque
2652 1621 2884 1690 primam
2941 1630 2994 1674 et
3037 1621 3332 1674 secundum
3375 1620 3580 1689 pariter
3634 1623 3680 1675 si

2086 1708 2262 1780 possit
2302 1708 2493 1762 ulcisci
2558 1705 2656 1762 llic
2677 1707 2875 1762 similis
2904 1706 3082 1762 factus
3113 1717 3197 1762 cst
3228 1707 3438 1761 homini
3485 1709 3682 1764 vulne—

2084 1811 2230 1868 rato,
2269 1809 2325 1856 et
2352 1799 2646 1870 emplastra
2692 1798 2902 1854 vulneri
2934 1798 3426 1868 superimponenti.
3449 1797 3684 1855 Curatus

384 1879 552 1952 μόνον
581 1880 715 1950 περὶ
743 1880 852 1934 τῶν
877 1881 1168 1954 δευτέρων,
1201 1883 1336 1938 ἀλλὰ
1367 1885 1618 1954 καὶπερὶ·
1639 1883 1758 1938 τῶν-
1785 1884 1976 1956 προτέ-

2088 1895 2225 1950 euim
2264 1901 2318 1948 et
2357 1901 2589 1947 sanatus
2617 1905 2742 1946 cum
2783 1889 2967 1953 fuerit,
3000 1887 3392 1958 superindueta
3425 1887 3679 1943 cicatrix.

386 1986 517 2041 ρων.
546 1964 714 2035 Οὗτος
741 1971 918 2026 ἔοικεν
941 1971 1216 2046 ἀνθρώπῳ
1243 1974 1422 2046 ἔχοντι
1451 1975 1696 2046 τραῦμα,
1721 1977 1816 2028 καὶ
1850 1975 1977 2046 βάλ-

385 2061 532 2116 λοντι
558 2062 930 2136 ἐμπλαστρον,
966 2066 1062 2120 καὶ
1085 2066 1222 2130 τέως
1245 2067 1334 2120 διὰ
1359 2067 1461 2138 τῆς
1483 2067 1834 2140 ἐμπλὰστρου
1869 2067 1979 2122 ἐθε-

389 2155 632 2228 ράπευσε
661 2157 723 2212 τδ
748 2156 994 2230 τραῦμα,
1030 2159 1123 2212 καὶ
1159 2159 1518 2224 συνούλωσεν,
1557 2159 1637 2212 ἔτι
1670 2159 1726 2212 δὲ
1752 2159 1978 2213 ἀσθενέ-

387 2249 580 2321 στερός
611 2249 758 2304 ἐστιν
795 2252 823 2305 ό
845 2249 1032 2314 τόπος,
1065 2253 1160 2304 καὶ
1189 2252 1276 2306 ὅτε
1294 2253 1506 2323 -δὴποτε
1541 2251 1688 2322 ῥίψει
1717 2269 1803 2315 τις
1832 2251 1980 2304 λίθον

384 2341 510 2394 κατ’
538 2341 732 2410 αὐτοῦ,
769 2342 933 2398 πλέον
965 2344 1088 2398 ὅλου
1111 2343 1208 2397 τοῦ
1237 2345 1488 2414 σώματος
1525 2344 1734 2407 ἐκεῖνος
1761 2348 1788 2398 ὁ
1817 2345 1984 2409 τόπος

384 2435 637 2508 εὐχερῶς
671 2435 998 2508 πλήσσεται,
1026 2436 1120 2491 καὶ
1152 2437 1383 2508 ἄρχεται
1414 2436 1617 2500 εὐθέως
1641 2439 1981 2508 αἱμορῤοεῖν·

381 2525 562 2592 οὕτως
589 2527 762 2584 ἔπαθε
805 2530 899 2583 καὶ
930 2530 1094 2593 αὐτός
1136 2546 1150 2560 ·
1181 2529 1307 2601 ἔσχε
1363 2529 1607 2601 τραῦμα,
1662 2531 1756 2582 καὶ
1792 2529 1986 2586 ἔϐαλεν

385 2620 740 2695 ἐμπλαστρον
766 2663 779 2686 ,
809 2623 934 2694 ἥτις
963 2623 1111 2677 ἐστὶν
1144 2625 1177 2694 ἡ
1215 2625 1498 2694 μετάνοια,
1557 2627 1655 2676 καί
1697 2624 1836 2687 τέως
1884 2623 1986 2693 μὲν

383 2713 726 2787 ἐθεράπευσε
755 2716 817 2769 τὸ
845 2717 1089 2788 τραῦμα,
1113 2716 1304 2788 ὥσπερ
1339 2717 1429 2770 καί
1463 2717 1492 2770 ό
1515 2716 1732 2787 πρῶτος
1759 2759 1774 2781 ,
1832 2717 1986 2769 τοῦτ’

381 2807 504 2862 ἔστι
519 2807 617 2880 τὴν
638 2808 826 2880 ὀργὴν,
846 2807 1052 2880 ἧρξατο
1073 2809 1168 2863 καὶ
1183 2810 1286 2880 τῆς
1310 2807 1678 2879 μνησικακίας
1700 2808 1953 2878 ἐπιμελεῖ
1972 2839 1982 2847 -

386 2898 552 2963 σθαι,
581 2897 672 2953 διὰ
727 2899 822 2952 τοῦ
865 2900 1166 2956 σπουδάσαι
1217 2900 1492 2972 μηδεμίαν
1535 2900 1713 2972 κακὴν
1763 2901 1988 2971 μνήμην

385 2991 664 3064 κρατῆσαι
707 2992 766 3045 ὲν
807 2995 875 3064 τῇ
929 2992 1130 3064 καρδίᾳ
1168 2993 1334 3046 αὐτοῦ
1371 3009 1384 3024 ’
1427 2992 1586 3047 τοῦτο
1619 2993 1728 3064 γάρ
1768 2994 1884 3046 ἐστι
1927 2991 1990 3045 τὸ

387 3083 728 3138 συνουλῶσαι
765 3084 828 3138 τὸ
859 3083 1103 3156 τραῦμα.
1128 3083 1298 3138 Οὔπω
1321 3084 1377 3138 δὲ
1407 3083 1629 3148 τελείως
1669 3083 1952 3156 ἐξήλειψεν
1972 3123 1988 3149 ,

385 3175 506 3234 ἀλλ’
525 3175 609 3230 ἔτι
649 3175 764 3248 ἔχει
799 3175 1070 3247 ἔλλειμμα
1103 3176 1203 3247 τῆς
1237 3177 1608 3247 μνησικακίας
1632 3215 1648 3239 ,
1675 3177 1814 3248 ὅπερ
1840 3177 1989 3231 ἐστὶν

383 3269 423 3338 ἡ
453 3265 584 3339 οὐλὴ
625 3267 684 3336 ἐξ
727 3261 796 3338 ἧς
829 3265 1068 3338 εὐχερῶς
1105 3265 1466 3338 ἀπιαδαροῦται
1508 3267 1630 3320 ὅλον
1659 3267 1721 3320 τὸ
1761 3265 1986 3340 τραῦμα

389 3359 574 3433 σῶμα,
612 3361 743 3414 ὅταν
783 3361 1006 3432 δέξηται
1035 3359 1240 3433 μικρὰν
1282 3359 1516 3432 πληγήν.
1573 3361 1808 3430 Ὀφείλει
1855 3360 2000 3430 γοῦν.

387 3451 787 3522 ἀγωνίσασθαι,
825 3453 913 3508 ἵνα
953 3453 1048 3508 καὶ
1089 3454 1186 3523 τὴν
1220 3453 1386 3524 οὐλὴν
1432 3452 1658 3516 τελείως
1701 3453 1985 3527 ἐξαλείψῃ,

387 3545 532 3600 ὥστε
572 3547 669 3600 καί⁹
712 3546 981 3618 τριχῶσαι
1022 3545 1114 3601 τὸν
1148 3547 1335 3610 τόπον,
1381 3546 1480 3600 καὶ
1529 3546 1667 3618 μήτε
1709 3546 1988 3619 ἀμορφίαν

388 3634 513 3689 τινὰ
532 3635 949 3705 ὑπολειφθῆναι,
977 3635 1116 3707 μήτε
1138 3637 1378 3691 νοεῖσθαι
1402 3636 1559 3700 ὅλως,
1583 3637 1671 3691 ὅτι
1690 3637 1906 3706 ἐγένετο
1931 3639 1990 3692 ἐν

389 3725 470 3798 τῷ
497 3726 650 3797 τόπῳ
676 3726 871 3796 ἐκείνῳ
898 3727 1140 3798 τραῦμα.
1169 3729 1294 3791 Πῶς
1320 3727 1376 3780 δὲ
1405 3727 1628 3782 δύναται
1659 3729 1817 3782 τοῦτο
1849 3747 1988 3783 κατ-

389 3817 675 3890 ορθῶσαι;
725 3817 824 3870 Διὰ
869 3817 965 3870 τοῦ
1018 3819 1422 3888 προσεύχεσθαι
1480 3819 1542 3884 ἐξ
1585 3821 1716 3890 ὅλης
1761 3821 1990 3891 καρδίας

392 3909 536 3980 ὑπὲρ
557 3907 653 3963 τοῦ
686 3908 1031 3976 λυπήσαντος
1055 3907 1278 3972 ἑαυτὸν,
1308 3909 1404 3962 καὶ
1431 3909 1612 3977 λέγειν
1639 3925 1655 3942 ο
1684 3929 1704 3962 ι
1745 3912 1806 3964 '0
1833 3911 1987 3976 Θεὸς,

395 4000 662 4072 βοήθησον
688 4000 768 4071 τῷ
800 3999 1018 4070 ἀδελφῷ
1051 4017 1154 4071 μου
1205 4000 1378 4070 κάμοὶ
1405 4001 1496 4054 διὰ
1535 4001 1647 4054 τῶν
1687 4001 1862 4072 εὐχῶν
1890 4003 1990 4056 αὐ-

391 4091 510 4146 τοῦ.
543 4109 563 4144 ι
605 4091 716 4146 Καὶ
755 4091 1074 4162 εὑρίσκεται
1118 4091 1558 4162 ὐπερευχόμενος
1617 4091 1710 4145 τοῦ
1755 4090 1987 4162 ἀδελφοῦ

393 4183 561 4238 αὐτοῦ
598 4199 614 4216 ο
665 4184 803 4255 ὅπερ
837 4183 955 4237 ἐστὶ
1011 4183 1360 4253 συμπαθείας
1390 4183 1484 4236 καὶ
1521 4183 1745 4252 ἀγάπης
1775 4186 1986 4256 τεκμή-

398 4292 538 4351 ριον,
567 4275 663 4331 καὶ
712 4274 1136 4345 ταπεινούμενος
1171 4276 1234 4328 ἐκ
1263 4274 1357 4328 τοῦ
1396 4277 1568 4330 αἰτεῖν
1613 4277 1869 4349 βοήθειαν
1897 4277 1988 4332 ῶὰ

394 4369 506 4424 τῶν
545 4369 722 4438 εὐχῶν
771 4365 958 4420 αὐτοῦ.
1012 4367 1188 4418 Ὅπου
1233 4365 1288 4418 δὲ
1337 4368 1649 4436 συμπάθεια
1672 4369 1765 4422 καὶ
1797 4371 1988 4442 ἀγάπη

397 4461 494 4516 καὶ
520 4457 872 4522 ταπείνωσις.
903 4459 959 4510 τί
995 4456 1217 4510 δύναται
1256 4457 1471 4527 ἰσχύσαι
1495 4457 1691 4529 θυμὸς,
1737 4459 1771 4530 ἢ
1801 4461 1989 4532 ἓτερον

2077 1988 2408 2058 relinquitur
2443 1995 2622 2040 tamen
2677 1987 2829 2039 locus
2865 1983 2955 2038 ille
2987 1981 3232 2037 vulneris
3261 1981 3458 2036 debilis
3503 1981 3684 2036 adhuc

2079 2090 2134 2136 et
2167 2081 2451 2144 infirmus;
2483 2086 2558 2144 et,
2584 2078 2636 2130 in
2662 2091 2789 2131 eum
2819 2075 2862 2131 si
2893 2077 3016 2144 quis
3044 2073 3277 2143 lapidem
3297 2072 3510 2143 jeceril,
3531 2073 3682 2126 dolet

2081 2179 2200 2226 toto
2221 2186 2471 2240 corpore,
2509 2171 2804 2238 statimque
2839 2167 3029 2237 incipit
3053 2165 3278 2236 sanguis
3312 2164 3554 2220 effluere.
3589 2163 3682 2220 Sic

2083 2263 2192 2327 ille,
2225 2271 2446 2330 accepto
2482 2261 2722 2326 vulnere,
2758 2258 2973 2328 injuriae
3013 2258 3306 2325 emplastra
3341 2255 3682 2325 superimpo-

2084 2355 2219 2417 suit,
2246 2371 2368 2423 quae
2403 2361 2532 2408 sunt
2573 2367 2674 2421 pax
2705 2360 2760 2404 el.
2793 2348 3136 2424 paenitentia.
3179 2347 3533 2418 Tandemque
3559 2347 3714 2407 vul—.

2086 2462 2194 2504 nus
2225 2455 2482 2501 curatum
2527 2457 2642 2508 est;
2675 2443 2726 2496 id
2761 2453 2874 2505 est,
2913 2441 2946 2512 ἡ
2985 2441 3125 2512 ὀργὴ
3141 2457 3158 2520 ;_
3207 2437 3375 2520 εωρὶι
3400 2447 3581 2492 autem
3622 2443 3680 2492 et

2093 2533 2466 2612 μνησικακίαν
2495 2533 2628 2586 velle
2655 2547 2870 2595 curare,
2894 2539 2954 2583 ut
2984 2529 3192 2584 scilicet
3230 2527 3432 2582 nullam
3451 2526 3680 2582 omnino

2089 2626 2412 2683 memoriam
2451 2625 2664 2694 injuria;
2693 2632 2904 2677 teneret
2939 2621 2990 2674 in
3027 2619 3236 2688 corde;
3267 2629 3322 2674 et
3353 2619 3453 2672 hoc
3483 2628 3567 2672 est
3592 2617 3684 2674 ei-

2089 2719 2346 2776 Calricem
2383 2714 3015 2785 superindhei'vulneri:
3047 2711 3288 2766 nondum
3337 2720 3518 2766 tamen
3558 2726 3679 2780 per-

2089 2811 2230 2868 fecte
2261 2810 2640 2882 abolevit,__sed
2677 2817 2822 2862 terret
2846 2806 3025 2870 adhuc
3051 2805 3105 2866 in
3140 2819 3198 2868 se
3229 2802 3489 2873 reliquias
3511 2817 3682 2872 quas.-

2089 2903 2216 2960 dam
2263 2912 2318 2958 et
2355 2901 2563 2956 semina
2607 2899 2706 2968 τῆς
2737 2896 3103 2970 μνησικακίας
3149 2912 3270 2966 quae
3317 2904 3402 2950 est
3430 2894 3680 2960 cicatrix,

2090 3011 2157 3051 ex
2207 3009 2316 3064 qua
2361 2992 2520 3049 facile
2562 3001 2734 3046 totum
2769 2976 2967 3045 vulnus
3002 2989 3356 3054 recrudescit,
3401 3001 3520 3042 eam
3556 3001 3682 3055 par-

2089 3101 2214 3144 vam
2270 3086 2523 3156 quamvis
2571 3085 2784 3154 plagam
2831 3082 3121 3153 acceperit.
3175 3081 3344 3138 Debet
3397 3081 3565 3152 igitur
3603 3080 3701 3135 ita.

2091 3160 2431 3242 concertare,
2470 3185 2529 3232 ut
2561 3177 2726 3232 etiam
2759 3159 3068 3230 cicatricem
3094 3189 3314 3229 omnem
3351 3159 3516 3228 faciat
3549 3187 3680 3228 eva-

2089 3283 2338 3335 nescere,
2375 3275 2538 3338 atque
2567 3267 2644 3321 ita
2665 3266 2844 3320 locum
2873 3264 3114 3318 vulneris
3139 3261 3402 3333 expolire,
3438 3271 3493 3316 ut
3527 3259 3676 3314 nulla

2088 3361 2164 3416 ibi
2193 3359 2518 3416 deformitas
2551 3359 2912 3430 relinquatur,
2959 3371 3138 3427 neque
3170 3355 3469 3426 aliquando
3513 3353 3679 3414 remi-

2088 3455 2335 3510 niscatur
2358 3453 2558 3508 vulnus
2585 3451 2700 3508 illic
2726 3451 3027 3508 exstitisse.
3057 3449 3220 3520 Quod
3247 3449 3294 3504 si
3326 3461 3542 3524 quaeras
3567 3461 3682 3526 quo

2087 3555 2248 3621 pacto
2286 3544 2339 3600 id
2392 3543 2594 3608 facias,
2637 3543 2776 3604 scito
2826 3558 2922 3613 per
2965 3543 3270 3596 orationem
3307 3539 3413 3596 hoc
3445 3539 3682 3603 inaxime

2091 3635 2374 3702 lict-Lemn
2402 3635 2654 3690 videlicet
2680 3644 2794 3689 toto
2822 3633 2986 3689 corde
3013 3647 3112 3704 pro
3139 3631 3304 3694 ﬁ-atre
3327 3630 3595 3698 aﬂligente
3627 3637 3682 3683 te

2090 3727 2366 3798 suppl'lcas
2394 3737 2449 3782 et
2483 3727 2656 3783 dicis:
2687 3743 2706 3778 ι
2738 3723 2986 3790 Domine,
3021 3724 3284 3778 auxiliare
3317 3722 3454 3777 mihi
3483 3731 3537 3777 et
3569 3719 3681 3774 fra-

2089 3821 2159 3875 tri
2189 3835 2311 3875 meo
2333 3834 2431 3890 per
2472 3829 2692 3874 mutuas
2715 3833 2922 3887 preces.
2967 3836 2987 3869 ›
3019 3817 3084 3872 Ει
3131 3817 3210 3870 sic
3239 3815 3553 3886 supplicans
3575 3820 3682 3882 pro

2090 3909 2261 3964 fratre
2279 3921 2660 3979 argumentum
2691 3915 2916 3978 praestat
2943 3906 3248 3968 charitatis,
3279 3905 3680 3976 compassionis

2087 4012 2142 4057 et
2184 3999 2541 4069 humilitatis,
2569 4001 2700 4056 dum
2745 3999 2954 4056 scilicet
2989 3998 3243 4054 fraternis
3271 3997 3529 4070 precibus
3570 3995 3678 4052 sibi

2088 4110 2309 4165 quoque
2345 4093 2603 4164 implorat
2631 4094 2920 4148 auxilium.
2954 4093 3058 4150 Ubi
3085 4101 3267 4147 autem
3305 4091 3470 4146 fuerit
3495 4090 3680 4150 chari-

2089 4195 2194 4252 tas,
2213 4186 2543 4255 compassio,
2569 4185 2870 4249 hmnilitas,
2891 4185 3019 4254 quid
3060 4185 3129 4236 ibi
3153 4183 3350 4253 poterit
3375 4183 3456 4236 vel
3479 4180 3676 4252 θυμὸς,

2088 4279 2174 4333 Vel
2217 4277 2583 4348 μνησικακία,
2621 4276 2703 4330 vel
2730 4277 2834 4330 alia
2869 4275 3073 4344 qumvis
3113 4272 3334 4343 passio?
3361 4272 3499 4327 llinc
3534 4280 3680 4326 recte

2089 4369 2268 4425 aiebat
2296 4370 2464 4425 abbas
2499 4367 2787 4424 Z‘osimas:
2817 4367 2872 4422 Si
2901 4367 3152 4425 diabolus
3192 4381 3318 4420 cum
3342 4375 3542 4428 caetero
3571 4365 3680 4424 dre-

2091 4479 2316 4518 monum
2345 4462 2563 4532 agmine
2591 4461 2664 4516 ad
2685 4461 2800 4515 inec
2821 4474 3011 4514 «mines
3033 4468 3180 4512 artes
3218 4472 3348 4512 suas
3367 4467 3423 4522 ct
3467 4457 3680 4511 machi—

397 4551 592 4617 πάθοςς
623 4551 808 4614 καθὼς
826 4548 978 4604 εἶπεν
1003 4552 1030 4603 ὁ
1055 4548 1228 4613 ἀὸϐᾶς
1255 4552 1541 4622 Ζωσιμᾶς,
1567 4551 1649 4606 ὅτι
1683 4552 1810 4607 Ἐὰν
1831 4558 1988 4626 κινη-

2094 4567 2351 4611 nameuta
2390 4555 2663 4620 adhibeat,
2697 4567 2865 4608 vanos
2889 4553 3001 4605 fore
3030 4552 3239 4605 otiosos
3278 4564 3472 4604 omnes
3514 4550 3684 4622 impc-

400 4661 484 4700 οει
518 4643 700 4699 πάντα
725 4642 794 4697 τὰ
827 4643 1085 4714 μάγγανα
1124 4642 1224 4712 τῆς
1251 4643 1450 4706 κακίας
1481 4644 1648 4698 αὐτοῦ
1677 4646 1706 4698 ό
1747 4645 1992 4711 διάϐολος

401 4737 541 4809 μετὰ
571 4735 792 4789 πάντων
829 4736 938 4790 τῶν
967 4733 1240 4802 δαιμόνων
1269 4735 1458 4800 αὐτοῦ,
1482 4737 1713 4807 ἀργοῦσι
1737 4741 1909 4794 πᾶσαι
1933 4741 1990 4794 αί

402 4825 672 4897 μεθοδείαι
703 4823 894 4890 αὐτοῦ,
929 4823 1026 4878 καί⁹
1062 4824 1439 4895 συντρίὸονται
1475 4827 1580 4879 ὐπὸ
1605 4827 1704 4898 τῆς
1718 4828 1991 4882 ταπεινώ-

401 4936 538 4983 σεως
562 4918 662 4990 τῆς
693 4917 914 4986 ἐντολῆς
949 4915 1044 4969 τοῦ
1072 4916 1332 4985 Χριστοῦ.
1379 4917 1548 4986 Λέγει
1595 4917 1652 4972 δὲ
1681 4920 1774 4972 καὶ
1804 4920 1993 4992 ἕτερος

398 5006 580 5078 γέρων
604 5023 618 5038 ⁸
657 5007 714 5061 '0
757 5006 1193 5078 προσευχόμενος
1236 5006 1378 5078 ὑπὲρ
1415 5008 1648 5078 ἐχθρῶν,
1686 5009 1994 5080 ἁμνησίκα-

399 5116 498 5164 κος
523 5099 698 5153 ἔσται.
739 5097 1076 5170 Ἐργάσασθε
1105 5097 1196 5150 καὶ
1215 5100 1386 5150 νεεῖτε
1413 5097 1594 5162 καλῶς
1619 5098 1713 5152 ἆτε
1742 5100 1991 5156 ἀκούετε.

404 5194 615 5256 Ὄντως
647 5191 756 5264 γὰρ
785 5191 880 5245 ἐὰν
912 5190 987 5262 μὴ
1016 5191 1327 5260 ἐργάσησθε
1361 5190 1504 5262 λόγῳ
1545 5190 1716 5246 ταῦτα
1745 5193 1995 5264 παραλα-

401 5285 540 5340 ϐεῖν.
570 5285 727 5348 Ποῖος
753 5283 1038 5354 ἄνθρωπος
1061 5282 1232 5338 θέλων
1257 5284 1452 5355 μαθεῖν
1481 5285 1698 5357 τέχνην,
1729 5285 1872 5358 λόγῳ
1903 5287 1998 5357 μό-

403 5397 480 5451 νῳ
501 5379 920 5451 παραλαμϐάνει
951 5377 1123 5448 αὐτήν
1146 5396 1161 5444 ;
1191 5378 1419 5442 Πάντως
1439 5379 1659 5446 πρῶτον
1686 5379 1996 5450 παραμένει

403 5471 578 5527 ποιῶν
607 5471 699 5528 καὶ
725 5469 1102 5541 ἀσυστροφῶν,
1132 5469 1302 5523 ποιῶν
1329 5472 1424 5523 καὶ
1451 5469 1750 5539 ἀφανίζων.
1782 5471 1877 5524 καὶ
1905 5468 1990 5524 οὐ·

403 5585 514 5634 τως
557 5568 704 5622 κατὰ
745 5567 946 5640 μικρὸν
984 5565 1192 5620 κοπιῶν
1235 5565 1328 5620 καὶ
1386 5566 1696 5636 ὑπομένων,
1735 5565 1996 5634 μανθάνει

403 5659 506 5733 τὴν
533 5658 754 5730 τέχνην,
783 5657 878 5711 τοῦ
922 5657 1058 5711 Θεοῦ
1095 5656 1390 5727 βλέποντος
1441 5657 1534 5710 τὸν
1567 5657 1734 5710 κόπον
1771 5657 1870 5710 καὶ
1897 5657 1996 5729 τὴν

408 5751 730 5824 προαίρεσιν
753 5749 944 5818 αὐτοῦ,
973 5752 1068 5805 καὶ
1095 5749 1480 5820 συνεργοῦντος
1505 5749 1674 5819 αὐτῷ.
1715 5748 1907 5820 Ἡμεῖς
1939 5751 1996 5804 δὲ

407 5842 508 5918 τὴν
543 5841 740 5916 τέχνην
781 5841 890 5900 τῶν
941 5841 1146 5914 τεχνῶν
1183 5841 1328 5913 λόγῳ
1371 5841 1598 5914 θέλομεν
1637 5843 1994 5916 παραλαϐεῖν,

2093 4657 2184 4705 tus
2209 4657 2511 4704 et-conatus
2530 4647 2669 4717 ejus,
2694 4655 2746 4702 et
2771 4646 2872 4700 sub
2898 4644 3203 4700 humilitate
3236 4659 3356 4712 qua:
3401 4659 3430 4696 a
3462 4642 3684 4698 Christo

2091 4753 2363 4816 praaeepta
2387 4751 2490 4805 est,
2508 4741 2716 4796 conteri
2738 4754 2929 4794 omnes
2950 4750 3000 4794 cl
3017 4737 3347 4792 cimculcari.
3374 4735 3440 4790 Et
3458 4737 3683 4790 alterius

2093 4847 2160 4888 ex
2189 4830 2450 4886 Pati-ibus
2485 4829 2585 4884 fuit
2615 4829 2719 4884 ista
2772 4827 3041 4884 sententia
3075 4844 3090 4880 :
3121 4825 3267 4896 quod
3303 4840 3401 4894 pro
3445 4824 3683 4885 inimicis

2093 4939 2260 4978 orans
2288 4935 2566 4992 nonquam
2600 4920 2771 4990 possit
2811 4934 2934 4975 esse
2967 4917 3264 4972 iracundus
3307 4927 3401 4970 aut
3433 4913 3684 4968 vindicta:

2094 5015 2378 5072 studiosus
2419 5012 2732 5084 Operamini
2759 5011 2951 5082 igitur,
2971 5008 3189 5072 fratres,
3207 5017 3260 5062 et
3281 5006 3466 5060 sedula
3499 5015 3688 5087 mente

2093 5108 2358 5164 revolvite
2391 5121 2512 5177 quae
2543 5115 2656 5159 tam
2694 5104 2940 5159 studiose
2979 5101 3182 5157 auditis
3209 5123 3223 5154 ;
3250 5100 3363 5154 haec
3405 5099 3552 5152 enim
3607 5097 3684 5151 ita

2093 5217 2216 5258 sese
2237 5200 2438 5256 habent
2461 5209 2521 5252 ut
2545 5211 2708 5268 opere
2730 5197 2903 5266 magis
2927 5203 3206 5265 parentur,
3227 5206 3392 5262 quam
3415 5189 3681 5244 oratione.

2094 5292 2230 5359 Quis
2261 5291 2406 5344 enim
2445 5288 2726 5344 hominum
2766 5287 2954 5341 volens
2999 5281 3340 5353 disciplinam
3385 5279 3549 5333 ullam
3588 5288 3686 5334 aut

2096 5397 2270 5440 artem
2315 5383 2601 5442 imhibere,
2639 5380 2786 5434 illam
2829 5378 2947 5432 solo
2993 5389 3248 5432 sermone
3279 5372 3688 5442 consequatur?

2096 5476 2298 5530 Facere
2327 5473 2514 5542 utique
2542 5473 2776 5542 primum
2815 5477 3039 5540 perstat,
3083 5475 3499 5538 perseveratque
3529 5463 3680 5518 omni

2095 5569 2278 5625 studio
2304 5575 2358 5622 et
2377 5565 2676 5636 diligentia,
2710 5563 2906 5617 iterum
2939 5561 3071 5617 facit
3097 5561 3346 5630 deletque
3379 5577 3393 5614 :
3422 5569 3586 5629 atque
3607 5558 3684 5614 ita

2097 5661 2424 5736 pedetentim
2449 5657 2634 5713 labore
2664 5655 2836 5710 multo
2855 5663 3026 5709 artem
3059 5655 3230 5725 ipsam
3253 5662 3309 5708 et
3335 5651 3684 5722 disciplinam

2095 5751 2477 5827 apprehendit,
2516 5749 2630 5804 Deo
2658 5748 2902 5802 laborem
2937 5747 3290 5816 studiumque
3321 5744 3468 5800 illius
3497 5759 3690 5814 prose-

2096 5855 2318 5922 quente.
2359 5841 2472 5902 Nos
2505 5856 2634 5902 vero
2661 5850 2836 5899 artem
2879 5839 3083 5899 artium
3112 5840 3232 5900 solo
3259 5853 3516 5900 sermone
3565 5853 3694 5898 cre-
