4062 6410
392 327 530 400 1715

1603 343 1662 400 S.
1698 340 2085 403 DOROTHEI
2112 346 2429 407 ABBATIS

2586 271 2687 282 *σω-.-

3537 328 3676 399 1716

391 446 590 504 damus
629 451 1035 520 apprehendere
1097 453 1306 523 absque
1348 456 1547 524 opere?
1591 454 1703 508 Hoc
1752 456 1980 523 nequid-

2091 452 2165 523 μὴ
2190 453 2604 523 ἐπιϐαλλόμενοι
2639 454 2813 524 ἔργῳς
2844 453 2957 507 Καὶ
2992 453 3107 516 πῶς
3141 451 3449 524 ἐνδέχεταη
3497 448 3676 521 Πρόσ-

389 554 555 608 quam
573 540 770 596 licebit.
804 543 969 599 Nobis
1001 545 1186 616 igitur,
1223 544 1437 608 fratres,
1462 546 1697 615 primum
1733 544 1980 599 intenda-

389 646 537 700 mus,
569 648 967 707 operemurquc
1006 638 1426 703 studiosissime,
1467 637 1596 691 dum
1643 648 1856 707 tempus
1884 652 1978 693 su-

389 732 592 790 perest.
637 722 737 780 Det
775 727 936 781 nobis
989 725 1132 782 Deus
1181 727 1497 781 meminisse
1550 727 1655 782 ista
1698 735 1752 780 et
1805 725 1982 781 facere

390 828 514 882 qua:
547 816 879 882 audivimus,
914 832 982 872 ne
1012 818 1100 872 illa
1152 817 1315 873 nobis
1349 819 1480 872 ﬁant
1522 818 1575 871 in
1622 817 1895 891 judicium
1923 818 1976 872 in

387 901 581 972 judieii
611 904 717 960 die.

950 1018 1299 1079 DOCTRINA
1333 1019 1425 1074 1X.

989 1133 1065 1189 De
1081 1136 1376 1189 mendacio.

459 1220 499 1274 1.
547 1218 917 1289 Decrevimus,
968 1222 1186 1287 fratres,
1219 1239 1390 1291 pauca
1422 1221 1669 1293 qumdam
1727 1220 1880 1276 vobis
1914 1220 1981 1274 de

390 1312 677 1369 mendacio
702 1331 809 1369 non
836 1314 1101 1368 inutiliter
1137 1314 1203 1368 ad
1234 1316 1549 1368 memoriam
1581 1327 1856 1368 revocare.
1893 1310 1981 1365 Vi-

390 1405 584 1461 demus
621 1406 769 1460 enim
810 1421 908 1461 vos
941 1421 1048 1460 non
1101 1406 1397 1460 admodum
1438 1405 1717 1459 studiosos
1766 1403 1830 1457 ad
1880 1403 1984 1455 lin-

391 1512 553 1567 guam
579 1497 944 1553 cohibendam
975 1515 988 1551 :
1021 1513 1131 1568 quo
1160 1500 1218 1551 lit
1245 1507 1303 1550 ut
1334 1497 1488 1551 facile
1525 1497 1577 1550 in
1605 1496 1789 1549 mttltis
1816 1493 1982 1566 415

392 1589 676 1645 labamini.
710 1589 1010 1656 Advertile,
1042 1591 1259 1656 fratres,
1293 1591 1358 1644 ad
1401 1605 1463 1642 ea
1489 1605 1611 1659 quae
1637 1588 1790 1642 vobis
1819 1603 1982 1656 quam

392 1682 697 1753 saepissime
717 1682 912 1738 solitus
939 1698 1061 1739 sum
1104 1696 1557 1745 commemorare,
1591 1679 1989 1735 consuetudine

393 1776 607 1831 scilicet
656 1775 772 1829 ﬁeri
810 1776 1016 1832 bonum
1073 1783 1129 1829 et
1188 1775 1413 1828 malum.
1451 1772 1602 1843 Opus
1653 1773 1818 1843 igitur
1865 1787 1986 1826 esse

392 1869 567 1922 multa
621 1867 919 1938 diligentia,
956 1882 1024 1921 ne
1076 1882 1176 1921 nos
1207 1865 1506 1936 aliquando
1552 1864 1841 1920 mendacio
1874 1864 1987 1918 ullo

391 1947 654 2012 velemus.
690 1955 861 2011 Nemo
883 1958 1028 2011 enim
1061 1958 1291 2011 mendax
1324 1957 1601 2011 adhaerere
1626 1954 1736 2009 Deo
1770 1962 1981 2023 potest:

392 2050 742 2120 alienumque
771 2050 998 2105 omnino
1021 2061 1102 2105 est
1128 2065 1157 2103 a
1182 2048 1291 2104 Deo
1313 2049 1681 2103 mendacium.
1709 2047 1982 2115 Scriptum

392 2155 630 2211 namque
646 2146 763 2205 est,
799 2157 830 2195 a
849 2140 985 2193 malo
1011 2155 1120 2194 esse
1146 2140 1500 2202 mendacium,
1524 2149 1571 2192 et
1597 2138 1723 2207 quia
1756 2136 1983 2190 mendax

389 2240 466 2285 (si
498 2239 548 2286 et
578 2239 730 2300 pater
752 2230 866 2300 ejus
894 2240 941 2285 Ρ.
968 2229 1106 2284 Ecce
1151 2228 1419 2283 mendacii
1458 2236 1665 2296 patrem
1705 2226 1981 2280 diabolum

391 2334 574 2387 vocat,
622 2322 823 2377 veritas
863 2331 1044 2376 autem
1104 2320 1248 2376 Deus
1297 2329 1401 2376 est.
1462 2319 1579 2389 lpsc
1614 2319 1759 2373 enim
1806 2318 1979 2373 dicit:

390 2410 504 2484 Ego
547 2428 667 2465 sum
711 2413 814 2478 via,
851 2413 1044 2465 veritas
1071 2419 1119 2463 et
1154 2412 1264 2463 vita
1303 2420 1351 2464 ς.
1384 2408 1573 2464 Videte
1607 2426 1635 2463 a
1677 2424 1786 2478 quo
1816 2409 1981 2462 abea-

393 2520 538 2568 mus,
571 2504 727 2558 cuive
752 2502 1132 2559 adhaareanms
1160 2511 1378 2571 propter
1411 2500 1777 2555 mendacium.
1812 2501 1851 2552 Α
1882 2500 1979 2553 Ιιο-

392 2612 465 2651 no
496 2596 685 2665 utique
724 2593 1085 2658 discedimus,
1121 2593 1267 2649 malo
1300 2602 1479 2646 autem
1518 2592 1882 2646 adlimremus.
1922 2590 1980 2643 Si

389 2690 554 2761 igitur
597 2703 722 2745 vere
764 2686 964 2742 salvari
997 2686 1274 2755 cupimus,
1314 2698 1571 2738 curemus
1604 2683 1751 2737 omni
1798 2682 1981 2737 studio

387 2790 442 2836 et
468 2779 746 2850 diligentia
784 2793 971 2833 amare
1001 2777 1311 2841 veritatem,
1333 2785 1380 2830 ct
1407 2774 1683 2829 custodire
1716 2790 1815 2829 nos
1835 2775 1981 2845 ipsos

391 2871 462 2925 ab
495 2869 647 2925 omni
688 2868 956 2924 mendacii
992 2867 1191 2939 specie,
1230 2868 1374 2936 quod
1411 2882 1511 2921 nos
1538 2874 1785 2936 segregat
1816 2883 1845 2920 a
1889 2882 1981 2921 ve-

390 2961 552 3017 ritate
583 2970 637 3017 et
685 2962 815 3016 vita.
851 2960 979 3015 Tria
1024 2968 1205 3014 autem
1238 2968 1365 3015 sunt
1415 2960 1682 3014 mendacii
1729 2975 1927 3030 genera
1962 2977 1976 3015 :

391 3054 626 3124 primum
650 3062 755 3120 est,
781 3069 905 3110 cum
929 3054 1053 3124 quis
1092 3053 1277 3108 animo
1307 3070 1320 3105 :
1355 3052 1680 3116 secundum,
1708 3069 1831 3107 cum
1864 3068 1983 3106 vcr-

2087 564 2271 617 χωμεν
2304 542 2396 599 οὖν
2434 548 2666 612 ἑαυτοῖς,
2708 547 2953 617 ἀδελφοὶ,
2996 547 3089 600 καὶ
3129 542 3496 616 ἐργασώμεθά
3536 540 3677 613 μετὰ

2089 637 2346 706 σπουδῆς,
2382 636 2457 701 ὡς
2489 636 2571 690 ἔτι
2598 637 2795 706 ἔχομεν
2838 638 3048 709 καιρόν.
3093 637 3151 691 '0
3178 638 3311 699 Θεὸς
3349 633 3510 687 δώσει
3541 630 3679 702 ἡμῖν

2090 728 2446 799 μνημονεύειν
2487 730 2582 783 καὶ
2611 728 2900 799 φυλάττειν
2946 728 2983 783 ἃ
3014 726 3308 800 ἀκούομεν.
3346 726 3433 780 ἵνα
3466 724 3545 795 μὴ
3594 721 3677 786 εἰς

2086 823 2261 893 κρῖμα
2298 821 2456 892 ἡμῶν
2488 821 2751 890 γένωνται
2790 825 2847 875 ὲν
2873 819 3058 892 ἡμέρα
3081 820 3330 892 κρίσεως.

2626 1022 3040 1076 ΔΙΔΔΣΚΑΛΙΔ
3064 1021 3144 1075 Θ¹.

2653 1137 2791 1204 Περὶ
2819 1135 3108 1204 ψεύδους.

2156 1229 2235 1281 Α¹.
2269 1227 2421 1281 Θέλω
2450 1228 2595 1297 ὑμᾶς
2620 1225 2955 1295 ὑπομνῆσαι,
2988 1225 3229 1295 ἀδελφοὶ,
3256 1221 3500 1297 περὶτοῦ
3529 1216 3686 1289 ψεύ-

2085 1314 2209 1379 δους
2243 1316 2423 1383 ὀλίγα.
2477 1315 2670 1369 Βλέπω
2709 1313 2818 1385 γὰρ
2849 1313 2994 1383 ὑμᾶς
3030 1313 3106 1383 μὴ
3154 1312 3297 1366 πάνυ
3351 1308 3686 1373 σπουδάζον·

2086 1426 2185 1471 τας
2217 1412 2406 1479 τηρεῖν
2437 1409 2532 1477 τὴν
2562 1406 2815 1478 γλῶσσαν
2844 1406 2999 1477 ὑμῶν
3022 1446 3038 1472 ,
3080 1406 3174 1458 καὶ
3201 1407 3267 1459 ὲκ
3299 1403 3490 1457 τούτου
3522 1403 3685 1473 εὐχει-

2091 1502 2200 1571 ρῶς
2228 1505 2307 1564 εἰς
2334 1502 2502 1555 πολλὰ
2531 1498 3268 1571 κατασυρόμεθα.’Βλέπετε,
3294 1496 3514 1565 ἀδελφοί
3554 1512 3683 1566 μου,

2086 1592 2168 1645 ὅτι
2199 1595 2278 1656 είς
2309 1596 2416 1648 πᾶν
2445 1595 2680 1665 πρᾶγμα
2703 1631 2718 1654 ,
2745 1592 2929 1656 καθὼς
2960 1592 3045 1646 ἀεὶ
3069 1591 3216 1659 λέγω
3239 1590 3393 1659 ὑμῖν,
3416 1586 3691 1655 συνήθειά

2087 1685 2225 1746 ἐστι,
2256 1686 2351 1737 καὶ
2379 1686 2459 1747 εἰς
2486 1683 2549 1736 τὸ
2580 1683 2764 1745 καλὸν,
2795 1684 2888 1736 καὶ
2912 1684 2992 1746 εἰς
3024 1682 3085 1736 τὸ
3124 1672 3319 1736 madv.
3370 1678 3547 1750 Χρεία
3587 1672 3688 1732 οὖν

2018 1809 2058 1864 Β
2088 1776 2291 1846 πολλῆς
2318 1776 2552 1846 νήψεως,
2575 1775 2664 1830 ἵνα
2690 1775 2765 1846 μὴ
2794 1774 3162 1845 κλεπτώμεθα
3179 1773 3286 1826 ὑπὸ
3306 1770 3401 1825 τοῦ
3426 1767 3688 1840 ψεύδους.

2087 1869 2277 1931 Οὐδεὶς
2325 1868 2434 1939 γὰρ
2460 1866 2794 1936 ψευδόμενος
2834 1867 3041 1936 ἥνωται
3079 1864 3155 1935 τῷ
3187 1862 3307 1934 Θεῷ
3342 1879 3355 1892 ·
3402 1860 3690 1932 ἀλλότριὸν

2085 1961 2202 2012 ἐστι
2245 1959 2337 2011 τοῦ
2382 1956 2518 2011 Θειιῦ
2555 1957 2618 2010 τὸ
2662 1956 2875 2027 ψεῦδος.
2924 1957 3242 2026 Γέγραπται
3289 1954 3439 2025 γάρ,
3479 1953 3565 2006 ὅτι
3616 1953 3689 2006 Τὸ

2085 2051 2316 2119 ψεῦδος
2350 2048 2453 2103 τοῦ
2486 2048 2754 2117 πονηροῦ
2780 2048 2931 2102 ἐστι’
2950 2048 3045 2101 καὶ
3067 2047 3251 2110 πάλιν,
3281 2046 3364 2099 ὅτι
3398 2045 3688 2110 Ψεύστης

2084 2143 2218 2195 ἐστὶ
2261 2141 2360 2195 καί
2392 2143 2424 2195 ό
2472 2140 2670 2208 πατὴρ
2705 2138 2913 2193 αὐτοῦ.
2968 2138 3101 2191 Ἰδοὺ
3136 2136 3349 2208 πατέρα
3395 2134 3548 2203 λέγει
3588 2133 3688 2188 τοῦ

2083 2234 2312 2304 ψεύδους
2350 2232 2441 2285 τὸν
2489 2231 2733 2286 διάϐολον
2771 2247 2786 2261 ’
2836 2232 2871 2301 ἡ
2909 2228 2968 2281 δὲ
2998 2227 3230 2299 ἀλήθειά
3267 2230 3417 2282 ἐστιν
3447 2229 3475 2279 ὁ
3523 2225 3683 2288 Θεός,

2083 2327 2257 2389 Αὐτὸς
2286 2325 2393 2396 γὰρ
2414 2324 2565 2393 λέγει
2594 2341 2607 2355 ·
2627 2323 2769 2394 Ἐγὼ
2796 2325 2915 2391 ειμι
2944 2323 2982 2390 ἠ
3010 2321 3171 2387 ὁδὸς,
3199 2321 3296 2374 καὶ
3323 2321 3363 2388 ἠ
3392 2319 3649 2389 ἀλήθεια
3669 2359 3685 2385 ,

2083 2419 2180 2473 καί
2220 2420 2258 2486 ἡ
2292 2417 2427 2486 ζωή.
2473 2416 2712 2470 Βλέπετε
2743 2414 2910 2468 πόθεν
2946 2412 3254 2485 χωρίζομεν
3284 2410 3532 2476 ἑαυτοὺς,
3589 2410 3691 2464 καὶ

2083 2510 2191 2563 τίνι
2229 2510 2416 2580 τρόπῳ
2463 2505 2926 2577 προσκολλώμεθα
2966 2504 3055 2558 διὰ
3088 2503 3184 2557 τοῦ
3222 2503 3452 2573 ψεύδους
3480 2545 3496 2569 ,
3525 2501 3689 2572 δῆλον

2083 2603 2165 2656 ὅτι
2214 2601 2293 2672 τῷ
2336 2600 2579 2671 πονηρῷ.
2621 2601 2684 2653 Εἰ
2726 2594 2819 2652 οὖν
2861 2598 3107 2667 θέλωμεν
3134 2597 3212 2669 τῷ
3253 2597 3369 2649 ὄντι
3407 2596 3687 2667 σωθῆναι,

2083 2694 2372 2764 ὀφείλομεν
2414 2692 2563 2765 πάσῃ
2608 2691 2816 2761 σπουδῇ
2861 2691 3082 2761 ἀγαπᾷν
3112 2689 3211 2760 τὴν
3254 2689 3536 2758 ἀλήθειαν,
3590 2688 3689 2742 καὶ

2083 2787 2378 2857 φυλάττειν
2413 2784 2639 2847 ἑαυτοὺς
2667 2784 2775 2837 ἀπὸ
2812 2783 3013 2846 παντὸς
3042 2782 3272 2852 ψεύδους
3291 2824 3306 2847 ,
3353 2782 3441 2836 ἵνα
3474 2781 3549 2852 μὴ
3573 2798 3691 2853 χω-

2086 2881 2214 2952 ρίσῃ
2246 2881 2394 2950 ἡμᾶς
2429 2877 2537 2953 άπὸ
2567 2877 2667 2945 τῆς
2707 2875 2963 2946 ἀληθείας
2996 2876 3091 2929 καὶ
3126 2876 3225 2944 τῆς
3257 2866 3425 2942 ζωῆς.
3462 2873 3587 2927 Εἰσὶ
3628 2871 3691 2928 δὲ

2085 2976 2237 3044 τρεῖς
2265 2970 2525 3041 διαφοραὶ
2552 2969 2647 3022 τοῦ
2676 2969 2906 3038 ψεύδους
2947 2985 2960 2998 ο
2995 2968 3110 3021 ἔστι
3150 2966 3260 3037 γὰρ
3287 2969 3316 3021 6
3356 2966 3691 3036 ψευδόμενος

2087 3061 2230 3116 κατὰ
2252 3060 2513 3114 διάνοιαν·
2544 3060 2637 3114 καὶ
2667 3059 2813 3112 ἔστιν
2835 3061 2862 3112 6
2889 3059 2947 3111 ἐν
2977 3057 3120 3127 λόγῳ
3144 3057 3496 3127 ψευδόμενος.
3530 3057 3691 3110 Ἔστι

390 3145 460 3200 bo
503 3146 764 3200 mentitur
812 3145 1105 3210 :tertium,
1152 3159 1275 3199 cum
1321 3143 1375 3196 in
1433 3144 1599 3198 vitam
1651 3159 1804 3199 suam
1859 3143 1983 3213 quis

2089 3154 2184 3207 καὶ
2216 3155 2243 3207 6
2275 3154 2355 3215 εἰς
2379 3151 2542 3204 αὑτὸν
2571 3150 2662 3203 τὸν
2698 3150 2813 3222 βίον
2847 3150 3011 3203 αὑτοῦ
3046 3148 3399 3219 ψευδόμενος.
3446 3148 3505 3201 Ὁ
3543 3147 3689 3201 κατὰ

390 3237 623 3292 mendax
666 3246 769 3293 est.
802 3235 903 3303 Qui
957 3236 1220 3292 mentitur
1253 3237 1461 3301 animo,
1496 3236 1541 3293 is
1579 3242 1663 3292 est
1696 3235 1789 3305 qui
1829 3234 1987 3289 facile

391 3343 757 3398 quascunque
795 3329 1140 3398 suspiciones
1191 3329 1451 3394 admittit,
1482 3337 1668 3398 utpote
1706 3345 1830 3383 eum
1875 3328 1986 3382 fra-

395 3432 507 3475 tres
542 3419 738 3475 viderit
768 3419 1166 3488 collo'quentes,
1196 3419 1510 3488 suspicatur
1550 3435 1615 3473 ne
1636 3420 1703 3474 de
1736 3437 1795 3475 se
1829 3420 1986 3473 oblo-

392 3523 674 3583 quantur;
714 3522 769 3567 et
798 3513 842 3566 si
875 3511 1208 3581 colloquium
1239 3511 1636 3577 interciderint,
1669 3512 1984 3580 suspicatur

394 3603 523 3657 item
560 3617 629 3657 ne
657 3609 880 3671 propter
920 3616 979 3657 se
1033 3600 1427 3655 intereiderint.
1485 3599 1541 3653 Si
1596 3602 1721 3670 quis
1769 3616 1987 3669 quoque

394 3693 622 3748 verbum
658 3694 830 3747 ullum
866 3693 1188 3763 simpliciter
1238 3693 1456 3758 dixerit,
1496 3693 1809 3762 suspicatur
1839 3696 1987 3751 illico

396 3786 526 3840 illud
554 3793 747 3841 contra
789 3802 849 3841 se
878 3785 1110 3850 dictttm,
1143 3796 1201 3839 ut
1236 3784 1502 3840 afﬁciatur
1529 3801 1766 3841 maerore.
1804 3806 1817 3841 :
1849 3797 1903 3842 et
1932 3790 1982 3843 in

393 3879 543 3933 omni
587 3878 824 3952 denique
867 3894 924 3935 re
964 3879 1467 3949 suspiciosissimtts
1497 3890 1613 3943 est.
1664 3882 1985 3940 existimans

394 3973 577 4028 omnia
607 3974 737 4036 dici,
770 3975 953 4029 omnia
1001 3973 1113 4028 ticri
1157 3982 1378 4043 propter
1423 3989 1502 4029 se.
1553 3972 1602 4028 Is
1633 3975 1814 4030 animo
1842 3992 1988 4032 men-

391 4067 497 4120 dax
532 4077 635 4128 est.
673 4075 729 4121 et
769 4066 917 4119 nulla
947 4065 1000 4119 in
1038 4081 1095 4121 re
1128 4081 1314 4120 verum
1344 4065 1497 4130 dicit,
1540 4067 1669 4135 quia
1697 4082 1762 4120 ex
1809 4070 1988 4137 suspi-

394 4158 553 4213 cione
592 4172 937 4227 quacunque
984 4158 1243 4227 loquitur.
1277 4157 1416 4213 [line
1460 4158 1625 4229 igitur
1658 4164 1989 4230 proveniunt

396 4246 745 4302 euriositates
775 4288 790 4312 ,
830 4247 1217 4303 distractiones
1243 4291 1259 4314 ,
1313 4265 1628 4311 murmura,
1677 4249 1943 4305 factiones
1968 4293 1983 4319 ,

398 4340 758 4401 turbationes.
785 4339 1011 4409 judicia.
1051 4340 1322 4397 Interdum
1353 4350 1535 4396 autem
1577 4358 1643 4399 ex
1674 4346 1988 4415 suspicione

394 4433 472 4488 rei
499 4432 766 4503 contingit
790 4448 975 4486 verum
1005 4432 1143 4499 dici;
1174 4449 1239 4488 ex
1273 4448 1382 4503 quo
1415 4436 1492 4499 fit,
1520 4443 1580 4490 ut
1602 4436 1694 4504 qui
1727 4437 1829 4492 hoc
1860 4452 1985 4493 vere

395 4524 614 4589 dixerit,
654 4524 756 4579 hac
786 4524 946 4579 unica
975 4526 1265 4581 occasione
1294 4537 1555 4597 tanquam
1589 4543 1646 4583 se
1680 4529 1854 4597 ipsum
1889 4545 1981 4585 vc-

396 4619 457 4673 lit
496 4618 727 4689 erigere,
772 4618 1022 4673 curiosus
1053 4635 1267 4689 semper
1298 4622 1564 4685 exsistat,
1598 4622 1849 4691 dicatque
1887 4638 1984 4677 eu-

395 4708 639 4764 riositate
662 4725 761 4764 sua
778 4711 1062 4764 servitium
1089 4727 1248 4765 suum
1277 4729 1387 4782 quo
1413 4713 1785 4776 insimulatur,
1820 4730 1983 4784 agno-

393 4817 569 4868 scere,
595 4812 760 4873 atque
791 4804 863 4857 ita
896 4805 1177 4859 emendari
1206 4816 1260 4860 et
1290 4807 1511 4878 corrigi.
1558 4809 1627 4861 At
1657 4808 1983 4878 principium

394 4892 573 4959 ipsum
602 4890 850 4961 iniquum
883 4900 964 4944 est
994 4910 1008 4959 ;
1039 4907 1067 4945 a
1099 4894 1242 4947 malo
1280 4895 1423 4947 enim
1467 4902 1569 4959 est,
1598 4903 1652 4950 et
1680 4910 1709 4948 a
1759 4896 1986 4950 menda-

395 4982 482 5035 cio
515 4980 782 5052 originem
816 4982 986 5036 sumit
1012 5000 1023 5034 :
1053 4998 1177 5035 nam
1206 4983 1465 5053 ignorans
1496 4985 1806 5053 suspicatur
1837 4985 1985 5055 quod

398 5073 591 5128 nescit.
644 5072 762 5140 Quo
804 5084 962 5143 pacto
1006 5074 1169 5143 igitur
1203 5085 1379 5145 potest
1413 5076 1574 5130 arbor
1624 5076 1763 5130 mala
1815 5078 1988 5133 bonos

396 5163 608 5220 fructus
639 5163 849 5219 facere?
898 5164 955 5217 Si
1008 5177 1187 5219 autem
1241 5166 1437 5235 corrigi
1494 5167 1749 5231 voluerit,
1786 5169 1982 5223 utait:

394 5273 518 5311 cum
552 5259 824 5327 acceperit
854 5274 882 5312 a
922 5256 1088 5311 fratre
1106 5274 1168 5313 ex
1201 5273 1388 5312 amore
1418 5268 1473 5313 et
1495 5259 1762 5314 cbaritatc
1794 5278 1861 5316 ne
1888 5260 1988 5315 alio

395 5349 524 5420 quid
559 5348 743 5416 faciat,
792 5347 1063 5418 fueritque
1107 5349 1159 5402 in
1197 5350 1381 5418 aliquo
1412 5360 1727 5415 correctus;
1784 5368 1851 5406 ne.
1889 5367 1987 5406 ex-

396 5442 708 5505 candescat.
735 5459 801 5496 ne
826 5442 1118 5505 irascatur,
1150 5442 1240 5495 sed
1275 5442 1480 5512 gratias
1511 5451 1657 5513 agat,
1693 5444 1785 5498 det
1832 5444 1985 5499 fratri

397 5550 607 5602 pacem,
636 5536 883 5606 corporis
913 5535 1268 5591 inclinatione
1306 5536 1571 5591 honorem
1598 5537 1871 5605 exhibeat,
1900 5547 1985 5593 at-

398 5642 503 5697 que
530 5628 604 5684 ita
642 5629 969 5700 corrigatur.
1007 5629 1063 5684 Si
1093 5630 1287 5685 viderit
1310 5628 1453 5684 Deus
1483 5647 1607 5688 esse
1641 5632 1793 5688 illum
1824 5633 1987 5704 hujus

475 5821 503 5864 P
536 5809 691 5866 Joan.
737 5826 855 5880 vut,
890 5809 977 5865 44.
1058 5821 1086 5861 q
1127 5811 1289 5868 Joau.
1332 5827 1441 5880 xw,
1478 5809 1531 5865 6.

2088 3246 2326 3299 διάνοιαν
2356 3242 2687 3314 ψευδόμενός
2719 3243 2867 3295 ἐστιν
2903 3242 2932 3292 6
2956 3240 3244 3311 δεχόμενος
3278 3239 3376 3304 τὰς
3408 3239 3687 3303 ὑπονοίας.

2100 3337 2225 3391 Ἐὰν
2246 3336 2331 3408 ἴδῃ
2352 3332 2504 3398 οὗτός
2533 3352 2653 3388 τινα
2673 3332 2938 3386 λαλοῦν-τα
2968 3332 3108 3403 μετὰ
3128 3330 3224 3384 τοῦ
3245 3331 3475 3399 ἀδελφοῦ
3495 3330 3686 3395 αὑτοῦ,

2090 3429 2324 3489 ὑπονοεῖ,
2355 3428 2449 3479 καὶ
2489 3425 2656 3491 λέγει,
2698 3425 2778 3477 ὅτι
2809 3424 2887 3476 Δι’
2927 3423 3029 3492 ἐμὲ
3051 3420 3294 3477 λαλοῦσι.
3335 3422 3447 3476 Καὶ
3480 3422 3575 3476 ἐὰν
3603 3424 3691 3475 κό-

2086 3524 2231 3593 ψωσι
2268 3520 2366 3591 τὴν
2386 3517 2604 3587 ὁμιλίαν
2626 3559 2639 3580 ,
2690 3517 2854 3570 πάλιν
2899 3518 3119 3569 ὑπονοεῖ
3147 3517 3228 3569 ὅτι
3263 3516 3329 3569 δι’
3373 3515 3535 3569 αὑτὸν
3565 3514 3690 3569 ἔκο-

2087 3615 2218 3683 ψαν.
2256 3613 2381 3666 Ἐὰν
2417 3611 2547 3685 εἴπῃ
2576 3628 2659 3673 τις
2708 3611 2882 3680 ῥῆμα,
2919 3610 3138 3662 ὑπονοεί
3164 3609 3246 3662 ὅτι
3284 3609 3369 3661 διά
3409 3609 3470 3663 τὸ
3505 3608 3692 3677 ϐλέψαι

2089 3706 2250 3760 αὑτὸν
2297 3702 2445 3768 εἶπε,
2480 3706 2574 3757 καὶ
2625 3703 2815 3766 ἁπλῶς
2847 3704 2925 3766 είς
2970 3702 3197 3755 ἕκαστον
3245 3703 3477 3772 πρᾶγμα
3515 3700 3692 3764 οὕτως

2087 3800 2237 3869 λέγει
2272 3798 2363 3850 τὸν
2386 3797 2634 3868 πλησίον,
2664 3795 2841 3863 λέγων
2870 3811 2882 3824 ·
2910 3794 2992 3847 Δι’
3021 3794 3122 3865 ἐμὲ
3177 3793 3297 3846 τόδε
3350 3793 3596 3863 ἐποίησε,
3621 3792 3690 3846 δι’

2089 3889 2188 3959 ἐμὲ
2218 3887 2334 3940 τοδε
2364 3883 2482 3939 εἶπε
2510 3903 2523 3917 ο
2557 3883 2644 3937 διὰ
2673 3884 2789 3936 τόδε
2817 3925 2831 3950 ,
2867 3885 2987 3937 τόδε
3027 3884 3307 3953 ἐποίησεν.
3339 3879 3506 3946 Οὗτός
3539 3885 3694 3936 ἐστιν

2087 3984 2116 4035 6
2148 3980 2292 4034 κατά
2321 3980 2562 4033 διάνοιαν
2591 3978 2944 4048 ψευδόμενος.
2966 3976 3131 4029 υὺδὲν
3154 3975 3262 4046 γὰρ
3292 3974 3491 4044 ἀληθὲς
3518 3974 3692 4042 λέγει,

2089 4072 2225 4127 ἀλλὰ
2255 4072 2434 4125 πάντα
2453 4069 2729 4132 ὑπονοίας.
2768 4068 2863 4120 Ἐκ
2884 4066 3075 4120 τούτου
3101 4067 3286 4120 λοιπὸν
3318 4065 3689 4138 περιέργειαι,

2090 4163 2436 4223 καταλαλιαί,
2461 4160 2522 4213 τὸ
2552 4158 2997 4230 παρακροᾶσθαι,
3020 4157 3081 4211 τὸ
3114 4156 3404 4228 μάχεσθαι,
3435 4157 3495 4210 τὸ
3524 4173 3693 4210 κατα-

2089 4258 2315 4328 κρίνειν.
2351 4257 2508 4308 ’Έστι
2541 4254 2597 4307 δὲ
2622 4254 2708 4306 ὅτε
2733 4251 2953 4305 ὑπονοεῖ
2981 4253 3236 4322 πρᾶγμα,
3259 4252 3353 4305 καὶ
3376 4250 3691 4321 εὑρίσκεται

2089 4353 2152 4403 ἐκ
2191 4350 2284 4403 τοῦ
2316 4347 2622 4418 συμϐάντος
2666 4345 2886 4416 ἀληθὲς,
2922 4346 3032 4400 ’καὶ
3071 4346 3147 4410 ὡς
3184 4346 3249 4398 εἰ(
3275 4344 3491 4408 τοὺτου,
3529 4345 3684 4413 φησὶ,

2090 4450 2259 4503 θέλων
2300 4448 2465 4502 αὑτὸν
2507 4445 2946 4520 διορθώσασθαι,
3007 4440 3429 4513 περιεργάζεται
3481 4436 3690 4505 λογιζό-
3734 4435 3759 4445 ’

2093 4554 2274 4608 μενος,
2308 4538 2389 4590 ὅτι
2431 4536 2555 4589 Ἐὰν
2591 4536 2711 4589 κατ’
2740 4532 2875 4605 ἐμοῦ
2910 4530 3062 4585 λαλεῖ
3104 4546 3189 4592 τις
3248 4527 3468 4597 βλέπω,
3498 4524 3549 4578 τί
3571 4526 3687 4578 ἐστι

2087 4630 2146 4681 τὸ
2187 4629 2410 4700 σφάλμα
2455 4645 2557 4698 μου
2605 4628 2662 4680 ὲν
2704 4619 2749 4693 ᾧ
2796 4623 3026 4694 διαϐάλῃ
3068 4638 3136 4692 με
3162 4659 3176 4683 ,
3231 4618 3327 4673 καὶ
3370 4615 3688 4689 διορθοῦμαι

2087 4720 2344 4790 ἐμαυτόν.
2382 4719 2608 4789 [Ιρῶτον
2639 4714 2741 4787 μὲν
2762 4711 2855 4767 οὖν
2889 4712 3026 4783 αὕτη
3062 4711 3095 4779 ἡ
3122 4708 3267 4780 ἁρχὴ
3306 4709 3369 4760 ὲκ
3403 4704 3499 4760 τοῦ
3523 4719 3689 4773 πονη-

2091 4811 2186 4883 ροῦ
2223 4814 2361 4865 ἐστι·
2416 4811 2505 4864 διὰ
2542 4812 2653 4879 γὰρ
2697 4806 2791 4860 τοῦ
2831 4804 3062 4875 ψεύδους
3109 4802 3347 4872 ἤρξατο,
3412 4798 3488 4870 μὴ
3536 4794 3688 4859 εἰδὼς

2089 4903 2385 4972 ὑπενόησεν
2414 4901 2442 4955 6
2474 4902 2572 4955 οὑκ
2598 4899 2736 4971 ᾔδει.
2762 4895 2881 4959 Πῶς
2905 4892 2999 4948 οὖν
3023 4893 3243 4946 δύναται
3276 4890 3493 4960 δένδρον
3534 4905 3689 4956 πονη-

2092 4995 2205 5068 ρὸν,
2232 4995 2480 5065 καρποὺς
2516 4990 2715 5053 καλοὺς
2742 4990 2948 5051 ποιεῖν;
2988 4985 3049 5038 El
3090 4983 3146 5036 δὲ
3182 4982 3318 5045 ὅλως
3357 4980 3501 5033 θέλει
3544 4978 3686 5047 διορ-

2091 5087 2389 5150 θώσασθαι,
2419 5086 2548 5138 ὅταν
2569 5085 2699 5155 εἴπῃ
2741 5079 2888 5151 αὑτῷ
2914 5077 3142 5147 ἀδελφός
3177 5090 3189 5105 ⁸
3223 5074 3314 5144 Μὴ
3347 5074 3578 5143 ποιήσῃς
3603 5069 3685 5124 τό-

2089 5181 2167 5246 δε,
2192 5180 2225 5251 ἢ
2258 5178 2355 5231 Διὰ
2383 5177 2435 5231 τί
2461 5176 2576 5229 τόδε
2604 5173 2867 5244 ἐποίησας
2891 5190 2907 5235 ;
2941 5168 3015 5240 μὴ
3040 5165 3310 5237 ταραχθῇ.
3335 5164 3474 5217 ἀλλὰ
3508 5161 3687 5233 βάλλει

2098 5272 2413 5343 μετάνοιαν,
2437 5269 2532 5323 καὶ
2554 5267 2944 5339 εὑχαριστήσει
2971 5260 3141 5330 αὑτῷ,
3161 5260 3280 5312 τότε
3301 5255 3685 5329 διορθὼσηται.

2098 5366 2207 5418 Καὶ
2240 5364 2334 5417 ἐὰν
2372 5362 2457 5435 ἴδῃ
2484 5364 2511 5415 6
2541 5362 2674 5425 Θεὸς
2716 5361 2798 5413 ὅτι
2830 5356 3058 5426 τοιαύτη
3098 5354 3245 5407 ἐστὶν
3294 5353 3327 5422 ὴ
3369 5350 3689 5421 προαίρεσις

2096 5457 2284 5520 αὑτοῦ,
2306 5456 2559 5509 οὐδέποτε
2592 5455 2703 5523 ἁφῇ
2735 5449 2898 5505 αὑτὸν
2928 5446 3283 5518 πλανηθῆναι·
3306 5441 3441 5496 ἀλλὰ
3482 5440 3689 5509 πέμπει

2098 5549 2315 5612 πάντως
2363 5548 2454 5601 τὸν
2506 5545 2791 5614 ὀφείλοντα
2836 5541 2995 5595 αὑτὸν
3041 5534 3459 5609 διορθώσασθαι
3510 5533 3582 5585 Τὸ
3630 5530 3689 5585 δὲ

2096 5637 2292 5701 εἰπεῖν,
2312 5637 2392 5691 ὅτι
2416 5635 2514 5688 Διὰ
2539 5633 2597 5688 τὸ
2617 5630 2998 5705 διορθωθῆναι,
3025 5625 3263 5679 πιστεύω
3279 5624 3398 5686 ταῖς
3414 5617 3692 5683 ὑπονοίαις
