4062 6410
458 365 620 437 171³1·

1825 360 2015 422 DOCT
2026 361 2214 422 RINA
2272 362 2375 422 IX.

3605 364 3743 432 1718

456 496 632 559 μου-ε
661 479 755 533 καὶ
812 476 998 533 λοιπὸν
1064 474 1476 550 παρακούεσθαι
1533 478 1626 531 καὶ
1688 474 2046 547 περιεργάζε-

2160 472 2350 540 animi,
2384 489 2658 545 nunquam
2692 474 2801 531 falli
2827 485 2923 532 aut
2948 476 3124 549 decipi
3155 478 3333 549 ipsum
3369 480 3624 550 patietur,
3644 482 3739 536 sed

456 570 603 636 σθαι,
646 567 924 640 δικαίωμα
967 569 1083 623 ἐστι
1126 567 1221 622 τοῦ
1260 566 1508 620 διαϐόλου
1542 565 1787 627 Θέλοντος
1817 562 2039 618 ἐπιϐου-

454 662 655 718 λεύειν.

2150 579 2369 636 semper
2413 566 2566 623 illum
2612 569 2704 637 qui
2739 584 2866 624 eum
2918 571 3175 642 corrigat,
3206 572 3519 630 destinabit.
3554 573 3742 629 Dicere

2152 665 2356 724 autem,
2390 658 2463 715 Ut
2485 675 2571 715 me
2602 661 2783 730 ipsum
2814 661 3120 733 corrigam,
3152 663 3372 720 credam
3404 666 3736 736 suspicioni-

455 756 583 814 bus.
618 762 787 825 atque
816 753 1073 824 deinceps
1099 767 1287 824 parcre
1342 750 1625 816 recusabo,
1698 763 1903 819 oroque
1962 744 2252 805 curiosus-
2287 748 2513 818 iustitiae
2554 754 2756 810 diaboli
2801 762 2929 811 sunt
2990 755 3192 826 quibus
3242 757 3593 827 supplantare
3640 776 3740 818 nos

614 849 679 904 it.

457 864 777 994 “Erige-:6
806 939 960 1004 ὄντος
988 956 1089 1011 μου
1114 940 1170 992 ἐν
1216 938 1293 1008 τῷ
1347 936 1620 1007 κοινοϐίῳ,
1666 933 2042 1006 ἐπειραζύμην

460 1033 548 1086 ἵνα
581 1032 647 1085 ὲκ
678 1030 780 1101 τῆς
814 1032 1086 1102 κινήσεως
1141 1028 1237 1083 τοῦ
1291 1027 1580 1100 ἀνθρώπου
1634 1026 2044 1097 καταλαμϐάνω

457 1121 558 1195 τὴν
600 1122 939 1178 κατάστασιν
1004 1119 1195 1174 αὑτοῦ.
1239 1120 1484 1190 ’Δπαντᾷ
1534 1136 1624 1190 μοι
1685 1116 1784 1171 οὑν
1835 1116 2044 1170 τοιοῦτο

459 1215 727 1286 πρᾶγμα·
771 1212 922 1280 ἅπαξ
953 1213 1030 1277 ὡς
1088 1213 1342 1283 ἵσταμαι,
1402 1211 1744 1281 παρέρχεται
1776 1210 1878 1280 μία
1906 1207 2073 1279 γυνὴ.

461 1304 810 1376 βαστάζουσα
842 1303 1032 1375 ὑδρίαν
1076 1300 1285 1366 ὓδατος,
1327 1300 1421 1354 καὶ
1441 1301 1540 1353 οὐκ
1566 1296 1685 1353 οἶδα
1717 1299 1836 1363 πῶς
1866 1299 2045 1369 ἡρπάέ

462 1395 620 1467 σθην,
651 1395 749 1451 καὶ
780 1394 1081 1465 προσέσχον
1108 1395 1220 1456 τοῖς
1250 1392 1550 1461 ὀφθαλμοῖς
1571 1393 1758 1463 αὐτῆς
1786 1392 1881 1446 καὶ
1909 1392 2044 1445 ὑπο-

462 1487 650 1544 δάλλει
672 1504 762 1559 μοι
795 1489 823 1540 6
847 1485 1107 1555 λογισμὸς
1142 1483 1367 1549 εὐθέως,
1398 1484 1482 1536 ὅτι
1535 1484 1709 1555 πόρνη
1739 1481 1909 1535 ἐστίν.
1955 1482 2045 1545 Ὠς

461 1575 557 1636 οὖν
604 1578 846 1633 ὑπέϐαλε
902 1577 1061 1632 τοῦτο
1099 1578 1128 1632 ὁ
1177 1576 1457 1647 λογισμὸς,
1495 1575 1717 1646 ἐθλίϐην
1755 1576 1918 1638 πάνυ,
1950 1574 2045 1628 καὶ

461 1671 611 1743 δηλῶ
626 1669 702 1742 τῷ
720 1670 939 1742 γέροντι
970 1669 1049 1741 τῷ
1080 1667 1227 1722 ἀϐϐἄ
1255 1668 1502 1741 Ἰωάννῃ,
1530 1665 1726 1729 οὕτως’
1774 1667 2044 1730 Δέσποτα,

461 1758 561 1814 ἐὰν
593 1758 672 1829 μὴ
702 1757 872 1811 θέλων
905 1755 999 1810 ἴδω
1027 1754 1236 1827 κίνημά
1265 1772 1432 1824 τινος,
1461 1755 1555 1806 καὶ
1578 1753 1872 1808 ὑποϐάλλει
1906 1770 1995 1823 μοι
2017 1753 2045 1805 6

2211 929 2275 988 ll.
2307 931 2444 989 Dum
2494 951 2670 991 essem
2717 936 2770 991 in
2813 937 3087 1000 coenobio,
3134 936 3364 993 fallebar
3410 939 3736 1008 plerumque

2146 1038 2175 1076 a
2204 1039 2289 1077 me
2320 1024 2458 1094 ipso,
2515 1026 2742 1081 credens
2775 1037 2924 1082 certo
2966 1044 3031 1082 ex
3071 1037 3221 1083 motu
3243 1027 3513 1084 exteriore
3558 1026 3737 1081 homi-

2146 1114 2231 1169 nis
2293 1130 2454 1184 posse
2486 1125 2688 1170 statum
2732 1118 2931 1173 mentis
2972 1117 3330 1187 deprehendi.
3401 1116 3498 1172 Die
3552 1126 3731 1174 autem

2147 1207 2383 1276 quadam
2416 1207 2545 1262 dum
2581 1208 2634 1261 in
2653 1224 2715 1262 ea
2734 1223 2913 1264 essem
2939 1208 3289 1265 fluctuatione
3316 1221 3371 1264 et
3403 1210 3735 1280 cogitatione
3812 1192 3817 1197 ’

2148 1300 2339 1363 animi,
2384 1301 2624 1356 occurrit
2678 1301 2811 1355 mihi
2855 1302 3073 1369 mulier,
3118 1318 3275 1373 aqua:
3316 1303 3563 1373 bydriam
3603 1319 3734 1374 por-

2151 1399 2295 1455 tans,
2332 1392 2388 1446 in
2431 1407 2594 1461 quam
2645 1391 2831 1446 nescio
2872 1408 2981 1461 quo
3015 1401 3175 1461 pacto
3217 1403 3503 1463 correptus
3542 1394 3735 1449 oculos

2143 1483 2272 1553 jeci,
2328 1484 2625 1552 statimque
2667 1483 2981 1552 suspicatus
3032 1498 3152 1538 sum
3180 1492 3424 1540 scortum
3458 1500 3601 1540 esse.
3666 1483 3739 1539 Ut

2148 1580 2330 1628 autem
2382 1572 2485 1627 hoc
2531 1572 2661 1627 mihi
2720 1573 3038 1642 scrupulum
3083 1573 3268 1643 injecit
3307 1574 3562 1645 cogitatio
3593 1592 3733 1639 mea,

2147 1664 2426 1736 aﬂligebar
2455 1665 2772 1729 admodum,
2808 1682 2875 1721 eo
2906 1667 3228 1736 usquedum
3253 1668 3304 1722 id
3335 1669 3517 1724 abbati
3541 1668 3735 1725 Joanni

2149 1755 2404 1822 revelari,
2428 1756 2651 1825 dixique
2684 1776 2697 1811 :
2724 1754 2965 1813 Obsecro
2994 1767 3068 1823 te,
3092 1759 3165 1812 mi
3203 1769 3374 1829 pater,
3403 1761 3591 1817 nescio
3627 1779 3738 1833 quo

460 1850 726 1921 λογισμὸς
750 1849 850 1921 τὴν
868 1836 1201 1904 κατάστασιν
1222 1848 1408 1910 αὑτοῦ,
1434 1847 1486 1899 τί
1522 1845 1753 1916 ὣςειλον
1788 1846 2046 1915 not-qaut;

2160 1857 2307 1919 pacto
2337 1848 2532 1902 nolens
2579 1864 2645 1903 ex
2676 1858 2824 1903 motu
2862 1851 3112 1919 corporis
3142 1850 3334 1920 judico
3363 1860 3571 1909 statum
3601 1854 3741 1909 inte-

464 1944 578 1999 Καὶ
619 1943 772 2013 δηλοῖ
803 1959 894 2013 μοι
951 1943 1045 1995 καὶ
1096 1940 1125 1993 6
1160 1940 1339 2012 γέρων
1385 1938 1580 2002 οὕτως.
1625 1937 1691 1990 Τί
1748 1932 1877 2004 οὗνς
1936 1938 2048 1990 Οὐκ

464 2035 614 2089 ἐστιν
643 2036 731 2088 ὅτε
771 2033 859 2087 ἀεὶ
904 2032 1017 2103 ἔχει
1065 2050 1147 2095 τις
1203 2032 1431 2100 φυσικὸν
1486 2030 1810 2098 ἐλάττωμα,
1860 2028 1953 2081 καὶ
1981 2027 2048 2080 δι’

466 2125 675 2194 ἀγῶνος
706 2124 947 2196 κατορθῇ
979 2122 1141 2186 αὐτὸς
1171 2122 1270 2174 οὐκ
1316 2120 1463 2174 ἔστιν
1515 2121 1579 2172 ὲκ
1632 2119 1823 2173 τούτου
1858 2118 2051 2188 μαθεῖν

470 2216 802 2272 κατάστασίν
854 2233 1020 2278 τινος.
1066 2214 1357 2284 Μηδέποτε
1407 2209 1499 2267 οὖν
1556 2213 1857 2284 πιστεύσῃς
1930 2211 2057 2273 ταῖς·

471 2302 751 2364 ὑπονοίαις
807 2319 937 2355 σου·
997 2301 1243 2371 σκαμδδς
1295 2301 1405 2372 γὰρ
1431 2301 1652 2366 κανὼν,
1693 2301 1789 2359 καὶ
1817 2300 1885 2353 τὰ
1918 2297 2053 2369 ὀρθὰ

473 2395 699 2465 σκαμϐὰ
727 2396 890 2448 ποιεῖ.
933 2394 1166 2458 Ψευδεῖς
1192 2398 1329 2447 εἰσιν
1393 2394 1453 2446 αἰ
1480 2392 1725 2446 ὑπόνοιαι
1778 2391 1873 2445 καὶ
1924 2391 2053 2461 βλά-

473 2504 726 2541 πτουσιν.
770 2488 864 2542 Ἐκ
895 2488 1019 2541 τότε
1045 2483 1168 2540 εἶπέ
1200 2485 1600 2557 μοιὸλογισμδς
1622 2485 1752 2556 περὶ
1780 2484 1872 2537 τοῦ
1902 2482 2053 2554 ἡλίου

472 2580 553 2634 ὅτι
585 2581 735 2652 ἤλιτες
773 2580 1005 2651 ἐστιν,ἢ
1048 2579 1177 2650 περὶ
1213 2578 1305 2632 τοῦ
1346 2578 1571 2640 σκότους
1613 2578 1696 2630 ὅτι
1740 2576 1931 2640 σκότος
1968 2577 2057 2628 έσ-

472 2674 576 2736 τὶν,
599 2674 698 2726 ούκ
724 2673 1010 2726 ἐπίστευον
1043 2670 1213 2742 αὐτῷ.
1252 2670 1423 2723 υύδὲν
1453 2668 1754 2740 βαρύτερον
1784 2669 1891 2721 τῶν
1921 2668 2054 2721 ὑπο-

473 2766 632 2820 νοιῶν
659 2782 673 2796 ’
698 2766 952 2819 τοσοῦτόν
974 2767 1112 2819 εἰσιν
1136 2762 1454 2825 ὲπιϐλαϐεἰς
1476 2778 1489 2792 ⁸
1522 2763 1604 2816 ὅτι
1624 2761 1974 2833 χρονίζουσαι
1999 2761 2058 2814 ἐν

474 2859 606 2930 ἡμῖν
638 2859 896 2930 ἄρχονται
927 2857 1137 2912 πείθειν
1167 2858 1315 2927 ἡμᾶς
1342 2856 1434 2908 καὶ
1453 2855 1693 2925 ἐνεργῶς
1727 2856 1907 2908 δοκεῖν
1933 2853 2059 2924 βλέ-⁸

474 2966 599 3002 πειν
628 2951 931 3021 πράγματα
957 2950 1093 3021 μήτε
1120 2948 1269 3015 ὅντα,
1301 2949 1438 3019 μήτε
1462 2947 1742 3018 γινόμενα.
1769 2947 1879 3000 Καὶ
1912 2944 2060 3014 λέγω

475 3043 605 3113 ὑμῖν
637 3044 869 3113 πρᾶγμα
897 3041 1213 3113 θαυμαστὸν
1246 3041 1376 3112 περὶ
1398 3039 1589 3093 τούτου
1623 3040 1706 3092 ὅτι
1740 3036 1851 3107 ἐγὼ
1914 3055 2057 3108 παρ-

475 3131 828 3202 ηκολούθησα
875 3130 956 3185 ἔτι
1009 3129 1084 3184 ὣν
1116 3132 1172 3185 ὲν
1205 3131 1283 3202 τῷ
1321 3130 1594 3200 κοινοϐίῳ.
1643 3129 1895 3199 ’Λδελφᾶν
1938 3147 2057 3182 τινα

474 3222 695 3296 εἴχομεν
724 3226 839 3278 ἐκεῖ
863 3223 1007 3278 πάνυ
1048 3223 1375 3294 ὀχλούμενον
1402 3220 1508 3276 ὑπὺ
1556 3221 1649 3275 τοῦ
1684 3222 1891 3285 πάθους
1930 3220 2056 3273 τούς

474 3330 593 3378 του,
628 3312 723 3367 καὶ
757 3307 911 3376 οὗτος
961 3312 1211 3366 ἐπείθετο
1272 3314 1389 3376 ταῖς
1451 3310 1611 3374 ἰδίαις
1650 3309 1948 3374 ὑπονοίαις,
1982 3310 2059 3374 ὡς

475 3404 944 3477 πληροφορείσθω
972 3405 1135 3459 αὑτὸν
1169 3404 1298 3476 περὶ
1323 3404 1562 3474 ἑκάστης
1596 3402 1849 3468 ὑπονοίαις
1868 3402 2057 3469 αὑτοῦ,

474 3498 556 3553 ὅτι
574 3494 748 3562 οὑτως
780 3497 900 3551 ἐστὶ
931 3498 1169 3562 πάντως,
1201 3497 1275 3560 ὡς
1299 3495 1648 3568 ὑπογράφειό
1671 3494 1929 3566 λογισμὸς
1957 3496 2059 3548 αὑε

450 3587 593 3653 ετοῦ,
627 3590 720 3642 καὶ
743 3589 845 3642 οὐκ
875 3588 1148 3660 ἐνδέχεται
1196 3588 1372 3652 ἄλλως
1402 3604 1415 3617 ·
1458 3586 1536 3657 τῷ
1569 3584 1663 3641 οὖν
1695 3586 1870 3659 χρόνῳ
1921 3604 2060 3659 προ-

478 3682 768 3742 κόπτοντος
797 3680 889 3734 τοῦ
918 3681 1112 3746 κακοῦ,
1139 3680 1314 3745 οὕτως
1339 3680 1503 3735 αὑτὸν
1531 3680 1758 3734 ἔπεισαν
1785 3680 1833 3732 oi
1867 3680 2060 3750 δαίμο-

477 3791 569 3837 νες
598 3773 928 3832 πλανᾶσθαι.
966 3773 1108 3827 ὥστε
1167 3772 1433 3827 εἰσελθεῖν
1485 3772 1647 3825 αὑτὸν
1676 3771 1825 3836 ama
1856 3775 1936 3835 εἰς
1967 3772 2061 3824 τὸν

479 3865 655 3935 κῆπον
720 3863 1205 3917 κατασκοποῦντα.
1259 3865 1371 3917 Καὶ
1425 3864 1934 3937 γὰρ-παρετηρείτο
1963 3863 2062 3917 καὶ

480 3955 872 4026 παρηκροᾶτο·
908 3956 1002 4008 καὶ
1042 3953 1186 4019 ἔδοξε
1220 3954 1440 4024 βλέπειν
1492 3955 1613 4010 τινὰ
1650 3955 1759 4007 τῶν
1815 3954 2061 4023 ἀδελψῶν

479 4047 780 4102 κλέπτοντα
838 4046 979 4099 σῦκα
1031 4046 1124 4099 καὶ
1156 4040 1594 4115 τρώγοντα,Ἦν
1639 4045 1696 4096 δὲ
1724 4044 1818 4098 καὶ
1876 4047 2061 4115 Παρα-

481 4139 672 4209 σκευὴ,
706 4137 801 4192 καὶ
821 4136 1004 4209 ἀκμὴν
1032 4136 1151 4190 οὑδὲ
1179 4136 1298 4208 ὥρα
1347 4133 1599 4205 δευτέρα.
1645 4135 1735 4197 Ὠς
1764 4129 1859 4188 οὖν
1906 4133 2060 4187 ἐπει-

481 4246 575 4283 σεν
618 4229 800 4291 αὑτὸν,
843 4229 920 4291 ὡς
977 4229 1061 4282 ὅτι
1116 4210 1301 4290 ἰδικῶς
1344 4226 1486 4298 μετὰ
1541 4225 1803 4298 ἀληθείας
1846 4220 1956 4279 εἶδε
1998 4224 2060 4278 τὸ

480 4322 736 4394 πρᾶγμα,
779 4320 1013 4392 κρύπτει
1037 4319 1248 4385 ἑαυτὸν,
1283 4320 1469 4390 φησιν,
1501 4319 1596 4372 καὶ
1617 4318 1902 4389 ἐξέρχεται
1933 4336 2065 4372 σιω-η

480 4412 621 4479 πῶν,
659 4411 755 4465 καὶ
782 4412 1092 4483 παρατηρεῖ
1141 4410 1304 4464 πάλιν
1350 4411 1432 4473 εἰς
1465 4410 1564 4479 τὴν
1591 4408 1739 4479 ὥραν
1802 4410 1902 4479 τῆς
1936 4426 2062 4463 συν-

484 4503 659 4568 άξεως
692 4504 821 4556 ἰδεῖν
846 4503 899 4556 τί
932 4504 1079 4556 ποιεῖ
1100 4504 1128 4556 6
1151 4501 1380 4571 ἁδελφὸς
1429 4502 1510 4565 εἰς
1559 4503 1658 4572 τὴν
1692 4499 1999 4567 κοινωνίαν,
2036 4502 2065 4554 6

482 4595 643 4668 δῆθεν
674 4595 877 4665 κλέψας
911 4596 980 4649 τὰ
1001 4595 1139 4649 σῦκα
1170 4594 1265 4648 καλ⁵
1294 4594 1506 4665 φαγών.
1538 4595 1647 4648 Καὶ
1677 4594 1753 4658 ὡς
1785 4589 1925 4648 εἶδεν
1964 4594 2065 4648 αὑ⁴

481 4688 574 4742 16v
604 4688 861 4741 νίπτοντα
890 4688 987 4751 τὰς
1015 4689 1226 4761 χεῖρας,
1248 4687 1337 4739 ἵνα
1365 4686 1585 4758 εἰσέλθῃ
1617 4685 1711 4740 καὶ
1737 4687 2066 4759 κοινωνήσῃ,

481 4780 667 4852 τρέχει
703 4780 795 4834 καὶ
828 4780 978 4849 λέγει
1010 4778 1089 4851 τῷ
1118 4778 1283 4849 ἀϐϐᾄ,
1305 4780 1386 4833 ὄτι
1424 4777 1482 4832 Ὁ
1507 4779 1696 4832 δεῖναὸ
1726 4777 1974 4848 ἁδελφὸς,
1993 4779 2068 4832 ίδε

483 4873 590 4927 ποῦ
646 4873 955 4945 εἰσέρχεται
1016 4873 1345 4944 μεταλαϐεῖν
1400 4873 1499 4945 τῆς
1558 4873 1724 4942 ἁγίας
1781 4872 2069 4935 κοινωνίας

491 4964 629 5040 μετὰ
657 4967 765 5021 τῶν
792 4966 1038 5037 ἀδελφῶν
1064 4984 1078 4998 ·
1109 4965 1248 5022 ἀλλὰ
1270 4965 1524 5018 κέλευσον
1547 4963 1617 5037 μή
1649 4964 1867 5035 δοθῆναι
1895 4963 2065 5034 αὐτῷ.

498 5058 641 5130 Ἐγὼ
671 5059 781 5130 γὰρ
810 5055 929 5113 οἶδα
978 5057 1142 5111 αὑτὸν
1188 5056 1295 5111 ἀπὸ
1329 5054 1475 5126 πρωῒ
1505 5055 1810 5109 κλέπτοντα
1836 5055 1978 5108 σῦκα
2002 5056 2070 5109 ἐκ

485 5150 580 5205 τοῦ
616 5152 796 5223 κήπου
825 5150 918 5202 καὶ
945 5146 1251 5220 τρώγοντα.
1290 5147 1380 5200 Ἐν
1423 5146 1666 5218 τοσούτῳ
1695 5146 2007 5218 εἰσέρχεται
2039 5149 2070 5200 6

485 5242 713 5311 ἀδελφὸς
744 5242 952 5305 ἐκεῖνος
999 5239 1137 5312 μετὰ
1189 5240 1393 5309 πολλῆς
1434 5239 1785 5306 κατανύξεως
1850 5240 1931 5301 εἰς
1969 5243 2069 5309 τὴν

489 5333 652 5402 ἁγίαν
686 5333 1003 5405 προσφοράν
1025 5349 1038 5364 ·
1067 5327 1134 5403 ἦν
1162 5334 1271 5403 γὰρ
1304 5330 1396 5384 καὶ
1426 5330 1535 5385 τῶν
1568 5331 1831 5386 εὑλαὸῶν.
1851 5330 1941 5394 Ὠς
1975 5326 2070 5385 οὖν

488 5421 630 5479 εἰδεν
659 5424 826 5479 αὑτὸν
880 5427 909 5479 6
936 5423 1132 5492 ἁὸδᾶς,
1165 5423 1322 5477 καλεῖ
1351 5422 1512 5477 αὑτὸν
1547 5423 1677 5496 πρὶν
1710 5424 1744 5495 ἢ
1778 5422 2070 5493 πλησιάζει

487 5514 566 5587 τῷ
584 5515 939 5588 πρεσϐυτέρῳ
988 5514 1066 5588 τῷ
1101 5514 1498 5585 μεταδιδοῢντι,
1530 5517 1626 5569 καὶ
1669 5515 1940 5585 λαμϐάνει
1972 5516 2073 5569 αὑ-

488 5604 581 5660 τὸν
609 5606 732 5659 κατ’
764 5605 922 5672 ἰδίαν,
952 5606 1048 5661 καὶ
1070 5606 1220 5676 λέγει
1247 5605 1416 5678 αὐτῷ·
1454 5625 1473 5659 ι
1506 5606 1644 5662 Εἰπέ
1698 5623 1812 5677 μοι,
1849 5605 2066 5675 ἀδελφέ,

491 5698 721 5753 τίὲστιν
746 5697 775 5752 δ
820 5699 1085 5769 ἐποίησας
1141 5700 1414 5771 σήμερον;
1453 5716 1472 5751 ι
1510 5697 1745 5762 Ἐκεῖνος
1794 5696 2068 5769 ἐξενίσθη,

493 5789 591 5845 καὶ
617 5788 766 5860 λέγει
810 5789 990 5863 αὑτῷ,
1032 5810 1052 5843 ‹
1107 5789 1242 5860 ιιοῢ,
1292 5790 1529 5845 δέσποτα
1553 5808 1568 5857 ;
1604 5808 1621 5842 ι
1655 5789 1817 5859 Λέγει
1868 5789 2070 5862 αὑτῷὸ

2150 1940 2315 1995 rioris
2353 1941 2574 2007 mentis,
2623 1941 2956 2011 cogitatione
3001 1957 3120 1996 mea
3162 1942 3267 1998 hoc
3296 1943 3428 1997 mihi
3466 1944 3736 2013 dictante;

2151 2032 2283 2102 quid
2330 2033 2491 2103 igitur
2529 2048 2720 2088 censes
2778 2032 3123 2088 faciendum?
3188 2035 3487 2104 Respondit
3524 2036 3593 2091 ad
3623 2036 3742 2092 haec

2153 2125 2336 2180 senior
2376 2143 2388 2178 :
2436 2107 2573 2178 Cum
2621 2125 2747 2193 quis
2794 2125 2983 2178 vitium
3020 2125 3189 2178 ullum
3226 2126 3476 2180 naturale
3499 2135 3554 2182 et
3592 2127 3743 2199 lnge-

2154 2217 2330 2271 nitum
2358 2216 2609 2271 habuerit
2642 2256 2657 2276 .
2694 2224 2748 2270 ct
2796 2231 2892 2286 per
2934 2230 3168 2286 pugnam
3209 2215 3345 2273 illud
3376 2219 3739 2288 superaverit,

2156 2324 2263 2364 non
2297 2308 2484 2363 licebit
2513 2324 2578 2363 ex
2613 2310 2716 2363 hoe
2741 2318 2943 2362 statmn
2975 2307 3161 2377 ipsius.
3184 2324 3535 2379 cognoscere,
3565 2309 3742 2364 multo

2156 2401 2339 2454 minus
2373 2414 2439 2454 ex
2469 2398 2892 2469 suspicionibus,
2922 2398 3121 2468 quibus
3153 2410 3210 2454 ut
3239 2415 3515 2470 nunquam
3548 2400 3769 2461 credas

2157 2491 2448 2547 admoneo.
2511 2489 2715 2561 Regula
2761 2488 2926 2562 416
2962 2490 3112 2561 enim
3144 2490 3388 2561 obliqua,
3421 2493 3586 2548 etiam
3620 2507 3742 2562 qua:

2158 2596 2302 2642 recta
2335 2586 2747 2655 suntobliquat.
2788 2583 3219 2639 Mendacissimm
3244 2586 3741 2655 Suntsuspieiones,

2157 2688 2212 2734 et
2255 2678 2511 2733 omnibus
2567 2676 2890 2730 habentibus
2923 2685 3140 2731 nocent.
3195 2674 3272 2730 Ex
3301 2693 3366 2731 co
3388 2676 3551 2745 igitur
3601 2685 3741 2732 tem-

2158 2784 2290 2838 pore
2340 2767 2385 2822 si
2423 2766 2555 2820 mihi
2594 2764 2850 2835 cogitatio
2888 2780 3013 2821 mea
3068 2766 3297 2821 dixisset
3345 2767 3518 2821 solem
3570 2767 3740 2822 solem

2159 2876 2303 2925 esse,
2339 2869 2390 2914 et
2434 2858 2684 2914 tenebras
2719 2857 2992 2920 tenebras,
3022 2855 3109 2909 vix
3156 2856 3534 2912 credidissem.
3597 2853 3743 2909 Nihil

2162 2952 2378 3023 gravius
2429 2949 2858 3019 suspicionibus,
2897 2964 3017 3017 qua:
3044 2948 3179 3002 adeo
3213 2948 3391 3003 noxiae
3421 2956 3568 3012 sunt,
3596 2957 3653 3002 ut
3698 2948 3744 3001 si

2163 3043 2214 3096 in
2254 3042 2410 3096 nobis
2444 3041 2722 3111 paululum
2775 3038 3067 3099 insideant.
3117 3040 3364 3094 nitantur
3401 3040 3583 3094 statim
3619 3054 3745 3108 per-

2163 3134 2395 3189 suadere
2444 3140 2502 3186 ιιι
2551 3132 2841 3185 credamus
2885 3145 2985 3184 nos
3020 3129 3168 3199 ipsos
3196 3130 3603 3195 evidentissime
3627 3146 3749 3184 eer-

2161 3240 2291 3279 nere
2320 3239 2383 3278 ea
2417 3224 2579 3277 etiam
2624 3238 2744 3291 qtne
2787 3238 2962 3292 neque
2998 3234 3127 3277 sunt
3172 3237 3348 3291 neque
3388 3219 3632 3276 fuerunt.
3680 3219 3749 3278 Et

2160 3332 2274 3371 rem
2318 3317 2474 3370 vobis
2495 3330 2662 3384 super
2698 3315 2801 3368 hoc
2842 3315 3080 3368 narrabo
3121 3314 3441 3381 mirabilem,
3478 3314 3533 3367 in
3585 3330 3748 3383 quam

2162 3423 2261 3479 ego
2302 3406 2468 3462 incidi
2494 3406 2623 3461 dum
2646 3421 2826 3462 essem
2861 3406 3041 3460 adhuc
3077 3406 3131 3460 in
3173 3406 3447 3462 coenobio.
3501 3405 3749 3462 Fratrem

2161 3497 2457 3554 habuimus
2504 3497 2739 3552 maxime
2799 3497 3210 3566 perturbatione
3249 3498 3351 3554 hac
3395 3497 3771 3569 exagitatum,

2162 3590 2255 3661 qui
2291 3587 2703 3659 suspicionibus
2739 3588 2856 3645 suis
2902 3590 2977 3644 ita
3025 3589 3292 3655 crederet,
3340 3597 3398 3645 ut
3437 3589 3752 3660 persuaderi

2162 3684 2315 3738 nullo
2368 3678 2533 3737 modo
2572 3689 2757 3751 posset
2802 3681 3198 3737 aliter.sentire
3260 3690 3355 3737 aut
3391 3696 3515 3738 esse
3569 3697 3752 3752 posse,

2162 3792 2327 3846 quam
2375 3790 2474 3830 sua
2512 3774 2617 3828 sibi
2660 3773 2920 3844 cogitatio
2956 3775 3238 3829 dictasset.
3289 3760 3558 3844 Tempore
3588 3775 3754 3844 igitur

2163 3875 2545 3923 succrescente
2597 3866 2763 3930 malo,
2804 3866 2878 3921 ita
2930 3874 3014 3922 est
3048 3867 3359 3921 daemonum
3403 3860 3754 3923 institu‘tione

2161 3961 2441 4031 deceptus,
2498 3969 2560 4015 ut
2622 3961 2840 4015 hortum
2894 3960 3176 4035 ingressus
3228 3959 3457 4014 adeum
3494 3957 3563 4013 de
3600 3975 3753 4014 more

2163 4053 2615 4121 custodiendum,
2648 4053 2832 4109 videre
2869 4052 3147 4108 videretur
3182 4050 3406 4106 fratrem
3438 4051 3754 4122 subripien-

2163 4154 2272 4202 tem
2319 4146 2455 4201 ficus
2480 4154 2535 4201 et
2569 4145 2967 4201 comedentem.
3026 4144 3160 4200 Erat
3200 4152 3384 4200 autem
3421 4144 3751 4209 Parasceve,

2163 4239 2413 4309 horaque
2458 4238 2700 4293 nondum
2755 4236 3018 4293 secunda.
3077 4236 3147 4293 Ut
3186 4251 3314 4291 vero
3347 4236 3452 4292 sibi
3487 4234 3591 4307 ipsi
3631 4253 3756 4307 per-

2164 4330 2338 4387 suasit
2394 4329 2540 4401 qitod
2590 4345 2703 4385 rem
2771 4345 2899 4385 vere
2951 4345 3061 4385 non
3111 4329 3453 4400 phantastice
3507 4328 3749 4393 vidisset,
3802 4346 3807 4353 '

2163 4437 2415 4492 egressus
2450 4438 2575 4478 cum
2613 4421 2832 4477 silentio
2873 4422 3196 4476 observabat
3229 4420 3409 4476 denuo
3451 4420 3662 4483 horam,
3696 4432 3756 4474 ut

2097 4529 2144 4584 ι)
2172 4513 2380 4568 videret
2407 4512 2668 4584 quidnam
2709 4520 2893 4582 ageret
2944 4510 3114 4566 frater
3153 4511 3242 4565 ille
3275 4511 3327 4565 in
3375 4512 3622 4576 collecta,
3662 4512 3759 4582 qui

2173 4605 2336 4676 paulo
2375 4613 2504 4659 ante
2551 4604 2896 4672 subripuisse
2951 4605 3087 4658 licus
3139 4611 3193 4658 et
3248 4604 3559 4659 comedisse
3607 4604 3758 4659 visus

2170 4707 2310 4753 crat.
2381 4697 2457 4753 Ut
2490 4713 2616 4750 vero
2656 4698 2801 4751 hunc
2831 4696 2965 4750 vidit
3002 4711 3197 4751 manus
3239 4695 3514 4751 lavantem
3552 4707 3607 4749 et
3639 4711 3761 4749 sese

2172 4788 2239 4843 ad
2319 4788 2761 4843 communionem
2841 4786 3246 4857 percipiendam
3336 4796 3754 4857 praeparantcni,

2171 4878 2406 4934 accurrit
2453 4880 2519 4932 ad
2562 4876 2836 4943 abbatem,
2890 4888 3155 4947 rogatque
3186 4886 3243 4931 ut
3286 4876 3508 4931 fratrem
3539 4890 3757 4933 asacra

2171 4969 2560 5025 communione
2591 4971 2863 5032 cohibeat,
2921 4985 3084 5039 quem
3142 4986 3302 5025 mane
3337 4971 3477 5023 licus
3501 4984 3564 5021 ex
3598 4967 3755 5021 horto

2172 5063 2398 5118 vidisset
2438 5061 2785 5132 subripuisse
2813 5064 3207 5116 etcomcdisse.
3259 5062 3471 5115 Interea
3519 5060 3758 5130 ingredi-

2173 5155 2262 5201 tur
2288 5146 2455 5202 frater
2491 5146 2579 5201 illc
2606 5147 2730 5217 pius
2756 5156 2807 5200 et
2839 5146 3165 5217 reliogiosus
3193 5161 3409 5199 summa
3435 5159 3561 5200 eum
3592 5143 3759 5198 devo-

2172 5241 2317 5294 tione
2340 5244 2395 5292 et
2418 5238 2836 5306 compunctione
2863 5236 2927 5292 ad
2960 5236 3361 5291 sanctissimam
3394 5235 3755 5291 oblationem:

2169 5341 2290 5388 crat
2325 5332 2470 5385 enim
2521 5346 2665 5385 unus
2712 5344 2776 5384 ex
2812 5331 2914 5400 piis
2949 5339 3003 5384 et
3054 5329 3207 5383 \alde
3241 5326 3531 5397 religiosis.
3583 5324 3757 5392 Quem

2172 5439 2298 5478 cum
2330 5424 2468 5477 vidit
2520 5423 2710 5487 abbas,
2767 5423 2917 5491 prius
2972 5436 3136 5490 quam
3190 5419 3508 5491 presbytero
3554 5432 3583 5472 a
3647 5431 3759 5487 quo

2171 5513 2667 5571 eommunicandus
2687 5522 2822 5579 erat,
2852 5500 3075 5582 propior
3105 5511 3279 5579 fieret,
3305 5510 3556 5566 evocavit
3578 5508 3643 5563 ad
3676 5523 3756 5571 se,

2171 5618 2226 5664 et
2259 5618 2470 5664 secreto
2496 5609 2646 5662 illum
2696 5606 2979 5675 alloquens
3002 5603 3463 5674 percunctabatur
3493 5600 3757 5672 quidnam

2170 5715 2236 5756 eo
2258 5701 2348 5756 die
2381 5699 2619 5756 fecisset.
2681 5696 2911 5768 Expavit
2938 5697 3168 5767 simplex
3195 5696 3297 5751 hac
3317 5694 3498 5751 subita
3525 5693 3761 5748 interro-

2173 5789 2674 5867 gatione,maxime
2706 5801 2837 5844 vero
2870 5785 3146 5843 inhorruit
3173 5785 3267 5842 ubi
3293 5797 3407 5841 rem
3440 5795 3659 5840 omnem
3689 5794 3767 5836 ex-
