4062 6416
341 366 480 438 37ί9

1591 376 1651 436 8.
1687 376 2082 437 DOROTHEI
2113 376 2436 436 ABBATIS

3520 369 3671 440 i720

340 485 537 537 atii-ate
563 481 861 553 cognovit:
897 482 1192 553 respondet
1216 498 1281 537 eo
1314 482 1404 540 die
1435 500 1557 540 sese
1591 485 1811 540 hortum
1839 501 1943 540 non

2054 484 2231 548 άϐϐᾶς
2258 502 2271 515 ·
2341 504 2359 537 ι
2393 485 2488 549 Εἰς
2514 484 2609 538 τὸν
2657 483 2837 553 κῆπον
2893 484 2982 538 ὅτε
3046 476 3295 557 εἰσῆλθες
3322 485 3384 540 τὸ
3413 487 3585 558 πρωῒ,
3610 486 3665 541 τί

339 574 566 635 \idisse.
590 572 703 629 imo
733 574 853 644 ipso
888 590 1050 631 mane
1079 592 1186 629 non
1211 574 1377 631 fuisse
1412 577 1464 630 in
1494 578 1767 640 coenobio,
1793 578 1959 633 enus-

2067 577 2275 641 ἐποίεις
2316 577 2461 642 έκεῖς
2521 595 2541 628 ι
2603 574 2768 644 Λέγει
2816 575 2999 638 πάλιν,
3052 576 3127 640 ὡς
3175 577 3667 649 ἐκπληττόμενοςό

340 673 463 716 sum
480 661 626 718 foras
639 664 705 717 ad
724 678 967 720 nceessa:
984 666 1031 719 ia
1047 667 1360 721 monasterii
1376 667 1445 721 ab
1463 668 1943 724 (economo.l)ista-

2065 668 2293 737 ἀδελφός
2322 686 2335 698 ·
2365 687 2383 719 ι
2408 668 2680 733 Δέσποτα,
2705 665 2830 721 οὔτε
2853 668 2945 721 τὸν
2984 668 3161 738 κῆπον
3197 663 3338 722 εἶδον
3395 671 3661 742 σήμερον,

343 751 439 804 hat
461 759 642 804 autem
665 750 820 806 locus
838 767 888 805 ιιι
899 751 1027 809 ullis
1046 754 1311 819 miilihus,
1329 757 1473 812 unde
1497 767 1719 812 venerat
1736 758 1824 813 ille
1841 759 1956 830 ipsa

344 844 507 900 lmra.
530 832 772 901 Vocatus
802 861 1126 902 (economus
1154 851 1337 904 Omnia
1370 850 1777 918 confessusest,
1797 862 1851 908 et
1867 869 1957 909 ve-

344 951 358 986 ι
386 934 491 989 iun
513 936 783 1005 poposcit,
812 937 959 1008 quod
979 939 1084 993 hoc
1105 941 1221 1010 ipso
1240 941 1415 997 inscio
1449 942 1688 1011 fecisset,
1720 961 1787 1000 ne
1817 946 1959 1001 scili-

343 1035 431 1079 ret
451 1042 575 1081 eum
608 1042 637 1082 a
663 1029 849 1083 studio
870 1038 921 1083 et
949 1028 1151 1101 vigiliis
1175 1031 1528 1089 disturbaret.
1562 1036 1865 1092 Persuasus
1894 1046 1949 1093 et

345 1119 578 1174 credens
628 1122 857 1175 omnino
910 1121 996 1178 his
1049 1123 1243 1187 abbas,
1299 1140 1395 1181 eos
1418 1143 1543 1183 cum
1576 1129 1953 1186 benedictione

344 1210 498 1265 misit
541 1212 608 1267 ad
677 1215 1126 1270 communionem
1170 1234 1184 1270 :
1247 1231 1553 1290 vocatoque
1582 1220 1751 1277 fratre
1778 1223 1952 1279 altero

344 1303 437 1366 qui
473 1304 884 1374 suspicionibus
915 1307 1032 1364 suis
1071 1309 1358 1380 agebatur,
1405 1312 1558 1367 illum
1618 1314 1819 1370 acriter
1866 1315 1951 1371 in-

343 1393 611 1461 crepavit,
637 1404 691 1449 et
721 1397 1115 1453 communione
1155 1400 1458 1469 prohibuit.
1520 1403 1646 1459 Post
1679 1421 1813 1461 vero
1848 1422 1948 1462 ex-

342 1483 518 1550 pletas
582 1488 945 1543 caeremonias
1018 1496 1073 1544 et
1156 1506 1357 1557 sacra,
1426 1504 1630 1549 coetum
1696 1497 1947 1553 omnium

343 1575 746 1630 monachorum
802 1588 860 1633 et
908 1592 1237 1636 conventum
1298 1586 1669 1655 congregavit,
1725 1598 1781 1643 et
1821 1598 1949 1644 ante

344 1681 540 1722 eximes
574 1667 835 1725 uberibus
885 1670 1159 1742 lacrymis,
1195 1690 1316 1744 qua:
1349 1675 1728 1747 contigissent,
1772 1694 1946 1748 expo-

344 1758 460 1811 suit
501 1766 556 1810 et
603 1760 786 1827 posuit
827 1759 1054 1815 fratrem
1102 1778 1256 1817 reum
1299 1777 1426 1819 ante
1453 1765 1644 1835 ipsos:
1686 1767 1787 1822 tria
1837 1770 1946 1825 hoc

2062 758 2189 814 οὔτε
2223 756 2324 815 ὦδε
2355 760 2505 833 ήμην
2530 760 2613 825 είς
2640 760 2702 813 τὸ
2753 760 3023 815 κοινόϐιον
3056 762 3118 815 τὸ
3163 760 3335 833 πρωῒ,
3367 761 3504 816 ἀλλά
3534 761 3666 835 ἀρτι

2065 851 2143 907 ῐδε
2172 847 2337 923 ἦλθον
2363 852 2471 906 ἀπὸ
2496 852 2595 924 τῆς
2617 852 2762 908 ὁδοῦ.
2798 852 3017 917 Εὐθέως
3050 852 3161 925 γὰρ
3197 854 3340 923 μετὰ
3368 854 3662 910 1667:016-

2063 960 2154 997 σαι
2178 942 2278 1016 τὴν
2307 944 2641 1017 ἀγρυπνίαν,
2671 943 2888 1015 ἔπεμψέ
2922 962 2988 1015 με
3014 948 3042 999 6
3062 946 3350 1016 οἰκονόμος
3383 946 3464 1010 είς
3497 945 3666 1018 τήνδε

2057 1035 2159 1108 τὴν
2185 1037 2501 1107 ἀπόκρισιν.
2551 1056 2570 1091 ι
2598 1035 2711 1090 Ἦν
2743 1038 2801 1091 δὲ
2830 1040 2864 1111 ή
2897 1039 3195 1109 ἀπόκρισις
3236 1039 3370 1111 περὶ
3397 1034 3469 1112 ἧς
3504 1036 3667 1095 εἶπεν

2058 1128 2170 1184 ἀπὺ
2224 1129 2441 1183 πολλῶν
2503 1130 2700 1201 μιλίων
2754 1129 2853 1184 καὶ
2900 1130 3024 1184 κατ’
3050 1131 3228 1200 αὑτὴν
3256 1130 3358 1201 τὴν
3386 1130 3539 1203 ὥραν
3556 1132 3666 1204 τῆς

2059 1221 2335 1290 συνάξεως
2381 1218 2451 1294 ἦν
2505 1222 2721 1292 φθάσας
2758 1224 2789 1276 6
2845 1222 3097 1293 ἀδελφός.
3134 1222 3582 1279 Μεταστέλλεται
3631 1226 3667 1279 6

2055 1314 2233 1379 ἀϐϐἆς
2254 1316 2345 1369 τὸν
2376 1316 2669 1388 οἰκονόμον
2697 1316 2793 1371 καὶ
2839 1316 2991 1386 λέγει
3044 1317 3195 1389 αὑτῷ
3215 1333 3229 1347 ·
3270 1337 3290 1370 ι
3335 1317 3449 1373 Ποῦ
3479 1318 3665 1390 έπεμ-

2053 1406 2162 1477 ψας
2188 1406 2279 1460 τὸν
2310 1406 2540 1477 ἀδελφὺν
2572 1407 2797 1477 τοῦτονς
2835 1426 2855 1459 ι
2902 1410 3293 1482 Ἀποκρίνεται
3314 1413 3343 1465 6
3369 1411 3667 1482 οἰκονόμος

2051 1499 2190 1569 ὅπερ
2212 1493 2336 1552 εἶπε
2357 1498 2455 1553 καὶ
2487 1500 2515 1552 6
2540 1498 2790 1569 ἀδελφὸς,
2821 1501 2908 1554 ὅτι
2940 1519 2960 1553 ι
2992 1501 3090 1565 Εἰς
3108 1501 3271 1573 τήνδε
3305 1500 3407 1573 τὴν
3457 1501 3666 1574 κώμην

2051 1587 2276 1661 ἔπεμψα
2303 1590 2520 1654 ain-6v,»
2552 1592 2647 1644 καὶ
2671 1590 2855 1663 βάλλει
2877 1591 3194 1663 μετάνοιαν,
3224 1592 3398 1649 είπών
3419 1610 3434 1624 '
3452 1598 3486 1645 ⁷(
3518 1593 3667 1662 Συγ-

2050 1675 2323 1748 χώρησον,
2360 1677 2511 1749 κῦρι,
2556 1679 2640 1733 ὅτι
2696 1679 2972 1734 ἀνεπαῦου
3006 1681 3117 1735 ἀπὸ
3160 1681 3264 1753 τῆς
3315 1682 3663 1754 ἀγρυπνίας,

2051 1771 2147 1824 καὶ
2178 1770 2269 1824 διὰ
2304 1772 2462 1825 τοῦτο
2511 1772 2613 1827 οὑκ
2668 1773 2877 1846 ήνεγκα
2928 1773 3094 1829 αὑτὸν
3128 1774 3315 1830 λαϐεῖν
3356 1775 3513 1848 παρὰ
3553 1774 3657 1829 σοῦ

343 1864 457 1904 ιιιιο
505 1848 782 1906 facturus:
860 1852 1194 1912 confusurus
1238 1858 1418 1927 primo
1467 1859 1771 1928 diabolum,
1823 1871 1943 1934 pust

2050 1863 2345 1918 ἀπόλυσιν.
2387 1882 2405 1915 ι
2450 1864 2538 1928 Ὠς
2565 1862 2660 1919 οὖν
2689 1866 3118 1940 ὲπληροφορήθη
3205 1867 3407 1935 άϐϐἇς,
3446 1867 3681 1937 ἀπέλυε

341 1950 629 1998 erecturus
656 1945 909 2017 exemplo
951 1946 1274 2018 quicunque
1316 1950 1661 2021 suspiciones
1689 1954 1946 2010 dissemi-

344 2045 520 2100 naret,
563 2037 763 2093 deinde
805 2036 960 2109 fratri
1012 2050 1296 2110 peccatum
1337 2042 1440 2099 hoc
1487 2044 1824 2103 dimissurus
1850 2063 1946 2117 per

341 2128 515 2197 ipsum
548 2132 953 2200 confusionem,
987 2149 1153 2205 quam
1200 2144 1329 2191 ante
1367 2152 1564 2194 omnes
1602 2139 1816 2209 positus
1846 2156 1944 2210 pa-

342 2230 566 2277 teretur.
621 2223 787 2279 Multa
833 2225 1019 2296 itaque
1070 2227 1140 2283 de
1192 2228 1297 2283 hac
1352 2244 1414 2284 re
1461 2230 1715 2301 loquens,
1749 2247 1941 2289 omnes

339 2326 531 2371 ezmtos
563 2318 819 2383 reddidit,
863 2334 930 2375 ne
962 2335 1207 2392 unquam
1260 2323 1492 2393 posthac
1531 2325 1944 2395 suspicionibus

338 2408 712 2475 crederemus,
749 2409 960 2479 clarum
992 2411 1201 2471 faciens
1241 2415 1494 2485 exemplo
1516 2419 1768 2487 praesenti
1805 2417 1944 2472 nihil

334 2515 461 2556 esse
487 2502 712 2569 gravius
747 2504 1190 2574 suspicionibus.

2049 1971 2143 2009 σεν
2173 1955 2371 2020 αὐτοὺς
2401 1956 2658 2011 ἀπελθεῖν
2680 1957 3035 2030 κοινωνῆσαι.
3064 1962 3177 2014 Καὶ
3194 1960 3353 2015 καλεῖ
3377 1961 3470 2015 τὸν
3498 1959 3665 2015 ἀδελ-

2051 2047 2151 2116 φὺν
2181 2048 2269 2101 τὸν
2303 2047 2405 2113 τὰς
2427 2049 2686 2115 ὑπονοίας
2720 2049 2935 2121 ἔχοντα.
2960 2052 3058 2106 καὶ
3082 2053 3317 2124 ἐπιτιμᾷ
3346 2052 3535 2118 αὑτὸν,
3552 2053 3660 2106 καὶ

2046 2139 2303 2212 ἀφορίζει
2359 2140 2527 2194 αὑτὸν
2559 2141 2671 2195 ἀπὸ
2704 2142 2806 2213 τῆς
2857 2142 3022 2214 ἁγίας
3076 2145 3364 2209 κοινωνίας
3393 2161 3410 2176 ο
3459 2144 3556 2200 καὶ
3587 2144 3657 2199 οὐ

2052 2232 2212 2303 μόνον
2252 2232 2430 2297 τοῦτο,
2471 2232 2609 2288 ἀλλὰ
2640 2234 2738 2289 καὶ
2763 2234 3002 2300 καλέσας
3042 2236 3170 2302 τοὺς
3213 2236 3487 2309 μοναχοὺς
3513 2236 3658 2291 πάν-

2044 2342 2147 2389 τας
2174 2325 2315 2396 μετὰ
2342 2326 2446 2397 τήν
2478 2326 2722 2394 σύναξιν,
2779 2325 3100 2400 ἐξήγγειλεν
3131 2330 3319 2393 αὑτοῖς
3371 2327 3512 2400 μετά
3551 2328 3654 2383 δασ-

2047 2417 2231 2488 κρὺων
2279 2419 2348 2472 τά
2404 2418 2715 2489 συμϐάντα,
2761 2421 2857 2475 καὶ
2908 2421 3261 2492 ἐστηλίτευσε
3294 2422 3390 2476 τὸν
3419 2421 3656 2491 ἀδελφὸν

2044 2511 2141 2565 ἐπὶ
2183 2512 2402 2565 πάντων
2433 2527 2449 2542 ο
2482 2512 2615 2585 τρία
2660 2515 2726 2567 ἐκ
2769 2511 2962 2567 τούτου
3005 2514 3557 2588 πραγματευόμενος,
3589 2516 3655 2569 1:6

337 2608 807 2681 καταισχυνθῆναι
836 2611 929 2665 τὸν
956 2610 1230 2678 διάϐολον,
1298 2609 1393 2666 καὶ
1454 2608 2071 2683 παραδειγματισθῆναι
2126 2610 2215 2662 τὶν
2247 2612 2544 2681 σπείροντα
2582 2611 2682 2675 τάς
2732 2610 3015 2674 ὑπονοίας,
3054 2612 3150 2666 καὶ
3218 2611 3314 2666 τοῦ
3356 2624 3658 2684 συγχωρη-

335 2705 498 2772 θῆναι
540 2702 638 2776 τὴν
691 2704 972 2777 ἁμαρτίαν
1029 2703 1127 2758 τοῦ
1188 2704 1423 2776 ἀδελφοῦ
1456 2704 1546 2759 διὰ
1614 2706 1715 2773 τῆς
1781 2701 2007 2773 ἀτιμίας
2046 2702 2282 2772 ἐκείνης,
2317 2703 2413 2759 καὶ
2446 2702 2635 2758 λαϐεῖν
2678 2703 2830 2777 παρὰ
2856 2704 2952 2758 τοῦ
3009 2702 3145 2759 Θεοῦ
3178 2705 3437 2777 βοήθειαν
3468 2706 3550 2769 είς
3588 2704 3663 2759 τὸ

331 2796 483 2865 ἑξῆς,
517 2797 696 2853 καὶτὸ
732 2800 963 2871 ποιῆσαι
1015 2796 1144 2861 τοὺς
1187 2796 1453 2869 ἀδελφοὺς
1485 2796 1931 2867 ἀσφαλεστέρους
1968 2794 2105 2866 πρὸς
2174 2796 2235 2849 τὺ
2302 2798 2575 2868 μηδέποτε
2612 2796 2947 2868 ἀνασχέσθαι
2977 2799 3129 2870 ήμᾶς
3155 2802 3278 2864 ταῖς
3330 2799 3492 2863 ίδίαις
3524 2799 3654 2853 πεί-

334 2890 527 2945 υεσθαι
568 2892 882 2957 ὑπονοίαις·
914 2892 1012 2946 καὶ
1052 2891 1226 2946 πολλὰ
1277 2892 1615 2963 νουθετήσας
1647 2891 1778 2962 περὶ
1807 2889 2024 2956 τούτου,
2096 2889 2191 2943 καὶ
2245 2890 2395 2960 ἡμᾶς
2457 2890 2552 2943 καὶ
2596 2890 2688 2943 τὸν
2742 2889 2994 2960 ἀδελφὸν,
3046 2890 3237 2960 ἔλεγεν
3299 2890 3454 2948 οὐδὲν
3502 2888 3649 2948 εἶναι

333 2981 748 3056 βλαϐερώτερον
805 2981 915 3037 τῶν
964 2982 1256 3050 ὑπονοιῶν,
1301 2983 1398 3036 καὶ
1448 2981 1693 3035 ἐδείκνυε
1717 2980 1805 3035 διά
1836 2979 1933 3033 τοῦ
1974 2976 2288 3050 συμϐἱιντος
2324 2978 2750 3050 ὑποδείγματος.

408 3075 497 3130 Ill.
528 3073 595 3129 Et
624 3075 733 3130 alia
766 3075 1003 3146 plurima
1035 3073 1416 3145 hujuscemodi
1453 3090 1484 3128 a
1514 3072 1770 3129 Patribus
1794 3071 1938 3127 dicta

332 3177 488 3233 sunt,
513 3183 635 3239 quae
661 3176 972 3224 noscontra
1007 3167 1377 3237 suspicionem
1407 3167 1607 3223 damna
1637 3165 1935 3221 munirent.

334 3262 609 3316 Curemus
658 3275 812 3332 ergo,
848 3259 1048 3316 fratres
1080 3302 1097 3326 ,
1152 3275 1264 3331 quo
1319 3274 1617 3331 possumus
1666 3257 1852 3314 studio
1883 3263 1939 3312 et

332 3351 641 3422 «lLligcntia.
676 3351 1023 3419 suspiciones
1054 3366 1249 3406 omnes
1273 3366 1300 3403 a
1334 3349 1493 3405 nobis
1527 3350 1768 3420 abigere.
1795 3346 1939 3402 Nihil

333 3444 480 3498 enim
536 3442 674 3498 adeo
713 3442 995 3519 hominem
1057 3458 1088 3497 a
1138 3440 1251 3496 Deo
1296 3450 1567 3513 segregat,
1624 3449 1683 3494 ut
1732 3440 1937 3495 nullam

335 3552 562 3591 suorum
625 3534 884 3590 vitiorum
936 3550 1125 3590 curam
1164 3534 1387 3598 habere,
1449 3543 1505 3588 et
1533 3532 1767 3588 scrutari
1800 3547 1944 3587 sem-

332 3648 432 3701 per
459 3627 626 3702 $17
656 3645 779 3700 qua:
831 3628 967 3683 nihil
1006 3628 1073 3684 ad
1128 3644 1187 3684 se
1216 3629 1469 3684 attinent.
1534 3624 1674 3681 Hinc
1731 3626 1940 3680 nullum

335 3721 564 3789 bonum,
598 3723 693 3778 sed
726 3722 1033 3777 innumera:
1062 3720 1386 3776 alﬂictiones
1421 3717 1743 3790 procedunt.
1803 3717 1943 3772 Hinc

334 3822 397 3871 ιιι
468 3825 527 3870 ιιι
598 3812 766 3871 homo
826 3829 1109 3886 nunquam
1186 3813 1449 3885 pacificus
1503 3812 1594 3878 sit,
1655 3824 1939 3881 nunquam

333 3909 607 3978 quiescat,
672 3922 957 3978 nunquam
1028 3904 1125 3962 Dei
1188 3910 1439 3965 timorem
1502 3904 1797 3977 possideat.
1868 3903 1941 3959 Ut

335 3998 504 4070 igitur
535 3996 803 4068 coeperint
854 3995 909 4054 in
961 3997 1124 4053 nobis
1153 3996 1286 4051 oriri
1316 3995 1663 4068 suspiciones
1688 3995 1848 4050 malae
1870 4007 1939 4049 ex

333 4089 543 4144 malitia
594 4099 648 4146 ct
704 4090 991 4162 iniquitate
1041 4100 1252 4157 nostra,
1300 4076 1397 4144 eas
1457 4089 1603 4143 illico
1631 4087 1700 4142 ad
1733 4098 1937 4142 rectam

334 4182 751 4254 intelligentiam
813 4181 1181 4248 reﬂectamus,
1238 4191 1404 4253 atque
1455 4182 1529 4236 ita
1580 4196 1683 4237 nos
1714 4179 1941 4235 minime

334 4275 554 4330 laedent.
616 4273 769 4330 Mala:
824 4274 1025 4330 etenim
1087 4275 1431 4346 suspiciones
1485 4273 1725 4337 animam
1770 4285 1936 4343 quam

333 4366 705 4438 pass-derint,
732 4383 1017 4438 nunquam
1053 4369 1336 4439 quiescere
1363 4374 1459 4423 aut
1481 4367 1630 4421 nulla
1660 4381 1793 4436 pace
1830 4364 1936 4419 frui

336 4462 643 4531 pntituitur.
687 4460 1025 4517 Mendacium
1076 4477 1239 4517 omne
1286 4461 1488 4517 mentis
1543 4470 1707 4532 atque
1766 4457 1936 4514 animi

328 4553 445 4623 jam
471 4553 721 4624 exposui.
756 4553 1022 4610 Sermone
1052 4563 1233 4609 autem
1256 4553 1381 4623 quis
1405 4552 1635 4608 mendax
1663 4562 1766 4614 est,
1786 4565 1934 4615 cum,

335 4645 485 4699 Verbi
515 4645 710 4716 gratia,
747 4654 1069 4715 torpescens
1111 4645 1313 4715 aliquis
1352 4643 1418 4699 ad
1464 4651 1762 4698 nocturnas
1799 4640 1935 4711 vigi-

2121 3070 2196 3126 I".
2228 3072 2342 3126 Καὶ
2360 3070 2497 3125 ἄλλα
2517 3071 2573 3125 δὲ
2605 3072 2838 3128 τοιαῦτα
2859 3073 3138 3146 διαφόρως
3158 3070 3314 3131 εἶπόν
3343 3077 3396 3130 οἱ
3432 3076 3652 3150 Πάτρες

2049 3161 2477 3243 ἀσφαλιζόμενοι
2505 3163 2653 3233 ἡμᾶς
2690 3163 2939 3236 περὶτῆς
2970 3164 3179 3238 βλάϐης
3220 3165 3330 3222 τῶν
3354 3167 3648 3223 ὑπονοιῶν.

2049 3253 2454 3326 Σπουδάσωμεν
2486 3251 2582 3309 οὖν
2607 3255 2759 3328 πάσῃ
2786 3257 3016 3330 δυνάμει
3039 3257 3204 3330 ήμῶν
3237 3258 3510 3330 μηδέποτε
3551 3277 3651 3315 πι-

2051 3345 2266 3400 στεύειν
2287 3350 2409 3411 ταῖς
2438 3348 2598 3413 ίδίαις
2637 3349 2921 3415 ὑπονοίαις
2950 3368 2963 3383 ο
3011 3351 3166 3406 οὑδὲν
3222 3351 3397 3418 οὕτως
3434 3354 3646 3427 ἀφιστᾷ

2046 3440 2340 3512 ἄνθρωπον
2370 3441 2480 3495 ἀπὸ
2508 3441 2604 3494 τοῦ
2643 3438 2802 3506 Θεοῦ,
2831 3442 2941 3496 ἀπὸ
2963 3441 3058 3495 τοῦ
3100 3443 3178 3515 μὴ
3198 3445 3491 3517 προσέχειν
3521 3442 3648 3511 ταῖς

2049 3531 2210 3596 ἰδίαις
2240 3531 2569 3604 ἀμαρτίαις,
2601 3532 2694 3586 καὶ
2735 3534 2912 3586 ποιεῖν
2939 3533 3103 3587 αὑτὸν
3134 3534 3370 3590 πάντοτε
3414 3554 3645 3610 περιερο

2045 3626 2178 3695 γάζε
2190 3624 2311 3679 σθαι
2343 3625 2411 3679 τά
2448 3624 2523 3696 μὴ
2547 3628 2823 3696 ἀνήκοντα
2848 3624 3021 3696 αὑτῷ·
3058 3628 3154 3681 καὶ
3178 3631 3246 3682 ὲκ
3271 3630 3469 3684 τούτου
3489 3629 3650 3685 οὐδὲν

2046 3718 2232 3784 καλὸν,
2257 3719 2352 3773 καὶ
2392 3719 2457 3772 ὲκ
2507 3717 2701 3772 τούτου
2736 3718 2931 3791 μυρίαι
2959 3719 3190 3791 θλίψεις,
3224 3723 3319 3777 καὶ
3345 3723 3412 3777 ἐκ
3440 3723 3640 3779 τούτου

2044 3812 2302 3867 οὐδέποτε
2333 3809 2592 3883 σχολάζει
2620 3811 2909 3885 ἄνθρωπος
2944 3813 3254 3886 κτήσασθαι
3286 3814 3454 3885 φόϐον
3483 3814 3644 3872 Θεοῦο

2045 3905 2151 3958 κᾶν
2185 3904 2473 3976 σπαρῶσιν
2514 3907 2646 3976 ἡμῖν
2673 3906 2925 3961 ὑπόνοιαι
2982 3908 3222 3979 πονηραὶ
3250 3907 3342 3964 διὰ
3386 3909 3490 3981 τὴν
3544 3927 3648 3965 κα-

2044 3997 2170 4050 κίαν
2204 3997 2383 4067 ἡμῶν,
2413 3997 2619 4063 εὐθέως
2668 4000 3140 4073 μεταστρέψωμεν
3170 4002 3343 4067 αὑτὰς
3372 4005 3456 4069 είς
3476 4003 3643 4061 καλο-

2042 4089 2289 4160 νοήσίαν,
2323 4090 2418 4145 καὶ
2447 4090 2508 4143 οὐ
2543 4089 2859 4161 βλάπτωσιν
2886 4092 3058 4162 ἡμᾶς.
3093 4092 3276 4146 Κακαὶ
3334 4095 3453 4166 γάρ
3500 4098 3643 4150 είσιν

2043 4183 2100 4236 αἱ
2124 4182 2396 4249 ὑπόνοιαι,
2425 4181 2519 4236 καὶ
2547 4181 2808 4235 οὑδέποτε
2829 4182 3053 4252 ἀφίουσι
3070 4184 3170 4255 τὴν
3192 4183 3642 4259 ψυχήνείρηνεῦ-

2044 4292 2134 4330 σαι
2160 4292 2175 4307 ο
2210 4274 2320 4329 ἰδοὺ
2355 4274 2515 4329 τοῦτό
2544 4276 2661 4328 ἐστι
2694 4275 2757 4329 τὸ
2787 4275 2930 4330 κατὰ
2954 4276 3198 4331 διάνοιαν
3235 4276 3457 4348 ψεῦδος.
3496 4279 3557 4333 '0
3581 4276 3640 4332 δὲ

2040 4368 2099 4422 ὲν
2122 4368 2266 4439 λόγῳ
2290 4368 2623 4439 ψευδόμενός
2668 4370 2841 4433 ἐστιν,
2889 4369 3041 4435 ὅταν,
3078 4369 3304 4436 ὑπόθου,
3354 4372 3507 4426 ὀκνεῖ
3555 4388 3642 4435 τις

2040 4459 2345 4530 ἀναστῆναι
2373 4461 2453 4523 είς
2487 4458 2587 4532 τὴν
2615 4460 2947 4532 ἀγρυπνίαν,
2980 4460 3075 4516 καὶ
3100 4461 3161 4515 οὑ
3204 4460 3391 4531 λέγει·
3435 4482 3454 4514 ι
3498 4463 3638 4532 Συγ-

2039 4550 2291 4623 χώρησόν
2332 4569 2445 4621 μοι,
2495 4552 2579 4605 ὅτι
2636 4551 2863 4623 ὤκνησα
2913 4553 3216 4623 ἀναστῆναι
3250 4571 3264 4585 ο
3294 4553 3433 4609 ἀλλά
3461 4553 3635 4622 λέγει,

2052 4643 2345 4717 Ἐπύρεξα,
2407 4641 2754 4714 ὲσκοτώθην,
2813 4646 2915 4699 οὑκ
2971 4644 3248 4717 ἠδυνήθην
3297 4647 3642 4717 ἀναστῆναι,

337 4738 441 4792 lias
462 4752 709 4804 surgere,
726 4746 780 4792 et
806 4736 909 4793 sibi
937 4735 1038 4806 ipsi
1062 4752 1313 4807 parcens,
1333 4751 1441 4789 non
1464 4735 1540 4789 ait
1562 4734 1931 4803 postmodum:

2049 4735 2325 4804 htdvow'i
2355 4734 2449 4788 καὶ
2478 4733 2625 4803 λέγει
2649 4733 2782 4788 δέκα
2812 4736 3035 4806 ῥήματα
3053 4735 3254 4807 ψευδῆ,
3284 4736 3373 4790 ἵνα
3422 4737 3497 4809 μὴ
3545 4737 3644 4809 βά-

344 4852 360 4877 a
395 4829 467 4883 Da
503 4829 742 4894 veniam,
775 4833 1026 4896 obsecro,
1057 4839 1229 4899 pater,
1263 4828 1392 4899 quia
1441 4827 1648 4883 desidia
1685 4837 1739 4882 et
1781 4825 1983 4897 negli-.

336 4919 517 4985 gentia
556 4934 663 4974 non
696 4920 1002 4985 assurrexi,
1027 4938 1045 4970 ι
1075 4919 1168 4975 sed
1205 4937 1221 4968 ι
1250 4916 1501 4981 Febrem,
1527 4916 1723 4986 inquit,
1747 4930 1942 4986 passus

335 5028 482 5073 sunt,
524 5020 579 5066 et
617 5011 968 5081 vertiginem,
1002 5026 1104 5066 nec
1131 5010 1283 5081 quivi
1319 5010 1434 5064 ullo
1467 5018 1628 5079 pacto
1677 5023 1937 5078 surgere;

335 5104 684 5170 «Iefieiebam,
715 5103 913 5159 debilis
945 5119 1095 5159 eram
1127 5122 1141 5159 :
1182 5123 1201 5156 ι
1235 5110 1290 5158 et
1318 5103 1502 5157 decies
1543 5101 1828 5165 mentitur,
1871 5115 1940 5155 ne

336 5198 501 5251 unica
558 5197 808 5266 corporis
837 5195 1191 5251 inclinatione
1221 5195 1487 5249 honorem
1520 5192 1749 5257 deferat,
1774 5200 1939 5262 atque

337 5291 682 5345 lminilietur.
771 5289 929 5344 Alius
984 5288 1168 5357 aliqua
1223 5288 1275 5343 in
1306 5303 1367 5341 re
1408 5294 1737 5350 accusatus,
1775 5284 1940 5338 verba

332 5387 618 5456 pervertit,
643 5383 848 5453 expulit
870 5396 1211 5443 sermonem,
1238 5395 1305 5434 ne
1337 5377 1477 5433 ferat
1509 5376 1940 5433 accusationem.

338 5478 394 5530 Si
434 5475 563 5546 quis
594 5476 721 5531 item
778 5490 903 5531 cum
960 5473 1129 5529 l‘ratre
1171 5472 1535 5537 contenderit,
1597 5486 1705 5526 non
1764 5477 1946 5526 cessat

336 5568 637 5637 snpbistice
681 5583 935 5638 arguere,
995 5576 1048 5623 et
1075 5582 1272 5622 noxam
1315 5580 1533 5621 omnem
1587 5563 1641 5618 in
1707 5562 1936 5618 fratrem

334 5660 641 5724 telleclere,
672 5661 864 5715 dicens
909 5678 922 5714 :
977 5657 1090 5714 [loc
1141 5669 1197 5714 tu
1228 5658 1438 5723 dixisti,
1481 5657 1586 5711 hoc
1624 5665 1680 5711 tu
1731 5654 1934 5719 fecisti,

346 5764 459 5804 non
491 5763 594 5818 ego
632 5765 645 5802 :
697 5758 863 5820 atque
905 5752 1008 5806 alia
1043 5751 1277 5822 plurima
1317 5750 1369 5803 in
1412 5750 1557 5803 hunc
1584 5745 1829 5810 modum,
1870 5762 1939 5802 ne

337 5835 681 5897 burnilietur.
744 5837 900 5895 Alius
931 5851 1152 5912 quoque
1178 5854 1306 5896 cum
1341 5853 1456 5895 rem
1488 5836 1732 5909 aliquam
1783 5835 1935 5892 desi-

2044 4828 2112 4900 λῃ
2152 4828 2279 4898 μίαν
2338 4826 2653 4897 μετάνοιαν,
2709 4825 2806 4880 καὶ
2858 4827 3199 4900 ταπεινωθῇ.
3251 4829 3380 4883 Ἐάν
3427 4829 3487 4883 δέ
3557 4846 3642 4892 τις

2047 4920 2337 4991 μέμφηται
2380 4917 2546 4973 αὑτὸν
2578 4921 2638 4973 έν
2672 4919 2987 4990 πράγματι,
3024 4920 3176 4991 μένει
3230 4920 3518 4976 ἀλλάσσων
3570 4921 3641 4974 τὰ

2043 5013 2267 5083 ῥήματα
2298 5010 2465 5065 αὑτοῦ
2511 5010 2606 5065 καὶ
2641 5010 2972 5080 φιλοκαλῶν,
3022 5012 3112 5067 ἵνα
3145 5012 3219 5084 μὴ
3260 5012 3512 5086 βαστάσῃ
3537 5011 3639 5082 τὴν

2045 5103 2254 5176 μέμψιν
2281 5104 2470 5159 αὑτοῦ.
2516 5104 2771 5175 Ὁμοίως,
2795 5104 2892 5158 ἐὰν
2914 5104 3103 5178 συμϐῇ
3132 5104 3296 5158 αὑτὸν
3351 5103 3501 5175 ἔχειν
3554 5103 3642 5158 λό-

2039 5215 2137 5268 γον
2165 5195 2291 5250 τινὰ
2317 5196 2454 5269 πρὸς
2490 5196 2722 5267 ἀδελφὸν
2750 5196 2941 5261 αὑτοῦ,
2985 5197 3045 5251 οὑ
3100 5196 3333 5249 παύεται
3365 5196 3639 5251 δικαιολο-

2039 5286 2337 5356 γούμενος·
2388 5285 2485 5339 καὶ
2517 5283 2730 5350 λέγων*
2781 5284 2944 5337 Ἀλλά
2996 5284 3066 5337 σὺ
3119 5279 3283 5348 εἶπας
3308 5327 3323 5348 ,
3378 5284 3518 5338 ἀλλὰ
3571 5286 3638 5338 σὺ

2039 5376 2330 5450 ἐποίησας,
2364 5376 2482 5431 ἀλλ’
2512 5375 2625 5445 ἐγὼ
2679 5377 2783 5431 οὑκ
2820 5372 2997 5438 εἷπον,
3059 5377 3175 5430 ἀλλ’
3213 5380 3423 5441 ἐκεῖνος
3458 5374 3635 5441 εἶπεν,

2039 5472 2181 5528 ἀλλὰ
2210 5472 2392 5539 τοῦτο,
2425 5471 2543 5526 ἀλλ’
2606 5474 2805 5537 ἐκεῖνο,
2864 5472 2950 5525 ἵνα
2986 5472 3062 5543 μή
3104 5474 3269 5543 μόνον
3300 5473 3637 5545 ταπεινωθῇ.

2047 5566 2222 5621 Πάλιν
2271 5565 2365 5620 ἐὰν
2428 5564 2745 5637 ἐπιθυμήσῃ
2789 5565 3159 5637 πράγματος,
3223 5567 3326 5619 οὑκ
3386 5564 3639 5635 ἀνέχεται

2045 5658 2243 5723 εἰπεῖν,
2266 5657 2347 5712 ὅτι
2380 5658 2667 5727 Ἐπιθυμῶ
2688 5657 2862 5720 τοῦδε,
2883 5656 2942 5710 ἀ)
2954 5657 3020 5710 λὰ
3049 5657 3200 5727 μένει
3233 5656 3486 5728 στρέφων
3513 5659 3639 5722 τοὺς

2047 5747 2241 5817 λόγους
2279 5746 2472 5810 αὑτοῦ,
2503 5748 2709 5819 λέγων·
2750 5748 2883 5804 Τόδε
2907 5750 3103 5819 πάσχω
3128 5750 3225 5802 καὶ
3242 5746 3398 5802 τοῦδε
3423 5747 3634 5824 χρῄζω,

2047 5839 2080 5914 ἢ
2111 5838 2246 5921 stitia
2276 5841 2577 5913 ἑπετάγήν,
2611 5843 2703 5897 καὶ
2738 5841 2878 5913 ιέγει
2908 5840 3051 5896 πόσα
3080 5839 3255 5915 ψεύδη
3280 5839 3386 5907 ἕως
3417 5833 3479 5895 οὑ
3506 5843 3638 5914 πλη-
