4062 6424
251 378 387 443 17:21

1627 383 2013 444 DOCTRlNA
2049 384 2152 447 IX.

3392 386 3553 453 l'i22.

260 499 423 569 ρώσει
452 495 550 567 τὴν
579 493 879 567 ἆπιθυμίαν
925 494 1117 552 αὑτοῦ.
1170 497 1330 550 Πᾶσα
1356 496 1465 569 γὰρ
1496 498 1768 568 ἁμαρτία,
1799 498 1832 569 ἢ

1952 501 2237 571 leraverit,
2275 518 2385 560 non
2420 505 2588 562 audet
2620 513 2805 577 aperte
2825 505 3025 574 dicere,
3058 506 3204 577 quod
3245 521 3364 561 eam
3390 508 3541 561 desia

251 588 336 643 διὰ
366 587 755 659 φιληδονίαν,ἢ
788 587 878 641 διὰ
900 587 1287 659 φιλαργυρίαν,
1317 589 1350 656 ἢ
1377 589 1684 659 φιλοδοξίαν
1745 589 1831 658 γί-

252 696 421 733 νεται.
455 677 691 749 Ὀμοιως
715 678 807 733 κα)
832 679 893 732 τὸ
912 679 1107 749 ψεῦδος
1140 680 1228 733 διὰ
1278 679 1484 734 τούτων
1521 681 1631 734 τῶν
1660 681 1830 748 τριῶν

253 770 484 838 γίνεται,
512 769 546 841 ἢ
572 769 661 824 διὰ
692 770 754 823 τὸ
804 769 881 842 μὴ
923 771 1243 842 μεμφθῆναι
1277 774 1379 826 καὶ
1402 774 1834 843 ταπεινωθῆναι,

255 860 507 934 ψεύδεται
537 875 641 927 τις,
681 862 714 935 ἢ
745 863 832 917 διὰ
856 863 919 917 τὸ
945 863 1141 917 ἀνύσαι
1170 865 1406 933 θέλημα,
1445 865 1478 936 ἢ
1508 865 1598 919 διὰ
1624 866 1686 918 το
1704 881 1835 934 κερ-

249 953 403 1008 δάναι
430 972 446 987 ο
480 953 574 1006 καὶ
606 954 669 1006 οὐ
699 954 934 1011 παύεται
988 956 1237 1027 στρέφων
1261 950 1387 1022 ὧδε,
1414 957 1669 1028 στρέφων
1699 957 1835 1022 ἐκεῖ,

1935 595 2091 650 deret
2117 636 2132 659 .
2165 597 2260 653 sed
2305 599 2728 657 circuitionibus
2768 602 2939 655 utitur
2968 641 2983 668 ,
3021 601 3243 656 dicens:
3294 594 3407 655 lioc
3440 614 3539 669 ρει-

1940 689 2069 756 tior,
2102 690 2205 745 hac
2243 706 2303 746 re
2332 694 2465 747 mihi
2503 709 2642 764 opus
2679 705 2784 759 est,
2824 696 2926 749 boc
2982 695 3113 748 mihi
3180 694 3447 756 debetur;
3487 702 3541 746 et

1936 781 2098 835 'oties
2122 783 2340 837 mentiri
2369 787 2561 855 pergit,
2589 786 2719 840 dum
2746 785 3078 841 desiderium
3104 803 3265 840 sumu
3300 786 3539 854 expleat,

1935 870 2066 924 dum
2096 872 2207 926 voti
2242 874 2326 928 sui
2376 890 2604 945 compos
2640 877 2753 931 liat.
2819 875 2956 930 Cum
2994 886 3175 931 autem
3213 892 3377 930 omne
3413 892 3543 944 pec-

1939 973 2121 1020 catum
2151 983 2216 1020 ex
2248 966 2447 1037 triplici
2485 969 2666 1023 radice
2697 970 3002 1038 proveniat,
3037 970 3117 1022 rei
3143 985 3206 1023 ex
3237 969 3540 1037 voluptate.

250 1046 431 1100 πάντα
472 1046 835 1117 μαγγανεύων
864 1047 917 1100 τί
947 1050 1128 1102 εἰπεῖν
1158 1049 1264 1112 ἕως
1291 1049 1481 1102 άνύσει
1503 1049 1595 1104 τὸν
1632 1050 1845 1104 σκοπὸν

1952 1060 2021 1115 rel
2059 1076 2121 1115 ex
2147 1062 2396 1125 avaritia,
2416 1062 2499 1116 vel
2531 1078 2596 1117 ex
2622 1064 2770 1117 inani
2795 1065 2966 1132 gloria
2991 1073 3043 1119 et
3072 1066 3363 1134 superbia:
3396 1065 3538 1119 idem

252 1137 441 1202 αὐτοῦ,
493 1140 523 1192 ὀ
558 1137 801 1204 τοιοῦτος
854 1139 1116 1193 οὐδέποτε
1174 1140 1526 1195 πιστεύεται·
1569 1142 1706 1194 ἀλλὰ
1742 1142 1839 1194 καὶ

252 1232 454 1303 ἀληθὲς
487 1233 642 1303 ῥῆμα
684 1232 780 1286 ἐὰν
833 1233 985 1304 εἴπῃ,
1038 1233 1214 1297 οὐδεὶς
1264 1233 1491 1287 δύναται
1539 1233 1833 1287 πιστεῦσαι

250 1322 423 1394 αὐτῷ,
450 1322 588 1378 ἀλλὰ
612 1324 796 1377 καὶτὸ
855 1325 1055 1395 ἀληθὲς
1095 1323 1289 1390 αὑτοῦ,
1337 1325 1639 1396 ἀμφίϐολον
1686 1323 1840 1394 εὑρί-

253 1433 472 1471 σκεται.
509 1417 668 1469 Ἐστι
694 1414 751 1470 δὲ
769 1418 858 1470 ὅτε
887 1416 1096 1487 γίνεται
1122 1417 1337 1487 ἀνάγκη
1366 1418 1716 1488 πράγματος,
1749 1418 1842 1469 καὶ

251 1509 350 1561 ἐὰν
388 1507 465 1579 μὴ
488 1507 672 1580 κρύψῃ
721 1525 807 1572 τις
856 1509 1079 1575 πικρὸν.
1127 1509 1348 1580 ἔρχεται
1383 1508 1445 1561 τὸ
1492 1509 1729 1579 πρᾶγμα
1762 1510 1842 1570 εἰς

254 1600 482 1654 πλείονα
516 1600 763 1673 ταραχὴν
799 1601 895 1654 καὶ
945 1600 1146 1671 θλίψιν.
1203 1602 1333 1654 Ὅτε
1369 1596 1463 1655 οὖν
1492 1602 1721 1669 τοιαύτη
1745 1618 1843 1653 πε-

254 1693 505 1764 ρίστασις
534 1692 782 1761 γένηται,
813 1696 907 1747 καὶ
938 1692 1023 1765 ἴδῃ
1050 1711 1136 1756 τις
1153 1692 1347 1747 ἑαυτὸν
1373 1693 1841 1762 ἀναγκαζόμενον,

249 1785 340 1839 διὰ
369 1785 529 1839 τοῦτο
562 1785 790 1850 ἀλλάξαι
824 1788 996 1857 ῥῆμα,
1030 1785 1118 1839 ἵνα
1153 1785 1229 1857 μὴ
1277 1785 1526 1857 γένηται,
1552 1786 1628 1849 ὡς
1662 1782 1841 1845 εἷπον.

254 1876 462 1930 πλείων
493 1876 710 1948 ταραχὴ
737 1879 829 1931 καὶ
862 1876 1064 1947 θλίψις,
1098 1878 1132 1949 ἢ
1168 1878 1414 1941 κίνδυνος
1438 1894 1451 1908 ·
1477 1877 1667 1948 ὥσπερ
1694 1873 1845 1930 εἶπεν

251 1969 281 2021 ὁ
308 1968 488 2032 ἀσσᾶς
529 1969 785 2033 Ἀλώνιος
826 1969 904 2040 τῷ
956 1970 1101 2043 άὸὄᾷ
1167 1970 1470 2038 ’Δγάθωνγ
1503 1991 1522 2022 ι
1567 1970 1695 2024 Ἰδοὺ
1752 1970 1857 2023 δύο

214 2108 219 2113 ,
255 2060 538 2132 ἄνθρωποι
560 2063 652 2115 ἐπὶ
679 2063 772 2116 σοῦ
799 2063 960 2133 φόνον
1005 2063 1291 2133 ἐποίησαν,
1326 2064 1420 2116 καὶ
1472 2065 1501 2117 ό
1524 2058 1609 2125 εἷς
1641 2063 1845 2133 ἔφυγεν

258 2154 342 2213 εἰς
367 2153 426 2205 τὸ
452 2153 663 2207 κελλίον
699 2171 793 2207 σου
820 2170 833 2183 ·
891 2154 986 2208 καὶ
1038 2155 1147 2207 ἰδοὺ
1183 2155 1209 2207 ὁ
1241 2154 1426 2226 ἄρχων
1459 2152 1613 2224 ζητεῖ
1639 2154 1800 2207 αὐτόν
1827 2169 1841 2183 ·

255 2244 352 2299 καὶ
388 2245 569 2317 ἐρωτᾷ
607 2262 687 2311 σε,
712 2246 907 2315 λέγων,
947 2248 1071 2300 Ἐπὶ
1100 2246 1194 2300 σοῦ
1230 2249 1388 2315 φόνος
1417 2248 1674 2315 γέγονεν;
1719 2247 1844 2299 Ἐάν

256 2335 332 2406 μὴ
356 2338 717 2408 οἰκονομήσῃ.
742 2337 1052 2407 παραδίδως
1074 2337 1166 2390 τον
1221 2337 1510 2408 ἄνθρωπον
1565 2338 1647 2399 εἰς
1682 2336 1843 2390 θάναο

249 2445 343 2482 τον
363 2446 378 2460 ·
408 2431 539 2483 ὅταν
564 2427 659 2483 οὖν
695 2431 906 2502 μεγάλη
937 2450 1020 2495 τις
1038 2431 1253 2501 ἀνάγκη
1273 2431 1478 2502 συμϐῇ,
1506 2431 1649 2484 θέλοι
1668 2431 1732 2484 ἄν
1760 2448 1845 2493 τις

254 2523 398 2593 μηδὲ
426 2521 602 2587 οὕτως
621 2525 790 2593 ἀμερι
799 2525 1025 2595 μνῆσαι,
1044 2524 1182 2577 ἀλλὰ
1214 2526 1492 2594 μετανοεῖν
1516 2524 1609 2576 καὶ
1639 2523 1845 2576 κλαίειν

249 2613 488 2668 ἐνώπιον
516 2614 611 2668 τοῦ
632 2615 789 2679 Θεοῦ,
818 2618 914 2670 καὶ
945 2617 1092 2687 ἔχειν
1107 2616 1373 2682 τοιοῦτον,
1408 2616 1483 2680 ὼς
1509 2617 1703 2687 καιρὸν
1728 2633 1846 2670 πει-

251 2706 493 2777 ρασμοῦ,
547 2708 644 2760 καὶ
699 2708 822 2762 οὐδὲ
879 2708 1039 2762 τοῦτο
1088 2707 1350 2780 συνεχῶς,
1402 2708 1517 2762 ἀλλ’
1574 2707 1723 2773 ana;
1755 2708 1846 2760 διὰ

248 2799 493 2854 πολλῶν.
547 2801 762 2872 Ὠσπερ
817 2800 927 2871 γὰρ
971 2801 1066 2854 ἐπὶ
1125 2801 1226 2870 τῆς
1285 2801 1559 2872 θηριακῆς
1626 2801 1723 2854 καὶ
1748 2799 1842 2853 τοῦ

247 2892 582 2963 καθαρσίου,
619 2893 702 2946 ὅτι
737 2894 978 2964 συνεχῶς
1038 2894 1431 2965 λαμϐανόμενα
1490 2893 1842 2963 βλάπτουσιν,

246 2986 296 3040 εἰ
321 2985 384 3039 δὲ
405 2984 547 3059 λάθῃ
572 3003 659 3049 τις
689 2983 839 3052 ἅπαξ
857 2986 946 3040 διὰ
979 2987 1178 3058 χρόνου
1211 2986 1301 3040 διὰ
1350 2986 1551 3057 πολλὴν
1596 2985 1847 3053 ἀνάγκην

245 3077 559 3147 ὠφελοῦσιν
610 3078 794 3144 αὐτὸν,
847 3078 1030 3143 οὕτως
1079 3079 1284 3149 ’ὀφείλῃ
1344 3095 1428 3142 τις
1479 3077 1718 3148 χρᾶσθαι
1765 3075 1844 3146 τῷ

247 3171 546 3242 πράγματι
572 3171 765 3243 τούτῳ,
791 3171 1007 3226 ἴνακᾶν
1038 3172 1107 3225 δι’
1139 3172 1390 3243 ἀνάγκην
1427 3170 1630 3242 θελήσῃ
1681 3168 1846 3222 ἀλλά-

248 3261 364 3329 ξαι,
397 3264 471 3333 μὴ
497 3264 757 3334 συνεχῶς·
793 3265 909 3319 ἀλλ’
940 3264 1050 3336 ἄρα
1085 3263 1237 3318 ἐστιν
1291 3263 1442 3329 ἅπαξ
1471 3263 1558 3317 διὰ
1610 3261 1845 3324 πολλῶν,

247 3356 349 3409 ἐὰν
387 3355 495 3426 ἴδῃ,
525 3356 601 3419 ὡς
625 3351 802 3419 εἷπον,
843 3356 1049 3428 πολλὴν
1068 3356 1340 3428 ἀνάγκην,
1393 3357 1491 3410 καὶ
1535 3356 1670 3409 αὐτὸ
1698 3355 1756 3408 δὲ
1786 3354 1848 3406 τὸ

246 3447 339 3502 διὰ
380 3448 577 3519 χρόνου
639 3449 781 3519 μετά
815 3449 986 3519 φόδου
1057 3450 1151 3503 καὶ
1195 3449 1403 3519 τρόμου
1457 3446 1722 3501 δεικνύων
1770 3446 1850 3518 τῷ

246 3540 395 3611 Θεῷ.
428 3541 525 3594 κού⁵
557 3540 659 3612 τὴν
708 3542 1037 3613 προαίρεσιν
1086 3541 1279 3605 αὐτοῦ,
1308 3540 1406 3595 καὶ⁵
1437 3538 1538 3611 τὴν
1570 3539 1848 3609 ἀνάγκην,

251 3635 351 3687 καὶ
393 3635 759 3699 σκεπάζεται·
790 3635 914 3688 ἐπεὶ
942 3634 1037 3687 καὶ
1071 3634 1155 3697 εἰς
1183 3633 1317 3688 αὐτὸ
1343 3632 1670 3703 βλάπτεται.

1941 1161 2122 1221 potest
2177 1152 2286 1207 diei
2319 1151 2386 1205 de
2414 1152 2718 1209 mendacio.
2775 1153 3035 1208 Mentitur
3061 1157 3205 1209 enim
3242 1155 3441 1225 aliquis
3473 1172 3543 1211 ne

1942 1244 2347 1299 accusationem
2377 1244 2614 1314 patiatur
2628 1246 3019 1299 ethumilirtnr
3041 1263 3056 1313 ;
3078 1248 3220 1301 alius
3251 1257 3308 1301 ιιι
3341 1258 3529 1300 votum

1944 1350 2104 1391 suum
2157 1335 2388 1403 expleat.
2441 1335 2582 1391 alius
2659 1344 2718 1390 ut
2775 1335 3053 1405 quidpiam
3121 1337 3394 1403 lucretur;
3444 1334 3539 1404 qui

1944 1441 2225 1496 nunquam
2258 1426 2513 1494 quiescit,
2544 1441 2690 1480 unuc
2711 1426 2776 1480 ad
2807 1426 2879 1487 id,
2904 1442 3050 1479 nunc
3081 1427 3146 1479 ad
3172 1425 3298 1478 illud
3326 1441 3540 1490 versus,

1944 1521 2128 1573 omnia
2177 1519 2549 1588 distorquens,
2587 1519 2716 1572 dum
2770 1517 2879 1572 roti
2931 1519 3014 1572 sui
3073 1516 3142 1571 sit
3193 1532 3437 1585 compos.
3493 1517 3545 1572 Is

1947 1625 2227 1679 nunquam
2259 1610 2429 1664 fidelis
2451 1616 2554 1673 est,
2593 1624 2874 1678 nunqttam
2898 1622 3096 1674 verax;
3126 1617 3179 1661 et
3205 1607 3249 1661 si
3292 1607 3544 1676 quando-

1945 1719 2054 1772 que
2121 1703 2416 1770 rontigerit
2479 1713 2537 1756 ut
2589 1705 2815 1757 verbum
2857 1701 3030 1756 ullum
3084 1716 3272 1754 verum
3322 1698 3544 1762 dixerit,

1950 1794 2078 1850 facit
2108 1807 2167 1848 ut
2190 1795 2291 1849 sibi
2339 1810 2618 1863 nunquam
2643 1796 2921 1849 credatur.
2981 1791 3112 1862 Ejus
3145 1807 3367 1862 quoque
3397 1792 3544 1846 veri-

1954 1897 2040 1943 tas
2081 1903 2359 1956 nunquam
2408 1888 2641 1955 simplex
2703 1896 2759 1940 et
2793 1896 3001 1955 aperta,
3033 1884 3127 1941 sed
3154 1896 3215 1938 ut
3246 1883 3544 1954 plurimum

1952 1981 2187 2034 obscura
2242 1988 2297 2033 et
2355 1980 2597 2034 involuta
2646 1980 2937 2047 reperitur.
2999 1978 3155 2033 Alius
3204 1993 3329 2031 eum
3359 1977 3462 2032 sibi
3487 1993 3548 2032 re

1952 2075 2132 2141 aliqua
2176 2092 2314 2144 opus
2357 2091 2479 2129 esse
2505 2076 2718 2138 viderit,
2752 2075 3066 2130 dissimulat
3107 2092 3424 2146 parumper,
3478 2089 3548 2129 ne

1954 2180 2041 2219 res
2068 2166 2182 2234 ipsa
2214 2168 2265 2219 in
2308 2167 2572 2235 majorem
2602 2168 2962 2222 turbationem
2984 2179 3038 2223 et
3064 2168 3409 2223 aﬂlictionem
3442 2166 3547 2220 sibi

1953 2266 2233 2312 vertatur:
2296 2259 2388 2311 uhi
2450 2274 2579 2311 vero
2625 2258 2852 2313 omnino
2914 2258 3149 2328 cogitur,
3224 2273 3324 2312 nec
3367 2266 3548 2328 potest

1954 2345 2185 2399 ulterius
2237 2347 2560 2413 protrahere
2603 2346 2958 2411 desiderium,
3012 2356 3188 2400 mutat
3235 2347 3421 2407 verba,
3489 2353 3550 2399 ιιι

1955 2418 2086 2491 vitai
2118 2440 2261 2505 quo-l
2292 2439 2405 2492 dixi
2443 2440 2828 2505 turbationem,
2870 2441 3171 2509 periculum
3211 2449 3268 2493 et
3300 2437 3550 2493 alllictio-

1953 2544 2097 2582 netu.
2146 2530 2406 2596 Qutesirit
2468 2539 2645 2584 autem
2705 2531 2873 2585 abbas
2931 2531 3160 2586 Alonius
3216 2531 3285 2585 ab
3352 2529 3549 2583 abbate

1951 2621 2237 2690 Agathone
2287 2623 2359 2675 ita
2410 2623 2600 2678 dicens
2651 2640 2665 2677 :
2713 2621 3086 2691 Conjurarunt
3139 2624 3391 2678 homines
3433 2620 3549 2676 duo

1952 2712 2008 2765 in
2038 2711 2238 2766 eadem
2266 2722 2439 2777 tuam,
2472 2723 2637 2784 atque
2673 2713 2814 2768 alter
2846 2713 3064 2767 illorum
3088 2712 3143 2766 in
3169 2712 3361 2766 cellam
3398 2721 3545 2765 tuam

1953 2802 2091 2873 fugit
2144 2823 2157 2859 :
2212 2806 2342 2859 dum
2414 2822 2539 2860 eum
2601 2805 2799 2876 qttzerit
2856 2806 3023 2875 judex
3072 2805 3171 2859 abs
3201 2813 3286 2872 te,
3328 2803 3419 2858 ubi
3480 2804 3552 2858 sit

1953 2896 2125 2965 petit:
2180 2894 2434 2966 Nunquid
2468 2896 2851 2966 hujuscemodi
2908 2896 3182 2950 hominem
3229 2896 3282 2949 in
3316 2902 3549 2950 mortem

1951 2989 2165 3049 tradas.
2196 3006 2265 3043 an
2308 2994 2470 3044 verba
2517 2989 2859 3045 commutes?
2901 2987 3113 3051 Licere,
3145 2996 3256 3053 alt,
3311 2996 3445 3055 puto
3495 2985 3550 3038 in

1955 3080 2046 3135 tali
2066 3081 2297 3134 articulo
2324 3091 2379 3135 et
2409 3081 2756 3137 necessitate.
2780 3080 2947 3136 Debet
2966 3089 3145 3134 tamen
3170 3078 3261 3149 qui
3296 3078 3402 3132 hoc
3419 3074 3550 3145 egit.

1951 3188 2062 3227 non
2115 3173 2387 3243 negligere
2442 3172 2667 3236 factum,
2725 3171 2821 3229 sed
2867 3171 3243 3242 paenitentiam
3301 3184 3461 3239 agr-re
3500 3177 3554 3222 et

1902 3254 1920 3274 ¹
1951 3265 2081 3321 ﬂere
2113 3265 2460 3321 amarissime
2490 3266 2544 3320 in
2575 3274 2872 3336 conspectu
2901 3263 2994 3319 Dei
3020 3281 3035 3318 :
3083 3273 3249 3332 atque
3280 3262 3387 3316 hoc
3415 3270 3555 3314 tvm-

1952 3373 2058 3429 pus
2091 3358 2295 3412 habere
2334 3358 2412 3415 uti
2457 3368 2674 3427 tempus
2710 3357 3056 3412 tentationis.
3121 3356 3309 3425 Neque
3343 3353 3409 3408 ad
3439 3353 3557 3407 haec

1954 3461 2303 3516 consuescat,
2361 3452 2454 3506 sed
2495 3453 2679 3506 semel-
2708 3452 2782 3506 ob
2811 3451 3008 3505 multa.
3050 3450 3105 3503 In
3133 3464 3294 3503 usum
3327 3448 3474 3502 enim
3502 3455 3560 3500 et

1954 3545 2411 3600 Consuetudinem
2444 3545 2678 3599 deducta
2712 3552 2970 3607 noceant,
3030 3542 3097 3596 ad
3127 3553 3348 3610 tempus
3373 3547 3555 3592 autem

1955 3644 2012 3687 et
2062 3636 2115 3687 in
2175 3650 2393 3689 summa
2445 3633 2773 3689 necessitate
2824 3633 3099 3689 interdum
3153 3638 3406 3698 prosunt.
3464 3627 3560 3682 Sic

253 3727 446 3794 itaque
503 3727 660 3780 debet
694 3727 821 3796 quis
858 3727 934 3780 uti
976 3727 1079 3779 bar
1102 3743 1180 3790 re,
1220 3734 1281 3782 ut
1342 3725 1560 3780 nonnisi
1624 3723 1680 3778 in
1717 3740 1933 3781 summa
1975 3729 2302 3783 necessitate
2349 3729 2510 3782 verba
2543 3736 2877 3782 commutet:
2924 3736 2979 3781 et
3003 3735 3134 3782 tunc
3170 3737 3392 3795 quoque
3430 3736 3555 3776 cum

253 3818 456 3872 timore
536 3819 838 3873 ostendens
868 3816 980 3872 Deo
1028 3825 1085 3871 et
1132 3818 1492 3872 intentionem
1559 3830 1716 3871 suam
1756 3829 1811 3872 et
1879 3828 2164 3887 urgentem
2212 3821 2632 3885 necessitatem,
2696 3818 2777 3874 sic
2818 3826 2998 3887 potest
3054 3817 3181 3889 quis
3237 3815 3445 3887 protegi
3503 3824 3559 3871 et

252 3912 506 3969 cxcu~ari
541 3928 608 3966 ne
633 3911 893 3966 offendat.

329 4009 403 4058 A'.
429 4005 562 4058 Ἰδοὺ
587 4003 819 4071 εἴπομεν
847 4004 928 4064 τίς
973 4005 1123 4056 ἐστιν
1152 4002 1182 4051 ὁ
1202 4000 1535 4070 ψευδόμενος
1562 4000 1708 4054 κατᾶ
1733 3999 1851 4053 διάο

254 4114 432 4158 νοιαν,
461 4100 558 4151 καὶ
590 4096 676 4158 τίς
709 4098 858 4149 ἐστιν
893 4098 921 4150 ὁ
944 4098 1002 4149 ὲν
1030 4095 1178 4164 λόγῳ
1217 4094 1584 4164 ψευδόμενος
1620 4092 1853 4162 θέλομεν

253 4189 446 4245 λοιπὸν
476 4191 651 4242 εἰπεῖν
680 4188 764 4251 τίς
792 4192 906 4241 ἐστι
950 4189 1045 4242 καλ⁵
1065 4190 1092 4241 ὁ
1130 4189 1211 4251 εἰς
1244 4186 1409 4240 αὑτὸν
1436 4186 1526 4239 τὸν
1565 4184 1679 4255 βίον
1721 4186 1853 4237 ἑαυ-

254 4280 353 4335 τοῦ
390 4279 741 4349 ψευδόμενος.
787 4278 846 4331 Ὀ
880 4279 960 4341 εἰς
989 4277 1083 4330 τὸν
1117 4277 1234 4348 βίον
1281 4275 1479 4328 ἑαυτοῦ
1518 4273 1853 4344 ψευδόμενός

256 4374 432 4431 ἐστιν,
455 4373 582 4424 ὅταν
615 4388 699 4433 τις
735 4371 944 4432 ἄσωτος
970 4369 1046 4422 ὢν
1073 4370 1453 4439 προσποιεῖται
1487 4366 1843 4436 ἐγκράτειαν.

256 4464 291 4535 ἦ
334 4463 667 4532 πλεονέκτης
709 4461 850 4525 ἐστὶ,
908 4461 1002 4513 καὶ
1063 4460 1215 4514 λαλεί
1264 4461 1393 4530 περὶ
1445 4457 1847 4529 ὲλεημοσύνης,

259 4558 357 4609 καί
381 4557 596 4608 ἐπαινεί
632 4554 731 4624 τὴν
767 4554 1136 4622 συμπάθειαν,
1180 4552 1536 4623 ὑπερήφανός
1585 4552 1722 4615 ἐστι,
1755 4550 1852 4602 καὶ

2031 3995 2123 4052 IV.
2158 3996 2406 4051 Diximus
2452 3997 2639 4067 igitur,
2670 3996 2796 4066 quis
2838 4004 3041 4057 mente,
3072 3994 3197 4065 quis
3219 3994 3346 4048 item
3388 3994 3558 4048 verbo

1957 4092 2189 4145 mendax
2221 4092 2310 4145 sit.
2380 4090 2637 4144 Dicamus
2664 4101 2719 4144 et
2747 4090 2870 4159 quis
2916 4088 2970 4142 in
3002 4090 3167 4142 vitam
3200 4103 3355 4142 suam
3401 4102 3556 4141 men-

1956 4182 2144 4237 tiatur.
2201 4182 2460 4235 Meutitur
2493 4181 2696 4251 aliquis
2728 4181 2781 4235 in
2813 4181 2979 4235 vitam
3021 4195 3200 4240 suam.
3227 4195 3352 4234 cum
3378 4178 3556 4246 turpis

1955 4289 2009 4331 ct
2040 4278 2357 4330 luxuriosus
2404 4276 2810 4329 continentiam
2847 4274 3107 4327 simulat:
3161 4287 3360 4326 avarus
3389 4270 3558 4343 418

1956 4378 2010 4423 et
2042 4378 2201 4422 tenax
2238 4369 2305 4422 de
2352 4367 2627 4437 eleemosy
2643 4383 2699 4420 ιιι
2730 4366 2994 4436 loquitur,
3033 4366 3469 4432 compassiouem
3501 4374 3558 4418 et

1957 4458 2390 4513 misericordiam
2422 4457 2608 4510 laudat
2647 4475 2661 4514 :
2698 4456 2970 4525 superbus
2998 4463 3054 4509 et
3108 4453 3290 4507 audax
3345 4452 3559 4505 humili-

1960 4556 2123 4602 tatem
2162 4549 2490 4602 admiratur.
2543 4547 2644 4603 llic
2669 4563 2780 4602 non
2805 4546 2991 4602 volens
3010 4545 3265 4598 virtutem
3308 4544 3554 4605 laudare,

258 4647 533 4715 θαυμάζει
569 4647 668 4717 τὴν
697 4646 1228 4717 ταπεινοφροσύνην,
1252 4646 1347 4696 καὶ
1371 4644 1470 4712 οὐχ
1500 4642 1577 4704 ὡς
1600 4642 1731 4714 θέλῃ
1753 4643 1845 4711 τὴν

1959 4641 2107 4693 illam
2162 4641 2499 4706 admiratur;
2586 4640 2631 4694 si
2675 4641 2821 4694 enim
2850 4639 2951 4693 hoc
2998 4638 3185 4691 animo
3216 4634 3465 4689 laudaret
3503 4645 3559 4689 et

258 4740 464 4813 ἀρετὴν
504 4740 812 4801 ἐπαινέσαι,
846 4739 1120 4807 θαυμάζει
1141 4738 1330 4806 αὐτήν.
1375 4738 1434 4790 Εἰ
1457 4737 1566 4805 γὰρ
1600 4735 1753 4802 ἔλεγε
1776 4735 1853 4804 τῷ

261 4835 453 4903 σκοπῷ
487 4833 686 4903 τούτῳ.
731 4833 949 4902 πρῶτον
978 4831 1119 4901 μετὰ
1163 4827 1547 4892 ταπεινώσεως
1575 4828 1851 4899 ὡμολόγει

260 4924 359 4996 τὴν
401 4925 537 4977 ἰδίαν
581 4924 890 4987 ἀσθένειαν,
931 4923 1131 4989 λέγων·
1165 4940 1183 4972 ι
1220 4922 1288 4975 Οἵ
1315 4939 1405 4990 μοι
1436 4918 1513 4990 τῷ
1548 4919 1718 4989 άθλέῳ
1767 4920 1850 4972 ὅτι

265 5016 662 5086 μεματαίωμαι
705 5014 815 5069 ἀπὸ
867 5014 1070 5076 παντὸς
1113 5012 1360 5080 ἁγαθοῦῐ
1404 5030 1422 5063 ι
1463 5011 1573 5065 Καὶ
1610 5010 1750 5080 μετὰ
1782 5009 1844 5061 τὸ

258 5108 595 5178 ὁμολογῆσαι
625 5107 733 5176 τὴν.
749 5106 889 5159 ἰδίαν
910 5105 1221 5167 ἀσθένειαν,
1270 5102 1447 5165 οὕτως
1487 5098 1604 5173 εἶχε
1634 5101 1847 5170 θαυμά-

262 5216 373 5263 σαι,
414 5201 507 5253 καὶ
543 5199 830 5252 ἐπαινέσαι
888 5198 987 5270 τὴν
1036 5199 1260 5268 ἀρετήν.
1315 5196 1456 5249 Ἀλλ’
1490 5196 1614 5250 οὐδὲ
1648 5197 1852 5251 σκοπὸν

260 5292 402 5364 ἔχων
431 5292 526 5346 τοῦ
562 5291 636 5363 μὴ
662 5290 1015 5344 σκανδαλίσαι
1036 5290 1178 5353 τινὰ,
1223 5288 1564 5357 ἐγκωμιάζει
1602 5288 1703 5359 τὴν
1726 5290 1854 5361 ἀρε-

261 5384 637 5453 τήν.’0;ρείλει
669 5384 778 5455 γὰρ
801 5385 892 5438 καὶ
914 5382 1086 5447 οὕτως
1116 5382 1427 5450 λογίζεσθαι
1455 5396 1466 5407 ·
1499 5382 1580 5435 ὅτι
1608 5381 1717 5435 Ναὶ
1742 5395 1853 5450 εγω

262 5475 445 5538 ἄθλιός
470 5479 585 5547 εἰμι
620 5477 715 5531 καὶ
745 5476 1021 5547 ἐμπαθὴς,
1047 5475 1138 5530 διὰ
1163 5476 1215 5529 τί
1241 5476 1330 5529 ἵνα
1372 5477 1469 5528 καὶ⁸
1494 5474 1653 5527 ἄλλον
1682 5492 1849 5528 σκαν-

262 5563 466 5620 δαλίσω
481 5585 495 5635 ;
512 5567 601 5622 διὰ
623 5569 675 5622 τί
694 5570 782 5621 ἵνα
808 5568 995 5638 βλάψω
1011 5570 1105 5621 καὶ
1128 5568 1295 5634 ἄλλην
1308 5567 1508 5638 ψυχὴν,
1528 5568 1623 5620 καὶ
1650 5568 1858 5634 ἐνέγκω

196 5666 215 5673 “
262 5656 489 5729 ἑμαυτῷ
517 5661 611 5713 καὶ
635 5661 796 5715 ἄλλου
830 5660 1017 5731 βάρος,
1064 5661 1159 5715 καὶ
1196 5655 1342 5729 εἶχεν
1382 5661 1430 5711 εἰ
1460 5659 1555 5711 καὶ
1585 5660 1665 5721 εἰς
1695 5658 1858 5711 αὑτὸν

262 5752 600 5825 ἡμάρτανεν,
639 5753 755 5806 ἀλλ’
784 5750 878 5807 οὖν
912 5752 1153 5822 ἅψασθαι
1183 5751 1277 5805 τοῦ
1317 5750 1486 5805 καλοῦ
1517 5768 1531 5818 ;
1570 5748 1857 5803 Ταπεινώσ

244 5856 405 5919 δσιως
428 5842 537 5914 γάρ
562 5843 755 5897 ἔστιτὸ
782 5843 975 5899 ἑαυτὸν
998 5841 1329 5908 ταλανίςειν,
1358 5840 1452 5895 καὶ
1485 5839 1855 5907 συμπαθείας,

234 5942 267 5971 κι

1951 4733 2335 4799 admiraretur,
2353 4734 2601 4788 fateretur
2625 4733 2907 4803 proprium
2927 4739 3232 4801 peccatum,
3251 4738 3305 4782 et
3326 4729 3556 4782 diceret:

1956 4844 1974 4876 ι
2006 4824 2119 4879 Heu
2137 4843 2222 4880 me
2246 4828 2506 4882 miserum
2529 4836 2586 4882 et
2615 4825 2912 4891 infelicem,
2934 4824 3081 4878 omni
3132 4823 3366 4884 virtute,
3403 4820 3554 4874 omni

1949 4916 2094 4971 bini)
2141 4935 2347 4973 vacuus
2408 4920 2619 4974 sum!»
2712 4918 2779 4971 Et
2845 4919 2916 4973 ita
2983 4926 3107 4988 post
3150 4916 3553 4972 confessionem

1949 5014 2183 5081 prOpritn
2252 5012 2590 5067 infirmitatis
2661 5011 2890 5066 laudare
2944 5021 3129 5080 posset
3187 5017 3241 5062 et
3293 5005 3551 5080 admirari

1955 5111 2238 5165 virtutem.
2300 5105 2420 5160 Non
2473 5106 2638 5160 etiam
2693 5104 2952 5158 virtutem
3017 5101 3224 5165 laudat,
3270 5115 3339 5153 ne
3386 5113 3551 5167 quem

1961 5200 2336 5262 scandalizet;
2393 5197 2473 5253 sic
2501 5196 2648 5253 enim
2679 5196 2859 5266 primo
2895 5193 2998 5249 sibi
3049 5191 3337 5246 dicendum
3366 5196 3551 5246 esset:

1966 5315 1983 5345 ι
1998 5292 2296 5361 lnfelixego
2309 5304 2453 5350 sum,
2470 5286 2807 5358 etmiserqui
2828 5284 3085 5340 seandalo
3103 5283 3395 5351 unicuique
3407 5296 3553 5345 sum,

1965 5362 2403 5454 .tniuSc-ujnsque
2431 5380 3023 5448 Imloanimam,atque
3048 5377 3285 5430 alienum
3318 5387 3460 5426 onus
3496 5372 3551 5427 in

1966 5495 2050 5533 me
2081 5478 2194 5531 fero
2214 5477 2261 5531 ι»
2294 5476 2436 5531 ctita
2464 5474 2725 5528 fateretur
2744 5481 3023 5540 peccatum
3044 5485 3059 5531 ;
3081 5467 3226 5537 quod
3251 5467 3302 5519 in
3322 5462 3561 5519 alterunt

1964 5569 2378 5631 eonnuisit,non
2395 5569 2448 5622 in
2468 5568 2611 5623 bono
2625 5564 2846 5635 proprio
2864 5558 3553 5633 gloriareturJlntnililatis

1964 5662 2111 5716 enim
2132 5662 2410 5731 proprium
2437 5669 2539 5723 est,
2568 5674 2629 5713 se
2668 5658 2847 5727 ipsum
2869 5671 3084 5725 semper
3113 5653 3466 5723 rilipenderc,
3497 5658 3554 5706 et

1966 5751 2219 5820 proximo
2247 5750 2505 5820 compati.
2534 5747 2634 5802 llic
2650 5755 2831 5802 tamen
2857 5745 3157 5801 secundum
3185 5744 3392 5799 nullum
3411 5756 3553 5813 pra:-

1966 5841 2236 5899 dictorum
2267 5824 2557 5897 modorur'n
2595 5837 2825 5895 virtutes
2856 5835 3123 5894 laudavit.
3144 5835 3236 5895 sed
3259 5838 3317 5891 ut
3346 5828 3553 5892 vitium
