4062 6444
440 374 578 438 1723

1661 380 1719 440 S.
1755 381 2151 445 DOROTHEI
2189 387 2510 447 ABBATIS

3575 369 3718 447 1724

430 494 487 540 et
509 482 744 539 dedecus
775 500 933 539 suum
958 495 1181 556 teget-et,
1209 487 1424 544 virtutis
1451 503 1647 543 nomen
1680 491 1880 560 adjecit
1908 509 1921 546 :
1948 494 2014 549 ita

2128 496 2189 549 τὸ
2234 497 2511 566 φείδεσθαι
2544 497 2636 550 τοῦ
2674 497 2922 567 πλησίου.
2967 497 3107 550 Ἀλλ’
3135 497 3164 550 6
3191 495 3455 561 τοιοῦτος,
3479 494 3542 548 οὗ
3573 497 3721 551 κατὰ

431 577 674 648 loquitur
697 577 765 630 de
786 591 846 631 ea
878 593 942 631 ac
969 578 1011 631 si
1050 579 1174 633 talis
1203 579 1318 649 ipse
1343 581 1438 637 sit.
1503 581 1658 651 Saepe
1704 583 1870 639 etiam
1917 584 2025 639 vir-

2128 603 2249 641 τινα
2268 589 2375 641 τῶν
2396 590 2698 660 εἰρημένων
2725 591 3022 660 θαυμάζει,
3049 590 3124 652 ὡς
3142 584 3317 652 εἷπον,
3348 587 3451 657 τὴν
3485 588 3715 659 ἀρετὴν,

433 676 604 724 tutem
655 666 858 730 laudat,
889 677 946 721 ut
974 668 1208 738 cuipiam
1248 680 1467 738 noceat,
1498 680 1557 727 ut
1590 673 1832 744 aliquem
1863 675 1930 729 ad
1967 692 2014 732 se

2128 678 2243 732 ἀλλ’
2283 680 2317 750 ἢ
2361 680 2450 733 διὰ
2512 681 2574 733 τὸ
2625 682 2900 734 σκεπάσαι
2965 681 3065 751 τὴν
3132 679 3270 732 ἰδίαν
3320 678 3719 749 ἀσχημοσύνην

430 759 652 816 alliciat.
680 756 865 829 Neque
882 760 1026 814 enim
1043 776 1148 815 una
1167 762 1368 817 malitia
1386 774 1490 829 est,
1509 781 1615 819 una
1635 766 2014 821 conditin.Dia-

2130 772 2612 844 προσλαμϐάνεται
2679 775 2739 827 τὸ
2794 774 2967 844 ὄνομα
3019 774 3121 844 τῆς
3155 772 3383 842 ἀρετῆς,
3435 769 3533 826 καὶ
3559 770 3722 824 λαλεῖ

430 848 712 919 b‘olusipse
726 866 832 904 non
849 851 1304 919 potestinterdum
1326 852 1531 921 fallere,
1551 856 1654 912 nisi
1674 858 1922 913 virtutem
1933 858 2027 914 ad-

431 940 665 1006 umbret;
686 940 814 1005 nisi,
832 949 891 996 ut
910 941 984 996 ait
1001 942 1314 1013 Apostolus,
1335 948 1678 1019 transﬁguret
1703 966 1758 1005 se
1789 950 1845 1004 in
1867 966 2028 1021 ange-

2133 866 2260 935 περὶ
2293 863 2489 931 αὐτῆς,
2527 864 2604 928 ὡς
2645 865 2727 918 ὅτι
2774 867 2869 917 καὶ
2911 865 3095 931 αὐτὸς,
3150 861 3393 927 τοιοῦτός
3431 863 3583 916 ἐστιν
3618 878 3635 894 ο
3678 861 3718 931 ἦ

2130 957 2393 1021 πολλάκις
2430 958 2517 1012 διὰ
2546 957 2607 1011 τὸ
2638 956 2837 1028 βλάψαι
2873 956 2967 1009 καὶ
3002 954 3246 1008 δελιᾶσαὶ
3271 968 3414 1009 τινα.
3447 951 3588 1006 Οὔτε
3615 950 3721 1022 μία

429 1029 541 1083 lum
558 1028 689 1084 lucis
702 1041 743 1086 τ.
768 1030 924 1087 Haud
941 1033 1138 1088 mirum
1157 1035 1323 1105 igitur
1340 1037 1383 1091 si
1400 1046 1454 1092 et
1473 1040 1705 1095 ministri
1719 1040 1840 1110 ejus
1854 1050 2014 1096 trans

2129 1051 2241 1121 γὰρ
2268 1049 2456 1113 κακία,
2480 1047 2606 1101 οὔτε
2636 1046 2864 1117 οὐδεμία
2885 1046 3119 1116 αἵρεσις,
3167 1041 3294 1096 οὔτε
3337 1040 3500 1103 αὐτὸς
3530 1041 3558 1093 6
3591 1038 3719 1092 διά-

430 1120 664 1191 ligurant
683 1138 741 1177 se
758 1122 810 1178 in
832 1125 1119 1182 ministros
1146 1127 1392 1197 justitiae.
1418 1128 1518 1186 llic
1533 1146 1663 1202 ergo
1684 1132 1917 1188 mendax
1939 1135 2024 1190 est

425 1210 656 1282 (utdixi)
670 1214 786 1269 sive
806 1214 1001 1271 timore
1014 1219 1244 1288 proprize
1263 1218 1575 1290 ignominiae
1587 1233 1641 1278 et
1658 1224 2020 1297 confusionis,

424 1303 510 1359 vel
535 1313 595 1359 ut
623 1305 859 1376 aliquem
887 1302 955 1363 ad
989 1323 1049 1364 se
1082 1310 1280 1377 trahat,
1315 1313 1396 1369 vel
1423 1322 1478 1368 ut
1507 1315 1748 1384 cuipiam
1790 1328 2021 1386 noceat;

428 1393 784 1468 loquiturque
838 1400 906 1456 de
967 1401 1303 1468 virtutibus,
1346 1404 1653 1463 admiratur
1703 1417 1758 1464 et
1814 1411 2020 1475 laudat,

425 1498 687 1560 tanquam
737 1500 792 1547 et
829 1492 947 1563 ipse
988 1509 1177 1550 earum
1216 1512 1399 1553 rerum
1446 1501 1519 1555 sit
1561 1516 1851 1570 possessor
1883 1520 2023 1574 quas

426 1579 630 1649 laudat,
666 1590 923 1654 tanquam
956 1584 1010 1640 in
1037 1586 1119 1642 his
1143 1588 1384 1645 habitum
1411 1606 1689 1647 summum
1720 1601 1774 1648 et
1803 1595 2018 1667 longam

425 1675 876 1733 consuetudinem
912 1677 1121 1734 fecerit.
1172 1679 1270 1735 llic
1312 1686 1528 1753 proprie
1549 1696 1632 1739 est
1658 1686 1749 1755 qui
1774 1685 2017 1743 invitam

425 1780 582 1822 suam
626 1772 928 1827 mentitur:
990 1789 1097 1828 non
1136 1774 1388 1846 simplex,
1431 1779 1651 1849 qualem
1692 1781 1869 1838 virtus
1919 1782 2021 1837 dc-

2127 1142 2280 1204 6ολος
2308 1140 2533 1193 δύναται
2553 1139 2831 1207 ἀπατῆσαί
2870 1153 2992 1189 τινα
3016 1137 3065 1188 εί
3095 1136 3169 1205 μὴ
3202 1133 3291 1186 διὰ
3312 1131 3407 1185 τοῦ
3435 1128 3722 1201 σχηματί-

2126 1232 2317 1299 ζεσθαι
2349 1233 2448 1302 τὴν
2485 1232 2708 1301 ἀρετὴν,
2750 1227 2931 1290 καθὼς
2982 1228 3010 1280 ὀ
3043 1224 3364 1288 Ἀπόσςολος
3419 1221 3596 1290 λέγει,
3632 1219 3721 1273 ὅτι

2124 1325 2286 1385 αὐτὸς
2329 1326 2357 1377 ὁ
2397 1322 2644 1386 διάϐολος
2687 1317 3261 1390 μετασχηματίζεται
3324 1317 3414 1381 εις
3449 1313 3722 1383 ἄγγελον

2123 1412 2340 1482 φωτός,
2373 1413 2448 1466 Οὐ
2484 1412 2624 1483 μέγα
2649 1408 2744 1464 οὖν
2774 1411 2822 1463 εἰ
2865 1411 2960 1464 καὶ
2999 1410 3049 1461 οἱ
3075 1408 3313 1462 διάκονοι
3342 1403 3510 1458 αὐτοῦ
3540 1418 3718 1472 μετα-

2128 1503 2578 1574 σχηματίζονται,
2606 1503 2681 1566 ώς
2706 1501 2947 1555 διάκονοι
2994 1498 3367 1566 δικαιοσύνης.
3399 1494 3592 1557 Οὕτως
3618 1486 3719 1546 οὖν

2123 1594 2221 1649 καὶ
2280 1597 2310 1650 6
2350 1594 2615 1666 ψεύστης.
2666 1594 2776 1648 εἴτε
2832 1591 3165 1663 φοϐούμενος
3221 1586 3487 1659 αἰσχύνην
3521 1584 3616 1640 διὰ
3652 1583 3722 1637 τὸ

2126 1685 2201 1756 μὴ
2279 1683 2717 1754 ταπεινωθῆναι,
2784 1684 2916 1747 εἴτε,
2955 1683 3031 1745 ὡς
3087 1682 3334 1751 εἷπομεν,
3403 1676 3579 1730 θέλων
3625 1674 3719 1728 δε-

2121 1778 2316 1833 λεάσαι
2340 1778 2432 1832 καὶ
2459 1776 2742 1847 ἀπατῆσαί
2774 1792 2921 1839 τινα,
2957 1773 3111 1827 λαλεῖ
3147 1771 3277 1842 περὶ
3313 1768 3427 1822 τὼν
3464 1764 3715 1838 ἀρετῶν,

425 1860 649 1929 siderat,
700 1863 794 1937 sed
820 1865 1020 1935 duplex
1049 1909 1062 1921 .
1093 1867 1235 1924 alius
1268 1868 1518 1936 interius,
1570 1873 1710 1929 alius
1734 1876 2012 1931 exterius:

2118 1870 2216 1924 καὶ
2254 1872 2466 1924 ἐπαινεῖ
2501 1869 2596 1923 καὶ
2624 1869 2917 1938 θαυμάζει,
2951 1868 3027 1930 ὡς
3065 1863 3496 1934 ἰδιοποιούμενος
3517 1859 3715 1924 αὑτὰς,

423 1963 589 2025 atque
635 1955 710 2010 ita
771 1956 1058 2013 ridiculam
1117 1972 1171 2017 et
1223 1961 1628 2021 inconstantem
1688 1969 1801 2037 agit
1850 1969 2014 2024 vitam

2116 1964 2209 2018 καὶ
2251 1961 2660 2035 πεπειραμένος
2691 1962 2874 2015 αὐτῶν
2906 1975 2919 1989 ’
2953 1954 3107 2023 οὗτός
3130 1961 3280 2014 ἐστιν
3314 1959 3343 2010 6
3374 1953 3714 2026 ψευδόμενος

422 2059 601 2099 suam.
653 2044 903 2103 Diximus
950 2047 1064 2118 jam
1123 2050 1191 2105 de
1253 2054 1570 2123 mendacio,
1602 2042 1749 2125 quod
1772 2072 1935 2113 omne
1983 2076 2014 2117 a

2116 2059 2195 2120 εἰς
2229 2057 2393 2111 αὐτὸν
2429 2057 2522 2110 τὸν
2569 2054 2681 2125 βίον
2724 2053 2915 2117 αὐτοῦ,
2952 2045 3110 2115 οὗτος
3155 2050 3257 2106 οὐκ
3300 2048 3451 2103 ἔστιν
3498 2045 3711 2109 ἁπλοῦς
3788 2098 3791 2105 ,

421 2136 566 2191 malo
595 2137 686 2205 sit,
744 2138 847 2195 hoc
879 2150 963 2196 est
988 2141 1276 2199 adiabolo.
1329 2144 1579 2202 Diximus
1610 2157 1665 2202 et
1687 2149 1755 2205 de
1784 2150 2014 2206 veritate

2116 2150 2210 2206 ἄνθ
2221 2167 2402 2222 ρωπος
2420 2188 2436 2212 ,
2470 2148 2607 2203 ἀλλά
2659 2146 2884 2208 διπλοῦς
2910 2161 2923 2175 ·
2949 2145 3107 2208 ἄλλος
3139 2145 3287 2198 ἐστὶν
3311 2141 3521 2196 ἔσωθεν
3540 2180 3557 2206 ,
3614 2141 3713 2194 καὶ

420 2227 551 2297 quia
586 2228 727 2286 Deus
749 2231 950 2288 veritas
973 2242 1074 2289 est.
1108 2233 1405 2307 Fugiamus
1447 2239 1615 2309 igitur
1644 2242 2012 2310 mendacium,

2116 2245 2272 2307 ἄλλος
2299 2243 2501 2309 ἔξωθεν
2523 2259 2537 2274 ⁸
2569 2240 2793 2296 διπλοῦν
2823 2240 2937 2310 ἔχει
2982 2238 3076 2292 καὶ
3112 2237 3233 2291 ὅλον
3267 2231 3711 2306 ἐκχλευασμένου

420 2317 642 2385 fratres,
692 2332 751 2377 ut
799 2338 1118 2379 eruamura
1148 2328 1430 2384 consortio
1470 2331 1631 2385 mali:
1687 2332 2009 2390 insudemus

2116 2337 2202 2391 τὸν
2237 2337 2350 2408 βίον
2378 2335 2569 2390 αὑτοῦ.
2611 2335 2743 2388 Ἰδοὺ
2780 2334 3011 2403 εἴπομεν
3046 2331 3176 2402 περὶ
3219 2327 3315 2382 τοῦ
3336 2326 3571 2398 ψεύδους
3622 2326 3711 2379 ὅτι

416 2411 484 2465 ad
516 2414 817 2481 parandam
851 2415 1131 2483 virtutem,
1156 2429 1216 2473 ιιι
1236 2419 1310 2474 illi
1343 2423 1745 2493 conjungamur
1782 2427 1874 2494 qui
1902 2426 2006 2480 ait:

2116 2429 2174 2481 ἐκ
2194 2427 2289 2481 τοῦ
2312 2427 2549 2499 πονηροῦ
2579 2430 2730 2482 ἐστιν
2746 2443 2760 2455 ⁸
2784 2415 3013 2498 εἴπομεν
3031 2426 3128 2481 καὶ
3148 2425 3276 2497 περὶ
3296 2424 3397 2494 τῆς
3417 2420 3709 2493 ἀληθείας.

417 2503 533 2574 Ego
597 2523 715 2560 sum
772 2511 964 2566 veritas
995 2520 1042 2568 ⁸.
1108 2511 1253 2570 Deus
1296 2530 1399 2571 nos
1441 2516 1640 2588 dignos
1689 2517 1859 2575 faciat
1906 2535 2009 2574 sua

2116 2519 2190 2574 ὅτι
2227 2521 2260 2591 ἡ
2299 2519 2552 2589 ἀλήθεια,
2595 2519 2625 2571 6
2662 2518 2795 2583 Θεός
2823 2520 2962 2573 ἐστι.
2988 2519 3257 2589 Φύγωμεν
3284 2511 3457 2570 οὖντὸ
3480 2512 3707 2583 ψεῦδος,

416 2597 671 2654 veritate.
2108 2610 2357 2681 ἀδελφοὶ,
2386 2611 2477 2664 ἵνα.
2522 2609 2812 2680 ῥυσθῶμεν
2846 2611 2910 2663 ἐκ
2954 2610 3055 2679 τῆς
3091 2608 3312 2679 μερίδος
3352 2605 3450 2660 τοῦ
3477 2599 3707 2674 ὲχθροῦ,

417 2687 512 2772 καὶ
564 2686 963 2761 ἀγωνισώμεθα
1009 2691 1318 2765 κτήσασθαι
1357 2692 1459 2766 τὴν
1520 2694 1803 2768 ἀλήθειαν,
1853 2698 1940 2754 ἵνα
1978 2698 2268 2772 ἐνωθῶμεν
2301 2699 2379 2771 τῷ
2420 2700 2653 2764 εἰπόντι,
2717 2698 2865 2769 Ἐγώ
2895 2701 3015 2770 ειμι
3053 2701 3092 2769 ’ἡ
3127 2697 3404 2768 ἀλήθεια.
3464 2696 3522 2749 '0
3567 2692 3708 2758 Θεὸς

413 2771 638 2840 ἀξιώσει
664 2778 813 2848 ἡμᾶς
866 2779 968 2851 τῆς
997 2780 1262 2852 ἀληθείας
1289 2782 1479 2840 αὐτοῦ.

981 2893 1333 2954 DOCTRINA
1369 2899 1442 2957 Χ.

2650 2898 3060 2954 ΔΙΔΑΣΚΔΛΙΑ
3102 2896 3160 2956 l'.

512 3006 579 3066 Ut
608 3009 680 3064 ad
701 3019 901 3065 certum
934 2994 1155 3086 scopum
1180 3023 1231 3068 et
1268 3014 1606 3071 sobrietate»:
1630 3016 1692 3071 in
1723 3016 1821 3073 Dei
1852 3021 1936 3074 via

2116 2995 2249 3083 ιΪερί
2288 3012 2397 3069 τοῦ
2427 3013 2579 3086 μετὰ
2613 3014 2852 3086 σκοποῦ
2887 3013 2985 3086 καί
3026 3014 3272 3086 νήψεως
3301 3011 3541 3068 ὁδεύειν
3586 3010 3711 3081 τὴν

1049 3084 1372 3155 dirigamur.

2430 3084 2440 3086 ἡ
2660 3085 2807 3141 ὁδὸν
2838 3085 2946 3140 τοῦ
2972 3085 3146 3140 Θεοῦ.

487 3173 531 3227 Ι.
582 3173 855 3230 Curemus
884 3188 987 3232 nos
1012 3174 1186 3245 ipsos,
1226 3176 1567 3234 dilectissimi
1604 3219 1622 3246 ,
1656 3178 2006 3251 invigilemus

2177 3174 2258 3230 A'.
2292 3176 2672 3247 Φροντίσωμεν
2716 3176 2946 3241 ἑαυτῶν,
2981 3175 3225 3244 ἀδελφοὶ,
3259 3174 3546 3247 νήφωμεν.
3606 3176 3708 3240 Τίς

414 3265 596 3322 nobis.
662 3265 797 3333 Quis
842 3267 990 3323 enim
1040 3268 1202 3325 nobis
1250 3270 1517 3326 amissum
1585 3280 1801 3343 tempus
1844 3275 2007 3331 resti-

2116 3267 2268 3322 δώσει
2295 3271 2429 3339 ἡμῖν
2446 3269 2537 3323 τὸν
2560 3268 2755 3340 καιρὸν
2769 3268 2978 3334 τοῦτον,
3004 3270 3100 3322 ἐὰν
3129 3268 3491 3338 ἀπολέσωμεν
3513 3266 3704 3333 αὑτόν;

414 3357 564 3414 tuet?
624 3358 880 3425 Quaerere
930 3361 1032 3416 hos
1070 3361 1190 3418 dies
1210 3363 1514 3433 poterimus";
1546 3405 1562 3431 ,
1604 3366 2004 3437 sed~nusquam

2116 3360 2321 3425 Ὄντως
2353 3360 2550 3432 ἔχομεν
2584 3362 2822 3432 ζητῆσαι
2845 3362 2945 3425 τάς
2983 3362 3198 3432 ἡμέρας
3232 3361 3461 3425 ταύτας,
3498 3360 3595 3413 καὶ
3627 3361 3707 3432 μὴ

414 3464 513 3506 eos
536 3449 900 3508 inveniemus.
951 3452 1217 3509 Abbatem
1251 3455 1547 3511 Arsenium
1596 3457 1820 3512 solitum
1851 3458 2008 3515 aiunt

2116 3450 2352 3523 εὕρομεν
2372 3454 2563 3517 αὐτάς.
2613 3454 2671 3506 '0
2693 3453 2870 3516 ἀὸϐᾶς
2915 3455 2971 3506 Ἀ
2982 3453 3191 3524 ρσένιος
3227 3452 3416 3521 ἔλεγεν
3440 3455 3499 3507 ἐν
3521 3452 3708 3524 ἑαυτῷ

415 3540 519 3597 sibi
537 3542 641 3611 ipsi
671 3556 887 3606 semper
909 3544 1093 3600 dicere
1121 3564 1134 3600 :
1202 3546 1455 3613 «Arseni,
1476 3549 1544 3603 ad
1574 3550 1703 3619 quid
1738 3551 2002 3607 venisti?»

2116 3546 2342 3601 πάντοτε
2363 3562 2377 3577 ο
2408 3565 2428 3599 ι
2467 3548 2734 3619 Ἀρσένιε,
2761 3547 2845 3601 διὸ
2865 3546 3125 3618 ἐξῆλθες;
3163 3565 3182 3599 ι
3214 3548 3408 3618 Ἡμεῖς
3435 3547 3495 3602 δὲ
3525 3550 3587 3602 ὲν
3614 3564 3707 3602 το-

414 3630 529 3689 Nos
585 3640 769 3688 autem
838 3634 977 3689 adeo
1006 3635 1225 3692 desides
1250 3652 1446 3693 sumus
1471 3647 1525 3694 et
1555 3640 1779 3705 inertes,
1831 3650 1893 3696 ut
1938 3643 2006 3698 ad

2116 3639 2292 3713 σαύτῃ
2314 3639 2480 3708 ἐσμὲν
2496 3636 2748 3710 ἀπωλείᾳ
2773 3640 2868 3693 καὶ
2889 3639 3124 3711 ἀμελείᾳ
3156 3653 3172 3667 ⁸
3203 3638 3288 3692 ὃτι
3307 3637 3437 3691 οὔτε
3472 3638 3706 3709 οἴδαμεν

414 3726 548 3796 quid
571 3726 902 3794 venerimus,
931 3728 1158 3785 omnino
1176 3730 1515 3800 ignoremus,
1535 3747 1713 3802 neque
1733 3735 2006 3805 quidnam

412 3819 670 3886 velimus,
699 3820 961 3877 sciamus.
1023 3822 1205 3891 Atque
1244 3822 1367 3879 ideo
1395 3840 1505 3879 non
1537 3826 1716 3893 solum
1741 3842 1850 3883 non
1883 3844 2009 3898 pro—

415 3910 652 3977 ticimus,
709 3911 804 3967 sed
848 3927 1064 3982 semper
1092 3915 1367 3984 angimur,
1426 3932 1642 3988 semper
1691 3919 2007 3991 alliigimur.

412 4006 571 4074 Quod
621 4009 749 4064 inde
779 4011 857 4077 iit,
890 4011 1019 4079 quia
1049 4012 1256 4066 nullam
1290 4013 1359 4068 de
1388 4015 1548 4070 nobis
1563 4031 1770 4082 curam,
1800 4018 2006 4072 nullam

409 4102 771 4159 attentionem
801 4104 1068 4174 gerimus.
1124 4103 1260 4159 Nam
1280 4106 1348 4173 si,
1380 4116 1440 4163 ut
1470 4123 1571 4179 par
1621 4119 1790 4175 esset,
1820 4111 2008 4167 decer-

412 4201 535 4249 tare
556 4194 842 4250 nobiscum
866 4196 1143 4252 modicum
1173 4197 1462 4266 vellemus,
1507 4213 1619 4255 non
1657 4216 1830 4270 usque
1869 4202 2009 4257 adeo

412 4283 820 4355 aﬂligeremur,
868 4300 978 4340 non
1014 4294 1228 4342 tantum
1262 4288 1655 4345 laboraremus.
1711 4290 1813 4356 Qui
1860 4292 2006 4346 enim

414 4372 687 4443 principio
739 4373 848 4430 sibi
900 4375 1004 4444 ipsi
1050 4375 1159 4431 vim
1188 4375 1381 4434 fecerit
1427 4388 1594 4448 atque
1635 4381 1917 4447 restiterit,
1954 4390 2008 4436 et

2105 3730 2197 3785 διὰ
2222 3730 2277 3784 τί
2305 3730 2624 3801 ἐξήλθομεν,
2667 3730 2794 3784 οὔτε
2831 3732 2933 3784 οὐκ
2962 3731 3185 3801 οίδαμεν
3222 3730 3277 3784 τί
3319 3731 3469 3783 ἐστιν
3506 3730 3537 3782 ὃ
3569 3729 3704 3801 ἠθε-

2106 3822 2355 3895 λήσαμεν
2379 3840 2394 3854 ·
2430 3823 2522 3877 διὰ
2558 3822 2719 3877 τοῦτο
2743 3825 2805 3877 οὐ
2830 3824 2991 3894 μόνον
3024 3824 3087 3876 οὒ
3120 3822 3532 3895 προκόπτομεν,
3561 3821 3705 3877 ἀλλά

2107 3918 2203 3970 καὶ
2225 3915 2523 3987 θλιΰόμεθα
2552 3915 2805 3970 πάντοτε.
2834 3914 3005 3968 Τοῦτο
3028 3915 3086 3968 δὲ
3116 3916 3330 3984 γίνεται
3357 3918 3492 3987 ἡμῖν
3513 3916 3578 3969 ὲκ
3604 3914 3703 3970 τοῦ

2110 4008 2186 4079 μὴ
2227 4006 2375 4077 ἔχειν
2416 4007 2692 4078 προσοχὴν
2748 4010 2807 4061 ἐν
2847 4010 2914 4077 τῇ
2946 4008 3145 4079 καρδίᾳ
3164 4006 3327 4079 ἡμῶν
3353 4023 3369 4042 ο
3400 4007 3498 4061 καὶ
3527 4005 3701 4072 ὅντως

2107 4100 2156 4153 εί
2189 4099 2460 4170 ἠθέλομεν
2503 4099 2700 4171 μικρὸν
2750 4099 3154 4168 ἀγωνίσασθαι,
3194 4101 3297 4155 οὐκ
3337 4099 3565 4171 εἴχομεν
3604 4101 3702 4155 ἐπὶ

2107 4194 2243 4247 πολὺ
2261 4192 2510 4263 θλισῆναι
2531 4193 2652 4246 οὐδὲ
2672 4194 2872 4264 κοπιᾷν
2903 4209 2918 4226 ο
2947 4192 3052 4246 κᾶν
3076 4193 3186 4263 γὰρ
3209 4192 3361 4264 παρὰ
3398 4193 3500 4257 τὰς
3523 4191 3702 4264 ἀρχὰς

2108 4283 2364 4353 βιάζηταί
2381 4300 2463 4347 τις
2489 4283 2698 4348 ἑαυτὸν,
2720 4283 2857 4336 ἀλλὰ
2877 4282 3289 4355 ἀγωνιζόμενος
3308 4282 3454 4339 κατὰ
3477 4283 3699 4355 μικρὸν,

2108 4375 2306 4447 μικρὸν
2356 4375 2691 4445 προκόπτει,
2752 4374 2850 4428 καὶ
2896 4375 3084 4428 λοιπὸν
3145 4374 3286 4444 μετά
3330 4375 3700 4437 ἀναπαύσεως

415 4465 683 4535 paulatim
743 4482 987 4538 pugnare
1032 4471 1366 4539 perrexerit,
1426 4471 1676 4541 proficiet
1738 4487 1891 4540 sane,
1950 4483 2006 4528 et

2116 4468 2286 4519 ποιεῖ’
2314 4465 2410 4519 τοῦ
2445 4465 2582 4519 Θεοῦ
2610 4466 2900 4536 βλέποντος
2936 4466 3021 4518 ὅτι
3061 4465 3151 4520 ὅτε
3180 4465 3441 4537 βιάζηται
3479 4464 3696 4530 ἑαυτὸν,

412 4550 675 4624 deinceps
707 4570 894 4626 pacem
917 4565 973 4612 et
999 4558 1236 4628 quietem
1257 4569 1644 4631 consequetur.
1701 4560 1840 4616 Cum
1856 4563 2002 4618 enim

2116 4559 2203 4610 καὶ
2223 4558 2558 4629 παρέχοντος
2603 4559 2751 4629 αὐτῷ
2771 4559 3042 4629 βοήθειαν.
3118 4560 3230 4612 Καὶ
3256 4560 3418 4631 ἡμεῖς
3448 4554 3543 4612 οὖν
3575 4556 3695 4627 βια-

414 4645 712 4705 adverterit
744 4648 890 4707 Deus
918 4651 1158 4724 aliquem
1193 4668 1255 4709 se
1276 4653 1457 4724 ipsum
1488 4653 1757 4726 principio
1783 4670 2002 4727 cogere,

2116 4649 2327 4720 τώμεθα
2354 4651 2606 4717 ἑαυτοὺς,
2638 4650 2892 4722 βάλωμεν
2929 4649 3101 4722 καλὴν
3124 4652 3323 4724 ἀρχὴν,
3375 4650 3694 4721 θελήσωμεν

416 4740 603 4796 statim
635 4743 703 4799 ad
734 4744 1001 4800 auxilium
1027 4755 1300 4817 properat.
1340 4747 1408 4802 Et
1437 4762 1538 4805 nos
1559 4748 1745 4820 igitur,
1777 4748 2001 4816 fratres,

2116 4742 2240 4806 τέως
2256 4742 2318 4795 τὸ
2335 4742 2514 4797 καλόν.
2530 4745 2639 4798 Καὶ
2654 4743 2761 4816 γὰρ
2781 4742 2934 4796 οὔπω
2951 4744 3008 4797 ὲν
3025 4744 3145 4798 τελε
3154 4743 3325 4814 ίοτητί
3344 4745 3534 4814 ἐσμεν.
3555 4742 3693 4794 Ἀλλ’

2101 4832 2235 4886 αὐτὸ
2257 4833 2321 4887 τὺ
2359 4832 2536 4887 θέλειν
2558 4875 2574 4901 ,
2615 4834 2759 4905 ἀρχὴ
2794 4835 3072 4905 σωτηρίας
3100 4835 3232 4905 ἡμῖν
3264 4836 3413 4886 ἐστιν
3442 4849 3457 4865 ο
3481 4833 3546 4884 ἐκ
3598 4829 3692 4884 τοῦ

2101 4923 2212 4997 γὰρ
2240 4924 2436 4992 θέλειν,
2455 4926 2730 4997 ἐρχόμεθα
2753 4927 2850 4982 σὺν
2861 4927 2981 4998 Θεῷ
2996 4928 3090 4981 καὶ
3114 4929 3192 4989 είς
3219 4926 3280 4979 τὸ
3298 4924 3687 4994 ἀγωνίζεσθαι,

2110 5017 2204 5071 καὶ
2231 5018 2295 5070 ὲκ
2315 5016 2410 5071 τοῦ
2439 5014 2836 5087 ἀγωνίζεσθαι,
2878 5018 3153 5091 βοηθεῖται
3177 5036 3263 5082 τις
3285 5020 3366 5080 είς
3389 5016 3453 5071 τὸ
3484 5015 3689 5087 κτήσα-

418 4848 523 4892 nos
549 4833 699 4905 ipsos
721 4852 1006 4908 cogamus,
1044 4837 1211 4911 519
1241 4838 1515 4910 iaciamus
1557 4843 1778 4897 tandem
1808 4840 2006 4897 funda-

417 4936 625 4994 menta,
660 4928 892 4985 velimus
921 4930 1136 4986 tandem
1170 4931 1399 4995 bonum,
1451 4933 1558 4988 etsi
1600 4932 1842 4988 nondum
1876 4947 2004 5003 per-

419 5018 550 5077 fecti
608 5021 803 5079 simus.
874 5020 992 5079 Hoc
1046 5024 1196 5080 enim
1245 5024 1451 5081 bonum
1510 5034 1700 5097 optare
1736 5034 1793 5082 et
1841 5025 2000 5090 velle,

420 5110 617 5167 salutis
652 5112 937 5169 exordium
971 5122 1055 5170 est
1089 5114 1278 5182 nobis;
1311 5125 1505 5174 etcum
1525 5116 1664 5172 velle
1686 5115 2001 5187 incipimus,

2116 5110 2237 5166 σθαι
2257 5110 2357 5176 τὰς
2392 5112 2595 5183 ἀρετάς
2619 5128 2633 5143 ⁸
2662 5112 2752 5167 διά
2783 5112 2940 5166 τοῦτό
2977 5129 3062 5176 τις
3088 5112 3199 5165 τῶν
3225 5108 3491 5180 Πατέρων
3518 5106 3689 5175 λέγει’

421 5201 714 5273 incipimus
745 5205 934 5270 etiam,
974 5207 1271 5265 auxiliante
1302 5207 1554 5275 Domino,
1585 5223 1847 5280 pugnare.
1902 5206 2005 5263 Pu-

2116 5205 2209 5268 Δὸς
2232 5199 2370 5274 αἷμα
2395 5204 2488 5258 καὶ
2513 5204 2645 5259 λάϐε
2663 5205 2881 5278 πνεῦμα
2905 5226 2919 5239 ο
2947 5204 3090 5261 τοῦτ’
3122 5204 3270 5258 ἔστιν
3291 5200 3583 5272 ἀγώνισαι,
3600 5196 3696 5251 καὶ

422 5294 716 5363 gnantibus
744 5305 927 5352 autem
959 5298 1118 5354 nobis
1139 5314 1246 5355 non
1280 5299 1482 5357 desunt
1507 5298 1603 5373 qui
1634 5315 1795 5370 opem
1823 5298 2005 5356 ferant

2116 5298 2243 5370 γένῃ
2266 5298 2325 5350 ὲν
2357 5296 2468 5364 ἕξει
2495 5300 2595 5371 τῆς
2620 5299 2848 5372 ἀρετῆς.

453 5480 512 5505 ’⁸
546 5470 592 5528 ll
614 5473 741 5531 Cor.
789 5489 851 5540 ιι,
883 5476 968 5543 Η,
1013 5478 1095 5534 l5.
1175 5489 1198 5517 ι
1229 5477 1388 5534 .loan.
1432 5495 1545 5546 xiv,
1588 5476 1642 5535 6.

1710 5657 1944 5715 VARIIE
1996 5655 2399 5715 LECTiONES.

502 5809 549 5846 "
576 5814 847 5873 Δελιᾶσαι.
875 5817 1146 5877 δελεᾶσαι.
