4062 6456
350 355 490 421 1725

1737 364 2121 427 DOCTRINA
2163 370 2236 432 X.

3484 387 3629 453 1796

346 471 416 527 ad
475 472 704 569 virtutes
752 470 1044 541 parandas.
1092 468 1409 569 [line-unus
1534 473 1845 569 senioribus
1890 473 1963 528 ita
2004 476 2200 569 solitus
2238 491 2354 537 erat
2392 485 2602 544 dicere:
2665 507 2682 540 ι
2734 488 2808 544 Da
2840 493 3181 562 sanguinem,
3214 504 3269 551 et
3293 496 3478 566 accipe
3508 503 3625 569 spi-

348 569 547 632 ritum;
580 583 600 617 ι
638 562 692 617 id
737 571 843 627 est,
890 579 1068 634 pugna
1101 573 1160 618 ut
1197 564 1263 618 ad
1298 564 1514 620 virtutis
1542 566 1782 619 habitum
1808 565 2122 635 pervenias.

409 659 623 712 B'."Ots
645 655 1007 724 ἀνεγίνωσκον
1029 658 1109 719 είς
1138 656 1236 727 τὴν
1269 656 1374 722 ἔξω
1395 658 1663 717 παιδείαν.
1693 658 1929 711 ἐκοπίων

2104 662 2165 718 ll.
2193 665 2329 721 Cum
2353 667 2419 721 ad
2447 669 2632 724 ludum
2656 687 2933 743 pergerem
2958 677 3339 746 egressnsjam
3364 692 3429 731 ex
3452 679 3621 749 ephcg

344 749 410 814 ἐξ
444 747 621 821 ἀρχῆς
652 748 816 811 πάνυ,
849 750 943 802 καὶ
976 750 1065 802 ὅτε
1096 749 1348 820 ἠρχόμην
1377 749 1563 802 λαϐεῖν
1592 750 1652 802 τὸ
1704 749 1926 819 βιϐλίον,

344 840 523 903 οὕτως
560 838 736 908 ήμην,
770 836 845 900 ῶς
889 856 972 903 τις
1012 840 1237 907 ὑπάγων
1283 838 1525 909 ἅψασθαι
1580 839 1792 911 θηρίου.
1824 839 1931 903 ’Ὧς

342 927 442 985 οὖν
477 930 671 1000 ἔμεινα
709 928 1031 999 βιαζόμενος
1057 929 1295 999 ἐμαυτὸν
1317 968 1331 991 ,
1379 927 1677 1000 ἐϐοήθησεν
1704 929 1732 980 ὁ
1758 928 1890 992 Θεὸς
1913 967 1928 992 ,
1964 984 2005 1021 ο

342 1023 447 1076 καί
473 1019 649 1085 οὕτως
677 1021 944 1092 ἐγενόμην
977 1022 1035 1073 ἐν
1061 1019 1171 1085 ἕξει
1195 1019 1289 1073 τοῦ
1317 1019 1669 1091 πράγματος,
1696 1018 1836 1072 ὥστε
1853 1018 1931 1089 μὴ

342 1106 552 1169 εἰδέναι
592 1130 660 1183 με
689 1112 741 1166 τί
771 1112 1013 1183 ἔτρωγεν
1046 1112 1152 1184 ἢτί
1191 1111 1375 1166 ἔπινον
1398 1153 1413 1177 ,
1457 1112 1491 1183 ἢ
1534 1113 1651 1175 πῶς
1695 1113 1932 1178 ἐκοιμῶ-

344 1222 484 1275 μην,
514 1207 580 1258 ἐκ
601 1204 701 1274 τῆς
733 1203 985 1266 καύσεως
1011 1203 1122 1256 τῶν
1145 1205 1597 1275 ἀναγνωσμάτων
1624 1221 1639 1235 ο
1667 1204 1761 1258 καὶ
1781 1204 1932 1257 οὐδέ-

345 1314 483 1351 ποτε
523 1296 792 1368 ἐλκύσθην
824 1298 907 1361 εἰς
926 1298 1147 1368 ἄριστον
1169 1297 1307 1368 μετά
1322 1297 1440 1360 ἐνὸς
1462 1297 1571 1351 τῶν
1594 1298 1765 1366 φίλων
1786 1314 1889 1368 μου
1912 1312 1929 1328 ·

344 1391 467 1445 ἀλλ’
498 1390 619 1443 οὐδὲ
646 1390 727 1453 είς
762 1390 1053 1460 συντυχίαν
1078 1390 1331 1462 ἠρχόμην
1382 1391 1497 1460 μετ’
1546 1390 1711 1442 αὑτοῦ
1757 1391 1815 1443 ἐν
1852 1388 1932 1460 τῷ

347 1481 527 1553 καιρῷ
544 1480 640 1534 τοῦ
670 1478 1098 1550 ἁναγνώσματος
1119 1497 1132 1509 °
1155 1480 1338 1534 καίτοι
1360 1481 1722 1552 φιλοσυνήθης
1742 1481 1817 1535 ὢν
1837 1482 1932 1534 καὶ

346 1572 583 1641 ἀγαπῶν
599 1571 724 1635 τοὺς
751 1571 1000 1642 ἑταίρους
1039 1588 1162 1642 μου.
1206 1571 1294 1635 Ὠς
1327 1568 1420 1625 οὖν
1462 1572 1696 1625 ἀπέλυεν
1727 1573 1873 1642 ἡμᾶς
1903 1572 1932 1625 ὁ

349 1661 615 1733 σοφιστὴς
662 1662 757 1715 καὶ
816 1661 1067 1734 ἐλεώμην
1104 1661 1393 1733 ⁸(ἐχρῃζον
1424 1662 1534 1733 γὰρ
1566 1661 1688 1715 καθ’
1718 1662 1935 1733 ἡμέραν

327 1752 639 1823 ἐνυγραίνε
649 1751 1024 1816 σθαι,ἐπειδάν
1051 1749 1488 1822 ἀνεξηραινὸμην
1506 1751 1570 1803 ὲκ
1585 1750 1684 1819 τῆς
1699 1749 1933 1821 ὑπερϐο-

346 1845 454 1916 λῆς
499 1844 610 1898 τῶν
640 1844 1135 1913 ἀναγνωσμάτων),
1171 1842 1482 1913 ἀνεχώρουν
1530 1843 1664 1895 ὅπου
1714 1841 1931 1912 ἔμενον,

353 1939 493 2010 μήτε
518 1933 675 1999 εἰδὼς
702 1937 784 1988 ὅτι
819 1935 928 2005 ἔχω
962 1938 1179 2005 φαγεῖν·
1211 1935 1312 1987 οὐκ
1340 1934 1628 2003 ἠδυνάμην
1682 1934 1792 2003 γάρ
1822 1934 1933 1986 ἁπ-

351 2001 743 2101 ασχοληθῆναι,
794 2001 914 2079 οὑθέ
968 2001 1141 2089 ὲιξτδ
1172 2001 1426 2090 ἐπιτάξαι.
1459 2001 1610 2095 αὑτῷ
1641 2001 1702 2077 το
1735 2001 1930 2094 φαγεῖν
1964 2001 2007 2056 Β

359 2139 481 2194 μου.
526 2119 670 2191 Πλὴν
721 2115 865 2188 εἶχόν
900 2135 1022 2171 τινα
1074 2117 1288 2180 πιστὸν,
1340 2116 1436 2169 καὶ
1475 2116 1636 2178 αὐτὸς
1665 2116 1931 2185 ἡτοίμαζε

365 2233 457 2286 μοι
509 2213 561 2266 εί
597 2231 652 2265 τι
686 2211 900 2282 ἤθελον.
961 2208 1298 2279 Ἑλάμϐανον
1346 2203 1440 2260 οὖν
1485 2206 1538 2259 εἴ
1584 2222 1634 2259 τι
1678 2204 1932 2276 εὕρισκον

350 2305 519 2361 αὐτὸν
560 2305 886 2373 ποιήσαντα,
920 2304 1059 2372 ἔχων
1093 2303 1184 2354 καὶ
1209 2301 1269 2352 τὸ
1310 2298 1516 2370 βιϐλίον
1551 2314 1651 2368 μου
1691 2298 1755 2350 ἐκ
1791 2297 1931 2349 πλα-

331 2396 487 2468 ’γίων
521 2414 624 2469 μου
657 2398 735 2459 εἰς
757 2396 850 2448 τὸν
876 2393 1208 2464 κράϐϐατον,
1238 2391 1330 2445 καὶ
1356 2390 1498 2444 κατά
1523 2388 1717 2460 μικρὸν
1745 2390 1931 2442 ὲνέκυ·

351 2507 490 2545 πτον
517 2492 599 2553 εἰς
631 2488 816 2553 αὑτὸν,
859 2488 953 2539 καὶ
985 2487 1043 2538 ἐν
1074 2484 1152 2555 τῷ
1178 2483 1534 2554 κοιμηθῆναι,
1570 2482 1770 2551 ὁμοίως
1799 2480 1935 2549 πλη-

360 2581 479 2635 σίον
506 2598 605 2651 μου
634 2574 778 2649 εἶχον
809 2577 940 2630 αὐτὸ
967 2577 1044 2638 εἰς
1068 2575 1129 2627 τὸ
1153 2574 1364 2644 ορονίον
1383 2589 1506 2644 μ⁰υ’
1535 2572 1630 2626 καὶ
1652 2571 1725 2634 ὡς
1754 2572 1934 2641 ἦρται.

350 2676 446 2738 ζον
489 2671 704 2742 μικρὸν,
750 2668 953 2731 εὐθέως
995 2669 1279 2737 ἀνεπήδων
1312 2666 1394 2728 είς
1431 2665 1530 2734 τὴν
1582 2663 1888 2729 ἀνάγνωσιν
1917 2679 1931 2692 ·

352 2763 520 2817 πάλιν
569 2762 831 2832 ἑσπέρας,
873 2760 949 2823 ὡς
1008 2757 1319 2829 ἀνεχώρουν
1378 2757 1517 2825 μετὰ
1554 2754 1616 2807 τὸ
1659 2753 1931 2823 λυχνικὸν,

350 2858 523 2927 ῆπτον
550 2855 640 2907 τὸν
665 2853 880 2922 λύχνον,
917 2853 1012 2904 καὶ
1050 2850 1268 2903 ἐποίουν
1307 2848 1413 2910 ἕως
1444 2846 1539 2900 τοῦ
1574 2845 1931 2916 μεσονυκτίου

350 2945 769 3014 ἀναγινώσκων,
802 2946 896 2997 καὶ
925 2943 1097 3006 οὕτως
1140 2943 1287 3012 ἢμην
1339 2941 1423 2993 ὅτι
1471 2941 1571 2992 οὐκ
1615 2937 1934 3009 ᾐσθανόμην

352 3041 473 3103 οἰας
503 3040 705 3109 δήποτε
758 3037 1021 3108 ἡδύτητος
1049 3039 1097 3090 εί
1136 3034 1211 3104 μὴ
1234 3035 1299 3086 ἐκ
1322 3031 1430 3086 τῶν
1461 3032 1929 3100 ἀναγνωσμάτων.

356 3135 486 3186 Ὅτε
517 3127 612 3185 οὖν
649 3127 815 3202 ἦλθον
844 3131 921 3192 είς
959 3130 1017 3181 τὸ
1048 3127 1434 3199 μοναστήριον,
1469 3124 1655 3193 ελεγον
1686 3122 1931 3194 ἐμαυτιῖν

356 3241 375 3269 ς
404 3222 468 3275 Ei
495 3221 587 3273 ἐπὶ
608 3220 703 3273 τοῦ
738 3219 842 3285 ἔξω
864 3219 1025 3287 λόγου
1057 3218 1272 3285 ἐγένετο
1298 3215 1508 3269 τοιοῦτο
1527 3215 1697 3277 πάθος
1717 3216 1809 3268 καὶ
1826 3232 1934 3267 τοι-

350 3312 488 3382 αὐτη
518 3311 797 3382 θέρμη,ὲκ
828 3309 921 3363 τοῦ
951 3307 1358 3381 σχολάσαιτινά
1397 3308 1463 3375 τῇ
1496 3304 1796 3373 ἀναγνώσει
1836 3320 1930 3372 γε-
1955 3348 2001 3409 C

349 3404 610 3461 νέσθαιέν
638 3402 748 3467 ἕξει
773 3401 971 3470 αὐτῆς,
995 3400 1146 3470 πόσῳ
1176 3399 1371 3470 μᾶλλον
1398 3397 1496 3450 ἐπὶ
1522 3399 1619 3466 τῆς
1652 3396 1876 3466 ἁρετῆςς
1905 3414 1923 3446 ³

349 3499 444 3550 καὶ
480 3495 786 3565 ἐλάμϐανον
819 3495 1018 3566 πολλὴν
1057 3493 1288 3563 δύναμιν
1320 3494 1385 3545 ἐκ
1432 3489 1525 3544 τοῦ
1581 3490 1928 3562 πράγματος.

349 3588 540 3652 Οὕτως
566 3589 664 3641 ἐὰν
697 3587 827 3658 θέλῃ
863 3604 947 3651 τις
1001 3585 1308 3657 κτήσασθαι
1336 3582 1560 3654 ἀρετὴν,
1592 3583 1693 3636 οὐκ
1726 3580 1932 3656 ὀφείλει

351 3682 672 3753 ἀδιαφορεῖν
702 3681 821 3741 οὐδὲ
854 3678 1284 3751 μετεωρίζεσθαι
1312 3695 1327 3708 ·
1359 3679 1548 3746 ὥσπερ
1581 3680 1691 3749 γάρ
1723 3695 1808 3741 τις
1846 3677 1936 3731 θέ-

351 3775 461 3828 λων
495 3773 689 3843 μαθεῖν
718 3772 1060 3842 τεκτονικὴν,
1084 3773 1144 3824 οὐ
1175 3773 1436 3843 προσέχει
1469 3772 1604 3843 ἄλλῃ
1631 3772 1817 3842 τέχνῃ·
1840 3770 1935 3824 αὖ·

349 3882 459 3928 τως
485 3866 604 3917 ἐστὶ
639 3865 734 3916 καὶ
764 3864 858 3917 ἐπὶ
884 3864 993 3917 τῶν
1033 3864 1297 3917 θελόντων
1326 3863 1636 3934 κτήσασθαι
1669 3864 1934 3933 ἐργασίαν

350 3954 753 4023 πνευματικήν.
801 3955 919 4006 Οὐκ
966 3953 1243 4023 ὀφείλουσι
1289 3954 1580 4023 προσέχειν
1629 3952 1775 4022 ἄλλῳ
1823 3954 1932 4006 τινὶ

358 4046 673 4117 πράγματι,
707 4044 844 4097 ἀλλά
874 4044 1070 4106 νυκτὸς
1110 4044 1203 4096 καὶ
1239 4044 1449 4115 ἡμέρας
1480 4045 1711 4115 μελετᾷν
1743 4045 1801 4097 ἐν
1830 4044 1930 4096 αὒ-

349 4140 440 4208 τῇ,
474 4136 590 4201 πῶς
618 4134 889 4206 δυνηθῶσι
916 4136 1221 4205 κτήσασθαι
1249 4138 1440 4206 αὑτήν.
1473 4137 1537 4189 Ui
1567 4136 1624 4189 δὲ
1653 4137 1727 4206 μὴ
1756 4134 1930 4200 οὕτως

350 4224 784 4295 προσερχόμενοι
821 4224 901 4294 τῷ
935 4225 1249 4295 πράγματι,
1296 4225 1356 4277 οὐ
1406 4224 1566 4294 μόνον
1610 4223 1671 4276 οὺ
1722 4225 1929 4294 προκό-

349 4334 596 4381 πτουσιν,
624 4316 763 4370 ἀλλὰ
790 4317 885 4369 καὶ
914 4315 1312 4387 συντρίϐονται,
1343 4315 1518 4379 οὕτως
1548 4316 1806 4380 ἀσκόπως
1837 4333 1932 4370 πε-

346 4414 723 4483 ριφερόμενοι.
773 4409 898 4461 Ἐὰν
926 4410 1035 4479 γὰρ
1063 4409 1138 4479 μὴ
1168 4410 1311 4480 νήφῃ
1343 4426 1427 4472 τις
1448 4410 1543 4461 καὶ
1568 4409 1926 4479 ἀγωνίζηται,

348 4502 590 4574 εὐχερῶς
642 4501 900 4554 ἐκπίπτει
950 4503 1030 4563 είς
1075 4500 1176 4564 τάς
1225 4500 1599 4573 παρεκϐάσεις
1650 4500 1760 4555 τῶν
1801 4502 1931 4574 ἀρε-

344 4617 457 4654 των
463 4638 478 4653 ο

2033 755 2136 818 his,
2160 757 2507 826 invigilaham
2532 761 2826 818 admodum
2858 780 2888 819 a
2917 767 3218 837 principio:
3248 769 3336 821 ubi
3362 784 3487 823 vero
3512 786 3626 824 coe-

2033 842 2085 913 pi
2111 844 2176 897 ad
2208 845 2466 901 lectiones
2496 851 2791 906 ascendere
2815 864 2870 906 et
2899 853 3098 907 lihrttm
3127 855 3362 925 aperire,
3397 857 3622 912 territus

2031 947 2171 1004 pene
2207 933 2592 1005 oiﬂ‘ugiebam,
2633 955 2895 1011 eranulue
2936 952 2993 996 ut
3027 944 3119 1013 qui
3163 955 3377 1013 agreste
3416 946 3621 999 animal

2033 1023 2290 1081 formidat
2317 1029 2742 1100 contingere.At
2772 1033 2863 1087 ubi
2899 1049 2983 1088 mc
3018 1034 3197 1105 ipsum
3231 1038 3405 1106 congi,
3438 1049 3492 1090 et
3514 1041 3622 1091 du-

2032 1115 2146 1169 ravi
2176 1131 2407 1187 pergens
2438 1127 2496 1172 ut
2519 1126 2760 1185 poteram
2787 1162 2801 1185 ,
2841 1119 2986 1175 Deus
3012 1138 3169 1192 opem
3193 1123 3410 1189 attulit,
3450 1134 3505 1180 et
3540 1126 3624 1183 sic

2031 1205 2099 1260 ad
2134 1206 2374 1261 habitum
2410 1207 2714 1276 disciplinae
2751 1210 2969 1278 perveni
3002 1227 3014 1263 :
3068 1211 3250 1282 itaque
3298 1212 3623 1285 plerumque

2031 1291 2378 1349 distrahebar
2398 1295 2582 1350 studio
2608 1295 2746 1348 miro
2770 1306 2824 1349 et
2848 1297 3043 1351 ardore
3073 1298 3388 1365 lectionum,
3410 1312 3462 1356 ut
3485 1303 3620 1371 quid

2032 1384 2415 1450 comedissem,
2439 1384 2719 1449 hibissem,
2734 1384 3157 1452 ohdormissem,
3178 1388 3447 1444 interdum
3472 1391 3630 1462 igne-

2030 1490 2209 1530 rarem
2252 1475 2437 1544 Neque
2459 1475 2756 1546 aliquando
2776 1477 3026 1546 acquievi
3051 1485 3158 1532 uta
3185 1492 3457 1550 quoquam
3480 1483 3621 1536 ami~

2031 1584 2222 1625 corum
2250 1569 2303 1622 in
2330 1568 2644 1638 prandium,
2672 1570 2723 1624 in
2749 1570 3080 1642 symbolum,
3103 1572 3350 1628 lectionis
3376 1583 3620 1643 tempore

2031 1661 2296 1716 ducerer:
2332 1662 2623 1732 diligebam
2654 1672 2834 1718 tamen
2867 1664 3049 1719 socios
3075 1680 3247 1720 meos.
3285 1666 3421 1720 Cum
3455 1667 3625 1736 igitur

2033 1770 2135 1810 nos
2178 1753 2462 1809 dimiserat
2505 1755 2790 1824 sophista,
2840 1756 3100 1822 lavabar;
3140 1758 3443 1827 indigeham
3474 1759 3620 1812 enim

2032 1845 2348 1915 quotidiana
2374 1846 2606 1912 lotione,
2639 1861 2762 1900 cum
2784 1847 3025 1916 quotidie
3059 1847 3112 1902 in
3142 1849 3327 1903 studio
3355 1859 3410 1903 et
3437 1849 3624 1903 labore

2036 1938 2328 1992 lectionum
2375 1922 2725 1992 desudarem.
2763 1937 3140 1993 Concedeham
3187 1939 3315 1994 inde
3357 1939 3624 2005 domum,

2035 2029 2173 2083 nihil
2202 2043 2404 2083 curans
2433 2027 2565 2097 quid
2606 2028 2741 2081 mihi
2777 2028 3048 2083 edendum
3080 2037 3259 2093 esset,
3293 2044 3419 2083 cum
3443 2042 3627 2099 neque

2034 2121 2169 2176 mihi
2194 2121 2365 2175 otium
2389 2120 2456 2175 ad
2488 2119 2758 2188 parandos
2774 2120 2928 2176 cibos
2950 2130 3282 2191 suppeteret.
3305 2120 3502 2176 Aderat
3525 2137 3625 2176 aus

2034 2221 2138 2267 tem
2174 2212 2385 2266 amicus
2409 2219 2465 2265 ει
2495 2210 2782 2266 familiaris
2810 2226 2985 2277 meus,
3013 2212 3108 2282 qui
3138 2212 3270 2265 mihi
3304 2221 3546 2282 pararet,
3574 2215 3620 2268 si

2033 2306 2164 2376 quid
2202 2304 2520 2359 voluissem.
2569 2304 2916 2372 Accipieliam
2961 2304 3128 2375 igitur
3156 2305 3424 2375 quidquid
3460 2304 3531 2359 ab
3556 2322 3624 2358 co

2033 2405 2399 2467 praeparatum
2422 2395 2799 2459 oﬂ‘endissem,
2824 2395 3032 2450 habens
3050 2410 3266 2465 semper
3284 2411 3350 2450 ex
3370 2396 3625 2466 Opposita

2035 2491 2291 2544 lectulum
2327 2505 2505 2544 meum
2532 2504 2658 2544 eum
2699 2489 2863 2543 libro.
2904 2487 3347 2561 lnclinabamque
3385 2498 3509 2560 post
3543 2490 3623 2543 ci-

2034 2584 2196 2648 bum,
2234 2594 2288 2637 et
2329 2598 2455 2638 cum
2502 2583 2784 2651 paululum
2831 2582 3228 2637 obdormissem
3273 2596 3397 2636 cum
3440 2581 3624 2637 vicino

2035 2689 2250 2742 semper
2264 2673 2422 2737 libro,
2444 2672 2758 2727 exsilicbam
2785 2671 2932 2725 illico
2953 2672 3018 2725 ad
3041 2672 3326 2729 lectionem
3346 2687 3376 2725 e
3400 2686 3621 2726 somno.

2037 2761 2164 2817 Item
2187 2774 2238 2815 cl
2261 2764 2325 2816 ad
2354 2778 2635 2831 vesperam
2662 2778 2787 2817 cum
2817 2779 2847 2816 ε
2873 2762 3001 2816 ludo
3022 2762 3383 2825 discederem,
3407 2778 3628 2833 seraper

2035 2870 2158 2908 cum
2181 2854 2383 2907 lumine
2404 2854 2468 2907 ad
2487 2854 2720 2916 mediam
2744 2853 3215 2922 noetcmlegcham
3237 2863 3291 2907 et
3307 2853 3617 2921 vigilabant.

2033 2945 2284 3014 Cumque
2324 2945 2396 2998 ita
2437 2960 2523 2999 me
2568 2945 2859 3009 haberem,
2898 2944 3105 2998 nullam
3153 2943 3327 2998 fateor
3368 2940 3624 2997 alicunde

2032 3037 2375 3091 dulcedinem
2409 3045 2504 3090 aut
2526 3036 2860 3104 voluptatem
2889 3036 3173 3104 capiebam
3202 3075 3218 3101 ,
3242 3035 3347 3090 nisi
3373 3050 3404 3089 a
3432 3035 3621 3089 lectio‘

2037 3144 2123 3183 ne.
2151 3129 2345 3183 Postea
2377 3143 2540 3197 quam
2572 3127 2735 3197 igitur
2762 3127 2828 3182 ad
2856 3127 3250 3182 monasterium
3276 3126 3440 3190 veni,
3471 3127 3624 3182 dice-

2036 3223 2156 3276 ham
2182 3221 2315 3274 mihi
2345 3219 2445 3290 ipsi
2470 3235 2633 3289 quam
2659 3220 2967 3290 smpissime
2992 3238 3004 3273 :
3046 3238 3065 3270 ι
3096 3218 3151 3273 Si
3180 3227 3325 3273 tanta
3350 3218 3621 3289 cupiditas

2037 3315 2132 3367 tibi
2176 3313 2277 3367 fuit
2312 3312 2365 3366 in
2396 3313 2745 3382 adipiscenda
2774 3312 3081 3382 eloquentia
3104 3352 3118 3375 ,
3164 3313 3207 3367 si
3246 3323 3431 3366 tantus
3458 3312 3625 3366 ardor

2037 3407 2318 3471 lectionis,
2354 3417 2411 3460 ut
2429 3407 2497 3460 ad
2524 3407 2693 3475 ipsius
2716 3406 2957 3459 habitum
2984 3406 3356 3473 provehercris
3378 3423 3393 3468 ς
3419 3413 3624 3473 quanto

2037 3499 2210 3569 magis
2244 3499 2409 3553 debes
2435 3499 2653 3552 virtutis
2684 3497 2862 3568 gratia
2891 3497 3214 3551 elaborare!
3246 3515 3263 3546 ι
3309 3503 3366 3550 ει
3405 3511 3469 3548 ex
3520 3495 3627 3551 hac

2037 3595 2363 3666 cogitatione
2385 3594 2700 3658 admodum,
2745 3591 2941 3656 fateor,
2967 3591 3340 3661 proliciebam.
3377 3589 3470 3646 Sic
3492 3605 3627 3661 ergo

2037 3703 2162 3744 cum
2194 3703 2385 3758 parare
2416 3686 2673 3741 virtutem
2699 3685 2972 3756 quispiam
3000 3685 3235 3739 voluerit
3262 3725 3277 3749 ,
3321 3683 3477 3739 decet
3514 3698 3626 3737 non

2036 3780 2267 3836 distrahi
2293 3780 2361 3834 ad
2385 3779 2601 3834 diversa
2621 3818 2638 3844 ,
2672 3793 2851 3848 neque
2880 3778 3205 3847 oblivjosum
3232 3791 3354 3831 esse
3387 3793 3401 3829 :
3440 3784 3500 3831 ut
3528 3776 3627 3845 qui

2035 3879 2207 3925 artem
2233 3870 2478 3925 fabrilem
2504 3871 2717 3925 discere
2737 3870 2987 3935 voluerit,
3008 3869 3143 3923 nulli
3177 3868 3267 3921 alii
3298 3868 3371 3921 rei
3397 3880 3621 3937 operam

2033 3975 2189 4017 suam
2222 3971 2385 4015 navat
2428 3976 2592 4031 quam
2646 3961 2745 4015 illi.
2787 3960 2944 4027 Quod
2987 3968 3072 4014 est
3118 3961 3173 4013 in
3219 3960 3408 4028 primis
3433 3958 3504 4012 ab
3534 3958 3624 4013 his

2035 4053 2391 4109 factitandum
2423 4055 2515 4123 qui
2553 4053 2890 4124 spiritualem
2919 4061 3092 4107 artem
3129 4066 3323 4123 parare
3356 4051 3619 4115 student,

2033 4156 2094 4202 ut
2128 4146 2339 4202 scilicet
2369 4147 2506 4201 nulli
2541 4145 2768 4200 omnino
2805 4145 2884 4200 rei
2931 4154 3295 4215 praztcrquam
3331 4144 3458 4197 huic
3485 4156 3617 4211 ope-

2033 4253 2150 4293 ram
2179 4238 2311 4293 dent
2336 4256 2349 4293 :
2385 4225 2549 4308 atque
2580 4236 2636 4290 in
2665 4251 2728 4292 ea
2755 4235 2874 4292 dies
2906 4244 3204 4303 noctesque
3234 4233 3617 4304 cogitationem

2032 4345 2251 4385 omnem
2303 4345 2458 4386 suam
2511 4331 2714 4400 ligant,
2756 4328 2886 4383 dum
2934 4328 3001 4382 ad
3042 4327 3162 4396 ejus
3213 4326 3617 4396 possessionem

2033 4433 2366 4493 cooperante
2397 4421 2628 4476 Domino
2657 4419 2875 4475 tandem
2922 4420 3262 4490 perveniant.
3295 4417 3451 4484 Quod
3486 4431 3621 4471 sane

2032 4517 2125 4587 qui
2163 4531 2270 4570 non
2307 4513 2574 4578 fecerint,
2622 4527 2732 4567 non
2778 4512 2957 4567 solum
2994 4526 3100 4566 non
3146 4509 3474 4579 proficiunt,
3524 4508 3621 4562 sed

2035 4610 2201 4665 etiam
2246 4616 2462 4675 tempus
2495 4618 2659 4658 omne
2696 4611 2879 4657 terunt
2909 4619 3085 4671 usque
3121 4603 3259 4655 adeo
3300 4600 3622 4669 insipienter

346 4716 725 4774 circumducti.
753 4715 867 4770 Nisi
889 4716 1033 4770 enim
1052 4714 1175 4785 quis
1191 4713 1394 4786 vigilet,
1418 4722 1697 4785 certetquc
1719 4732 1927 4789 secum,
1972 4723 2128 4781 facile
2160 4723 2215 4778 in
2274 4732 2517 4778 extrema
2576 4719 2858 4785 virtutum,
2888 4719 2992 4773 hoc
3012 4727 3095 4771 est
3119 4716 3171 4771 in
3195 4716 3320 4771 vilia
3357 4717 3495 4785 ipsa,
3524 4715 3621 4769 de.

346 4809 510 4869 cidet.

417 4902 491 4955 1".
512 4900 576 4953 Ai
599 4898 708 4970 γὰρ
729 4899 923 4970 ἀρεταὶ
943 4898 1108 4967 μέσαι
1131 4896 1292 4963 εἰσιν,
1316 4899 1347 4968 ἠ
1370 4897 1623 4971 βασιλικὴ
1648 4901 1767 4967 ὁδός
1794 4905 1930 4972 ἐστι,
1966 4919 2011 4974 D

348 4995 479 5066 περὶ
510 4987 577 5065 ἦς
607 4987 762 5044 εἶπεν
792 4994 820 5045 ὁ
843 4990 1011 5058 ἅγιος.
1035 4990 1214 5061 γέρων
1248 4992 1456 5055 ἐκεῖνος
1480 5009 1493 5022 ·
1540 5012 1559 5045 ι
1603 4994 1736 5065 ’0δῷ
1773 4995 1931 5068 βασι..

346 5089 475 5159 λικῇ
510 5084 835 5158 πορεύεσθε,
866 5084 962 5138 καὶ
986 5083 1054 5136 τὰ
1085 5084 1238 5152 μίλια
1259 5087 1533 5156 μετρεῖτε.
1566 5106 1582 5137 ι
1610 5087 1789 5142 Μέσαι
1811 5086 1924 5155 οὖν,

344 5178 421 5243 ὡς
456 5172 632 5242 εἷπον,
661 5177 718 5229 αί
753 5176 970 5248 ἀρεταὶ,
1007 5173 1326 5246 ὑπερϐολῶν
1360 5178 1454 5231 καὶ
1483 5178 1796 5249 ἐλλείψεων.
1831 5183 1930 5236 Διά

344 5266 507 5321 τοῦτο
540 5266 891 5338 γέγραπται·
921 5265 1018 5335 Μὴ
1049 5265 1339 5336 ἐκκλίνῃς
1363 5271 1451 5336 εἰς
1476 5271 1549 5324 τὰ
1570 5269 1760 5337 δεξιὰ,
1771 5273 1931 5343 μηδὲ
1973 5250 2001 5277 ’

344 5359 436 5426 είς
477 5358 551 5413 τὰ
574 5356 891 5428 ἀριστερά*
927 5359 1087 5414 ἀλλὰ
1125 5357 1244 5425 ὁδῷ
1288 5361 1591 5433 βασιλικῇ
1644 5365 1927 5433 πορεύου.

345 5453 459 5506 Καὶ
487 5451 516 5503 ὀ
546 5451 700 5520 ἅγιος
749 5450 1030 5515 Βασίλειος
1067 5451 1217 5520 λέγει
1252 5471 1263 5481 ·
1320 5453 1495 5518 Εὐθύς
1536 5457 1653 5509 ἐστι
1682 5460 1748 5529 τῇ
1790 5475 1927 5531 καρ-

349 5541 441 5616 δίᾳ
466 5544 495 5598 ό
526 5543 618 5597 τὸν
642 5543 903 5615 λογισμὸν
950 5542 1023 5614 μὴ
1059 5542 1199 5615 ἔχων
1231 5545 1470 5616 ῥέποντα
1510 5550 1591 5612 είς
1620 5549 1930 5621 ὑπερϐολὴν

353 5634 493 5706 μήτε
539 5633 797 5705 ἔλλειψιν,
858 5635 996 5689 ἀλλὰ
1035 5635 1479 5709 ἀπενθυνόμενος
1513 5640 1647 5705 πρὸς
1675 5642 1734 5694 τὸ
1762 5642 1930 5712 μέσον

348 5724 448 5793 τῆς
468 5726 673 5798 ἀρετῆς
700 5744 712 5757 ·
734 5722 847 5781 οἷόν
869 5746 920 5781 τι
947 5728 1122 5797 λέγω·
1162 5728 1226 5783 Ἠ
1251 5730 1414 5785 κακία
1443 5730 1565 5785 καθ’
1588 5733 1807 5804 ἑαυτὴν,
1830 5734 1921 5786 οὺ-

426 5837 639 5899 ίιῦειιι.
674 5854 810 5904 xvtt,
846 5841 931 5897 11.

2114 4899 2197 4955 111.
2234 4896 2423 4953 Mediae
2455 4905 2582 4952 sunt
2617 4911 2853 4963 namque
2893 4898 3122 4948 virtutes
3149 4933 3163 4955 ,
3214 4901 3269 4947 et
3311 4894 3455 4963 regia
3491 4893 3574 4945 via
3597 4918 3616 4942 ν

2035 4994 2102 5050 de
2139 5009 2245 5063 qua
2280 4991 2475 5047 solitus
2505 4997 2624 5043 erat
2652 4988 2832 5043 dicere
2879 4987 3261 5043 sanetissinms
3294 4985 3382 5039 ille
3412 5000 3610 5037 senex:

2043 5105 2061 5137 ι
2090 5081 2256 5155 Regia
2285 5082 2370 5137 via
2400 5080 2635 5136 incedite
2659 5119 2675 5145 ,
2715 5089 2769 5135 et
2802 5079 2855 5133 in
2888 5080 3002 5134 haec
3041 5078 3214 5133 stadia
3244 5075 3560 5155 pereuraite.
3592 5097 3608 5124 ο

2034 5178 2221 5234 Mediae
2254 5177 2420 5247 igitur
2463 5183 2631 5239 sunt,
2667 5182 2729 5229 ut
2764 5173 3006 5228 diximus
3030 5213 3045 5234 ,
3077 5171 3304 5224 virtutes
3343 5168 3485 5221 inter
3516 5186 3614 5222 ελ-

2036 5285 2225 5325 cessus
2259 5280 2423 5337 atque
2454 5266 2719 5321 defectus.
2751 5266 2932 5331 Quare
2962 5262 3222 5332 scriptum
3247 5270 3330 5316 est
3363 5278 3377 5315 :
3407 5257 3491 5314 Ne
3520 5259 3619 5315 de-

2036 5360 2196 5428 clines
2226 5359 2295 5412 ad
2320 5358 2594 5413 dexteram
2616 5372 2780 5428 neque
2807 5356 2876 5410 ad
2899 5356 3171 5410 sinistram
3196 5394 3211 5418 ,
3241 5352 3330 5406 sed
3362 5352 3503 5423 regia
3532 5353 3619 5407 tria

2037 5453 2211 5507 incede
2234 5451 2283 5504 ί.
2317 5450 2384 5505 Ει
2407 5460 2631 5506 sanctus
2660 5447 2891 5503 Basilius
2912 5446 2987 5500 ait
3014 5464 3026 5500 :
3061 5466 3077 5498 ι
3111 5446 3335 5511 llectum
3362 5444 3493 5499 illud
3519 5456 3623 5501 cor

2036 5554 2151 5609 est,
2185 5543 2330 5615 quod
2355 5542 2741 5614 cogitationem
2775 5541 2967 5603 habet,
2998 5555 3171 5610 neque
3200 5538 3254 5592 in
3287 5551 3573 5595 excessum
3598 5575 3615 5598 ,

2038 5654 2214 5708 neque
2252 5638 2304 5691 in
2340 5636 2612 5691 defectum
2647 5633 3007 5689 declinantem
3039 5673 3053 5695 ,
3108 5630 3201 5686 sed
3249 5632 3510 5686 directam
3547 5629 3619 5685 ad

2036 5729 2255 5786 vii-tutis
2289 5729 2547 5786 medium.
2576 5745 2594 5779 ι
2631 5725 2878 5800 Exempli
2908 5725 3082 5798 gratia
3117 5744 3131 5781 :
3173 5723 3376 5782 Malitia
3416 5738 3631 5793 secun-_
