4062 6424
483 388 614 457 l7?!

1700 395 1757 453 S.
1811 389 2202 454 DOBOTIIEI
2232 390 2551 449 ABBATIS

3600 384 3716 454 1738

470 517 603 568 dum
636 524 696 565 se
717 509 891 580 ipsam
929 509 1064 564 nihil
1092 519 1174 566 est
1201 550 1213 563 .
1244 524 1420 581 neque
1448 509 1595 564 enim
1626 511 1937 566 substantia
1965 518 2070 572 est,

2178 507 2267 562 δὲν
2298 509 2477 562 ἐστιν,
2501 502 2642 558 Οὔτε
2671 501 2779 575 γὰρ
2804 501 2963 556 οὐσία
2992 499 3076 565 τίς
3103 499 3270 561 ἐστιν,
3295 497 3415 553 οὔτε
3446 499 3711 563 ὑπόστασιν

473 609 568 658 aut
590 602 1001 658 subsistentiam
1033 604 1196 658 ullam
1231 603 1411 658 habet.
1442 600 1573 689 Esto
1594 602 1760 673 igitur
1783 618 1905 658 eam
1932 601 2067 656 nihil

471 711 615 752 esse.
657 694 795 750 Cum
826 697 1062 752 declinat
1094 695 1259 768 420
1298 696 1480 751 anima
1516 713 1544 751 a
1588 697 1830 760 virtute,
1887 694 1946 749 fit
1981 696 2069 749 vi-

473 789 636 854 tiosa,
667 797 718 843 et
757 788 965 858 perticit
995 788 1286 850 malitiam,
1327 788 1695 859 alﬂigiturqno
1721 788 1791 842 ab
1820 802 1905 848 ea.
1941 786 2070 841 nul-
2113 814 2132 827 -

472 879 583 932 lam
613 879 897 934 inveniens
930 879 983 932 iu
1016 879 1134 949 ipsa
1169 879 1411 949 requiem
1452 880 1755 935 secundum
1789 888 2074 933 naturam.

474 968 619 1025 Idem
658 970 716 1024 fit
756 972 808 1023 in
852 971 1019 1041 ligno.
1059 968 1174 1023 Non
1217 987 1364 1025 enim
1401 971 1564 1026 habet
1597 972 1800 1042 lignum
1834 970 1974 1024 intra
2012 984 2072 1024 se

471 1077 726 1126 vermes;
761 1070 912 1115 crcut
948 1061 1221 1116 modicam
1256 1064 1597 1133 putrediucm
1626 1104 1643 1126 ,
1684 1074 1738 1117 et
1767 1078 1832 1116 ex
1862 1077 1926 1116 ca
1966 1078 2069 1131 pu-

473 1153 684 1207 tredine
719 1153 774 1205 fit
806 1153 1009 1207 vermis
1032 1193 1047 1215 ,
1090 1153 1185 1222 qui
1223 1156 1576 1223 postmodum
1619 1153 1823 1207 vermis
1864 1153 2069 1222 lignum

470 1244 618 1299 rodit
661 1252 716 1299 et
758 1245 1024 1314 depascit.
1074 1244 1151 1300 Ita
1196 1253 1251 1301 et
1296 1245 1500 1301 ferrum
1549 1245 1857 1315 rubiginem
1909 1245 2076 1311 facil,

473 1346 639 1407 atque
671 1338 852 1407 ipsum
890 1353 1112 1392 rursum
1147 1340 1496 1394 consumitur
1527 1355 1557 1394 τι
1587 1338 1858 1408 rubigine.
1892 1337 1956 1393 Et
1979 1354 2072 1393 ve-

472 1427 574 1482 stis
610 1429 810 1482 tineam
850 1439 1133 1498 procreat,
1168 1440 1334 1499 atque
1369 1430 1485 1499 ipsa
1516 1430 1658 1483 tinea
1694 1439 1897 1484 vestem
1947 1444 2072 1483 cor-

474 1521 698 1590 rumpit.
743 1520 835 1575 Sic
865 1521 1082 1576 tandem
1132 1532 1186 1576 ct
1224 1525 1408 1576 anima
1456 1523 1577 1591 ipsa
1603 1524 1866 1577 malitiam
1899 1521 2073 1588 facit,

470 1625 596 1680 quae
629 1610 765 1665 nihil
793 1618 898 1675 est.
934 1620 989 1666 et
1024 1614 1226 1667 nullam
1274 1614 1432 1668 habet
1478 1616 1876 1679 substantiam,
1908 1626 2073 1684 atque

472 1701 650 1769 ipsam
707 1704 948 1758 animant
992 1703 1227 1759 destruit
1273 1715 1326 1760 ct
1370 1707 1661 1761 auuihilat.
1699 1708 1882 1773 Quare
1910 1707 2071 1763 divus

473 1792 773 1865 Gregorius
827 1796 1243 1864 praeclarissime
1289 1798 1429 1852 dixit
1480 1816 1493 1853 :
1555 1818 1575 1850 ι
1617 1800 1798 1869 Ignem
1841 1799 2068 1854 materia

472 1895 764 1963 procreat,
801 1898 854 1943 et
892 1888 960 1942 ab
991 1904 1058 1943 eo
1092 1891 1473 1952 consumitur.
1512 1899 1568 1944 ut
1608 1867 1871 1955 annalis,
1908 1890 2067 1945 mali-
2103 1867 2142 1921 Β

473 1977 570 2034 tia.
602 1997 620 2028 ι
657 1978 813 2045 Quod
846 1981 1010 2036 etiam
1042 1982 1227 2038 videre
1258 1992 1341 2036 est
1373 1983 1425 2036 in
1455 1985 1837 2055 a-grotautiuiu
1867 1998 2067 2054 corpo—

473 2070 645 2125 ribus.
676 2072 815 2127 Cum
848 2074 994 2128 enim
1025 2074 1152 2145 quis
1183 2076 1539 2132 deordiuatns
1578 2088 1662 2132 est
1705 2088 1760 2132 et
1799 2079 2070 2150 intempe-

472 2177 626 2223 rans.
661 2179 840 2234 neque
877 2165 929 2221 ei
961 2181 1093 2222 cura
1118 2176 1203 2223 est
1231 2169 1338 2223 ulla
1371 2170 1723 2237 valetudinis,
1769 2172 1827 2226 tit
1862 2173 1914 2227 iu
1950 2174 2069 2244 ipso

474 2255 660 2309 statim
698 2255 780 2310 vel
812 2256 1092 2324 defectus,
1134 2259 1215 2314 vel
1264 2274 1559 2328 excessus,
1595 2272 1649 2316 ct
1684 2265 1931 2333 quaedam
1984 2267 2071 2319 in-

472 2348 783 2417 aequalitas,
822 2365 888 2403 ex
916 2365 1024 2420 qua
1056 2351 1236 2407 subita
1268 2355 1629 2423 consequitur
1657 2357 1922 2425 mgtitudo
1950 2373 2072 2427 quae

473 2437 612 2492 nihil
655 2448 758 2494 est.
803 2437 940 2494 Nam
988 2441 1081 2496 ubi
1124 2458 1328 2512 corpus
1361 2447 1704 2500 convaluerit
1751 2458 1802 2502 et
1851 2450 2070 2504 sanitati

473 2528 746 2583 redditum
777 2528 964 2596 fuerit,
1004 2532 1196 2586 nullibi
1231 2533 1478 2588 locorum
1520 2538 2072 2608 reperiturmgritudo

474 2619 589 2685 illa,
618 2630 670 2676 ct
701 2623 848 2678 nulla
877 2632 982 2679 est.
1020 2623 1093 2678 Ita
1121 2634 1179 2680 et
1207 2627 1412 2682 malitia
1441 2630 1707 2698 aegritudo
1738 2642 1821 2687 est
1854 2634 2069 2699 aniuue,

473 2727 598 2781 quae
625 2713 773 2769 illam
802 2715 979 2785 privat
1004 2718 1223 2787 propria
1252 2729 1306 2775 et
1329 2722 1565 2777 naturali
1591 2723 1917 2788 valetudine,
1947 2738 2073 2795 quae

475 2803 654 2860 virtus
682 2816 788 2861 est.

550 2897 637 2953 IV.
672 2898 915 2957 Dicimus
942 2912 1125 2958 autem
1160 2904 1368 2959 medias
1397 2920 1521 2961 esse
1544 2907 1819 2963 virtutes:
1863 2917 1922 2962 ut
1958 2907 2076 2963 for-

476 2989 766 3046 titudinem
796 3032 812 3056 ,
861 3010 984 3065 qua:
1020 2996 1200 3072 media
1230 3010 1309 3052 est
1351 2997 1493 3053 inter
1523 2999 1775 3054 timorem
1808 3010 1863 3055 et
1904 3001 2078 3056 auda-

476 3082 658 3149 ciam;
709 3084 1073 3143 humilitatem
1123 3090 1267 3144 inter
1308 3092 1619 3158 superbiam
1671 3102 1729 3146 et
1777 3093 2074 3147 humanam

476 3174 972 3245 cotnplaci-ntiant;
1011 3179 1273 3249 pudorem
1303 3181 1441 3235 inter
1470 3182 1856 3238 verecundiam
1888 3192 1943 3239 et
1974 3185 2076 3238 im-
2106 3206 2152 3267 ο

480 3266 793 3331 pudentiam
816 3288 829 3324 :
857 3278 912 3325 et
931 3272 1120 3326 eodem
1153 3271 1317 3326 modo
1343 3274 1584 3343 reliquas
1601 3289 1796 3330 omnes
1826 3275 2074 3332 virtutes.

478 3354 747 3428 Qui-ergo
776 3370 1025 3430 repertus
1055 3363 1221 3417 fuerit
1245 3367 1527 3419 hominum
1557 3367 1936 3436 hujuscemodi
1971 3370 2072 3422 vir-

481 3443 974 3515 tutibus‘ornatus,
1001 3454 1454 3522 praeclarissimus
1478 3457 1584 3511 erit
1610 3458 1753 3527 apud
1788 3456 1993 3525 Deum;
2024 3468 2079 3514 et

477 3556 796 3613 quanquam
833 3549 1107 3609 comedat,
1146 3547 1332 3613 bibat,
1369 3550 1718 3620 dormiatque
1753 3561 1815 3606 ut
1857 3553 2074 3618 caeteri,

480 3643 663 3689 tamen
687 3651 751 3690 ex
775 3637 861 3692 his
878 3637 1192 3705 virtutibus,
1220 3641 1361 3710 apud
1392 3656 1585 3697 omnes
1603 3642 1710 3697 erit
1726 3645 2075 3701 venerabilis.

478 3721 596 3780 Nisi
626 3741 755 3781 vero
780 3726 943 3781 fuerit
967 3728 1201 3803 diligens
1225 3739 1277 3783 et
1299 3730 1735 3801 circumspectus
1757 3749 1885 3806 erga
1913 3751 1972 3791 se
2004 3738 2080 3805 ip-

455 3830 604 3891 .snm
629 3859 645 3884 ,
689 3819 756 3872 ad
805 3823 1083 3876 dexteram
1128 3822 1289 3880 facile
1321 3826 1402 3879 vel
1437 3827 1717 3883 sinistram
1748 3829 2071 3884 declinabit:

478 3909 585 3964 hoc
600 3918 703 3975 est,
729 3914 812 3967 vel
844 3913 897 3967 in
920 3913 1192 3969 defectum
1220 3918 1299 3970 vel
1325 3918 1378 3971 in
1401 3934 1686 3975 excessum
1720 3944 1730 3978 :
1766 3924 2075 3992 perveniet-

476 4012 586 4068 que
610 4000 675 4053 ad
707 4001 906 4058 anima:
927 4005 1307 4074 aegritudinem
1339 4023 1500 4077 quam
1532 4014 1787 4067 malitiam
1811 4016 2071 4069 divimus.

477 4090 607 4148 Haec
631 4103 715 4149 est
739 4096 900 4166 igitur
921 4098 1006 4151 via
1035 4100 1200 4168 regia,
1230 4117 1324 4170 per
1350 4118 1513 4171 quam
1540 4108 1714 4158 sancti
1740 4122 1929 4159 mums
1955 4124 2079 4176 pro-

479 4184 605 4241 fecti
628 4196 778 4242 sunt.
801 4188 987 4245 Stadia
1007 4203 1188 4246 autem
1222 4194 1357 4248 varii
1391 4205 1518 4249 sunt
1541 4195 1739 4257 status,
1770 4212 1893 4265 quae
1915 4197 2077 4252 debet

477 4277 717 4349 quisque
746 4281 959 4335 emetiri
991 4322 1005 4346 ,
1046 4298 1262 4353 semper
1305 4296 1358 4340 et
1407 4286 1679 4356 inspicere
1707 4289 1930 4344 ubinam
1968 4291 2071 4358 sit,

481 4376 723 4439 quotque
751 4371 924 4426 stadia
955 4373 1262 4430 decurrerit
1284 4416 1299 4438 .
1355 4387 1410 4433 ct
1445 4378 1496 4431 in
1529 4394 1691 4447 quem
1716 4389 1918 4434 statum
1949 4397 2075 4451 per-

480 4460 714 4526 venerit,
752 4471 811 4515 ut
847 4465 1080 4534 exempli
1122 4467 1297 4538 gratia
1334 4487 1347 4522 :
1390 4485 1778 4540 quemcunque
1808 4472 1915 4527 huc
1945 4488 2075 4527 cnn-

2170 617 2294 654 τινα
2324 599 2471 671 ἔχει·
2514 597 2599 670 pri;
2618 597 2854 665 γένοιτο.
2905 593 3070 647 Ἀλλὰ
3100 593 3352 645 κλίνουσα
3398 594 3439 665 ἡ.
3456 593 3593 667 ψυχὴ
3621 599 3716 654 ἀπὸ

2168 692 2268 762 ’ἧς
2303 692 2506 763 ἀρετῆς
2530 731 2544 756 ,
2580 689 2790 758 γίνεται
2823 686 3099 758 ἐμπαθὴς,
3123 685 3216 738 καὶ
3239 684 3548 741 ἀποτελοῦσι
3571 690 3610 720 ¹¹¹
3630 691 3718 763 τὴν

2171 784 2395 838 κακίαν·
2427 783 2552 836 ὅθεν
2575 783 2672 836 καὶ
2698 780 2991 843 κολάζεται
3020 778 3113 833 ὑπ’
3138 777 3335 846 αὐτῆς,
3366 777 3446 849 μὴ
3472 779 3721 847 εὑρίσκον.

2173 892 2243 930 σα
2281 876 2518 945 φυσικήν
2552 891 2676 927 τινα
2709 872 3017 927 ἀνάπαυσιν
3046 872 3104 923 ὲν
3146 869 3284 939 αὑτῇ
3309 886 3322 900 ο
3361 868 3558 943 ὥσπερ,
3605 873 3723 928 ὑπό.

2173 970 2291 1033 οου,
2327 970 2393 1025 τὸ
2431 970 2608 1035 ξύλον.
2640 970 2732 1040 Μὴ
2761 968 2871 1037 γὰρ
2901 966 3165 1035 σκώληκα
3191 965 3300 1035 ἔχει
3334 964 3529 1019 ἔσωθεν
3557 969 3723 1039 αὑτοῦ,

2171 1062 2313 1117 ἀλλὰ
2343 1064 2491 1115 ποιεῖ
2524 1059 2727 1131 μικρὰν
2761 1057 3049 1127 ﬂammarii.
3074 1058 3139 1109 ὲκ
3167 1055 3268 1122 τῆς
3298 1055 3505 1125 σήψεως
3533 1058 3726 1129 ἐκείνης

2171 1155 2383 1223 γίνεται
2425 1155 2454 1206 ό
2491 1151 2729 1222 σκώληξ,
2773 1152 2869 1203 καὶ
2925 1148 3098 1211 οὑτως
3142 1146 3309 1208 αὑτὸς
3354 1147 3382 1199 ό
3425 1145 3632 1218 σκώληξ
3659 1148 3730 1218 βι-

2172 1246 2420 1317 ϐρὼτκει
2446 1245 2507 1299 τὸ
2532 1244 2711 1310 ξύλον.
2753 1242 2993 1314 Ὀμοίως
3027 1242 3117 1294 καί
3134 1242 3162 1293 ὁ
3184 1238 3390 1310 χαλκὸς.
3413 1239 3571 1303 αὑτὸς
3603 1244 3732 1296 ποιεῖ

2170 1340 2263 1393 τὸν
2295 1340 2394 1404 ἱὸν,
2433 1340 2529 1393 καὶ
2558 1338 2724 1403 αὑτὸς
2751 1336 2915 1391 πάλιν
2954 1333 3310 1389 ἀναλίσκεται
3356 1332 3463 1386 ὑπὸ
3505 1332 3596 1386 τοῦ
3639 1335 3727 1390 ἰοῦ.

2172 1433 2284 1486 Καὶ
2313 1433 2381 1486 τά
2417 1433 2611 1503 ἱμάτια
2640 1430 2781 1486 αὑτὰ
2808 1431 2955 1483 ποιεῖ
2981 1428 3070 1481 τὸν
3107 1427 3283 1498 σῆτα’
3313 1426 3409 1479 καὶ
3440 1424 3597 1490 αὑτὸς
3631 1428 3656 1481 ὁ
3681 1426 3733 1493 ἐξ

2171 1522 2335 1578 αἱ)τοῦ
2364 1522 2654 1591 γινόμενος
2682 1522 2782 1590 σῆς
2811 1518 3024 1589 φθείρει
3056 1517 3210 1570 αὑτό.
3252 1513 3441 1578 Οὕτως
3466 1514 3558 1569 οὑν
3591 1517 3678 1569 καὶ
3705 1518 3734 1587 ἡ

2171 1616 2340 1688 ψυχὴ,
2365 1617 2503 1686 αὑτῇ
2535 1616 2681 1668 ποιεῖ
2712 1614 2813 1685 τὴν
2839 1612 3061 1676 κακίαν,
3089 1608 3258 1680 μηδὲν
3305 1607 3413 1679 πρὸ
3459 1606 3641 1663 τούτου
3666 1605 3736 1663 οὗ·

2173 1725 2294 1772 σαν,
2326 1707 2599 1778 μηδεμίαν
2646 1705 2897 1776 ἔχουσαν,
2944 1703 3020 1766 ὡς
3062 1698 3239 1765 εἷπον,
3292 1699 3617 1763 ὑπόστασιν,
3655 1702 3738 1755 καὶ

2172 1800 2310 1872 αὑτὴ
2337 1797 2633 1863 κολάζεται
2660 1796 2765 1850 ὑπο
2797 1795 2897 1864 τῆς
2926 1793 3153 1856 κακίας.
3194 1790 3306 1845 Καὶ
3339 1790 3519 1856 καλῶς
3551 1787 3738 1846 εἶπενό

2174 1894 2328 1961 ἆγιος
2351 1891 2653 1964 Γρηγόριος
2683 1906 2697 1922 ·
2740 1907 2758 1942 ι
2800 1888 2920 1959 Πύρ
2944 1887 3052 1959 γὰρ
3081 1885 3217 1956 ὕλης
3247 1884 3501 1956 γέννημα
3533 1886 3625 1939 καὶ
3661 1886 3743 1941 δα-

2174 1986 2323 2055 πανᾴ
2348 1983 2447 2055 τὴν
2476 1982 2632 2052 ὓλην,
2666 1981 2742 2045 ὥς
2765 1981 2895 2044 τοὺς
2944 1978 3210 2049 κακοὺςή
3250 1976 3447 2030 κακία.
3490 1994 3509 2029 ι
3550 1976 3739 2049 Ὥσπερ

2172 2076 2268 2131 καὶ
2300 2076 2395 2128 ἐπὶ
2422 2073 2535 2138 τῷν
2560 2071 2993 2145 ἀρρωστούντων
3026 2068 3300 2141 σωμάτων
3344 2068 3495 2122 ἔστιν
3534 2068 3701 2141 εὑρεῖν
3728 2086 3741 2103 ο

2172 2169 2302 2223 ὅταν
2346 2169 2630 2240 ἀτακτήσῃ
2681 2184 2764 2230 τις
2809 2169 2904 2220 καὶ
2956 2165 3031 2238 μὴ
3071 2165 3331 2235 διοικήσῃ
3372 2163 3539 2217 αὑτὸν
3577 2164 3632 2217 ὲν
3687 2169 3744 2238 τῇ

2175 2263 2354 2334 ὑγεία,
2387 2262 2601 2330 γίνεται
2632 2261 2665 2331 ἦ
2700 2259 3062 2329 πλεονασμὸς,
3088 2259 3124 2331 ἢ
3160 2257 3430 2328 ἔλλειψις,
3463 2258 3558 2311 καὶ
3583 2257 3748 2313 λοιπὸν

2174 2358 2239 2410 ὲκ
2275 2356 2470 2409 τούτου
2518 2353 2815 2425 ἁνωμαλεῖ.
2855 2352 3019 2405 Ὥστε
3052 2351 3161 2424 πρὸ
3200 2352 3403 2406 τούτου
3433 2338 3665 2422 οὑδαμοῦ
3691 2347 3749 2423 ἦν

2173 2449 2478 2520 άρῥωστία,
2510 2447 2631 2501 οὑδέ
2668 2464 2717 2501 τι
2764 2441 2866 2517 ἦν·
2904 2448 3000 2500 καὶ
3040 2446 3205 2500 πάλιν
3245 2444 3374 2514 μεθ’
3417 2437 3495 2498 ὧν
3540 2445 3752 2513 ὑγιαίνει

2175 2540 2236 2593 τὸ
2273 2539 2455 2608 σῶμα,
2487 2538 2607 2592 οὑδὲ
2637 2538 2736 2608 οὑχ
2767 2538 3082 2608 εὑρίσκεται
3110 2538 3142 2608 ἡ
3173 2535 3468 2609 ἀρρωστία
3490 2552 3507 2569 ⁸
3555 2536 3669 2591 οὑδέ
3707 2538 3752 2590 τί

2179 2648 2312 2682 ποτε
2346 2625 2439 2699 ἦν.
2488 2630 2721 2699 Ὁμοίως
2763 2629 2857 2681 καὶ
2891 2629 2923 2700 ἡ
2968 2627 3136 2681 κακία
3175 2628 3471 2699 ἀρρωστία
3505 2628 3625 2681 ἐστὶ
3672 2628 3758 2698 τῆς

2175 2723 2356 2793 ψυχῆς
2392 2723 2766 2796 στερουμὲνης
2801 2721 2898 2792 τῆς
2927 2721 3059 2786 ιδίας
3093 2722 3264 2794 αὐτῆς
3300 2723 3405 2777 καὶ
3439 2722 3580 2778 κατὰ
3611 2724 3758 2795 φύσιν

2178 2812 2365 2882 ὑγείας
2383 2830 2398 2842 ·
2426 2813 2550 2884 ἥτις
2584 2812 2735 2866 ἐστὶν
2770 2813 2803 2882 ἠ
2832 2812 3023 2884 ἀρετή.

2247 2901 2319 2958 Δ’.
2340 2903 2442 2956 Διὰ
2456 2903 2612 2957 τοῦτο
2637 2905 2864 2973 εἴπομεν
2890 2904 2971 2956 ὃτι
3005 2902 3167 2973 μέσαι
3196 2904 3339 2958 εἰσιν
3374 2905 3589 2976 ἀρεταί·
3613 2904 3763 2980 οἷονη

2178 2995 2404 3067 ἀνδρεία
2437 2996 2580 3066 μέση
2610 2996 2733 3049 ἐστὶ
2758 2996 2858 3065 τῆς
2895 2995 3107 3062 δειλίας
3135 2998 3233 3052 καὶ
3252 2997 3363 3070 τῆς
3395 2999 3727 3071 θρασύτητος
3750 3017 3762 3031 ·

2179 3089 2710 3162 ἡταπεινοφροσύνη
2750 3089 2889 3160 μέση
2942 3090 3061 3143 ἐστὶ
3106 3090 3209 3160 τῆς
3256 3092 3650 3162 ὑπερηφανίας
3684 3093 3767 3145 καὶ

2180 3182 2282 3250 τῆς
2314 3180 2814 3257 ἀνθρωπαρεσκίας
2844 3197 2858 3211 ·
2889 3180 3095 3249 ὁμοίως
3124 3183 3157 3251 ἡ
3193 3180 3486 3250 εὐλάϐεια,
3505 3183 3645 3254 μέση
3664 3182 3771 3235 ἐστὶ

2182 3273 2286 3342 τῆς
2319 3271 2586 3343 αἰσχύνης
2619 3273 2714 3325 καὶ
2755 3272 2857 3343 τῆς
2893 3272 3170 3335 ἀναιδείας
3198 3290 3213 3305 ο
3244 3272 3432 3337 οὑτως
3463 3276 3608 3329 κατὰ
3647 3276 3770 3329 ἀνα-

2183 3364 2372 3432 λογίαν
2401 3364 2494 3417 καὶ
2526 3366 2582 3416 αἱ
2622 3363 2807 3417 λοιπαὶ
2831 3362 3046 3434 ἀρεταί.
3076 3364 3204 3417 Ἐάν
3220 3360 3315 3418 οὖν
3340 3366 3550 3438 εὑρεθῇ
3574 3365 3773 3437 ἂνθρω-

2185 3472 2285 3518 πος
2319 3454 2640 3526 ἀξιούμενος
2669 3454 2876 3508 τούτων
2906 3454 3016 3509 τῶν
3061 3456 3303 3524 ἀρετῶν,
3372 3452 3491 3523 οἷος
3528 3457 3771 3530 εὑρίσκε-

2183 3562 2274 3599 ται
2298 3546 2481 3615 τίμιος
2514 3546 2670 3619 παρὰ
2705 3545 2783 3616 τῷ
2814 3546 2956 3617 Θεῷ,
2984 3548 3080 3602 καὶ
3109 3547 3199 3601 ἀεὶ
3223 3549 3494 3618 φαίνεται
3519 3548 3620 3619 μὲν
3640 3548 3775 3621 τρώ-

2182 3653 2296 3705 γων
2328 3638 2425 3691 καὶ
2454 3638 2622 3692 πίνων
2658 3638 2755 3693 καὶ
2793 3639 3161 3710 κοιμώμενος,
3193 3639 3394 3714 ὥσπερ
3451 3644 3551 3699 καὶ
3588 3645 3639 3696 of.
3677 3644 3777 3697 λοι-

2184 3734 2277 3786 ποὶ
2310 3732 2420 3786 τῶν
2446 3731 2776 3806 ἀνθρώπων·
2810 3733 2927 3787 ἔστι
2956 3733 3011 3787 δὲ
3043 3735 3071 3788 ό
3098 3734 3346 3798 τοιοῦτος
3367 3736 3555 3808 τίμιος
3582 3735 3671 3790 διὰ
3688 3735 3778 3800 τὰς

2183 3823 2388 3895 ἀρετὰς
2429 3825 2499 3888 ἃς
2550 3824 2686 3893 ἔχει.
2732 3825 2795 3877 Εἰ
2825 3824 2883 3878 δὲ
2923 3824 2999 3896 μὴ
3049 3825 3199 3898 νήφῃ
3237 3842 3329 3891 τις
3390 3829 3492 3883 καὶ
3542 3828 3776 3900 φυλάττῃ

2182 3915 2398 3978 ἑαυτὸν,
2431 3914 2677 3968 ἐκκλίνει
2733 3916 2980 3987 εὐχερῶς
3015 3916 3126 3969 ἀπὸ
3165 3917 3266 3988 τῆς
3310 3918 3468 3986 ὀδοῦ,
3512 3919 3548 3990 ἦ
3603 3923 3681 3985 εἰς
3714 3921 3778 3974 τά

2183 4006 2356 4071 δεξιὰ,
2395 4008 2528 4078 ἢείς
2556 4007 2624 4061 τὰ
2648 4008 2914 4078 ἀριστερά
2940 4031 2949 4040 -
2978 4007 3131 4061 τοῦτ’·
3153 4007 3323 4076 ἔστιν,
3345 4012 3446 4064 ἐπὶ
3477 4011 3780 4083 ὑπερϐολὴν

2185 4099 2218 4170 ἢ
2262 4100 2524 4170 ἔλλειψιν,
2557 4101 2651 4154 καὶ
2684 4101 2941 4154 ἀποτελεῖ
2965 4101 3063 4172 τὴν
3091 4102 3413 4175 ἀρρωστίαν
3438 4104 3568 4175 ἥτις
3589 4104 3782 4174 ἐστὶ·ιὴ

2183 4193 2379 4247 κακία.
2424 4192 2557 4247 Ἰδοὺ
2588 4192 2728 4263 αὕτη
2760 4193 2912 4247 ἐστὶν
2940 4194 2973 4259 ή
3005 4193 3173 4266 tam
3199 4193 3465 4267 βασιλικὴ
3490 4198 3551 4249 ὲν
3631 4196 3783 4250 ὥδευ-

2182 4300 2284 4339 σαν
2315 4285 2522 4346 πάντες
2548 4286 2598 4338 οί
2623 4283 2807 4352 ἆγιοιο
2841 4283 2910 4338 τὰ
2938 4284 2997 4337 δὲ
3046 4284 3200 4355 μίλιά
3224 4287 3371 4339 εἰσιν
3426 4289 3489 4340 αἱ
3538 4288 3784 4359 διάφοροι

2181 4378 2550 4440 καταστάσεις
2579 4384 2644 4441 ἃς
2675 4377 2866 4449 ὀφείλῃ
2890 4394 2974 4441 τις
3001 4380 3241 4449 μετρεῖν,
3262 4380 3509 4435 πάντοτε
3548 4383 3643 4435 καὶ
3673 4381 3787 4452 βλὲο

2182 4486 2309 4523 πειν
2338 4470 2443 4524 ποῦ
2477 4470 2650 4533 ἐστιν,
2685 4473 2765 4534 εἰς
2790 4472 2943 4523 ποῖον
2974 4470 3150 4541 μίλιον
3197 4470 3470 4541 ἔφθασεν,
3518 4477 3605 4539 εἰς
3633 4475 3785 4528 ποίαν

482 4552 733 4607 venimus
764 4568 1014 4623 scopum,
1041 4560 1293 4614 eumdem
1323 4568 1574 4616 tenemus
1599 4562 1665 4616 ad
1696 4572 1956 4617 aeternam
1983 4580 2073 4633 pa-

2178 4561 2517 4617 κατάστασίν
2548 4563 2699 4615 ἐστιν
2725 4578 2739 4592 ·
2770 4556 2883 4615 οἷόν
2911 4578 2965 4615 τι
2996 4562 3159 4630 λέγω.
3198 4562 3391 4627 Οὑτως
3416 4567 3597 4636 ἐσμὲν
3633 4568 3787 4634 misi;

483 4637 667 4699 triam.
690 4654 752 4693 ex
774 4642 961 4696 eadem
987 4659 1124 4713 pene
1146 4647 1368 4701 civitate
1391 4649 1614 4719 egressi.
1639 4651 1815 4720 Atque
1837 4651 1929 4705 alii
1954 4652 2079 4721 qui-

481 4728 604 4783 dem
623 4730 798 4786 stadia
819 4734 1062 4805 quinque
1081 4737 1304 4805 profecti
1330 4740 1715 4807 substiterunt,
1738 4741 1831 4795 alii
1855 4743 2076 4809 decem;

484 4819 538 4874 hi
563 4837 694 4876 vero
729 4823 871 4879 inter
903 4828 1141 4883 medium
1178 4846 1469 4898 perrexere
1505 4848 1518 4883 :
1557 4833 1647 4886 alii
1684 4847 1793 4887 non
1829 4835 2078 4890 ontninto

480 4915 692 4969 emensi
723 4925 871 4980 sunt,
913 4918 1007 4973 sed
1043 4935 1168 4973 cum
1198 4936 1228 4974 c
1256 4923 1477 4976 civitate
1501 4924 1786 4988 exiisscut,
1815 4934 1970 4979 extra
1993 4926 2081 4996 ja-

484 5019 648 5060 nuam
679 5008 730 5061 in
766 5007 936 5065 fetore
965 5023 1020 5065 et
1053 5013 1171 5066 labe
1208 5014 1356 5085 illius
1387 5026 1790 5071 remanserunt.
1826 5017 2078 5074 Viatores

483 5111 706 5167 quoque
726 5101 816 5156 alii
840 5118 964 5156 cum
987 5104 1094 5159 duo
1117 5106 1439 5177 plerumque
1461 5108 1637 5162 stadia
1653 5110 2078 5176 ambulaverint,

484 5201 733 5248 errantes
771 5195 1289 5265 retrOgrediuntur;
1326 5201 1407 5253 vel
1441 5200 1549 5255 duo
1591 5199 1820 5271 profecti
1867 5202 2039 5257 stadia
2062 5244 2078 5268 ,

485 5281 733 5350 quinque
763 5295 1135 5341 revertuntur.
1178 5287 1425 5344 Viatores
1453 5289 1506 5343 hi
1530 5305 1723 5346 sumus
1752 5306 1872 5347 nos.
1897 5293 2078 5361 Aliqui

487 5372 633 5427 enim
674 5388 741 5429 ex
790 5377 948 5431 nobis
978 5380 1176 5434 smculo
1213 5383 1663 5439 abrenuntiantes
1704 5384 1771 5438 ad
1806 5395 2081 5441 monaste-

490 5465 633 5521 rium
665 5483 857 5523 venerc
891 5486 956 5525 eo
987 5473 1191 5537 animo,
1231 5484 1291 5529 ut
1328 5476 1554 5531 virtutes
1576 5492 1935 5547 quascunque
1963 5487 2082 5534 stu-

490 5557 805 5615 diosissime
830 5573 1042 5630 parent.
1067 5566 1241 5635 Atque
1270 5568 1359 5622 alii
1378 5568 1597 5638 quidem
1622 5585 1745 5623 cum
1771 5570 1855 5624 vel
1885 5586 2077 5641 parum

493 5648 844 5718 profccerid,
870 5654 1141 5710 desistunt
1178 5659 1319 5712 illico
1354 5681 1365 5713 :
1400 5661 1489 5713 alii
1520 5662 1694 5731 magis
1717 5662 2080 5733 progrediun—

493 5738 626 5803 tur;
674 5741 764 5797 alii
806 5745 1046 5800 medium
1094 5750 1169 5803 rei
1217 5752 1535 5817 consecuti,
1582 5753 1791 5808 desidia
1824 5764 2077 5825 torpent:

495 5833 587 5889 alii
613 5843 794 5891 autem
841 5838 975 5894 nihil
1004 5842 1230 5898 omnino
1271 5859 1330 5900 se
1362 5844 1580 5918 erigunt
1618 5855 1712 5902 aut
1745 5848 2037 5918 proficiunt
2061 5885 2080 5917 ,

2184 4654 2392 4717 πάντες
2423 4652 2616 4726 ὥσπερ
2648 4652 2796 4717 τινὲς
2820 4653 3037 4723 ἔχοντες
3073 4654 3276 4708 σκοπὸν
3305 4655 3537 4709 ὁδεῦσαι
3562 4656 3658 4709 ἐπὶ
3695 4656 3786 4726 τὴν

2180 4749 2345 4818 ἁγίαν
2395 4749 2582 4803 πόλιν
2626 4748 2722 4802 καὶ
2772 4747 3083 4813 ἐξελθόντες
3134 4748 3243 4801 ἀπὸ
3282 4751 3420 4819 μιᾶς
3460 4750 3704 4813 πόλεως.
3739 4748 3785 4801 oi

2185 4842 2304 4912 μὲν,
2348 4840 2593 4895 ὥδευσαν
2644 4842 2807 4893 πέντε
2858 4840 3016 4911 μίλια
3050 4840 3146 4892 καὶ
3181 4841 3501 4911 άπέμειναν
3533 4858 3547 4872 ο
3605 4842 3655 4895 οί
3700 4840 3783 4904 δὲ,

2182 4931 2427 4986 ὥδευσαν
2459 4932 2591 4985 δέκα
2616 4948 2630 4963 ο
2660 4934 2709 4985 οἱ
2744 4931 2823 4997 δὲ,
2853 4934 2949 4986 καὶ
2976 4933 3081 4995 ἕως
3113 4932 3207 4986 τοῦ
3238 4934 3494 5003 ἡμίσεως
3511 4934 3619 5005 τῆς
3646 4932 3783 4986 ὀδοῦ’

2181 5026 2230 5077 οἱ
2259 5024 2340 5087 δὲ,
2374 5023 2495 5077 οὑδὲ
2515 5023 2653 5086 ὅλως
2685 5023 2955 5088 ὥδευσαν,
2993 5023 3109 5076 ἀλλ’
3133 5022 3360 5092 ἐξῆλθον
3403 5025 3516 5093 μὲν
3562 5025 3666 5093 τῆς
3692 5022 3784 5076 πό-

2180 5116 2320 5179 λεως
2348 5132 2362 5147 ·
2396 5115 2621 5183 ἔμειναν
2649 5115 2706 5168 δὲ
2738 5114 2842 5181 ἔξω
2870 5114 2981 5167 τῶν
3016 5113 3201 5167 πυλῶν
3236 5115 3316 5176 είς
3361 5114 3481 5185 τὴν
3517 5114 3787 5169 δυσωδίαν

2182 5207 2353 5277 αὑτῆς
2384 5223 2397 5236 ·
2433 5206 2483 5259 οἱ
2514 5205 2571 5258 δὲ
2596 5207 2654 5257 ὲν
2686 5208 2753 5276 τῇ
2787 5203 2890 5275 ὁδῷ
2917 5205 3091 5271 ὄντες,
3125 5203 3272 5257 ἐστιν
3298 5205 3386 5257 ὅτε
3415 5204 3681 5257 ὁδεύουσι
3702 5200 3789 5254 δύο

2186 5297 2360 5369 μίλια,
2394 5297 2489 5350 καὶ
2534 5295 2870 5360 πλανῶνται,
2918 5294 3014 5347 καὶ
3062 5294 3514 5365 ὑποστρέφουσιν
3547 5293 3718 5357 αὑτά,
3760 5290 3790 5361 ἢ

2181 5390 2276 5444 δύο
2316 5387 2552 5451 ποιοῦσι,
2578 5388 2672 5441 καὶ
2699 5388 3107 5458 ὑποστρέφουσι
3153 5386 3319 5441 πέντε
3340 5402 3353 5417 ·
3394 5387 3451 5438 οἱ
3489 5385 3587 5452 δὲ,
3619 5384 3789 5437 ὥδευε

2185 5495 2284 5531 σαν
2313 5478 2418 5541 ἕως
2444 5478 2615 5547 αὐτῆς
2644 5477 2744 5548 τῆς
2780 5478 3025 5540 πόλεως,
3059 5476 3287 5548 ἔμειναν
3309 5476 3363 5529 δὲ
3399 5474 3541 5541 ἔξω,
3579 5477 3678 5529 καὶ
3697 5475 3794 5527 οὐκ

2182 5571 2435 5640 εἰσῆλθον
2457 5570 2563 5634 ’ἐως
2587 5572 2667 5626 είς
2701 5572 2798 5639 τὴν
2832 5569 3010 5623 πόλιν.
3053 5569 3186 5623 Ἰδοὺ
3233 5568 3409 5631 οὓτως
3461 5570 3648 5638 ἐσμὲν
3701 5564 3794 5619 καὶ

2184 5667 2366 5735 ἡμεῖς.
2406 5665 2527 5719 Εἰσὶ
2570 5665 2677 5736 γάρ
2721 5683 2864 5727 τινες
2913 5664 2972 5729 ἐξ
3004 5663 3181 5735 ἡμῶν,
3212 5664 3264 5715 οἴ
3310 5679 3367 5716 τε
3402 5664 3648 5731 ἀφῆκαν
3706 5660 3794 5712 τὸν

2184 5754 2411 5825 κόσμον,
2448 5755 2544 5808 καὶ
2572 5750 2733 5826 ἦλθον
2756 5756 2815 5821 ἐς
2840 5756 2897 5807 τὸ
2927 5757 3292 5827 μοναστήριον
3320 5753 3536 5807 σκοπὸν
3572 5753 3794 5823 ἔχοντες

2187 5847 2266 5910 είς
2298 5845 2360 5899 τὸ
2392 5846 2698 5920 κτήσασθαι
2733 5847 2832 5911 τὰς
2859 5847 3081 5918 ἀρετάς.
3110 5845 3222 5900 Καὶ
3258 5845 3307 5898 οῖ
3347 5841 3452 5915 μὲν
3481 5841 3796 5915 κατώρθω-
