4062 6458
354 371 495 434 λζ’ζῦ
567 392 571 396 ’
1726 367 1915 426 DLtJT

2023 365 2106 423 θέει
2150 365 2221 424 Χ.
3477 373 3616 442 1730

350 499 455 535 σαν
482 481 661 549 ὀλίγον
691 484 783 537 καὶ
811 483 1173 553 ὲναπέμειναν
1195 495 1208 510 °
1244 481 1393 535 ἄλλοι
1423 478 1501 533 ἔτι
1524 476 1741 550 μικρὸν,
1774 475 1919 529 ἄλλοι

2030 478 2124 530 sed
2155 475 2363 547 egressi
2384 491 2612 548 corpore
2639 486 2849 534 tantum
2882 495 2911 535 e
2947 483 3131 537 mundi
3163 483 3464 550 illecebris,
3494 492 3617 546 ani-

350 574 447 627 καὶ
479 574 584 634 ἕως
611 575 703 626 τοῦ
738 572 985 643 ἦμῖσεως
1024 573 1119 626 τοῦ
1150 573 1507 645 πράγματος,
1556 569 1652 622 καὶ
1689 566 1919 637 ἐστάθη-

2028 582 2118 621 ιιιο
2151 569 2203 622 in
2240 569 2359 639 ejus
2402 570 2521 624 labe
2562 580 2616 625 ct
2659 571 2941 627 atl‘ectibus
2984 585 3354 644 perseverant.
3380 577 3615 645 Quidam

348 681 452 717 σαν
472 682 485 695 ·
523 662 671 716 ἄλλοι
706 663 859 717 οὐδὲν
891 665 1026 729 ὅλως
1057 660 1590 734 κατώρθωσαν,άλλά
1613 658 1707 712 καὶ
1736 656 1919 721 ἔδοξαν

2024 658 2189 713 etiam
2223 676 2346 713 cum
2373 662 2575 731 aliquid
2609 663 2731 717 boni
2754 667 2932 730 operis
2952 665 3255 733 effecerint,
3276 658 3406 724 illud
3430 672 3618 726 statim

351 752 454 822 μὲν
477 751 710 818 ἐξελθεῖν
741 754 804 807 ἐκ
833 753 926 807 τοῦ
960 754 1189 823 κόσμου,
1237 752 1460 824 ἔμειναν
1507 750 1563 803 δὲ
1601 749 1683 811 εἰς
1724 745 1793 798 τὰ
1830 744 1919 798 τοῦ

2026 750 2334 805 dissolvunt
2353 760 2407 806 et
2439 754 2754 810 destruunt.
2787 756 2928 812 Sunt
2953 767 3008 813 et
3037 760 3124 812 alii
3150 761 3244 831 qui
3272 762 3394 831 plus
3416 762 3617 819 dissol-

347 844 555 913 κόσμου
606 845 775 916 πάθη,
820 847 913 900 καὶ⁷
945 848 1027 910 εἰς
1074 847 1173 917 τὴν
1217 844 1485 899 δυσωδίαν
1531 840 1701 895 αὑτοῦ
1730 856 1745 870 ·
1776 837 1919 891 ἄλλοι

2027 850 2180 906 vunt,
2215 859 2379 913 quam
2403 846 2572 902 moliti
2598 850 2728 905 sint.
2761 849 3019 906 Nonnulli
3056 854 3282 910 virtutes
3308 857 3616 925 consecuti,

346 934 682 1006 κατορθοῦσι
739 936 934 1007 μικρὸν
991 936 1188 998 καλὸν,
1245 933 1342 988 καὶ
1392 934 1553 987 πάλιν
1596 928 1919 985 ἁναλύουσιν

2026 935 2244 1002 superbi
2297 944 2351 990 et
2396 936 2722 1005 insolentes,
2770 951 3284 1015 contemptorcsque
3330 948 3617 1015 proximo-

344 1027 503 1081 αὑτό.
536 1026 599 1080 Εἰ
627 1027 683 1081 δέ
714 1044 857 1090 τινες
891 1030 985 1081 καὶ
1008 1028 1194 1082 πλεῖον
1222 1027 1282 1081 οὖ
1313 1022 1685 1095 κατώρθωσαν
1722 1017 1919 1073 ἀναλύ-

2027 1036 2148 1076 ι-υιιι
2185 1031 2239 1078 et
2270 1022 2500 1080 fratrum
2537 1026 2663 1083 facti
2696 1038 2820 1083 sunt
2852 1072 2866 1095 ,
2901 1034 2993 1101 qui
3024 1042 3175 1087 extra
3203 1034 3426 1102 januam
3459 1051 3619 1091 man-

341 1133 528 1171 ουο-ιν⁹
564 1118 715 1171 ἄλλοι
745 1117 1118 1190 κατώρθωσαν
1147 1119 1246 1189 μὲν
1278 1117 1378 1181 τὰς
1419 1114 1639 1187 ἀρετὰς,
1672 1111 1831 1181 ἔσχον
1867 1107 1927 1160 δὲ

341 1210 729 1280 ὑπερηφανίαν
784 1211 878 1263 καὶ
924 1210 1272 1276 ἐξουδένωσιν
1313 1210 1424 1263 τῶν
1487 1206 1773 1278 πλησίων»
1825 1199 1923 1254 καὶ

308 1282 573 1370 ὥέμειναν
622 1300 727 1365 ἔξω
777 1302 878 1374 τῆς
927 1302 1156 1366 πόλεως,
1206 1301 1303 1357 καὶ
1360 1302 1462 1354 οὐκ
1509 1295 1760 1367 εἰσῆλθον
1793 1293 1923 1358 ἔσω,

344 1395 445 1446 καὶ
478 1394 630 1463 ὅμως
690 1393 812 1447 οὐδὲ
843 1395 999 1448 αὐτοὶ
1058 1395 1247 1466 ἔτυχον
1300 1393 1396 1447 τοῦ
1451 1389 1657 1446 σκοποῦ
1721 1383 1921 1441 αὐτοῦ’

2033 1124 2263 1179 serunt,
2329 1131 2504 1185 neque
2558 1119 2611 1172 hi
2664 1135 2890 1191 scopum
2946 1140 3103 1176 suum
3162 1126 3399 1180 assecuti
3463 1135 3614 1182 sunt.

2035 1201 2169 1258 Nam
2216 1206 2316 1260 etsi
2365 1208 2430 1261 ad
2471 1208 2706 1266 civitatis
2745 1222 2955 1280 poi-Iam
3005 1217 3249 1282 perducti
3292 1232 3400 1272 non
3444 1227 3616 1286 sunt,

2038 1302 2218 1349 tamen
2251 1295 2579 1366 intromissi,
2614 1303 3039 1375 decideruntque
3071 1306 3313 1365 infelices
3343 1325 3373 1364 a
3401 1326 3619 1381 propo—

2033 1384 2139 1438 sito
2166 1401 2287 1441 sun.

341 1483 447 1537 κᾶν
481 1487 590 1557 γάρ
637 1485 876 1555 ἔφθασαν
908 1487 1006 1559 τὴν
1049 1488 1225 1560 πύλην
1273 1488 1372 1558 τῆς
1432 1486 1660 1559 πόλεως,
1728 1477 1866 1534 ἀλλὰ
1902 1475 2107 1540 ἔξωθεν
2169 1479 2393 1550 ἔμειναν
2422 1496 2435 1511 ·
2472 1483 2612 1538 ὥστε
2671 1486 2765 1540 καὶ
2816 1487 2971 1540 αὗτοὶ
3043 1488 3308 1554 ἐξέπεσαν
3341 1491 3435 1546 τοῦ
3481 1494 3616 1549 ἰδίου

342 1578 575 1633 σκοποῦ.

413 1672 468 1724 E'
487 1671 756 1733 Ἕκαστος
787 1666 879 1725 οὖν
907 1672 1065 1742 ἡμῶν
1097 1672 1242 1743 μάθῃ
1275 1672 1374 1727 ποῦ
1405 1675 1551 1726 ἐστιν
1573 1686 1587 1699 ⁸
1617 1673 1666 1724 εἰ
1689 1668 1849 1736 ὲξέὸη
1866 1664 1919 1718 ὲκ

2106 1654 2172 1710 ν.
2217 1657 2628 1729 Contempletur
2679 1661 2841 1732 igitur
2890 1663 3271 1737 unusquistiue
3319 1678 3614 1736 nostrum,

336 1764 441 1834 τῆς
474 1764 611 1827 Ξδέας
644 1764 873 1830 πόλεως,
920 1765 1103 1836 ἔμεινε
1130 1766 1186 1820 δὲ
1219 1766 1321 1831 ἔξω
1351 1768 1446 1838 τῆς
1489 1766 1664 1836 πύλης
1697 1765 1777 1826 εἰς
1824 1762 1924 1834 τὴν

334 1856 603 1910 δυσωδέαν
645 1857 743 1927 τῆς
777 1858 1006 1923 πόλεως,
1056 1858 1088 1931 ἢ
1136 1859 1340 1930 προέϐη
1383 1859 1600 1931 μικρὸν,
1634 1858 1667 1928 ἢ
1701 1855 1918 1926 πολὺ,ἦ

338 1948 543 2018 ἔφθασε
578 1949 640 2003 τὸ
667 1950 840 2020 ἥμισυ
872 1950 974 2020 τῆς
1018 1951 1138 2004 ὁδοῦ
1163 1968 1177 1983 ο
1223 1953 1272 2004 εἶ
1310 1951 1402 2004 δύο
1438 1951 1593 2021 μῖλια
1627 1951 1790 2011 ποιεῖ,
1827 1947 1922 2001 καὶ

338 2039 562 2093 ἀναλύει
594 2039 663 2093 τὰ
693 2040 786 2093 δύο
807 2055 823 2069 ο
870 2043 917 2094 εἰ
953 2041 1047 2095 δύο
1075 2044 1217 2095 ποιεῖ
1244 2042 1336 2095 καὶ
1367 2040 1589 2095 ἀναλῦει
1625 2041 1785 2094 πέντε
1816 2055 1831 2068 ·
1872 2037 1923 2089 εἰ

339 2127 576 2182 ὣδευσεν
603 2129 709 2192 ἕως
738 2129 835 2201 τῆς
861 2130 1090 2195 πόλεως,
1119 2131 1213 2183 καὶ
1246 2128 1456 2198 εἰσῆλθε
1490 2129 1569 2190 εἰς
1597 2126 1695 2196 τὴν
1728 2126 1923 2195 Ἰερου-

343 2220 525 2289 σαλήμ
546 2235 560 2250 ο
613 2220 692 2283 εἰς
720 2221 819 2291 τὴν
858 2220 1013 2273 πόλιν
1045 2220 1141 2290 μὲν
1176 2218 1430 2288 ἔφθασεν*
1467 2217 1669 2269 ἔσωθεν
1697 2216 1751 2269 δὲ
1779 2212 1918 2285 [καὶ]

336 2310 441 2363 οὑκ
485 2310 725 2380 ἠδυνήθη
777 2310 1058 2364 εἰσελθεῖν.
1108 2309 1376 2372 ’Ἕκαστος
1429 2309 1575 2381 μάθῃ
1621 2309 1717 2378 τὴν
1749 2307 1918 2359 κατά-

337 2417 532 2454 στασ;ν
562 2401 776 2458 ἑαυτοῦ.
808 2396 911 2454 ποῦ
945 2404 1080 2455 ὲστι.
1111 2402 1270 2472 Τρεῖς
1300 2401 1663 2462 καταστάτεις
1700 2401 1834 2452 εἰσὶν
1864 2400 1920 2450 ἐν

332 2493 415 2562 τῷ
442 2491 714 2564 ἀνθρώπῳ
738 2510 752 2524 ”
783 2493 930 2546 ἐστιν
958 2493 987 2545 ό
1022 2492 1263 2565 ἐνεργῶν
1290 2492 1352 2545 τὺ
1371 2491 1572 2556 πάθος,
1597 2493 1690 2544 καὶ
1721 2491 1868 2543 ἔστιν
1893 2491 1924 2542 ὁ

338 2586 506 2640 ἱστῶν
539 2585 690 2651 αὐτὸ,
722 2587 819 2639 καὶ
850 2585 996 2638 ἔστιν
1025 2585 1053 2636 ὁ
1079 2583 1317 2657 ὲκριζῶν
1350 2585 1510 2638 αὐτό·
1547 2586 1575 2637 ὀ
1606 2583 1920 2654 ὲνεργῶντὸ

340 2674 512 2736 πάθος
543 2676 714 2741 ἐστὶν,
742 2678 770 2729 ό
801 2678 1055 2746 πράττων
1085 2676 1237 2740 αὐτὸ,
1279 2676 1307 2728 ό
1340 2675 1643 2729 ἐπεκδικῶν
1669 2676 1819 2729 αὐτό.
1860 2676 1920 2729 Ὀ

330 2767 393 2819 δὲ
424 2766 586 2820 ἱστῶν
616 2768 677 2820 τὸ
710 2768 881 2829 πάθος
910 2769 1081 2833 ὲστῖν,
1124 2771 1152 2822 ὁ
1183 2769 1320 2840 μήτε
1348 2768 1610 2838 ἐνεργῶν,
1655 2772 1791 2839 μήτε
1824 2769 1917 2821 ὲκ-

333 2859 554 2912 κόπτων
602 2860 753 2924 αὐτὸ,
804 2860 938 2914 ἀλλὰ
986 2860 1292 2930 φιλοσοφῶν
1343 2860 1461 2928 μὲν,
1511 2861 1606 2912 καὶ
1652 2859 1916 2930 κατερχόο

336 2965 520 3018 μενος,
557 2948 695 3018 ἔχων
722 2949 779 3002 δὲ
809 2950 870 3002 τὸ
901 2951 1070 3013 πάθος
1098 2951 1155 3004 ἐν
1187 2949 1363 3020 ἑαυτῷ
1395 2969 1405 2980 ·
1445 2952 1472 3002 ὀ
1503 2949 1560 3002 δὲ
1592 2950 1829 3021 ὲκριζῶν
1858 2949 1919 3002 τὸ

2032 1746 2230 1804 fratres
2256 1793 2270 1817 ,
2311 1751 2470 1823 421
2516 1754 2605 1807 ubi
2642 1754 2731 1808 sit.
2766 1753 2821 1809 Si
2853 1770 2977 1810 vere
3006 1772 3267 1829 egressus
3302 1767 3388 1815 est
3418 1775 3451 1817 e
3481 1760 3619 1816 civi-

2030 1850 2140 1896 tate
2165 1859 2288 1912 sua,
2332 1847 2376 1901 si
2416 1857 2569 1902 extra
2601 1860 2809 1918 ponam
2839 1849 2891 1903 in
2930 1849 3099 1905 fetore
3127 1852 3273 1908 illius
3295 1861 3351 1909 et
3380 1855 3502 1911 labe
3530 1871 3616 1911 re-

2030 1945 2252 1991 manet:
2293 1939 2336 1992 si
2366 1941 2648 2009 paululum
2683 1943 2949 2011 processit
2978 1953 3072 1998 aut
3102 1945 3367 2012 multum,
3409 1948 3454 2003 si
3489 1964 3618 2019 per-

2028 2031 2263 2086 vrnitad
2296 2030 2396 2085 viae
2422 2033 2659 2086 medium
2683 2072 2697 2096 ,
2734 2034 2781 2087 si
2810 2035 2898 2088 ubi
2932 2050 3256 2105 progressus
3278 2049 3361 2094 est
3398 2040 3465 2095 ad
3506 2041 3618 2097 duo

2029 2123 2288 2177 milliaria
2316 2163 2331 2187 ,
2369 2124 2590 2179 totidem
2624 2140 2904 2193 regressus
2938 2136 3016 2180 est
3048 2143 3063 2192 ;
3099 2144 3165 2180 an
3197 2144 3520 2201 progressus
3546 2133 3616 2189 ad

2027 2214 2156 2278 duo,
2182 2217 2427 2284 quinque
2458 2216 2635 2270 rediit.
2679 2217 2734 2269 Si
2763 2216 3014 2288 adusque
3041 2218 3318 2275 civitatem
3349 2223 3616 2292 pervenit,

2028 2308 2070 2360 si
2107 2316 2188 2361 est
2218 2305 2521 2361 Jerusalem
2553 2318 2799 2363 sanctam
2842 2309 3152 2380 ingressus,
3197 2327 3265 2366 an
3300 2313 3345 2367 si
3376 2314 3443 2369 ad
3483 2315 3621 2371 civi-

2028 2408 2193 2452 tatem
2225 2415 2399 2467 usque
2426 2401 2756 2470 perductus,
2807 2418 2915 2457 non
2956 2414 3036 2458 est
3087 2405 3382 2461 admissus.
3432 2405 3619 2462 Discat

2029 2489 2410 2558 unusquisque
2463 2499 2662 2544 statum
2715 2506 2874 2545 suum
2923 2493 2975 2546 in
3022 2509 3132 2563 quo
3158 2505 3259 2550 est.
3296 2496 3430 2551 Tres
3469 2496 3616 2551 enim

2031 2579 2273 2633 hominis
2299 2589 2478 2636 status
2508 2572 2671 2637 sunt.
2690 2584 2904 2639 Primus
2929 2586 3148 2654 quidem
3179 2586 3271 2657 qui
3303 2588 3615 2657 passionem

2026 2678 2077 2722 et
2107 2668 2296 2723 vitium
2327 2670 2392 2725 ad
2429 2673 2699 2727 actionem
2746 2676 2996 2744 perducit
3059 2676 3343 2733 Secundus
3389 2680 3482 2749 qui
3518 2680 3619 2734 in-

2026 2770 2214 2814 natum
2248 2760 2437 2816 vitium
2472 2762 2766 2836 expugnat,
2802 2766 3059 2837 sistitque
3092 2768 3223 2823 illud
3256 2779 3312 2825 et
3346 2772 3617 2841 refrenat,

2026 2867 2095 2908 ne
2121 2853 2187 2908 ad
2221 2863 2401 2910 actum
2429 2866 2770 2927 prorumpat.
2797 2857 3015 2916 Tertius
3042 2862 3134 2930 qui
3163 2863 3392 2918 omnino
3422 2863 3473 2918 id
3499 2880 3619 2921 era-

2024 2943 2170 3000 dicat
2210 2955 2265 3000 et
2308 2948 2507 3003 evellit.
2541 2949 2644 3016 Qui
2690 2952 3001 3021 passionem
3044 2953 3286 3009 innatam
3318 2968 3614 3027 operatur;

331 3041 528 3106 πάθος,
586 3042 734 3094 ἐστὶν
761 3045 789 3095 ὁ
821 3042 1223 3112 ἀγωνιζόμενος
1271 3018 1367 3096 καὶ
1413 3042 1581 3095 ποιῶν
1607 3018 1677 3095 τά
1701 3042 1919 3095 ἐναντία

2025 3039 2072 3091 is
2102 3049 2187 3093 est
2220 3040 2308 3108 qui
2335 3040 2525 3095 vitium
2554 3018 2705 3112 quod
2732 3043 2783 3096 in
2810 3059 2869 3098 se
2897 3043 3083 3111 fuerit,
3108 3047 3177 3101 ad
3201 3018 3382 3102 actum
3410 3018 3617 3119 perdit:-

321 3132 429 3187 ’τοῦ
466 3131 692 3196 πάθους.
726 3134 947 3205 Ἔχουσι
1004 3133 1060 3187 δὲ
1087 3134 1146 3187 αἱ
1176 3135 1324 3204 τρεῖς
1362 3134 1728 3196 καταστάσεις
1761 3128 1919 3188 αὗται

334 3225 470 3279 πολὺ
502 3226 706 3289 πλάτος
733 3242 746 3257 ³
769 3280 781 3287 ,
799 3221 910 3279 οἷόν
940 3244 992 3280 τι
1023 3226 1236 3294 εἴπατε,
1273 3220 1385 3280 οἷον
1410 3226 1603 3280 Θέλετε
1639 3225 1809 3288 πάθος
1827 3226 1921 3279 καὶ

325 3318 719 3392 γυμνώσωμεν
768 3319 953 3383 αὑτός
1020 3318 1215 3372 Θέλετε
1271 3319 1514 3389 εἴπωμεν
1570 3320 1698 3389 περὶ
1748 3319 1916 3389 ὑπερ-

332 3412 610 3482 ηφανίας;
647 3412 829 3465 θέλετε
875 3413 1119 3483 εἴπωμεν
1166 3413 1295 3484 περὶ
1326 3412 1624 3484 πορνείας;
1672 3411 1919 3483 ἠθέλετε

263 3512 272 3519 “
336 3503 538 3575 μᾶλλον
572 3504 823 3575 λέγωμεν
872 3505 1002 3577 περὶ
1049 3504 1394 3571 κενοδοξίαςς
1442 3505 1517 3559 Οὐ
1564 3503 1789 3558 δύναται
1836 3519 1922 3565 τις

332 3595 565 3650 ἀκοῦσαι
596 3598 746 3668 ῥῆμα
774 3596 882 3650 ἀπὸ
908 3596 1005 3651 τοῦ
1031 3596 1261 3666 ἁδελφοῦ
1293 3596 1482 3652 αὐτοῦ.
1510 3597 1698 3649 Ἔστιν
1719 3590 1812 3648 οὖν
1837 3611 1922 3658 τις

333 3689 426 3742 ὅτε
450 3689 639 3742 ἀκούει
670 3688 728 3741 ἓν
761 3689 913 3759 ῥῆμα
942 3689 1035 3742 καὶ
1066 3691 1421 3759 ταράσσεται,
1457 3689 1552 3742 καὶ
1583 3688 1730 3756 λέγει
1759 3687 1921 3741 πέντε

335 3782 579 3853 ῥήματα,
607 3780 640 3851 ἢ
674 3782 769 3833 καὶ
798 3781 931 3834 δέκα
960 3781 1083 3833 ἀντὶ
1115 3781 1233 3844 ἑνὸς
1265 3782 1528 3851 ῥήματος,
1560 3782 1656 3833 καὶ
1687 3779 1919 3850 μάχεται

333 3874 429 3927 καὶ
473 3872 838 3943 ταράσσεται,
886 3873 981 3926 καὶ
1034 3871 1171 3942 μετὰ
1227 3873 1288 3924 τὸ
1346 3871 1658 3925 παύσασθαι
1712 3874 1776 3924 ὲκ
1821 3873 1922 3942 τῆς

336 3965 548 4035 μάχης,
599 3962 750 4033 μένει
798 3961 1147 4032 λογιζόμενος
1192 3964 1287 4016 καὶ
1336 3964 1475 4016 κατὰ
1528 3963 1623 4015 τοῦ
1675 3963 1920 4024 εἰπόντος

332 4054 484 4125 αὐτῷ
522 4054 581 4107 τὸ
629 4054 780 4125 ῥῆμα
822 4055 1016 4116 ἐκεῖνο,
1068 4054 1160 4106 καὶ
1206 4042 1559 4123 μνησικακῶν
1606 4052 1774 4122 αὐτῷ,
1826 4053 1920 4105 καὶ

333 4145 670 4217 λυπούμενος
711 4145 792 4198 ὅτι
828 4145 929 4197 οὐκ
957 4139 1079 4197 εἷπε
1127 4146 1290 4197 πλέον
1332 4137 1408 4196 ὧν
1442 4140 1585 4209 εἷπε,
1637 4145 1731 4197 καὶ
1776 4145 1918 4197 ἑτοι-

336 4239 497 4310 μάζει
550 4237 725 4308 ἐαυτῷ
771 4240 991 4309 ῥήματα
1036 4237 1115 4291 ἔτι
1166 4238 1443 4309 δεινότερα
1498 4239 1583 4302 εἰς
1629 4238 1689 4291 τὸ
1742 4241 1919 4292 εἰπεῖν

333 4330 503 4402 αὐτῷ,
538 4331 631 4384 καὶ
659 4330 747 4383 ἀεὶ
778 4329 924 4397 λέγει
954 4343 968 4356 ·
1028 4347 1046 4379 ι
1067 4328 1165 4381 Διὰ
1198 4328 1249 4381 τί
1276 4328 1374 4381 οὐκ
1409 4322 1562 4381 εἷπον
1595 4327 1745 4399 αὐτῷ
1774 4327 1911 4394 τόδε,
1944 4358 1996 4418 D

329 4423 428 4478 καὶ
450 4422 557 4494 ἔχω
588 4423 761 4475 εἰπεῖν
789 4420 938 4492 αὐτῷ
965 4422 1085 4474 τόδε
1111 4439 1127 4490 ;
1159 4440 1177 4473 ›
1213 4421 1306 4474 καὶ
1334 4420 1422 4475 ἀεὶ
1457 4421 1732 4492 μαίνεται.
1782 4420 1912 4474 Ἰδοὺ

334 4516 433 4588 μία
472 4515 806 4578 κατάστασις
837 4531 851 4546 ·
908 4513 1047 4586 αὕτη
1096 4517 1241 4568 ἐστὶν
1284 4516 1317 4585 ὴ
1368 4516 1425 4567 ἐν
1453 4504 1565 4579 έξει
1611 4516 1807 4585 ἔχουσα
1852 4515 1914 4567 τὸ

329 4611 519 4662 κακόν.
551 4608 610 4662 '0
635 4606 765 4671 Θεὸς
787 4607 1012 4677 ῥύσεται
1033 4608 1181 4676 ἡμᾶς
1211 4607 1318 4659 ἀπ’»
1339 4607 1435 4676 τῆς
1465 4605 1720 4677 τοιαύτης
1747 4624 1914 4661 κατα-

329 4701 615 4764 στάσεως·
679 4700 713 4770 ή
762 4698 871 4769 γὰρ
920 4699 1146 4768 τοιαύτη
1201 4697 1572 4762 κατάστασις,
1622 4698 1914 4751 ὑπόκειται

327 4793 548 4855 πάντως
593 4792 660 4863 τῇ
709 4790 958 4845 κολάσειι
1023 4790 1172 4843 πάσα
1219 4790 1328 4859 γάρ
1373 4790 1406 4861 ἡ
1456 4792 1580 4843 κατ’
1630 4790 1914 4860 ἐνέργειαν

327 4864 573 4959 ἁμαρτία
621 4884 728 4939 ὑπὸ
763 4883 1034 4962 τὸνρᾇην
1076 4882 1223 4936 ἐστίν
1247 4898 1262 4912 ο
1317 4882 1451 4936 ἀλλὰ
1503 4881 1606 4936 κᾶν
1640 4881 1853 4953 θελήσει
1882 4884 1913 4936 ὁ

326 4973 570 5039 τοιοῦτος
601 4975 953 5045 μετανοῆσαι,
977 4973 1078 5026 οὐκ
1116 4972 1289 5043 ἰσχύει
1332 4973 1494 5043 μόνος
1524 4973 1910 5043 περιγενέσθαι

323 5067 420 5121 τοῦ
454 5066 682 5130 πάθους,
718 5067 767 5119 εἰ
819 5065 896 5135 μὴ
949 5064 1046 5118 καὶ
1096 5063 1352 5134 βοήθειαν
1393 5067 1498 5135 σχῇ
1550 5066 1704 5136 παρά
1749 5082 1911 5119 τινων

324 5159 514 5227 ἁγίων,
550 5155 734 5220 καθὼς
764 5157 860 5210 καί
890 5158 939 5210 οἱ
974 5156 1216 5226 Πατέρες
1261 5151 1415 5210 εἷπον
1440 5170 1454 5185 ⁸
1505 5156 1595 5211 διὰ
1622 5157 1781 5210 τοῦτο
1822 5159 1911 5211 ἀεὶ

324 5252 473 5319 λέγω
496 5250 644 5319 ὑμῖν,
671 5246 1002 5311 σπουδάζετε
1035 5246 1198 5316 κόψαι
1227 5247 1296 5300 τά
1322 5247 1469 5317 πάθη
1504 5248 1635 5318 πρὶν
1655 5249 1910 5316 γενέσθαι

324 5348 384 5405 ἐν
408 5342 518 5409 ἕξει
553 5341 733 5395 αὐτῶν
754 5357 766 5370 ·
801 5341 947 5393 ἐστιν
974 5339 1133 5399 ἄλλος
1162 5341 1251 5394 ὅτε
1285 5339 1472 5393 ἀκούει
1505 5341 1656 5411 ῥῆμα
1690 5344 1788 5395 καὶ
1814 5360 1914 5397 τα-

327 5436 585 5507 μάσσεται
624 5433 720 5504 μὲν
750 5433 845 5487 καὶ
888 5431 1032 5501 λέγει
1077 5432 1171 5484 καὶ
1202 5432 1363 5496 αὐτὸς
1405 5434 1567 5487 πέντε
1596 5435 1840 5507 ῥήματα,
1873 5438 1906 5509 ἢ

324 5530 421 5582 καὶ
448 5527 579 5581 δέκα
607 5527 728 5581 ἀντὶ
774 5525 913 5590 ἐνὸς,
958 5525 1052 5578 καὶ
1077 5525 1322 5579 θλίϐεται
1350 5527 1433 5579 ὅτι
1458 5528 1558 5581 οὐκ
1593 5526 1748 5585 εἶπεν
1775 5530 1908 5585 ἄλλα

324 5620 638 5692 τρισχείρω,
693 5621 786 5674 καὶ
826 5619 1076 5673 λυπεῖται
1107 5621 1202 5674 καὶ
1245 5624 1595 5692 μνησικακεῖ.
1652 5626 1804 5678 ΙΙοιεῖ
1850 5624 1907 5680 δὲ

2023 3130 2130 3195 cit,
2164 3142 2511 3187 consummat
2543 3143 2598 3188 ct
2641 3134 2871 3205 perficit.
2905 3136 3009 3202 Qui
3038 3152 3170 3193 vero
3198 3155 3319 3194 eam
3350 3142 3499 3196 sistit
3521 3183 3534 3206 ,
3569 3144 3617 3201 is

2020 3222 2220 3291 estqui
2266 3239 2440 3291 neque
2466 3225 2655 3279 vitium
2692 3237 2971 3296 operatur,
3008 3244 3182 3300 neque
3210 3232 3613 3301 amputatillud

2023 3324 2049 3361 a
2083 3325 2162 3371 se,
2195 3311 2287 3365 sed
2314 3310 2731 3382 philosophatur
2752 3325 2805 3368 et
2833 3318 3235 3385 transgreditur
3262 3319 3441 3388 ipsum
3463 3361 3478 3384 ,
3512 3320 3616 3375 etsi

2022 3398 2075 3452 in
2108 3415 2166 3454 se
2194 3412 2479 3456 conservet
2502 3412 2556 3457 et
2582 3413 2781 3458 teneat.
2817 3403 2921 3471 Qui
2958 3415 3139 3462 autem
3171 3408 3415 3465 eradicat
3437 3412 3615 3466 vellit-

2022 3505 2128 3559 que
2157 3493 2500 3559 passionem,
2543 3494 2589 3548 is
2619 3503 2703 3549 est
2735 3494 2829 3564 qui
2864 3504 3037 3551 certat
3069 3497 3326 3564 viriliter,
3371 3507 3428 3554 et
3454 3501 3616 3570 quid-

2022 3583 2152 3652 quid
2181 3584 2314 3639 vitio
2345 3600 2447 3639 suo
2471 3587 2825 3658 passionique
2845 3589 3181 3645 contrarium
3214 3592 3618 3649 animadverte-

2023 3676 2121 3745 rit,
2159 3678 2211 3735 id
2244 3678 2372 3734 totis
2406 3679 2614 3736 viribus
2648 3681 2964 3753 aggreditur
2997 3690 3052 3737 et
3088 3692 3364 3752 operatur.
3401 3680 3619 3741 Habent

2022 3784 2203 3830 autem
2248 3773 2303 3828 hi
2346 3782 2456 3828 tres
2487 3781 2663 3829 status
2703 3789 2974 3829 summam
3005 3773 3370 3831 latitudinem.
3413 3774 3613 3843 Quam,

2022 3881 2141 3930 oro,
2174 3866 2227 3919 in
2255 3866 2411 3919 vobis
2446 3865 2761 3933 passionem
2801 3864 3087 3930 habuistis,
3121 3874 3287 3935 atque
3314 3866 3459 3922 illius
3494 3883 3616 3923 am-

2020 3955 2275 4027 putandae
2308 3955 2542 4011 studiosi
2578 3954 2801 4009 fuistis?
2837 3952 3013 4008 Vultis
3043 3954 3294 4010 dicamus
3322 3956 3389 4011 de
3415 3972 3612 4026 super-

2020 4050 2130 4110 bia,
2156 4047 2222 4101 de
2244 4045 2718 4110 fornicationeuau
2737 4045 2918 4115 potius
2934 4045 3001 4100 de
3022 4045 3170 4101 inani
3195 4045 3391 4117 gloria,
3418 4060 3449 4101 a
3475 4063 3611 4118 qua,

2020 4151 2078 4196 ut
2109 4141 2430 4210 plurimum,
2456 4152 2648 4193 omnes
2678 4126 3002 4208 superamur
3027 4138 3407 4194 etvincimur?
3426 4139 3614 4197 Inanis

2021 4233 2191 4305 gloria
2223 4239 2307 4286 est
2336 4245 2595 4301 quat‘non
2626 4229 2861 4285 sustinet
2890 4230 3080 4285 audire
3111 4230 3339 4286 verbum
3378 4232 3462 4287 vel
3500 4233 3609 4286 mi-

2021 4328 2229 4381 nimum
2260 4341 2291 4381 a
2325 4323 2493 4379 fratre
2522 4339 2646 4379 suo.
2668 4321 2783 4377 Hoc
2809 4330 2915 4389 est,
2942 4339 3067 4378 cum
3099 4323 3223 4395 quis
3249 4324 3413 4380 unico
3440 4326 3609 4380 verbo

2023 4421 2262 4492 quinque
2289 4419 2373 4473 vel
2400 4419 2586 4473 decem
2614 4418 2772 4487 plena
2804 4418 2953 4481 omni
2978 4417 3349 4482 tribulatione,
3378 4432 3608 4488 respon-

2022 4519 2133 4579 det,
2158 4514 2543 4583 contenditque
2575 4520 2629 4566 et
2659 4510 2850 4564 turbas
2876 4511 3027 4567 facit.
3060 4510 3310 4579 Cumque
3342 4510 3610 4580 quieverit

2023 4626 2051 4664 a
2082 4610 2453 4676 contentione,
2492 4624 2600 4664 non
2635 4616 2817 4665 cessat
2855 4616 3036 4662 tamen
3069 4605 3235 4661 etiam
3267 4606 3512 4676 cogitare
3538 4605 3609 4662 de

2022 4699 2113 4756 illo
2164 4701 2308 4772 quod
2350 4699 2652 4765 audiverit,
2697 4696 3059 4767 irasciturque
3107 4708 3331 4761 secum,
3372 4703 3429 4750 et
3460 4695 3610 4751 dolet

2021 4794 2165 4864 quod
2209 4809 2315 4847 non
2365 4792 2523 4863 plura
2565 4798 2620 4845 et
2656 4789 2865 4845 acriora
2904 4788 3073 4843 verba
3120 4787 3407 4854 retulerit;
3448 4796 3505 4843 et
3548 4802 3609 4844 se

2019 4888 2261 4956 disponit
2283 4897 2337 4942 et
2360 4892 2650 4954 praeparat,
2674 4883 2720 4939 si
2750 4883 2854 4937 alia
2884 4880 3092 4935 incidat
3112 4879 3353 4945 occasio,
3382 4879 3450 4935 ad
3478 4896 3607 4950 gra-

2019 4982 2172 5035 viora
2203 4980 2258 5032 in
2286 4994 2412 5032 eum
2439 4970 2777 5042 e'movenda,
2810 4989 2841 5028 a
2872 4988 2984 5044 quo
3014 4971 3240 5026 unicum
3275 4971 3504 5041 accepit.
3538 4971 3607 5027 Et

2019 5085 2234 5141 semper
2259 5071 2310 5123 in
2335 5084 2398 5124 ea
2421 5067 2748 5139 cogitatione
2768 5074 2881 5120 est:
2912 5082 2931 5115 ι
2955 5063 3071 5119 Hoc
3099 5072 3154 5118 et
3179 5061 3279 5115 hoc
3301 5060 3380 5115 illi
3400 5060 3600 5127 dicam,

2018 5182 2125 5222 non
2149 5164 2341 5220 evadet
2367 5163 2591 5232 impune
2617 5180 2632 5215 :
2672 5179 2691 5213 ι
2730 5159 2922 5229 sicque
2946 5156 3094 5211 velut
3118 5169 3308 5210 amens
3332 5163 3602 5225 perpetuo

2014 5259 2169 5318 furit.
2207 5258 2283 5312 En
2322 5255 2558 5327 primum
2596 5262 2800 5308 statum
2836 5253 2931 5322 qui
2970 5249 3098 5304 mali
3140 5247 3387 5302 habitum
3421 5247 3597 5317 gerit,

2015 5369 2046 5408 a
2081 5367 2192 5421 quo
2221 5351 2409 5405 liberet
2442 5363 2544 5403 nos
2584 5347 2731 5401 Deus
2755 5344 3119 5411 omnipotens.
3148 5340 3198 5396 ls
3233 5340 3378 5394 enim
3424 5347 3602 5395 status

2015 5445 2277 5516 gehennae
2319 5440 2602 5512 proximus
2638 5445 2750 5503 est,
2792 5436 2921 5507 quia
2954 5449 3117 5491 omne
3154 5442 3438 5504 peccatum
3469 5447 3598 5489 cum

2016 5536 2082 5590 ad
2119 5544 2300 5591 actum
2347 5532 2554 5589 venerit
2582 5575 2596 5595 ,
2647 5531 2949 5601 gehennam
2998 5535 3174 5598 parat.
3225 5523 3335 5580 Nec.
3372 5522 3497 5580 talis
3534 5537 3599 5578 e-

2018 5627 2144 5681 tiam
2179 5625 2255 5699 (Ι)
2281 5664 2298 5690 ,
2332 5626 2378 5680 si
2407 5622 2642 5679 voluerit
2672 5620 3046 5692 paenitentiam
3081 5631 3272 5690 agere,
3311 5616 3464 5674 talus
3495 5630 3599 5686 po-

395 5766 473 5836 (Ι)
504 5764 675 5822 Caute
698 5766 1005 5839 legemam
1037 5765 1296 5838 frequens
1331 5777 1415 5824 cst
1477 5771 1530 5828 in
1592 5770 1698 5827 ista
1746 5787 1850 5828 non
1917 5784 2055 5831 satis
2125 5778 2241 5828 tuta
2296 5769 2587 5836 sententia,
2634 5767 2856 5838 aliquos
2906 5773 3225 5837 peccatores
3268 5776 3383 5825 non
3428 5772 3596 5838 posse
