4062 6428
509 372 641 439 1731
1727 371 1788 431 5.
1822 372 2075 433 DOROT

2180 372 2217 434 LI
2255 374 2574 435 ABBATIS
2642 398 2653 407 λ
3609 377 3726 449 1Ἰ32

499 492 633 549 terit
666 489 977 561 passionem
1009 502 1306 559 superare,
1345 486 1439 543 sed
1468 490 1576 542 erit
1598 486 1650 542 ei
1680 502 1823 558 opus
1852 488 2077 558 alicujus

2190 489 2377 558 ὀλίγας
2406 488 2637 560 ἡμέρας,
2675 489 2768 542 καὶ
2803 486 3198 559 μεταϐάλλεται
3222 482 3421 554 ’ἄλλος
3452 494 3584 548 ποιεῖ
3604 498 3730 557 ἑϐδο.

501 582 680 639 sancti
732 581 836 635 viri
882 580 1147 637 auxilium
1194 579 1528 649 implorare,
1573 587 1633 633 ut
1661 577 1852 635 Patres
1893 594 2077 636 omne:

2193 581 2339 652 μάδα
2360 580 2419 633 ὲν
2446 577 2681 645 τούτοις,
2712 579 2806 632 καὶ
2833 577 3229 649 μεταϐάλλεται
3248 594 3264 610 ο
3292 578 3443 644 ἄλλος
3460 587 3596 639 ποιεῖ
3617 589 3731 658 μίαν

498 674 707 730 dixere.
747 673 927 740 Quare
965 672 1236 727 admoneo
1282 686 1379 726 vos
1426 685 1647 742 semper
1687 682 1745 726 et
1786 670 1973 727 hortor
2018 670 2077 725 ad

2186 671 2423 743 ἡμέραν,
2457 670 2556 725 καὶ
2584 669 2982 741 μεταϐάλλεται
3012 686 3028 702 ·
3057 669 3222 732 ,ἄλλος
3250 669 3473 741 ὑϐρίζει,
3505 677 3730 747 μάχεται,

498 766 743 822 studium
777 773 833 819 et
857 763 1192 834 diligentiam
1224 761 1575 818 abscindendi
1616 777 1649 818 a
1681 762 1840 819 vobis
1870 763 2077 834 passio-

2185 764 2563 834 ταράσσεται,
2624 762 2888 834 ταράσσει
2952 763 3047 816 καὶ
3098 762 3300 825 εὐθέως
3353 764 3727 834 μεταϐάλλεται.

500 871 620 919 nes,
645 855 964 925 priusquam
999 853 1055 907 in
1086 851 1335 906 habitum
1369 861 1666 915 transeant.
1701 853 1857 911 Alius
1882 850 2077 926 estqui

2194 852 2334 908 ἰδοὺ
2379 854 2544 910 πόσαι
2591 854 2844 924 διαφοραὶ
2892 854 3304 918 καταστάσεων,
3351 855 3442 909 καὶ
3473 850 3611 926 ὅμως
3644 861 3736 915 ὑπὸ

497 944 725 1000 verbum
751 941 972 1012 quidem
1005 955 1133 996 cum
1177 939 1448 995 audiverit
1467 980 1485 1006 ,
1525 940 1815 1008 irascitur,
1837 952 1899 1000 et
1930 942 2077 999 unicc

2187 941 2281 999 τὸν
2314 941 2449 1015 ᾅδην
2475 943 2614 997 είσὶν
2639 938 2787 997 οὑτοι
2820 942 3022 1007 πάντες
3059 943 3145 1012 ἐφ’
3176 944 3299 997 ὅσον
3326 944 3643 1016 ἐνεργοῦσιν.

496 1041 742 1112 quinque
776 1038 859 1095 vel
892 1039 1081 1093 decem
1117 1036 1448 1106 respondet,
1488 1037 1746 1108 doletque
1787 1038 1933 1109 quod
1973 1038 2078 1094 tria
2115 1037 2306 1108 pejora
2346 1037 2434 1093 vel
2467 1037 2683 1093 acriora
2723 1053 2833 1094 non
2902 1038 3192 1093 addiderit.
3231 1036 3363 1094 Post
3429 1041 3540 1097 dies
3577 1051 3735 1101 autem

495 1145 703 1207 paucos
728 1129 797 1186 ad
822 1145 881 1185 se
907 1127 1069 1185 redit.
1102 1127 1261 1182 Alius
1311 1136 1437 1199 post
1472 1143 1638 1183 unam
1660 1128 2082 1197 hebdomadam,
2122 1129 2269 1185 alius
2297 1137 2420 1198 post
2483 1144 2650 1184 unam
2707 1129 2850 1186 diem
2881 1130 3065 1185 statim
3094 1129 3386 1201 resipiscit.
3408 1131 3554 1188 Alius
3572 1135 3741 1189 convi-

496 1222 694 1289 ciatur,
727 1221 1027 1287 contendit,
1061 1219 1403 1275 turbationes
1431 1228 1633 1285 movet,
1666 1220 1761 1277 sed
1814 1220 1961 1276 illico
1989 1221 2360 1291 paenitentiam
2410 1222 2542 1293 agit.
2584 1219 2679 1278 Ha:
2751 1230 2882 1281 sunt
2947 1230 3192 1278 statuum
3254 1220 3599 1294 differentiae,
3635 1243 3740 1298 qua:

492 1325 682 1371 tamen
709 1328 903 1371 omnes
933 1311 1000 1368 ad
1032 1311 1137 1366 iter
1175 1312 1439 1380 gehennae
1466 1312 1714 1379 tendunt,
1770 1312 1818 1368 si
1843 1312 1910 1368 ad
1935 1320 2119 1369 actum
2161 1315 2502 1387 perveniant.

569 1403 660 1460 Vl.
700 1405 961 1460 Dicamus
983 1411 1038 1458 et
1070 1402 1137 1458 de
1170 1401 1258 1458 his
1283 1403 1379 1473 qui
1406 1402 1691 1474 passiones
1724 1403 1949 1459 sistunt.
1975 1404 2077 1458 Au-

2258 1408 2349 1475 (ς’.
2392 1405 2653 1476 Εῖπωμεν
2687 1405 2782 1458 καὶ
2828 1403 2956 1478 περὶ
2996 1404 3105 1459 τῶν
3155 1403 3426 1459 ἱστώντων
3458 1404 3518 1459 τὸ
3551 1406 3737 1472 πάθος·

495 1499 577 1554 dit
612 1497 738 1568 quis
768 1496 997 1552 verbum
1029 1504 1084 1551 et
1125 1496 1377 1551 turbatur
1424 1495 1479 1549 in
1533 1510 1594 1551 se
1633 1495 1788 1564 ipso,
1833 1495 2077 1565 doletque

2186 1498 2269 1552 ὅτι
2297 1497 2415 1550 ἔστι
2446 1514 2532 1561 τις
2560 1497 2650 1551 ὅτε
2688 1496 2880 1552 ἀκούει
2917 1500 3069 1570 ῥῆμα
3098 1498 3193 1552 καὶ
3225 1496 3467 1552 θλίϐεται
3510 1497 3604 1568 μὲν
3637 1501 3743 1553 καθ’

493 1592 708 1657 statim,
741 1605 852 1646 non
881 1590 1027 1661 quod
1057 1588 1259 1658 injuria
1285 1587 1516 1643 allectus
1546 1588 1636 1654 sit,
1666 1587 1762 1643 sed
1791 1587 1941 1657 quod
1964 1602 2077 1642 eam

2187 1589 2417 1644 ἑαυτόν·
2468 1588 2608 1660 πλὴν
2655 1588 2906 1642 λυπεῖται
2953 1589 3054 1660 οὐχ
3103 1589 3186 1642 ὅτι
3233 1588 3486 1659 ὑϐρίσθη,
3530 1588 3638 1642 ἀλλ’
3673 1591 3743 1645 ὅτι

495 1684 610 1755 pati
634 1698 745 1740 non
775 1682 1032 1754 quiverit.
1068 1682 1121 1738 ls
1148 1682 1201 1735 in
1234 1688 1379 1737 statu
1409 1680 1846 1736 concertantium
1868 1688 1954 1736 est
1973 1720 1989 1746 ,
2029 1679 2077 1737 iu

2183 1682 2283 1754 οὐχ
2305 1683 2612 1754 ὑπήνεγκεν
2633 1700 2648 1714 ο
2676 1676 2831 1747 οὗτος
2854 1683 2954 1753 τῆς
2979 1681 3369 1745 καταστάσεως
3390 1681 3498 1735 τῶν
3517 1682 3747 1750 ἀγωνιζο-

460 1785 700 1854 κειιιιιιιιι
738 1790 929 1832 eorum
972 1770 1067 1843 qui
1100 1772 1413 1844 passionem
1458 1772 1681 1828 sistunt.
1708 1771 1895 1828 Certat
1941 1772 2077 1829 alius

2194 1774 2372 1844 μένων
2403 1774 2522 1829 ἐστί
2554 1790 2568 1803 ο
2620 1773 2730 1828 τῶν
2758 1773 3031 1828 ἱστώντων
3074 1773 3137 1828 τὸ
3175 1772 3349 1837 πάθος
3378 1773 3541 1827 ἐστίν.
3571 1773 3745 1840 Ἀλλος

496 1867 817 1936 laboratque
841 1864 935 1919 diu
969 1880 983 1916 :
1010 1870 1064 1918 et
1086 1863 1301 1920 tandem
1330 1864 1383 1919 vi
1406 1864 1679 1934 passionis
1717 1871 2008 1934 superatur
2032 1868 2086 1919 et

495 1956 749 2013 vincitur.
783 1955 903 2011 Non
944 1958 1063 2011 vult
1121 1955 1265 2011 alius
1285 1954 1429 2011 male
1485 1955 1849 2027 respondere,
1906 1955 2001 2010 sed
2052 1968 2085 2010 a

494 2062 663 2121 prava
680 2047 1076 2105 consuetudine
1101 2047 1353 2102 trahitur.
1377 2046 1532 2101 Alius
1553 2054 1727 2101 certat
1752 2047 1972 2115 quidem
1997 2061 2084 2101 se.-

495 2155 624 2197 cum
652 2180 666 2204 ,
716 2154 786 2194 ne
812 2138 941 2209 quid
979 2138 1109 2193 mali
1133 2137 1359 2192 omnino
1387 2137 1681 2207 loquatur;
1710 2136 1859 2192 dolct
1898 2144 2083 2191 tamen

494 2240 718 2299 propter
750 2227 1008 2298 injuriam
1043 2236 1098 2282 et
1129 2226 1540 2290 contumeliam,
1575 2234 1629 2281 et
1665 2240 1791 2280 cum
1825 2240 1945 2281 sese
1974 2239 2080 2278 no-

495 2322 569 2376 rit
607 2320 676 2376 ob
707 2320 811 2375 hoc
846 2319 1025 2388 ipsum
1069 2319 1296 2385 dolere,
1333 2319 1445 2387 agit
1485 2316 1887 2388 poenitentiam.
1929 2316 2082 2372 Alius

491 2423 604 2464 non
630 2407 777 2463 dolet
808 2407 1025 2477 quidem
1068 2406 1213 2477 quod
1247 2406 1577 2461 contumelia
1604 2406 1831 2461 affectus
1866 2406 1956 2468 sit,
1989 2405 2080 2460 sed

492 2514 672 2571 neque
703 2500 866 2557 etiam
888 2499 1125 2569 gaudere
1152 2506 1353 2568 potest.
1387 2497 1455 2552 lli
1488 2514 1678 2553 omnes
1707 2499 1872 2554 variis
1904 2497 2081 2554 modis

489 2591 778 2662 passiones
813 2604 942 2646 suas
976 2589 1179 2646 sistunt
1201 2596 1255 2643 ct
1278 2587 1577 2657 cohibent;
1612 2588 1870 2643 diﬂ‘crunt
1895 2597 2076 2643 tamen

490 2685 657 2756 primi
683 2684 792 2739 duo
830 2698 863 2738 a
891 2682 1140 2755 reliquis.
1169 2681 1277 2747 Qui
1308 2682 1516 2737 scilicet
1545 2691 1836 2755 superatur
1872 2683 1926 2736 in
1959 2698 2079 2737 cer-

491 2775 720 2839 tamine,
752 2782 807 2828 et
841 2774 935 2845 qui
959 2771 1198 2828 trahitur
1232 2771 1426 2827 nolens
1459 2788 1489 2826 a
1515 2771 1908 2825 consuetuJiue
1931 2811 1947 2833 ,
1983 2786 2079 2826 co-

488 2865 815 2937 gnoscitque
845 2862 1009 2934 422
1045 2877 1105 2918 se
1134 2862 1337 2930 ipsum,
1375 2859 1521 2929 quod
1552 2860 1804 2929 injuriant
1840 2875 1947 2913 non
1989 2870 2079 2916 tu-

492 2957 619 3012 lerit
669 2971 794 3013 cum
847 2956 1148 3024 gratiarum
1192 2952 1429 3007 actione.
1509 2951 1721 3020 Reliqui
1781 2960 1960 3005 autem
2023 2951 2076 3005 in

492 3050 692 3103 timore
734 3054 864 3103 sunt
891 3055 944 3100 et
978 3043 1220 3116 periculo
1259 3044 1634 3114 operantium,
1661 3041 1863 3097 Dicunt
1893 3050 2075 3097 autent

2188 1865 2516 1936 ἀγωνίζεται
2563 1867 2656 1920 καὶ
2702 1867 2891 1938 κοπιᾷ,
2928 1865 3156 1935 ὕστερον
3194 1865 3250 1920 δὲ
3296 1866 3514 1920 νικᾶται
3560 1865 3620 1919 ἐκ
3667 1865 3747 1920 τοῦ

2188 1955 2475 2029 βαρεῖσθαι
2500 1956 2666 2011 αὐτὸν
2699 1957 2803 2010 ὑπὸ
2828 1955 2923 2010 τοῦ
2949 1956 3176 2020 πάθους.
3199 1956 3397 2020 Ἀλλος
3420 1956 3481 2009 οὐ
3503 1955 3639 2010 θέλει
3665 1958 3749 2027 μὲν

2186 2049 2553 2121 ἀποκριθῆναι
2575 2048 2782 2114 κακῶς,
2797 2049 2907 2103 άπὸ
2920 2050 3212 2120 συνηθείας
3237 2049 3295 2104 δὲ
3326 2047 3746 2120 συναρπάζεται·

2184 2139 2344 2204 ἄλλος
2387 2140 2714 2207 ἀγωνίζεται
2753 2141 2851 2211 μὲν
2883 2141 2958 2211 μὴ
3005 2139 3241 2210 λαλῆσαι
3286 2139 3429 2202 ὅλως
3465 2156 3522 2192 τι
3565 2140 3745 2192 κακόν·

2185 2235 2434 2290 λυπεῖται
2483 2235 2541 2289 δὲ
2573 2237 2656 2289 ὅτι
2690 2234 2924 2306 ὑϐρίσθη
2949 2249 2962 2265 ο
3012 2232 3150 2305 πλὴν
3195 2232 3334 2287 ἀλλὰ
3367 2229 3751 2301 καταγινώσκει

2185 2328 2386 2382 ἑαυτοῦ
2422 2329 2502 2382 ὅτι
2531 2327 2782 2381 λυπεῖται
2816 2328 2913 2381 καὶ
2947 2328 3200 2397 μετανοεῖ
3229 2326 3363 2394 περὶ
3397 2323 3586 2393 τούτου
3614 2341 3629 2356 ·
3670 2324 3751 2379 ἄλ·-

2183 2420 2274 2485 λος
2300 2421 2360 2473 ού
2390 2420 2639 2473 λυπεῖται
2689 2420 2787 2490 μὲν
2837 2419 2918 2472 ὅτι
2966 2417 3220 2490 ὑϐρίσθη,
3269 2417 3391 2471 ἀλλ’
3417 2416 3540 2471 οὐδὲ
3567 2415 3751 2487 χαίρει.

2197 2512 2326 2566 Ἰδοὺ
2377 2504 2528 2564 οὗτοι
2575 2511 2781 2574 πάντες
2831 2512 2881 2563 οί
2934 2509 3191 2573 ίστῶντες
3238 2508 3300 2561 τὸ
3367 2506 3545 2570 πάθος
3591 2506 3749 2560 εἰσίν·

2184 2601 2367 2673 ἔχουσι
2412 2601 2469 2655 δὲ
2495 2602 2553 2654 ἐν
2590 2603 2800 2665 ἑαυτοῖς
2829 2601 3095 2672 διαφορὰν
3125 2602 3175 2653 oi
3204 2599 3298 2654 δύο
3335 2600 3477 2670 πρὸς
3507 2600 3628 2663 τοὺς
3653 2598 3753 2653 λοι-

2184 2696 2340 2759 ποὺς,
2387 2697 2416 2748 ὁ
2465 2694 2776 2766 ἡττώμενος
2820 2696 2878 2746 ἐν
2922 2692 3000 2764 τῷ
3029 2692 3420 2762 ἀγωνίζεσθαι,
3469 2692 3562 2747 καὶ
3591 2692 3618 2745 ὁ
3645 2707 3757 2745 συν-

2183 2787 2563 2857 αρπαζόμενος
2611 2788 2718 2840 ἀπὸ
2772 2787 3082 2857 συνηθείας,
3139 2788 3234 2841 καὶ
3269 2786 3298 2838 ὁ
3337 2784 3755 2855 καταγινώσκων

2182 2880 2395 2943 ἑαυτοῦ,
2421 2881 2501 2934 ὅτι
2522 2882 2619 2951 οὐχ
2649 2881 2925 2950 ὑπῄνεγκε
2955 2878 3070 2949 μετ’
3093 2878 3453 2950 εὐχαριστίας
3475 2875 3570 2949 τὴν
3591 2876 3753 2947 ὓϐριν·

2181 2976 2228 3027 οἱ
2260 2973 2315 3026 δὲ
2347 2972 2521 3027 λοιποὶ
2550 2975 2608 3025 ἐν
2640 2971 2790 3041 φόϐῳ
2821 2972 2928 3024 εἰσὶ
2952 2970 3045 3024 τοῦ
3078 2968 3326 3023 κινδύνου
3356 2969 3467 3023 τῶν
3495 2967 3761 3041 ὲνεργούν⁴

2181 3082 2290 3119 των
2316 3081 2327 3093 ·
2363 3060 2518 3117 εἷπον
2551 3064 2607 3116 δὲ
2637 3064 2835 3127 αὐτοὺς
2864 3060 2973 3115 τῶν
3009 3060 3281 3114 ἱστώντων
3307 3061 3370 3114 τὸ
3397 3059 3569 3125 πάθος
3590 3053 3756 3128 εἷναις

430 3198 436 3206 ,
491 3141 595 3196 hos
637 3139 693 3194 ir.
736 3154 928 3193 eorum
976 3145 1120 3193 statu
1145 3151 1310 3200 esse,
1362 3135 1456 3205 qui
1504 3135 1816 3206 passionem
1860 3136 2077 3204 quidem

2181 3160 2246 3229 τῇ
2279 3156 2385 3230 γάρ
2419 3156 2658 3210 διαθέσει
2687 3157 2927 3225 ἔστησαν
2960 3154 3021 3207 τὸ
3052 3153 3245 3218 πάθος,
3282 3153 3381 3207 καὶ
3423 3153 3485 3207 οὐ
3528 3150 3760 3205 θέλουσιν

491 3246 660 3301 quam
696 3230 751 3285 in
792 3230 978 3287 habitu
1005 3229 1232 3292 habent,
1260 3229 1495 3294 sistunt,
1529 3228 1824 3297 noluntque
1844 3228 2078 3296 Operari,

492 3325 679 3379 dolent
705 3332 885 3379 tamen
935 3322 990 3377 in
1039 3322 1360 3379 certamine.
1409 3319 1479 3375 At
1508 3319 1697 3375 Patres
1729 3320 1899 3382 nostri
1931 3320 2081 3374 dixr-

492 3423 623 3470 runt
647 3415 967 3469 diuturnum
994 3428 1117 3469 esse
1142 3427 1250 3467 non
1286 3426 1449 3481 posse
1471 3411 1733 3481 quidquid
1772 3411 1953 3466 anima
1984 3426 2082 3466 no-

492 3505 678 3562 luerit.
706 3503 1058 3561 Contrectent
1081 3510 1261 3557 autem
1293 3517 1354 3557 se
1391 3503 1541 3570 ipsos
1567 3510 1621 3556 et
1648 3503 1928 3556 excutiant
1959 3501 2084 3555 dili-

491 3603 724 3669 genter;
760 3602 813 3649 et
845 3592 890 3648 si
919 3592 1230 3662 passionem
1266 3591 1438 3662 ipsam
1482 3591 1671 3647 ulcisci
1714 3591 2079 3662 nequiverint.

490 3706 691 3747 causas
741 3688 1014 3760 passionis
1062 3687 1421 3751 abscindant,
1465 3700 1533 3741 ne
1565 3686 1707 3741 trahi
1736 3687 1948 3756 possint
1981 3687 2082 3741 ali-

490 3782 716 3856 quando
762 3792 816 3837 et
865 3780 1134 3852 superari.
1173 3779 1394 3835 Certant
1425 3778 1514 3833 alii
1549 3779 1861 3848 passionem
1889 3780 2082 3836 sistere

490 3879 664 3935 altera
711 3876 965 3947 passione
996 3891 1011 3928 :
1055 3883 1220 3944 atque
1250 3871 1610 3929 taciturnitati
1643 3871 1827 3927 studet
1859 3872 1982 3943 quis
2013 3872 2081 3928 ob

491 3973 711 4029 inanem
736 3970 987 4041 gloriam,
1012 3968 1155 4023 alius
1185 3966 1255 4022 ob
1284 3965 1580 4021 humanam
1605 3965 2077 4035 complacentiam.

491 4065 560 4125 lli
617 4080 807 4121 omnes
858 4062 1003 4118 malo
1049 4060 1336 4117 medentur
1390 4059 1555 4114 malo.
1623 4057 1848 4115 Dicebat
1893 4068 2077 4115 autem

490 4159 663 4217 abbas
708 4156 904 4214 Pastor
946 4154 1093 4226 quod
1142 4153 1350 4209 malitia
1405 4167 1754 4223 nequaquam
1808 4152 2077 4208 malitiam

488 4252 725 4311 tolleret.
751 4250 892 4307 Sunt
922 4263 1053 4305 vero
1081 4247 1157 4315 hi,
1181 4247 1283 4304 etsi
1313 4260 1423 4303 non
1463 4245 1691 4307 credant
1720 4246 2042 4319 rideantque
2060 4286 2075 4312 ,

488 4344 634 4407 inter
664 4351 1003 4416 operatores.

561 4438 674 4494 VII.
728 4436 1023 4495 Dicendum
1062 4446 1118 4492 et
1146 4424 1214 4492 de
1241 4436 1327 4493 his
1355 4437 1451 4508 qui
1484 4436 1770 4507 passiones
1812 4434 2072 4490 evellunt.

490 4531 703 4588 Gaudet
736 4530 936 4601 aliquis
961 4546 1085 4586 cum
1119 4528 1360 4585 allicitur
1383 4527 1712 4586 contumelia
1733 4568 1750 4596 ,
1789 4543 1857 4583 eo
1890 4538 2072 4583 tamen

491 4625 676 4681 animo
706 4634 767 4680 ut
800 4623 1105 4680 mercedem
1150 4623 1396 4695 recipiat.
1443 4623 1493 4680 ls
1526 4623 1582 4678 in
1626 4638 1814 4679 corum
1851 4635 2078 4676 numero

488 4727 575 4776 est
602 4717 693 4787 qui
718 4717 1000 4777 eradicant
1024 4717 1245 4789 quidem
1276 4717 1581 4788 passiones,
1609 4731 1717 4772 non
1745 4724 1921 4772 tamen
1950 4729 2077 4770 cum

489 4814 738 4877 scientia.
767 4813 980 4875 Gaudet
1020 4814 1161 4872 alius
1190 4814 1422 4881 adfectus
1465 4811 1796 4869 contumelia
1820 4822 1929 4876 ,ει
1961 4826 2079 4866 cer-

490 4921 605 4971 tum
630 4907 814 4974 habet,
846 4907 1097 4969 allectum
1139 4922 1261 4964 sese
1298 4906 1630 4963 contumelia
1665 4906 1862 4962 merito
1888 4946 1904 4971 ,
1945 4904 2076 4975 quia

487 5016 715 5063 causam
757 5000 986 5060 dederit.
1046 4999 1149 5059 llic
1197 5014 1323 5056 cum
1374 4999 1604 5055 scientia
1649 5007 1704 5053 et
1745 4997 2076 5070 cogitatione

485 5092 803 5165 passionem
841 5092 1065 5155 educit:
1097 5089 1429 5149 contumelia
1461 5089 1607 5146 enim
1641 5088 1798 5155 allici,
1834 5097 1888 5143 et
1927 5089 1980 5144 in
2016 5102 2075 5143 se

488 5184 670 5256 ipsum
698 5200 921 5247 causam
947 5183 1282 5249 transferre,
1324 5192 1379 5238 et
1407 5190 1469 5238 ut
1502 5197 1534 5236 a
1564 5195 1624 5237 se
1653 5181 1919 5236 venientia
1950 5195 2073 5235 om-

486 5280 580 5339 nia
626 5282 945 5352 suscipere,
986 5280 1094 5341 hoc
1140 5278 1333 5349 utique
1377 5275 1621 5333 scientiae
1663 5286 1749 5331 est
1794 5275 2069 5330 maximae.

486 5372 810 5446 Quicunque
851 5381 1033 5430 autem
1079 5387 1111 5427 a
1162 5371 1397 5427 Domino
1440 5368 1617 5440 poscit
1666 5366 2066 5435 humilitatem,

486 5467 625 5525 sciat
648 5481 708 5524 se
736 5480 962 5537 poscere
984 5464 1222 5536 aliquem
1251 5462 1319 5518 ad
1347 5477 1406 5517 se
1427 5460 1712 5525 destinari,
1736 5475 1767 5514 a
1792 5474 1902 5529 quo
1935 5473 2067 5514 con-

486 5559 724 5617 tumeliis
767 5565 823 5619 et
862 5556 1081 5628 injuriis
1117 5554 1416 5622 afﬁciatur;
1466 5567 1701 5622 cumque
1733 5565 1827 5605 eas
1863 5550 2066 5620 pariter

2182 3251 2498 3321 ἐνεργῆσαι,
2529 3248 2666 3302 ἀλλὰ
2699 3247 2794 3300 καὶ
2821 3238 3133 3299 λυποῦνται
3164 3243 3556 3313 ἁγωνίζοντες.
3606 3241 3761 3297 Εἶπον

2182 3343 2239 3396 δὲ
2272 3345 2321 3395 οἱ
2353 3342 2586 3413 Πάτιρες,
2618 3342 2699 3394 ὅτι
2736 3342 2844 3394 πᾶν
2891 3339 3124 3410 πρᾶγμα
3156 3335 3183 3390 ὂ
3218 3337 3293 3407 μὴ
3340 3336 3489 3391 θέλει
3534 3338 3568 3406 ὴ
3603 3333 3760 3407 ψυχὴ,

2182 3435 2546 3505 ὀλιγοχρόνιον
2595 3435 2760 3486 ἐστιν.
2803 3431 3101 3499 Ὀφεᾶούσι
3131 3429 3189 3483 δὲ
3216 3427 3484 3502 ψηλαφᾷν
3526 3429 3743 3491 ἑαυτοὺς

2186 3529 2263 3597 μή
2289 3543 2404 3590 πως
2438 3526 2543 3579 κᾶν
2591 3523 2663 3596 μὴ
2696 3524 2825 3577 αὐτὸ
2859 3523 2918 3576 τὸ
2954 3522 3146 3588 πάθος,
3193 3522 3331 3577 ἀλλά
3355 3540 3410 3575 τι
3443 3520 3554 3575 τῶν
3583 3520 3763 3576 αἰτίων

2181 3618 2276 3672 τοῦ
2306 3616 2513 3679 πάθους
2545 3614 2914 3678 ἐπεκδικοῦσι,
2965 3614 3057 3670 καὶ
3088 3614 3174 3671 διὰ
3222 3613 3387 3670 τοῦτο
3433 3613 3703 3686 ἡττῶνται
3731 3610 3762 3682 ἢ

2185 3710 2643 3781 συναρπάζονται.
2694 3709 2814 3761 Εἰσὶ
2845 3708 2901 3761 δέ
2929 3725 3094 3772 τινες,
3133 3710 3322 3779 φησὶν,
3374 3708 3765 3777 ἀγωνιζόμενοι

2184 3803 2377 3874 στῆσαι
2411 3801 2471 3855 τὸ
2498 3800 2690 3866 πάθος,
2717 3799 2853 3854 ἀλλὰ
2878 3800 3019 3854 κατὰ
3054 3801 3246 3863 πάθος.
3286 3799 3344 3854 '0
3381 3800 3485 3871 μὲν
3510 3799 3621 3871 γάρ
3645 3815 3766 3851 σιω-

2182 3895 2262 3965 πᾷ
2284 3894 2374 3949 διὰ
2405 3893 2713 3959 κενοδοξίαν
2737 3909 2751 3923 ο
2790 3893 2924 3960 δ’δὲ,
2952 3893 3022 3947 δι’
3051 3892 3610 3963 ἀνθριυπαρέσκειαν,
3643 3892 3676 3963 ἢ
3702 3889 3764 3945 δι’

2180 3987 2309 4043 ἄλλο
2338 3981 2450 4041 οἷον
2473 3987 2674 4054 δήποτε
2725 3986 2917 4050 πάθος.
2970 3981 3129 4041 υῦτοι
3159 3985 3316 4057 κακῷ
3354 3987 3418 4041 τὸ
3445 3987 3620 4041 κακὸν
3655 3985 3770 4038 ἰῶν-

2179 4097 2289 4136 ται.
2321 4074 2461 4133 Εἷπε
2487 4078 2543 4131 δὲ
2572 4080 2600 4132 ὁ
2628 4078 2804 4141 άϐϐἅς
2835 4078 3067 4148 Ποιμήν,
3113 4077 3197 4131 ὅτι
3236 4078 3481 4150 πονηρία
3521 4074 3767 4147 οὐδαμῶς

2181 4172 2446 4241 πονηρίαν
2471 4172 2704 4241 ἀναιρεῖ.
2754 4161 2916 4224 Οὗτοι
2943 4171 3085 4241 μετὰ
3117 4171 3227 4225 τῶν
3265 4170 3647 4243 ἐνεργούντων
3667 4167 3770 4223 εἰσὶ

2180 4262 2286 4318 κᾶν
2315 4261 2710 4334 χλευάζωνται.

2252 4449 2328 4501 Z'.
2368 4445 2608 4516 Θέλομεν
2630 4442 2822 4498 λοιπὸν
2857 4444 3052 4507 εἰπεῖν,
3080 4440 3175 4496 καὶ
3203 4443 3331 4512 περὶ
3356 4442 3472 4499 τῶν
3499 4441 3770 4515 ἐκριζούν-

2176 4557 2284 4593 των
2306 4540 2366 4592 τὸ
2391 4538 2584 4601 πάθος.
2617 4537 2774 4590 Ἐστι
2798 4554 2878 4598 τις
2903 4535 2991 4589 ὅτε
3018 4534 3199 4606 χαίρει
3228 4535 3327 4606 μὲν
3348 4535 3493 4590 ἐπὰν
3517 4534 3766 4608 ὑϐρισθῇ,

2176 4631 2315 4687 ἀλλὰ
2343 4630 2432 4685 διὰ
2480 4630 2542 4684 τὸ
2588 4631 2733 4701 ἔχειν
2785 4628 2996 4700 μισθόν.
3051 4621 3221 4691 Οὗτος
3253 4626 3362 4686 τῶν
3400 4627 3768 4699 ἐκριζούντων

2174 4724 2238 4779 τὸ
2263 4723 2434 4788 πάθος
2468 4725 2640 4788 ἐστὶν,
2692 4722 2807 4776 ἀλλ’
2852 4722 2913 4776 ού
2968 4720 3108 4791 μετὰ
3152 4718 3437 4789 γνώσεως.
3489 4721 3687 4784 ’Δλλος
3716 4720 3770 4773 δὲ

2176 4817 2361 4889 χαίρει
2396 4815 2772 4889 ὑϐριζόμενος,
2807 4814 2901 4869 καὶ
2925 4814 3039 4886 ἔχει
3066 4816 3149 4871 ὅτι
3183 4816 3458 4885 χρεωστεῖ
3498 4812 3766 4885 ὑϐρισθῆ-

2177 4927 2287 4972 ναι,
2316 4909 2392 4972 ώς
2417 4910 2499 4963 ὅτι
2527 4908 2691 4971 αὐτὸς
2715 4908 2882 4961 ἔδωκε
2911 4907 3011 4978 τὴν
3037 4909 3239 4963 αἰτίαν.
3274 4903 3445 4973 Οὗτος
3473 4908 3620 4979 μετὰ
3644 4907 3771 4975 γνὼ-

2179 5017 2318 5064 σεως
2348 4999 2560 5068 ὲκριζοῖ
2586 4998 2647 5052 τὸ
2679 4999 2849 5063 πάθος
2874 5017 2888 5031 ο
2915 4999 2977 5053 τὸ
3004 4999 3114 5071 γὰρ
3149 4999 3477 5073 ὑϐρισθῆναι
3510 5018 3657 5064 τινα,
3680 4999 3769 5051 καὶ

2178 5094 2363 5165 φέρειν
2391 5093 2513 5147 καθ’
2539 5092 2734 5148 ἑαυτοῦ
2760 5091 2857 5162 τὴν
2882 5093 3083 5157 αἰτίαν,
3107 5094 3205 5164 καὶ
3235 5093 3517 5164 δέχεσθαι,
3553 5095 3632 5159 ὡς
3666 5094 3771 5147 ἴδια

2174 5183 2243 5239 τὰ
2274 5185 2620 5256 ἐπερχόμενα
2648 5184 2820 5254 αὐτῷ,
2857 5184 3110 5253 γνώσεώς
3149 5189 3320 5242 ἐστιν.
3354 5187 3640 5250 Ἕκαστος
3665 5185 3771 5258 γάρ

2174 5274 2465 5345 εὐχόμενος
2490 5276 2567 5342 τῷ
2597 5274 2739 5343 Θεῷ,
2779 5274 2975 5346 Κύριε,
3007 5274 3093 5340 δός
3122 5293 3213 5346 μοι
3242 5276 3773 5345 ταπείνωσινβφεί-

2172 5369 2254 5424 λει
2289 5367 2490 5422 εἰδέναι
2531 5369 2613 5422 ὅτι
2638 5367 2798 5421 τοῦτό
2828 5369 2976 5421 ἐστιν
3006 5368 3033 5421 ὃ
3066 5369 3228 5433 αίτεῖ,
3267 5368 3355 5421 ἵνα
3387 5368 3590 5441 πέμψῃ
3623 5366 3771 5438 αὐτῷ

2169 5477 2293 5514 τινα
2322 5459 2543 5530 ὑϐρίσαι
2573 5459 2719 5532 αύτῷ
2740 5476 2754 5488 ο
2797 5461 2924 5513 ὅταν
2955 5458 3230 5531 ὑϐρίζεται
3262 5461 3366 5515 ὑπό
3393 5478 3570 5526 τινος,
3617 5461 3772 5532 ὀφεί-

2170 5552 2253 5606 λει
2277 5553 2371 5606 καὶ
2399 5552 2561 5616 αὐτὸς
2588 5551 2778 5606 ἑαυτὸν
2806 5552 3069 5625 ὑϐρίζειν,
3093 5553 3190 5606 καὶ
3219 5553 3519 5625 ὲξουδενεῖν
3550 5554 3631 5625 τῷ
3655 5553 3771 5624 ἰδίῳ

484 5734 866 5811 paenitentiam
896 5736 1076 5811 agere,
1112 5731 1219 5789 nisi
1251 5745 1362 5788 eos
1393 5728 1631 5799 alicujus
1659 5728 1834 5785 sancti
1882 5729 2061 5783 oratio
2100 5728 2343 5801 adjuvet.
2376 5730 2468 5786 Sic
2530 5731 2675 5785 enim
2731 5728 2915 5786 dicere
2942 5729 3226 5787 videturin
3248 5728 3501 5801 proxime
3523 5744 3768 5801 sequen-

483 5805 655 5876 tibus,
686 5815 741 5861 et
780 5805 936 5862 alibi.

1112 5927 1268 5944 Μὶαώι
