4062 6410
277 371 409 436 I733

1649 362 2031 425 DOCTRl’NA
2084 363 2183 423 ΧΙ.

3413 366 3557 434 1734

274 479 536 555 λογισμῷ,
561 480 651 535 ἴνα
681 482 888 544 ἐκεῖνος
924 497 1024 551 μεν
1054 478 1307 534 ταπεινοῖ
1330 477 1495 533 αὐτὸν
1524 474 1749 540 ἔξωθεν,
1771 472 1862 528 καὶ

1973 473 2113 527 ierat
2148 487 2307 545 aequo
2351 476 2535 530 animo
2575 481 2997 547 eontemnatque
3029 491 3089 532 se
3133 478 3311 548 ipsum
3343 480 3399 540 in
3426 498 3556 556 (cr--

273 573 435 639 αὐτὸς
481 572 677 627 ἑαυτὸν
715 569 939 628 ἔσωθεν.
975 573 1164 626 Ἔστιν
1206 571 1366 635 ἄλλος
1414 570 1504 624 ὅτε
1551 568 1614 621 οὐ
1675 566 1856 639 χαίρει

277 667 434 739 μόνον
467 664 844 736 ὑϐριζόμενος,
876 665 976 718 καὶ
1021 663 1214 719 ἑαυτὸν
1250 664 1492 718 αἰτιᾶται
1518 678 1531 690 ·
1592 660 1729 716 ἀλλὰ
1762 659 1859 714 καὶ

274 762 523 815 λυπεῖται
562 759 652 813 διὰ
679 759 780 832 τὴν
807 759 1054 832 ταραχὴν
1081 758 1174 813 τοῦ
1207 758 1530 830 ὑϐρίσαντος
1570 755 1733 810 αὐτόν
1761 772 1774 784 ⁸
1830 756 1859 810 ὁ

208 853 221 856 ’
271 854 404 918 Θεὸς
454 853 670 923 ἐνέγκοι
722 854 871 925 ἡμᾶς
915 854 996 917 εἰς
1047 853 1148 924 τὴν
1197 851 1456 924 τοιαύτην
1501 850 1854 905 κατάστασιν.

273 944 512 997 Βλέπετε
546 943 713 998 πόσον
751 945 869 997 ἐστὶ
902 943 1103 1007 πλάτος
1135 945 1215 1007 εἰς
1259 942 1360 1006 τὰς
1399 944 1548 1014 τρεῖς
1576 941 1857 997 καταστά-

274 1052 408 1099 σεις.
437 1032 708 1098 Ἕκαστος
733 1030 827 1089 οὗν
857 1034 1037 1106 ἡμῶν,
1068 1034 1145 1098 ὡς
1172 1029 1345 1096 εἷπον,
1373 1032 1521 1106 μάθῃ
1552 1033 1710 1097 ποίας
1742 1032 1861 1087 ἐστὶ

272 1126 662 1190 καταστάσεως
688 1141 701 1157 ο
755 1126 851 1180 ἐὰν
885 1125 1054 1181 θέλων
1096 1125 1281 1197 ἀκμὴν
1318 1125 1536 1198 ἐνεργεῖ
1564 1124 1626 1179 τὸ
1663 1124 1858 1192 πάθος,

270 1220 363 1273 καὶ
384 1219 679 1287 ἐπεκδικεῖ,
703 1218 738 1290 ἢ
770 1218 939 1275 θέλων
970 1221 1068 1291 μὲν
1094 1221 1156 1274 οὐ
1180 1220 1325 1273 ποιεῖ
1348 1234 1363 1249 ο
1393 1217 1693 1290 νικώμενος
1722 1218 1799 1284 δὲ,
1824 1218 1859 1291 ἢ

198 1307 215 1327 “
271 1312 380 1368 ἀπὸ
432 1310 721 1382 συνηθείας
767 1312 1248 1385 συναρπαζόμενος
1307 1312 1525 1385 ἐνεργεῖ
1561 1312 1714 1378 αὐτὸ,
1766 1312 1861 1366 καὶ

273 1404 416 1474 μετὰ
447 1404 508 1456 τὸ
537 1403 856 1476 ἐνεργῆσαι,
897 1404 1139 1459 θλίϐεται
1173 1405 1266 1459 καὶ
1302 1406 1557 1476 μετανοεῖ
1586 1406 1668 1460 ὃτι
1699 1405 1862 1478 ἐνήρ-

269 1513 462 1568 γησεν,
505 1497 540 1567 ἢ
593 1496 921 1566 ἀγωνίζεται
950 1498 1146 1566 στῆσαι
1178 1498 1241 1551 τὸ
1273 1498 1441 1564 πάθος
1485 1500 1544 1552 ἐν
1578 1497 1795 1568 γνώσει,
1824 1498 1858 1571 ἢ

270 1590 412 1644 κατὰ
444 1589 574 1643 ἄλλο
604 1590 777 1654 πάθος
803 1590 1151 1660 ἀγωνίζεται,
1180 1591 1371 1663 ὥσπερ
1396 1591 1645 1662 εἴπομεν.
1672 1591 1860 1644 Ἔστιν

269 1685 359 1737 ὅτε
400 1685 580 1755 σιωπᾷ
612 1701 695 1748 τις
737 1684 770 1755 ἢ
808 1683 946 1737 κατὰ
986 1684 1374 1755 κενοδοξίαν,ῆ
1418 1683 1562 1739 κατὰ
1606 1684 1864 1756 ἀνθρωπ-

270 1774 588 1848 αρέσκειαν,
620 1775 654 1848 ἢ
709 1775 897 1840 ἁπλῶς
947 1777 1120 1830 εἰπεῖν
1155 1776 1300 1830 κατά
1328 1794 1445 1830 τινα
1475 1775 1735 1847 λογισμὸν
1764 1777 1861 1830 άν-

268 1867 565 1940 θρὼπινον,
595 1857 690 1922 καὶ
718 1868 922 1941 ἤρξατο
951 1866 1203 1936 ἐκριζοῦν
1234 1858 1294 1922 τὸ
1321 1868 1512 1932 πάθος.
1547 1870 1659 1923 Καὶ
1681 1870 1729 1922 εί
1762 1868 1860 1940 μὲν

270 1962 411 2032 μετὰ
451 1960 709 2030 γνώσεως
748 1961 992 2033 ἐκριζοῖ,
1045 1961 1142 2014 καὶ
1196 1964 1342 2015 ποιεῖ
1377 1960 1447 2015 τὰ
1500 1959 1720 2015 ἐναντία
1767 1957 1861 2012 τοῦ

268 2052 477 2116 πάθους
502 2070 517 2085 ο
563 2053 796 2117 ἕκαστος
836 2053 987 2126 μάθῃ
1027 2052 1129 2105 ποῦ
1170 2054 1318 2107 ἐστιν
1343 2070 1357 2085 ·
1390 2055 1438 2106 εί
1459 2054 1473 2072 ⁶
1505 2053 1657 2104 ποῖον
1686 2049 1862 2124 μίλιόν

269 2149 420 2200 ἐστιν
443 2163 457 2177 ·
489 2147 549 2199 οὑ
585 2146 747 2217 μόνον
770 2147 880 2218 γὰρ
909 2145 1199 2217 ὀφείλομεν
1229 2145 1349 2199 καθ’
1380 2144 1597 2217 ἡμέραν
1632 2144 1862 2215 ἐρευνᾷν

268 2239 520 2302 ἑαυτοὺς,
555 2237 692 2291 ἀλλὰ
727 2238 825 2291 καὶ
870 2238 1013 2292 κατὰ
1047 2238 1237 2310 καιρὸν
1262 2237 1358 2290 καὶ
1388 2235 1530 2291 κατὰ
1561 2235 1732 2307 μῆνα,
1766 2235 1863 2290 καὶ

265 2328 396 2382 καθ’
435 2327 727 2398 ἑϐδομάδα,
777 2327 871 2381 καὶ
922 2327 1103 2395 λέγειν
1152 2328 1251 2399 τὴν
1301 2325 1526 2399 πρώτην
1565 2326 1859 2396 ἑϐδομάδα,

261 2418 494 2473 τοιῶσδε
523 2418 841 2490 ὲϐαρούμην
861 2420 941 2483 είς
972 2418 1092 2473 τόδε
1122 2418 1183 2472 τὸ
1218 2420 1387 2482 πάθος
1412 2434 1425 2446 ·
1456 2419 1563 2488 ἄρα
1592 2418 1717 2490 ἄρτι
1746 2418 1865 2482 πῶς

260 2513 425 2583 εἰμες
488 2510 722 2581 Ὁμοίως
754 2510 849 2563 καὶ
890 2509 1032 2565 κατὰ
1068 2508 1258 2581 καιρὸν
1299 2508 1499 2576 λέγειν,
1545 2509 1629 2561 ὅτι
1663 2508 1863 2578 πέρυσι

258 2603 495 2658 τοιῶσδε
530 2604 810 2673 ἐνικώμην
839 2602 946 2655 ὑπὸ
976 2603 1133 2656 τοῦδε
1177 2601 1271 2655 τοῦ
1308 2600 1544 2664 πάθουςο
1595 2601 1722 2672 ἄρτι
1746 2599 1865 2663 πῶς

258 2696 416 2767 Exeo;
467 2694 579 2748 Καὶ
621 2693 797 2758 οὕτως
830 2694 954 2747 καθ’
986 2693 1228 2763 ἑκάστην
1276 2690 1576 2762 γυμνάζειν
1609 2691 1862 2756 ἑαυτοὺς,

257 2793 306 2845 εί
337 2788 740 2861 προεκὸψαμεν
785 2787 1065 2860 μικρὸν,ἣ
1108 2789 1167 2840 ἐν
1213 2788 1325 2849 τοῖς
1372 2786 1559 2847 αὐτοῖς
1605 2781 1862 2855 ἐσμεν,ἢ

256 2885 337 2947 είς
386 2882 447 2933 τὸ
477 2883 662 2951 χεῖρον
706 2878 1029 2949 ἐγενόμεθα.
1080 2878 1139 2931 '0
1170 2876 1304 2940 Θεὸς
1341 2874 1504 2929 δώσει
1535 2876 1669 2947 ἡμῖν
1701 2874 1869 2927 δύνα-’

260 2994 387 3045 μιν,
423 2976 513 3028 ἵνα
540 2973 683 3036 τέως
713 2972 817 3025 κᾶν
855 2970 930 3042 μὴ
961 2969 1270 3042 ἐκριζῶμεν
1297 2968 1358 3023 τὸ
1385 2968 1580 3035 πάθος,
1617 2966 1735 3020 ἀλλ’
1770 2960 1864 3018 οὖν

260 3066 335 3139 μὴ
386 3065 722 3137 ὲνεργῶμεν,
753 3065 870 3119 ἀλλ’
897 3062 1131 3135 ἱστῶμεν
1158 3061 1310 3116 αὐτό.
1350 3063 1559 3124 Ὄντως
1584 3059 1695 3132 γὰρ
1724 3057 1862 3130 βαρὺ

258 3159 508 3230 πρᾶγμα
539 3157 599 3210 τὸ
632 3159 897 3226 ἐνεργεῖν,
950 3155 1044 3209 καὶ
1096 3154 1171 3226 μὴ
1225 3155 1380 3227 ἱστᾷν
1423 3152 1484 3206 τὸ
1518 3151 1709 3214 πάθος.
1750 3151 1863 3225 Καὶ

257 3250 414 3318 λέγω
457 3251 584 3320 ὑμῖν
629 3248 937 3320 ὑπόδειγμα
986 3247 1039 3301 τί
1080 3248 1109 3301 ὁ
1149 3244 1392 3318 ἐνεργῶν
1437 3245 1501 3299 τὸ
1544 3244 1719 3306 πάθος
1767 3242 1862 3296 καὶ

260 3341 578 3397 ἐπεκδικῶν
604 3340 739 3394 αὐτό
766 3358 780 3373 ο
835 3340 1023 3411 ὅμοιός
1075 3341 1224 3393 ἐστιν
1257 3337 1534 3411 ἀνθρώπῳ
1561 3352 1861 3392 κατατετο-

262 3438 359 3502 ξευ
371 3434 522 3506 μένῳ
569 3434 676 3488 ὑπὸ
718 3432 814 3487 τοῦ
862 3432 1060 3505 ἐχθροῦ
1090 3430 1280 3497 αὑτοῦ,
1314 3433 1410 3486 καὶ
1436 3430 1713 3502 δεχομένῳ
1740 3431 1862 3495 ταῖς

262 3527 459 3601 χερσὶν
508 3525 675 3581 αὐτοῦ
711 3526 781 3580 τά
811 3525 961 3597 βέλη,
1007 3526 1102 3579 καὶ
1147 3523 1446 3595 πηγνύοντι
1480 3522 1621 3576 αὐτὰ
1652 3524 1732 3586 είς
1762 3520 1863 3593 τὴν

265 3619 502 3691 καρδίαν
549 3616 769 3674 ἑαυτοῦ,
820 3618 878 3672 Ὀ
908 3617 966 3672 δὲ
1008 3617 1171 3672 ἱστῶν
1208 3616 1269 3670 τὸ
1305 3615 1498 3680 πάθος,
1528 3615 1714 3685 ὅμοιός
1743 3615 1863 3667 ἐστι

266 3713 350 3785 τῷ
395 3711 910 3783 κατατετοξευμένῳ
957 3710 1063 3764 ὑπὸ
1090 3709 1183 3765 τοῦ
1232 3708 1430 3780 ἐχθροῦ
1465 3706 1654 3776 αὐτοῦ,
1701 3724 1865 3778 περι-

268 3807 439 3877 ϐεϐλη
449 3809 594 3877 μένῳ
613 3805 670 3857 δέ
692 3804 940 3874 θώρακα,
971 3806 1066 3857 καὶ
1086 3804 1186 3857 οὐκ
1212 3804 1577 3874 είσδεχομένῳ
1601 3803 1662 3857 τὸ
1687 3800 1861 3871 βέλοςο

266 3902 296 3954 ὁ
321 3897 380 3952 δέ
410 3895 646 3967 ἐκριζῶν
666 3894 728 3947 τὸ
761 3895 952 3958 πάθος,
977 3895 1160 3966 ὅμοιός
1194 3896 1310 3948 ἐστι
1343 3892 1864 3962 κατατετοξευμένῳ

267 3988 369 4043 καὶ
401 3986 676 4058 δεχομένῳ
703 3987 770 4040 τά
803 3985 934 4057 βέλη
963 3985 1058 4039 καὶ
1090 3983 1432 4054 συντρίϐοντι
1470 3981 1632 4050 αὐτά,
1667 3981 1701 4053 ἢ
1728 3984 1865 4035 ἀπο-

271 4079 565 4152 στρέφοντι
594 4080 733 4133 αὐτὰ
761 4082 841 4143 είς
870 4079 970 4150 τὴν
998 4076 1226 4152 καρδίαν
1250 4076 1345 4131 τοῦ
1373 4074 1590 4149 ἐχθροῦ,
1615 4076 1690 4140 ώς
1714 4075 1863 4144 λέγει

266 4176 329 4228 ἐν
358 4171 436 4242 τῷ
463 4170 695 4242 ψαλμῷ·
741 4171 805 4227 Ἠ
822 4169 1092 4239 ῥομφαία
1121 4166 1321 4223 αὐτῶν
1349 4167 1614 4222 εὶσέλθοι
1640 4168 1729 4233 εἰς
1757 4165 1865 4234 τὰς

266 4263 522 4335 καρδίας
547 4262 797 4330 ἑαυτῶν,
842 4262 942 4316 καί
975 4262 1049 4316 τὰ
1079 4260 1227 4326 τόξα
1271 4259 1469 4315 αὐτῶν
1495 4260 1861 4329 συντριϐείη.

266 4355 677 4427 Σπουδάσωμεν
706 4350 798 4409 οὖν
844 4353 944 4408 καὶ
978 4355 1162 4425 ἡμεῖς,
1204 4352 1453 4424 ἀδελφοὶ,
1481 4352 1586 4406 κᾶν
1616 4354 1677 4407 οὐ
1705 4351 1866 4408 δυνά-

273 4450 421 4525 μεθα
449 4450 585 4514 τέως
623 4447 965 4520 ἀποστρέψαι
995 4447 1093 4519 τὴν
1135 4447 1409 4519 ῥομφαίαν
1436 4446 1616 4508 αὐτῶν
1648 4448 1728 4511 είς
1765 4447 1865 4510 τὰς

1962 564 2068 631 de,
2121 574 2181 618 ut
2224 574 2277 622 et
2312 563 2450 620 foris
2484 574 2539 619 et
2582 566 2731 627 intus
2782 567 2987 635 pariter
3032 568 3372 631 huntilietur.
3402 573 3560 632 Aliul

1964 670 2075 712 non
2128 657 2305 712 solum
2351 657 2552 728 gaudet
2595 657 2825 715 allectus
2868 663 3238 728 contumelia,
3286 672 3342 721 et
3386 665 3446 727 in
3497 682 3562 726 se

1963 747 2144 819 ipsum
2177 764 2402 805 causam
2436 749 2726 820 transfert,
2758 753 2851 808 sed
2886 754 3052 809 etiam
3086 755 3235 812 dolet
3264 759 3411 839 quod
3438 768 3560 819 tur-

1965 845 2129 904 batus
2161 847 2233 903 sit
2262 848 2356 918 qui
2397 848 2654 918 injuriam
2698 850 2898 913 intulit.
2934 852 3177 920 Utinam,
3206 852 3430 933 fratres,
3456 873 3562 923 nos

1965 935 2109 995 Deus
2154 941 2207 995 in
2262 940 2408 995 hunc
2454 950 2655 997 statum
2703 944 2961 1005 adducat.
3020 945 3207 1009 Videte
3245 958 3450 1027 quanta
3485 950 3563 1013 sit

1967 1029 2131 1086 trium
2174 1029 2371 1086 horum
2409 1041 2650 1088 statuunt
2682 1035 2931 1095 latitudo.
2969 1036 3154 1103 Discat
3194 1040 3360 1113 igitur
3386 1057 3564 1106 ιιιιιιεν

1967 1126 2200 1198 quisque
2234 1128 2392 1196 cujus
2426 1129 2496 1184 sit
2541 1129 2658 1202 ipse
2702 1139 2919 1207 status;
2955 1135 3042 1193 vel
3071 1151 3263 1197 eorum
3295 1137 3391 1210 qui
3425 1154 3562 1211 open

1967 1230 2178 1288 rantur,
2204 1232 2257 1277 et
2283 1222 2621 1281 ulciscuntur
2650 1226 2974 1295 passiones;
3006 1230 3089 1287 vel
3115 1247 3309 1292 eorum
3333 1235 3428 1306 qui
3460 1250 3563 1293 non

1966 1312 2142 1368 lentes
2172 1312 2392 1383 quidem
2427 1323 2484 1369 et
2515 1314 2669 1377 inviti
2706 1328 3039 1388 superantur
3068 1336 3099 1376 a
3137 1324 3561 1394 consuetudine,

1966 1416 2021 1462 et
2060 1407 2125 1463 ad
2172 1422 2313 1479 opus
2344 1408 2677 1475 trahuntur,
2735 1421 2860 1483 post
2893 1428 3033 1484 opus
3065 1424 3247 1471 autem
3281 1430 3562 1490 mcerent.

1966 1501 2303 1572 amiguutur,
2329 1510 2385 1556 et
2411 1502 2617 1570 dolent,
2651 1513 2929 1576 aguntque
2950 1508 3347 1577 paenitentiam.
3378 1513 3567 1575 Discat

1968 1594 2014 1649 si
2047 1592 2102 1647 in
2133 1608 2323 1649 eorum
2359 1609 2593 1650 numero
2628 1595 2699 1652 sit
2732 1597 2828 1665 qui
2869 1597 3158 1666 passiones
3192 1599 3403 1657 sistunt
3434 1616 3563 1658 cum

1968 1685 2199 1742 scientia
2234 1694 2289 1741 ct
2327 1687 2691 1758 cogitatione,
2719 1688 2803 1745 vel
2849 1689 2894 1745 si
2933 1700 3106 1747 certat
3160 1687 3252 1767 (ut
3289 1693 3563 1767 diximus)

1970 1778 2280 1848 passionem
2314 1777 2504 1833 tollere
2529 1780 2806 1848 passione.
2831 1777 2949 1836 Hoc
2979 1790 3089 1849 est,
3115 1783 3161 1838 si
3188 1783 3315 1854 quis
3345 1784 3565 1842 silentio

1964 1872 2147 1927 studet
2175 1871 2245 1927 ub
2273 1871 2489 1927 inanem
2516 1871 2772 1944 gloriam,
2800 1873 2871 1929 ob
2898 1874 3195 1931 humanam
3222 1877 3567 1947 complacen-
3649 1928 3652 1931 .

1964 1968 2129 2035 tiam,
2177 1979 2274 2024 aut
2322 1969 2619 2025 humanam
2670 1980 2725 2025 et
2754 1971 3109 2043 temporalem
3151 1973 3560 2044 cogitationem.

1968 2062 2151 2123 Discat
2180 2062 2229 2119 si
2256 2064 2422 2135 cmpit
2444 2064 2676 2120 evellere
2707 2065 3017 2134 passionem
3045 2084 3056 2119 :
3091 2067 3384 2137 evellitque
3409 2068 3564 2132 illam

1964 2170 2088 2213 cum
2104 2155 2355 2221 scientia.
2378 2165 2431 2212 et
2451 2157 2564 2228 agit
2578 2172 2701 2228 qua:
2717 2157 2912 2213 viderit
2928 2158 3176 2229 passioni
3203 2174 3327 2216 esse
3342 2170 3564 2220 contra-

1963 2248 2047 2302 ria
2084 2247 2667 2322 Discatunusquisque
2684 2251 2886 2320 ubisit,
2909 2261 3005 2308 aut
3038 2254 3091 2307 in
3121 2268 3234 2325 quo
3265 2254 3408 2312 libro
3426 2255 3567 2315 scri-

1964 2349 2108 2409 ptus.
2133 2340 2401 2397 Debemus
2424 2342 2570 2397 enim
2599 2359 2706 2401 non
2731 2343 2909 2401 solum
2934 2359 3036 2401 nos
3059 2360 3157 2415 per
3172 2345 3294 2403 dies
3312 2345 3565 2417 singulos

1965 2432 2262 2500 discutere,
2287 2435 2380 2491 sed
2411 2449 2508 2505 per
2523 2435 2780 2504 quaelibet
2803 2446 3071 2507 tempora,
3089 2453 3188 2509 per
3202 2453 3445 2506 menses.
3465 2455 3566 2510 per

1967 2524 2358 2594 hebdomadas,
2392 2542 2458 2584 ac
2487 2528 2648 2591 nobis
2670 2530 2805 2599 ipsis
2831 2530 3049 2586 dicere:
3087 2549 3106 2584 ι
3138 2531 3323 2591 Prima
3356 2531 3565 2591 hebdo-

1966 2620 2125 2679 mada
2155 2619 2536 2690 hujuscemodi
2560 2623 2821 2692 passione
2849 2623 3080 2687 atl‘ectus
3106 2638 3202 2690 es,
3242 2638 3392 2683 nunc
3419 2638 3564 2694 quo-

1967 2710 2129 2765 modo
2176 2711 2388 2767 babes?
2432 2731 2452 2766 ι
2497 2711 2627 2769 Item
2682 2732 2702 2766 ι
2746 2729 2845 2785 per
2875 2722 3093 2784 tempus
3121 2714 3383 2785 quodque
3415 2728 3565 2777 anno

1966 2808 2248 2857 transacto
2283 2802 2458 2858 victus
2490 2818 2551 2858 es
2570 2844 2589 2870 ,
2619 2812 2675 2859 et
2703 2812 2995 2876 superatus
3023 2805 3093 2859 ab
3124 2805 3227 2861 hac
3257 2806 3517 2875 passione
3551 2843 3572 2871 ,

1965 2908 2112 2949 nunc
2153 2894 2433 2967 quomodo
2481 2895 2688 2951 habes?
2725 2915 2743 2948 ι
2788 2905 2842 2951 et
2876 2897 2951 2952 ita
3004 2896 3249 2967 quotidie
3278 2896 3568 2969 diligenter

1965 2986 2257 3056 inspicere,
2285 2987 2330 3042 si
2358 2987 2489 3058 quid
2511 3002 2541 3042 a
2571 2989 2730 3045 nobis
2755 2989 3136 3048 abscindimus
3155 3007 3222 3047 ex
3253 2991 3386 3060 illis,
3408 3007 3477 3047 an
3506 2992 3565 3046 in

1965 3079 2171 3134 eisdem
2201 3079 2475 3135 volvimur
2496 3082 2579 3137 vel
2603 3082 2657 3136 in
2688 3082 2962 3138 deteriora
2987 3083 3199 3155 delapsi
3222 3099 3438 3143 sumus.
3464 3086 3568 3143 Det

1946 3171 2127 3226 nobis
2157 3170 2302 3227 Deus
2330 3172 2589 3228 virtutem
2618 3182 2674 3229 et
2699 3183 3046 3244 potestatem,
3079 3175 3127 3230 si
3159 3190 3269 3234 non
3294 3175 3566 3233 evellendi
3666 3181 3671 3185 ’

1965 3261 2286 3331 passiones,
2318 3263 2508 3319 saltem
2544 3280 2655 3321 non
2698 3267 2995 3336 operandi,
3048 3274 3215 3338 atque
3244 3267 3473 3325 sistendi
3509 3277 3570 3326 et

1963 3357 2360 3425 comprimendi
2385 3372 2499 3413 eas.
2531 3358 2934 3415 Gravissimum
2956 3360 3104 3417 enim
3137 3369 3224 3417 est
3251 3362 3563 3432 passionem

1974 3447 2031 3501 in
2057 3456 2238 3502 actum
2286 3449 2533 3519 proferre
2556 3491 2568 3515 ,
2604 3466 2783 3521 neque
2814 3467 2935 3507 eam
2965 3453 3348 3522 comprimere.
3391 3452 3573 3524 Subji-

1964 3539 2105 3594 ciam
2132 3540 2288 3596 vobis
2320 3540 2759 3609 similitudinem,
2790 3543 2951 3613 cujus
2981 3544 3333 3614 potissimum
3368 3544 3572 3602 similia

1966 3632 2032 3686 sit
2058 3631 2151 3703 qui
2182 3632 2491 3703 passionem
2516 3641 2735 3688 exercet
2762 3642 2818 3688 et
2847 3634 3156 3690 ulciscitur.
3192 3634 3411 3691 Homini
3437 3646 3572 3707 puto

1965 3723 2202 3779 similem
2255 3723 2450 3795 sagitta
2493 3724 2563 3780 ab
2613 3725 2769 3780 hoste
2816 3741 3077 3795 percusso
3104 3766 3120 3791 ,
3167 3729 3264 3798 qui
3310 3729 3568 3799 sagittam

1966 3815 2083 3871 suis
2114 3816 2369 3870 manibus
2399 3816 2672 3887 arripiens
2697 3862 2714 3883 ,
2764 3819 2919 3872 cordi
2971 3817 3196 3889 proprio
3225 3819 3422 3889 inﬁgit.
3459 3820 3569 3888 Qui

1965 3922 2096 3962 vero
2122 3910 2433 3977 passionem
2455 3909 2789 3978 comprimit,
2820 3908 3021 3966 similis
3046 3919 3130 3965 est
3147 3925 3410 3981 percusso
3436 3914 3567 3983 qni-

1964 3997 2089 4054 dem
2127 4001 2327 4069 sagitta
2373 4002 2444 4055 ab
2495 4001 2654 4055 hoste
2678 4040 2694 4067 ,
2733 4000 2830 4055 sed
2865 4015 3140 4072 nusquam
3178 4002 3464 4059 vulnerato
3493 4003 3567 4060 ob

1966 4096 2248 4151 thoracem
2283 4109 2391 4164 quo
2435 4094 2659 4150 indutus
2697 4103 2802 4149 est.
2852 4093 2956 4161 Qui
2991 4104 3175 4150 autem
3218 4095 3465 4153 eradicat
3508 4105 3566 4153 et

1965 4187 2118 4242 vellit
2146 4188 2458 4259 passionem
2480 4229 2495 4255 ,
2532 4184 2730 4241 similis
2754 4194 2841 4242 est
2866 4199 3132 4256 percusso
3156 4186 3381 4256 quidem
3411 4224 3428 4251 ,
3467 4185 3568 4244 sed

1966 4277 2196 4348 sagittas
2246 4286 2494 4348 arreptas
2538 4277 2794 4332 manibus
2828 4275 3221 4346 confringenti,
3260 4276 3425 4351 523
3469 4285 3568 4335 aut

1966 4370 2088 4429 illas
2110 4371 2164 4426 in
2196 4372 2370 4428 hostis
2390 4385 2485 4426 cor
2506 4370 2873 4440 detorquenti,
2897 4376 2958 4425 ut.
2983 4369 3201 4425 canitur
3224 4369 3280 4424 in
3309 4366 3562 4427 Psalmo:

1968 4463 2195 4521 Gladius
2222 4480 2404 4519 eorum
2438 4464 2599 4519 intret
2628 4464 2683 4517 in
2710 4463 2878 4517 corda
2902 4462 3139 4533 ipsarum
3157 4502 3177 4527 ,
3206 4470 3256 4521 et
3286 4477 3445 4519 arcu
3472 4477 3568 4518 eo-

270 4543 507 4615 καρδίας
534 4541 714 4596 αὐτῶν
732 4558 746 4573 ⁸
778 4540 893 4595 ἀλλ’
922 4536 1017 4595 οὖν
1047 4541 1184 4612 μήτε
1209 4539 1488 4611 δεξώμεθα
1511 4540 1580 4595 τὰ
1609 4539 1736 4613 βέλη
1768 4541 1861 4595 καὶ

1968 4574 2084 4615 rum
2109 4558 2480 4630 confringatur
2504 4569 2555 4613 ιι.
2592 4556 2926 4613 Studeamus
2951 4571 3109 4627 ergo,
3139 4555 3422 4624 iratres,si
3453 4570 3565 4612 non

270 4635 538 4709 πήξωμεν
588 4635 731 4688 αὐτὰ
779 4636 857 4698 είς
900 4634 999 4698 τάς
1046 4633 1273 4705 καρδίας
1326 4631 1529 4704 ήμῶνο
1584 4631 1723 4686 ἀλλὰ
1769 4630 1864 4685 καὶ

270 4729 804 4802 περιθωρακίσωμεν
855 4728 1106 4793 ἑαυτοὺς,
1163 4726 1250 4779 ἴνα
1297 4724 1372 4799 μὴ
1420 4724 1719 4798 πληγῶμεν
1772 4725 1865 4779 ὑπ’

269 4823 476 4880 αὐτῶν.
524 4824 579 4876 ’0
605 4821 737 4885 Θεὸς
769 4823 798 4874 ὁ
840 4819 1042 4889 ἀγαθὸς
1073 4819 1324 4891 σκεπάσῃ
1358 4819 1510 4890 ἡμᾶς
1534 4818 1631 4872 ἀπ’
1658 4814 1863 4884 αὐτῶν,

272 4917 372 4971 καὶ
394 4914 543 4988 δώσῃ
575 4917 706 4987 ἡμῖν
734 4913 915 4986 νῆψιν,
943 4914 1037 4967 καὶ
1063 4912 1309 4985 ὁδηγήσει
1344 4914 1492 4985 ἡμᾶς
1522 4914 1602 4976 εἰς
1628 4911 1726 4984 τὴν
1747 4911 1867 4967 ὁδὸν

275 5008 470 5064 αὑτοῦ.

798 5312 1206 5367 ΔΙΔΑΣΚΑΛΙΑ
1246 5313 1349 5383 ιιτ.

280 5451 427 5522 Περὶ
457 5451 563 5506 τοῦ
593 5448 954 5522 σπουδάζειν
993 5449 1226 5522 ταχέωςΔ
1250 5450 1568 5503 ἐκκόπτειν
1597 5449 1671 5504 τὰ
1691 5449 1871 5522 Δπάθη

396 5526 509 5593 πρὸ
535 5521 642 5577 τοῦ
668 5525 738 5576 ἐν
760 5521 884 5586 ἕξει
911 5520 1065 5588 κακῇ
1093 5519 1368 5592 γενέσθαι
1395 5522 1509 5589 τὴν
1529 5520 1766 5591 ψυχήν.

356 5613 438 5671 Δ¹ο
456 5614 588 5670 Θέτε
620 5613 712 5671 τὸν
748 5611 873 5667 νοῦν
901 5611 1076 5683 ὑμῶν,
1120 5612 1360 5682 ἀδελφοὶ,
1389 5613 1464 5677 ὡς
1491 5616 1572 5679 εἰς
1602 5612 1670 5669 τά
1701 5613 1878 5685 πράγ-

365 5811 393 5843 ι
429 5799 577 5860 Psal.
615 5816 805 5872 xxxvr,
855 5800 943 5857 15.

1972 4667 2269 4723 possumus
2317 4661 2683 4721 contorquere
2723 4651 2963 4722 gladium
3019 4651 3267 4722 ipsorum
3304 4650 3361 4705 in
3395 4648 3568 4707 corda

1972 4760 2188 4809 eorum,
2218 4761 2330 4805 non
2362 4745 2643 4815 suscipere
2667 4745 2859 4801 saltem
2887 4745 3117 4815 sagittas
3143 4744 3361 4801 illorum
3380 4784 3399 4811 ,
3430 4743 3567 4801 etin

1975 4838 2234 4894 cordibus
2275 4837 2481 4893 nostris
2510 4836 2749 4909 deﬁgere
2778 4854 2793 4892 :
2829 4850 3221 4908 armemusque
3247 4836 3429 4909 potius
3461 4848 3569 4890 nos

1974 4932 2199 4987 thorace
2223 4974 2240 5000 ,
2278 4946 2348 4987 ne
2386 4931 2763 5002 percutiamur
2818 4940 2876 4988 et
2914 4930 3266 4987 vulneremur
3310 4929 3382 4984 ab
3430 4926 3563 4985 illis.

1973 5025 2119 5083 Deus
2178 5026 2421 5097 optimus
2475 5033 2727 5096 protegat
2786 5040 2891 5083 nos
2955 5024 3027 5081 ab
3083 5024 3212 5089 eis,
3272 5020 3566 5094 largiatur-

1974 5135 2082 5191 qne
2121 5120 2376 5175 virtutem
2415 5120 2605 5187 nobis,
2641 5119 2948 5190 dirigatqne
2990 5118 3108 5189 ipse
3164 5130 3266 5173 nos
3310 5114 3368 5171 in
3414 5113 3565 5172 viam

1976 5228 2154 5269 suam.

2528 5325 2881 5381 DOCTRINA
2919 5323 3015 5381 XI.

2016 5440 2088 5498 Ut
2118 5442 2428 5498 studeamus
2457 5457 2489 5495 a
2522 5439 2673 5493 nobis
2701 5437 2987 5507 praecidere
3026 5436 3207 5490 statim
3233 5434 3529 5506 passiam,

2171 5514 2485 5582 priusquam
2511 5513 2566 5565 in
2596 5510 2837 5563 habitum
2861 5510 3057 5562 anima:
3091 5515 3387 5562 transeant.

2049 5607 2093 5665 l.
2126 5604 2404 5668 Advertite
2425 5604 2695 5671 animum,
2725 5601 2945 5668 fratres,
2979 5599 3048 5656 ad
3070 5613 3429 5673 quascunque
3450 5612 3566 5670 rex,
