4062 6424
478 331 629 399 1ἷῖἶό
1702 321 1764 382 S.
1794 318 2082 380 DOROTI

2129 317 2192 379 El
2238 315 2564 380 ABBATIS
3612 319 3733 390 1736

493 456 548 499 et
579 443 767 497 cavete
794 448 865 492 ne
891 448 990 491 vos
1015 432 1169 505 ipsos
1205 427 1497 504 negligatis
1529 444 1543 483 :
1578 426 1637 482 in
1663 427 1907 482 maxima
1930 428 2077 483 enim

2131 432 2153 490 ι
2188 442 2335 498 ματα
2355 466 2370 492 ,
2409 424 2507 479 καὶ
2537 422 2765 495 βλέπετε
2785 461 2801 489 ,
2831 422 2909 495 μὴ
2934 421 3247 497 ἀμελήσητε
3280 421 3484 480 ἑαυτῶν
3509 443 3523 460 ο
3569 429 3735 509 ἐπειδὴ

493 526 740 602 pericula
774 526 1103 598 plerumque
1152 537 1259 579 nos
1304 519 1529 577 abducit
1565 526 1620 574 et
1649 518 1877 575 minima
1911 519 2083 590 negli-

2184 519 2264 582 είς
2297 515 2572 589 μεγάλους
2609 514 2887 580 κινδύνους
2920 515 3080 587 φέρει
3108 515 3256 588 ἡμᾶς
3300 517 3393 570 καλ⁵
3421 520 3584 592 μικρὰ
3616 525 3736 597 ἁμέ.

492 620 698 693 gentia.
720 615 893 673 lncidi
922 614 1255 687 quandoque
1277 613 1334 668 in
1371 610 1597 668 fratrem
1628 627 1736 667 non
1761 620 1871 666 tam
1907 627 2085 683 aegro-

2183 609 2323 662 λεια.
2350 607 2699 678 Παρέόαλλον
2717 607 2842 679 ἄρτι
2864 609 2971 661 τινὶ
2989 606 3202 678 ἁδελφῷ
3231 606 3469 676 πώποτε,
3488 614 3579 668 καὶ
3600 611 3740 689 εὖρον

492 721 610 768 tum
641 725 811 782 quam
848 707 1085 765 debilem
1115 725 1132 763 :
1164 705 1509 778 cognovique
1550 720 1618 760 ex
1663 718 1731 760 eo
1769 703 1916 775 quod
1964 703 2076 759 dies

2184 702 2349 756 αὑτὸν
2375 702 2494 767 πῶς
2530 702 2641 757 ἀπὸ
2680 702 3019 775 ἀρρωστίας,
3058 701 3153 755 καὶ
3187 702 3245 755 ἑν
3274 700 3350 773 τῷ
3375 700 3557 758 λαϐεῖν
3592 708 3742 778 ἡμᾶς,

495 812 710 861 tantum
739 809 948 874 septem
970 801 1262 856 tertianam
1291 813 1489 870 passus
1517 806 1681 863 esset,
1701 796 1927 869 jamque
1948 812 2087 867 qua—

2185 790 2389 865 ἑμαθον
2441 795 2523 849 ὅτι
2570 795 2710 848 ἑπτὰ
2757 796 2971 866 ἡμέρας
3013 792 3247 866 ἐπύρεξε
3287 794 3468 863 μόνας,
3521 798 3611 852 καὶ
3646 801 3743 856 ίδοὺ

494 895 871 968 dragesimum
906 892 1053 948 diem
1092 899 1279 961 ageret
1329 907 1361 944 a
1401 887 1571 946 febris
1603 889 1948 955 liberatione,
1987 902 2087 942 nec

2185 883 2302 958 ἔχει
2334 884 2502 950 ἄλλας
2537 886 2949 959 τεσσαράκοντα
2990 886 3227 958 ἡμέρας,
3270 886 3364 941 καὶ
3392 887 3490 958 οὐχ
3526 889 3750 961 εὑρίσκει

494 997 681 1064 posset
709 987 888 1043 adhuc
917 984 1179 1057 pristinas
1202 983 1348 1039 vires
1368 983 1642 1054 accipere.
1670 982 1866 1038 Videte
1897 982 2084 1053 igitur,

2186 975 2374 1047 ἀκμὴν
2415 975 2707 1031 άναλαὸεῖν
2756 976 2967 1034 ἑαυτόν.
3033 976 3293 1039 Βλέπετε,
3339 976 3574 1047 ἀδελφοὶ,
3623 982 3748 1056 πόση

495 1080 721 1147 fratres,
751 1090 931 1149 quanr
957 1075 1221 1131 miserum
1257 1073 1332 1131 sit
1365 1074 1420 1129 in
1452 1088 1735 1130 enormem
1767 1073 2086 1144 dispositio-

2186 1066 2536 1140 ταλαιπωρία
2584 1068 2679 1122 τοῦ
2722 1070 2988 1140 ἐμπεσεῖν
3031 1085 3158 1122 τινα
3202 1068 3285 1132 είς
3336 1067 3614 1141 ἀνώμαλον
3646 1074 3751 1128 διά-

496 1187 623 1231 nem
683 1170 943 1228 incidere.
996 1168 1159 1224 Soliti
1217 1182 1435 1238 semper
1487 1182 1682 1222 sumus
1732 1167 2089 1222 enormitates

2189 1160 2361 1216 θεσιν.
2411 1161 2523 1215 ’Δεὶ⁵
2552 1164 2886 1235 καταφρονεῖ
2914 1179 3001 1226 τις
3033 1162 3241 1234 μικρᾶς
3269 1162 3517 1229 ἀταξίας,
3553 1165 3643 1219 καὶ
3668 1167 3752 1220 οὒκ

496 1264 758 1322 minimas
785 1269 1164 1325 contemnere,
1208 1275 1386 1331 neque
1424 1258 1788 1321 advertimus,
1821 1256 2088 1329 quidquid

2189 1249 2330 1308 οἶδεν
2361 1254 2445 1308 ὅτι
2478 1253 2576 1308 ἐὰν
2622 1254 2804 1327 φθάσῃ
2848 1253 3046 1326 μικρὸν
3090 1253 3497 1327 κακουχηθῆναι
3526 1256 3588 1311 τὸ
3615 1258 3757 1330 σῶμα

497 1358 630 1413 mali
686 1359 742 1412 in
796 1369 996 1425 corpus
1052 1361 1308 1410 nostrum
1344 1351 1616 1424 ingruerit
1693 1365 1818 1406 cum
1852 1349 2091 1405 maxime

2190 1346 2377 1413 αὑτοῦ,
2413 1347 2510 1401 καὶ
2551 1347 2792 1420 μάλιστα
2825 1349 2921 1403 ἑάν
2951 1352 3101 1403 ἐστιν
3139 1347 3553 1421 ἀσθενέστερος,
3581 1351 3755 1407 πολλοῦ

498 1449 735 1506 debilius
767 1446 956 1514 fuerit,
985 1445 1290 1501 maximum
1316 1460 1440 1502 esse
1471 1463 1486 1499 :
1516 1459 1615 1501 nec
1636 1443 1756 1499 sine
1781 1442 1953 1497 multo
1974 1451 2091 1497 stu-

2192 1439 2338 1496 πάνυ
2390 1442 2550 1512 χρεία
2601 1442 2698 1495 καὶ
2744 1442 2913 1496 κόπου
2946 1441 3042 1496 καὶ
3088 1441 3285 1513 χρόνου
3333 1441 3465 1511 πρὶν
3495 1440 3531 1512 ἢ
3556 1441 3758 1513 γένηται

499 1542 614 1609 dio,
646 1541 855 1607 labore,
880 1540 1082 1596 sudore
1108 1549 1163 1596 et
1194 1549 1441 1610 tempore
1463 1537 1609 1592 vires
1639 1536 1901 1607 pristinas
1930 1549 2093 1604 posse

2192 1530 2359 1586 αὐτοῦ
2395 1535 2428 1601 ἡ
2456 1532 2795 1605 κατόρθωσις
2815 1549 2829 1562 ·
2871 1533 3016 1588 ἑπτὰ
3044 1534 3260 1604 ἡμέρας
3289 1528 3552 1603 ὲπύρεξεν
3583 1531 3611 1585 δ
3674 1550 3760 1590 τα-

499 1632 839 1705 reeuperari.
871 1630 1093 1702 Septem
1137 1640 1349 1686 tantum
1376 1631 1495 1686 dies
1541 1628 1730 1685 infelix
1762 1627 1852 1683 ille
1884 1626 2090 1683 febrem

2193 1623 2378 1687 πεινδς
2391 1617 2569 1689 οὗτος,
2596 1624 2690 1677 καὶ
2723 1624 2831 1678 ἰδοὺ
2842 1622 3103 1678 τοσαῦται
3133 1623 3366 1695 ἡμέραι,
3395 1621 3489 1676 καὶ
3514 1621 3609 1694 οὐχ
3632 1625 3762 1696 εὑρί-

499 1741 701 1797 passus
747 1736 864 1783 erat
890 1766 906 1792 ,
957 1741 1059 1782 nec
1104 1733 1289 1779 tamen
1340 1721 1569 1778 relevari
1609 1722 1788 1793 potuit
1819 1720 1984 1776 etiam
2016 1727 2095 1774 tot

2158 1793 2165 1797 δ
2198 1733 2319 1770 σκει
2348 1716 2675 1784 ἀνάπαυσιν,
2720 1716 2843 1771 οὐδὲ
2873 1716 3166 1771 ἀναλαόεῖν
3199 1716 3418 1770 ἑαυτόν.
3456 1715 3637 1781 Οὕτως
3661 1718 3762 1773 ἐστὶ

501 1791 715 1885 diebus,
750 1828 900 1874 tanto
930 1827 1195 1888 tempore.
1227 1815 1285 1871 ιιι
1315 1816 1495 1887 ipsum
1521 1814 1576 1869 in
1608 1791 1793 1870 anima
1814 1823 1917 1877 est,
1941 1813 2086 1884 quod

2164 1796 2171 1842 ⁵
2200 1808 2295 1861 καί⁵
2324 1809 2418 1862 ἑπὶ
2441 1808 2537 1881 τῆς
2569 1807 2750 1879 ψυχῆς
2776 1823 2790 1837 ⁸
2825 1808 3022 1880 μικρὸν
3052 1807 3358 1880 ἁμαρτάνει
3394 1823 3502 1873 τις,
3528 1808 3619 1865 καὶ
3642 1812 3768 1863 ποιεῖ

501 1913 560 1968 in
587 1926 834 1982 corpore.
870 1909 1133 1967 Tenuiter
1171 1909 1296 1980 quis
1344 1918 1553 1979 peccat.
1598 1907 1874 1975 Quantum
1910 1916 2095 1962 tamen

2198 1900 2368 1955 πόσον
2402 1901 2607 1972 χρόνον,
2643 1901 2857 1965 στάζων
2886 1900 2945 1953 τὸ
2977 1895 3119 1971 αἷμα
3162 1898 3354 1964 αὐτοῦ,
3404 1900 3539 1971 πρὶν
3567 1900 3767 1972 διορθῶ-

504 2004 757 2074 transigit
778 2003 1061 2074 temporis,
1079 2010 1348 2073 quantum
1366 2000 1597 2057 distillat
1614 1999 1922 2071 sanguinis,
1941 2008 2097 2055 ante-

2200 2010 2359 2065 σηται
2392 1994 2584 2048 ἑαυτόν
2607 2008 2623 2024 ·
2653 1995 2747 2048 καὶ
2777 1994 2871 2047 ἑπὶ
2907 1993 3007 2065 μὲν
3034 1993 3132 2063 τῆς
3162 1992 3489 2063 σωματικῆς
3509 1992 3769 2058 ἀσθενείας

501 2109 668 2167 quam
716 2110 779 2151 se
826 2096 1006 2164 ipsum
1048 2093 1263 2166 erigat?
1296 2092 1363 2148 Et
1406 2092 1461 2148 in
1508 2093 1837 2163 corporibus
1869 2091 2095 2163 quidem

2199 2086 2529 2158 εὑρίσκομεν
2556 2086 2846 2159 διαφόρους
2878 2087 3079 2150 αἰτίας,
3111 2086 3146 2157 ἢ
3176 2086 3257 2139 ὅτι
3285 2084 3359 2138 τὰ
3390 2084 3655 2155 φάρμακα
3678 2103 3771 2139 πα-

502 2187 845 2259 ωετίιυόίιιίε
875 2195 930 2243 et
976 2187 1151 2243 morbi
1182 2186 1366 2242 varias
1404 2200 1604 2242 causas
1646 2185 1979 2255 reperimus,
2010 2184 2096 2240 vel

2197 2175 2330 2231 λαιὰ
2361 2177 2512 2245 ὄντα,
2543 2179 2642 2232 ούκ
2685 2179 3024 2250 ἐνεργοῦσιν,
3069 2179 3102 2250 ἢ
3152 2180 3235 2233 ὅτι
3278 2177 3307 2228 ὁ
3350 2178 3539 2249 ἰατρὸς
3565 2176 3771 2248 ἄπειρός

503 2280 651 2349 quod
678 2278 965 2333 medicinae
996 2279 1299 2335 rancidula;
1322 2278 1434 2333 vim
1462 2291 1620 2333 suam
1653 2277 1980 2339 amiserunt,
2011 2273 2098 2332 vel

2198 2271 2338 2338 ἑστι,
2380 2272 2476 2326 καὶ
2509 2270 2639 2326 ἄλλο
2677 2272 2792 2326 ἀντ’
2825 2272 2987 2327 ἄλλου
3020 2275 3314 2346 φάρμακον
3356 2272 3616 2347 παρέχει,
3647 2269 3777 2342 seu

502 2371 653 2441 quod
700 2371 946 2426 medicus
996 2371 1249 2427 indoctus
1300 2384 1404 2425 nec
1449 2369 1586 2425 satis
1617 2376 1899 2440 expertus,
1930 2367 2098 2423 aliam

2196 2366 2224 2419 ὁ
2255 2364 2542 2439 ἄρρωστος
2568 2366 2813 2430 άτακτεῖ,
2849 2367 2941 2419 καὶ
2972 2367 3034 2419 ού
3065 2366 3331 2435 φυλάσσει
3367 2367 3418 2422 ὃ.
3452 2365 3783 2420 ὲπιτάσσεται

502 2476 606 2534 pro
654 2462 763 2517 alia
815 2462 1142 2518 medicinam
1181 2461 1522 2534 praebuerit,,
1548 2461 1635 2516 vel
1676 2461 1826 2532 quod
1856 2468 2097 2532 aegrotus

2198 2458 2354 2530 παρὰ
2382 2458 2475 2513 τοῦ
2510 2459 2717 2531 ἰατροῦ.
2767 2461 2892 2514 Ἐπὶ
2919 2460 2979 2516 δὲ
3015 2462 3117 2533 τῆς
3145 2463 3326 2534 ψυχῆς
3353 2462 3471 2532 ο-ύχ
3498 2460 3689 2522 οὕτως·
3732 2459 3783 2511 οὐ

503 2553 820 2609 inordinate
856 2569 917 2610 se
943 2562 1119 2626 gerat,
1151 2562 1206 2609 et
1228 2553 1365 2608 nihil
1396 2561 1578 2608 servet
1602 2567 1794 2608 eorum
1829 2567 1953 2623 qua
1983 2565 2099 2605 me-

2200 2548 2311 2621 γὰρ
2340 2548 2619 2620 δυνάμεθα
2668 2551 2846 2605 εἰπεῖν
2885 2552 2969 2606 ὅτι
2997 2554 3027 2605 ὁ
3073 2553 3258 2623 ἰατρὸς
3306 2551 3549 2623 άτεειρος
3588 2548 3663 2603 ὣν
3698 2550 3786 2603 οὐκ

504 2644 666 2702 dicus
682 2646 1052 2715 imperaverit.
1080 2644 1199 2700 Non
1225 2654 1313 2701 est
1330 2653 1513 2700 autem
1540 2644 1596 2699 in
1616 2644 1799 2699 anima
1832 2643 1883 2699 id
1919 2643 2097 2714 ipsum

2199 2644 2399 2701 ἑδωκεν
2432 2645 2668 2719 ἁρμόδια
2711 2647 2782 2701 τὰ
2811 2649 3103 2720 φάρμακα.
3147 2649 3207 2705 ⁸0
3237 2649 3494 2722 Χριστὸς
3526 2647 3631 2719 γάρ
3655 2649 3787 2700 ἑστιν

515 2739 719 2795 dicere.
756 2737 944 2810 Neque
974 2739 1122 2795 enim
1156 2738 1429 2794 habemus
1458 2738 1728 2794 medicum
1757 2737 2096 2808 imperitum,

2199 2740 2229 2793 ὁ
2261 2738 2446 2810 ίατρὸς
2466 2738 2578 2793 τῶν
2606 2739 2818 2811 ψυχῶν,
2850 2742 2944 2795 καὶ
2980 2742 3160 2797 πάντα
3191 2743 3491 2812 γινώσκει,
3519 2742 3612 2795 καὶ
3641 2737 3789 2811 ἁρμὸς

506 2829 602 2901 qui
628 2830 931 2887 medicinas
955 2832 1399 2887 accommodatas
1434 2830 1683 2900 languori
1716 2846 1829 2885 non
1862 2829 2096 2885 dederit.

2199 2831 2312 2887 διον
2344 2833 2559 2906 ἑκάστῳ
2593 2834 2758 2889 πάθει
2791 2837 3032 2906 παρέσχε
3083 2837 3179 2889 καὶ
3213 2836 3275 2889 τὸ
3306 2837 3384 2905 φά
3404 2851 3635 2908 ρμακον.
3680 2825 3790 2886 υἷόν

506 2920 765 2979 Christus
790 2938 1027 2994 namque
1049 2922 1357 2978 animarum
1382 2931 1698 2977 nostrarum
1723 2922 1970 2978 medicus
1990 2928 2098 2987 est,

2199 2942 2255 2981 τι
2283 2926 2448 2997 λέγω.
2473 2928 2554 3000 Τῇ
2586 2926 2863 2998 κενοδοξία
2887 2929 2986 2993 τὰς
3021 2930 3149 3002 περὶ
3180 2927 3691 3001 ταπεινοφροσύνης
3719 2927 3792 2978 ἑν-

506 3013 670 3084 isque
698 3015 847 3071 novit
873 3015 1081 3082 omnia,
1111 3024 1165 3070 et
1194 3013 1493 3083 unicuique
1533 3014 1786 3084 languori
1816 3022 1871 3068 et
1901 3013 2099 3068 morbo

2200 3018 2385 3087 τολὰς,
2418 3022 2486 3091 τῇ
2516 3020 2800 3091 φιληδονίᾳ
2825 3022 2923 3086 τὰς
2951 3022 3082 3094 περὶ
3116 3023 3480 3095 ἐγκρατείας,
3522 3023 3589 3093 τῇ
3618 3018 3795 3088 φιλαρ-

508 3107 985 3181 accomtnodatum
1039 3106 1208 3161 donat
1253 3107 1583 3160 antidotum.
1636 3102 1812 3170 Nam,
1860 3102 2098 3175 exempli

2203 3113 2370 3183 γυρία
2398 3112 2498 3177 τὰς
2534 3113 2663 3185 περὶ
2688 3112 2814 3184 ελεη
2825 3114 3094 3185 μοσύνης,
3145 3115 3253 3168 καὶΔ
3273 3112 3435 3180 ἅπαξ
3464 3111 3648 3174 ἁπλῶς
3678 3108 3796 3165 tum

510 3199 689 3271 gratia
719 3199 905 3254 :inani
933 3198 1120 3269 gloriae
1151 3198 1477 3254 humilitatis
1505 3206 1772 3269 praecepta
1808 3197 2098 3267 Opposuit:

2206 3218 2332 3255 στον
2361 3202 2532 3266 πάθος
2557 3202 2670 3273 ἔχει
2703 3204 2994 3275 φάρμακον
3026 3206 3123 3275 τὴν
3149 3203 3515 3277 ἁρμόζουσαν
3548 3202 3694 3273 αύτῷ
3717 3202 3797 3256 ὲνο

510 3290 747 3347 luxuria:
771 3292 1166 3346 continentiam
1202 3309 1217 3346 :
1256 3292 1499 3347 avaritia:
1533 3293 1939 3362 eleemosynam
1978 3308 1991 3344 :
2027 3299 2101 3355 et,

2206 3295 2368 3366 τολήν
2394 3313 2408 3326 ·
2457 3294 2600 3349 ὥστε
2635 3297 2663 3349 ὁ
2697 3298 2881 3367 ἰατρὸς
2908 3298 3010 3353 οὐκ
3039 3298 3187 3351 ἐστιν
3214 3298 3477 3369 ἄπειρος.
3522 3296 3659 3352 Ἀλλ’
3687 3293 3797 3349 οὐδὲ

512 3394 576 3438 ιιι
598 3383 922 3438 concludam
958 3384 1217 3448 breviter,
1250 3385 1551 3455 unicuique
1588 3385 1834 3455 passioni
1874 3384 2107 3439 medici-

2208 3389 2376 3441 πάλιν
2412 3388 2480 3442 τά
2529 3389 2800 3460 φάρμακα
2837 3390 3049 3444 παλαιὰ
3076 3391 3206 3445 ὄντα
3235 3391 3336 3444 οὐκ
3364 3388 3713 3462 ἐνεργοῦσιν.
3741 3387 3798 3438 Δί

513 3490 642 3530 nam
674 3475 823 3530 dedit
861 3485 915 3531 et
960 3477 1596 3533 accommodatissimum
1649 3477 1950 3532 remedium
1982 3495 1996 3530 :
2031 3477 2106 3531 ita

2207 3480 2420 3533 ἐντολαὶ
2446 3480 2552 3552 γάρ
2579 3480 2674 3535 τοῦ
2699 3479 2938 3553 Χριστοῦ
2963 3482 3222 3535 οὐδέποτε
3255 3481 3623 3535 παλαιοῦνται
3649 3496 3662 3509 ·
3694 3475 3798 3532 ἀλλ’

514 3574 577 3620 ιιι
623 3567 990 3636 nequidquam
1043 3568 1288 3624 medicus
1319 3569 1607 3639 imperitus
1639 3585 1710 3639 qu
1734 3578 1805 3623 'at
1843 3568 2103 3638 iudicari.

2211 3572 2335 3627 ὅσον
2378 3573 2748 3643 ἐνεργοῦνται.
2780 3573 3034 3628 τοσοῦτον
3065 3574 3449 3629 ἀνανεοῦνται.
3502 3570 3710 3629 Οὐκοῦν
3741 3571 3802 3640 τῇ

515 3659 625 3715 Sed
659 3674 834 3730 neque
859 3661 1023 3714 etiam
1070 3662 1368 3718 rancidula:
1395 3672 1526 3718 sunt
1558 3662 1863 3729 medicinae,
1906 3672 1964 3716 ut
1996 3679 2104 3717 non

2213 3665 2373 3737 ύγείᾳ
2415 3666 2514 3735 τῆς
2544 3666 2723 3736 ψυχῆς
2759 3667 2913 3721 οὐδέν
2958 3670 3108 3722 ἐστιν
3157 3667 3219 3723 τὸ
3266 3667 3594 3739 ἐμποδίζον,
3641 3664 3689 3718 εἰ
3735 3662 3804 3734 μὴ

514 3761 720 3824 queant
765 3753 979 3823 Operari
1014 3753 1270 3807 virtutem
1323 3769 1502 3810 suam.
1539 3754 1747 3810 Christi
1788 3757 1933 3810 enim
1968 3772 2107 3827 prai-

1323 3769 1502 3810 suattt.
1539 3754 1747 3810 Christi
1788 3757 1933 3810 enim
1968 3772 2107 3827 prai-
2215 3759 2377 3827 μόνον
2413 3759 2449 3829 ἡ
2477 3760 2672 3826 ἀταξία
2702 3760 2893 3828 αὐτῆς.

514 3853 671 3916 cepta
702 3861 983 3916 nunquam
1020 3846 1447 3904 inveterantur:
1510 3849 1603 3902 sed
1669 3864 1779 3918 quo
1844 3852 2021 3921 magis
2083 3862 2454 3919 exercentur,
2515 3869 2581 3908 eo
2635 3855 2812 3925 mag's
2859 3863 3214 3908 renovantur.
3266 3852 3463 3922 Neque
3523 3846 3806 3907 valetudini

514 3937 712 3993 anima:
739 3937 1037 4007 quidquam
1068 3948 1153 3993 est
1181 3939 1330 4009 quod
1365 3940 1545 3995 obstet
1577 3952 1672 3995 aut
1743 3942 2136 4012 impedimento
2177 3944 2271 4009 sit,
2308 3944 2412 4000 nisi
2447 3961 2571 4000 cum
2608 3946 2879 4014 ipsa'srse
2914 3947 3099 4002 minus
3164 3946 3533 4016 disposuerit.

583 4027 653 4084 ll.
686 4029 1046 4084 Attendamus
1073 4030 1241 4100 igitur
1273 4030 1430 4086 nobis
1481 4031 1634 4101 ipsis,
1672 4032 1893 4098 fratres,
1918 4034 2110 4105 vigile-

2279 4034 2358 4093 B'.
2415 4037 2752 4108 Πρόσχωμεν
2803 4034 2896 4091 οὖν
2944 4038 3179 4101 ἑαυτοῖς,
3232 4037 3504 4106 ἀδελφοί·
3558 4034 3809 4107 νήψωμεν

516 4135 643 4177 mus
671 4121 801 4176 dum
833 4130 1048 4191 tempus
1080 4122 1369 4179 habemus.
1400 4124 1514 4179 Cur
1550 4124 1696 4179 enim
1731 4141 1830 4203 nqs
1878 4128 2108 4199 negligi-

2208 4127 2422 4200 καιρόν.
2453 4128 2518 4180 Τί
2542 4128 2752 4182 ἑαυτῶν
2773 4128 3122 4200 άμελοῦμενς
3155 4130 3488 4199 Ποιήσωμίν
3514 4148 3566 4184 τι
3593 4127 3810 4196 ἀγαθὸν,

516 4210 684 4267 mus?
714 4210 1007 4269 Faciamus
1040 4227 1257 4285 semper
1292 4213 1500 4282 aliquid
1534 4214 1687 4280 boni,
1748 4226 1808 4271 ut
1840 4219 2106 4273 auxilium

2208 4217 2297 4270 ἵνα
2324 4215 2578 4289 εὕρωμεν
2610 4217 2863 4289 βοήθειαν
2896 4220 2953 4272 ὲν
2979 4218 3153 4291 καιρῷ
3187 4219 3526 4291 πειρασμοῦ.
3558 4220 3625 4272 Τί
3651 4218 3812 4273 ἀπόλ-

517 4305 741 4360 tandem
793 4306 1141 4362 inveniamus
1195 4305 1251 4360 in
1306 4313 1551 4376 tempore
1593 4309 1935 4365 tentationis.
1965 4310 2109 4378 Quid

2210 4306 2382 4379 λυμεν
2424 4306 2524 4379 τὴν
2564 4304 2710 4379 ζωὴν
2755 4310 2954 4379 ήμῶν;
3006 4308 3260 4364 Τοσαῦτα
3298 4311 3605 4380 ἀκούομεν,
3639 4309 3733 4362 καὶ
3758 4307 3814 4361 ού

514 4396 686 4452 vitam
718 4407 967 4453 nostram
999 4398 1394 4468 deperdimus?
1430 4398 1533 4454 'l‘ot
1570 4403 1818 4471 quotidie
1847 4413 2110 4474 tantaque

2214 4397 2367 4469 μέλει
2415 4399 2570 4469 ἡμῖν,
2619 4398 2758 4453 ἀλλὰ
2805 4399 3281 4470 καταφρονοῦμεν.
3352 4400 3648 4470 Βλέπομεν
3696 4398 3815 4460 τοὺς

460 4532 473 4545 ,
518 4489 810 4552 sentimus,
845 4499 899 4545 et
943 4493 1129 4547 omnia
1172 4497 1602 4561 contemnimus,
1646 4512 1749 4552 nec
1788 4498 1900 4552 ulla
1947 4498 2064 4551 nob;

2216 4488 2482 4560 ἀδελφοὺς
2528 4490 2686 4562 ήμῶν
2718 4490 3139 4564 ἁρπαζομένους
3182 4494 3249 4545 ἑκ
3282 4492 3457 4564 μέσου
3493 4492 3687 4565 ἡμῶν,
3731 4490 3819 4546 καὶ

514 4593 652 4634 cura
681 4588 765 4634 est
794 4581 884 4635 illa
919 4581 1277 4641 discernere?
1307 4586 1569 4645 Videmus
1612 4589 1860 4659 quotidie
1906 4587 2109 4644 fratres

2217 4583 2279 4637 ού
2305 4584 2549 4654 νήφομεν
2569 4600 2583 4613 ο
2625 4584 2826 4648 εἰδότες
2856 4586 2939 4638 ὅτι
2974 4586 3115 4639 κατὰ
3148 4586 3368 4657 μικρὸν,
3412 4587 3515 4643 καὶ
3544 4588 3709 4657 ἡμεῖς
3735 4589 3821 4651 ἑγ-

518 4681 742 4727 nostros
776 4681 833 4727 et
862 4675 978 4744 rapi
1011 4685 1066 4730 et
1112 4680 1276 4744 mori,
1327 4681 1599 4751 nobisque
1648 4682 1784 4752 ipsis
1832 4696 2107 4751 nusquam

2217 4674 2443 4747 γίζομεν
2474 4675 2552 4745 τῷ
2578 4676 2816 4748 Θανάτῳ.
2867 4678 2998 4734 Ἰδοὺ
3030 4678 3090 4744 ἐξ
3123 4679 3245 4734 ὅτου
3275 4679 3629 4751 ἐκαθίσαμεν
3660 4678 3820 4749 λαλῆ-

518 4765 891 4838 invigilamus,
920 4783 1023 4824 nec
1054 4770 1409 4843 intelligimus
1456 4790 1559 4830 nos
1591 4790 1815 4845 quoque
1855 4773 1910 4829 in
1941 4775 2109 4831 horas

2219 4786 2312 4823 σαι
2344 4770 2450 4833 ἓως
2480 4768 2629 4841 ἄρτι,
2681 4768 3043 4841 ὴναλὼσαμεν
3090 4771 3273 4843 δύο,ἢ
3324 4774 3479 4843 τρεῖς
3533 4771 3691 4841 ὦρας
3733 4766 3820 4822 τοῦ

520 4860 682 4913 morti
720 4860 1012 4917 viciniores
1057 4862 1194 4917 ﬁeri.
1236 4863 1396 4921 “om
1427 4865 1542 4921 fere
1585 4875 1697 4921 tres
1745 4877 1970 4922 suntex
1999 4882 2109 4937 quo

2220 4864 2412 4935 χρόνου
2434 4867 2467 4935 ἡ
2477 4864 2615 4935 μῶν,
2640 4866 2733 4920 καὶ
2764 4864 3178 4937 ἐπλησιάσαμεν
3203 4865 3279 4936 τῷ
3302 4867 3548 4939 θανάτῳ,
3578 4867 3678 4921 καὶ
3708 4863 3824 4935 βλέ-

518 4952 678 5009 vobis
720 4953 869 5024 loqui
918 4956 1059 5026 etepi
1113 4959 1331 5025 sedens,
1370 4960 1499 5030 quis
1548 4958 1760 5015 dubitet
1810 4976 1913 5016 nos
1958 4976 2107 5017 nunc

2219 4976 2393 5031 πομεν
2417 4961 2498 5013 ὅτι
2529 4958 2829 5030 άπίλλομεν
2858 4960 2948 5012 τὸν
2981 4961 3195 5033 καιρὸν,
3230 4960 3324 5014 καὶ
3368 4961 3427 5013 ού
3478 4958 3823 5032 φοϐούμεθα.

520 5046 686 5100 morti
720 5046 1014 5103 viciniores
1038 5064 1159 5105 esse
1190 5067 1356 5121 quam
1397 5050 1600 5104 antea?
1643 5049 1774 5104 Lahi
1812 5062 2026 5122 tempus
2055 5059 2110 5107 et

2225 5052 2349 5115 Πῶς
2380 5042 2442 5107 ού
2480 5053 2899 5125 μνημονεύομεν
2931 5053 3025 5107 τοῦ
3060 5053 3226 5126 ῥητοῦ
3260 5052 3355 5106 τοῦ
3385 5054 3654 5125 γέροντος
3690 5050 3829 5106 ὲκεί-

520 5137 700 5210 perire
728 5140 887 5195 nobis
927 5142 1451 5210 animadvertimus,
1482 5153 1536 5198 et
1565 5159 1671 5198 non
1701 5145 2001 5199 timemus?
2028 5148 2124 5200 An.

2227 5160 2316 5196 νου
2344 5142 2441 5198 τοῦ
2475 5145 2745 5208 εἰπόντος,
2791 5145 2873 5197 ὅτι
2928 5163 2945 5195 ι
2978 5146 3194 5216 Χρυσὸν
3222 5146 3254 5215 ἦ
3288 5146 3535 5217 ἄργυρον
3568 5146 3668 5197 ἐὰν
3701 5146 3831 5196 ἀπο-

521 5246 633 5286 non
656 5233 807 5287 venit
833 5234 884 5288 in
919 5245 1155 5290 utentem
1186 5240 1473 5292 sententiae
1505 5238 1672 5304 illius,
1703 5254 1827 5309 qua:
1849 5237 2112 5307 frequens

2230 5234 2355 5307 λέσῃ
2384 5252 2488 5300 τις,
2533 5236 2759 5289 δύναται
2793 5236 2909 5290 ἀντ’
2933 5236 3099 5291 αὐτοῦ
3142 5238 3324 5308 εὑρεῖν
3355 5237 3548 5307 ἕτερον
3576 5252 3592 5267 ο
3641 5234 3834 5307 καιρὸν

522 5332 641 5377 erat
672 5323 725 5377 in
754 5340 850 5380 ore
881 5327 1033 5381 senis
1060 5327 1189 5381 dum
1230 5328 1438 5382 diceret
1472 5345 1485 5382 :
1525 5345 1543 5379 ι
1585 5328 1791 5382 Aurum
1829 5326 1997 5401 424
2028 5329 2113 5382 vel

2226 5328 2278 5382 se
2329 5329 2427 5383 ἑὰν
2474 5329 2853 5402 ἀπολέσωμεν,
2911 5331 3096 5403 ἀργῶς
3126 5333 3224 5385 καὶ
3260 5331 3526 5403 ῥᾳθύμως
3559 5328 3830 5399 βιοῦντες,

523 5425 810 5485 argentum
840 5420 883 5471 si
916 5418 1167 5474 amiserit
1192 5419 1379 5483 homo,
1409 5435 1571 5489 posse
1592 5436 1717 5475 eum
1745 5421 1827 5476 vel
1853 5423 1902 5476 id
1934 5422 2111 5495 ipsum

2231 5419 2379 5474 ίλλον
2406 5420 2587 5492 εὑρεῖν
2612 5424 2671 5476 οὐ
2696 5422 3013 5493 δυνάμεοα;
3050 5426 3259 5487 Ὄντως
3286 5424 3562 5494 μέλλομεν
3596 5420 3835 5492 ζητῆσαι

521 5507 608 5561 vel
631 5509 968 5564 tantumdem
994 5526 1357 5582 recuperare:
1380 5524 1597 5584 tempus
1619 5522 1801 5569 autem
1825 5515 1870 5568 si
1901 5523 2110 5585 pereat,

2230 5512 2352 5583 μίαν
2374 5512 2524 5587 ὥραν
2542 5516 2637 5570 τοῦ
2672 5518 2865 5590 καιροῦ
2897 5518 3087 5572 τούτου
3120 5519 3215 5572 καὶ
3245 5518 3321 5590 μὴ
3354 5518 3564 5589 εὑρεῖν.
3608 5535 3627 5567 ι
3671 5515 3834 5566 iidem

523 5611 628 5689 nec
662 5599 840 5667 ipsum
876 5601 1180 5668 amissum,
1223 5617 1322 5663 nec
1370 5602 1525 5661 aliud
1563 5618 1661 5674 pro
1690 5619 1757 5659 eo
1799 5619 1963 5674 posse
2004 5604 2101 5658 ali-

2228 5609 2579 5681 ἐπιθυμοῦσιν
2612 5614 2845 5667 ἀκοῦσαι
2870 5614 3023 5685 ῥῆμα
3047 5613 3326 5677 Θεοῦ,’κα“ι
3350 5614 3446 5683 οὐχ
3477 5611 3832 5681 εὐρέσκουσιξ

524 5689 748 5756 quando
779 5694 1100 5747 restaurari.
1139 5714 1157 5745 ι
1198 5695 1355 5762 Quod
1386 5694 1737 5750 verissimum
1773 5711 1898 5752 esse
1937 5704 2111 5767 patet.

2230 5703 2321 5756 καὶ
2345 5704 2507 5774 ἡμεῖς
2528 5705 2768 5760 τοσαῦτα
2799 5708 3076 5779 ἀκούομεν
3105 5706 3198 5761 καὶ
3224 5703 3711 5777 καταφρονοῦμεν,
3738 5700 3834 5752 καὶ

522 5775 662 5848 Quis
688 5781 832 5836 enim
868 5784 1011 5840 diem
1049 5788 1132 5843 vel
1165 5788 1354 5845 horam
1383 5788 1646 5859 temporis
1677 5790 1936 5848 amissam
1965 5807 2112 5866 qua:-

2226 5795 2285 5850 οὐ
2320 5795 2727 5871 διεγειρόμεθα;
2771 5800 2829 5853 ὐ
2859 5775 2993 5867 Θεδς
3026 5796 3188 5869 οἶδεν,
3221 5775 3610 5872 ἐκπλήττομαι
3633 5793 3729 5848 ἐπὶ
3763 5793 3830 5864 τῇ
