  <div class='ocr_page' id='page_1' title='image "/cluster/home/n/w/nwhite01/storage/ocr_20150623/88/coo.31924054869924/886.png"; bbox 0 0 4062 6424; ppageno 0'>
   <div class='ocr_carea' id='block_1_1' title="bbox 338 389 3606 475">
    <p class='ocr_par' dir='ltr' id='par_1_1' title="bbox 338 389 3606 475">
     <span class='ocr_line' id='line_1_1' title="bbox 338 389 3606 475; baseline 0.01 -33"><span class='ocrx_word' id='word_1_1' title='bbox 338 389 475 457; x_wconf 84' lang='lat'><strong>1737</strong></span> <span class='ocrx_word' id='word_1_2' title='bbox 1700 392 2083 454; x_wconf 82' lang='lat' dir='ltr'><strong>DOCTRINA</strong></span> <span class='ocrx_word' id='word_1_3' title='bbox 2111 396 2216 456; x_wconf 84' lang='lat' dir='ltr'><strong>XI.</strong></span> <span class='ocrx_word' id='word_1_4' title='bbox 3468 406 3606 475; x_wconf 81' lang='lat'><strong>1738</strong></span> 
     </span>
    </p>
   </div>
   <div class='ocr_carea' id='block_1_2' title="bbox 335 507 1939 587">
    <p class='ocr_par' dir='ltr' id='par_1_2' title="bbox 335 507 1919 582">
     <span class='ocr_line' id='line_1_2' title="bbox 335 507 1919 582; baseline -0.004 -16"><span class='ocrx_word' id='word_1_5' title='bbox 335 510 661 582; x_wconf 74' lang='grc' dir='ltr'><strong>ἀναισθησίᾳ</strong></span> <span class='ocrx_word' id='word_1_6' title='bbox 683 508 789 564; x_wconf 88' lang='grc' dir='ltr'><strong>τῶν</strong></span> <span class='ocrx_word' id='word_1_7' title='bbox 821 508 1009 580; x_wconf 75' lang='grc' dir='ltr'>ψυχῶν</span> <span class='ocrx_word' id='word_1_8' title='bbox 1038 509 1215 580; x_wconf 76' lang='grc' dir='ltr'>ἡμῶν,</span> <span class='ocrx_word' id='word_1_9' title='bbox 1243 508 1327 561; x_wconf 82' lang='grc' dir='ltr'><strong>ὅτι</strong></span> <span class='ocrx_word' id='word_1_10' title='bbox 1357 508 1637 577; x_wconf 80' lang='grc' dir='ltr'>δυνάμεθα</span> <span class='ocrx_word' id='word_1_11' title='bbox 1659 507 1919 577; x_wconf 85' lang='grc' dir='ltr'>σωθῆναι,</span> 
     </span>
    </p>
   </div>
   <div class='ocr_carea' id='block_1_3' title="bbox 2002 507 3606 587">
    <p class='ocr_par' dir='ltr' id='par_1_3' title="bbox 2031 511 3606 587">
     <span class='ocr_line' id='line_1_3' title="bbox 2031 511 3606 587; baseline 0.011 -24"><span class='ocrx_word' id='word_1_12' title='bbox 2031 525 2158 565; x_wconf 86' lang='lat' dir='ltr'><strong>rcus</strong></span> <span class='ocrx_word' id='word_1_13' title='bbox 2186 511 2482 581; x_wconf 84' lang='lat' dir='ltr'><strong>aliquando</strong></span> <span class='ocrx_word' id='word_1_14' title='bbox 2514 513 2758 569; x_wconf 78' lang='lat' dir='ltr'><strong>invenit?</strong></span> <span class='ocrx_word' id='word_1_15' title='bbox 2787 514 2934 583; x_wconf 89' lang='lat' dir='ltr'><strong>Quot</strong></span> <span class='ocrx_word' id='word_1_16' title='bbox 2963 524 3091 572; x_wconf 89' lang='lat' dir='ltr'><strong>sunt</strong></span> <span class='ocrx_word' id='word_1_17' title='bbox 3122 519 3215 587; x_wconf 87' lang='lat' dir='ltr'><strong>qui</strong></span> <span class='ocrx_word' id='word_1_18' title='bbox 3254 521 3480 576; x_wconf 82' lang='lat' dir='ltr'><strong>verbum</strong></span> <span class='ocrx_word' id='word_1_19' title='bbox 3511 523 3606 581; x_wconf 88' lang='lat' dir='ltr'><strong>Dei</strong></span> 
     </span>
    </p>
   </div>
   <div class='ocr_carea' id='block_1_4' title="bbox 333 598 1937 682">
    <p class='ocr_par' dir='ltr' id='par_1_4' title="bbox 333 598 1920 673">
     <span class='ocr_line' id='line_1_4' title="bbox 333 598 1920 673; baseline -0.001 -18"><span class='ocrx_word' id='word_1_20' title='bbox 333 604 427 657; x_wconf 76' lang='grc' dir='ltr'>καὶ</span> <span class='ocrx_word' id='word_1_21' title='bbox 461 602 522 654; x_wconf 83' lang='grc' dir='ltr'><strong>οὐ</strong></span> <span class='ocrx_word' id='word_1_22' title='bbox 556 602 801 673; x_wconf 83' lang='grc' dir='ltr'><strong>θέλομεν.</strong></span> <span class='ocrx_word' id='word_1_23' title='bbox 853 600 1140 671; x_wconf 82' lang='grc' dir='ltr'><strong>Δυνάμεθα</strong></span> <span class='ocrx_word' id='word_1_24' title='bbox 1171 600 1316 669; x_wconf 80' lang='grc' dir='ltr'>γὰρ,</span> <span class='ocrx_word' id='word_1_25' title='bbox 1359 600 1435 661; x_wconf 82' lang='grc' dir='ltr'>ὡς</span> <span class='ocrx_word' id='word_1_26' title='bbox 1478 600 1585 651; x_wconf 75' lang='grc' dir='ltr'>εἰσὶ</span> <span class='ocrx_word' id='word_1_27' title='bbox 1633 598 1801 670; x_wconf 87' lang='grc' dir='ltr'>νεαρά</span> <span class='ocrx_word' id='word_1_28' title='bbox 1851 599 1920 653; x_wconf 84' lang='grc' dir='ltr'><strong>τά</strong></span> 
     </span>
    </p>
   </div>
   <div class='ocr_carea' id='block_1_5' title="bbox 2005 598 3609 682">
    <p class='ocr_par' dir='ltr' id='par_1_5' title="bbox 2025 601 3609 682">
     <span class='ocr_line' id='line_1_5' title="bbox 2025 601 3609 682; baseline 0.01 -29"><span class='ocrx_word' id='word_1_29' title='bbox 2025 601 2491 672; x_wconf 67' lang='grc' dir='ltr'>ειιὰἰτοεθειὶιιηι,</span> <span class='ocrx_word' id='word_1_30' title='bbox 2518 619 2616 660; x_wconf 91' lang='lat' dir='ltr'><strong>nec</strong></span> <span class='ocrx_word' id='word_1_31' title='bbox 2641 605 2926 661; x_wconf 87' lang='lat' dir='ltr'><strong>inveniunt</strong></span> <span class='ocrx_word' id='word_1_32' title='bbox 2947 609 3039 679; x_wconf 89' lang='lat' dir='ltr'><strong>qui</strong></span> <span class='ocrx_word' id='word_1_33' title='bbox 3060 609 3141 664; x_wconf 89' lang='lat' dir='ltr'><strong>eis</strong></span> <span class='ocrx_word' id='word_1_34' title='bbox 3170 609 3299 664; x_wconf 89' lang='lat' dir='ltr'><strong>illud</strong></span> <span class='ocrx_word' id='word_1_35' title='bbox 3323 614 3609 682; x_wconf 77' lang='lat' dir='ltr'><strong>propinet?</strong></span> 
     </span>
    </p>
   </div>
   <div class='ocr_carea' id='block_1_6' title="bbox 334 688 1938 766">
    <p class='ocr_par' dir='ltr' id='par_1_6' title="bbox 334 688 1919 763">
     <span class='ocr_line' id='line_1_6' title="bbox 334 688 1919 763; baseline -0.003 -17"><span class='ocrx_word' id='word_1_36' title='bbox 334 693 484 763; x_wconf 83' lang='grc' dir='ltr'>πάθη</span> <span class='ocrx_word' id='word_1_37' title='bbox 519 691 699 763; x_wconf 77' lang='grc' dir='ltr'>ἡμῶν,</span> <span class='ocrx_word' id='word_1_38' title='bbox 736 692 900 761; x_wconf 70' lang='grc' dir='ltr'>κόψαι</span> <span class='ocrx_word' id='word_1_39' title='bbox 932 691 1093 755; x_wconf 77' lang='grc' dir='ltr'>αὐτὰ,</span> <span class='ocrx_word' id='word_1_40' title='bbox 1123 693 1216 745; x_wconf 72' lang='grc' dir='ltr'>καὶ</span> <span class='ocrx_word' id='word_1_41' title='bbox 1240 691 1301 743; x_wconf 81' lang='grc' dir='ltr'><strong>οὐ</strong></span> <span class='ocrx_word' id='word_1_42' title='bbox 1332 688 1691 760; x_wconf 78' lang='grc' dir='ltr'><strong>φροντίζομεν</strong></span> <span class='ocrx_word' id='word_1_43' title='bbox 1715 706 1729 719; x_wconf 86' lang='grc'><strong>·</strong></span> <span class='ocrx_word' id='word_1_44' title='bbox 1781 688 1919 743; x_wconf 86' lang='grc' dir='ltr'><strong>ἀλλά</strong></span> 
     </span>
    </p>
   </div>
   <div class='ocr_carea' id='block_1_7' title="bbox 2005 688 3609 766">
    <p class='ocr_par' dir='ltr' id='par_1_7' title="bbox 2025 689 3609 766">
     <span class='ocr_line' id='line_1_7' title="bbox 2025 689 3609 766; baseline 0.011 -23"><span class='ocrx_word' id='word_1_45' title='bbox 2025 689 2136 746; x_wconf 87' lang='lat' dir='ltr'><strong>Nos</strong></span> <span class='ocrx_word' id='word_1_46' title='bbox 2162 707 2292 747; x_wconf 84' lang='lat' dir='ltr'><strong>vero</strong></span> <span class='ocrx_word' id='word_1_47' title='bbox 2324 696 2566 763; x_wconf 77' lang='lat' dir='ltr'><strong>quotidie</strong></span> <span class='ocrx_word' id='word_1_48' title='bbox 2599 705 2857 766; x_wconf 88' lang='lat' dir='ltr'><strong>tantaque</strong></span> <span class='ocrx_word' id='word_1_49' title='bbox 2886 692 3171 755; x_wconf 82' lang='lat' dir='ltr'><strong>audientes</strong></span> <span class='ocrx_word' id='word_1_50' title='bbox 3203 704 3609 761; x_wconf 90' lang='lat' dir='ltr'><strong>contemnimus</strong></span> 
     </span>
    </p>
   </div>
   <div class='ocr_carea' id='block_1_8' title="bbox 333 779 1937 858">
    <p class='ocr_par' dir='ltr' id='par_1_8' title="bbox 333 779 1920 852">
     <span class='ocr_line' id='line_1_8' title="bbox 333 779 1920 852; baseline -0.001 -16"><span class='ocrx_word' id='word_1_51' title='bbox 333 783 569 852; x_wconf 84' lang='grc' dir='ltr'>ἀφίεμεν</span> <span class='ocrx_word' id='word_1_52' title='bbox 612 782 751 836; x_wconf 76' lang='grc' dir='ltr'>αὐτὰ</span> <span class='ocrx_word' id='word_1_53' title='bbox 798 781 1196 852; x_wconf 85' lang='grc' dir='ltr'>σκληρυνθῆναι</span> <span class='ocrx_word' id='word_1_54' title='bbox 1231 781 1355 834; x_wconf 85' lang='grc' dir='ltr'>καθ’</span> <span class='ocrx_word' id='word_1_55' title='bbox 1397 779 1575 851; x_wconf 82' lang='grc' dir='ltr'>ήμῶν,</span> <span class='ocrx_word' id='word_1_56' title='bbox 1619 782 1705 834; x_wconf 80' lang='grc' dir='ltr'><strong>ἵνα</strong></span> <span class='ocrx_word' id='word_1_57' title='bbox 1739 780 1920 835; x_wconf 79' lang='grc' dir='ltr'>πλεῖον</span> 
     </span>
    </p>
   </div>
   <div class='ocr_carea' id='block_1_9' title="bbox 2005 779 3609 858">
    <p class='ocr_par' dir='ltr' id='par_1_9' title="bbox 2027 784 3609 858">
     <span class='ocr_line' id='line_1_9' title="bbox 2027 784 3609 858; baseline 0.009 -21"><span class='ocrx_word' id='word_1_58' title='bbox 2027 784 2279 852; x_wconf 87' lang='lat' dir='ltr'><strong>copiam,</strong></span> <span class='ocrx_word' id='word_1_59' title='bbox 2335 801 2513 855; x_wconf 91' lang='lat' dir='ltr'><strong>neque</strong></span> <span class='ocrx_word' id='word_1_60' title='bbox 2558 789 2855 858; x_wconf 82' lang='lat' dir='ltr'><strong>quidquam</strong></span> <span class='ocrx_word' id='word_1_61' title='bbox 2888 792 3219 847; x_wconf 77' lang='lat' dir='ltr'><strong>extenditur.</strong></span> <span class='ocrx_word' id='word_1_62' title='bbox 3260 792 3422 850; x_wconf 88' lang='lat' dir='ltr'><strong>Novit</strong></span> <span class='ocrx_word' id='word_1_63' title='bbox 3466 796 3609 852; x_wconf 89' lang='lat' dir='ltr'><strong>Deus</strong></span> 
     </span>
    </p>
   </div>
   <div class='ocr_carea' id='block_1_10' title="bbox 334 872 1938 954">
    <p class='ocr_par' dir='ltr' id='par_1_10' title="bbox 334 872 1920 944">
     <span class='ocr_line' id='line_1_10' title="bbox 334 872 1920 944; baseline -0.001 -18"><span class='ocrx_word' id='word_1_64' title='bbox 334 872 514 942; x_wconf 85' lang='grc' dir='ltr'>κάκην</span> <span class='ocrx_word' id='word_1_65' title='bbox 544 873 781 944; x_wconf 76' lang='grc' dir='ltr'><strong>ἐσχάτην</strong></span> <span class='ocrx_word' id='word_1_66' title='bbox 809 874 1145 944; x_wconf 83' lang='grc' dir='ltr'>ποιήσωμεν.</span> <span class='ocrx_word' id='word_1_67' title='bbox 1179 872 1341 925; x_wconf 79' lang='grc' dir='ltr'>’Δλλο</span> <span class='ocrx_word' id='word_1_68' title='bbox 1361 873 1471 942; x_wconf 88' lang='grc' dir='ltr'><strong>γάρ</strong></span> <span class='ocrx_word' id='word_1_69' title='bbox 1500 874 1669 935; x_wconf 76' lang='grc' dir='ltr'>ἐστιν,</span> <span class='ocrx_word' id='word_1_70' title='bbox 1694 873 1770 935; x_wconf 87' lang='grc' dir='ltr'><strong>ὡς</strong></span> <span class='ocrx_word' id='word_1_71' title='bbox 1796 873 1920 925; x_wconf 83' lang='grc' dir='ltr'>πολ-</span> 
     </span>
    </p>
   </div>
   <div class='ocr_carea' id='block_1_11' title="bbox 2002 872 3606 954">
    <p class='ocr_par' dir='ltr' id='par_1_11' title="bbox 2028 876 3606 954">
     <span class='ocr_line' id='line_1_11' title="bbox 2028 876 3606 954; baseline 0.01 -28"><span class='ocrx_word' id='word_1_72' title='bbox 2028 884 2292 944; x_wconf 86' lang='lat' dir='ltr'><strong>quantum</strong></span> <span class='ocrx_word' id='word_1_73' title='bbox 2325 876 2628 930; x_wconf 86' lang='lat' dir='ltr'><strong>discrueier</strong></span> <span class='ocrx_word' id='word_1_74' title='bbox 2671 880 2978 934; x_wconf 86' lang='lat' dir='ltr'><strong>animarum</strong></span> <span class='ocrx_word' id='word_1_75' title='bbox 3029 895 3338 940; x_wconf 90' lang='lat' dir='ltr'><strong>nostrarum</strong></span> <span class='ocrx_word' id='word_1_76' title='bbox 3385 888 3606 954; x_wconf 84' lang='lat' dir='ltr'><strong>duritie,</strong></span> 
     </span>
    </p>
   </div>
   <div class='ocr_carea' id='block_1_12' title="bbox 334 960 1938 1045">
    <p class='ocr_par' dir='ltr' id='par_1_12' title="bbox 334 960 1922 1037">
     <span class='ocr_line' id='line_1_12' title="bbox 334 960 1922 1037; baseline 0.002 -20"><span class='ocrx_word' id='word_1_77' title='bbox 334 964 492 1028; x_wconf 82' lang='grc' dir='ltr'>λάκις</span> <span class='ocrx_word' id='word_1_78' title='bbox 527 960 680 1019; x_wconf 74' lang='grc' dir='ltr'>εἶπον</span> <span class='ocrx_word' id='word_1_79' title='bbox 712 966 863 1035; x_wconf 74' lang='grc' dir='ltr'>ὑμῖν,</span> <span class='ocrx_word' id='word_1_80' title='bbox 912 967 976 1019; x_wconf 85' lang='grc' dir='ltr'>τὸ</span> <span class='ocrx_word' id='word_1_81' title='bbox 1025 966 1322 1037; x_wconf 83' lang='grc' dir='ltr'>ὲκριζῶσαι</span> <span class='ocrx_word' id='word_1_82' title='bbox 1365 967 1616 1037; x_wconf 78' lang='grc' dir='ltr'><strong>βοτάνην,</strong></span> <span class='ocrx_word' id='word_1_83' title='bbox 1645 967 1725 1020; x_wconf 83' lang='grc' dir='ltr'>ὅτι</span> <span class='ocrx_word' id='word_1_84' title='bbox 1757 964 1922 1030; x_wconf 71' lang='grc' dir='ltr'>εὐθὺς</span> 
     </span>
    </p>
   </div>
   <div class='ocr_carea' id='block_1_13' title="bbox 2001 960 3605 1045">
    <p class='ocr_par' dir='ltr' id='par_1_13' title="bbox 2031 967 3605 1045">
     <span class='ocr_line' id='line_1_13' title="bbox 2031 967 3605 1045; baseline 0.01 -26"><span class='ocrx_word' id='word_1_85' title='bbox 2031 968 2157 1035; x_wconf 85' lang='lat' dir='ltr'><strong>quia</strong></span> <span class='ocrx_word' id='word_1_86' title='bbox 2193 967 2391 1020; x_wconf 84' lang='lat' dir='ltr'><strong>salvari</strong></span> <span class='ocrx_word' id='word_1_87' title='bbox 2421 984 2545 1022; x_wconf 91' lang='lat' dir='ltr'><strong>eum</strong></span> <span class='ocrx_word' id='word_1_88' title='bbox 2574 971 2869 1038; x_wconf 83' lang='lat' dir='ltr'><strong>possimus,</strong></span> <span class='ocrx_word' id='word_1_89' title='bbox 2901 976 3226 1045; x_wconf 77' lang='lat' dir='ltr'><strong>negligimus</strong></span> <span class='ocrx_word' id='word_1_90' title='bbox 3248 987 3300 1032; x_wconf 92' lang='lat' dir='ltr'><strong>et</strong></span> <span class='ocrx_word' id='word_1_91' title='bbox 3329 980 3605 1034; x_wconf 84' lang='lat' dir='ltr'><strong>nolumus.</strong></span> 
     </span>
    </p>
   </div>
   <div class='ocr_carea' id='block_1_14' title="bbox 333 1055 1937 1136">
    <p class='ocr_par' dir='ltr' id='par_1_14' title="bbox 333 1055 1923 1128">
     <span class='ocr_line' id='line_1_14' title="bbox 333 1055 1923 1128; baseline -0.002 -18"><span class='ocrx_word' id='word_1_92' title='bbox 333 1057 674 1119; x_wconf 67' lang='grc' dir='ltr'>ἀποσπᾶται,</span> <span class='ocrx_word' id='word_1_93' title='bbox 715 1057 809 1109; x_wconf 70' lang='grc' dir='ltr'>καὶ</span> <span class='ocrx_word' id='word_1_94' title='bbox 848 1055 974 1109; x_wconf 82' lang='grc' dir='ltr'>ἄλλο</span> <span class='ocrx_word' id='word_1_95' title='bbox 1021 1057 1139 1109; x_wconf 76' lang='grc' dir='ltr'>ἐστὶ</span> <span class='ocrx_word' id='word_1_96' title='bbox 1181 1057 1243 1111; x_wconf 73' lang='grc' dir='ltr'>τὸ</span> <span class='ocrx_word' id='word_1_97' title='bbox 1283 1057 1581 1128; x_wconf 78' lang='grc' dir='ltr'>ὲκριζῶσαι</span> <span class='ocrx_word' id='word_1_98' title='bbox 1627 1057 1769 1127; x_wconf 83' lang='grc' dir='ltr'>μέγα</span> <span class='ocrx_word' id='word_1_99' title='bbox 1807 1057 1923 1108; x_wconf 83' lang='grc' dir='ltr'>δέν-</span> 
     </span>
    </p>
   </div>
   <div class='ocr_carea' id='block_1_15' title="bbox 2003 1055 3607 1136">
    <p class='ocr_par' dir='ltr' id='par_1_15' title="bbox 2032 1058 3607 1136">
     <span class='ocr_line' id='line_1_15' title="bbox 2032 1058 3607 1136; baseline 0.01 -24"><span class='ocrx_word' id='word_1_100' title='bbox 2032 1058 2278 1113; x_wconf 83' lang='lat' dir='ltr'><strong>Evellcre</strong></span> <span class='ocrx_word' id='word_1_101' title='bbox 2306 1060 2450 1113; x_wconf 89' lang='lat' dir='ltr'><strong>enim</strong></span> <span class='ocrx_word' id='word_1_102' title='bbox 2485 1076 2777 1131; x_wconf 86' lang='lat' dir='ltr'><strong>possumus</strong></span> <span class='ocrx_word' id='word_1_103' title='bbox 2806 1064 2936 1118; x_wconf 84' lang='lat' dir='ltr'><strong>vitia</strong></span> <span class='ocrx_word' id='word_1_104' title='bbox 2966 1076 3018 1120; x_wconf 93' lang='lat' dir='ltr'><strong>et</strong></span> <span class='ocrx_word' id='word_1_105' title='bbox 3050 1072 3334 1136; x_wconf 86' lang='lat' dir='ltr'><strong>passiones</strong></span> <span class='ocrx_word' id='word_1_106' title='bbox 3365 1081 3607 1135; x_wconf 90' lang='lat' dir='ltr'><strong>nostras,</strong></span> 
     </span>
    </p>
   </div>
   <div class='ocr_carea' id='block_1_16' title="bbox 338 1148 3606 1225">
    <p class='ocr_par' dir='ltr' id='par_1_16' title="bbox 338 1148 3606 1225">
     <span class='ocr_line' id='line_1_16' title="bbox 338 1148 3606 1225; baseline 0.008 -35"><span class='ocrx_word' id='word_1_107' title='bbox 338 1148 489 1219; x_wconf 84' lang='grc' dir='ltr'>δρον,</span> <span class='ocrx_word' id='word_1_108' title='bbox 2029 1164 2154 1202; x_wconf 89' lang='lat' dir='ltr'><strong>eum</strong></span> <span class='ocrx_word' id='word_1_109' title='bbox 2190 1158 2390 1202; x_wconf 71' lang='lat' dir='ltr'><strong>tenerae</strong></span> <span class='ocrx_word' id='word_1_110' title='bbox 2424 1158 2554 1203; x_wconf 91' lang='lat' dir='ltr'><strong>sunt</strong></span> <span class='ocrx_word' id='word_1_111' title='bbox 2598 1158 2858 1219; x_wconf 90' lang='lat' dir='ltr'><strong>tauquam</strong></span> <span class='ocrx_word' id='word_1_112' title='bbox 2904 1155 3146 1222; x_wconf 89' lang='lat' dir='ltr'><strong>arbusta,</strong></span> <span class='ocrx_word' id='word_1_113' title='bbox 3194 1174 3292 1213; x_wconf 89' lang='lat' dir='ltr'><strong>nec</strong></span> <span class='ocrx_word' id='word_1_114' title='bbox 3324 1175 3606 1225; x_wconf 81' lang='lat' dir='ltr'><strong>curamus,</strong></span> 
     </span>
    </p>
   </div>
   <div class='ocr_carea' id='block_1_17' title="bbox 333 1238 3608 1318">
    <p class='ocr_par' dir='ltr' id='par_1_17' title="bbox 333 1238 3608 1318">
     <span class='ocr_line' id='line_1_17' title="bbox 333 1238 3608 1318; baseline 0.004 -27"><span class='ocrx_word' id='word_1_115' title='bbox 333 1238 480 1305; x_wconf 85' lang='lat' dir='ltr'><strong>Quin</strong></span> <span class='ocrx_word' id='word_1_116' title='bbox 511 1239 689 1309; x_wconf 85' lang='lat' dir='ltr'><strong>petius</strong></span> <span class='ocrx_word' id='word_1_117' title='bbox 721 1240 956 1296; x_wconf 87' lang='lat' dir='ltr'><strong>sinimus</strong></span> <span class='ocrx_word' id='word_1_118' title='bbox 978 1241 1098 1297; x_wconf 90' lang='lat' dir='ltr'><strong>illas</strong></span> <span class='ocrx_word' id='word_1_119' title='bbox 1120 1242 1483 1299; x_wconf 87' lang='lat' dir='ltr'><strong>obdurescere</strong></span> <span class='ocrx_word' id='word_1_120' title='bbox 1505 1252 1561 1298; x_wconf 89' lang='lat' dir='ltr'><strong>et</strong></span> <span class='ocrx_word' id='word_1_121' title='bbox 1591 1257 1839 1299; x_wconf 87' lang='lat' dir='ltr'><strong>crescere</strong></span> <span class='ocrx_word' id='word_1_122' title='bbox 1878 1243 1928 1294; x_wconf 93' lang='lat' dir='ltr'><strong>in</strong></span> <span class='ocrx_word' id='word_1_123' title='bbox 1985 1240 2164 1303; x_wconf 82' lang='lat' dir='ltr'><strong>nobis,</strong></span> <span class='ocrx_word' id='word_1_124' title='bbox 2200 1248 2258 1293; x_wconf 86' lang='lat' dir='ltr'><strong>ut</strong></span> <span class='ocrx_word' id='word_1_125' title='bbox 2294 1240 2590 1310; x_wconf 83' lang='lat' dir='ltr'><strong>perfectam</strong></span> <span class='ocrx_word' id='word_1_126' title='bbox 2647 1242 2699 1295; x_wconf 93' lang='lat' dir='ltr'><strong>in</strong></span> <span class='ocrx_word' id='word_1_127' title='bbox 2728 1243 2886 1298; x_wconf 88' lang='lat' dir='ltr'><strong>nobis</strong></span> <span class='ocrx_word' id='word_1_128' title='bbox 2909 1246 3172 1301; x_wconf 85' lang='lat' dir='ltr'><strong>malitiam</strong></span> <span class='ocrx_word' id='word_1_129' title='bbox 3198 1259 3251 1303; x_wconf 89' lang='lat' dir='ltr'><strong>et</strong></span> <span class='ocrx_word' id='word_1_130' title='bbox 3278 1260 3608 1318; x_wconf 81' lang='lat' dir='ltr'><strong>postremam</strong></span> 
     </span>
    </p>
   </div>
   <div class='ocr_carea' id='block_1_18' title="bbox 335 1331 3610 1406">
    <p class='ocr_par' dir='ltr' id='par_1_18' title="bbox 335 1331 3610 1406">
     <span class='ocr_line' id='line_1_18' title="bbox 335 1331 3610 1406; baseline 0.003 -20"><span class='ocrx_word' id='word_1_131' title='bbox 335 1331 555 1386; x_wconf 80' lang='lat' dir='ltr'><strong>tandem</strong></span> <span class='ocrx_word' id='word_1_132' title='bbox 587 1332 811 1385; x_wconf 87' lang='lat' dir='ltr'><strong>l&#39;aeiant.</strong></span> <span class='ocrx_word' id='word_1_133' title='bbox 839 1332 1000 1386; x_wconf 79' lang='lat' dir='ltr'><strong>Aliud</strong></span> <span class='ocrx_word' id='word_1_134' title='bbox 1030 1343 1115 1389; x_wconf 89' lang='lat' dir='ltr'><strong>est</strong></span> <span class='ocrx_word' id='word_1_135' title='bbox 1143 1335 1311 1397; x_wconf 89' lang='lat' dir='ltr'><strong>enim,</strong></span> <span class='ocrx_word' id='word_1_136' title='bbox 1381 1344 1442 1388; x_wconf 93' lang='lat' dir='ltr'><strong>ut</strong></span> <span class='ocrx_word' id='word_1_137' title='bbox 1479 1351 1621 1404; x_wconf 77' lang='lat' dir='ltr'><strong>saepe</strong></span> <span class='ocrx_word' id='word_1_138' title='bbox 1680 1334 1815 1392; x_wconf 79' lang='lat' dir='ltr'><strong>dixi,</strong></span> <span class='ocrx_word' id='word_1_139' title='bbox 1880 1331 2108 1385; x_wconf 75' lang='lat' dir='ltr'><strong>evellere</strong></span> <span class='ocrx_word' id='word_1_140' title='bbox 2135 1346 2360 1401; x_wconf 87' lang='lat' dir='ltr'><strong>parvam</strong></span> <span class='ocrx_word' id='word_1_141' title='bbox 2391 1331 2619 1387; x_wconf 86' lang='lat' dir='ltr'><strong>herbam</strong></span> <span class='ocrx_word' id='word_1_142' title='bbox 2646 1341 2700 1386; x_wconf 91' lang='lat' dir='ltr'><strong>et</strong></span> <span class='ocrx_word' id='word_1_143' title='bbox 2729 1343 2970 1388; x_wconf 87' lang='lat' dir='ltr'><strong>teneram</strong></span> <span class='ocrx_word' id='word_1_144' title='bbox 3003 1351 3125 1406; x_wconf 66' lang='lat' dir='ltr'><strong>quae</strong></span> <span class='ocrx_word' id='word_1_145' title='bbox 3187 1341 3368 1393; x_wconf 86' lang='lat' dir='ltr'><strong>statim</strong></span> <span class='ocrx_word' id='word_1_146' title='bbox 3408 1342 3610 1396; x_wconf 79' lang='lat' dir='ltr'><strong>exstir-</strong></span> 
     </span>
    </p>
   </div>
   <div class='ocr_carea' id='block_1_19' title="bbox 335 1425 1724 1498">
    <p class='ocr_par' dir='ltr' id='par_1_19' title="bbox 335 1425 1724 1498">
     <span class='ocr_line' id='line_1_19' title="bbox 335 1425 1724 1498; baseline 0 -17"><span class='ocrx_word' id='word_1_147' title='bbox 335 1436 518 1498; x_wconf 88' lang='lat' dir='ltr'><strong>patur,</strong></span> <span class='ocrx_word' id='word_1_148' title='bbox 554 1434 610 1479; x_wconf 90' lang='lat' dir='ltr'><strong>et</strong></span> <span class='ocrx_word' id='word_1_149' title='bbox 647 1425 811 1479; x_wconf 89' lang='lat' dir='ltr'><strong>aliam</strong></span> <span class='ocrx_word' id='word_1_150' title='bbox 848 1442 1101 1494; x_wconf 77' lang='lat' dir='ltr'><strong>magnam</strong></span> <span class='ocrx_word' id='word_1_151' title='bbox 1141 1429 1392 1482; x_wconf 86' lang='lat' dir='ltr'><strong>arborem</strong></span> <span class='ocrx_word' id='word_1_152' title='bbox 1424 1429 1724 1482; x_wconf 82' lang='lat' dir='ltr'><strong>eradicare.</strong></span> 
     </span>
    </p>
   </div>
   <div class='ocr_carea' id='block_1_20' title="bbox 408 1504 2012 1588">
    <p class='ocr_par' dir='ltr' id='par_1_20' title="bbox 408 1514 1929 1588">
     <span class='ocr_line' id='line_1_20' title="bbox 408 1514 1929 1588; baseline -0.003 -17"><span class='ocrx_word' id='word_1_153' title='bbox 408 1518 481 1571; x_wconf 74' lang='lat'><strong>1&quot;.</strong></span> <span class='ocrx_word' id='word_1_154' title='bbox 515 1516 826 1586; x_wconf 85' lang='grc' dir='ltr'>Εὑκαίρησέ</span> <span class='ocrx_word' id='word_1_155' title='bbox 853 1534 937 1581; x_wconf 88' lang='grc' dir='ltr'>τις</span> <span class='ocrx_word' id='word_1_156' title='bbox 968 1518 1139 1587; x_wconf 84' lang='grc' dir='ltr'>μέγας</span> <span class='ocrx_word' id='word_1_157' title='bbox 1161 1519 1338 1587; x_wconf 85' lang='grc' dir='ltr'>γέρων</span> <span class='ocrx_word' id='word_1_158' title='bbox 1369 1518 1508 1588; x_wconf 85' lang='grc' dir='ltr'>μετὰ</span> <span class='ocrx_word' id='word_1_159' title='bbox 1531 1517 1639 1569; x_wconf 87' lang='grc' dir='ltr'><strong>τῶν</strong></span> <span class='ocrx_word' id='word_1_160' title='bbox 1667 1514 1929 1587; x_wconf 77' lang='grc' dir='ltr'>μαθητῶν</span> 
     </span>
    </p>
   </div>
   <div class='ocr_carea' id='block_1_21' title="bbox 2005 1504 3609 1588">
    <p class='ocr_par' dir='ltr' id='par_1_21' title="bbox 2108 1504 3609 1581">
     <span class='ocr_line' id='line_1_21' title="bbox 2108 1504 3609 1581; baseline 0.007 -23"><span class='ocrx_word' id='word_1_161' title='bbox 2108 1506 2194 1562; x_wconf 89' lang='lat' dir='ltr'><strong>lll.</strong></span> <span class='ocrx_word' id='word_1_162' title='bbox 2246 1504 2472 1560; x_wconf 86' lang='lat' dir='ltr'><strong>Otiosus</strong></span> <span class='ocrx_word' id='word_1_163' title='bbox 2516 1512 2634 1558; x_wconf 90' lang='lat' dir='ltr'><strong>erat</strong></span> <span class='ocrx_word' id='word_1_164' title='bbox 2663 1504 2994 1575; x_wconf 86' lang='lat' dir='ltr'><strong>quandoque</strong></span> <span class='ocrx_word' id='word_1_165' title='bbox 3023 1521 3189 1563; x_wconf 81' lang='lat' dir='ltr'><strong>senex</strong></span> <span class='ocrx_word' id='word_1_166' title='bbox 3223 1525 3452 1581; x_wconf 81' lang='lat' dir='ltr'><strong>magnus</strong></span> <span class='ocrx_word' id='word_1_167' title='bbox 3485 1532 3609 1571; x_wconf 90' lang='lat' dir='ltr'><strong>cum</strong></span> 
     </span>
    </p>
   </div>
   <div class='ocr_carea' id='block_1_22' title="bbox 334 1595 1938 1677">
    <p class='ocr_par' dir='ltr' id='par_1_22' title="bbox 334 1600 1928 1677">
     <span class='ocr_line' id='line_1_22' title="bbox 334 1600 1928 1677; baseline -0.003 -15"><span class='ocrx_word' id='word_1_168' title='bbox 334 1605 506 1662; x_wconf 79' lang='grc' dir='ltr'>αὐτοῦ</span> <span class='ocrx_word' id='word_1_169' title='bbox 536 1608 593 1659; x_wconf 78' lang='grc' dir='ltr'>ἐν</span> <span class='ocrx_word' id='word_1_170' title='bbox 619 1605 772 1676; x_wconf 87' lang='grc' dir='ltr'>τόπῳ</span> <span class='ocrx_word' id='word_1_171' title='bbox 796 1607 924 1673; x_wconf 76' lang='grc' dir='ltr'>τινὶ,</span> <span class='ocrx_word' id='word_1_172' title='bbox 957 1608 1015 1659; x_wconf 78' lang='grc' dir='ltr'><strong>ἐν</strong></span> <span class='ocrx_word' id='word_1_173' title='bbox 1051 1600 1096 1674; x_wconf 84' lang='grc' dir='ltr'><strong>ᾧ</strong></span> <span class='ocrx_word' id='word_1_174' title='bbox 1135 1603 1277 1676; x_wconf 80' lang='grc' dir='ltr'>ἦσαν</span> <span class='ocrx_word' id='word_1_175' title='bbox 1311 1608 1648 1677; x_wconf 85' lang='grc' dir='ltr'>κυπαρίσσια</span> <span class='ocrx_word' id='word_1_176' title='bbox 1675 1607 1928 1674; x_wconf 64' lang='grc' dir='ltr'>διάφορα,</span> 
     </span>
    </p>
   </div>
   <div class='ocr_carea' id='block_1_23' title="bbox 2005 1595 3609 1677">
    <p class='ocr_par' dir='ltr' id='par_1_23' title="bbox 2034 1595 3609 1671">
     <span class='ocr_line' id='line_1_23' title="bbox 2034 1595 3609 1671; baseline 0.004 -17"><span class='ocrx_word' id='word_1_177' title='bbox 2034 1599 2319 1668; x_wconf 84' lang='lat' dir='ltr'><strong>discipulis</strong></span> <span class='ocrx_word' id='word_1_178' title='bbox 2348 1596 2467 1651; x_wconf 90' lang='lat' dir='ltr'><strong>suis</strong></span> <span class='ocrx_word' id='word_1_179' title='bbox 2496 1595 2550 1648; x_wconf 91' lang='lat' dir='ltr'><strong>in</strong></span> <span class='ocrx_word' id='word_1_180' title='bbox 2583 1595 2781 1659; x_wconf 86' lang='lat' dir='ltr'><strong>hortis,</strong></span> <span class='ocrx_word' id='word_1_181' title='bbox 2813 1596 2868 1650; x_wconf 90' lang='lat' dir='ltr'><strong>in</strong></span> <span class='ocrx_word' id='word_1_182' title='bbox 2900 1597 3104 1667; x_wconf 88' lang='lat' dir='ltr'><strong>quibus</strong></span> <span class='ocrx_word' id='word_1_183' title='bbox 3148 1603 3389 1670; x_wconf 88' lang='lat' dir='ltr'><strong>cupressi</strong></span> <span class='ocrx_word' id='word_1_184' title='bbox 3429 1607 3609 1671; x_wconf 74' lang='lat' dir='ltr'><strong>varize,</strong></span> 
     </span>
    </p>
   </div>
   <div class='ocr_carea' id='block_1_24' title="bbox 339 1688 1943 1769">
    <p class='ocr_par' dir='ltr' id='par_1_24' title="bbox 339 1694 1929 1769">
     <span class='ocr_line' id='line_1_24' title="bbox 339 1694 1929 1769; baseline -0.003 -19"><span class='ocrx_word' id='word_1_185' title='bbox 339 1696 516 1768; x_wconf 82' lang='grc' dir='ltr'>μικρά</span> <span class='ocrx_word' id='word_1_186' title='bbox 547 1697 641 1749; x_wconf 77' lang='grc' dir='ltr'><strong>καὶ</strong></span> <span class='ocrx_word' id='word_1_187' title='bbox 669 1695 903 1767; x_wconf 86' lang='grc' dir='ltr'>μεγάλα.</span> <span class='ocrx_word' id='word_1_188' title='bbox 938 1696 1046 1748; x_wconf 71' lang='grc' dir='ltr'><strong>Καὶ</strong></span> <span class='ocrx_word' id='word_1_189' title='bbox 1074 1696 1226 1764; x_wconf 82' lang='grc' dir='ltr'><strong>λέγει</strong></span> <span class='ocrx_word' id='word_1_190' title='bbox 1254 1699 1282 1749; x_wconf 99' lang='lat'><strong>6</strong></span> <span class='ocrx_word' id='word_1_191' title='bbox 1307 1698 1486 1769; x_wconf 83' lang='grc' dir='ltr'>γέρων</span> <span class='ocrx_word' id='word_1_192' title='bbox 1514 1696 1595 1750; x_wconf 75' lang='grc' dir='ltr'><strong>ἐνὶ</strong></span> <span class='ocrx_word' id='word_1_193' title='bbox 1617 1696 1725 1749; x_wconf 87' lang='grc' dir='ltr'><strong>τῶν</strong></span> <span class='ocrx_word' id='word_1_194' title='bbox 1753 1694 1929 1766; x_wconf 86' lang='grc' dir='ltr'>μαθη-</span> 
     </span>
    </p>
   </div>
   <div class='ocr_carea' id='block_1_25' title="bbox 2009 1688 3613 1769">
    <p class='ocr_par' dir='ltr' id='par_1_25' title="bbox 2032 1688 3613 1766">
     <span class='ocr_line' id='line_1_25' title="bbox 2032 1688 3613 1766; baseline 0.006 -23"><span class='ocrx_word' id='word_1_195' title='bbox 2032 1704 2244 1758; x_wconf 60' lang='lat' dir='ltr'><strong>magnae</strong></span> <span class='ocrx_word' id='word_1_196' title='bbox 2265 1688 2473 1743; x_wconf 89' lang='lat' dir='ltr'><strong>scilicet</strong></span> <span class='ocrx_word' id='word_1_197' title='bbox 2502 1702 2565 1741; x_wconf 92' lang='lat' dir='ltr'><strong>ac</strong></span> <span class='ocrx_word' id='word_1_198' title='bbox 2587 1702 2769 1756; x_wconf 77' lang='lat' dir='ltr'><strong>parva:</strong></span> <span class='ocrx_word' id='word_1_199' title='bbox 2797 1696 3104 1744; x_wconf 77' lang='lat' dir='ltr'><strong>creverant.</strong></span> <span class='ocrx_word' id='word_1_200' title='bbox 3137 1690 3427 1761; x_wconf 76' lang='lat' dir='ltr'><strong>Imperavit</strong></span> <span class='ocrx_word' id='word_1_201' title='bbox 3451 1696 3613 1766; x_wconf 79' lang='lat' dir='ltr'><strong>igitur</strong></span> 
     </span>
    </p>
   </div>
   <div class='ocr_carea' id='block_1_26' title="bbox 334 1779 1938 1860">
    <p class='ocr_par' dir='ltr' id='par_1_26' title="bbox 334 1783 1929 1860">
     <span class='ocr_line' id='line_1_26' title="bbox 334 1783 1929 1860; baseline -0.002 -18"><span class='ocrx_word' id='word_1_202' title='bbox 334 1790 449 1843; x_wconf 86' lang='grc' dir='ltr'><strong>τῶν</strong></span> <span class='ocrx_word' id='word_1_203' title='bbox 467 1788 654 1842; x_wconf 78' lang='grc' dir='ltr'>αὐτοῦ’</span> <span class='ocrx_word' id='word_1_204' title='bbox 680 1807 699 1841; x_wconf 80' lang='lat' dir='ltr'><strong>t</strong></span> <span class='ocrx_word' id='word_1_205' title='bbox 721 1789 1065 1842; x_wconf 79' lang='grc' dir='ltr'>Ἀνάσπασον</span> <span class='ocrx_word' id='word_1_206' title='bbox 1082 1789 1144 1842; x_wconf 70' lang='grc' dir='ltr'>τὸ</span> <span class='ocrx_word' id='word_1_207' title='bbox 1168 1790 1530 1860; x_wconf 80' lang='grc' dir='ltr'><strong>κυπαρίσσων</strong></span> <span class='ocrx_word' id='word_1_208' title='bbox 1542 1788 1720 1842; x_wconf 83' lang='grc' dir='ltr'>τοῦτο’</span> <span class='ocrx_word' id='word_1_209' title='bbox 1741 1806 1758 1839; x_wconf 77' lang='grc' dir='ltr'><strong>ι</strong></span> <span class='ocrx_word' id='word_1_210' title='bbox 1779 1783 1847 1858; x_wconf 85' lang='grc' dir='ltr'>ἦν</span> <span class='ocrx_word' id='word_1_211' title='bbox 1871 1786 1929 1840; x_wconf 82' lang='grc' dir='ltr'>δὲ</span> 
     </span>
    </p>
   </div>
   <div class='ocr_carea' id='block_1_27' title="bbox 2006 1779 3610 1860">
    <p class='ocr_par' dir='ltr' id='par_1_27' title="bbox 2031 1779 3610 1857">
     <span class='ocr_line' id='line_1_27' title="bbox 2031 1779 3610 1857; baseline -0.001 -22"><span class='ocrx_word' id='word_1_212' title='bbox 2031 1781 2123 1835; x_wconf 91' lang='lat' dir='ltr'><strong>nni</strong></span> <span class='ocrx_word' id='word_1_213' title='bbox 2155 1796 2219 1835; x_wconf 69' lang='lat' dir='ltr'><strong>ex</strong></span> <span class='ocrx_word' id='word_1_214' title='bbox 2255 1779 2517 1833; x_wconf 84' lang='lat' dir='ltr'><strong>fratribus</strong></span> <span class='ocrx_word' id='word_1_215' title='bbox 2564 1792 2733 1833; x_wconf 80' lang='lat' dir='ltr'><strong>senex</strong></span> <span class='ocrx_word' id='word_1_216' title='bbox 2779 1792 3101 1847; x_wconf 85' lang='lat' dir='ltr'><strong>cupressum</strong></span> <span class='ocrx_word' id='word_1_217' title='bbox 3146 1784 3418 1840; x_wconf 82' lang='lat' dir='ltr'><strong>evellere:</strong></span> <span class='ocrx_word' id='word_1_218' title='bbox 3467 1804 3610 1857; x_wconf 50' lang='lat' dir='ltr'><strong>quae,</strong></span> 
     </span>
    </p>
   </div>
   <div class='ocr_carea' id='block_1_28' title="bbox 339 1877 1943 1978">
    <p class='ocr_par' dir='ltr' id='par_1_28' title="bbox 339 1879 1928 1952">
     <span class='ocr_line' id='line_1_28' title="bbox 339 1879 1928 1952; baseline -0.004 -18"><span class='ocrx_word' id='word_1_219' title='bbox 339 1880 539 1952; x_wconf 85' lang='grc' dir='ltr'>μικρὸν</span> <span class='ocrx_word' id='word_1_220' title='bbox 587 1881 752 1943; x_wconf 86' lang='grc' dir='ltr'>πάνυ,</span> <span class='ocrx_word' id='word_1_221' title='bbox 803 1879 900 1934; x_wconf 68' lang='grc' dir='ltr'><strong>καὶ</strong></span> <span class='ocrx_word' id='word_1_222' title='bbox 947 1879 1244 1950; x_wconf 80' lang='grc' dir='ltr'>εὐθέωςτῇ</span> <span class='ocrx_word' id='word_1_223' title='bbox 1287 1881 1386 1950; x_wconf 82' lang='grc' dir='ltr'>μιᾷ</span> <span class='ocrx_word' id='word_1_224' title='bbox 1434 1880 1577 1950; x_wconf 84' lang='grc' dir='ltr'>χειρὶ</span> <span class='ocrx_word' id='word_1_225' title='bbox 1621 1879 1928 1932; x_wconf 83' lang='grc' dir='ltr'>ἀνέσπασεν</span> 
     </span>
    </p>
   </div>
   <div class='ocr_carea' id='block_1_29' title="bbox 2008 1877 3612 1978">
    <p class='ocr_par' dir='ltr' id='par_1_29' title="bbox 2031 1877 3612 1946">
     <span class='ocr_line' id='line_1_29' title="bbox 2031 1877 3612 1946; baseline 0.006 -20"><span class='ocrx_word' id='word_1_226' title='bbox 2031 1888 2154 1926; x_wconf 90' lang='lat' dir='ltr'><strong>cum</strong></span> <span class='ocrx_word' id='word_1_227' title='bbox 2183 1887 2349 1941; x_wconf 85' lang='lat' dir='ltr'><strong>parva</strong></span> <span class='ocrx_word' id='word_1_228' title='bbox 2370 1879 2593 1926; x_wconf 87' lang='lat' dir='ltr'><strong>essetet</strong></span> <span class='ocrx_word' id='word_1_229' title='bbox 2619 1879 2829 1933; x_wconf 89' lang='lat' dir='ltr'><strong>tenera,</strong></span> <span class='ocrx_word' id='word_1_230' title='bbox 2853 1886 2961 1925; x_wconf 83' lang='lat' dir='ltr'><strong>una</strong></span> <span class='ocrx_word' id='word_1_231' title='bbox 2985 1887 3147 1926; x_wconf 91' lang='lat' dir='ltr'><strong>manu</strong></span> <span class='ocrx_word' id='word_1_232' title='bbox 3178 1877 3472 1946; x_wconf 79' lang='lat' dir='ltr'><strong>exstirpata</strong></span> <span class='ocrx_word' id='word_1_233' title='bbox 3496 1888 3612 1936; x_wconf 90' lang='lat' dir='ltr'><strong>est:</strong></span> 
     </span>
    </p>
   </div>
   <div class='ocr_carea' id='block_1_30' title="bbox 336 1960 1940 2042">
    <p class='ocr_par' dir='ltr' id='par_1_30' title="bbox 336 1967 1930 2042">
     <span class='ocr_line' id='line_1_30' title="bbox 336 1967 1930 2042; baseline -0.002 -16"><span class='ocrx_word' id='word_1_234' title='bbox 336 1972 470 2026; x_wconf 83' lang='grc' dir='ltr'>αὐτὸ</span> <span class='ocrx_word' id='word_1_235' title='bbox 528 1974 556 2025; x_wconf 91' lang='lat'><strong>6</strong></span> <span class='ocrx_word' id='word_1_236' title='bbox 583 1972 831 2040; x_wconf 86' lang='grc' dir='ltr'>ἀδελφός.</span> <span class='ocrx_word' id='word_1_237' title='bbox 866 1967 1002 2026; x_wconf 76' lang='grc' dir='ltr'>Εἶτα</span> <span class='ocrx_word' id='word_1_238' title='bbox 1048 1971 1285 2025; x_wconf 79' lang='grc' dir='ltr'><strong>δεικνύει</strong></span> <span class='ocrx_word' id='word_1_239' title='bbox 1337 1970 1486 2040; x_wconf 85' lang='grc' dir='ltr'>αὑτῷ</span> <span class='ocrx_word' id='word_1_240' title='bbox 1523 1972 1552 2023; x_wconf 92' lang='lat'><strong>6</strong></span> <span class='ocrx_word' id='word_1_241' title='bbox 1592 1970 1773 2042; x_wconf 86' lang='grc' dir='ltr'>γέρων</span> <span class='ocrx_word' id='word_1_242' title='bbox 1802 1970 1930 2023; x_wconf 79' lang='grc' dir='ltr'>ἄλλο</span> 
     </span>
    </p>
   </div>
   <div class='ocr_carea' id='block_1_31' title="bbox 2009 1960 3613 2042">
    <p class='ocr_par' dir='ltr' id='par_1_31' title="bbox 2031 1960 3613 2035">
     <span class='ocr_line' id='line_1_31' title="bbox 2031 1960 3613 2035; baseline 0.006 -22"><span class='ocrx_word' id='word_1_243' title='bbox 2031 1977 2153 2032; x_wconf 74' lang='grc' dir='ltr'>ροει</span> <span class='ocrx_word' id='word_1_244' title='bbox 2175 1977 2338 2031; x_wconf 90' lang='lat' dir='ltr'><strong>quam</strong></span> <span class='ocrx_word' id='word_1_245' title='bbox 2371 1961 2539 2030; x_wconf 83' lang='lat' dir='ltr'><strong>jussit</strong></span> <span class='ocrx_word' id='word_1_246' title='bbox 2570 1960 2734 2014; x_wconf 88' lang='lat' dir='ltr'><strong>aliam</strong></span> <span class='ocrx_word' id='word_1_247' title='bbox 2769 1960 3125 2030; x_wconf 84' lang='lat' dir='ltr'><strong>majuseulam</strong></span> <span class='ocrx_word' id='word_1_248' title='bbox 3151 1965 3327 2027; x_wconf 83' lang='lat' dir='ltr'><strong>evelli,</strong></span> <span class='ocrx_word' id='word_1_249' title='bbox 3363 1984 3483 2035; x_wconf 69' lang='lat' dir='ltr'><strong>quae</strong></span> <span class='ocrx_word' id='word_1_250' title='bbox 3504 1985 3613 2024; x_wconf 86' lang='lat' dir='ltr'><strong>non</strong></span> 
     </span>
    </p>
   </div>
   <div class='ocr_carea' id='block_1_32' title="bbox 344 2051 1948 2135">
    <p class='ocr_par' dir='ltr' id='par_1_32' title="bbox 344 2062 1929 2135">
     <span class='ocr_line' id='line_1_32' title="bbox 344 2062 1929 2135; baseline -0.001 -19"><span class='ocrx_word' id='word_1_251' title='bbox 344 2064 527 2135; x_wconf 79' lang='grc' dir='ltr'>μεῖζον</span> <span class='ocrx_word' id='word_1_252' title='bbox 572 2064 666 2117; x_wconf 75' lang='grc' dir='ltr'>τοῦ</span> <span class='ocrx_word' id='word_1_253' title='bbox 719 2063 935 2133; x_wconf 84' lang='grc' dir='ltr'>πρώτου</span> <span class='ocrx_word' id='word_1_254' title='bbox 959 2103 974 2128; x_wconf 89' lang='grc'><strong>,</strong></span> <span class='ocrx_word' id='word_1_255' title='bbox 1025 2065 1121 2116; x_wconf 81' lang='grc' dir='ltr'>καὶ</span> <span class='ocrx_word' id='word_1_256' title='bbox 1162 2062 1310 2131; x_wconf 81' lang='grc' dir='ltr'><strong>λέγει</strong></span> <span class='ocrx_word' id='word_1_257' title='bbox 1344 2063 1514 2131; x_wconf 80' lang='grc' dir='ltr'>αὐτῷ’</span> <span class='ocrx_word' id='word_1_258' title='bbox 1548 2080 1565 2113; x_wconf 83' lang='grc' dir='ltr'><strong>ι</strong></span> <span class='ocrx_word' id='word_1_259' title='bbox 1592 2062 1929 2118; x_wconf 79' lang='grc' dir='ltr'>Ἀνάσπασον</span> 
     </span>
    </p>
   </div>
   <div class='ocr_carea' id='block_1_33' title="bbox 2010 2051 3614 2135">
    <p class='ocr_par' dir='ltr' id='par_1_33' title="bbox 2035 2051 3614 2115">
     <span class='ocr_line' id='line_1_33' title="bbox 2035 2051 3614 2115; baseline 0.006 -12"><span class='ocrx_word' id='word_1_260' title='bbox 2035 2069 2163 2115; x_wconf 90' lang='lat' dir='ltr'><strong>una,</strong></span> <span class='ocrx_word' id='word_1_261' title='bbox 2192 2053 2285 2106; x_wconf 89' lang='lat' dir='ltr'><strong>sed</strong></span> <span class='ocrx_word' id='word_1_262' title='bbox 2316 2052 2581 2106; x_wconf 86' lang='lat' dir='ltr'><strong>ambabus</strong></span> <span class='ocrx_word' id='word_1_263' title='bbox 2610 2051 2866 2105; x_wconf 90' lang='lat' dir='ltr'><strong>manibus</strong></span> <span class='ocrx_word' id='word_1_264' title='bbox 2889 2052 3102 2104; x_wconf 86' lang='lat' dir='ltr'><strong>tandem</strong></span> <span class='ocrx_word' id='word_1_265' title='bbox 3136 2055 3323 2108; x_wconf 84' lang='lat' dir='ltr'><strong>evulsa</strong></span> <span class='ocrx_word' id='word_1_266' title='bbox 3351 2069 3453 2112; x_wconf 90' lang='lat' dir='ltr'><strong>est.</strong></span> <span class='ocrx_word' id='word_1_267' title='bbox 3480 2056 3614 2114; x_wconf 91' lang='lat' dir='ltr'><strong>Ter-</strong></span> 
     </span>
    </p>
   </div>
   <div class='ocr_carea' id='block_1_34' title="bbox 342 2144 1946 2224">
    <p class='ocr_par' dir='ltr' id='par_1_34' title="bbox 342 2154 1930 2224">
     <span class='ocr_line' id='line_1_34' title="bbox 342 2154 1930 2224; baseline -0.003 -15"><span class='ocrx_word' id='word_1_268' title='bbox 342 2156 436 2209; x_wconf 78' lang='grc' dir='ltr'>καὶ</span> <span class='ocrx_word' id='word_1_269' title='bbox 467 2155 652 2208; x_wconf 79' lang='grc' dir='ltr'>τοῦτο·</span> <span class='ocrx_word' id='word_1_270' title='bbox 687 2174 706 2206; x_wconf 75' lang='grc' dir='ltr'><strong>ι</strong></span> <span class='ocrx_word' id='word_1_271' title='bbox 732 2156 759 2208; x_wconf 98' lang='lat'><strong>6</strong></span> <span class='ocrx_word' id='word_1_272' title='bbox 788 2154 845 2207; x_wconf 84' lang='grc' dir='ltr'>δὲ</span> <span class='ocrx_word' id='word_1_273' title='bbox 877 2154 1142 2218; x_wconf 83' lang='grc' dir='ltr'>σαλεύσας</span> <span class='ocrx_word' id='word_1_274' title='bbox 1174 2157 1292 2217; x_wconf 85' lang='grc' dir='ltr'>ταῖς</span> <span class='ocrx_word' id='word_1_275' title='bbox 1313 2154 1407 2206; x_wconf 83' lang='grc' dir='ltr'><strong>δύο</strong></span> <span class='ocrx_word' id='word_1_276' title='bbox 1433 2154 1623 2224; x_wconf 78' lang='grc' dir='ltr'>χερσὶν</span> <span class='ocrx_word' id='word_1_277' title='bbox 1651 2154 1930 2206; x_wconf 80' lang='grc' dir='ltr'>ἀνέσπασε</span> 
     </span>
    </p>
   </div>
   <div class='ocr_carea' id='block_1_35' title="bbox 2008 2144 3612 2224">
    <p class='ocr_par' dir='ltr' id='par_1_35' title="bbox 2031 2144 3612 2214">
     <span class='ocr_line' id='line_1_35' title="bbox 2031 2144 3612 2214; baseline 0.005 -17"><span class='ocrx_word' id='word_1_278' title='bbox 2031 2146 2107 2197; x_wconf 84' lang='grc' dir='ltr'><strong>ιίυ</strong></span> <span class='ocrx_word' id='word_1_279' title='bbox 2144 2144 2403 2213; x_wconf 78' lang='lat' dir='ltr'><strong>majorem</strong></span> <span class='ocrx_word' id='word_1_280' title='bbox 2439 2144 2619 2198; x_wconf 86' lang='lat' dir='ltr'><strong>adhuc</strong></span> <span class='ocrx_word' id='word_1_281' title='bbox 2648 2144 2925 2212; x_wconf 84' lang='lat' dir='ltr'><strong>prioribus</strong></span> <span class='ocrx_word' id='word_1_282' title='bbox 2955 2145 3145 2199; x_wconf 87' lang='lat' dir='ltr'><strong>videns</strong></span> <span class='ocrx_word' id='word_1_283' title='bbox 3167 2162 3354 2214; x_wconf 83' lang='lat' dir='ltr'><strong>senex,</strong></span> <span class='ocrx_word' id='word_1_284' title='bbox 3386 2158 3439 2202; x_wconf 90' lang='lat' dir='ltr'><strong>et</strong></span> <span class='ocrx_word' id='word_1_285' title='bbox 3463 2150 3612 2206; x_wconf 88' lang='lat' dir='ltr'><strong>illam</strong></span> 
     </span>
    </p>
   </div>
   <div class='ocr_carea' id='block_1_36' title="bbox 341 2236 1945 2316">
    <p class='ocr_par' dir='ltr' id='par_1_36' title="bbox 341 2241 1930 2316">
     <span class='ocr_line' id='line_1_36' title="bbox 341 2241 1930 2316; baseline -0.004 -16"><span class='ocrx_word' id='word_1_286' title='bbox 341 2248 581 2300; x_wconf 79' lang='grc' dir='ltr'>κάκεῖνο.</span> <span class='ocrx_word' id='word_1_287' title='bbox 628 2244 796 2298; x_wconf 86' lang='grc' dir='ltr'>Πάλιν</span> <span class='ocrx_word' id='word_1_288' title='bbox 830 2244 1065 2298; x_wconf 75' lang='grc' dir='ltr'><strong>δεικνύει</strong></span> <span class='ocrx_word' id='word_1_289' title='bbox 1113 2244 1263 2314; x_wconf 78' lang='grc' dir='ltr'>αὐτῷ</span> <span class='ocrx_word' id='word_1_290' title='bbox 1304 2245 1332 2297; x_wconf 89' lang='grc' dir='ltr'><strong>ὁ</strong></span> <span class='ocrx_word' id='word_1_291' title='bbox 1368 2244 1546 2316; x_wconf 83' lang='grc' dir='ltr'>γέρων</span> <span class='ocrx_word' id='word_1_292' title='bbox 1589 2243 1716 2298; x_wconf 84' lang='grc' dir='ltr'>ἄλλο</span> <span class='ocrx_word' id='word_1_293' title='bbox 1750 2241 1930 2313; x_wconf 75' lang='grc' dir='ltr'>μειζό-</span> 
     </span>
    </p>
   </div>
   <div class='ocr_carea' id='block_1_37' title="bbox 2010 2236 3614 2316">
    <p class='ocr_par' dir='ltr' id='par_1_37' title="bbox 2031 2236 3614 2309">
     <span class='ocr_line' id='line_1_37' title="bbox 2031 2236 3614 2309; baseline 0.006 -19"><span class='ocrx_word' id='word_1_294' title='bbox 2031 2236 2320 2303; x_wconf 77' lang='lat' dir='ltr'><strong>imperavit</strong></span> <span class='ocrx_word' id='word_1_295' title='bbox 2350 2237 2495 2303; x_wconf 85' lang='lat' dir='ltr'><strong>velli,</strong></span> <span class='ocrx_word' id='word_1_296' title='bbox 2517 2252 2641 2307; x_wconf 74' lang='lat' dir='ltr'><strong>quze</strong></span> <span class='ocrx_word' id='word_1_297' title='bbox 2664 2252 2771 2291; x_wconf 91' lang='lat' dir='ltr'><strong>non</strong></span> <span class='ocrx_word' id='word_1_298' title='bbox 2794 2238 2912 2292; x_wconf 92' lang='lat' dir='ltr'><strong>sine</strong></span> <span class='ocrx_word' id='word_1_299' title='bbox 2943 2254 3141 2309; x_wconf 78' lang='lat' dir='ltr'><strong>magno</strong></span> <span class='ocrx_word' id='word_1_300' title='bbox 3163 2240 3349 2296; x_wconf 75' lang='lat' dir='ltr'><strong>labore</strong></span> <span class='ocrx_word' id='word_1_301' title='bbox 3369 2252 3614 2300; x_wconf 76' lang='lat' dir='ltr'><strong>extracta</strong></span> 
     </span>
    </p>
   </div>
   <div class='ocr_carea' id='block_1_38' title="bbox 338 2327 1942 2408">
    <p class='ocr_par' dir='ltr' id='par_1_38' title="bbox 338 2334 1925 2408">
     <span class='ocr_line' id='line_1_38' title="bbox 338 2334 1925 2408; baseline 0.001 -19"><span class='ocrx_word' id='word_1_302' title='bbox 338 2354 500 2408; x_wconf 82' lang='grc' dir='ltr'>τερον</span> <span class='ocrx_word' id='word_1_303' title='bbox 529 2353 542 2367; x_wconf 92' lang='grc'><strong>·</strong></span> <span class='ocrx_word' id='word_1_304' title='bbox 584 2337 612 2389; x_wconf 94' lang='lat'><strong>6</strong></span> <span class='ocrx_word' id='word_1_305' title='bbox 638 2335 696 2388; x_wconf 76' lang='grc' dir='ltr'><strong>δὲ</strong></span> <span class='ocrx_word' id='word_1_306' title='bbox 734 2335 872 2406; x_wconf 80' lang='grc' dir='ltr'>μετὰ</span> <span class='ocrx_word' id='word_1_307' title='bbox 901 2335 1146 2398; x_wconf 88' lang='grc' dir='ltr'>πλείονος</span> <span class='ocrx_word' id='word_1_308' title='bbox 1175 2334 1346 2387; x_wconf 89' lang='grc' dir='ltr'>κόπου</span> <span class='ocrx_word' id='word_1_309' title='bbox 1381 2335 1656 2388; x_wconf 82' lang='grc' dir='ltr'>ἀνέσπασε</span> <span class='ocrx_word' id='word_1_310' title='bbox 1683 2337 1925 2390; x_wconf 77' lang='grc' dir='ltr'>κάκεῖνο.</span> 
     </span>
    </p>
   </div>
   <div class='ocr_carea' id='block_1_39' title="bbox 2008 2327 3612 2408">
    <p class='ocr_par' dir='ltr' id='par_1_39' title="bbox 2030 2327 3612 2406">
     <span class='ocr_line' id='line_1_39' title="bbox 2030 2327 3612 2406; baseline 0.007 -25"><span class='ocrx_word' id='word_1_311' title='bbox 2030 2336 2134 2382; x_wconf 88' lang='lat' dir='ltr'><strong>est.</strong></span> <span class='ocrx_word' id='word_1_312' title='bbox 2185 2327 2447 2394; x_wconf 85' lang='lat' dir='ltr'><strong>Quartam</strong></span> <span class='ocrx_word' id='word_1_313' title='bbox 2496 2345 2715 2399; x_wconf 61' lang='lat' dir='ltr'><strong>quoque</strong></span> <span class='ocrx_word' id='word_1_314' title='bbox 2762 2330 2973 2385; x_wconf 72' lang='lat' dir='ltr'><strong>caeteris</strong></span> <span class='ocrx_word' id='word_1_315' title='bbox 3024 2332 3275 2387; x_wconf 89' lang='lat' dir='ltr'><strong>altiorem</strong></span> <span class='ocrx_word' id='word_1_316' title='bbox 3322 2338 3612 2406; x_wconf 80' lang='lat' dir='ltr'><strong>exstirpari</strong></span> 
     </span>
    </p>
   </div>
   <div class='ocr_carea' id='block_1_40' title="bbox 338 2419 1942 2499">
    <p class='ocr_par' dir='ltr' id='par_1_40' title="bbox 338 2424 1930 2499">
     <span class='ocr_line' id='line_1_40' title="bbox 338 2424 1930 2499; baseline -0.001 -17"><span class='ocrx_word' id='word_1_317' title='bbox 338 2424 476 2482; x_wconf 79' lang='grc' dir='ltr'>Εἶτα</span> <span class='ocrx_word' id='word_1_318' title='bbox 499 2426 735 2481; x_wconf 81' lang='grc' dir='ltr'>δεικνύει</span> <span class='ocrx_word' id='word_1_319' title='bbox 768 2425 917 2496; x_wconf 79' lang='grc' dir='ltr'>αὐτῷ</span> <span class='ocrx_word' id='word_1_320' title='bbox 947 2427 1042 2480; x_wconf 76' lang='grc' dir='ltr'>καὶ</span> <span class='ocrx_word' id='word_1_321' title='bbox 1067 2426 1194 2481; x_wconf 81' lang='grc' dir='ltr'>ἄλλο</span> <span class='ocrx_word' id='word_1_322' title='bbox 1225 2425 1541 2499; x_wconf 80' lang='grc' dir='ltr'>μειζότερον</span> <span class='ocrx_word' id='word_1_323' title='bbox 1572 2443 1585 2458; x_wconf 88' lang='grc'><strong>·</strong></span> <span class='ocrx_word' id='word_1_324' title='bbox 1637 2431 1665 2482; x_wconf 88' lang='lat'><strong>6</strong></span> <span class='ocrx_word' id='word_1_325' title='bbox 1698 2427 1756 2481; x_wconf 87' lang='grc' dir='ltr'>δὲ</span> <span class='ocrx_word' id='word_1_326' title='bbox 1793 2427 1930 2497; x_wconf 87' lang='grc' dir='ltr'><strong>μετά</strong></span> 
     </span>
    </p>
   </div>
   <div class='ocr_carea' id='block_1_41' title="bbox 2006 2419 3610 2499">
    <p class='ocr_par' dir='ltr' id='par_1_41' title="bbox 2029 2419 3610 2491">
     <span class='ocr_line' id='line_1_41' title="bbox 2029 2419 3610 2491; baseline 0.007 -20"><span class='ocrx_word' id='word_1_327' title='bbox 2029 2419 2216 2490; x_wconf 85' lang='lat' dir='ltr'><strong>jussit,</strong></span> <span class='ocrx_word' id='word_1_328' title='bbox 2248 2435 2370 2491; x_wconf 73' lang='lat' dir='ltr'><strong>quae</strong></span> <span class='ocrx_word' id='word_1_329' title='bbox 2416 2435 2634 2476; x_wconf 88' lang='lat' dir='ltr'><strong>summo</strong></span> <span class='ocrx_word' id='word_1_330' title='bbox 2670 2431 2890 2487; x_wconf 88' lang='lat' dir='ltr'><strong>conatu,</strong></span> <span class='ocrx_word' id='word_1_331' title='bbox 2940 2423 3127 2480; x_wconf 87' lang='lat' dir='ltr'><strong>labore</strong></span> <span class='ocrx_word' id='word_1_332' title='bbox 3171 2434 3225 2480; x_wconf 89' lang='lat' dir='ltr'><strong>et</strong></span> <span class='ocrx_word' id='word_1_333' title='bbox 3272 2429 3475 2484; x_wconf 85' lang='lat' dir='ltr'><strong>sudore</strong></span> <span class='ocrx_word' id='word_1_334' title='bbox 3523 2430 3610 2484; x_wconf 78' lang='lat' dir='ltr'><strong>vix</strong></span> 
     </span>
    </p>
   </div>
   <div class='ocr_carea' id='block_1_42' title="bbox 339 2513 1943 2591">
    <p class='ocr_par' dir='ltr' id='par_1_42' title="bbox 339 2515 1932 2581">
     <span class='ocr_line' id='line_1_42' title="bbox 339 2515 1932 2581; baseline -0.001 -11"><span class='ocrx_word' id='word_1_335' title='bbox 339 2517 587 2580; x_wconf 83' lang='grc' dir='ltr'>πλείονος</span> <span class='ocrx_word' id='word_1_336' title='bbox 632 2516 802 2569; x_wconf 89' lang='grc' dir='ltr'>κόπου</span> <span class='ocrx_word' id='word_1_337' title='bbox 834 2515 1005 2569; x_wconf 81' lang='grc' dir='ltr'>πολλὰ</span> <span class='ocrx_word' id='word_1_338' title='bbox 1057 2515 1347 2580; x_wconf 84' lang='grc' dir='ltr'>σαλεύσας,</span> <span class='ocrx_word' id='word_1_339' title='bbox 1394 2518 1487 2569; x_wconf 72' lang='grc' dir='ltr'>καὶ</span> <span class='ocrx_word' id='word_1_340' title='bbox 1531 2519 1801 2581; x_wconf 84' lang='grc' dir='ltr'>κοπιάσας</span> <span class='ocrx_word' id='word_1_341' title='bbox 1834 2516 1932 2570; x_wconf 73' lang='grc' dir='ltr'>καὶ</span> 
     </span>
    </p>
   </div>
   <div class='ocr_carea' id='block_1_43' title="bbox 2007 2513 3611 2591">
    <p class='ocr_par' dir='ltr' id='par_1_43' title="bbox 2033 2513 3611 2591">
     <span class='ocr_line' id='line_1_43' title="bbox 2033 2513 3611 2591; baseline 0.006 -24"><span class='ocrx_word' id='word_1_342' title='bbox 2033 2514 2243 2568; x_wconf 73' lang='lat' dir='ltr'><strong>extrahi</strong></span> <span class='ocrx_word' id='word_1_343' title='bbox 2281 2514 2473 2584; x_wconf 90' lang='lat' dir='ltr'><strong>potuit.</strong></span> <span class='ocrx_word' id='word_1_344' title='bbox 2508 2513 2763 2580; x_wconf 86' lang='lat' dir='ltr'><strong>Quintam</strong></span> <span class='ocrx_word' id='word_1_345' title='bbox 2815 2516 3013 2585; x_wconf 89' lang='lat' dir='ltr'><strong>adjecit</strong></span> <span class='ocrx_word' id='word_1_346' title='bbox 3064 2518 3397 2583; x_wconf 84' lang='lat' dir='ltr'><strong>maximam,</strong></span> <span class='ocrx_word' id='word_1_347' title='bbox 3448 2537 3611 2591; x_wconf 92' lang='lat' dir='ltr'><strong>quam</strong></span> 
     </span>
    </p>
   </div>
   <div class='ocr_carea' id='block_1_44' title="bbox 342 2604 1946 2680">
    <p class='ocr_par' dir='ltr' id='par_1_44' title="bbox 342 2604 1931 2679">
     <span class='ocr_line' id='line_1_44' title="bbox 342 2604 1931 2679; baseline -0.001 -15"><span class='ocrx_word' id='word_1_348' title='bbox 342 2608 578 2678; x_wconf 73' lang='grc' dir='ltr'>ἱδρώσας</span> <span class='ocrx_word' id='word_1_349' title='bbox 611 2608 784 2678; x_wconf 81' lang='grc' dir='ltr'>ὲπῆρε</span> <span class='ocrx_word' id='word_1_350' title='bbox 820 2608 1060 2661; x_wconf 77' lang='grc' dir='ltr'>κάκεῖνο.</span> <span class='ocrx_word' id='word_1_351' title='bbox 1094 2604 1229 2662; x_wconf 82' lang='grc' dir='ltr'>Εἶτα</span> <span class='ocrx_word' id='word_1_352' title='bbox 1254 2608 1489 2662; x_wconf 83' lang='grc' dir='ltr'>δεικνύει</span> <span class='ocrx_word' id='word_1_353' title='bbox 1517 2608 1665 2679; x_wconf 71' lang='grc' dir='ltr'>αὐτῷ</span> <span class='ocrx_word' id='word_1_354' title='bbox 1699 2610 1727 2661; x_wconf 95' lang='lat'><strong>6</strong></span> <span class='ocrx_word' id='word_1_355' title='bbox 1752 2608 1931 2679; x_wconf 85' lang='grc' dir='ltr'>γέρων</span> 
     </span>
    </p>
   </div>
   <div class='ocr_carea' id='block_1_45' title="bbox 2009 2604 3613 2680">
    <p class='ocr_par' dir='ltr' id='par_1_45' title="bbox 2034 2606 3613 2680">
     <span class='ocr_line' id='line_1_45' title="bbox 2034 2606 3613 2680; baseline 0.004 -20"><span class='ocrx_word' id='word_1_356' title='bbox 2034 2622 2158 2660; x_wconf 91' lang='lat' dir='ltr'><strong>eum</strong></span> <span class='ocrx_word' id='word_1_357' title='bbox 2201 2606 2291 2660; x_wconf 90' lang='lat' dir='ltr'><strong>ille</strong></span> <span class='ocrx_word' id='word_1_358' title='bbox 2323 2617 2621 2662; x_wconf 87' lang='lat' dir='ltr'><strong>conaretur</strong></span> <span class='ocrx_word' id='word_1_359' title='bbox 2647 2609 2879 2663; x_wconf 79' lang='lat' dir='ltr'><strong>evellere</strong></span> <span class='ocrx_word' id='word_1_360' title='bbox 2901 2649 2916 2674; x_wconf 90' lang='lat'><strong>,</strong></span> <span class='ocrx_word' id='word_1_361' title='bbox 2960 2626 3242 2680; x_wconf 85' lang='lat' dir='ltr'><strong>nunquam</strong></span> <span class='ocrx_word' id='word_1_362' title='bbox 3273 2612 3474 2673; x_wconf 83' lang='lat' dir='ltr'><strong>valuit,</strong></span> <span class='ocrx_word' id='word_1_363' title='bbox 3520 2615 3613 2667; x_wconf 91' lang='lat' dir='ltr'><strong>scd</strong></span> 
     </span>
    </p>
   </div>
   <div class='ocr_carea' id='block_1_46' title="bbox 341 2698 1945 2774">
    <p class='ocr_par' dir='ltr' id='par_1_46' title="bbox 341 2698 1931 2771">
     <span class='ocr_line' id='line_1_46' title="bbox 341 2698 1931 2771; baseline -0.001 -17"><span class='ocrx_word' id='word_1_364' title='bbox 341 2700 425 2754; x_wconf 78' lang='grc' dir='ltr'><strong>ἐτι</strong></span> <span class='ocrx_word' id='word_1_365' title='bbox 451 2699 761 2770; x_wconf 77' lang='grc' dir='ltr'>μειζότερον</span> <span class='ocrx_word' id='word_1_366' title='bbox 780 2713 793 2726; x_wconf 84' lang='lat'><strong><em>°</em></strong></span> <span class='ocrx_word' id='word_1_367' title='bbox 825 2700 853 2752; x_wconf 88' lang='lat'><strong>6</strong></span> <span class='ocrx_word' id='word_1_368' title='bbox 879 2698 934 2751; x_wconf 81' lang='grc' dir='ltr'>δὲ</span> <span class='ocrx_word' id='word_1_369' title='bbox 962 2699 1054 2753; x_wconf 77' lang='grc' dir='ltr'><strong>καὶ</strong></span> <span class='ocrx_word' id='word_1_370' title='bbox 1086 2699 1255 2754; x_wconf 88' lang='grc' dir='ltr'>πολλά</span> <span class='ocrx_word' id='word_1_371' title='bbox 1285 2700 1557 2763; x_wconf 87' lang='grc' dir='ltr'>κοπιάσας</span> <span class='ocrx_word' id='word_1_372' title='bbox 1576 2702 1669 2755; x_wconf 71' lang='grc' dir='ltr'><strong>καὶ</strong></span> <span class='ocrx_word' id='word_1_373' title='bbox 1698 2700 1931 2771; x_wconf 83' lang='grc' dir='ltr'>ίδρώσας</span> 
     </span>
    </p>
   </div>
   <div class='ocr_carea' id='block_1_47' title="bbox 2009 2698 3613 2774">
    <p class='ocr_par' dir='ltr' id='par_1_47' title="bbox 2034 2698 3613 2774">
     <span class='ocr_line' id='line_1_47' title="bbox 2034 2698 3613 2774; baseline 0.006 -23"><span class='ocrx_word' id='word_1_374' title='bbox 2034 2698 2313 2754; x_wconf 89' lang='lat' dir='ltr'><strong>incassum</strong></span> <span class='ocrx_word' id='word_1_375' title='bbox 2341 2700 2487 2755; x_wconf 84' lang='lat' dir='ltr'><strong>circa</strong></span> <span class='ocrx_word' id='word_1_376' title='bbox 2510 2716 2629 2755; x_wconf 91' lang='lat' dir='ltr'><strong>eam</strong></span> <span class='ocrx_word' id='word_1_377' title='bbox 2653 2702 2967 2757; x_wconf 87' lang='lat' dir='ltr'><strong>elaborabat</strong></span> <span class='ocrx_word' id='word_1_378' title='bbox 2989 2703 3421 2774; x_wconf 86' lang='lat' dir='ltr'><strong>desudabatque.</strong></span> <span class='ocrx_word' id='word_1_379' title='bbox 3457 2705 3613 2773; x_wconf 86' lang='lat' dir='ltr'><strong>Quod</strong></span> 
     </span>
    </p>
   </div>
   <div class='ocr_carea' id='block_1_48' title="bbox 340 2785 1944 2863">
    <p class='ocr_par' dir='ltr' id='par_1_48' title="bbox 340 2785 1932 2861">
     <span class='ocr_line' id='line_1_48' title="bbox 340 2785 1932 2861; baseline 0 -16"><span class='ocrx_word' id='word_1_380' title='bbox 340 2792 444 2845; x_wconf 79' lang='grc' dir='ltr'><strong>οὐκ</strong></span> <span class='ocrx_word' id='word_1_381' title='bbox 469 2789 711 2861; x_wconf 75' lang='grc' dir='ltr'><strong>ἠδυνήθη</strong></span> <span class='ocrx_word' id='word_1_382' title='bbox 741 2790 944 2858; x_wconf 76' lang='grc' dir='ltr'>ἐπᾶραι</span> <span class='ocrx_word' id='word_1_383' title='bbox 977 2789 1128 2843; x_wconf 84' lang='grc' dir='ltr'>αὐτό.</span> <span class='ocrx_word' id='word_1_384' title='bbox 1172 2791 1259 2852; x_wconf 81' lang='grc' dir='ltr'><strong>Ὡς</strong></span> <span class='ocrx_word' id='word_1_385' title='bbox 1300 2785 1393 2843; x_wconf 78' lang='grc' dir='ltr'><strong>οὖν</strong></span> <span class='ocrx_word' id='word_1_386' title='bbox 1418 2785 1557 2843; x_wconf 78' lang='grc' dir='ltr'>εἶδεν</span> <span class='ocrx_word' id='word_1_387' title='bbox 1586 2790 1749 2843; x_wconf 77' lang='grc' dir='ltr'>αὐτὸν</span> <span class='ocrx_word' id='word_1_388' title='bbox 1783 2793 1812 2843; x_wconf 98' lang='lat'><strong>6</strong></span> <span class='ocrx_word' id='word_1_389' title='bbox 1840 2791 1932 2860; x_wconf 87' lang='grc' dir='ltr'><strong>γέ-</strong></span> 
     </span>
    </p>
   </div>
   <div class='ocr_carea' id='block_1_49' title="bbox 2010 2785 3614 2863">
    <p class='ocr_par' dir='ltr' id='par_1_49' title="bbox 2035 2789 3614 2863">
     <span class='ocr_line' id='line_1_49' title="bbox 2035 2789 3614 2863; baseline 0.003 -21"><span class='ocrx_word' id='word_1_390' title='bbox 2035 2798 2094 2843; x_wconf 93' lang='lat' dir='ltr'><strong>ut</strong></span> <span class='ocrx_word' id='word_1_391' title='bbox 2123 2789 2258 2843; x_wconf 83' lang='lat' dir='ltr'><strong>vidit</strong></span> <span class='ocrx_word' id='word_1_392' title='bbox 2287 2804 2486 2856; x_wconf 78' lang='lat' dir='ltr'><strong>senex,</strong></span> <span class='ocrx_word' id='word_1_393' title='bbox 2537 2790 2714 2845; x_wconf 89' lang='lat' dir='ltr'><strong>solum</strong></span> <span class='ocrx_word' id='word_1_394' title='bbox 2757 2790 3008 2846; x_wconf 83' lang='lat' dir='ltr'><strong>videlicet</strong></span> <span class='ocrx_word' id='word_1_395' title='bbox 3047 2808 3183 2861; x_wconf 91' lang='lat' dir='ltr'><strong>opus</strong></span> <span class='ocrx_word' id='word_1_396' title='bbox 3219 2795 3478 2863; x_wconf 85' lang='lat' dir='ltr'><strong>perlicere</strong></span> <span class='ocrx_word' id='word_1_397' title='bbox 3513 2796 3614 2848; x_wconf 87' lang='lat' dir='ltr'><strong>mi-</strong></span> 
     </span>
    </p>
   </div>
   <div class='ocr_carea' id='block_1_50' title="bbox 344 2879 1948 2957">
    <p class='ocr_par' dir='ltr' id='par_1_50' title="bbox 344 2879 1929 2957">
     <span class='ocr_line' id='line_1_50' title="bbox 344 2879 1929 2957; baseline -0.003 -20"><span class='ocrx_word' id='word_1_398' title='bbox 344 2899 457 2957; x_wconf 86' lang='grc' dir='ltr'><strong>ρων</strong></span> <span class='ocrx_word' id='word_1_399' title='bbox 483 2884 558 2952; x_wconf 86' lang='grc' dir='ltr'><strong>μὴ</strong></span> <span class='ocrx_word' id='word_1_400' title='bbox 588 2881 907 2949; x_wconf 79' lang='grc' dir='ltr'>δυνάμενον,</span> <span class='ocrx_word' id='word_1_401' title='bbox 942 2880 1247 2949; x_wconf 72' lang='grc' dir='ltr'>ἐπέτρεψεν</span> <span class='ocrx_word' id='word_1_402' title='bbox 1280 2880 1425 2951; x_wconf 79' lang='grc' dir='ltr'>ἄλλῳ</span> <span class='ocrx_word' id='word_1_403' title='bbox 1453 2879 1667 2949; x_wconf 81' lang='grc' dir='ltr'>ἀδελφῷ</span> <span class='ocrx_word' id='word_1_404' title='bbox 1693 2882 1929 2952; x_wconf 83' lang='grc' dir='ltr'>ἀναστῆ-</span> 
     </span>
    </p>
   </div>
   <div class='ocr_carea' id='block_1_51' title="bbox 2010 2879 3614 2957">
    <p class='ocr_par' dir='ltr' id='par_1_51' title="bbox 2033 2879 3614 2954">
     <span class='ocr_line' id='line_1_51' title="bbox 2033 2879 3614 2954; baseline 0.003 -20"><span class='ocrx_word' id='word_1_405' title='bbox 2033 2881 2183 2935; x_wconf 89' lang='lat' dir='ltr'><strong>nime</strong></span> <span class='ocrx_word' id='word_1_406' title='bbox 2231 2895 2412 2950; x_wconf 86' lang='lat' dir='ltr'><strong>posse,</strong></span> <span class='ocrx_word' id='word_1_407' title='bbox 2455 2879 2622 2949; x_wconf 89' lang='lat' dir='ltr'><strong>jussit</strong></span> <span class='ocrx_word' id='word_1_408' title='bbox 2671 2880 3043 2950; x_wconf 88' lang='lat' dir='ltr'><strong>coadjutorem</strong></span> <span class='ocrx_word' id='word_1_409' title='bbox 3086 2882 3373 2946; x_wconf 86' lang='lat' dir='ltr'><strong>accedere,</strong></span> <span class='ocrx_word' id='word_1_410' title='bbox 3426 2884 3614 2954; x_wconf 87' lang='lat' dir='ltr'><strong>sicque</strong></span> 
     </span>
    </p>
   </div>
   <div class='ocr_carea' id='block_1_52' title="bbox 343 2969 1947 3044">
    <p class='ocr_par' dir='ltr' id='par_1_52' title="bbox 343 2969 1928 3044">
     <span class='ocr_line' id='line_1_52' title="bbox 343 2969 1928 3044; baseline -0.001 -16"><span class='ocrx_word' id='word_1_411' title='bbox 343 2990 438 3028; x_wconf 78' lang='grc' dir='ltr'><strong>σαι</strong></span> <span class='ocrx_word' id='word_1_412' title='bbox 467 2972 563 3026; x_wconf 69' lang='grc' dir='ltr'><strong>καὶ</strong></span> <span class='ocrx_word' id='word_1_413' title='bbox 594 2972 860 3042; x_wconf 80' lang='grc' dir='ltr'>βοηθῆσαι</span> <span class='ocrx_word' id='word_1_414' title='bbox 892 2969 1061 3041; x_wconf 81' lang='grc' dir='ltr'>αὐτῷ,</span> <span class='ocrx_word' id='word_1_415' title='bbox 1100 2971 1196 3025; x_wconf 78' lang='grc' dir='ltr'>καὶ</span> <span class='ocrx_word' id='word_1_416' title='bbox 1224 2971 1397 3034; x_wconf 81' lang='grc' dir='ltr'>οὕτως</span> <span class='ocrx_word' id='word_1_417' title='bbox 1438 2972 1784 3043; x_wconf 79' lang='grc' dir='ltr'>ἠδυνήθησαν</span> <span class='ocrx_word' id='word_1_418' title='bbox 1817 2976 1928 3044; x_wconf 86' lang='grc' dir='ltr'>ἁμ-</span> 
     </span>
    </p>
   </div>
   <div class='ocr_carea' id='block_1_53' title="bbox 2009 2969 3613 3044">
    <p class='ocr_par' dir='ltr' id='par_1_53' title="bbox 2032 2972 3613 3030">
     <span class='ocr_line' id='line_1_53' title="bbox 2032 2972 3613 3030; baseline 0.003 -5"><span class='ocrx_word' id='word_1_419' title='bbox 2032 2972 2194 3027; x_wconf 91' lang='lat' dir='ltr'><strong>ambo</strong></span> <span class='ocrx_word' id='word_1_420' title='bbox 2226 2973 2372 3026; x_wconf 87' lang='lat' dir='ltr'><strong>illam</strong></span> <span class='ocrx_word' id='word_1_421' title='bbox 2407 2974 2621 3026; x_wconf 81' lang='lat' dir='ltr'><strong>tandem</strong></span> <span class='ocrx_word' id='word_1_422' title='bbox 2652 2981 2954 3028; x_wconf 77' lang='lat' dir='ltr'><strong>extraxere.</strong></span> <span class='ocrx_word' id='word_1_423' title='bbox 2980 2973 3123 3026; x_wconf 75' lang='lat' dir='ltr'><strong>Tum</strong></span> <span class='ocrx_word' id='word_1_424' title='bbox 3163 2973 3231 3028; x_wconf 91' lang='lat' dir='ltr'><strong>ad</strong></span> <span class='ocrx_word' id='word_1_425' title='bbox 3263 2988 3453 3030; x_wconf 89' lang='lat' dir='ltr'><strong>omnes</strong></span> <span class='ocrx_word' id='word_1_426' title='bbox 3478 2992 3613 3030; x_wconf 90' lang='lat' dir='ltr'><strong>cou-</strong></span> 
     </span>
    </p>
   </div>
   <div class='ocr_carea' id='block_1_54' title="bbox 342 3062 1946 3137">
    <p class='ocr_par' dir='ltr' id='par_1_54' title="bbox 342 3063 1929 3137">
     <span class='ocr_line' id='line_1_54' title="bbox 342 3063 1929 3137; baseline -0.001 -19"><span class='ocrx_word' id='word_1_427' title='bbox 342 3065 563 3137; x_wconf 80' lang='grc' dir='ltr'>φότεροι</span> <span class='ocrx_word' id='word_1_428' title='bbox 591 3064 902 3118; x_wconf 82' lang='grc' dir='ltr'>ἀνασπᾶσαι</span> <span class='ocrx_word' id='word_1_429' title='bbox 948 3063 1098 3118; x_wconf 79' lang='grc' dir='ltr'>αὐτό.</span> <span class='ocrx_word' id='word_1_430' title='bbox 1133 3064 1267 3116; x_wconf 86' lang='grc' dir='ltr'>Τότε</span> <span class='ocrx_word' id='word_1_431' title='bbox 1296 3063 1446 3132; x_wconf 84' lang='grc' dir='ltr'>λέγει</span> <span class='ocrx_word' id='word_1_432' title='bbox 1493 3066 1521 3117; x_wconf 91' lang='lat'><strong>6</strong></span> <span class='ocrx_word' id='word_1_433' title='bbox 1570 3066 1753 3136; x_wconf 84' lang='grc' dir='ltr'>γέρων</span> <span class='ocrx_word' id='word_1_434' title='bbox 1783 3064 1929 3118; x_wconf 84' lang='grc' dir='ltr'>ὲκεί-</span> 
     </span>
    </p>
   </div>
   <div class='ocr_carea' id='block_1_55' title="bbox 2010 3062 3614 3137">
    <p class='ocr_par' dir='ltr' id='par_1_55' title="bbox 2033 3062 3614 3135">
     <span class='ocr_line' id='line_1_55' title="bbox 2033 3062 3614 3135; baseline 0.004 -20"><span class='ocrx_word' id='word_1_435' title='bbox 2033 3079 2223 3117; x_wconf 79' lang='lat' dir='ltr'><strong>versus</strong></span> <span class='ocrx_word' id='word_1_436' title='bbox 2280 3080 2445 3118; x_wconf 82' lang='lat' dir='ltr'><strong>senex</strong></span> <span class='ocrx_word' id='word_1_437' title='bbox 2495 3064 2614 3117; x_wconf 87' lang='lat' dir='ltr'><strong>ait:</strong></span> <span class='ocrx_word' id='word_1_438' title='bbox 2654 3082 2672 3114; x_wconf 77' lang='grc' dir='ltr'><strong>ι</strong></span> <span class='ocrx_word' id='word_1_439' title='bbox 2719 3062 3108 3134; x_wconf 85' lang='lat' dir='ltr'><strong>Ilujuseemodi</strong></span> <span class='ocrx_word' id='word_1_440' title='bbox 3161 3074 3290 3119; x_wconf 90' lang='lat' dir='ltr'><strong>sunt</strong></span> <span class='ocrx_word' id='word_1_441' title='bbox 3332 3068 3614 3135; x_wconf 85' lang='lat' dir='ltr'><strong>passiones</strong></span> 
     </span>
    </p>
   </div>
   <div class='ocr_carea' id='block_1_56' title="bbox 341 3154 1945 3227">
    <p class='ocr_par' dir='ltr' id='par_1_56' title="bbox 341 3154 1926 3225">
     <span class='ocr_line' id='line_1_56' title="bbox 341 3154 1926 3225; baseline -0.004 -11"><span class='ocrx_word' id='word_1_442' title='bbox 341 3174 457 3219; x_wconf 82' lang='grc' dir='ltr'>νοις</span> <span class='ocrx_word' id='word_1_443' title='bbox 488 3159 599 3221; x_wconf 81' lang='grc' dir='ltr'>τοῖς</span> <span class='ocrx_word' id='word_1_444' title='bbox 631 3155 877 3223; x_wconf 83' lang='grc' dir='ltr'>ἀδελφοῖς</span> <span class='ocrx_word' id='word_1_445' title='bbox 908 3167 922 3181; x_wconf 83' lang='grc'><strong><em>⁸</em></strong></span> <span class='ocrx_word' id='word_1_446' title='bbox 975 3173 995 3206; x_wconf 77' lang='grc' dir='ltr'><strong>ι</strong></span> <span class='ocrx_word' id='word_1_447' title='bbox 1032 3155 1164 3208; x_wconf 80' lang='grc' dir='ltr'>Ἰδοὺ</span> <span class='ocrx_word' id='word_1_448' title='bbox 1193 3154 1370 3218; x_wconf 75' lang='grc' dir='ltr'>οὕτως</span> <span class='ocrx_word' id='word_1_449' title='bbox 1401 3155 1509 3208; x_wconf 76' lang='grc' dir='ltr'>εἰσὶ</span> <span class='ocrx_word' id='word_1_450' title='bbox 1536 3157 1630 3208; x_wconf 75' lang='grc' dir='ltr'><strong>καὶ</strong></span> <span class='ocrx_word' id='word_1_451' title='bbox 1659 3156 1727 3208; x_wconf 80' lang='grc' dir='ltr'>τὰ</span> <span class='ocrx_word' id='word_1_452' title='bbox 1760 3155 1926 3225; x_wconf 85' lang='grc' dir='ltr'>πάθη,</span> 
     </span>
    </p>
   </div>
   <div class='ocr_carea' id='block_1_57' title="bbox 2011 3154 3615 3227">
    <p class='ocr_par' dir='ltr' id='par_1_57' title="bbox 2033 3155 3615 3227">
     <span class='ocr_line' id='line_1_57' title="bbox 2033 3155 3615 3227; baseline 0.003 -19"><span class='ocrx_word' id='word_1_453' title='bbox 2033 3155 2514 3218; x_wconf 74' lang='lat' dir='ltr'><strong>uostra:,&#39;l‘ratres.</strong></span> <span class='ocrx_word' id='word_1_454' title='bbox 2549 3155 2685 3209; x_wconf 85' lang='lat' dir='ltr'><strong>Cum</strong></span> <span class='ocrx_word' id='word_1_455' title='bbox 2716 3166 2912 3209; x_wconf 73' lang='lat' dir='ltr'><strong>tenerae</strong></span> <span class='ocrx_word' id='word_1_456' title='bbox 2943 3165 3073 3209; x_wconf 91' lang='lat' dir='ltr'><strong>sunt</strong></span> <span class='ocrx_word' id='word_1_457' title='bbox 3109 3167 3161 3210; x_wconf 89' lang='lat' dir='ltr'><strong>et</strong></span> <span class='ocrx_word' id='word_1_458' title='bbox 3190 3174 3390 3227; x_wconf 77' lang='lat' dir='ltr'><strong>parrae,</strong></span> <span class='ocrx_word' id='word_1_459' title='bbox 3435 3160 3480 3213; x_wconf 90' lang='lat' dir='ltr'><strong>si</strong></span> <span class='ocrx_word' id='word_1_460' title='bbox 3519 3176 3615 3212; x_wconf 89' lang='lat' dir='ltr'><strong>vo-</strong></span> 
     </span>
    </p>
   </div>
   <div class='ocr_carea' id='block_1_58' title="bbox 341 3243 1945 3319">
    <p class='ocr_par' dir='ltr' id='par_1_58' title="bbox 341 3243 1928 3314">
     <span class='ocr_line' id='line_1_58' title="bbox 341 3243 1928 3314; baseline -0.001 -13"><span class='ocrx_word' id='word_1_461' title='bbox 341 3245 585 3314; x_wconf 78' lang='grc' dir='ltr'>ὰδελφοὶ,</span> <span class='ocrx_word' id='word_1_462' title='bbox 635 3244 720 3314; x_wconf 74' lang='grc' dir='ltr'><strong>ἐφ’</strong></span> <span class='ocrx_word' id='word_1_463' title='bbox 754 3245 880 3297; x_wconf 83' lang='grc' dir='ltr'>ὅσον</span> <span class='ocrx_word' id='word_1_464' title='bbox 930 3243 1037 3296; x_wconf 76' lang='grc' dir='ltr'>εἰσὶ</span> <span class='ocrx_word' id='word_1_465' title='bbox 1086 3243 1279 3314; x_wconf 86' lang='grc' dir='ltr'>μικρὰ,</span> <span class='ocrx_word' id='word_1_466' title='bbox 1315 3245 1413 3297; x_wconf 79' lang='grc' dir='ltr'><strong>έάν</strong></span> <span class='ocrx_word' id='word_1_467' title='bbox 1458 3245 1721 3314; x_wconf 88' lang='grc' dir='ltr'>θέλωμεν.</span> <span class='ocrx_word' id='word_1_468' title='bbox 1769 3246 1928 3299; x_wconf 78' lang='grc' dir='ltr'>δυνά-</span> 
     </span>
    </p>
   </div>
   <div class='ocr_carea' id='block_1_59' title="bbox 2008 3243 3612 3319">
    <p class='ocr_par' dir='ltr' id='par_1_59' title="bbox 2033 3244 3612 3317">
     <span class='ocr_line' id='line_1_59' title="bbox 2033 3244 3612 3317; baseline 0.004 -20"><span class='ocrx_word' id='word_1_469' title='bbox 2033 3245 2236 3307; x_wconf 86' lang='lat' dir='ltr'><strong>lamus,</strong></span> <span class='ocrx_word' id='word_1_470' title='bbox 2273 3244 2429 3299; x_wconf 83' lang='lat' dir='ltr'><strong>facile</strong></span> <span class='ocrx_word' id='word_1_471' title='bbox 2468 3245 2589 3299; x_wconf 86' lang='lat' dir='ltr'><strong>illas</strong></span> <span class='ocrx_word' id='word_1_472' title='bbox 2642 3261 2935 3313; x_wconf 48' lang='lat' dir='ltr'><strong>possumus</strong></span> <span class='ocrx_word' id='word_1_473' title='bbox 2984 3261 3015 3299; x_wconf 90' lang='lat' dir='ltr'><strong>a</strong></span> <span class='ocrx_word' id='word_1_474' title='bbox 3070 3248 3230 3301; x_wconf 85' lang='lat' dir='ltr'><strong>nobis</strong></span> <span class='ocrx_word' id='word_1_475' title='bbox 3291 3250 3612 3317; x_wconf 82' lang='lat' dir='ltr'><strong>exstirpare.</strong></span> 
     </span>
    </p>
   </div>
   <div class='ocr_carea' id='block_1_60' title="bbox 347 3333 1951 3408">
    <p class='ocr_par' dir='ltr' id='par_1_60' title="bbox 347 3335 1928 3407">
     <span class='ocr_line' id='line_1_60' title="bbox 347 3335 1928 3407; baseline 0 -18"><span class='ocrx_word' id='word_1_476' title='bbox 347 3335 488 3406; x_wconf 84' lang='grc' dir='ltr'>μεθα</span> <span class='ocrx_word' id='word_1_477' title='bbox 520 3336 660 3404; x_wconf 81' lang='grc' dir='ltr'><strong>μετά</strong></span> <span class='ocrx_word' id='word_1_478' title='bbox 693 3336 1052 3400; x_wconf 72' lang='grc' dir='ltr'>ἀναπαύσεως</span> <span class='ocrx_word' id='word_1_479' title='bbox 1083 3336 1315 3405; x_wconf 78' lang='grc' dir='ltr'>ἐκκόψαι</span> <span class='ocrx_word' id='word_1_480' title='bbox 1342 3336 1501 3390; x_wconf 80' lang='grc' dir='ltr'>αὑτά.</span> <span class='ocrx_word' id='word_1_481' title='bbox 1550 3336 1675 3389; x_wconf 83' lang='grc' dir='ltr'><strong>Ἐὰν</strong></span> <span class='ocrx_word' id='word_1_482' title='bbox 1701 3337 1758 3390; x_wconf 78' lang='grc' dir='ltr'>δὲ</span> <span class='ocrx_word' id='word_1_483' title='bbox 1791 3338 1928 3407; x_wconf 89' lang='grc' dir='ltr'>ἀμε-</span> 
     </span>
    </p>
   </div>
   <div class='ocr_carea' id='block_1_61' title="bbox 2013 3333 3617 3408">
    <p class='ocr_par' dir='ltr' id='par_1_61' title="bbox 2028 3333 3617 3408">
     <span class='ocr_line' id='line_1_61' title="bbox 2028 3333 3617 3408; baseline 0.003 -22"><span class='ocrx_word' id='word_1_484' title='bbox 2028 3333 2181 3398; x_wconf 84' lang='lat' dir='ltr'><strong>Quod</strong></span> <span class='ocrx_word' id='word_1_485' title='bbox 2223 3336 2269 3388; x_wconf 86' lang='lat' dir='ltr'><strong>si</strong></span> <span class='ocrx_word' id='word_1_486' title='bbox 2295 3350 2387 3388; x_wconf 88' lang='lat' dir='ltr'><strong>eas</strong></span> <span class='ocrx_word' id='word_1_487' title='bbox 2419 3336 2838 3403; x_wconf 81' lang='lat' dir='ltr'><strong>neglexerimus,</strong></span> <span class='ocrx_word' id='word_1_488' title='bbox 2879 3336 3248 3391; x_wconf 74' lang='lat' dir='ltr'><strong>obdurescent</strong></span> <span class='ocrx_word' id='word_1_489' title='bbox 3282 3339 3449 3403; x_wconf 81' lang='lat' dir='ltr'><strong>illico,</strong></span> <span class='ocrx_word' id='word_1_490' title='bbox 3478 3355 3617 3408; x_wconf 87' lang='lat' dir='ltr'><strong>quo-</strong></span> 
     </span>
    </p>
   </div>
   <div class='ocr_carea' id='block_1_62' title="bbox 342 3425 1946 3500">
    <p class='ocr_par' dir='ltr' id='par_1_62' title="bbox 342 3425 1930 3499">
     <span class='ocr_line' id='line_1_62' title="bbox 342 3425 1930 3499; baseline -0.001 -18"><span class='ocrx_word' id='word_1_491' title='bbox 342 3427 599 3499; x_wconf 84' lang='grc' dir='ltr'>λήσωμεν</span> <span class='ocrx_word' id='word_1_492' title='bbox 627 3426 831 3492; x_wconf 82' lang='grc' dir='ltr'>αὐτῶν,</span> <span class='ocrx_word' id='word_1_493' title='bbox 861 3427 935 3490; x_wconf 81' lang='grc' dir='ltr'><strong>ὡς</strong></span> <span class='ocrx_word' id='word_1_494' title='bbox 973 3427 1206 3498; x_wconf 82' lang='grc' dir='ltr'>μικρῶν,</span> <span class='ocrx_word' id='word_1_495' title='bbox 1243 3428 1377 3497; x_wconf 85' lang='grc' dir='ltr'>σκλη</span> <span class='ocrx_word' id='word_1_496' title='bbox 1389 3425 1657 3497; x_wconf 83' lang='grc' dir='ltr'>ρύνονται,</span> <span class='ocrx_word' id='word_1_497' title='bbox 1683 3426 1781 3479; x_wconf 73' lang='grc' dir='ltr'>καὶ</span> <span class='ocrx_word' id='word_1_498' title='bbox 1807 3426 1930 3479; x_wconf 83' lang='grc' dir='ltr'>ὅσον</span> 
     </span>
    </p>
   </div>
   <div class='ocr_carea' id='block_1_63' title="bbox 2011 3425 3615 3500">
    <p class='ocr_par' dir='ltr' id='par_1_63' title="bbox 2031 3427 3615 3500">
     <span class='ocr_line' id='line_1_63' title="bbox 2031 3427 3615 3500; baseline 0.003 -21"><span class='ocrx_word' id='word_1_499' title='bbox 2031 3443 2137 3497; x_wconf 88' lang='lat' dir='ltr'><strong>quc</strong></span> <span class='ocrx_word' id='word_1_500' title='bbox 2169 3428 2341 3497; x_wconf 83' lang='lat' dir='ltr'><strong>magis</strong></span> <span class='ocrx_word' id='word_1_501' title='bbox 2386 3428 2766 3493; x_wconf 84' lang='lat' dir='ltr'><strong>nbduruerint,</strong></span> <span class='ocrx_word' id='word_1_502' title='bbox 2795 3442 2862 3481; x_wconf 90' lang='lat' dir='ltr'><strong>eo</strong></span> <span class='ocrx_word' id='word_1_503' title='bbox 2888 3427 3099 3497; x_wconf 89' lang='lat' dir='ltr'><strong>majore</strong></span> <span class='ocrx_word' id='word_1_504' title='bbox 3120 3429 3172 3481; x_wconf 78' lang='lat' dir='ltr'><strong>vi</strong></span> <span class='ocrx_word' id='word_1_505' title='bbox 3196 3440 3249 3483; x_wconf 92' lang='lat' dir='ltr'><strong>et</strong></span> <span class='ocrx_word' id='word_1_506' title='bbox 3271 3430 3455 3484; x_wconf 83' lang='lat' dir='ltr'><strong>labore</strong></span> <span class='ocrx_word' id='word_1_507' title='bbox 3479 3446 3615 3500; x_wconf 89' lang='lat' dir='ltr'><strong>opus</strong></span> 
     </span>
    </p>
   </div>
   <div class='ocr_carea' id='block_1_64' title="bbox 346 3519 1950 3590">
    <p class='ocr_par' dir='ltr' id='par_1_64' title="bbox 346 3519 1932 3590">
     <span class='ocr_line' id='line_1_64' title="bbox 346 3519 1932 3590; baseline -0.001 -17"><span class='ocrx_word' id='word_1_508' title='bbox 346 3519 740 3590; x_wconf 88' lang='grc' dir='ltr'>σκληρύνονται</span> <span class='ocrx_word' id='word_1_509' title='bbox 763 3561 778 3589; x_wconf 89' lang='grc'><strong>,</strong></span> <span class='ocrx_word' id='word_1_510' title='bbox 827 3520 1082 3575; x_wconf 83' lang='grc' dir='ltr'>τοσοῦτον</span> <span class='ocrx_word' id='word_1_511' title='bbox 1116 3521 1362 3583; x_wconf 85' lang='grc' dir='ltr'>πλείονος</span> <span class='ocrx_word' id='word_1_512' title='bbox 1396 3520 1606 3573; x_wconf 86' lang='grc' dir='ltr'>δέονται</span> <span class='ocrx_word' id='word_1_513' title='bbox 1642 3520 1834 3574; x_wconf 85' lang='grc' dir='ltr'>κόπου.</span> <span class='ocrx_word' id='word_1_514' title='bbox 1869 3520 1932 3573; x_wconf 77' lang='lat' dir='ltr'><strong>Ei</strong></span> 
     </span>
    </p>
   </div>
   <div class='ocr_carea' id='block_1_65' title="bbox 2012 3519 3616 3590">
    <p class='ocr_par' dir='ltr' id='par_1_65' title="bbox 2032 3519 3616 3584">
     <span class='ocr_line' id='line_1_65' title="bbox 2032 3519 3616 3584; baseline 0.001 -11"><span class='ocrx_word' id='word_1_515' title='bbox 2032 3520 2158 3575; x_wconf 90' lang='lat' dir='ltr'><strong>erit.</strong></span> <span class='ocrx_word' id='word_1_516' title='bbox 2188 3519 2451 3584; x_wconf 92' lang='lat' dir='ltr'><strong>Quinimo</strong></span> <span class='ocrx_word' id='word_1_517' title='bbox 2477 3519 2617 3571; x_wconf 91' lang='lat' dir='ltr'><strong>irriti</strong></span> <span class='ocrx_word' id='word_1_518' title='bbox 2654 3527 2817 3573; x_wconf 91' lang='lat' dir='ltr'><strong>erunt</strong></span> <span class='ocrx_word' id='word_1_519' title='bbox 2858 3528 3086 3573; x_wconf 88' lang='lat' dir='ltr'><strong>conatus</strong></span> <span class='ocrx_word' id='word_1_520' title='bbox 3123 3522 3298 3574; x_wconf 86' lang='lat' dir='ltr'><strong>nostri</strong></span> <span class='ocrx_word' id='word_1_521' title='bbox 3331 3536 3520 3575; x_wconf 87' lang='lat' dir='ltr'><strong>omnes</strong></span> <span class='ocrx_word' id='word_1_522' title='bbox 3560 3520 3616 3575; x_wconf 88' lang='lat' dir='ltr'><strong>in</strong></span> 
     </span>
    </p>
   </div>
   <div class='ocr_carea' id='block_1_66' title="bbox 341 3610 1945 3683">
    <p class='ocr_par' dir='ltr' id='par_1_66' title="bbox 341 3610 1935 3683">
     <span class='ocr_line' id='line_1_66' title="bbox 341 3610 1935 3683; baseline -0.002 -15"><span class='ocrx_word' id='word_1_523' title='bbox 341 3612 401 3668; x_wconf 82' lang='grc' dir='ltr'>δὲ</span> <span class='ocrx_word' id='word_1_524' title='bbox 439 3612 533 3664; x_wconf 71' lang='grc' dir='ltr'>ἐπὶ</span> <span class='ocrx_word' id='word_1_525' title='bbox 562 3613 747 3666; x_wconf 87' lang='grc' dir='ltr'>πλεῖον</span> <span class='ocrx_word' id='word_1_526' title='bbox 798 3612 1134 3683; x_wconf 87' lang='grc' dir='ltr'>ἀνδρυνθῶσι</span> <span class='ocrx_word' id='word_1_527' title='bbox 1186 3612 1308 3666; x_wconf 84' lang='grc' dir='ltr'>καθ’</span> <span class='ocrx_word' id='word_1_528' title='bbox 1340 3611 1521 3682; x_wconf 80' lang='grc' dir='ltr'>ἡμῶν,</span> <span class='ocrx_word' id='word_1_529' title='bbox 1569 3612 1671 3665; x_wconf 82' lang='grc' dir='ltr'><strong>οὐκ</strong></span> <span class='ocrx_word' id='word_1_530' title='bbox 1702 3610 1783 3664; x_wconf 78' lang='grc' dir='ltr'><strong>ἔτι</strong></span> <span class='ocrx_word' id='word_1_531' title='bbox 1811 3611 1935 3665; x_wconf 81' lang='grc' dir='ltr'>οὐδὲ</span> 
     </span>
    </p>
   </div>
   <div class='ocr_carea' id='block_1_67' title="bbox 2012 3610 3616 3683">
    <p class='ocr_par' dir='ltr' id='par_1_67' title="bbox 2036 3610 3616 3679">
     <span class='ocr_line' id='line_1_67' title="bbox 2036 3610 3616 3679; baseline 0.001 -15"><span class='ocrx_word' id='word_1_532' title='bbox 2036 3613 2179 3674; x_wconf 87' lang='lat' dir='ltr'><strong>illas,</strong></span> <span class='ocrx_word' id='word_1_533' title='bbox 2212 3610 2317 3664; x_wconf 61' lang='lat' dir='ltr'><strong>nini</strong></span> <span class='ocrx_word' id='word_1_534' title='bbox 2350 3610 2582 3679; x_wconf 87' lang='lat' dir='ltr'><strong>alicujus</strong></span> <span class='ocrx_word' id='word_1_535' title='bbox 2609 3610 2709 3663; x_wconf 81' lang='lat' dir='ltr'><strong>viii</strong></span> <span class='ocrx_word' id='word_1_536' title='bbox 2743 3611 2919 3664; x_wconf 91' lang='lat' dir='ltr'><strong>sancti</strong></span> <span class='ocrx_word' id='word_1_537' title='bbox 2944 3611 3223 3666; x_wconf 81' lang='lat' dir='ltr'><strong>orationes</strong></span> <span class='ocrx_word' id='word_1_538' title='bbox 3256 3613 3321 3666; x_wconf 83' lang='lat' dir='ltr'><strong>ad</strong></span> <span class='ocrx_word' id='word_1_539' title='bbox 3351 3614 3616 3667; x_wconf 79' lang='lat' dir='ltr'><strong>auxilium</strong></span> 
     </span>
    </p>
   </div>
   <div class='ocr_carea' id='block_1_68' title="bbox 346 3698 1950 3778">
    <p class='ocr_par' dir='ltr' id='par_1_68' title="bbox 346 3704 1930 3778">
     <span class='ocr_line' id='line_1_68' title="bbox 346 3704 1930 3778; baseline -0.003 -19"><span class='ocrx_word' id='word_1_540' title='bbox 346 3705 487 3778; x_wconf 81' lang='grc' dir='ltr'><strong>μετά</strong></span> <span class='ocrx_word' id='word_1_541' title='bbox 521 3706 690 3758; x_wconf 85' lang='grc' dir='ltr'>κόπου</span> <span class='ocrx_word' id='word_1_542' title='bbox 722 3704 997 3775; x_wconf 79' lang='grc' dir='ltr'>δυνάμεθα</span> <span class='ocrx_word' id='word_1_543' title='bbox 1027 3705 1255 3774; x_wconf 69' lang='grc' dir='ltr'>ἐκκόψαι</span> <span class='ocrx_word' id='word_1_544' title='bbox 1287 3704 1427 3759; x_wconf 75' lang='grc' dir='ltr'>αὐτὰ</span> <span class='ocrx_word' id='word_1_545' title='bbox 1456 3706 1549 3772; x_wconf 65' lang='grc' dir='ltr'><strong>ἀφ’</strong></span> <span class='ocrx_word' id='word_1_546' title='bbox 1574 3704 1804 3767; x_wconf 81' lang='grc' dir='ltr'>ἑαυτῶν,</span> <span class='ocrx_word' id='word_1_547' title='bbox 1835 3705 1930 3757; x_wconf 82' lang='grc' dir='ltr'>ἐὰν</span> 
     </span>
    </p>
   </div>
   <div class='ocr_carea' id='block_1_69' title="bbox 2014 3698 3618 3778">
    <p class='ocr_par' dir='ltr' id='par_1_69' title="bbox 2037 3698 3618 3770">
     <span class='ocr_line' id='line_1_69' title="bbox 2037 3698 3618 3770; baseline 0.003 -16"><span class='ocrx_word' id='word_1_548' title='bbox 2037 3702 2196 3755; x_wconf 88' lang='lat' dir='ltr'><strong>nobis</strong></span> <span class='ocrx_word' id='word_1_549' title='bbox 2226 3708 2351 3770; x_wconf 92' lang='lat' dir='ltr'><strong>post</strong></span> <span class='ocrx_word' id='word_1_550' title='bbox 2383 3700 2551 3755; x_wconf 89' lang='lat' dir='ltr'><strong>Deum</strong></span> <span class='ocrx_word' id='word_1_551' title='bbox 2589 3700 2943 3754; x_wconf 89' lang='lat' dir='ltr'><strong>accesserint.</strong></span> <span class='ocrx_word' id='word_1_552' title='bbox 2969 3718 2988 3751; x_wconf 74' lang='grc' dir='ltr'><strong>ι</strong></span> <span class='ocrx_word' id='word_1_553' title='bbox 3024 3698 3253 3753; x_wconf 87' lang='lat' dir='ltr'><strong>Tantam</strong></span> <span class='ocrx_word' id='word_1_554' title='bbox 3282 3702 3388 3755; x_wconf 90' lang='lat' dir='ltr'><strong>vim</strong></span> <span class='ocrx_word' id='word_1_555' title='bbox 3418 3703 3618 3758; x_wconf 83' lang='lat' dir='ltr'><strong>habent</strong></span> 
     </span>
    </p>
   </div>
   <div class='ocr_carea' id='block_1_70' title="bbox 347 3790 1951 3865">
    <p class='ocr_par' dir='ltr' id='par_1_70' title="bbox 347 3791 1929 3865">
     <span class='ocr_line' id='line_1_70' title="bbox 347 3791 1929 3865; baseline -0.001 -19"><span class='ocrx_word' id='word_1_556' title='bbox 347 3794 422 3865; x_wconf 79' lang='grc' dir='ltr'>μὴ</span> <span class='ocrx_word' id='word_1_557' title='bbox 459 3793 552 3846; x_wconf 79' lang='grc' dir='ltr'>καὶ</span> <span class='ocrx_word' id='word_1_558' title='bbox 583 3791 837 3861; x_wconf 83' lang='grc' dir='ltr'>βοήθειαν</span> <span class='ocrx_word' id='word_1_559' title='bbox 871 3792 1090 3862; x_wconf 79' lang='grc' dir='ltr'>σχῶμέν</span> <span class='ocrx_word' id='word_1_560' title='bbox 1127 3811 1291 3846; x_wconf 88' lang='grc' dir='ltr'>τινων</span> <span class='ocrx_word' id='word_1_561' title='bbox 1324 3793 1497 3859; x_wconf 82' lang='grc' dir='ltr'>ἁγίων</span> <span class='ocrx_word' id='word_1_562' title='bbox 1532 3792 1929 3861; x_wconf 65' lang='grc' dir='ltr'>ἀντιλαμϐάνου</span> 
     </span>
    </p>
   </div>
   <div class='ocr_carea' id='block_1_71' title="bbox 2009 3790 3613 3865">
    <p class='ocr_par' dir='ltr' id='par_1_71' title="bbox 2037 3790 3613 3860">
     <span class='ocr_line' id='line_1_71' title="bbox 2037 3790 3613 3860; baseline 0.001 -16"><span class='ocrx_word' id='word_1_563' title='bbox 2037 3792 2243 3844; x_wconf 74' lang='lat' dir='ltr'><strong>auxilia</strong></span> <span class='ocrx_word' id='word_1_564' title='bbox 2295 3806 2417 3858; x_wconf 63' lang='lat' dir='ltr'><strong>quae</strong></span> <span class='ocrx_word' id='word_1_565' title='bbox 2463 3807 2491 3844; x_wconf 87' lang='lat' dir='ltr'><strong>a</strong></span> <span class='ocrx_word' id='word_1_566' title='bbox 2540 3790 2677 3843; x_wconf 87' lang='lat' dir='ltr'><strong>viris</strong></span> <span class='ocrx_word' id='word_1_567' title='bbox 2716 3790 2881 3858; x_wconf 86' lang='lat' dir='ltr'><strong>justis</strong></span> <span class='ocrx_word' id='word_1_568' title='bbox 2926 3798 2979 3843; x_wconf 87' lang='lat' dir='ltr'><strong>et</strong></span> <span class='ocrx_word' id='word_1_569' title='bbox 3022 3791 3229 3845; x_wconf 83' lang='lat' dir='ltr'><strong>sanctis</strong></span> <span class='ocrx_word' id='word_1_570' title='bbox 3265 3803 3613 3860; x_wconf 80' lang='lat' dir='ltr'><strong>expetuntur.</strong></span> 
     </span>
    </p>
   </div>
   <div class='ocr_carea' id='block_1_72' title="bbox 348 3879 1952 3956">
    <p class='ocr_par' dir='ltr' id='par_1_72' title="bbox 348 3881 1930 3956">
     <span class='ocr_line' id='line_1_72' title="bbox 348 3881 1930 3956; baseline -0.001 -21"><span class='ocrx_word' id='word_1_571' title='bbox 348 3885 523 3956; x_wconf 78' lang='grc' dir='ltr'>μένων</span> <span class='ocrx_word' id='word_1_572' title='bbox 561 3884 693 3950; x_wconf 87' lang='grc' dir='ltr'>ἡμῖν</span> <span class='ocrx_word' id='word_1_573' title='bbox 742 3882 878 3949; x_wconf 84' lang='grc' dir='ltr'>μετὰ</span> <span class='ocrx_word' id='word_1_574' title='bbox 926 3881 1078 3934; x_wconf 83' lang='grc' dir='ltr'>Θεόν.</span> <span class='ocrx_word' id='word_1_575' title='bbox 1130 3901 1148 3932; x_wconf 75' lang='grc' dir='ltr'><strong>ι</strong></span> <span class='ocrx_word' id='word_1_576' title='bbox 1204 3882 1443 3935; x_wconf 79' lang='grc' dir='ltr'>Βλέπετε</span> <span class='ocrx_word' id='word_1_577' title='bbox 1492 3882 1667 3951; x_wconf 84' lang='grc' dir='ltr'>πόσην</span> <span class='ocrx_word' id='word_1_578' title='bbox 1704 3883 1930 3951; x_wconf 84' lang='grc' dir='ltr'>δύναμιν</span> 
     </span>
    </p>
   </div>
   <div class='ocr_carea' id='block_1_73' title="bbox 2012 3879 3616 3956">
    <p class='ocr_par' dir='ltr' id='par_1_73' title="bbox 2035 3879 3616 3953">
     <span class='ocr_line' id='line_1_73' title="bbox 2035 3879 3616 3953; baseline 0.004 -22"><span class='ocrx_word' id='word_1_579' title='bbox 2035 3879 2191 3945; x_wconf 86' lang='lat' dir='ltr'><strong>Quod</strong></span> <span class='ocrx_word' id='word_1_580' title='bbox 2226 3880 2492 3949; x_wconf 77' lang='lat' dir='ltr'><strong>Propheta</strong></span> <span class='ocrx_word' id='word_1_581' title='bbox 2527 3895 2627 3934; x_wconf 86' lang='lat' dir='ltr'><strong>nos</strong></span> <span class='ocrx_word' id='word_1_582' title='bbox 2675 3895 2897 3950; x_wconf 84' lang='lat' dir='ltr'><strong>quoque</strong></span> <span class='ocrx_word' id='word_1_583' title='bbox 2938 3882 3094 3934; x_wconf 89' lang='lat' dir='ltr'><strong>docet</strong></span> <span class='ocrx_word' id='word_1_584' title='bbox 3146 3881 3199 3933; x_wconf 90' lang='lat' dir='ltr'><strong>in</strong></span> <span class='ocrx_word' id='word_1_585' title='bbox 3247 3883 3458 3950; x_wconf 83' lang='lat' dir='ltr'><strong>psalmo</strong></span> <span class='ocrx_word' id='word_1_586' title='bbox 3506 3900 3616 3953; x_wconf 84' lang='lat' dir='ltr'><strong>quo</strong></span> 
     </span>
    </p>
   </div>
   <div class='ocr_carea' id='block_1_74' title="bbox 344 3970 1948 4043">
    <p class='ocr_par' dir='ltr' id='par_1_74' title="bbox 344 3972 1930 4043">
     <span class='ocr_line' id='line_1_74' title="bbox 344 3972 1930 4043; baseline -0.001 -17"><span class='ocrx_word' id='word_1_587' title='bbox 344 3974 529 4043; x_wconf 77' lang='grc' dir='ltr'>ἔχουσι</span> <span class='ocrx_word' id='word_1_588' title='bbox 558 3974 628 4025; x_wconf 78' lang='grc' dir='ltr'>τὰ</span> <span class='ocrx_word' id='word_1_589' title='bbox 657 3972 811 4042; x_wconf 79' lang='grc' dir='ltr'>παρὰ</span> <span class='ocrx_word' id='word_1_590' title='bbox 839 3972 950 4024; x_wconf 89' lang='grc' dir='ltr'><strong>τῶν</strong></span> <span class='ocrx_word' id='word_1_591' title='bbox 982 3973 1151 4041; x_wconf 80' lang='grc' dir='ltr'>ἁγίων</span> <span class='ocrx_word' id='word_1_592' title='bbox 1185 3973 1456 4043; x_wconf 83' lang='grc' dir='ltr'>γερόντων</span> <span class='ocrx_word' id='word_1_593' title='bbox 1484 3974 1773 4043; x_wconf 81' lang='grc' dir='ltr'>λεγόμενα.</span> <span class='ocrx_word' id='word_1_594' title='bbox 1819 3974 1930 4026; x_wconf 74' lang='grc' dir='ltr'>Καὶ</span> 
     </span>
    </p>
   </div>
   <div class='ocr_carea' id='block_1_75' title="bbox 2010 3970 3614 4043">
    <p class='ocr_par' dir='ltr' id='par_1_75' title="bbox 2037 3970 3614 4040">
     <span class='ocr_line' id='line_1_75' title="bbox 2037 3970 3614 4040; baseline 0.002 -15"><span class='ocrx_word' id='word_1_595' title='bbox 2037 3971 2112 4025; x_wconf 85' lang='lat' dir='ltr'><strong>ait</strong></span> <span class='ocrx_word' id='word_1_596' title='bbox 2147 3989 2160 4025; x_wconf 91' lang='lat'><strong>:</strong></span> <span class='ocrx_word' id='word_1_597' title='bbox 2198 3970 2345 4025; x_wconf 82' lang='lat' dir='ltr'><strong>Filia</strong></span> <span class='ocrx_word' id='word_1_598' title='bbox 2386 3972 2676 4040; x_wconf 77' lang='lat' dir='ltr'><strong>Babylonis</strong></span> <span class='ocrx_word' id='word_1_599' title='bbox 2722 3974 2916 4025; x_wconf 82' lang='lat' dir='ltr'><strong>misera</strong></span> <span class='ocrx_word' id='word_1_600' title='bbox 2944 3986 2963 4023; x_wconf 87' lang='lat'><strong><em>:</em></strong></span> <span class='ocrx_word' id='word_1_601' title='bbox 2994 3971 3179 4025; x_wconf 81' lang='lat' dir='ltr'><strong>beatus</strong></span> <span class='ocrx_word' id='word_1_602' title='bbox 3227 3973 3318 4040; x_wconf 86' lang='lat' dir='ltr'><strong>qui</strong></span> <span class='ocrx_word' id='word_1_603' title='bbox 3364 3974 3614 4029; x_wconf 82' lang='lat' dir='ltr'><strong>retribuet</strong></span> 
     </span>
    </p>
   </div>
   <div class='ocr_carea' id='block_1_76' title="bbox 344 4062 1948 4133">
    <p class='ocr_par' dir='ltr' id='par_1_76' title="bbox 344 4062 1930 4133">
     <span class='ocr_line' id='line_1_76' title="bbox 344 4062 1930 4133; baseline -0.001 -17"><span class='ocrx_word' id='word_1_604' title='bbox 344 4064 373 4116; x_wconf 83' lang='lat'><strong>6</strong></span> <span class='ocrx_word' id='word_1_605' title='bbox 394 4063 686 4133; x_wconf 77' lang='grc' dir='ltr'><strong>Προφήτης</strong></span> <span class='ocrx_word' id='word_1_606' title='bbox 708 4062 908 4132; x_wconf 85' lang='grc' dir='ltr'>ὁμοίως</span> <span class='ocrx_word' id='word_1_607' title='bbox 939 4063 1067 4132; x_wconf 81' lang='grc' dir='ltr'>περὶ</span> <span class='ocrx_word' id='word_1_608' title='bbox 1099 4063 1290 4116; x_wconf 85' lang='grc' dir='ltr'>τούτου</span> <span class='ocrx_word' id='word_1_609' title='bbox 1322 4063 1563 4117; x_wconf 81' lang='grc' dir='ltr'>διδάσκει</span> <span class='ocrx_word' id='word_1_610' title='bbox 1591 4065 1737 4133; x_wconf 81' lang='grc' dir='ltr'><strong>ἡμᾶς</strong></span> <span class='ocrx_word' id='word_1_611' title='bbox 1770 4065 1827 4115; x_wconf 79' lang='grc' dir='ltr'><strong>ὲν</strong></span> <span class='ocrx_word' id='word_1_612' title='bbox 1853 4064 1930 4133; x_wconf 86' lang='grc' dir='ltr'><strong>τῷ</strong></span> 
     </span>
    </p>
   </div>
   <div class='ocr_carea' id='block_1_77' title="bbox 2010 4062 3614 4133">
    <p class='ocr_par' dir='ltr' id='par_1_77' title="bbox 2035 4063 3614 4131">
     <span class='ocr_line' id='line_1_77' title="bbox 2035 4063 3614 4131; baseline 0.003 -17"><span class='ocrx_word' id='word_1_613' title='bbox 2035 4063 2131 4116; x_wconf 83' lang='lat' dir='ltr'><strong>tibi</strong></span> <span class='ocrx_word' id='word_1_614' title='bbox 2160 4066 2552 4117; x_wconf 79' lang='lat' dir='ltr'><strong>retributionem</strong></span> <span class='ocrx_word' id='word_1_615' title='bbox 2575 4075 2722 4115; x_wconf 86' lang='lat' dir='ltr'><strong>tuam</strong></span> <span class='ocrx_word' id='word_1_616' title='bbox 2745 4079 2904 4131; x_wconf 88' lang='lat' dir='ltr'><strong>quam</strong></span> <span class='ocrx_word' id='word_1_617' title='bbox 2924 4063 3213 4116; x_wconf 83' lang='lat' dir='ltr'><strong>retribuisti</strong></span> <span class='ocrx_word' id='word_1_618' title='bbox 3238 4065 3403 4119; x_wconf 81' lang='lat' dir='ltr'><strong>nobis.</strong></span> <span class='ocrx_word' id='word_1_619' title='bbox 3422 4064 3614 4119; x_wconf 81' lang='lat' dir='ltr'><strong>Beatus</strong></span> 
     </span>
    </p>
   </div>
   <div class='ocr_carea' id='block_1_78' title="bbox 342 4152 1946 4225">
    <p class='ocr_par' dir='ltr' id='par_1_78' title="bbox 342 4152 1928 4223">
     <span class='ocr_line' id='line_1_78' title="bbox 342 4152 1928 4223; baseline 0 -18"><span class='ocrx_word' id='word_1_620' title='bbox 342 4152 543 4223; x_wconf 75' lang='grc' dir='ltr'>ψαλμῷ</span> <span class='ocrx_word' id='word_1_621' title='bbox 567 4155 701 4207; x_wconf 84' lang='grc' dir='ltr'>ὅπου</span> <span class='ocrx_word' id='word_1_622' title='bbox 733 4153 917 4222; x_wconf 83' lang='grc' dir='ltr'>λέγει·</span> <span class='ocrx_word' id='word_1_623' title='bbox 957 4152 1228 4223; x_wconf 74' lang='grc' dir='ltr'>Θυγάτηρ</span> <span class='ocrx_word' id='word_1_624' title='bbox 1267 4154 1629 4219; x_wconf 77' lang='grc' dir='ltr'><strong>Βαϐυλῶνος</strong></span> <span class='ocrx_word' id='word_1_625' title='bbox 1656 4155 1693 4221; x_wconf 73' lang='grc' dir='ltr'><strong><em>ἡ</em></strong></span> <span class='ocrx_word' id='word_1_626' title='bbox 1724 4155 1928 4207; x_wconf 80' lang='grc' dir='ltr'>ταλαί-</span> 
     </span>
    </p>
   </div>
   <div class='ocr_carea' id='block_1_79' title="bbox 1868 4152 3472 4225">
    <p class='ocr_par' dir='ltr' id='par_1_79' title="bbox 1868 4155 3472 4225">
     <span class='ocr_line' id='line_1_79' title="bbox 1868 4155 3472 4225; baseline 0.003 -20"><span class='ocrx_word' id='word_1_627' title='bbox 1868 4155 1928 4206; x_wconf 75' lang='grc' dir='ltr'><strong>ιί-</strong></span> <span class='ocrx_word' id='word_1_628' title='bbox 2034 4156 2124 4224; x_wconf 81' lang='lat' dir='ltr'><strong>qui</strong></span> <span class='ocrx_word' id='word_1_629' title='bbox 2148 4157 2421 4225; x_wconf 65' lang='lat' dir='ltr'><strong>tenebit,et</strong></span> <span class='ocrx_word' id='word_1_630' title='bbox 2457 4155 2641 4209; x_wconf 82' lang='lat' dir='ltr'><strong>allidet</strong></span> <span class='ocrx_word' id='word_1_631' title='bbox 2664 4156 2921 4225; x_wconf 69' lang='lat' dir='ltr'><strong>parvulos</strong></span> <span class='ocrx_word' id='word_1_632' title='bbox 2954 4165 3069 4208; x_wconf 87' lang='lat' dir='ltr'><strong>tuos</strong></span> <span class='ocrx_word' id='word_1_633' title='bbox 3099 4159 3168 4208; x_wconf 87' lang='lat' dir='ltr'><strong>ad</strong></span> <span class='ocrx_word' id='word_1_634' title='bbox 3195 4168 3397 4225; x_wconf 80' lang='lat' dir='ltr'><strong>petram</strong></span> <span class='ocrx_word' id='word_1_635' title='bbox 3427 4167 3472 4210; x_wconf 69' lang='grc' dir='ltr'>ν.</span> 
     </span>
    </p>
   </div>
   <div class='ocr_carea' id='block_1_80' title="bbox 343 4241 3617 4318">
    <p class='ocr_par' dir='ltr' id='par_1_80' title="bbox 343 4241 3617 4318">
     <span class='ocr_line' id='line_1_80' title="bbox 343 4241 3617 4318; baseline 0.002 -22"><span class='ocrx_word' id='word_1_636' title='bbox 343 4255 557 4310; x_wconf 80' lang='grc' dir='ltr'>πωρος,</span> <span class='ocrx_word' id='word_1_637' title='bbox 583 4241 873 4311; x_wconf 81' lang='grc' dir='ltr'>μακάριος</span> <span class='ocrx_word' id='word_1_638' title='bbox 905 4241 973 4308; x_wconf 83' lang='grc' dir='ltr'><strong>ὃς</strong></span> <span class='ocrx_word' id='word_1_639' title='bbox 995 4242 1405 4296; x_wconf 68' lang='grc' dir='ltr'>ἀνταποδώσω</span> <span class='ocrx_word' id='word_1_640' title='bbox 1428 4243 1494 4295; x_wconf 87' lang='grc' dir='ltr'>τὸ</span> <span class='ocrx_word' id='word_1_641' title='bbox 1522 4242 1909 4313; x_wconf 81' lang='grc' dir='ltr'>ἀνταπόδομά</span> <span class='ocrx_word' id='word_1_642' title='bbox 1944 4262 2081 4307; x_wconf 76' lang='grc' dir='ltr'>σου,</span> <span class='ocrx_word' id='word_1_643' title='bbox 2134 4246 2164 4299; x_wconf 87' lang='grc' dir='ltr'><em>ὃ</em></span> <span class='ocrx_word' id='word_1_644' title='bbox 2194 4247 2620 4311; x_wconf 76' lang='grc' dir='ltr'>ἀνταπέδωκας</span> <span class='ocrx_word' id='word_1_645' title='bbox 2673 4246 2844 4317; x_wconf 72' lang='grc' dir='ltr'><strong>ἡμῖν·</strong></span> <span class='ocrx_word' id='word_1_646' title='bbox 2912 4246 3200 4317; x_wconf 77' lang='grc' dir='ltr'>μακάριος</span> <span class='ocrx_word' id='word_1_647' title='bbox 3241 4248 3306 4314; x_wconf 81' lang='grc' dir='ltr'><strong>ὃς</strong></span> <span class='ocrx_word' id='word_1_648' title='bbox 3333 4251 3617 4318; x_wconf 69' lang='grc' dir='ltr'>κρατήσει</span> 
     </span>
    </p>
   </div>
   <div class='ocr_carea' id='block_1_81' title="bbox 344 4332 1766 4404">
    <p class='ocr_par' dir='ltr' id='par_1_81' title="bbox 344 4332 1766 4404">
     <span class='ocr_line' id='line_1_81' title="bbox 344 4332 1766 4404; baseline 0.002 -16"><span class='ocrx_word' id='word_1_649' title='bbox 344 4332 443 4388; x_wconf 77' lang='grc' dir='ltr'>καὶ</span> <span class='ocrx_word' id='word_1_650' title='bbox 470 4333 704 4403; x_wconf 63' lang='grc' dir='ltr'>ἐδαφιεῖ</span> <span class='ocrx_word' id='word_1_651' title='bbox 725 4335 798 4388; x_wconf 85' lang='grc' dir='ltr'>τὰ</span> <span class='ocrx_word' id='word_1_652' title='bbox 832 4333 1021 4401; x_wconf 75' lang='grc' dir='ltr'>νήπιά</span> <span class='ocrx_word' id='word_1_653' title='bbox 1052 4351 1168 4389; x_wconf 86' lang='grc' dir='ltr'><strong>σου</strong></span> <span class='ocrx_word' id='word_1_654' title='bbox 1194 4335 1345 4403; x_wconf 75' lang='grc' dir='ltr'><em>πρὸς</em></span> <span class='ocrx_word' id='word_1_655' title='bbox 1376 4335 1491 4404; x_wconf 79' lang='grc' dir='ltr'><strong>τὴν</strong></span> <span class='ocrx_word' id='word_1_656' title='bbox 1519 4336 1766 4404; x_wconf 79' lang='grc' dir='ltr'>πέτραν.</span> 
     </span>
    </p>
   </div>
   <div class='ocr_carea' id='block_1_82' title="bbox 413 4425 2017 4499">
    <p class='ocr_par' dir='ltr' id='par_1_82' title="bbox 413 4425 2008 4498">
     <span class='ocr_line' id='line_1_82' title="bbox 413 4425 2008 4498; baseline 0.001 -18"><span class='ocrx_word' id='word_1_657' title='bbox 413 4431 488 4480; x_wconf 86' lang='grc' dir='ltr'><strong>Δ’.</strong></span> <span class='ocrx_word' id='word_1_658' title='bbox 542 4425 704 4479; x_wconf 82' lang='grc' dir='ltr'>Ἀλλά</span> <span class='ocrx_word' id='word_1_659' title='bbox 733 4425 1145 4497; x_wconf 73' lang='grc' dir='ltr'>ψηλαφήσωμεν</span> <span class='ocrx_word' id='word_1_660' title='bbox 1175 4428 1315 4480; x_wconf 83' lang='grc' dir='ltr'><strong>κατά</strong></span> <span class='ocrx_word' id='word_1_661' title='bbox 1345 4428 1664 4483; x_wconf 82' lang='grc' dir='ltr'>ἀκολουθίαν</span> <span class='ocrx_word' id='word_1_662' title='bbox 1691 4430 1751 4482; x_wconf 78' lang='grc' dir='ltr'>τὸ</span> <span class='ocrx_word' id='word_1_663' title='bbox 1782 4429 1933 4498; x_wconf 81' lang='grc' dir='ltr'>λεγό-</span> <span class='ocrx_word' id='word_1_664' title='bbox 1969 4434 2008 4487; x_wconf 86' lang='lat' dir='ltr'><strong>D</strong></span> 
     </span>
    </p>
   </div>
   <div class='ocr_carea' id='block_1_83' title="bbox 2010 4425 3614 4499">
    <p class='ocr_par' dir='ltr' id='par_1_83' title="bbox 2111 4429 3614 4499">
     <span class='ocr_line' id='line_1_83' title="bbox 2111 4429 3614 4499; baseline 0.003 -17"><span class='ocrx_word' id='word_1_665' title='bbox 2111 4429 2198 4484; x_wconf 77' lang='lat' dir='ltr'><strong>IV.</strong></span> <span class='ocrx_word' id='word_1_666' title='bbox 2255 4429 2363 4484; x_wconf 87' lang='lat' dir='ltr'><strong>Sed</strong></span> <span class='ocrx_word' id='word_1_667' title='bbox 2409 4443 2750 4499; x_wconf 78' lang='lat' dir='ltr'><strong>exponamus</strong></span> <span class='ocrx_word' id='word_1_668' title='bbox 2797 4445 2891 4498; x_wconf 86' lang='lat' dir='ltr'><strong>per</strong></span> <span class='ocrx_word' id='word_1_669' title='bbox 2934 4429 3178 4485; x_wconf 85' lang='lat' dir='ltr'><strong>ordinem</strong></span> <span class='ocrx_word' id='word_1_670' title='bbox 3228 4430 3371 4499; x_wconf 88' lang='lat' dir='ltr'><strong>quod</strong></span> <span class='ocrx_word' id='word_1_671' title='bbox 3413 4432 3614 4486; x_wconf 77' lang='lat' dir='ltr'><strong>dictum</strong></span> 
     </span>
    </p>
   </div>
   <div class='ocr_carea' id='block_1_84' title="bbox 350 4518 1954 4595">
    <p class='ocr_par' dir='ltr' id='par_1_84' title="bbox 350 4518 1931 4595">
     <span class='ocr_line' id='line_1_84' title="bbox 350 4518 1931 4595; baseline 0.003 -23"><span class='ocrx_word' id='word_1_672' title='bbox 350 4535 530 4589; x_wconf 88' lang='grc' dir='ltr'>μενον.</span> <span class='ocrx_word' id='word_1_673' title='bbox 581 4518 876 4572; x_wconf 76' lang='grc' dir='ltr'>Βαϐυλῶνα</span> <span class='ocrx_word' id='word_1_674' title='bbox 923 4519 1071 4587; x_wconf 82' lang='grc' dir='ltr'>λέγει</span> <span class='ocrx_word' id='word_1_675' title='bbox 1127 4520 1226 4591; x_wconf 84' lang='grc' dir='ltr'>τὴν</span> <span class='ocrx_word' id='word_1_676' title='bbox 1274 4519 1535 4591; x_wconf 84' lang='grc' dir='ltr'>σύγχυσιν</span> <span class='ocrx_word' id='word_1_677' title='bbox 1577 4539 1591 4552; x_wconf 85' lang='grc'><strong>·</strong></span> <span class='ocrx_word' id='word_1_678' title='bbox 1639 4523 1783 4576; x_wconf 73' lang='grc' dir='ltr'>οὕτω</span> <span class='ocrx_word' id='word_1_679' title='bbox 1823 4524 1931 4595; x_wconf 89' lang='grc' dir='ltr'><strong>γὰρ</strong></span> 
     </span>
    </p>
   </div>
   <div class='ocr_carea' id='block_1_85' title="bbox 2016 4518 3620 4595">
    <p class='ocr_par' dir='ltr' id='par_1_85' title="bbox 2039 4522 3620 4592">
     <span class='ocr_line' id='line_1_85' title="bbox 2039 4522 3620 4592; baseline 0.001 -16"><span class='ocrx_word' id='word_1_680' title='bbox 2039 4532 2141 4576; x_wconf 86' lang='lat' dir='ltr'><strong>est.</strong></span> <span class='ocrx_word' id='word_1_681' title='bbox 2172 4522 2502 4592; x_wconf 84' lang='lat' dir='ltr'><strong>Babylonem</strong></span> <span class='ocrx_word' id='word_1_682' title='bbox 2534 4522 2891 4590; x_wconf 77' lang='lat' dir='ltr'><strong>confusionem</strong></span> <span class='ocrx_word' id='word_1_683' title='bbox 2926 4532 3103 4576; x_wconf 84' lang='lat' dir='ltr'><strong>vocat.</strong></span> <span class='ocrx_word' id='word_1_684' title='bbox 3155 4523 3245 4576; x_wconf 88' lang='lat' dir='ltr'><strong>Sic</strong></span> <span class='ocrx_word' id='word_1_685' title='bbox 3275 4525 3417 4577; x_wconf 89' lang='lat' dir='ltr'><strong>enim</strong></span> <span class='ocrx_word' id='word_1_686' title='bbox 3455 4525 3620 4578; x_wconf 71' lang='lat' dir='ltr'><strong>inter-</strong></span> 
     </span>
    </p>
   </div>
   <div class='ocr_carea' id='block_1_86' title="bbox 347 4610 1951 4684">
    <p class='ocr_par' dir='ltr' id='par_1_86' title="bbox 347 4610 1933 4684">
     <span class='ocr_line' id='line_1_86' title="bbox 347 4610 1933 4684; baseline 0.003 -20"><span class='ocrx_word' id='word_1_687' title='bbox 347 4610 709 4681; x_wconf 79' lang='grc' dir='ltr'>ἑρμηνεύεται</span> <span class='ocrx_word' id='word_1_688' title='bbox 733 4611 884 4682; x_wconf 84' lang='grc' dir='ltr'><strong>παρά</strong></span> <span class='ocrx_word' id='word_1_689' title='bbox 909 4611 969 4663; x_wconf 80' lang='grc' dir='ltr'>τὸ</span> <span class='ocrx_word' id='word_1_690' title='bbox 995 4611 1187 4674; x_wconf 80' lang='grc' dir='ltr'>Βαὸὲλ,</span> <span class='ocrx_word' id='word_1_691' title='bbox 1207 4612 1344 4681; x_wconf 86' lang='grc' dir='ltr'>ὅπερ</span> <span class='ocrx_word' id='word_1_692' title='bbox 1368 4613 1486 4665; x_wconf 80' lang='grc' dir='ltr'>ἐστὶ</span> <span class='ocrx_word' id='word_1_693' title='bbox 1513 4615 1697 4684; x_wconf 87' lang='grc' dir='ltr'>Συχέμ</span> <span class='ocrx_word' id='word_1_694' title='bbox 1723 4633 1737 4647; x_wconf 78' lang='grc'><em>’</em></span> <span class='ocrx_word' id='word_1_695' title='bbox 1767 4617 1933 4684; x_wconf 79' lang='grc' dir='ltr'>θυγαο</span> 
     </span>
    </p>
   </div>
   <div class='ocr_carea' id='block_1_87' title="bbox 2012 4610 3616 4684">
    <p class='ocr_par' dir='ltr' id='par_1_87' title="bbox 2040 4610 3616 4681">
     <span class='ocr_line' id='line_1_87' title="bbox 2040 4610 3616 4681; baseline 0.003 -18"><span class='ocrx_word' id='word_1_696' title='bbox 2040 4620 2326 4679; x_wconf 79' lang='lat' dir='ltr'><strong>pretatur:</strong></span> <span class='ocrx_word' id='word_1_697' title='bbox 2365 4625 2393 4661; x_wconf 90' lang='lat' dir='ltr'><strong>a</strong></span> <span class='ocrx_word' id='word_1_698' title='bbox 2424 4610 2587 4663; x_wconf 74' lang='lat' dir='ltr'><strong>Baln&#39;l</strong></span> <span class='ocrx_word' id='word_1_699' title='bbox 2627 4611 2768 4664; x_wconf 89' lang='lat' dir='ltr'><strong>dicta</strong></span> <span class='ocrx_word' id='word_1_700' title='bbox 2819 4612 2964 4681; x_wconf 89' lang='lat' dir='ltr'><strong>quod</strong></span> <span class='ocrx_word' id='word_1_701' title='bbox 3006 4622 3088 4665; x_wconf 80' lang='lat' dir='ltr'><strong>est</strong></span> <span class='ocrx_word' id='word_1_702' title='bbox 3134 4611 3375 4667; x_wconf 80' lang='lat' dir='ltr'><strong>Siclicm.</strong></span> <span class='ocrx_word' id='word_1_703' title='bbox 3428 4613 3616 4668; x_wconf 77' lang='lat' dir='ltr'><strong>Filiam</strong></span> 
     </span>
    </p>
   </div>
   <div class='ocr_carea' id='block_1_88' title="bbox 345 4701 1949 4776">
    <p class='ocr_par' dir='ltr' id='par_1_88' title="bbox 345 4701 1931 4776">
     <span class='ocr_line' id='line_1_88' title="bbox 345 4701 1931 4776; baseline -0.006 -20"><span class='ocrx_word' id='word_1_704' title='bbox 345 4703 478 4773; x_wconf 82' lang='grc' dir='ltr'>τέρα</span> <span class='ocrx_word' id='word_1_705' title='bbox 510 4701 825 4765; x_wconf 76' lang='grc' dir='ltr'>Βαϐυλῶνος</span> <span class='ocrx_word' id='word_1_706' title='bbox 858 4701 1006 4770; x_wconf 80' lang='grc' dir='ltr'>λέγει</span> <span class='ocrx_word' id='word_1_707' title='bbox 1034 4703 1134 4772; x_wconf 83' lang='grc' dir='ltr'><strong>τὴν</strong></span> <span class='ocrx_word' id='word_1_708' title='bbox 1161 4702 1382 4773; x_wconf 73' lang='grc' dir='ltr'>ἔχθραν.</span> <span class='ocrx_word' id='word_1_709' title='bbox 1412 4705 1634 4776; x_wconf 86' lang='grc' dir='ltr'>Πρῶτον</span> <span class='ocrx_word' id='word_1_710' title='bbox 1656 4707 1763 4776; x_wconf 77' lang='grc' dir='ltr'><strong>γὰρ</strong></span> <span class='ocrx_word' id='word_1_711' title='bbox 1799 4723 1931 4776; x_wconf 83' lang='grc' dir='ltr'><strong>συγ-</strong></span> 
     </span>
    </p>
   </div>
   <div class='ocr_carea' id='block_1_89' title="bbox 2013 4701 3617 4776">
    <p class='ocr_par' dir='ltr' id='par_1_89' title="bbox 2040 4701 3617 4773">
     <span class='ocr_line' id='line_1_89' title="bbox 2040 4701 3617 4773; baseline 0.003 -19"><span class='ocrx_word' id='word_1_712' title='bbox 2040 4712 2220 4756; x_wconf 85' lang='lat' dir='ltr'><strong>autem</strong></span> <span class='ocrx_word' id='word_1_713' title='bbox 2258 4701 2553 4773; x_wconf 78' lang='lat' dir='ltr'><strong>Babylonis</strong></span> <span class='ocrx_word' id='word_1_714' title='bbox 2588 4702 2721 4757; x_wconf 85' lang='lat' dir='ltr'><strong>dicit</strong></span> <span class='ocrx_word' id='word_1_715' title='bbox 2771 4703 3138 4757; x_wconf 74' lang='lat' dir='ltr'><strong>inimicitiam.</strong></span> <span class='ocrx_word' id='word_1_716' title='bbox 3189 4702 3430 4758; x_wconf 90' lang='lat' dir='ltr'><strong>Primum</strong></span> <span class='ocrx_word' id='word_1_717' title='bbox 3475 4708 3617 4759; x_wconf 88' lang='lat' dir='ltr'><strong>enim</strong></span> 
     </span>
    </p>
   </div>
   <div class='ocr_carea' id='block_1_90' title="bbox 344 4792 1948 4869">
    <p class='ocr_par' dir='ltr' id='par_1_90' title="bbox 344 4792 1927 4869">
     <span class='ocr_line' id='line_1_90' title="bbox 344 4792 1927 4869; baseline 0.003 -24"><span class='ocrx_word' id='word_1_718' title='bbox 344 4796 520 4865; x_wconf 84' lang='grc' dir='ltr'>χεῖται</span> <span class='ocrx_word' id='word_1_719' title='bbox 561 4797 593 4863; x_wconf 80' lang='grc' dir='ltr'><strong>ἠ</strong></span> <span class='ocrx_word' id='word_1_720' title='bbox 622 4793 786 4863; x_wconf 75' lang='grc' dir='ltr'>ψυχὴ,</span> <span class='ocrx_word' id='word_1_721' title='bbox 839 4794 933 4846; x_wconf 77' lang='grc' dir='ltr'><strong>καὶ</strong></span> <span class='ocrx_word' id='word_1_722' title='bbox 977 4792 1149 4857; x_wconf 77' lang='grc' dir='ltr'>οὕτως</span> <span class='ocrx_word' id='word_1_723' title='bbox 1193 4796 1449 4849; x_wconf 82' lang='grc' dir='ltr'>ἀποτελεῖ</span> <span class='ocrx_word' id='word_1_724' title='bbox 1481 4797 1580 4867; x_wconf 84' lang='grc' dir='ltr'>τὴν</span> <span class='ocrx_word' id='word_1_725' title='bbox 1612 4799 1890 4869; x_wconf 83' lang='grc' dir='ltr'>ἁμαρτίαν</span> <span class='ocrx_word' id='word_1_726' title='bbox 1912 4815 1927 4831; x_wconf 80' lang='grc' dir='ltr'><strong><em>ο</em></strong></span> 
     </span>
    </p>
   </div>
   <div class='ocr_carea' id='block_1_91' title="bbox 2019 4792 3623 4869">
    <p class='ocr_par' dir='ltr' id='par_1_91' title="bbox 2040 4795 3623 4866">
     <span class='ocr_line' id='line_1_91' title="bbox 2040 4795 3623 4866; baseline 0 -15"><span class='ocrx_word' id='word_1_727' title='bbox 2040 4795 2397 4851; x_wconf 79' lang='lat' dir='ltr'><strong>confunditur</strong></span> <span class='ocrx_word' id='word_1_728' title='bbox 2437 4796 2649 4857; x_wconf 90' lang='lat' dir='ltr'><strong>anima,</strong></span> <span class='ocrx_word' id='word_1_729' title='bbox 2692 4802 2746 4849; x_wconf 89' lang='lat' dir='ltr'><strong>et</strong></span> <span class='ocrx_word' id='word_1_730' title='bbox 2788 4797 3132 4865; x_wconf 90' lang='lat' dir='ltr'><strong>postmodum</strong></span> <span class='ocrx_word' id='word_1_731' title='bbox 3178 4797 3390 4866; x_wconf 84' lang='lat' dir='ltr'><strong>perﬁcit</strong></span> <span class='ocrx_word' id='word_1_732' title='bbox 3435 4815 3623 4865; x_wconf 79' lang='lat' dir='ltr'><strong>pecca-</strong></span> 
     </span>
    </p>
   </div>
   <div class='ocr_carea' id='block_1_92' title="bbox 344 4883 1948 4959">
    <p class='ocr_par' dir='ltr' id='par_1_92' title="bbox 344 4883 1931 4959">
     <span class='ocr_line' id='line_1_92' title="bbox 344 4883 1931 4959; baseline 0.003 -22"><span class='ocrx_word' id='word_1_733' title='bbox 344 4884 692 4955; x_wconf 84' lang='grc' dir='ltr'>ταλαίπωρον</span> <span class='ocrx_word' id='word_1_734' title='bbox 722 4884 780 4937; x_wconf 83' lang='grc' dir='ltr'><strong>δὲ</strong></span> <span class='ocrx_word' id='word_1_735' title='bbox 810 4883 980 4955; x_wconf 77' lang='grc' dir='ltr'>αὐτὴν</span> <span class='ocrx_word' id='word_1_736' title='bbox 1013 4884 1186 4949; x_wconf 85' lang='grc' dir='ltr'>καλεῖ,</span> <span class='ocrx_word' id='word_1_737' title='bbox 1215 4886 1402 4956; x_wconf 79' lang='grc' dir='ltr'>ἐπειδὴ</span> <span class='ocrx_word' id='word_1_738' title='bbox 1437 4888 1555 4956; x_wconf 83' lang='grc' dir='ltr'>(καὶ</span> <span class='ocrx_word' id='word_1_739' title='bbox 1588 4889 1775 4942; x_wconf 83' lang='grc' dir='ltr'>ἄλλοτε</span> <span class='ocrx_word' id='word_1_740' title='bbox 1803 4890 1931 4959; x_wconf 84' lang='grc' dir='ltr'>ὑμῖν</span> 
     </span>
    </p>
   </div>
   <div class='ocr_carea' id='block_1_93' title="bbox 2012 4883 3616 4959">
    <p class='ocr_par' dir='ltr' id='par_1_93' title="bbox 2039 4887 3616 4957">
     <span class='ocr_line' id='line_1_93' title="bbox 2039 4887 3616 4957; baseline 0 -14"><span class='ocrx_word' id='word_1_741' title='bbox 2039 4897 2177 4943; x_wconf 91' lang='lat' dir='ltr'><strong>tum.</strong></span> <span class='ocrx_word' id='word_1_742' title='bbox 2206 4887 2457 4943; x_wconf 83' lang='lat' dir='ltr'><strong>Miseram</strong></span> <span class='ocrx_word' id='word_1_743' title='bbox 2490 4898 2670 4943; x_wconf 91' lang='lat' dir='ltr'><strong>autem</strong></span> <span class='ocrx_word' id='word_1_744' title='bbox 2717 4889 2964 4943; x_wconf 88' lang='lat' dir='ltr'><strong>nominat</strong></span> <span class='ocrx_word' id='word_1_745' title='bbox 2993 4889 3114 4957; x_wconf 81' lang='lat' dir='ltr'><strong>ejus</strong></span> <span class='ocrx_word' id='word_1_746' title='bbox 3145 4889 3429 4943; x_wconf 87' lang='lat' dir='ltr'><strong>malitiam.</strong></span> <span class='ocrx_word' id='word_1_747' title='bbox 3466 4888 3616 4955; x_wconf 69' lang='lat' dir='ltr'><strong>Qum,</strong></span> 
     </span>
    </p>
   </div>
   <div class='ocr_carea' id='block_1_94' title="bbox 344 4971 1948 5050">
    <p class='ocr_par' dir='ltr' id='par_1_94' title="bbox 344 4971 1932 5050">
     <span class='ocr_line' id='line_1_94' title="bbox 344 4971 1932 5050; baseline 0.003 -21"><span class='ocrx_word' id='word_1_748' title='bbox 344 4971 519 5046; x_wconf 79' lang='grc' dir='ltr'>εἷπον)</span> <span class='ocrx_word' id='word_1_749' title='bbox 573 4976 823 5038; x_wconf 80' lang='grc' dir='ltr'>ἀνοὺσιός</span> <span class='ocrx_word' id='word_1_750' title='bbox 868 4978 987 5028; x_wconf 74' lang='grc' dir='ltr'>ἐστι</span> <span class='ocrx_word' id='word_1_751' title='bbox 1032 4976 1130 5029; x_wconf 78' lang='grc' dir='ltr'>καὶ</span> <span class='ocrx_word' id='word_1_752' title='bbox 1177 4977 1548 5041; x_wconf 78' lang='grc' dir='ltr'>ἀνυπόστατος</span> <span class='ocrx_word' id='word_1_753' title='bbox 1580 4982 1613 5050; x_wconf 85' lang='grc' dir='ltr'>ἡ</span> <span class='ocrx_word' id='word_1_754' title='bbox 1650 4980 1818 5033; x_wconf 81' lang='grc' dir='ltr'>κακία</span> <span class='ocrx_word' id='word_1_755' title='bbox 1844 4980 1932 5034; x_wconf 83' lang='grc' dir='ltr'><strong>διά</strong></span> 
     </span>
    </p>
   </div>
   <div class='ocr_carea' id='block_1_95' title="bbox 2015 4971 3619 5050">
    <p class='ocr_par' dir='ltr' id='par_1_95' title="bbox 2033 4980 3619 5049">
     <span class='ocr_line' id='line_1_95' title="bbox 2033 4980 3619 5049; baseline 0 -14"><span class='ocrx_word' id='word_1_756' title='bbox 2033 4990 2093 5035; x_wconf 93' lang='lat' dir='ltr'><strong>ut</strong></span> <span class='ocrx_word' id='word_1_757' title='bbox 2122 4981 2258 5034; x_wconf 89' lang='lat' dir='ltr'><strong>alias</strong></span> <span class='ocrx_word' id='word_1_758' title='bbox 2281 4980 2434 5033; x_wconf 83' lang='lat' dir='ltr'><strong>vobis</strong></span> <span class='ocrx_word' id='word_1_759' title='bbox 2465 4994 2629 5049; x_wconf 91' lang='lat' dir='ltr'><strong>quam</strong></span> <span class='ocrx_word' id='word_1_760' title='bbox 2654 4981 2958 5049; x_wconf 66' lang='lat' dir='ltr'><strong>smpissime</strong></span> <span class='ocrx_word' id='word_1_761' title='bbox 2983 4980 3121 5044; x_wconf 78' lang='lat' dir='ltr'><strong>dixi,</strong></span> <span class='ocrx_word' id='word_1_762' title='bbox 3154 4984 3274 5035; x_wconf 64' lang='lat' dir='ltr'><strong>s‘ne</strong></span> <span class='ocrx_word' id='word_1_763' title='bbox 3302 4982 3619 5035; x_wconf 79' lang='lat' dir='ltr'><strong>exsistentia</strong></span> 
     </span>
    </p>
   </div>
   <div class='ocr_carea' id='block_1_96' title="bbox 344 5065 1948 5140">
    <p class='ocr_par' dir='ltr' id='par_1_96' title="bbox 344 5065 1928 5140">
     <span class='ocr_line' id='line_1_96' title="bbox 344 5065 1928 5140; baseline -0.001 -18"><span class='ocrx_word' id='word_1_764' title='bbox 344 5068 443 5138; x_wconf 83' lang='grc' dir='ltr'><strong>τῆς</strong></span> <span class='ocrx_word' id='word_1_765' title='bbox 474 5066 629 5137; x_wconf 86' lang='grc' dir='ltr'>ἡμῶν</span> <span class='ocrx_word' id='word_1_766' title='bbox 655 5066 917 5135; x_wconf 82' lang='grc' dir='ltr'>ἀμελείας</span> <span class='ocrx_word' id='word_1_767' title='bbox 950 5068 1014 5118; x_wconf 82' lang='grc' dir='ltr'>ὲκ</span> <span class='ocrx_word' id='word_1_768' title='bbox 1054 5065 1149 5118; x_wconf 84' lang='grc' dir='ltr'>τοῦ</span> <span class='ocrx_word' id='word_1_769' title='bbox 1201 5065 1276 5137; x_wconf 83' lang='grc' dir='ltr'>μὴ</span> <span class='ocrx_word' id='word_1_770' title='bbox 1325 5067 1477 5132; x_wconf 74' lang='grc' dir='ltr'>ὄντος</span> <span class='ocrx_word' id='word_1_771' title='bbox 1523 5070 1890 5140; x_wconf 81' lang='grc' dir='ltr'>συνισταμένη</span> <span class='ocrx_word' id='word_1_772' title='bbox 1914 5085 1928 5101; x_wconf 74' lang='grc' dir='ltr'><strong><em>ο</em></strong></span> 
     </span>
    </p>
   </div>
   <div class='ocr_carea' id='block_1_97' title="bbox 2014 5065 3618 5140">
    <p class='ocr_par' dir='ltr' id='par_1_97' title="bbox 2030 5070 3618 5139">
     <span class='ocr_line' id='line_1_97' title="bbox 2030 5070 3618 5139; baseline -0.003 -12"><span class='ocrx_word' id='word_1_773' title='bbox 2030 5082 2084 5127; x_wconf 90' lang='lat' dir='ltr'><strong>et</strong></span> <span class='ocrx_word' id='word_1_774' title='bbox 2112 5074 2418 5128; x_wconf 86' lang='lat' dir='ltr'><strong>substantia</strong></span> <span class='ocrx_word' id='word_1_775' title='bbox 2458 5071 2564 5125; x_wconf 86' lang='lat' dir='ltr'><strong>ulla</strong></span> <span class='ocrx_word' id='word_1_776' title='bbox 2594 5071 2819 5125; x_wconf 86' lang='lat' dir='ltr'><strong>omnino</strong></span> <span class='ocrx_word' id='word_1_777' title='bbox 2854 5078 2959 5133; x_wconf 83' lang='lat' dir='ltr'><strong>est,</strong></span> <span class='ocrx_word' id='word_1_778' title='bbox 3001 5085 3067 5125; x_wconf 78' lang='lat' dir='ltr'><strong>ex</strong></span> <span class='ocrx_word' id='word_1_779' title='bbox 3115 5071 3287 5124; x_wconf 87' lang='lat' dir='ltr'><strong>nihilo</strong></span> <span class='ocrx_word' id='word_1_780' title='bbox 3330 5070 3383 5123; x_wconf 89' lang='lat' dir='ltr'><strong>in</strong></span> <span class='ocrx_word' id='word_1_781' title='bbox 3414 5071 3618 5139; x_wconf 90' lang='lat' dir='ltr'><strong>aliquid</strong></span> 
     </span>
    </p>
   </div>
   <div class='ocr_carea' id='block_1_98' title="bbox 348 5157 1952 5232">
    <p class='ocr_par' dir='ltr' id='par_1_98' title="bbox 348 5157 1934 5231">
     <span class='ocr_line' id='line_1_98' title="bbox 348 5157 1934 5231; baseline 0.003 -20"><span class='ocrx_word' id='word_1_782' title='bbox 348 5159 511 5212; x_wconf 87' lang='grc' dir='ltr'>πάλιν</span> <span class='ocrx_word' id='word_1_783' title='bbox 556 5158 643 5210; x_wconf 77' lang='grc' dir='ltr'>διὰ</span> <span class='ocrx_word' id='word_1_784' title='bbox 684 5157 784 5227; x_wconf 77' lang='grc' dir='ltr'><strong>τῆς</strong></span> <span class='ocrx_word' id='word_1_785' title='bbox 818 5157 974 5228; x_wconf 78' lang='grc' dir='ltr'>ἡμῶν</span> <span class='ocrx_word' id='word_1_786' title='bbox 1008 5158 1422 5229; x_wconf 78' lang='grc' dir='ltr'>κατορθώσεως,</span> <span class='ocrx_word' id='word_1_787' title='bbox 1459 5160 1809 5231; x_wconf 78' lang='grc' dir='ltr'>ἀπολλυμένη</span> <span class='ocrx_word' id='word_1_788' title='bbox 1841 5164 1934 5216; x_wconf 79' lang='grc' dir='ltr'>καὶ</span> 
     </span>
    </p>
   </div>
   <div class='ocr_carea' id='block_1_99' title="bbox 2014 5157 3618 5232">
    <p class='ocr_par' dir='ltr' id='par_1_99' title="bbox 2030 5162 3618 5232">
     <span class='ocr_line' id='line_1_99' title="bbox 2030 5162 3618 5232; baseline -0.003 -14"><span class='ocrx_word' id='word_1_789' title='bbox 2030 5179 2061 5218; x_wconf 87' lang='lat' dir='ltr'><strong>a</strong></span> <span class='ocrx_word' id='word_1_790' title='bbox 2086 5173 2273 5217; x_wconf 84' lang='lat' dir='ltr'><strong>nostra</strong></span> <span class='ocrx_word' id='word_1_791' title='bbox 2302 5163 2627 5232; x_wconf 79' lang='lat' dir='ltr'><strong>negligentia</strong></span> <span class='ocrx_word' id='word_1_792' title='bbox 2650 5172 2704 5215; x_wconf 89' lang='lat' dir='ltr'><strong>et</strong></span> <span class='ocrx_word' id='word_1_793' title='bbox 2736 5162 3009 5232; x_wconf 87' lang='lat' dir='ltr'><strong>injustitia</strong></span> <span class='ocrx_word' id='word_1_794' title='bbox 3045 5162 3298 5224; x_wconf 87' lang='lat' dir='ltr'><strong>deducta,</strong></span> <span class='ocrx_word' id='word_1_795' title='bbox 3323 5169 3378 5214; x_wconf 90' lang='lat' dir='ltr'><strong>et</strong></span> <span class='ocrx_word' id='word_1_796' title='bbox 3400 5177 3618 5214; x_wconf 86' lang='lat' dir='ltr'><strong>rursum</strong></span> 
     </span>
    </p>
   </div>
   <div class='ocr_carea' id='block_1_100' title="bbox 344 5249 1948 5326">
    <p class='ocr_par' dir='ltr' id='par_1_100' title="bbox 344 5249 1931 5326">
     <span class='ocr_line' id='line_1_100' title="bbox 344 5249 1931 5326; baseline 0.002 -21"><span class='ocrx_word' id='word_1_797' title='bbox 344 5255 427 5314; x_wconf 81' lang='grc' dir='ltr'><strong>εἰς</strong></span> <span class='ocrx_word' id='word_1_798' title='bbox 455 5250 516 5303; x_wconf 79' lang='grc' dir='ltr'>τὸ</span> <span class='ocrx_word' id='word_1_799' title='bbox 544 5249 619 5320; x_wconf 83' lang='grc' dir='ltr'>μὴ</span> <span class='ocrx_word' id='word_1_800' title='bbox 647 5249 704 5302; x_wconf 82' lang='grc' dir='ltr'>ὃν</span> <span class='ocrx_word' id='word_1_801' title='bbox 731 5249 1003 5320; x_wconf 78' lang='grc' dir='ltr'>χωροῦσα.</span> <span class='ocrx_word' id='word_1_802' title='bbox 1050 5250 1214 5318; x_wconf 87' lang='grc' dir='ltr'>Λέγει</span> <span class='ocrx_word' id='word_1_803' title='bbox 1248 5251 1399 5319; x_wconf 78' lang='grc' dir='ltr'>γοῦν,</span> <span class='ocrx_word' id='word_1_804' title='bbox 1427 5252 1502 5316; x_wconf 82' lang='grc' dir='ltr'>ὡς</span> <span class='ocrx_word' id='word_1_805' title='bbox 1534 5254 1668 5325; x_wconf 82' lang='grc' dir='ltr'>πρὸς</span> <span class='ocrx_word' id='word_1_806' title='bbox 1703 5256 1873 5326; x_wconf 80' lang='grc' dir='ltr'>αὐτὴν</span> <span class='ocrx_word' id='word_1_807' title='bbox 1904 5258 1931 5308; x_wconf 89' lang='lat'><strong>6</strong></span> 
     </span>
    </p>
   </div>
   <div class='ocr_carea' id='block_1_101' title="bbox 2015 5249 3619 5326">
    <p class='ocr_par' dir='ltr' id='par_1_101' title="bbox 2031 5251 3619 5324">
     <span class='ocr_line' id='line_1_101' title="bbox 2031 5251 3619 5324; baseline -0.003 -15"><span class='ocrx_word' id='word_1_808' title='bbox 2031 5271 2096 5310; x_wconf 81' lang='lat' dir='ltr'><strong>ex</strong></span> <span class='ocrx_word' id='word_1_809' title='bbox 2123 5254 2334 5324; x_wconf 89' lang='lat' dir='ltr'><strong>justitia</strong></span> <span class='ocrx_word' id='word_1_810' title='bbox 2362 5265 2415 5308; x_wconf 91' lang='lat' dir='ltr'><strong>et</strong></span> <span class='ocrx_word' id='word_1_811' title='bbox 2445 5253 2729 5323; x_wconf 76' lang='lat' dir='ltr'><strong>diligentia</strong></span> <span class='ocrx_word' id='word_1_812' title='bbox 2780 5263 2968 5308; x_wconf 87' lang='lat' dir='ltr'><strong>nostra</strong></span> <span class='ocrx_word' id='word_1_813' title='bbox 3005 5252 3059 5305; x_wconf 92' lang='lat' dir='ltr'><strong>in</strong></span> <span class='ocrx_word' id='word_1_814' title='bbox 3108 5252 3336 5306; x_wconf 90' lang='lat' dir='ltr'><strong>nihilum</strong></span> <span class='ocrx_word' id='word_1_815' title='bbox 3381 5251 3619 5306; x_wconf 81' lang='lat' dir='ltr'><strong>redacta.</strong></span> 
     </span>
    </p>
   </div>
   <div class='ocr_carea' id='block_1_102' title="bbox 348 5340 1952 5416">
    <p class='ocr_par' dir='ltr' id='par_1_102' title="bbox 348 5340 1934 5416">
     <span class='ocr_line' id='line_1_102' title="bbox 348 5340 1934 5416; baseline 0.003 -20"><span class='ocrx_word' id='word_1_816' title='bbox 348 5342 538 5409; x_wconf 73' lang='grc' dir='ltr'><strong>ἅγιοςο</strong></span> <span class='ocrx_word' id='word_1_817' title='bbox 591 5340 896 5410; x_wconf 82' lang='grc' dir='ltr'>Μακάριος</span> <span class='ocrx_word' id='word_1_818' title='bbox 938 5341 1007 5408; x_wconf 85' lang='grc' dir='ltr'><strong>ὃς</strong></span> <span class='ocrx_word' id='word_1_819' title='bbox 1050 5342 1467 5398; x_wconf 74' lang='grc' dir='ltr'>ἀνταποδώσει</span> <span class='ocrx_word' id='word_1_820' title='bbox 1510 5360 1617 5416; x_wconf 71' lang='grc' dir='ltr'><strong>ονοι¹</strong></span> <span class='ocrx_word' id='word_1_821' title='bbox 1677 5346 1743 5400; x_wconf 83' lang='grc' dir='ltr'>τὸ</span> <span class='ocrx_word' id='word_1_822' title='bbox 1793 5349 1934 5401; x_wconf 78' lang='grc' dir='ltr'>άντ-</span> 
     </span>
    </p>
   </div>
   <div class='ocr_carea' id='block_1_103' title="bbox 2019 5340 3623 5416">
    <p class='ocr_par' dir='ltr' id='par_1_103' title="bbox 2043 5341 3623 5415">
     <span class='ocr_line' id='line_1_103' title="bbox 2043 5341 3623 5415; baseline -0.001 -17"><span class='ocrx_word' id='word_1_823' title='bbox 2043 5345 2184 5400; x_wconf 87' lang='lat' dir='ltr'><strong>Dicit</strong></span> <span class='ocrx_word' id='word_1_824' title='bbox 2216 5347 2380 5415; x_wconf 72' lang='lat' dir='ltr'><strong>igitur</strong></span> <span class='ocrx_word' id='word_1_825' title='bbox 2412 5346 2478 5399; x_wconf 89' lang='lat' dir='ltr'><strong>ad</strong></span> <span class='ocrx_word' id='word_1_826' title='bbox 2511 5362 2631 5399; x_wconf 84' lang='lat' dir='ltr'><strong>eam</strong></span> <span class='ocrx_word' id='word_1_827' title='bbox 2667 5354 2893 5400; x_wconf 88' lang='lat' dir='ltr'><strong>sanctus</strong></span> <span class='ocrx_word' id='word_1_828' title='bbox 2930 5344 3094 5398; x_wconf 86' lang='lat' dir='ltr'><strong>David</strong></span> <span class='ocrx_word' id='word_1_829' title='bbox 3127 5359 3141 5396; x_wconf 91' lang='lat'><strong>:</strong></span> <span class='ocrx_word' id='word_1_830' title='bbox 3180 5341 3377 5397; x_wconf 77' lang='lat' dir='ltr'><strong>Beatus</strong></span> <span class='ocrx_word' id='word_1_831' title='bbox 3416 5344 3508 5413; x_wconf 76' lang='lat' dir='ltr'><strong>qui</strong></span> <span class='ocrx_word' id='word_1_832' title='bbox 3541 5360 3623 5397; x_wconf 80' lang='lat' dir='ltr'><strong>re-</strong></span> 
     </span>
    </p>
   </div>
   <div class='ocr_carea' id='block_1_104' title="bbox 346 5430 1950 5507">
    <p class='ocr_par' dir='ltr' id='par_1_104' title="bbox 346 5430 1933 5507">
     <span class='ocr_line' id='line_1_104' title="bbox 346 5430 1933 5507; baseline 0.003 -21"><span class='ocrx_word' id='word_1_833' title='bbox 346 5430 625 5501; x_wconf 80' lang='grc' dir='ltr'>απόδομά</span> <span class='ocrx_word' id='word_1_834' title='bbox 660 5446 777 5485; x_wconf 84' lang='grc' dir='ltr'>σου</span> <span class='ocrx_word' id='word_1_835' title='bbox 821 5432 853 5485; x_wconf 83' lang='grc' dir='ltr'><strong>ὃ</strong></span> <span class='ocrx_word' id='word_1_836' title='bbox 894 5432 1322 5499; x_wconf 79' lang='grc' dir='ltr'>ἀνταπέδωκας</span> <span class='ocrx_word' id='word_1_837' title='bbox 1356 5434 1520 5502; x_wconf 76' lang='grc' dir='ltr'>ἡμῖν.</span> <span class='ocrx_word' id='word_1_838' title='bbox 1558 5436 1837 5507; x_wconf 79' lang='grc' dir='ltr'>Μάθωμεν</span> <span class='ocrx_word' id='word_1_839' title='bbox 1881 5439 1933 5490; x_wconf 82' lang='grc' dir='ltr'><strong>τί</strong></span> 
     </span>
    </p>
   </div>
   <div class='ocr_carea' id='block_1_105' title="bbox 2014 5430 3618 5507">
    <p class='ocr_par' dir='ltr' id='par_1_105' title="bbox 2043 5436 3618 5504">
     <span class='ocr_line' id='line_1_105' title="bbox 2043 5436 3618 5504; baseline -0.003 -14"><span class='ocrx_word' id='word_1_840' title='bbox 2043 5439 2233 5491; x_wconf 82' lang='lat' dir='ltr'><strong>tribuet</strong></span> <span class='ocrx_word' id='word_1_841' title='bbox 2257 5437 2351 5490; x_wconf 83' lang='lat' dir='ltr'><strong>tibi</strong></span> <span class='ocrx_word' id='word_1_842' title='bbox 2371 5437 2766 5491; x_wconf 81' lang='lat' dir='ltr'><strong>retributionem</strong></span> <span class='ocrx_word' id='word_1_843' title='bbox 2792 5448 2938 5489; x_wconf 85' lang='lat' dir='ltr'><strong>tuam</strong></span> <span class='ocrx_word' id='word_1_844' title='bbox 2955 5451 3110 5504; x_wconf 85' lang='lat' dir='ltr'><strong>quam</strong></span> <span class='ocrx_word' id='word_1_845' title='bbox 3141 5436 3431 5487; x_wconf 79' lang='lat' dir='ltr'><strong>retribuisti</strong></span> <span class='ocrx_word' id='word_1_846' title='bbox 3451 5436 3618 5488; x_wconf 81' lang='lat' dir='ltr'><strong>nobis.</strong></span> 
     </span>
    </p>
   </div>
   <div class='ocr_carea' id='block_1_106' title="bbox 354 5522 1958 5600">
    <p class='ocr_par' dir='ltr' id='par_1_106' title="bbox 354 5522 1932 5598">
     <span class='ocr_line' id='line_1_106' title="bbox 354 5522 1932 5598; baseline 0.003 -22"><span class='ocrx_word' id='word_1_847' title='bbox 354 5524 454 5598; x_wconf 83' lang='grc' dir='ltr'>μὲν</span> <span class='ocrx_word' id='word_1_848' title='bbox 497 5522 800 5593; x_wconf 76' lang='grc' dir='ltr'>ἐδώκαμεν,</span> <span class='ocrx_word' id='word_1_849' title='bbox 846 5523 984 5575; x_wconf 79' lang='grc' dir='ltr'>τίδὲ</span> <span class='ocrx_word' id='word_1_850' title='bbox 1014 5523 1401 5595; x_wconf 81' lang='grc' dir='ltr'>ἀντελάὸομεν,</span> <span class='ocrx_word' id='word_1_851' title='bbox 1453 5528 1549 5579; x_wconf 78' lang='grc' dir='ltr'><strong>καὶ</strong></span> <span class='ocrx_word' id='word_1_852' title='bbox 1590 5527 1643 5580; x_wconf 83' lang='grc' dir='ltr'><strong>τί</strong></span> <span class='ocrx_word' id='word_1_853' title='bbox 1684 5528 1932 5596; x_wconf 78' lang='grc' dir='ltr'>θέλωμεν</span> 
     </span>
    </p>
   </div>
   <div class='ocr_carea' id='block_1_107' title="bbox 2015 5522 3619 5600">
    <p class='ocr_par' dir='ltr' id='par_1_107' title="bbox 2039 5528 3619 5600">
     <span class='ocr_line' id='line_1_107' title="bbox 2039 5528 3619 5600; baseline -0.002 -16"><span class='ocrx_word' id='word_1_854' title='bbox 2039 5530 2326 5585; x_wconf 89' lang='lat' dir='ltr'><strong>Diseamus</strong></span> <span class='ocrx_word' id='word_1_855' title='bbox 2355 5530 2618 5600; x_wconf 89' lang='lat' dir='ltr'><strong>quidnam</strong></span> <span class='ocrx_word' id='word_1_856' title='bbox 2653 5529 2731 5583; x_wconf 90' lang='lat' dir='ltr'><strong>illi</strong></span> <span class='ocrx_word' id='word_1_857' title='bbox 2780 5528 3096 5583; x_wconf 89' lang='lat' dir='ltr'><strong>dederimus</strong></span> <span class='ocrx_word' id='word_1_858' title='bbox 3141 5528 3226 5581; x_wconf 68' lang='lat' dir='ltr'><strong>vel</strong></span> <span class='ocrx_word' id='word_1_859' title='bbox 3265 5528 3334 5581; x_wconf 90' lang='lat' dir='ltr'><strong>ab</strong></span> <span class='ocrx_word' id='word_1_860' title='bbox 3376 5542 3440 5581; x_wconf 86' lang='lat' dir='ltr'><strong>ea</strong></span> <span class='ocrx_word' id='word_1_861' title='bbox 3471 5542 3619 5581; x_wconf 84' lang='lat' dir='ltr'><strong>rece-</strong></span> 
     </span>
    </p>
   </div>
   <div class='ocr_carea' id='block_1_108' title="bbox 351 5618 1955 5694">
    <p class='ocr_par' dir='ltr' id='par_1_108' title="bbox 351 5618 1934 5694">
     <span class='ocr_line' id='line_1_108' title="bbox 351 5618 1934 5694; baseline 0.004 -22"><span class='ocrx_word' id='word_1_862' title='bbox 351 5618 764 5674; x_wconf 80' lang='grc' dir='ltr'>ἀνταποδοῦναι.</span> <span class='ocrx_word' id='word_1_863' title='bbox 802 5618 1113 5689; x_wconf 84' lang='grc' dir='ltr'>Ἐδώκαμεν</span> <span class='ocrx_word' id='word_1_864' title='bbox 1134 5619 1195 5673; x_wconf 82' lang='grc' dir='ltr'>τὸ</span> <span class='ocrx_word' id='word_1_865' title='bbox 1221 5620 1434 5691; x_wconf 85' lang='grc' dir='ltr'>θέλημα</span> <span class='ocrx_word' id='word_1_866' title='bbox 1479 5623 1661 5694; x_wconf 83' lang='grc' dir='ltr'>ἡμῶν,</span> <span class='ocrx_word' id='word_1_867' title='bbox 1690 5625 1782 5677; x_wconf 76' lang='grc' dir='ltr'>καὶ</span> <span class='ocrx_word' id='word_1_868' title='bbox 1812 5625 1934 5678; x_wconf 85' lang='grc' dir='ltr'>ἀντ-</span> 
     </span>
    </p>
   </div>
   <div class='ocr_carea' id='block_1_109' title="bbox 2017 5618 3621 5694">
    <p class='ocr_par' dir='ltr' id='par_1_109' title="bbox 2039 5619 3621 5693">
     <span class='ocr_line' id='line_1_109' title="bbox 2039 5619 3621 5693; baseline 0 -18"><span class='ocrx_word' id='word_1_869' title='bbox 2039 5623 2305 5692; x_wconf 89' lang='lat' dir='ltr'><strong>perimus,</strong></span> <span class='ocrx_word' id='word_1_870' title='bbox 2338 5636 2391 5677; x_wconf 88' lang='lat' dir='ltr'><strong>et</strong></span> <span class='ocrx_word' id='word_1_871' title='bbox 2428 5623 2562 5693; x_wconf 91' lang='lat' dir='ltr'><strong>quid</strong></span> <span class='ocrx_word' id='word_1_872' title='bbox 2610 5622 2740 5679; x_wconf 91' lang='lat' dir='ltr'><strong>illud</strong></span> <span class='ocrx_word' id='word_1_873' title='bbox 2780 5620 3126 5691; x_wconf 89' lang='lat' dir='ltr'><strong>potissimum</strong></span> <span class='ocrx_word' id='word_1_874' title='bbox 3162 5619 3231 5676; x_wconf 89' lang='lat' dir='ltr'><strong>sit</strong></span> <span class='ocrx_word' id='word_1_875' title='bbox 3277 5620 3422 5690; x_wconf 85' lang='lat' dir='ltr'><strong>quod</strong></span> <span class='ocrx_word' id='word_1_876' title='bbox 3455 5630 3542 5675; x_wconf 88' lang='lat' dir='ltr'><strong>est</strong></span> <span class='ocrx_word' id='word_1_877' title='bbox 3572 5620 3621 5675; x_wconf 87' lang='lat' dir='ltr'><strong>ei</strong></span> 
     </span>
    </p>
   </div>
   <div class='ocr_carea' id='block_1_110' title="bbox 422 5777 1063 5844">
    <p class='ocr_par' dir='ltr' id='par_1_110' title="bbox 422 5777 1063 5844">
     <span class='ocr_line' id='line_1_110' title="bbox 422 5777 1063 5844; baseline -0.008 -9"><span class='ocrx_word' id='word_1_878' title='bbox 422 5788 445 5813; x_wconf 85' lang='lat'><strong><em>&quot;</em></strong></span> <span class='ocrx_word' id='word_1_879' title='bbox 485 5779 625 5835; x_wconf 82' lang='lat' dir='ltr'><strong>Psal.</strong></span> <span class='ocrx_word' id='word_1_880' title='bbox 666 5777 965 5844; x_wconf 74' lang='lat' dir='ltr'><strong>cxxxvr,8,</strong></span> <span class='ocrx_word' id='word_1_881' title='bbox 1008 5778 1063 5833; x_wconf 89' lang='lat'><strong>9.</strong></span> 
     </span>
    </p>
   </div>
   <div class='ocr_carea' id='block_1_111' title="bbox 672 5863 2276 5954">
    <p class='ocr_par' dir='ltr' id='par_1_111' title="bbox 672 5889 1497 5954">
     <span class='ocr_line' id='line_1_111' title="bbox 672 5889 1497 5954; baseline 0.002 -3"><span class='ocrx_word' id='word_1_882' title='bbox 672 5896 935 5954; x_wconf 74' lang='grc' dir='ltr'>ΡΑτιιοῐ..</span> <span class='ocrx_word' id='word_1_883' title='bbox 977 5892 1092 5954; x_wconf 76' lang='lat' dir='ltr'><strong>GR.</strong></span> <span class='ocrx_word' id='word_1_884' title='bbox 1134 5889 1497 5953; x_wconf 79' lang='lat' dir='ltr'><strong>LXXXVIII.</strong></span> 
     </span>
    </p>
   </div>
   <div class='ocr_carea' id='block_1_112' title="bbox 1710 5863 3314 5954">
    <p class='ocr_par' dir='ltr' id='par_1_112' title="bbox 2947 5863 3314 5941">
     <span class='ocr_line' id='line_1_112' title="bbox 2947 5863 3314 5941; baseline -0.003 0"><span class='ocrx_word' id='word_1_885' title='bbox 2947 5863 2952 5868; x_wconf 66' lang='grc'><strong>⁷</strong></span> <span class='ocrx_word' id='word_1_886' title='bbox 3243 5880 3314 5941; x_wconf 75' lang='lat'>55</span> 
     </span>
    </p>
   </div>
  </div>
