4062 6472
399 398 541 466 1739

1618 394 1678 450 S.
1721 388 2118 451 DOROTHEI
2161 388 2482 448 ABBATIS

3533 380 3661 451 1W)

399 507 833 566 retribucndum.
879 504 1140 561 Dedimus
1189 501 1263 555 illi
1312 499 1648 553 voluntatem
1709 507 1975 561 nostram,

2118 492 2366 567 λάὸομεν
2387 495 2488 565 τὴν
2519 492 2812 564 ἁμαρτίαν.
2844 489 3157 561 Μακαρίζει
3176 485 3267 546 οὖν
3298 492 3327 545 ὀ
3361 489 3515 559 λόγος
3549 498 3665 557 τοὺς

397 600 811 671 recepimusque
863 597 933 652 ab
963 611 1024 651 ea
1057 602 1362 665 peceatum.
1421 590 1617 645 Beatos
1674 590 1845 660 igitur
1893 604 1989 645 eos

398 696 532 751 facit
565 695 655 749 hic
686 706 868 748 sermo
908 690 1002 760 qui
1050 687 1101 741 ei
1147 686 1523 740 retribuerunt
1568 682 1986 738 retributionem

401 802 582 853 suam,
616 785 711 854 qui
743 798 865 837 eam
895 780 1093 835 amodo
1130 793 1236 832 nou
1271 777 1518 832 fecerunt
1548 795 1560 831 :
1599 783 1686 831 est
1706 775 1852 829 enim
1884 776 1991 830 hoc

401 880 480 934 illi
517 878 836 932 retribuere.
870 872 1035 926 Infert
1062 871 1299 925 deinde:
1338 869 1534 922 Beatus
1568 869 1659 940 qui
1702 868 1892 924 tenebit
1939 877 1990 921 et

403 968 585 1021 allidet
618 964 865 1034 parvulos
913 973 1029 1016 tuos
1076 960 1143 1013 ad
1177 968 1403 1027 petram.
1448 957 1525 1012 Ac
1562 959 1609 1013 si
1660 957 1808 1012 dicat
1848 975 1862 1012 :
1899 957 1994 1011 Ille

408 1058 596 1131 425,
617 1058 861 1125 inquam,
894 1054 1085 1107 beatus
1105 1062 1207 1116 est,
1228 1050 1319 1120 qui
1347 1064 1688 1119 quaecunque
1717 1049 1993 1121 genimina

409 1160 526 1215 tua,
563 1150 615 1204 id
644 1158 746 1214 est,
774 1161 969 1217 pravas
1008 1153 1062 1198 et
1096 1144 1314 1212 iniquas
1340 1142 1700 1212 cogitationes
1746 1157 1852 1197 non
1899 1142 1997 1195 a.l-

406 1240 620 1296 miserit
652 1240 706 1293 in
731 1220 791 1295 se
826 1256 839 1292 :
868 1251 1042 1306 neque
1068 1236 1150 1290 bis
1182 1234 1405 1289 omnino
1440 1234 1493 1286 in
1523 1232 1790 1301 principio
1819 1233 1997 1286 locum

409 1328 638 1395 dederit,
676 1338 733 1382 ut
764 1326 1074 1381 coalescere
1110 1331 1337 1393 possent
1367 1331 1420 1375 ct
1443 1322 1654 1390 augeri,
1685 1336 1749 1374 ac
1779 1322 1995 1376 tandem

408 1420 615 1474 malum
642 1418 856 1487 operari
894 1434 905 1469 :
945 1414 1042 1470 sed
1082 1414 1263 1470 statim
1299 1428 1422 1467 cum
1463 1412 1641 1465 adhuc
1676 1412 1916 1479 parvulae
1946 1423 1999 1468 et

411 1522 611 1566 tenera:
633 1518 837 1571 essent,
863 1517 1156 1577 antequam
1179 1504 1554 1562 cuutrirentur
1584 1511 1638 1558 et
1670 1514 1998 1571 crescerent,

2088 584 2294 657 ταύτην
2320 585 2776 647 ἀνταποδιδόντας
2795 601 2808 615 ·
2843 584 2905 635 τὸ
2942 582 2997 636 δὲ
3028 583 3419 636 ἀνταποδοῦναί
3453 584 3587 650 ἐστι,
3614 592 3670 641 τὸ

2094 679 2292 749 μηκέτι
2324 678 2531 749 πρᾶξαι
2564 678 2755 746 αὐτὴν.
2801 671 2937 729 Εἶτα
2966 673 3247 743 ἐπιφέρει’
3287 673 3585 740 Μακάριος
3612 678 3675 739 ὃς

2091 769 2380 837 κρατήσει
2405 769 2503 823 καὶ
2532 768 2771 838 ἐδαφιεῖ
2794 766 2867 821 τὰ
2898 765 3087 833 νήπιά
3115 781 3234 818 σου
3267 764 3412 831 πρὸς
3442 765 3552 832 τὴν
3578 766 3676 819 πέ·

2090 881 2258 933 τραγ.
2309 866 2509 930 Οἱονεὶ,
2541 866 2827 937 Μακάριος
2862 866 2889 918 ὀ
2936 864 3003 917 τὰ
3062 864 3215 934 παρὰ
3262 861 3355 915 σοῦ
3397 861 3675 932 γενόμενα,

2089 956 2236 1009 τοῦτ’
2266 956 2403 1023 ἔστι,
2425 960 2553 1023 τοὺς
2580 959 2847 1029 πονηροὺς
2870 958 3166 1028 λογισμοὺς
3183 997 3197 1020 ,
3234 955 3369 1025 μηδὲ
3393 954 3491 1025 τὴν
3510 956 3676 1026 ἀρχὴν

2093 1049 2217 1113 δοὺς
2253 1048 2442 1121 χώραν
2471 1049 2566 1103 τοῦ
2603 1050 2906 1120 αὐξηθῆναι
2938 1051 2996 1101 ὲν
3025 1047 3175 1116 αὐτῷ
3205 1049 3298 1100 καὶ
3329 1047 3679 1118 ἐνεργηθῆναι

2096 1141 2156 1193 τὺ
2184 1143 2393 1195 κακόν·
2439 1143 2575 1196 ἀλλὰ
2619 1142 2851 1213 ταχέως,
2897 1142 2972 1205 ὡς
3014 1140 3093 1193 ἔτι
3134 1140 3276 1192 εἰσιν
3320 1140 3526 1207 νήπιοι,
3559 1141 3682 1209 πρὶν

2099 1234 2348 1301 τραφῶσι
2381 1235 2475 1287 καὶ
2504 1235 2813 1300 αὑξυνθῶσι
2861 1235 2983 1287 κατ’
3034 1232 3226 1297 αὑτοῦ,
3275 1233 3558 1301 κρατήσας
3595 1232 3682 1284 καὶ

2106 1325 2449 1395 προστρίψας
2493 1327 2692 1391 αὐτοὺς
2729 1330 2795 1399 τῇ
2831 1327 3029 1397 πέτρᾳ,
3058 1326 3179 1396 ἥτις
3213 1325 3359 1378 ἐστὶν
3383 1326 3410 1375 ὁ
3439 1325 3682 1392 Χριστὸς,

2107 1419 2200 1469 καὶ
2230 1417 2505 1482 ἀπολέσας
2541 1419 2737 1482 αὐτοὺς
2776 1418 2862 1472 διὰ
2898 1418 2990 1472 τοῦ
3027 1416 3395 1487 καταφεύγειν
3438 1414 3573 1485 πρὸς
3602 1414 3685 1465 τὶν

2109 1509 2366 1578 Χριστόν.

414 1604 535 1657 illas
561 1602 728 1657 allisit
756 1612 809 1656 et
840 1598 1112 1670 percussit
1158 1599 1225 1652 ad
1271 1606 1476 1667 petram
1507 1637 1522 1663 ,
1582 1610 1706 1665 quae
1744 1596 1999 1653 Christus
2037 1608 2190 1665 est‘,
2256 1611 2311 1656 et
2358 1601 2445 1657 bis
2483 1603 2778 1673 peremptis
2845 1603 3074 1657 omnino
3107 1601 3356 1671 confugit
3405 1600 3470 1654 ad
3512 1597 3688 1650 Domi-

415 1711 570 1749 num.

490 1784 555 1841 γ.
590 1784 730 1840 Ecce
770 1783 935 1854 igitur
967 1790 1026 1838 ut
1052 1782 1299 1837 seniores
1329 1779 1504 1834 nostri
1536 1788 1589 1834 et
1621 1794 1777 1834 sacra
1804 1779 2007 1849 pariter

2183 1779 2261 1833 E'.
2315 1779 2443 1832 Ἰδοὺ
2498 1779 2617 1843 πῶς
2651 1782 2745 1833 καὶ
2793 1782 2841 1834 οἱ
2871 1779 3123 1851 γέροντες
3151 1778 3247 1831 καὶ
3283 1779 3317 1848 ἡ
3346 1778 3478 1844 ἁγία
3509 1777 3690 1850 Γραεξὴ

420 1878 706 1946 Scriptura
732 1874 1112 1938 conclamant,
1162 1887 1369 1943 eosque
1424 1873 1614 1927 beatos
1660 1872 1870 1929 faciunt
1908 1876 2002 1944 qui

420 1971 653 2026 studiosi
708 1967 911 2022 fuerint
948 1982 980 2021 a
1016 1982 1076 2021 se
1119 1966 1254 2035 ipsis
1307 1966 1598 2035 passiones
1642 1967 2004 2034 abscindere,

419 2064 552 2118 dum
586 2071 789 2115 tenera:
816 2058 1023 2114 fuerint
1051 2068 1103 2113 et
1127 2058 1339 2123 molles,
1363 2069 1656 2129 antequam
1685 2059 1929 2114 dolorem
1957 2070 2010 2114 et

422 2153 845 2210 amaritudinem
902 2166 1091 2206 earum
1151 2150 1520 2219 experiamur.
1588 2150 1788 2207 Demus
1845 2151 2009 2220 igitur

424 2260 672 2317 operam,
710 2252 770 2297 ut
801 2241 1232 2296 misericordiam
1264 2254 1670 2310 consequamur
1702 2258 1730 2295 a
1759 2240 2009 2307 Domino,

424 2337 885 2404 elaboremusque
916 2333 1186 2390 interdum
1225 2348 1292 2387 ne
1323 2333 1482 2389 nobis
1508 2334 1650 2389 desit
1679 2334 1931 2389 remissio
1960 2343 2015 2390 ct

428 2424 766 2493 indulgentia
810 2423 1017 2477 divina.
1066 2420 1384 2477 Docuerunt
1422 2423 1565 2476 enim
1606 2438 1751 2492 saepe
1789 2439 1888 2478 nos
1922 2439 2015 2493 pa-

428 2529 539 2573 tres
568 2515 764 2582 nostri,
796 2528 906 2584 quo
935 2521 1096 2585 pacto
1119 2529 1420 2584 purgemus
1467 2530 1567 2569 nos
1602 2515 1750 2584 ipsos
1779 2531 1873 2585 per
1896 2517 2014 2569 sin-

429 2606 587 2677 gulos
630 2604 767 2671 dies,
805 2613 865 2658 ut
912 2604 1120 2659 scilicet
1165 2604 1222 2657 in
1269 2618 1554 2673 vesperam
1605 2614 2017 2674 perscrutemur

431 2698 743 2763 nobiscum,
777 2695 1056 2766 quomodo
1111 2703 1446 2750 transactam
1481 2696 1626 2750 diem
1652 2698 2015 2767 exegerimus,

430 2801 484 2844 et
508 2804 727 2845 rursum
760 2802 922 2843 mane
951 2787 1229 2856 quomodo
1265 2796 1521 2855 noctem;
1552 2797 1604 2842 et
1637 2787 1717 2843 sic
1747 2785 2019 2857 painiten»

434 2883 564 2937 tiam
599 2895 825 2951 agamus
863 2881 1005 2949 apud
1057 2878 1249 2944 Deum,
1285 2886 1343 2931 ut
1388 2892 1486 2947 par
1518 2886 1621 2940 est,
1659 2878 1713 2932 in
1739 2892 1851 2948 quo
1894 2894 2019 2947 pee-

433 2988 588 3028 cassc
634 2986 733 3025 nos
780 2970 1325 3042 deprchemlerimus.
1364 2967 1509 3024 Sane
1558 2984 1683 3024 cum
1725 2969 2018 3024 admodum

434 3064 820 3132 deliuquamus
850 3076 1268 3132 peeeemusque,
1302 3061 1803 3132 obliviscamurque
1828 3062 2020 3117 facilli-

2109 1873 2310 1935 πάντες
2346 1871 2701 1943 συμφωνοῦσι
2738 1874 2832 1927 καὶ
2876 1873 3246 1944 μακαρίζουσι
3277 1872 3405 1933 τοὺς
3434 1870 3690 1939 ἀγωνιζο-

2112 1964 2310 2033 μένους
2345 1964 2598 2033 ἐκκόψαι,
2644 1965 2720 2026 ὡς
2769 1964 2884 2017 ἐστι
2928 1964 3099 2033 νεαρὰ
3141 1964 3209 2015 τὰ
3260 1961 3431 2029 πάθη,
3466 1961 3570 2031 πρὸ
3602 1961 3690 2013 τοῦ

2110 2055 2479 2127 πειρασθῆναι
2525 2055 2629 2125 τῆς
2676 2054 2872 2126 ὀδύνης
2918 2055 3015 2108 καὶ
3075 2055 3175 2123 τῆς
3220 2053 3453 2123 πικρίας
3500 2051 3691 2107 αὑτῶν.

2114 2149 2515 2218 Σπουδάσωμεν
2559 2144 2673 2209 οὖν,
2728 2147 2964 2214 ἀδελφοὶ,
3012 2146 3100 2199 ἵνα
3125 2145 3474 2216 ἐλεηθῶμεν·
3507 2149 3689 2199 κοπιά-

2114 2257 2297 2310 σωμεν
2343 2241 2538 2311 μικρὸν
2585 2241 2681 2294 καὶ
2743 2239 3075 2309 εὑρίσκομεν
3131 2237 3334 2309 πολλὴν
3378 2237 3692 2291 ἀνάπαυσιν.

2114 2327 2282 2385 Εἶπον
2315 2334 2365 2384 οἱ
2399 2332 2643 2402 Πατὲρες
2676 2331 2796 2394 πῶς
2834 2330 3040 2397 ὀφείλει
3070 2331 3132 2382 τὸ
3176 2330 3322 2382 κατὰ
3370 2330 3533 2400 μέρος
3581 2330 3697 2381 ἐαυ-

2113 2421 2224 2475 τῶν
2251 2422 2591 2492 καθαρίζειν,
2626 2423 2714 2476 ἵνα
2743 2420 2867 2474 καθ’
2895 2421 3137 2492 ἑσπέραν
3164 2419 3448 2485 ἐξετάζειν
3491 2419 3693 2484 ἑαυτὸν,

2117 2512 2235 2576 πῶς
2279 2513 2527 2585 παρῆλθε
2560 2512 2658 2585 τὴν
2692 2514 2928 2585 ἡμέραν,
2960 2515 3058 2566 καὶ
3104 2513 3266 2567 πάλιν
3306 2515 3546 2583 πρωῖας,
3589 2513 3698 2575 πῶς

2118 2603 2367 2674 παρῆλθε
2414 2605 2514 2674 τὴν
2562 2602 2759 2670 νύκτα,
2810 2606 2902 2656 καὶ
2942 2605 3224 2673 μετανοεῖν
3262 2603 3343 2673 τῷ
3396 2602 3535 2672 Θεῷ,
3581 2603 3700 2673 περὶ

2118 2689 2214 2761 ὧν,
2256 2696 2331 2759 ὡς
2364 2696 2533 2762 εἰκὸς,
2570 2697 2896 2767 ἀμαρτένει.
2946 2696 3189 2767 ’Δληθῶς
3216 2696 3271 2749 δὲ
3314 2697 3504 2765 ἡμεῖς,
3530 2694 3708 2765 ἐπειδὴ

2119 2786 2295 2841 πολλᾶ
2325 2788 2754 2859 ἁμαρτάνωμεν,
2782 2787 3057 2859 χρῄζομεν
3093 2788 3184 2841 διὰ
3208 2786 3305 2859 τὴν
3339 2786 3523 2857 λήθην
3559 2786 3705 2856 ἡμῶν

2121 2878 2217 2931 καὶ
2242 2879 2383 2931 κατὰ
2410 2878 2471 2942 ἒξ
2495 2878 2643 2949 ὥρας
2670 2879 2900 2949 ὲρευνᾷν
2930 2878 3178 2943 ἑαυτοὺς,
3207 2878 3323 2941 πῶς
3355 2878 3710 2948 παρήλθομεν

2124 2970 2217 3022 καὶ
2266 2971 2349 3032 εἰς
2398 2970 2451 3022 τί
2501 2972 2855 3041 ἡμάρτομεν·
2908 2971 3003 3023 καὶ
3048 2970 3231 3040 λέγειν
3273 2969 3517 3034 ἕκαστος
3562 2969 3708 3040 ἡμῶν

2125 3062 2303 3130 ἑαυτῷ
2321 3078 2333 3090 ·
2359 3080 2379 3114 ‹
2401 3059 2548 3132 Ἀρα
2575 3062 2772 3132 μήπως
2798 3061 3036 3132 ἐλάλησα
3076 3062 3335 3133 πλήσσων
3363 3062 3467 3116 τὸν
3495 3061 3710 3131 ἀδελφόν

436 3172 523 3211 me
546 3157 739 3210 delicta
768 3163 823 3209 et
851 3163 1073 3224 peccata
1118 3161 1333 3218 nostra;
1373 3167 1512 3221 opus
1565 3161 1712 3209 esset
1752 3153 1911 3209 nobis
1961 3155 2013 3207 in

2123 3168 2265 3225 μους
2298 3148 2408 3222 ἆρα
2444 3151 2520 3223 μὴ
2562 3147 2705 3204 εἶδον
2745 3151 2909 3205 αὐτὸν
2944 3151 3203 3205 ποιοῦντα
3246 3151 3579 3222 πράγματα,
3620 3152 3710 3204 καὶ

438 3250 602 3300 horas
629 3259 758 3299 cura
786 3243 1028 3313 diligenti
1063 3250 1117 3296 et
1143 3243 1569 3307 examinatione,
1594 3258 1705 3312 quo
1736 3254 1894 3312 pacto
1923 3245 2022 3298 sci-

437 3337 563 3391 licet
596 3334 1033 3389 ambulassenius
1067 3333 1118 3387 id
1152 3333 1413 3387 momenti
1454 3342 1509 3386 et
1551 3333 1833 3402 temporis.
1871 3342 1924 3388 et
1964 3333 2018 3387 in

437 3442 549 3499 quo
627 3426 1072 3495 deliquissemus.
1123 3423 1462 3492 Deberetque
1507 3424 1884 3494 unusquisque
1931 3440 2023 3479 uo-

441 3529 617 3576 strum
647 3532 677 3570 a
702 3531 760 3570 se
789 3515 908 3585 ipso
947 3523 1206 3584 tanquam
1237 3514 1405 3584 judex
1426 3516 1696 3568 rationem
1724 3512 2021 3584 cujuslibet

440 3608 569 3664 facti
598 3617 945 3676 extorquere,
979 3614 1031 3659 ct
1061 3604 1244 3659 dicere
1273 3623 1286 3659 :
1322 3625 1340 3656 ι
1367 3604 1626 3674 Nunquid
1658 3604 1872 3663 locutus
1900 3623 2020 3661 sum

440 3716 563 3771 quae
613 3698 837 3753 fratrem
889 3712 1071 3750 meum
1121 3697 1437 3751 morderent
1479 3705 1533 3752 et
1584 3698 1905 3768 carperent?
1954 3712 2021 3750 an

442 3791 665 3846 fratrem
705 3788 912 3857 aliquid
960 3788 1249 3842 facientem
1297 3786 1586 3857 judicavi?
1615 3803 1695 3856 .an
1730 3804 1853 3843 eum
1888 3803 2023 3843 cou-

443 3882 676 3953 tempsi?
731 3896 859 3935 num
904 3880 1193 3935 oblocutus
1225 3879 1291 3934 de
1325 3880 1442 3949 ipso
1481 3880 1641 3935 sum?
1693 3896 1762 3935 an
1813 3881 1862 3936 si
1895 3880 2024 3950 quid

443 3973 574 4043 petii
605 3989 634 4028 a
664 3970 927 4037 eellarita,
958 3978 1012 4026 et
1046 3970 1162 4040 ipse
1209 3970 1343 4025 mihi
1390 3972 1629 4040 negavit,
1684 3970 2024 4026 murmurari

445 4068 709 4124 adversus
742 4064 960 4135 ipsum?
990 4064 1074 4118 An
1119 4078 1353 4134 coquum
1401 4063 1726 4133 increpari?
1766 4081 1893 4119 num
1926 4080 2026 4134 pu-

446 4161 578 4215 dore
604 4159 755 4213 illum
794 4156 993 4213 alleci?
1040 4172 1169 4210 num
1231 4172 1332 4224 ego
1378 4156 1915 4225 imprudentissimus
1972 4156 2025 4210 in

446 4266 534 4306 me
563 4251 679 4321 ipso
713 4247 1124 4304 obmurmuravi
1170 4246 1317 4315 quod
1358 4247 1564 4301 cibaria
1611 4262 1721 4301 non
1763 4249 1899 4303 bene
1936 4249 2029 4303 de—

446 4344 708 4409 coxissa,
754 4341 1050 4395 artiliciose
1078 4337 1371 4393 curasset?
1416 4353 1484 4392 an
1515 4338 1651 4392 dixit
1697 4340 1829 4393 mihi
1858 4355 2027 4395 cmrc-

451 4432 759 4499 meniarum
789 4431 1041 4498 princeps
1062 4428 1145 4483 vel
1176 4429 1301 4498 quis
1341 4428 1480 4483 alius
1513 4428 1747 4483 fratrum
1777 4432 2028 4495 verbum,

2127 3244 2425 3314 κατέκρινα
2449 3242 2635 3309 αὐτὸν,
2662 3241 2695 3313 ἢ
2726 3242 3062 3308 ὲξουδένωσα
3093 3242 3335 3313 αὑτὸν,ἢ
3367 3241 3711 3313 κατελὰλησα

2092 3334 2249 3399 -κατ’
2277 3333 2477 3400 αὑτοῦ;
2511 3329 2620 3406 ἆρα
2647 3334 2827 3404 ᾔτησα
2853 3334 2944 3388 τὸν
2978 3333 3307 3406 κελλαρίτην
3336 3337 3595 3406 πρᾶγμα,
3623 3334 3711 3388 καὶ

2128 3425 2229 3477 οὐκ
2260 3423 2430 3476 ἔδωκέ
2467 3440 2580 3493 μοι,
2613 3424 2707 3477 καὶ
2737 3424 3017 3493 ἐγόγγυσα
3045 3427 3170 3479 κατ’
3201 3425 3414 3493 aerei;
3457 3428 3531 3498 μὴ
3562 3427 3623 3489 υ,
3655 3424 3711 3477 τὸ

2128 3518 2236 3588 ἕψῃ
2268 3516 2328 3568 τὸ
2357 3517 2560 3581 καλῶς,
2610 3518 2705 3570 καὶ⁹
2743 3512 2899 3571 εἶπον
2929 3518 3101 3588 ῥῆμα,
3130 3519 3227 3572 καὶ
3272 3519 3592 3590 κατῄσχυνα
3625 3515 3711 3570 τὸν

2134 3612 2418 3678 μάγειρον,
2451 3610 2548 3663 καὶ⁵
2576 3609 2766 3678 ἔθλιψα
2797 3609 2982 3675 αὐτὸν,
3019 3610 3050 3680 ἢ
3086 3608 3197 3678 ἐγὼ
3228 3610 3513 3681 ἀηδιστὴς,
3564 3608 3712 3676 ἐγόγ-

2131 3716 2276 3769 γυσα
2319 3699 2442 3754 καθ’
2485 3700 2713 3765 ὲαυτοῦς
2765 3702 2863 3756 ἐὰν
2905 3703 3012 3771 γὰρ
3043 3701 3163 3755 καθ’
3215 3701 3410 3755 ἑαυτὸν
3460 3700 3710 3771 γογγύσει

2130 3807 2235 3853 τις,
2291 3790 2537 3861 ἁμαρτία
2585 3793 2722 3844 ἐστί.
2772 3791 2941 3845 Πάλιν
2974 3791 3154 3861 λέγει’
3199 3786 3347 3861 τΑρα
3392 3787 3520 3845 εἷπέ
3554 3807 3640 3860 μοι
3683 3791 3711 3841 ὀ

2133 3882 2475 3954 κανονὰρχης
2514 3883 2688 3953 ῥῆμα,
2725 3883 2758 3952 ἡ
2814 3883 2973 3947 ἄλλος
3023 3882 3133 3936 τῶν
3177 3882 3449 3953 ἀδελφῶν,
3483 3883 3576 3937 καὶ
3617 3880 3711 3934 οὐκ

2138 3974 2452 4038 ὲϐἀστασα,
2513 3974 2648 4029 ἀλλὰ
2707 3974 3039 4045 ἐναντιὼθην
3104 3972 3289 4045 acup;
3351 3974 3543 4038 Οὕτως
3593 3970 3713 4026 καθ’

2134 4067 2373 4136 ἑκάστην
2426 4066 2640 4136 ἡμέραν
2683 4066 2975 4136 ὀφείλομεν
3013 4065 3272 4137 ψηλαφᾷν
3318 4067 3570 4129 ἑαυτοὺς,
3601 4064 3709 4126 πῶς

2136 4157 2488 4229 παρήλθομεν
2524 4158 2623 4229 τὴν
2652 4158 2887 4230 ἡμέραν.
2933 4159 3168 4228 Ὁμοίως
3198 4159 3402 4229 ὀφείλει
3434 4177 3519 4221 τις
3558 4160 3707 4228 ἐρευ-

2136 4251 2233 4321 νᾷν
2287 4250 2479 4302 ἑαυτὸν
2511 4251 2629 4314 πῶς
2680 4251 2929 4322 παρῆλθε
2982 4251 3076 4304 καὶ
3116 4251 3215 4321 τὴν
3263 4250 3457 4316 νύκτα,
3507 4250 3541 4321 ἢ
3580 4248 3711 4318 μετὰ

2138 4344 2450 4415 προθυμίας
2511 4345 2712 4415 ἀνέστη
2767 4347 2847 4409 εἰς
2884 4344 2984 4417 τὴν
3023 4342 3418 4415 ὰγρυπνίαν,ἡ
3457 4343 3531 4415 μὴ
3573 4342 3713 4408 ὀλιγ-

2137 4436 2323 4507 ώρησε
2381 4437 2515 4507 πρὸς
2580 4438 2672 4491 τὸν
2702 4436 3058 4502 ὲξυπνίξοντα
3099 4437 3296 4503 αὑτὸν,
3359 4437 3393 4507 ἢ
3452 4437 3712 4505 ὲγόγγυςε

452 4538 553 4577 uec
586 4522 726 4576 ferre
758 4518 954 4590 potui?
999 4522 1085 4575 An
1120 4521 1301 4575 statim
1337 4521 1410 4575 illi
1444 4522 1767 4576 adversatus
1798 4520 1966 4575 sum?
2006 4540 2013 4573 l

2140 4528 2261 4581 κατ’
2290 4528 2480 4582 αὐτοῦ.
2534 4529 2765 4597 Ὀφείλει
2798 4530 2905 4599 γάρ
2950 4545 3035 4592 τις
3075 4528 3272 4581 εἰδέναι
3315 4529 3398 4581 ὅτι
3449 4530 3479 4580 ὁ
3505 4525 3714 4591 ἑξυπνί·

455 4619 654 4686 Sicque
705 4630 802 4684 per
844 4613 1089 4685 singulos
1144 4613 1262 4669 dies
1312 4615 1585 4685 agendum
1638 4616 1797 4670 nobis
1849 4624 2028 4680 esset,

2139 4620 2249 4684 ζων
2298 4622 2480 4685 αὑτὸν,
2529 4619 2625 4674 καὶ
2654 4622 2735 4684 είς
2767 4621 3096 4691 ἀγρυπνίαν,
3133 4620 3344 4690 μεγάλα
3375 4620 3470 4673 καὶ
3499 4621 3716 4690 εὐεργε-

452 4705 851 4762 discutiendum
903 4717 958 4761 et
999 4708 1441 4777 cognoscendum
1490 4722 1598 4777 quo
1637 4715 1793 4777 pacto
1841 4707 2013 4761 ambul

2136 4713 2221 4764 τεῖ
2245 4712 2430 4778 αὐτὸν,
2453 4712 2550 4764 καὶ
2580 4711 2833 4782 μεγάλων
2864 4712 3084 4779 ἀγαθῶν
3118 4714 3377 4783 πρόξενος
3403 4713 3554 4783 αὐτῷ
3576 4710 3716 4781 γίνε-

453 4802 744 4856 lassemus.
778 4798 942 4854 Debet
970 4799 1099 4854 item
1136 4801 1260 4869 quis
1296 4816 1327 4855 a
1367 4817 1428 4857 se
1459 4803 1697 4870 exigere,
1732 4810 1792 4854 ut
1821 4807 2031 4854 noctem

453 4892 752 4959 transierit,
779 4891 826 4946 si
853 4892 1112 4948 videlicet
1140 4907 1268 4949 cum
1298 4893 1582 4962 diligentia
1618 4901 1675 4947 et
1702 4892 2036 4962 promptitu—

454 4986 581 5041 dine
619 4985 684 5040 ad
718 4984 927 5055 vigilias
972 4986 1296 5047 surrexerit,
1328 4985 1374 5041 si
1415 4985 1652 5055 neglexit
1693 4984 2030 5054 respondere

455 5077 795 5143 excubitori,
836 5077 881 5133 si
922 5088 1112 5132 contra
1152 5077 1329 5146 ipsum
1375 5076 1430 5132 in
1477 5077 1663 5147 aliquo
1708 5077 2034 5132 obmurmu-

2139 4820 2258 4858 ται·
2293 4803 2600 4869 ὲξυπνίζων
2652 4804 2816 4858 αὐτὸν
2850 4804 3108 4874 δεηθῆναι
3150 4805 3229 4876 τῷ
3271 4804 3392 4874 Θεῷ
3440 4805 3583 4874 ὑπὲρ
3613 4803 3716 4857 τῶν

2139 4894 2427 4966 ἁμαρτιῶν
2472 4894 2640 4948 αὐτοῦ
2685 4894 3057 4965 φωτισθῆναι·
3112 4897 3230 4960 πῶς
3262 4897 3362 4950 οὐκ
3404 4896 3610 4965 ὀφείλει
3637 4910 3717 4956 τις

2143 4984 2486 5054 εὐχαριστεῖν
2523 4983 2602 5055 τῷ
2647 4984 2907 5056 τοιούτῳ;
2946 4986 3161 5057 ἀληθῶς
3201 4987 3404 5056 ὀφείλει
3446 4988 3608 5057 ἔχειν,
3638 4985 3715 5038 ὃτι

2147 5076 2330 5147 σχεδὸν
2357 5076 2424 5130 δι’
2459 5075 2627 5131 αὐτοῦ
2660 5079 2807 5131 ἐστιν
2837 5079 2871 5149 ἡ
2905 5080 3154 5148 σωτηρία
3186 5079 3374 5135 αὐτοῦ.

456 5172 597 5228 ravit
630 5188 644 5227 :
677 5171 819 5226 scire
861 5168 1063 5225 etenim
1093 5184 1369 5239 quemque
1398 5170 1551 5225 decet
1581 5169 1890 5227 excubitori
1920 5179 2113 5223 nostro
2184 5185 2286 5224 nos
2346 5168 2645 5223 admodum
2693 5168 2913 5241 debere,
2946 5180 3135 5241 utpote
3165 5172 3243 5226 illi
3307 5172 3399 5243 qui
3470 5187 3570 5227 nos
3603 5172 3718 5241 plu-

456 5266 614 5325 rimis
669 5262 950 5322 benelieiis
999 5260 1213 5318 alliciat.
1281 5260 1460 5318 Causa
1520 5262 1667 5317 enim
1715 5270 1802 5317 est
1870 5259 2030 5317 nobis
2067 5260 2364 5314 multorum
2410 5259 2704 5316 bonorum.
2743 5258 2957 5317 Excitat
2996 5277 3097 5318 nos
3165 5264 3234 5320 ad
3301 5263 3715 5335 colloquendum

530 5448 554 5476 ³
579 5447 597 5503 l
624 5446 748 5504 Cor.
782 5463 838 5512 κ,
879 5445 932 5500 4.

1744 5597 1971 5653 VARlAi
2019 5598 2424 5660 LECTIONES.

531 5756 571 5789 ⁸³
598 5756 713 5826 Μὴ,
744 5756 806 5809 τὸ
827 5754 933 5830 ἕψῃ
961 5753 1252 5831 ἰο-καλῶς’,
1271 5753 1507 5831 ῥεια-μὴ
1527 5753 1589 5831 τὸ
1613 5753 1783 5827 ἓψητο
1829 5754 2027 5831 καλῇς.
2054 5756 2349 5831 Νοῃνξίίιιᾱ
2373 5766 2511 5814 recte
2553 5768 2760 5814 coctum
2825 5761 3017 5830 fuerat.
3067 5758 3244 5818 Scribi
3304 5762 3469 5818 etiam
3504 5767 3697 5831 potest,

460 5823 783 5895 ἑψητονίτεδ
809 5823 974 5880 caete.
1001 5826 1173 5881 Cotel.
1206 5823 1351 5878 Eccl.
1394 5823 1752 5881 GrfMonum.
1781 5835 1915 5881 tom.
1942 5825 2008 5891 il,
2048 5842 2101 5897 p.
2141 5828 2268 5882 675.
