4062 6480
423 402 552 470 1741

1787 389 2173 452 DOCTRINA
2211 389 2316 448 XI.

3573 392 3711 460 1742

418 530 545 572 cum
577 512 708 580 Deo,
743 511 810 569 ad
837 511 1105 569 orandum
1133 525 1231 581 pro
1258 506 1468 564 nostris
1494 514 1552 560 et
1612 502 1805 558 alienis
1883 500 2139 570 peccatis,
2213 510 2271 552 ut
2323 499 2697 555 illuminemur
2730 514 2760 553 a
2810 500 2993 554 divina
3047 501 3242 571 gratia.
3301 502 3440 560 Huic
3495 505 3563 562 de
3618 520 3695 565 tot

435 611 595 668 bonis
632 610 758 680 quis
814 620 923 665 non
976 620 1100 681 agat
1150 606 1394 678 gratias?
1438 603 1579 659 lluic
1621 617 1751 656 vere
1832 599 2054 667 agnda:
2107 608 2236 652 sunt
2284 599 2470 669 gratiae
2518 599 2805 670 plurimas,
2852 616 2881 655 a
2934 618 3044 672 quo
3087 605 3495 674 quodammodo
3548 607 3698 661 salus

418 711 608 758 nostra
652 701 939 772 dependet.

491 794 585 861 ς’.
637 794 751 846 Καὶ
805 792 952 860 λέγω
1006 792 1136 862 ὑμῖν
1184 791 1314 861 περὶ
1364 788 1555 841 τούτου
1614 781 1927 857 θαυμαστὸν
1976 779 2004 830 ὂ

2184 773 2271 828 ΥΙ.
2312 773 2497 828 Dicam
2531 774 2598 829 ad
2631 776 2733 830 hoc
2764 778 3102 847 propositum
3145 780 3300 835 vobis
3332 797 3446 838 rem
3489 785 3695 839 miran-

417 885 629 957 ἥκουσα
684 885 815 955 περὶ
858 884 1097 956 μεγάλου
1137 885 1183 915 ¹⁰
1212 884 1469 955 γέροντος
1504 879 1852 951 Διορατικοῦ,
1902 878 2004 942 ὅτι,

421 977 710 1048 ἱστάμενος
758 979 817 1031 ὲν
860 980 926 1048 τῇ
974 976 1279 1049 ἐκκλησία,
1337 975 1413 1039 ὡς
1463 975 1687 1027 ἔϐαλλον
1736 973 1913 1044 ἀρχὴν
1957 971 2008 1024 οί

416 1069 640 1138 ἀδελφοὶ
695 1069 790 1123 τοῦ
847 1069 1109 1140 ψάλλειν,
1168 1069 1365 1122 ἕῦλεπέ
1424 1085 1547 1123 τινα
1616 1066 2008 1137 λαμπροφόρον

417 1159 777 1232 ἑξερχόμενον
829 1164 893 1215 ἐκ
937 1162 1030 1216 τοῦ
1084 1162 1375 1235 ίερατείου,
1427 1160 1523 1213 καὶ
1580 1159 1881 1228 κατέχοντα
1932 1158 2007 1219 ὡς

414 1248 700 1316 τρούλλιόν
747 1268 799 1303 τι
852 1247 975 1319 ἔχον
1028 1250 1279 1320 ἁγίασμα
1326 1248 1422 1302 καὶ
1477 1247 1606 1317 μίαν
1665 1245 1861 1316 μύλην,
1915 1244 2008 1297 καὶ

414 1339 622 1394 ἔϐαπτε
663 1342 763 1414 τὴν
809 1341 985 1413 μύλην
1023 1342 1240 1412 ἐκείνην
1287 1342 1353 1394 ὲκ
1396 1339 1491 1392 τοῦ
1534 1338 1858 1410 τρουλλίου,
1908 1337 2006 1391 καὶ

416 1435 754 1504 περιήρχετο
801 1435 956 1498 ὅλους
1002 1435 1130 1497 τοῖος
1183 1432 1483 1502 ἀδελφοὺς,
1539 1429 2005 1502 κατασφραγίζων

416 1524 651 1579 ’ἑκαστον
683 1526 888 1580 αὑτῶν·
934 1525 1044 1578 τῶν
1094 1525 1153 1579 δὲ
1209 1524 1284 1596 μὴ
1331 1525 1739 1596 εὑρισκομένων
1784 1524 2003 1587 τόπους,

414 1616 546 1679 τοὺς
587 1616 687 1686 μὲν
733 1617 1058 1687 ἐσφράγιζε,
1091 1619 1218 1681 τοὺς
1264 1616 1322 1670 δὲ
1357 1617 1707 1687 παρήρχετο·
1741 1616 1902 1669 πάλιν
1931 1616 2007 1678 ὡς

416 1701 645 1773 ἔμελλον
695 1704 987 1773 ἀπολῦσαι,
1039 1707 1269 1759 ἔϐλεπον
1324 1705 1487 1760 αὑτὸν
1540 1705 1899 1777 ὲξερχόμενον
1942 1707 2006 1758 ὲκ

413 1793 513 1846 τοῦ
545 1796 835 1865 ἱερατείου,
872 1799 966 1850 καὶ
994 1798 1057 1852 τὸ
1085 1798 1219 1851 αὑτὸ
1242 1800 1440 1869 ὁμοίως
1469 1797 1749 1852 ποιοῦντα.
1794 1798 1883 1850 Ἐν
1909 1799 2007 1869 μιᾷ

414 1879 513 1938 οὖν
544 1889 810 1957 κατέσχεν
854 1888 1017 1943 αὐτὸν
1059 1890 1087 1941 ό
1117 1889 1321 1960 γέρων,
1357 1890 1453 1943 καὶ
1481 1890 1666 1961 ῥίπτει
1706 1890 1899 1944 ἑαυτὸν
1928 1892 2006 1950 είς

413 1978 543 2042 τοὺς
587 1979 756 2044 πόδας
795 1980 985 2045 αὑτοῦ,
1035 1982 1372 2052 παρακαλῶν
1406 1981 1601 2055 μαθεῖν
1634 1981 1671 2036 ἃ
1713 1983 1878 2046 ποιεῖ,
1913 1983 2007 2036 καὶ

415 2069 565 2133 ὅστις
601 2072 753 2124 ἐστί’
790 2075 884 2125 καὶ
910 2073 1057 2143 λέγει
1086 2072 1238 2144 αὑτῷ
1281 2075 1487 2137 ἐκεῖνος
1519 2075 1547 2127 ό
1575 2074 2001 2146 λαμπροφόρος’

426 2180 446 2212 ι
496 2161 638 2230 Ἐγὼ
659 2163 889 2232 ἄγγελός
921 2167 1039 2237 είμι
1075 2167 1167 2220 τοῦ
1206 2165 1367 2230 Θεοῦ,
1419 2168 1516 2220 καὶ
1560 2168 1879 2239 ἐπετράπην
1927 2170 2005 2232 είς

416 2252 516 2323 τὴν
564 2254 785 2320 σύναξιν
846 2259 1109 2329 παρέχειν
1157 2257 1259 2330 τὴν
1314 2258 1590 2330 σφραγίδα
1639 2259 1845 2331 ταύτην
1895 2262 2006 2323 τοῖς

415 2347 831 2417 εὑρισκομένοις
873 2350 932 2403 ὲν
976 2352 1044 2421 τῇ
1094 2350 1366 2422 ἐκκλησίᾳ
1417 2353 1497 2415 εἰς
1543 2351 1642 2422 τὴν
1689 2353 1865 2423 ἀρχὴν
1905 2352 2005 2423 τῆς

414 2437 760 2511 ψαλμῳδίας,
796 2441 892 2495 καὶ
924 2444 1032 2505 τοῖς
1083 2442 1339 2512 μένουσιν
1371 2443 1476 2506 ἕως
1516 2444 1614 2515 τῆς
1661 2443 2003 2511 ἀπολύσεως,

415 2532 509 2586 διὰ
537 2531 636 2604 τὴν
669 2531 982 2603 προθυμίαν
1012 2535 1109 2588 καὶ
1137 2534 1396 2607 σπουδὴν,
1431 2536 1524 2589 καὶ
1571 2535 1670 2606 τὴν
1702 2535 1875 2607 καλὴν
1909 2537 2007 2590 αὑ-

415 2625 526 2679 τῶν
546 2625 887 2696 προαίρεσιν.
927 2645 948 2679 ι
981 2626 1145 2695 Λέγει
1187 2626 1337 2699 αὑτῷ
1368 2628 1398 2680 ό
1427 2628 1607 2699 γέρων
1630 2645 1645 2658 ·
1685 2647 1703 2680 ι
1746 2628 1857 2682 Καὶ
1888 2627 2006 2692 πῶς

416 2717 581 2771 τινῶν
621 2718 698 2789 μὴ
735 2718 1144 2790 εὑρισκομένων
1190 2719 1512 2789 σφραγίζεις
1540 2721 1666 2785 τοὺς
1694 2720 1931 2785 τόπους;
1980 2740 2000 2773 ι

432 2809 814 2881 Ἀποκρίνεται
846 2810 996 2880 αὑτῴ
1024 2813 1052 2864 ό
1091 2811 1245 2880 ἅγιος
1274 2810 1508 2881 ἄγγελος
1536 2811 1711 2880 λέγων
1736 2828 1748 2841 ·
1783 2830 1802 2862 ι
1849 2811 2005 2864 Ὅσοι

418 2902 529 2955 εἰσὶ⁹
579 2902 689 2957 τῶν
743 2903 989 2973 ἀδελφῶν
1056 2904 1337 2958 σπουδαῖοι
1405 2904 1505 2974 μὲν
1550 2906 1645 2958 καὶ
1699 2904 1854 2958 καλοὶ
1903 2905 2005 2975 τὴν

421 2994 764 3067 προαίρεσιν,
790 2997 878 3050 διὰ
906 2997 961 3051 δέ
996 3014 1117 3051 τινα
1160 2996 1468 3066 ἀναγκαίαν
1506 2996 1794 3052 ἀσθένειαν
1831 2999 2003 3051 ἀπόν-

419 3103 510 3152 τες
554 3089 693 3159 μετά
739 3089 990 3158 εὐλογίας
1021 3090 1131 3144 τῶν
1164 3091 1416 3160 Πατρῶν,
1456 3091 1490 3162 ἦ
1542 3091 1705 3144 πάλιν
1752 3089 1841 3143 διά
1883 3106 2005 3142 τινα

421 3179 641 3251 ἐντολὴν
691 3181 772 3245 είς
814 3182 1063 3253 ὑπακοὴν
1093 3183 1273 3237 αὐτῶν
1321 3182 1736 3254 ἀσχολούμενοι,
1778 3183 1872 3236 καὶ
1916 3182 2005 3236 διά

419 3273 578 3326 τοῦτο
611 3272 685 3345 μὴ
712 3274 1111 3346 εὑρισκόμενοι,
1139 3268 1285 3328 οὗτοι
1317 3276 1411 3329 καὶ
1440 3275 1672 3338 ἀπόντες
1700 3275 1800 3346 τὴν
1833 3292 2007 3344 σφρα-

419 3363 544 3433 γίδα
586 3364 770 3417 αὐτῶν
813 3364 1205 3435 λαμϐάνουσιν,
1252 3368 1443 3437 ἐπειδὴ
1490 3370 1558 3439 τῇ
1593 3366 1830 3421 διαθέσει
1864 3365 2004 3437 μετὰ

2111 865 2255 926 dam,
2307 879 2471 932 quam
2518 866 2740 920 audisse
2780 882 2868 921 me
2912 868 3136 923 memini
3182 886 3214 924 a
3259 883 3411 940 patre
3459 877 3694 944 quodam

2109 956 2352 1009 maximo
2386 954 2685 1011 Dioratiro.
2715 957 2909 1013 Aiebat
2950 961 3095 1013 enim
3141 962 3231 1017 ille
3272 975 3430 1020 nocte
3458 968 3695 1036 quadam

2109 1046 2238 1101 dum
2271 1048 2325 1101 in
2356 1049 2584 1104 eccicsia
2616 1051 2932 1115 excubaret,
2969 1052 3023 1106 in
3076 1054 3342 1124 principio
3380 1058 3696 1126 psalmodize

2109 1139 2313 1194 vidisse
2356 1155 2415 1195 se
2461 1142 2752 1210 quemdam
2802 1159 2834 1196 e
2876 1146 3119 1199 sacrario
3162 1147 3531 1217 egredientem
3567 1168 3693 1206 cum

2107 1244 2258 1288 veste
2296 1234 2604 1303 splendida,
2644 1238 3041 1309 habentemque
3092 1240 3146 1294 in
3197 1257 3363 1297 manu
3409 1248 3694 1302 vasculum

2109 1327 2384 1397 quoddam
2414 1329 2634 1396 plenum
2666 1330 2930 1386 libamine
2955 1342 3009 1387 et
3042 1335 3493 1404 sanctificatione,
3536 1340 3695 1395 item-

2107 1434 2212 1490 que
2245 1422 2552 1487 cochleare,
2589 1436 2700 1494 quo
2729 1424 3163 1481 sanctificatione
3202 1428 3291 1482 illa
3332 1431 3559 1487 intincto
3593 1434 3695 1487 ob-

2107 1512 2503 1578 ambulantem,
2528 1513 2725 1571 fratres
2754 1530 2948 1572 omnes
2968 1519 3307 1588 obsignasse.
3337 1522 3540 1579 Eorum
3564 1542 3697 1581 vero

2107 1604 2199 1674 qui
2232 1605 2299 1659 ad
2333 1606 2550 1675 vigilias
2590 1621 2700 1661 non
2753 1610 3147 1677 surrexissent,
3183 1614 3492 1684 aliquorum
3540 1625 3697 1674 sedes

2105 1703 2161 1749 et
2183 1696 2301 1750 loca
2328 1696 2597 1767 tetigisse,
2629 1696 2941 1767 aliquorum
2975 1705 3361 1770 pertransisse.
3391 1710 3568 1777 Atque
3594 1709 3698 1765 hoc

2106 1788 2283 1857 ipsum
2326 1789 2381 1842 in
2431 1789 2539 1844 ﬁne
2589 1791 2908 1859 psalmodiae
2940 1796 3234 1865 reperisse,
3286 1814 3317 1853 e
3364 1805 3606 1857 sacrario
3641 1815 3699 1858 ut

2106 1888 2267 1933 antea
2301 1881 2693 1950 egredientem.
2727 1881 2883 1949 Quod
2911 1901 3098 1941 senem
3127 1888 3424 1947 admodum
3457 1895 3699 1951 admira-

2107 1980 2245 2035 tum,
2280 1987 2404 2026 cum
2437 1983 2564 2027 ante
2597 1988 2657 2028 se
2688 1978 3072 2044 pertransiret,
3107 1981 3173 2035 ad
3200 1998 3376 2052 genua
3404 1985 3554 2042 illius
3597 1989 3699 2044 ad-

2106 2062 2353 2118 volutum
2391 2080 2635 2135 rogasse,
2685 2076 2746 2121 ut
2789 2069 3053 2138 quidnam
3098 2072 3201 2127 hoc
3238 2060 3390 2131 esset.
3423 2081 3695 2150 mysterii,

2106 2154 2273 2226 426
2296 2156 2613 2226 dignaretur
2632 2160 2865 2228 aperire.
2896 2162 3379 2237 Rcspondisseque
3399 2170 3553 2225 illum
3576 2188 3700 2229 esse

2107 2264 2230 2303 sese
2276 2251 2529 2318 angelum
2583 2248 2703 2313 Dei,
2745 2251 2841 2320 qui
2879 2250 3156 2322 delegatus
3191 2258 3254 2309 ad
3291 2259 3395 2313 hoc
3436 2271 3600 2327 esset,
3641 2273 3701 2316 ut

2107 2343 2265 2411 signo
2302 2341 2682 2411 hujuscemodi
2712 2358 2808 2398 eos
2831 2344 3150 2413 obsignaret
3172 2364 3312 2419 quos
3334 2352 3620 2422 diligentes
3646 2365 3700 2411 ct

2106 2447 2391 2507 promptos
2424 2437 2489 2491 ad
2519 2438 2850 2508 principium
2887 2441 3204 2508 psalmodiae
3242 2453 3298 2499 et
3325 2445 3378 2498 in
3408 2446 3572 2502 ﬁnem
3606 2465 3700 2505 us-

2107 2540 2218 2594 que
2263 2536 2677 2593 perseverantes
2732 2528 2785 2580 in
2835 2529 3067 2585 ecclesia
3122 2535 3436 2603 repet-isset.
3497 2536 3696 2595 Senem

2108 2633 2238 2673 vero
2283 2628 2405 2688 post
2454 2619 2568 2673 haec
2613 2620 2812 2675 iterum
2866 2623 3199 2690 subdidisse,
3248 2642 3348 2681 cur
3385 2630 3696 2700 aliquorum

2108 2710 2230 2766 loca
2271 2720 2327 2766 et
2378 2713 2535 2768 sedes
2565 2729 2706 2782 quos
2739 2713 2793 2768 in
2828 2715 3058 2771 ceclesia
3089 2734 3195 2773 non
3241 2723 3565 2789 reperisset,
3597 2725 3699 2778 ob-

2107 2802 2352 2873 signaret
2395 2822 2410 2859 :
2453 2806 2820 2876 retulisscqne
2861 2824 3079 2863 rursum
3125 2812 3376 2882 angi-lum
3422 2828 3694 2882 sanctum,

2108 2910 2298 2951 eorum
2331 2912 2390 2951 se
2434 2896 2553 2952 loca
2597 2898 2925 2970 obsignasse
2957 2902 3050 2970 qui
3102 2911 3156 2957 et
3202 2907 3600 2973 promptissimi
3645 2920 3701 2963 ct

2105 2989 2443 3058 paratissimi
2477 2988 2731 3055 fuissent,
2765 3003 3034 3062 quantum
3082 2996 3136 3049 in
3170 2996 3305 3065 ipsis
3346 3008 3486 3064 erat,
3520 3003 3585 3055 ad
3621 3003 3702 3055 ri-

2106 3082 2265 3153 gilias
2309 3097 2554 3152 surgere,
2608 3083 2704 3138 sed
2761 3085 2943 3155 aliqua
2989 3090 3319 3144 necessitate
3364 3093 3697 3162 compediti,

2107 3190 2230 3229 cum
2268 3175 2576 3230 obedientia
2604 3186 2653 3230 et
2683 3178 2852 3246 patris
2887 3179 3266 3237 benedictione
3286 3184 3369 3238 vel
3403 3186 3565 3239 etiam
3593 3187 3696 3240 im-

2105 3268 2260 3338 perio
2296 3270 2547 3339 occupati
2594 3271 2869 3326 abessent.
2922 3271 3032 3327 llos
3059 3290 3273 3343 aequum
3313 3291 3434 3331 esse
3473 3279 3690 3347 signum

2107 3377 2268 3416 suum
2304 3362 2568 3431 recipere,
2603 3379 2727 3418 cum
2772 3364 2959 3419 animo
3003 3375 3057 3419 et
3085 3368 3368 3436 proposito
3394 3386 3519 3423 cum
3550 3374 3696 3441 psal—

419 3455 529 3511 τῶν
564 3457 879 3527 ψαλλόντων
920 3460 1027 3514 είσί
1049 3476 1062 3490 ³
1099 3460 1285 3532 μόνοις
1313 3460 1372 3513 δὲ
1399 3463 1513 3525 τοῖς
1551 3461 1876 3530 δυναμένοις
1913 3459 2004 3513 εὑ-

2109 3454 2350 3510 lcntibus
2377 3454 2702 3510 abfuissent.
2735 3454 2957 3510 Illorum
2988 3472 3121 3511 vero
3141 3459 3233 3526 qui
3268 3461 3590 3527 psalmodite
3616 3463 3699 3517 in—

423 3549 672 3622 ρεθῆναι,
708 3553 801 3607 καὶ
842 3552 951 3607 ἀπὸ
984 3554 1247 3625 ἀμελείας
1278 3553 1355 3625 μὴ
1397 3554 1832 3626 εὑρισκομένοις,
1875 3553 2002 3606 τού-

419 3661 535 3708 τοις
577 3646 901 3718 ὲπετράπην
954 3648 1030 3718 μὴ
1079 3647 1265 3702 δοῦναι
1316 3649 1416 3720 τὴν
1465 3649 1761 3720 σφραγίδα,
1812 3649 2005 3721 ἐπειδὴ

419 3737 576 3791 αὑτολ⁸
603 3739 857 3805 ἀναξίους
886 3740 1115 3803 ἑαυτοὺς
1157 3741 1445 3812 ἐποίησαν.
1493 3761 1511 3794 ι
1551 3743 1740 3810 Ἴδετε,
1775 3742 2006 3812 βλέπετε

421 3830 575 3882 ποῖον
617 3829 788 3900 δῶρον
818 3830 1076 3900 προξενεῖ
1103 3830 1181 3901 τῷ
1226 3832 1443 3903 ἀδελφῷ
1490 3834 1656 3887 αὑτοῦ
1700 3835 1729 3886 ὁ
1775 3834 2007 3905 ἐγείρων

422 3919 587 3973 αὑτὸν
634 3921 715 3983 είς
760 3920 852 3974 τὸν
904 3922 1109 3976 κανόνα
1142 3921 1244 3993 τῆς
1281 3923 1612 3993 ἀγρυπνίας.
1660 3926 2005 3978 Σπουδάσατε

420 4003 534 4075 οὖν,
560 4009 800 4078 ἀδελφοὶ,
833 4011 908 4081 μὴ
937 4011 1285 4082 ζημιωθῆναί
1319 4029 1449 4066 ποτε
1478 4013 1577 4084 τὴν
1609 4015 1883 4086 σφραγῖδα
1910 4015 2003 4068 τοῦ

419 4098 579 4168 ἁγίου
613 4100 882 4170 ἀγγέλουο
917 4103 967 4155 εἰ
995 4102 1054 4155 δὲ
1103 4104 1197 4155 καὶ
1228 4102 1412 4175 συμόῇ
1456 4121 1580 4160 τινα
1624 4104 2005 4176 μετεωρισθῆ-

421 4208 532 4258 ναι,
566 4193 663 4245 καί¹
690 4191 997 4262 ὑπομνήσει
1025 4190 1190 4244 αὑτὸν
1220 4190 1398 4259 ἄλλος,
1426 4193 1530 4245 οὑκ
1555 4192 1762 4261 ὀφείλει
1791 4194 2001 4262 ἀγανα-

423 4285 602 4338 κτεῖν·
653 4282 789 4337 ἀλλὰ
817 4283 1102 4355 προσέχων
1150 4282 1232 4355 τῷ
1275 4284 1448 4354 καλῷ,
1479 4285 1877 4357 εὐχαριστῆσαι
1924 4285 2005 4355 τῷ

423 4375 895 4446 ὑπομιμνήσκοντι
929 4376 1122 4430 αὑτόν·
1155 4376 1260 4430 κᾶν
1290 4376 1344 4428 εἴ
1371 4394 1455 4440 τις
1484 4377 1687 4449 δήποτέ
1723 4379 1895 4433 ἐστιν.

493 4466 566 4521 Z'.
610 4466 739 4520 Ὅτε
763 4466 910 4537 ήμην
933 4468 991 4520 ἐν
1016 4465 1093 4537 τῷ
1120 4466 1394 4537 κοινοὸίῳ,
1426 4467 1649 4538 ἐποίησέ
1679 4487 1747 4540 με
1770 4471 1799 4521 ὁ
1829 4469 2003 4533 ἀὸὅᾶς

424 4557 695 4629 ξενοδόχον
753 4558 892 4629 μετὰ
933 4557 1160 4629 γνώμην
1207 4557 1317 4618 τῶν
1366 4558 1661 4628 γερόντων.
1719 4559 1908 4631 Ἦμην
1948 4559 2006 4611 δὲ

424 4655 519 4706 καὶ
566 4652 675 4706 ἀπὸ
717 4652 961 4724 μεγάλης
993 4653 1329 4725 ἀρρωστίας.
1374 4655 1647 4725 Ἥρχοντο
1698 4649 1793 4708 οὖν
1837 4653 2003 4720 ξένοι,

423 4745 519 4798 καὶ
566 4745 854 4817 έσπέριζον
908 4747 1025 4816 μετ’
1056 4747 1258 4811 αὑτῶν,
1306 4748 1403 4801 καὶ
1436 4747 1598 4801 πάλιν
1642 4746 2002 4817 καμηλάριοι,

2108 3556 2317 3603 teresse
2348 3548 2680 3618 potuissent,
2713 3550 2807 3603 sed
2842 3559 3063 3619 torpore
3086 3560 3142 3604 et
3172 3550 3497 3622 negligentia
3529 3554 3704 3610 desti-

2107 3641 2340 3707 tissent,
2386 3640 2546 3712 jussu
2597 3640 2693 3696 Dei
2741 3644 2945 3697 summi
2986 3643 3145 3699 sedes
3191 3654 3247 3699 et
3296 3645 3415 3700 loca
3457 3648 3702 3705 noluisse

2108 3734 2421 3806 obsignare,
2457 3734 2719 3804 quoniam
2769 3734 2870 3804 ipsi
2906 3750 3030 3790 sese
3058 3735 3316 3806 indignos
3350 3739 3455 3794 hoc
3490 3740 3700 3796 cazlesti

2109 3827 2267 3896 signo
2302 3826 2582 3882 fecissent.
2616 3827 3084 3897 Contemplamini
3129 3829 3294 3897 igitur
3336 3830 3499 3901 quale
3540 3834 3700 3888 nobis

2107 3922 2309 3974 donum
2345 3919 2645 3984 ministret,
2679 3921 2773 3988 qui
2821 3936 2920 3975 nos
2953 3922 3018 3975 ad
3052 3921 3263 3991 vigilias
3292 3935 3345 3977 et
3384 3923 3573 3979 laudes
3605 3924 3697 3979 Dei

2106 4014 2330 4068 excitat.
2351 4013 2573 4076 Curate,
2599 4013 2815 4078 fratres,
2836 4013 3140 4080 angelicum
3166 4013 3380 4085 signum
3408 4031 3516 4071 non
3538 4020 3700 4074 amit-

2108 4114 2263 4159 tere:
2301 4112 2358 4157 at
2402 4103 2448 4158 si
2496 4103 2787 4172 contigerit
2839 4103 3012 4157 ullum
3058 4120 3124 4159 ex
3169 4106 3324 4159 vobis
3363 4107 3693 4173 dormitare.

2108 4196 2389 4266 fueritque
2434 4197 2503 4250 ab
2560 4195 2733 4249 altero
2767 4196 3064 4261 excitatus,
3109 4213 3178 4252 ne
3208 4198 3437 4255 moleste
3476 4201 3693 4272 feratis,

2107 4290 2202 4345 sed
2236 4289 2418 4359 potius
2452 4286 2662 4341 ratione
2696 4286 2830 4340 tanti
2868 4286 2991 4341 boni
3021 4288 3228 4358 gratias
3257 4289 3421 4359 agite,
3455 4292 3695 4361 quicum

2106 4397 2214 4453 que
2241 4381 2329 4435 ille
2360 4380 2542 4433 fuerit.

2180 4469 2293 4525 Vll.
2336 4471 2473 4525 Cum
2506 4486 2684 4524 essem
2712 4470 2766 4523 in
2798 4470 3075 4540 cmnobio,
3099 4474 3392 4542 prmposnit
3417 4491 3503 4529 me
3523 4476 3696 4533 abbas

2110 4565 2475 4635 suscipiendis
2505 4564 2816 4633 hospitibus
2852 4566 3131 4619 seniorum
3165 4582 3393 4622 suorum
3439 4571 3693 4625 consilio.

2111 4660 2471 4715 Surrexeram
2508 4666 2688 4713 autem
2721 4667 2851 4713 tunc
2893 4674 2921 4712 a
2974 4659 3213 4714 maxima
3245 4662 3586 4732 mgritudine,
3624 4667 3695 4720 ita

2112 4759 2171 4804 ut
2202 4749 2291 4803 vix
2320 4762 2535 4818 possem
2579 4746 2811 4816 pedibus
2846 4749 3170 4804 consistere.
3204 4748 3507 4809 Veniebant
3536 4755 3699 4827 igitur

423 4837 518 4889 καὶ
540 4813 755 4891 ἐποίουν
776 4837 873 4908 τὴν
893 4813 1080 4908 χρείαν
1101 4841 1281 4894 αὑτῶν
1302 4857 1313 4870 ’
1348 4840 1604 4905 πολλάκις
1624 4841 1681 4894 δὲ
1838 4813 1955 4911 μεθ’
1975 4837 2004 4890 ὃ

2114 4843 2397 4913 hospites:
2431 4853 2487 4896 et
2531 4841 2857 4911 plerumque
2898 4856 3023 4896 eum
3070 4841 3176 4897 illis
3207 4844 3436 4898 multam
3479 4858 3694 4901 noctem

421 4932 753 5004 ἀπηρχόμην
783 4932 1139 5003 κοιμηθῆναι,
1172 4932 1334 4986 πάλιν
1369 4934 1587 5003 ἀπήντα
1634 4932 1771 5003 ἄλλη
1814 4930 2002 5003 χρεία,

422 5026 515 5078 καὶ
546 5024 829 5090 ὲξύπνιζέν
865 5043 953 5096 με.
1012 5025 1101 5080 Ἐν
1139 5025 1378 5097 τοσούτῳ
1416 5021 1510 5080 οὖν
1541 5024 1771 5095 ἔφθανεν
1805 5028 1837 5097 ἡ
1885 5027 2006 5098 ὥρα

418 5118 520 5188 τῆς
547 5116 876 5189 ἀγρυπνίας,
910 5117 1007 5170 καὶ
1050 5116 1124 5180 ὡς
1155 5117 1316 5184 μόνον
1354 5115 1603 5189 ἥρπαζον
1633 5116 1850 5188 μικρὸν,
1894 5117 2003 5171 ίδοὺ

419 5213 450 5265 ὁ
473 5211 816 5282 κανονάρχης
858 5209 1113 5277 ὲξύπνιζέ
1160 5227 1263 5280 με’
1294 5211 1482 5265 λοιπὸν
1515 5211 1854 5282 εὑρισκόμην
1891 5211 2002 5264 εἴτε

422 5305 532 5362 ἀπὸ
580 5305 677 5361 τοῦ
727 5307 919 5372 κόπου,
951 5303 1064 5359 εἴτε
1105 5306 1215 5359 ἀπὸ
1257 5307 1357 5378 τῆς
1413 5307 1735 5370 ἀσθενείας·
1768 5307 1849 5360 ἐτι
1896 5307 2005 5377 γὰρ

423 5401 883 5475 παρεκλεπτόμην
927 5400 1033 5454 ὑπὸ
1085 5399 1530 5469 λεπτοπυρετίων
1593 5400 2006 5471 διαλελυμένας,

2112 4936 2428 5007 vigilabam.
2477 4931 2784 4988 Veniebant
2815 4932 3116 5000 camelarii,
3163 4944 3217 4989 et
3252 4935 3358 4990 illis
3390 4939 3697 4993 necessaria

2111 5028 2518 5090 ministrabam,
2551 5025 2888 5096 agebamque
2918 5025 3044 5081 inde
3076 5043 3160 5081 me
3200 5028 3465 5093 cubitum,
3500 5030 3697 5084 altera-

2111 5136 2218 5192 que
2255 5134 2421 5189 quam
2467 5115 2773 5186 saepissime
2823 5116 3149 5171 occurrebat
3208 5133 3330 5186 qua:
3375 5133 3463 5173 me
3513 5102 3695 5174 statim

2110 5211 2378 5268 excitaret
2436 5208 2761 5264 necessitas.
2814 5205 3160 5262 Adventabat
3218 5208 3426 5263 interea
3482 5210 3699 5264 modico

2113 5304 2402 5360 intervallo
2438 5303 2572 5357 hora
2609 5299 2828 5371 vigilias,
2861 5308 2915 5354 ct
2948 5315 3072 5355 cum
3101 5299 3387 5370 paululum
3416 5300 3698 5370 quidpiam

2114 5397 2540 5459 obdormissem,
2563 5393 2844 5449 excitabar
2868 5408 2898 5446 a
2925 5395 3270 5447 canonarcha
3297 5402 3509 5448 nostro.
3535 5392 3697 5449 Eram

1724 5584 1958 5641 VARIAE
1983 5577 2398 5639 LECTIONES.

493 5752 540 5786 ⁸⁸
570 5752 697 5819 Γερ.
745 5748 1082 5824 διορατικοῦ.
1117 5751 1211 5824 {Sic
1258 5755 1579 5824 vertendum
1624 5748 1804 5824 {senis
1861 5749 2222 5824 ῃενῃήσαεὶιεΔ
2255 5747 2393 5824 dono
2430 5746 2666 5817 praediti.
2723 5741 2823 5824 llic
2849 5738 3060 5794 nullum
3107 5750 3334 5824 ﬁnitimo}:
3361 5735 3696 5824 “propritim:

427 5822 558 5878 Vide
596 5806 738 5875 inira
777 5806 953 5890 doetr.
995 5819 1086 5884 2|,
1116 5819 1567 5890 inscriptionem,
1599 5818 1689 5873 ubi
1720 5820 1807 5890 διὰ
1839 5806 1900 5873 τὸ
1955 5806 2267 5890 διορατικὸν
2293 5806 2542 5889 χάρισμα
2569 5824 2715 5871 recte
2750 5813 3018 5882 interpres
3070 5808 3246 5863 reddit
3275 5806 3336 5859 ob
3355 5807 3698 5874 perspicuum

425 5897 641 5949 donum.
675 5889 891 5946 Fabric.
921 5890 1060 5945 Bibl.
1096 5888 1215 5954 Gr.,
1257 5888 1391 5945 tom.
1418 5889 1484 5955 Χ,
1522 5905 1647 5957 pag.
1680 5888 1811 5943 £62.
