4062 6442
370 342 506 409 1743

1582 340 1640 399 S.
1684 336 2074 397 DOROTHEI
2113 336 2431 398 ABBATIS

3516 335 3652 404 I733

370 458 535 527 igitur
564 462 620 512 et
647 454 836 511 labore
860 464 915 510 et
942 453 1263 526 aegritudine
1291 450 1473 506 vicina
1507 450 1710 504 mirum
1743 449 1798 503 in
1832 464 1946 502 mo-

2052 445 2126 508 ὡς
2165 447 2241 518 μὴ
2272 448 2411 519 ἔχων
2454 450 2669 506 ἑαυτόν.
2719 452 3131 523 Ἀπεκρινάμην
3175 452 3268 509 οὖν
3299 452 3450 524 αὐτῷ
3480 474 3657 514 κατα-

371 548 500 602 dum
532 545 802 614 defessus,
837 545 1192 615 calebamque
1222 540 1493 596 interdum
1534 539 1760 596 alternis
1783 537 1954 593 febri-

372 640 493 702 bus,
521 644 579 690 ut
604 636 695 691 vix
726 650 815 690 me
844 635 1025 705 ipsum
1053 634 1264 703 erigere
1305 646 1546 702 possem.
1587 628 1662 686 Ita
1708 643 1839 683 vero
1870 627 1952 681 illi

370 728 763 797 respondebam
785 767 801 793 ,
859 736 920 781 ut
946 725 1043 797 qui
1090 732 1235 780 esset
1266 739 1298 778 a
1332 737 1530 779 somno
1571 736 1868 792 oppressus
1900 729 1952 773 et

369 820 479 874 alio
510 819 807 874 translatus
841 837 852 871 :
896 837 915 870 ι
953 817 1099 872 Bene
1144 814 1309 871 faciat
1338 815 1436 869 tibi
1479 814 1646 879 Deus,
1677 814 1866 877 frater,
1900 819 1954 866 et

376 909 663 964 cbaritatis
684 917 792 963 tute
816 921 1026 962 memor
1044 907 1117 961 sit
1144 923 1156 959 :
1184 921 1250 961 en
1283 916 1343 960 ut
1367 904 1605 975 jnssisti,
1635 918 1888 974 propero.
1929 922 1947 954 ι

370 1000 620 1069 Cumque
657 1007 780 1068 post
831 999 945 1051 haec
979 996 1346 1057 discessisset,
1402 994 1604 1048 invitus
1662 1002 1717 1047 et
1760 993 1953 1047 nolens

371 1093 567 1144 iterum
595 1088 1007 1144 obdormiebam
1031 1104 1046 1143 :
1079 1102 1255 1157 usque
1280 1087 1417 1141 adeo
1442 1095 1624 1141 autem
1654 1084 1954 1155 poenitebat

372 1198 457 1238 me
496 1181 720 1237 desidiae
753 1189 812 1235 et
852 1179 1195 1250 negligentiae
1219 1193 1376 1242 meae,
1407 1193 1533 1235 cum
1573 1177 1824 1231 videbam
1866 1191 1954 1229 me

372 1291 481 1329 non
517 1274 835 1331 interfuisse
863 1273 1084 1342 vigiliis,
1116 1287 1218 1327 nec
1261 1272 1351 1325 ille
1380 1286 1468 1325 me
1495 1271 1678 1325 denuo
1716 1269 1952 1324 excitas-

373 1376 473 1432 set,
513 1377 573 1421 ut
600 1365 801 1422 fratres
829 1367 968 1421 duos
995 1365 1326 1435 rogaverim,
1352 1363 1582 1419 alterum
1607 1375 1664 1417 ut
1689 1377 1775 1416 me
1806 1363 1952 1415 exci-

375 1466 516 1512 taret
548 1459 602 1512 in
657 1467 922 1527 tempore,
974 1459 1207 1511 alterum
1244 1465 1309 1510 ut
1364 1470 1452 1509 me
1509 1470 1617 1509 non
1674 1461 1952 1523 pateretur

374 1547 674 1603 dormitare
696 1547 1009 1618 vigiliarum
1029 1554 1293 1615 tempore.
1318 1546 1385 1599 Et
1414 1544 1567 1606 mihi,
1592 1544 1947 1609 oro,creditr,

370 1639 444 1692 ita
484 1638 610 1692 illos
645 1638 923 1702 amabam,
959 1636 1284 1701 venerabar,
1317 1634 1565 1689 colebam
1604 1643 1659 1688 ut
1689 1650 1717 1687 a
1750 1633 1952 1704 quibus

372 1731 521 1787 salus
553 1746 674 1785 mea
729 1731 1056 1800 dependeret
1097 1736 1151 1783 et
1178 1739 1343 1783 esset.
1381 1726 1543 1781 Tales
1586 1736 1637 1781 et
1690 1743 1786 1781 vos
1832 1742 1952 1782 esse

2063 540 2363 608 φερόμενος
2395 538 2591 594 ὕπνου·
2620 562 2636 592 ι
2676 542 2895 608 Καλῶς,
2921 544 3075 615 κῦρι,·
3096 546 3364 621 μνησθείη
3399 554 3431 623 ἡ
3458 552 3654 621 ἀγάπη

2064 631 2091 681 6
2134 629 2287 693 Θεὸς,
2335 629 2445 700 δῴη
2499 649 2580 684 σοι
2624 632 2715 685 τὸν
2773 634 2982 704 μισθὸν,
3025 637 3341 704 ἐκέλευσας,
3393 644 3653 715 ἔρχομαι,

2063 721 2208 790 κῦρι,
2294 741 2313 774 ο
2393 719 2526 776 Εἶτα
2583 725 2659 788 ὡς
2719 727 3028 796 ἀπήρχετο,
3098 730 3258 784 πάλιν
3332 733 3656 806 ἀπεκοιμὼο

2064 830 2210 882 μην·
2267 814 2409 868 πάνυ
2467 816 2525 868 δὲ
2570 816 2865 888 ἐθλιὸόμην
2929 819 3011 872 ὅτι
3059 820 3350 890 ἐϐράδυνον
3403 827 3652 897 ἀναστῆ-

2060 922 2147 957 ναι
2204 906 2283 968 είς
2338 906 2439 977 τὴν
2491 907 2822 978 ἐκκλησίαν·
2884 911 2979 963 καὶ
3029 912 3215 985 ἐπειδὴ
3277 916 3375 986 οὐχ
3430 918 3649 990 ὑπήντα

2064 995 2182 1058 πῶς
2232 996 2427 1067 ἐκείνῳ
2476 1000 3059 1072 προσκαρτερήσαιμι,
3120 1004 3297 1074 ᾔτησα
3342 1007 3435 1060 δύο
3490 1010 3653 1074 τινας

2058 1086 2168 1139 τῶν
2238 1086 2513 1156 ἀδελφῶν,
2577 1089 2666 1142 τὸν
2733 1091 2830 1160 μὲν
2876 1090 3004 1157 ἕνα,
3038 1084 3149 1146 ¹ἵνα
3218 1095 3475 1169 ἐξυπνίζῃ
3537 1118 3649 1171 με,

2060 1176 2151 1229 τὸν
2184 1177 2240 1229 δὲ
2277 1178 2459 1243 ἄλλον,
2493 1180 2579 1231 ἵνα
2611 1180 2685 1250 μὴ
2712 1180 2823 1252 ἁφῇ
2857 1199 2923 1252 με
2950 1180 3209 1249 νυστὰξαι
3230 1188 3310 1250 είς
3339 1189 3437 1259 τὴν
3474 1193 3651 1260 ἁγρυτ

2063 1269 2243 1321 πνίαν.
2266 1269 2374 1322 Καὶ
2406 1270 2732 1323 πιστεύσατέ
2765 1288 2874 1341 μοι,
2909 1272 3146 1341 ἀδελφοὶ,
3171 1275 3345 1338 οὕτως
3369 1278 3649 1348 ἐσεὸόμην

2061 1361 2282 1423 αὖτοὺς,
2329 1361 2405 1423 ὡς
2450 1363 2536 1414 ὅτε
2586 1361 2653 1415 δι’
2682 1362 2860 1416 αὐτῶν
2894 1358 2963 1435 ἦν
3004 1367 3038 1436 ἡ
3087 1365 3330 1438 σωτηρία
3375 1385 3502 1437 μου,
3550 1372 3649 1423 καὶ

2061 1451 2248 1521 σχεδὸν
2306 1453 2583 1522 ἐσεϐόμην
2644 1454 2859 1518 αὐτούς.
2922 1455 3105 1520 Οὕτως
3164 1454 3257 1511 οὖν
3326 1459 3419 1511 καὶ
3484 1460 3648 1529 ὑμεῖς

2058 1543 2301 1611 ὀφείλετε
2328 1544 2637 1597 διακεῖσθαι
2673 1546 2809 1616 πρδς
2855 1547 2980 1609 τοὺς
3027 1549 3343 1619 ἐγείροντας
3375 1550 3519 1620 ὑμᾶς
3562 1552 3649 1614 εἷς

2054 1633 2148 1687 σὸν
2199 1635 2398 1687 κανόνα
2440 1638 2541 1706 τῆς
2596 1636 2915 1707 ἐκκλησίας,
2974 1638 3069 1691 καὶ
3117 1642 3197 1703 εἰς
3246 1641 3355 1693 πᾶν
3406 1642 3646 1711 πρᾶγμα

2059 1726 2285 1795 ἀγαθόν.
2317 1726 2518 1791 Καθὼς
2564 1724 2657 1782 οὖν
2686 1726 2969 1799 ἐλέγομεν,
3023 1730 3229 1801 ὀφείλει
3282 1749 3368 1796 τις
3414 1734 3646 1804 ἐρευνᾷν

372 1822 528 1876 decet
560 1836 688 1891 erga
718 1821 1023 1876 excitantes
1054 1834 1153 1874 vos
1191 1818 1259 1872 ad
1291 1819 1528 1888 vigilias,
1556 1819 1623 1872 ad
1660 1818 1826 1871 horas
1855 1832 1947 1873 ca-

2062 1817 2176 1881 πῶς
2214 1818 2462 1888 παρῆλθε
2503 1817 2600 1889 τὴν
2648 1820 2859 1890 ἡμέραν
2886 1821 2981 1872 καὶ
3025 1821 3123 1892 τὴν
3164 1820 3366 1874 νύκτα·
3403 1823 3451 1874 εί
3503 1823 3645 1890 μετὰ

373 1913 601 1968 nonicas
629 1923 684 1967 et
712 1912 779 1966 ad
804 1927 967 1967 omne
993 1910 1139 1966 aliud
1169 1926 1307 1981 opus
1331 1911 1557 1966 bonum.
1585 1907 1954 1977 Habendaque

373 2011 457 2058 est
491 2005 571 2073 (ut
598 2002 859 2072 diximus)
897 2018 929 2058 a
964 2002 1129 2057 nobis
1158 2000 1421 2070 temporis
1456 2000 1621 2066 ratio,
1655 2000 1953 2069 exquiren-

371 2095 610 2166 dumque
643 2104 701 2149 ut
729 2095 873 2151 diem
904 2104 1231 2164 noctemque
1259 2093 1723 2165 transegerimus:
1754 2091 1801 2149 si
1824 2107 1952 2146 cum

372 2188 675 2242 reverentia
710 2198 763 2242 et
793 2187 1091 2243 attentione
1122 2186 1188 2240 ad
1230 2185 1611 2255 psalmodiam,
1643 2184 1710 2239 ad
1740 2185 1949 2238 oratio-

370 2292 520 2341 nem,
557 2278 891 2344 steterimus,
933 2292 1036 2332 nec
1065 2277 1213 2348 passi
1251 2275 1516 2332 fuerimus
1561 2276 1804 2345 captivos
1850 2290 1951 2331 nos

368 2365 512 2418 trahi
560 2382 591 2421 a
639 2366 1065 2435 cogitationibus
1108 2374 1162 2419 et
1209 2364 1561 2434 passionibus
1611 2363 1816 2418 nostris
1851 2381 1865 2418 :
1903 2363 1947 2418 si

368 2466 603 2512 attentas
633 2473 793 2513 aures
825 2456 1242 2528 praestiterimus
1268 2455 1468 2511 divinis
1500 2455 1824 2511 lectionibus
1856 2472 1869 2510 :
1899 2454 1946 2510 si

368 2547 824 2618 interruperimus
862 2548 1222 2618 psalmodiam
1274 2547 1511 2603 inaniter
1568 2556 1724 2602 extra
1775 2548 1947 2603 eccle-

367 2638 506 2694 siam
537 2648 592 2693 et
619 2641 848 2694 chorum
871 2639 1075 2694 educti.
1103 2638 1159 2693 Si
1185 2653 1306 2695 sese
1327 2639 1559 2709 quisque
1584 2655 1678 2708 per
1702 2638 1948 2709 singulos

369 2731 486 2785 dics
515 2731 587 2784 ita
620 2731 880 2786 discutiat
911 2737 1145 2801 agatque
1171 2729 1559 2803 paenitentiam
1586 2729 1640 2783 in
1670 2744 1779 2799 quo
1810 2728 1947 2783 deli-

368 2822 553 2890 quisse
610 2837 669 2877 se
728 2820 1166 2891 deprehenderit,
1222 2820 1517 2891 statimque
1550 2829 1674 2891 post
1734 2822 1946 2891 lapsum

367 2923 554 2982 surgat
598 2912 958 2979 emendatus,
1012 2912 1338 2983 incipiemus
1385 2912 1650 2967 malitiam
1700 2914 1962 2968 nostram'

368 3002 571 3058 sensim
604 3003 887 3067 minuere,
923 3010 978 3057 et
1023 3003 1167 3072 quod
1217 3000 1407 3057 novies
1445 3000 1588 3055 male
1625 3000 1944 3070 agebamus,

2057 1909 2274 1979 νήῲεως
2309 1909 2495 1963 ἵστατο
2535 1912 2615 1974 είς
2648 1910 2745 1980 τὴν
2776 1911 3115 1981 ψαλμῳδίαν,
3157 1913 3250 1965 καὶ
3289 1915 3369 1976 είς
3417 1914 3516 1983 τὴν
3546 1914 3642 1966 εὖ·

2054 2001 2155 2070 χὴν
2189 2001 2592 2072 ᾐχμαλωτίσθη
2632 2003 2735 2055 ὑπὸ
2775 2003 3051 2073 λογισμῶν
3083 2004 3372 2074 ἐμπαθῶν,
3409 2005 3442 2076 ἢ
3483 2020 3639 2060 νουν-

2052 2092 2193 2160 εχῶς
2227 2092 2431 2162 ἤκουσε
2462 2091 2570 2144 τῶν
2599 2092 2758 2146 θείων
2789 2095 3255 2163 ἀναγνωσμάτων,
3287 2094 3320 2165 ἥ
3358 2095 3434 2165 μὴ
3457 2097 3638 2167 ἀφῆκε

2052 2184 2150 2254 τὴν
2202 2183 2543 2256 ψαλμῳδίαν,
2587 2186 2681 2239 καὶ
2734 2184 2959 2256 ἐξῆλθεν
3017 2183 3120 2248 ἔξω
3177 2185 3279 2254 τῆς
3339 2186 3643 2255 ἐκκλησίας

2055 2274 2515 2344 μετεωριζόμενον
2536 2290 2549 2304 ·
2586 2274 2678 2328 ἐὰν
2709 2273 2880 2337 οὕτως
2931 2275 3130 2345 ἐρευνᾷ
3162 2290 3246 2338 τις
3287 2274 3478 2327 ἑαυτὸν
3509 2274 3636 2328 καθ’

2052 2365 2311 2437 ἑκάστην,
2344 2365 2438 2419 καὶ
2471 2365 2761 2427 σπουδάζει
2807 2367 3086 2436 μετανοεῖν
3117 2366 3259 2434 ὑπὲρ
3289 2361 3364 2419 ὧν
3393 2366 3637 2437 ἥμαρτε,

2054 2457 2150 2511 καὶ
2191 2455 2536 2528 διορθοῦσθαι
2564 2458 2774 2521 ἐαυτὸν,
2808 2457 3036 2526 ἄρχεται
3070 2455 3257 2526 μειοῦν
3278 2457 3379 2528 τὴν
3410 2458 3635 2521 κακίαν,

2055 2549 2147 2601 καὶ
2182 2550 2234 2601 εί
2265 2548 2438 2601 ἐποίει
2469 2549 2646 2611 ἐννέα,
2676 2551 2824 2601 ποιεῖ
2852 2548 3017 2614 ὀκτὼ,
3050 2548 3144 2601 καὶ
3186 2548 3361 2613 οὕτως
3393 2549 3489 2601 σὺν
3516 2549 3640 2620 Θεῴ

2055 2640 2196 2694 κατὰ
2230 2640 2427 2711 μικρὸν
2463 2639 2808 2709 προκόπτων,
2864 2640 2965 2691 οὐκ
3002 2640 3065 2709 ἐᾷ
3099 2638 3167 2691 τὰ
3215 2638 3362 2710 πάθη
3399 2656 3637 2708 στερεω-

2052 2728 2213 2801 θῆναι
2254 2729 2374 2783 κατ’
2411 2728 2595 2782 αὑτοῦ.
2628 2728 2819 2796 Μέγας
2850 2729 2958 2799 γὰρ
2988 2729 3234 2793 κίνδυνος
3276 2730 3337 2783 τὸ
3372 2732 3638 2800 ἐμπεσεῖν

2048 2838 2173 2874 τινα
2209 2822 2288 2884 είς
2317 2820 2427 2887 ἕξιν
2460 2820 2685 2883 πάθους.
2722 2820 2964 2890 Ἐπειδὴ,
3002 2820 3187 2885 καθὼς
3223 2823 3470 2893 εἴπομεν,
3506 2821 3633 2875 οὔτε

2051 2912 2145 2964 ἐὰν
2185 2911 2314 2982 θέλῃ
2351 2913 2379 2964 6
2410 2910 2669 2975 τοιοῦτος,
2722 2911 2949 2973 δυνατός
2992 2912 3108 2965 ἐστι
3155 2913 3313 2982 μόνος
3345 2916 3633 2985 περιγενέ-

2054 3003 2178 3057 σθαι
2234 3004 2330 3056 τοῦ
2364 3002 2591 3068 πάθους,
2646 3002 2741 3057 ἐὰν
2794 3001 2869 3072 μὴ
2902 3005 3002 3075 σχῇ
3055 3004 3148 3056 καὶ
3176 3005 3432 3075 βοήθειαν
3478 3007 3635 3077 παρά

365 3095 457 3147 vix
498 3094 610 3164 jam
658 3096 831 3151 octies
876 3110 1123 3166 agemus.
1175 3094 1373 3165 Sicque
1418 3094 1785 3164 coopitulante
1833 3092 1947 3149 Deo

2052 3113 2210 3150 τινων
2250 3096 2441 3163 ἁγίων.

368 3185 736 3256 proficiemus,
765 3195 820 3242 et
843 3201 950 3241 non
1010 3195 1265 3257 poterunt
1326 3187 1380 3241 in
1444 3185 1607 3243 nobis
1666 3186 1953 3256 passiones
1980 3187 2282 3243 obfirmari.
2316 3187 2691 3243 Periculosum
2743 3190 2888 3243 enim
2937 3186 3093 3242 valde
3145 3196 3230 3243 est
3280 3190 3334 3243 in
3377 3189 3630 3248 habitum

368 3280 685 3348 passionum
711 3289 765 3335 et
793 3280 1049 3335 vitiorum
1088 3279 1348 3346 incidere,
1381 3294 1521 3350 quas
1557 3278 1654 3351 (ut
1680 3280 1940 3352 diximus)
1980 3297 2106 3337 cum
2176 3281 2407 3337 voluerit
2470 3281 2635 3336 homo
2671 3296 2781 3337 non
2811 3279 2983 3351 possit
3032 3279 3182 3336 solus
3215 3296 3494 3352 superare,
3530 3286 3631 3341 sed

369 3385 508 3439 opus
532 3371 602 3423 sit
626 3379 942 3425 sanctorum
969 3371 1216 3425 virorum
1250 3370 1517 3424 auxilium
1552 3371 1865 3441 implorare.

439 3460 579 3514 Vlll.
617 3460 773 3515 Libet
826 3476 1055 3515 narrare
1100 3459 1259 3514 vobis
1294 3459 1363 3515 de
1401 3461 1634 3529 quodam
1673 3463 1946 3517 confratre

370 3561 581 3614 nostro,
609 3551 701 3618 qui
738 3549 904 3603 miser
931 3557 987 3602 et
1036 3547 1221 3602 infelix
1271 3549 1324 3601 in
1377 3549 1622 3603 habitum
1675 3551 1947 3619 passionis

370 3642 557 3711 lapsus
579 3638 742 3711 427
775 3650 912 3693 erat.
942 3638 1185 3707 Accipite
1217 3654 1327 3693 rem
1359 3639 1783 3710 lacrymabilem.
1811 3639 1944 3695 Cum

368 3746 544 3787 essem
576 3731 630 3784 in
666 3730 941 3795 etenobio,
976 3739 1375 3785 consueverant
1408 3731 1601 3785 fratres
1631 3744 1820 3787 omnes
1850 3747 1946 3787 eo-

370 3822 659 3892 gitationes
702 3836 830 3876 suas
863 3821 930 3875 ad
970 3837 1054 3875 me
1084 3819 1319 3886 deferre,
1365 3822 1448 3877 vel
1497 3838 1591 3892 per
1628 3823 1813 3894 jocum
1864 3820 1947 3876 vel

367 3929 465 3984 per
496 3912 788 3982 quamdam
835 3910 1280 3982 simplicitatem;
1332 3912 1405 3966 ita
1457 3923 1517 3967 ut
1563 3914 1727 3968 etiam
1776 3914 1948 3970 abbas

371 4009 511 4062 hanc
564 4006 698 4061 mihi
748 4022 936 4062 curam
994 4008 1271 4062 seniorum
1327 4008 1559 4063 consilio
1620 4009 1942 4080 imponeret.

370 4100 465 4155 Die
495 4101 657 4170 igitur
685 4099 918 4170 quadam
949 4099 1015 4153 ad
1050 4114 1136 4153 me
1165 4099 1313 4154 venit
1342 4116 1486 4154 unus
1520 4116 1549 4155 e
1582 4100 1859 4168 fratribus,
1895 4109 1948 4155 et

368 4192 506 4246 dixit
537 4192 668 4246 milii
696 4210 707 4247 :
743 4211 761 4243 ι
816 4191 889 4246 Da
921 4190 1053 4245 mihi
1081 4193 1317 4256 veniam,
1344 4193 1596 4257 obsecro,
1633 4203 1685 4248 et
1715 4210 1808 4247 ora
1846 4210 1944 4263 pro

369 4299 457 4339 me
485 4285 744 4355 quoniam
775 4291 829 4338 et
867 4283 1056 4337 furtim
1092 4283 1356 4352 subripio,
1396 4293 1450 4336 ct
1498 4285 1747 4339 comedo.
1792 4304 1809 4336 ι
1843 4284 1947 4350 Qui

371 4392 401 4430 a
438 4390 526 4431 me
558 4376 938 4444 interrogatus
977 4388 1146 4443 quare
1174 4374 1225 4429 id
1261 4382 1464 4443 ageret,
1497 4376 1773 4445 respondit
1806 4378 1947 4430 tame

370 4481 489 4521 sese
534 4465 791 4530 cruciari,
832 4478 932 4520 nec
980 4480 1143 4534 posse
1186 4466 1240 4520 in
1296 4481 1485 4520 mensa
1541 4481 1666 4520 cum
1720 4467 1945 4536 reliquis

370 4556 624 4620 saturari,
657 4557 738 4609 vel
777 4553 973 4609 adduci
1021 4563 1078 4609 ut
1124 4554 1381 4625 quiddam
1432 4555 1576 4609 aliud
1622 4557 1942 4625 postularet.

370 4646 638 4703 Ilortabar
675 4657 733 4700 ut
777 4646 881 4702 hoc
911 4646 1091 4701 abbati
1126 4647 1454 4709 insinuaret,
1494 4647 1583 4701 ille
1626 4657 1808 4701 autem
1849 4663 1943 4715 pu-

371 4738 501 4791 dore
531 4738 700 4791 teneri
744 4752 863 4792 sese
900 4738 1132 4792 dicebat.
1181 4737 1293 4808 Ego
1333 4739 1495 4809 igitur
1541 4738 1815 4803 abbatem,
1853 4741 1942 4793 illo

371 4826 601 4892 volente,
644 4826 774 4891 adii,
819 4824 1007 4881 fratris
1033 4825 1377 4898 fragilitatem
1414 4827 1641 4898 aperui,
1687 4830 1779 4898 qui
1810 4831 1939 4882 mibi

371 4934 587 4973 omnem
617 4917 738 4988 ejus
782 4932 967 4973 curam
1013 4918 1307 4986 commisit,
1338 4929 1400 4974 ut
1442 4934 1565 4972 eum
1609 4918 1817 4974 scilicet
1844 4937 1941 4973 cu-

368 5027 570 5078 rarem,
607 5019 667 5067 ut
699 5009 829 5064 mihi
861 5009 1037 5064 visum
1083 5017 1248 5063 esset.
1295 5009 1514 5064 Accessi
1551 5022 1581 5062 e
1619 5009 1848 5079 vestigio
1874 5009 1941 5063 ad

368 5116 737 5164 (economum,
791 5098 1165 5169 imperavique
1198 5098 1298 5160 illi,
1335 5107 1751 5169 utquacunque
1807 5101 1941 5153 hora

370 5193 535 5249 frater
566 5192 725 5246 edere
762 5191 943 5256 vellet,
976 5190 1113 5244 nihil
1147 5191 1194 5244 ei
1229 5198 1470 5257 negaret,
1504 5191 1688 5242 omnia
1719 5200 1944 5260 praesta-

369 5293 467 5339 ret.
520 5282 722 5353 Sicque
766 5293 826 5337 ut
858 5282 1272 5351 imperaveram,
1326 5282 1538 5353 agebat.
1587 5279 1709 5336 Dies
1753 5283 1939 5351 itaque

370 5376 575 5446 aliquot
626 5377 771 5431 cavit
819 5391 850 5430 a
895 5375 1041 5429 furto
1097 5375 1309 5428 frater:
1344 5375 1554 5428 scilicet
1609 5390 1714 5427 non
1769 5375 1940 5428 multo

368 5475 491 5534 post
522 5467 588 5522 ad
618 5482 705 5521 me
739 5465 887 5522 venit
917 5482 1041 5522 cum
1086 5466 1340 5537 lacrymis
1388 5465 1575 5519 dicens
1604 5485 1616 5520 :
1658 5485 1676 5515 ι
1716 5465 1941 5536 Ignosce

370 5557 525 5624 mibi,
564 5556 801 5623 domine,
832 5558 961 5628 quia
988 5557 1169 5613 adhuc
1195 5557 1264 5611 ad
1293 5555 1495 5610 furtum
1532 5556 1821 5625 pristinum
1857 5572 1940 5611 re-

368 5648 467 5702 dii.
504 5667 525 5701 ι
565 5649 646 5704 Ad
680 5649 826 5705 hunc
868 5664 970 5719 ego
1006 5663 1324 5712 conversus,
1361 5648 1679 5703 sciscitabar
1711 5665 1809 5704 cur
1841 5652 1943 5704 hoc

371 5734 595 5802 faceret,
627 5747 718 5793 aut
762 5741 804 5795 si
833 5749 1111 5811 pateretur
1145 5740 1413 5810 repulsam
1464 5740 1627 5795 ullam
1676 5742 1744 5796 ab
1790 5757 1939 5798 (Bco-

2119 3461 2201 3514 H'.
2243 3458 2436 3512 Θέλετε
2483 3457 2837 3529 διηγήσωμαι
2881 3458 3012 3529 ὑμῖν
3044 3451 3175 3529 πέρί
3223 3475 3371 3524 τινος
3411 3459 3629 3531 ἔχοντος

2048 3552 2255 3614 πάθους
2308 3551 2365 3603 ἐν
2419 3550 2558 3616 ﬁgat;
2614 3534 2883 3623 ἀκούσατε
2935 3552 3171 3622 πρᾶγμα
3224 3550 3373 3616 ἀξιον
3430 3553 3628 3608 πολλοῦ

2048 3638 2331 3710 κλαυθμοῦ
2350 3672 2366 3687 ο
2386 3642 2513 3694 Ὅτε
2549 3642 2699 3711 ἤμην
2728 3644 2809 3704 είς
2836 3641 2897 3694 τὸ
2925 3641 3210 3705 κοινόϐιον,
3244 3643 3345 3696 οὐκ
3373 3639 3490 3697 οἶδα
3506 3645 3627 3708 πῶς

2046 3734 2234 3797 ἁπλῶς
2263 3732 2612 3804 ἐχλευάζοντο
2656 3734 2706 3785 οἱ
2750 3733 2970 3803 ἀδελφοὶ
3016 3733 3316 3787 ἀναθέσθαι
3368 3751 3460 3805 μοι
3500 3737 3626 3800 τοὺς

2046 3826 2341 3897 λογισμοὺς
2387 3825 2586 3880 αὐτῶν.
2627 3827 2795 3897 Φησὶν
2840 3827 2896 3879 δέ
2955 3827 3049 3879 καὶ
3090 3827 3120 3879 6
3153 3826 3327 3890 ὰδὸᾶς
3380 3828 3473 3881 καὶ
3517 3830 3618 3882 ἐπα

2049 3919 2247 3990 ἐτρεπέ
2289 3936 2379 3988 μοι
2426 3919 2569 3973 κατὰ
2589 3917 2817 3988 γνώμην
2848 3918 2957 3972 τῶν
2999 3919 3270 3991 γερόντων
3308 3920 3411 3991 τὴν
3455 3937 3623 3990 φρονο

2047 4010 2167 4061 τίδα
2195 4010 2387 4062 τούτου
2431 4010 2699 4062 ποιεῖσθαι
2746 4009 2838 4061 τοῦ
2870 4008 3090 4079 μέρους.
3133 4009 3220 4063 Ἐν
3258 4012 3355 4080 μιᾷ
3386 4005 3478 4064 οὖν
3514 4009 3625 4063 τῶν

2048 4100 2294 4173 ἡμερῶν,
2345 4100 2564 4171 ἔρχεταί
2597 4116 2680 4163 τις
2722 4098 2830 4152 τῶν
2867 4098 3135 4167 ἀδελφῶν,
3174 4101 3265 4153 καὶ
3299 4099 3446 4169 λέγει
3494 4117 3619 4171 μοι·

2054 4216 2071 4247 ι
2115 4195 2477 4267 Συγχώρησόν
2509 4213 2619 4264 μοι,
2676 4195 2770 4247 καὶ
2820 4194 2978 4264 εὔχου
3017 4194 3161 4267 ὑπὲρ
3192 4195 3351 4265 ἐμοῦ,
3387 4196 3467 4249 ὅτι
3501 4196 3625 4250 κλέ-

2047 4304 2164 4339 πτω
2207 4288 2302 4339 καὶ
2337 4284 2555 4357 τρώγω.
2597 4304 2616 4336 ι
2650 4285 2809 4353 Λέγω
2839 4285 3019 4356 αὐτῷ·
3062 4304 3081 4337 ι
3113 4286 3211 4339 Διὰ
3253 4287 3305 4338 τί
3343 4289 3569 4358 πεινᾷςς
3599 4305 3617 4338 ι

2050 4383 2156 4433 Καὶ
2199 4379 2350 4446 λέγει
2387 4394 2508 4449 μοι·
2567 4395 2584 4429 ι
2634 4379 2764 4441 Ναὶ,
2803 4379 2903 4430 οὐκ
2949 4378 3227 4449 ἀρκοῦμαι
3268 4382 3332 4449 τῇ
3375 4379 3622 4452 τραπέζῃ

2047 4474 2155 4524 τῶν
2185 4472 2447 4540 ἀδελφῶν,
2486 4472 2578 4523 καὶ
2607 4471 2667 4523 οὐ
2691 4470 2925 4541 δύναμαι
2953 4470 3194 4541 αἰτῆσαι.
3223 4490 3241 4522 ι
3265 4471 3423 4538 Λέγω
3442 4470 3620 4537 αὐτῷ·

1981 4543 2018 4595 υ
2056 4586 2073 4616 ι
2113 4566 2210 4619 Διὰ
2237 4566 2289 4618 τί
2328 4567 2402 4636 μὴ
2434 4565 2665 4632 ὑπάγεις
2695 4563 2973 4627 ἀνατιθεὶς
3009 4563 3088 4634 τῷ
3120 4563 3293 4635 ὰϐϐᾷς
3356 4584 3373 4614 ι
3425 4563 3618 4631 Λέγει·

2054 4676 2071 4710 ι
2122 4658 2478 4729 Αἰσχύνομαι.
2532 4677 2550 4709 δ
2590 4658 2747 4724 Λέγω
2789 4656 2973 4727 αὐτῷ·
3017 4675 3033 4707 ι
3076 4656 3184 4710 Καὶ
3232 4656 3403 4719 θέλεις
3449 4655 3623 4726 ἀπέρ-

2048 4768 2230 4821 χωμαι
2256 4749 2366 4819 ἐγὼ
2386 4766 2453 4816 ;·›
2489 4749 2596 4803 Καὶ
2620 4748 2766 4815 λέγει
2800 4764 2922 4818 μοι·
2952 4767 2970 4798 ι
3010 4748 3102 4810 Ὡς
3130 4747 3396 4809 κελεύεις,
3422 4744 3573 4817 κῦρι,
3600 4763 3617 4795 ι

2061 4838 2328 4908 ’Λπῆλθον
2363 4835 2455 4891 οὖν
2506 4840 2600 4890 καὶ
2649 4833 2802 4889 εἷπον
2833 4835 2911 4906 τῷ
2957 4836 3121 4907 ἀϐεᾷ,
3160 4833 3257 4890 καὶ
3300 4836 3448 4903 λέγει
3498 4851 3622 4906 μοι·

2054 4949 2073 4981 ί
2112 4931 2347 5002 Ποίησον
2384 4931 2606 4999 ἀγάπην
2635 4930 2728 4981 καὶ
2761 4929 3046 4999 φρόντισον
3073 4925 3261 4992 αὐτοῦ,
3292 4927 3368 4990 ὡς
3396 4921 3565 4989 οἶδας.
3602 4946 3619 4978 ι

2045 5023 2178 5075 Τότε
2232 5020 2494 5091 λαμϐάνω
2539 5019 2723 5083 αὐτὸν,
2768 5018 2864 5072 καὶ
2905 5018 3052 5086 λέγω
3082 5017 3160 5089 τῷ
3198 5017 3492 5089 κελλοιρίτῃ
3536 5017 3629 5069 ἐπὶ

2048 5114 2215 5168 αὑτοῦ
2234 5131 2246 5144 ·
2273 5133 2291 5166 ι
2319 5113 2547 5184 Ποίησον
2562 5111 2804 5182 ἀγάπην,
2822 5111 2917 5164 καὶ
2933 5110 3052 5164 οἵαν
3071 5112 3218 5181 ῶραν
3237 5108 3455 5180 ἔρχεται
3473 5103 3628 5170 οὗτος

2047 5207 2075 5257 6
2100 5201 2325 5270 ἁδελφὸς
2345 5199 2480 5270 πρὸς
2497 5199 2576 5263 σὲ,
2591 5199 2678 5263 δὸς
2700 5199 2848 5271 αὐτῷ
2863 5201 2962 5253 ὅσα
2979 5200 3140 5265 θέλει,
3156 5200 3247 5251 καὶ
3270 5198 3434 5269 μηδὲν
3451 5197 3628 5251 κωλύ-

2049 5310 2148 5367 σῃς
2163 5292 2349 5346 αὑτοῦ.
2382 5311 2400 5343 ι
2421 5290 2685 5356 Ἀκούσας
2703 5294 2731 5345 6
2750 5290 3093 5361 κελλαρίτης,
3107 5290 3254 5359 λέγει
3274 5306 3365 5359 μοι
3381 5305 3394 5318 ·
3422 5309 3441 5340 ι
3473 5289 3630 5345 Ἑκέ·

2045 5388 2272 5448 λευσας,
2301 5382 2473 5448 οὕτως
2512 5383 2672 5438 ποιῶ.
2714 5402 2732 5436 ο
2757 5384 2912 5436 Ποιεῖ
2933 5382 3106 5446 οὕτως
3148 5382 3333 5452 ὀλίγας
3363 5382 3577 5453 ἡμέρας
3601 5384 3629 5434 6

2054 5472 2281 5541 ἀδελφὸς
2313 5472 2549 5535 ἐκεῖνος·
2600 5472 2696 5524 καὶ
2724 5471 2942 5543 ἔρχεται
2971 5470 3145 5540 λέγων
3183 5488 3307 5542 μοι·
3348 5489 3367 5522 ι
3403 5470 3627 5542 Συγχώ-

2055 5560 2219 5631 ρησόν
2265 5577 2377 5631 μοι,
2423 5558 2572 5631 κῦρι,
2621 5561 2703 5613 ὅτι
2752 5561 3009 5632 ἠρξάμην
3060 5561 3221 5617 πάλιν
3271 5561 3545 5614 κλέπτειν.
3600 5579 3619 5612 ι

2051 5652 2210 5720 Λέγω
2240 5651 2420 5722 αὐτῷ·
2464 5671 2482 5704 ι
2518 5651 2617 5707 Διὰ
2658 5652 2712 5705 τί
2757 5655 2819 5705 οὐ
2860 5653 3088 5724 παρέχει
3129 5669 3211 5707 σοι
3243 5653 3271 5706 6
3302 5651 3625 5723 κελλαρίτης

2050 5744 2104 5795 εί
2132 5760 2180 5797 τι
2213 5742 2415 5809 θέλεις;
2449 5763 2468 5796 ι
2507 5743 2647 5799 Ναί·
2686 5744 3061 5816 συγχώρησον,
3091 5744 3191 5799 ὅσα
3222 5744 3362 5799 Θέλω
3398 5742 3625 5815 παρέχει
