4062 6482
397 489 540 555 Π45

1761 493 2146 554 DOCTRINA
2181 493 2287 552 XI.

3517 492 3651 555 1⁷746

392 619 510 672 μοι.
546 618 565 653 ι
588 600 728 654 Ἀλλ’
744 588 1199 674 ὲγὼάίςχύνομαι
1222 604 1436 657 αὐτόν.)
1458 603 1616 673 Λέγω
1644 602 1812 672 αὐτῷ·
1857 621 1874 653 ι
1896 600 1978 668 Mi

2093 615 2275 655 nomo.
2325 599 2563 670 Negabat
2613 601 2703 655 ille
2732 602 3028 671 quidquam
3060 602 3162 655 sibi
3197 602 3407 668 deesse,
3449 604 3541 657 sed
3572 619 3660 657 νο-

386 690 492 761 ὲμὲ
520 690 779 762 αἰσχύνῃς
807 712 825 743 ι
862 693 1028 761 Δεγει
1060 707 1175 764 μοι⁸
1209 711 1229 745 ¢
1253 692 1347 747 Οΰ.
1374 713 1393 745 ι
1424 694 1583 763 Λέγω
1601 694 1769 763 αὐτῷ·
1799 714 1816 745 ι
1842 693 1989 747 Οὐκ-

383 780 486 835 οὖν
516 780 571 834 ετ
602 800 655 836 τι
690 781 884 847 θέλεις,
932 782 1092 855 ἔρχου
1128 785 1223 838 καὶ
1250 785 1494 854 λάμϐανε
1531 788 1662 856 παρ’
1696 785 1853 854 ἐμοῦ,
1893 786 1988 838 καὶ

391 874 470 944 μὴ
501 873 739 945 κλέψῃς·
779 894 800 928 ι
861 871 1007 946 εἶχον
1050 877 1159 948 γὰρ
1214 876 1335 930 τότε
1390 878 1492 948 τὴν
1556 878 1833 932 διακονίαν
1894 877 1988 930 τοῦ

386 965 762 1036 νοσοκομείου.
787 967 1024 1038 ’Ήρχετο
1098 965 1192 1022 οὖν
1263 970 1472 1032 ἐκεῖνος
1520 969 1656 1038 πρός
1716 987 1783 1041 με
1809 1009 1823 1034 ,
1891 970 1986 1022 καὶ

384 1055 699 1125 ἐλάμϐανεν
736 1056 860 1111 ὅσον
900 1057 1112 1128 ἤθελεν.
1152 1060 1393 1129 Ἤρξατο
1439 1054 1532 1113 οὖν
1582 1061 1721 1131 μετά
1773 1060 1987 1130 ἡμέρας

383 1146 555 1201 πάλιν
602 1148 875 1212 κλέπτειν,
917 1151 1012 1203 καὶ
1045 1149 1264 1221 ἔρχεται
1317 1151 1653 1222 θλιϐόμενος,
1707 1153 1802 1206 καὶ
1836 1152 1985 1220 λέγει

387 1254 506 1307 μοι·
556 1256 573 1289 ι
612 1237 742 1292 Ἰδοὺ
779 1240 941 1292 πάλιν
978 1241 1199 1295 κλέπτω
1230 1280 1245 1295 .
1279 1260 1298 1294 ι
1347 1243 1507 1312 Λέγω
1527 1243 1700 1313 αὐτῷ’
1742 1262 1759 1294 ι
1788 1242 1887 1295 Διά
1909 1242 1982 1304 τί,

381 1329 591 1398 ἀδελφέ
644 1348 780 1401 μου;
821 1334 883 1386 οὐ
925 1334 1150 1404 παρέχω
1185 1351 1266 1387 σοι
1306 1334 1361 1387 ei
1392 1353 1443 1387 τι
1482 1335 1692 1398 θέλεις;
1735 1352 1751 1386 ι
1797 1335 1981 1403 Λέγει·

394 1421 569 1474 «Ναί.
611 1441 630 1473 ι
712 1424 870 1491 Λέγω
936 1424 1125 1495 αὐτῷ’
1169 1444 1187 1476 ι
1238 1426 1348 1478 Kal
1401 1425 1491 1479 διὰ
1554 1427 1608 1478 τί
1641 1427 1926 1491 κλέπτεις;
1959 1446 1977 1478 ι

383 1512 553 1580 Λέγει
584 1530 694 1583 μοι·
730 1533 748 1566 ι
779 1514 1140 1589 Συγχώρησόν
1173 1534 1284 1587 μοι,
1318 1518 1415 1571 οὐκ
1442 1513 1557 1571 οἶδα
1586 1518 1675 1572 διὰ
1711 1519 1762 1572 τί
1796 1535 1811 1548 ·
1847 1518 1984 1572 ἁλλά

385 1600 568 1666 οὕτως
603 1603 790 1667 ἁπλῶς
829 1605 1102 1660 κλέπτω.»
1143 1607 1278 1660 Τότε
1309 1607 1450 1677 λέγω
1471 1608 1639 1679 αὐτῷ,
1674 1628 1692 1660 ‹
1719 1609 1793 1661 Τὸ
1813 1608 1982 1673 ὅντως

388 1695 456 1748 σὺ
497 1696 619 1749 εἰπέ
656 1715 766 1767 μοι,
810 1700 914 1753 κᾶν
938 1700 991 1751 τί
1014 1703 1185 1765 ποιεῖς
1210 1701 1348 1755 αὐτά
1376 1700 1411 1754 ἃ
1440 1701 1727 1768 κλέπτεις;
1756 1721 1774 1752 ι
1819 1702 1981 1770 Λέγει

388 1804 507 1858 μοιτ
539 1798 557 1840 t
580 1788 670 1860 Τῷ
687 1789 794 1860 ὄνῳ
817 1790 1042 1862 παρέχω
1065 1792 1222 1846 αὐτὰ.
1248 1812 1266 1845 ι
1283 1794 1394 1847 Kal
1408 1794 1603 1865 εὑρέθη
1622 1794 1704 1847 ὅτι
1721 1793 1980 1847 ἐκλεπτεν

383 1877 416 1929 ὁ
445 1876 675 1946 ἀδελφὸς
717 1880 925 1943 ἐκεῖνος
954 1879 1181 1949 βουκκία
1201 1882 1267 1947 ²¹,
1302 1882 1564 1951 φοινίκια,
1604 1883 1787 1945 συκία,
1814 1881 1977 1953 κρόμ-

389 1983 503 2037 μυα
534 1983 547 1996 ·
589 1965 692 2020 εἴτι
714 1967 914 2039 δήποτε
947 1970 1131 2034 ἁπλῶς
1160 1970 1412 2042 ηὕρισκε,
1432 1976 1524 2026 καὶ
1557 1972 1785 2044 ἔκρυὸεν
1816 1976 1973 2036 αὐτὰ,

385 2057 461 2113 τὰ
484 2058 583 2128 μὲν
610 2058 869 2115 ὑποκάτω
899 2062 999 2132 τῆς
1058 2062 1349 2134 στρώσεως
1387 2065 1555 2119 αὐτοῦ
1588 2083 1600 2095 ’
1633 2068 1702 2119 τὰ
1728 2068 1783 2119 δὲ
1814 2068 1978 2121 ἀλλα-

388 2146 512 2219 χοῦ.
573 2151 686 2203 Kal
728 2151 880 2214 τέλος
925 2152 1000 2222 μὴ
1042 2153 1313 2223 εὑρίσκων
1347 2154 1398 2207 τί
1440 2157 1657 2225 ποιήσει
1705 2157 1868 2219 αὐτὰ,
1902 2157 1979 2220 ὡς

388 2238 620 2293 ἔϐλεπεν
668 2240 809 2293 αὐτὰ
843 2240 1227 2312 ἀχρειούμενα,
1260 2242 1442 2306 λοιπὸν
1486 2244 1786 2314 ἀπήρχετο,
1829 2245 1978 2316 ἔρρι-

388 2345 524 2383 τηεν
550 2330 704 2397 αὐτὰ,
742 2331 776 2402 ἣ
808 2335 1064 2402 παρεῖχεν
1106 2334 1242 2389 αύτά
1276 2334 1584 2405 ἔμπροσθεν
1609 2336 1716 2390 τῶν
1744 2337 1975 2406 ἀλόγων.

462 2599 520 2653 8'
574 2598 703 2653 Ἰδοὺ
739 2599 960 2670 βλέπετε
992 2601 1047 2655 τί
1082 2602 1198 2656 ἐστι
1236 2603 1297 2656 τὸ
1347 2602 1490 2675 ἔχειν
1522 2604 1694 2668 πάθος
1734 2606 1792 2658 ὲν
1830 2605 1976 2673 East;

390 2690 623 2762 βλέπετε
658 2692 787 2744 ποία
818 2692 1093 2762 ἀθλιότης,
1129 2692 1258 2746 ποία
1302 2695 1687 2766 ταλαιπωρίας
1717 2696 1870 2768 ’ᾘδει
1895 2697 1977 2750 ὅτι

389 2783 562 2837 κακόν
598 2785 766 2847 ἐστιν,
802 2784 918 2855 ᾔδει
941 2787 1021 2838 ὅτι
1046 2786 1232 2848 κακῶς
1260 2791 1424 2850 ποιεῖ,
1460 2787 1734 2853 ὲθλίὸετο,
1771 2788 1974 2854 ἔκλαιε,

389 2877 486 2929 καὶ
527 2877 675 2946 ὅμως
729 2876 938 2929 εἵλκετο
966 2879 993 2930 ὁ
1015 2877 1197 2940 ἄθλιος
1229 2879 1332 2930 ύπδ
1358 2879 1461 2949 τῆς
1489 2883 1666 2951 κακῆς
1688 2883 1977 2953 συνηθείας

386 2963 458 3041 ἧς
484 2968 738 3039 ἐποίησεν
772 2967 971 3039 ἐαυτῷ,
1031 2969 1121 3022 διὰ
1145 2971 1245 3038 τῆς
1270 2969 1652 3042 προλαὸούσης
1691 2974 1972 3043 ἀμελείας.

388 3061 501 3113 Καὶ
540 3059 719 3121 καλῶς
753 3059 935 3128 ἔλεγεν
972 3062 999 3113 ό
1048 3056 1223 3125 sese;
1254 3061 1529 3132 Νισθερὼ,
1554 3064 1649 3116 ἐάν
1681 3081 1765 3128 τις
1805 3083 1974 3120 κατα-

390 3153 531 3220 συρῇ
553 3150 659 3203 ύπὺ
694 3150 919 3216 πάθους,
946 3151 1134 3220 γέγονε
1168 3141 1352 3216 δοῦλος
1394 3153 1488 3206 τοῦ
1518 3154 1722 3219 πάθους
1751 3172 1764 3186 ·
1797 3158 1823 3209 ὁ
1846 3157 1976 3220 Θεὸς

2096 697 2202 752 reri
2235 705 2289 751 et
2323 696 2645 752 erubescere
2686 712 3032 752 meonemum
3067 696 3241 750 illmn.
3293 695 3406 766 Ego
3439 706 3568 750 tunc
3598 698 3665 748 ab

2091 803 2156 842 co
2184 803 2428 857 quaerere
2455 790 2595 858 coepi
2625 803 2695 843 an
2722 789 2788 843 de
2816 804 2902 844 me
2933 788 3312 854 erubesceret;
3359 788 3504 858 quod
3537 803 3662 842 cum

2090 887 2363 946 negasset,
2413 878 2551 947 jussi
2590 889 2647 932 ut
2683 878 2939 948 deinceps
2972 880 3037 934 ad
3082 894 3169 933 me
3197 880 3501 943 accederet,
3536 888 3587 933 et
3632 893 3662 930 a

2089 984 2178 1022 me
2222 969 2339 1024 solo
2389 970 2701 1025 necessaria
2749 980 2988 1041 caperet,
3040 985 3219 1041 neque
3253 970 3435 1024 furtim
3465 970 3662 1025 amodo

2087 1060 2364 1130 quidpiam
2418 1062 2708 1131 acciperet.
2754 1062 2884 1116 Erat
2928 1072 3107 1116 autem
3160 1071 3287 1117 tunc
3338 1061 3478 1117 forte
3526 1061 3660 1115 mihi

2088 1165 2221 1204 cura
2257 1150 2625 1204 inﬁrmorum.
2661 1149 3034 1206 Perseveravit
3069 1151 3229 1220 igitur
3252 1150 3392 1220 apud
3434 1165 3520 1203 me
3544 1149 3659 1203 dies

2087 1241 2297 1310 aliquot
2326 1242 2532 1311 absque
2574 1241 2741 1305 furto,
2773 1256 2982 1311 egoque
3030 1241 3108 1295 illi
3150 1242 3342 1296 deesse
3391 1242 3524 1296 nihil
3564 1256 3660 1310 pa—

2087 1333 2281 1386 tiebar.
2321 1332 2440 1387 Non
2479 1333 2649 1387 multo
2698 1342 2879 1386 autem
2928 1341 3043 1401 post
3093 1343 3154 1387 ut
3205 1333 3436 1400 primum
3479 1334 3658 1404 lacry-

2086 1438 2243 1479 mans
2288 1425 2354 1478 ad
2385 1438 2474 1478 me
2501 1422 2668 1490 venit,
2698 1431 2751 1477 et
2781 1422 2847 1475 ad
2882 1421 3084 1475 furtum
3117 1421 3326 1476 redisse
3372 1437 3431 1476 se
3476 1423 3657 1477 denuo

2084 1516 2397 1570 conﬁtetur.
2435 1514 2713 1583 Interrogo
2748 1527 2965 1567 rursum
2993 1527 3163 1581 quare
3192 1511 3246 1565 id
3280 1512 3501 1576 faceret,
3529 1528 3654 1567 cum

2083 1615 2136 1662 et
2168 1607 2235 1661 de
2262 1622 2350 1660 me
2382 1620 2489 1659 non
2524 1607 2899 1668 erubesceret,-
2931 1602 3225 1657 ctnullam
3281 1601 3513 1656 inediam
3564 1611 3657 1656 aut

2083 1698 2462 1754 necessitatem
2494 1705 2789 1766 pateretur.
2843 1692 3144 1763 Respondit
3191 1692 3513 1761 simpliciter
3557 1708 3655 1747 ne-

2084 1794 2226 1849 scire
2256 1806 2376 1847 sese
2409 1804 2579 1861 quare
2616 1797 2711 1843 aut
2740 1802 2849 1859 quo
2878 1795 3034 1858 pacto
3081 1786 3136 1841 id
3189 1785 3415 1849 faceret,
3462 1784 3555 1840 sed
3604 1786 3655 1839 id

2081 1901 2203 1940 esse
2254 1899 2318 1939 ex
2369 1882 2604 1953 quadam
2643 1880 2785 1933 mala
2820 1875 3237 1933 consuetudine.
3275 1875 3408 1943 Quae
3454 1876 3657 1932 etenim

2083 1976 2381 2038 iuraretur,
2412 1987 2522 2026 non
2550 1969 2655 2026 sibi
2686 1969 2787 2038 ipsi
2819 1983 3120 2031 reservare,
3160 1968 3255 2022 sed
3286 1967 3442 2023 asino
3483 1980 3655 2036 appo—

2079 2083 2229 2133 nere,
2286 2074 2450 2135 atque
2499 2064 2575 2118 ita
2626 2063 2906 2117 inventum
2956 2069 3061 2116 est.
3114 2058 3313 2125 Fabas,
3344 2057 3652 2129 palmulas,

2080 2160 2239 2224 ﬁcus,
2280 2171 2465 2225 cepas,
2508 2164 2562 2209 ct
2604 2151 2870 2223 quidquid
2913 2149 3060 2205 aliud
3103 2149 3397 2216 inveniret,
3447 2147 3517 2203 ab
3565 2160 3654 2212 eo,

2078 2252 2236 2306 asino
2278 2246 2501 2318 apponi.
2563 2242 2701 2298 Nam
2750 2258 2875 2298 cum
2916 2242 3009 2296 illa
3059 2240 3447 2310 subripuerat,
3514 2238 3655 2292 lecto

2079 2341 2418 2412 supponebat
2443 2380 2458 2405 ,
2496 2344 2592 2391 aut
2633 2334 2762 2390 alibi
2805 2331 3210 2397 abscondebat;
3266 2344 3502 2399 cumque
3546 2329 3654 2398 iam

2080 2444 2395 2505 putrescere
2425 2429 2753 2498 inciperent,
2790 2424 2996 2481 inscius
3022 2422 3155 2493 quid
3203 2422 3270 2477 de
3318 2421 3405 2476 bis
3449 2428 3653 2491 ageret,

2075 2525 2338 2599 jumoutis
2375 2519 2687 2590 objicicbat.

2148 2618 2241 2676 IX.
2268 2609 2727 2682 Contemplamini
2755 2623 2820 2664 ex
2851 2607 2974 2671 hoc,
3022 2605 3238 2671 fratres,
3300 2619 3464 2675 quam
3494 2603 3658 2658 mise-

2080 2726 2223 2776 rum,
2257 2721 2423 2779 quam
2452 2701 2889 2760 infelicissimum
2922 2698 3014 2764 sit,
3049 2698 3103 2750 in
3142 2695 3387 2750 habitum
3440 2693 3654 2763 passio-

2081 2806 2166 2860 nis
2209 2798 2515 2873 pervenire.
2554 2793 2674 2850 Non
2715 2791 3002 2864 ignorabat
3057 2787 3245 2843 infelix
3292 2785 3435 2840 male
3478 2785 3658 2839 facere

2080 2912 2222 2960 sese,
2253 2908 2368 2949 non
2395 2888 2681 2962 ignorabat
2707 2885 2845 2940 adeo
2877 2883 3131 2952 iniquum
3150 2895 3290 2944 esse,
3323 2876 3658 2945 aﬂligebatur

2079 2988 2265 3043 dolore
2289 2992 2343 3038 et
2369 2978 2625 3050 lacrymis
2653 2974 2863 3031 crebris
2887 2992 2902 3041 ;
2931 2982 2988 3027 et
3011 2981 3190 3027 tamen
3215 2968 3528 3025 trahebatur
3563 2966 3661 3019 mi-

2080 3093 2168 3132 ser
2203 3074 2392 3128 nolcus
2425 3087 2454 3124 a
2484 3069 2627 3124 mala
2666 3067 2771 3122 bac
2792 3063 3208 3128 consuetudine,
3266 3074 3431 3130 quam
3486 3058 3539 3112 in
3599 3071 3659 3112 se

2080 3167 2367 3223 induxerat
2397 3178 2458 3217 ex
2485 3161 2765 3232 praemissa
2807 3155 3151 3226 negligentia.
3184 3153 3344 3207 Recte
3367 3152 3530 3222 igitur
3544 3149 3658 3204 aie-

387 3244 424 3294 ἃ
446 3240 650 3309 ἀγαθὸς
684 3241 914 3311 ρύσηται
950 3245 1095 3314 ἡμᾶς
1121 3245 1229 3297 ἀπὸ
1252 3245 1426 3315 κακῆς
1450 3245 1633 3310 ἕξεως,
1665 3248 1753 3301 ἵνα
1783 3249 1856 3318 μὴ
1884 3252 1976 3303 καὶ

2082 3262 2172 3315 bat
2201 3256 2577 3322 sentiebatque
2623 3251 2791 3305 abbas
2820 3247 3137 3308 Nistlieron,
3170 3244 3261 3314 qui
3323 3250 3606 3313 raperetur
3627 3256 3658 3293 ιι

389 3334 523 3405 ἡμῖν
545 3332 676 3407 εἴπῃ
708 3349 721 3364 ·
751 3334 845 3399 Τίς
884 3335 1141 3404 ὠφέλεια
1178 3337 1250 3389 ἐν
1278 3334 1357 3404 τῷ
1394 3338 1597 3405 αἵματί
1618 3356 1760 3407 μου,
1793 3339 1863 3393 ἐν
1896 3339 1976 3405 τῷ

390 3427 774 3480 καταϐαίνειν
795 3443 873 3496 με
899 3429 987 3494 εὶς
1016 3425 1344 3497 διαφθοράν
1360 3443 1380 3493 ;
1420 3426 1586 3482 Εἶπον
1610 3429 1666 3481 δὲ
1699 3431 1826 3500 ὑμῖν
1865 3431 1976 3483 δια-

393 3517 573 3587 φόρως
607 3517 705 3571 καὶ
731 3518 793 3570 τὸ
836 3519 954 3583 πῶς
982 3519 1248 3590 ἐμπίπτει
1278 3537 1361 3583 τις
1393 3522 1473 3583 είς
1512 3521 1644 3585 ἕξιν.
1698 3521 1770 3574 Ού
1811 3520 1918 3594 γὰρ
1951 3524 1978 3574 ὁ

389 3610 534 3677 ἅπαξ
560 3610 902 3682 θυμούμενος
941 3612 1042 3683 ἤδη
1066 3611 1284 3682 λέγεται
1313 3612 1589 3685 θυμώδης
1623 3613 1742 3667 οὐδὲ
1768 3616 1796 3667 ὁ
1832 3612 1981 3678 ἅπαξ

389 3707 688 3778 πορνεύων,
718 3707 934 3777 λέγεται
968 3708 1168 3781 πόρνος
1202 3726 1215 3739 ο
1241 3709 1365 3763 οὔτε
1393 3710 1584 3776 ὁᾶπαξ
1614 3710 1797 3774 ἐλεῶν,
1825 3710 1980 3779 λέγε-

388 3813 478 3850 ται
516 3796 765 3866 ἐλεήμων
791 3814 806 3828 ο
837 3797 974 3850 ἀλλᾶ
1004 3798 1094 3850 καὶ
1120 3800 1153 3868 ἡ
1183 3799 1359 3869 ἀρετὴ
1395 3800 1491 3851 καὶ
1518 3800 1551 3869 ἡ
1576 3800 1765 3862 κακία,
1790 3801 1855 3852 ὲκ
1884 3797 1979 3851 τοῦ

392 3887 634 3957 συνεχῶς
667 3886 1012 3957 ἐνεργεῖσθαι
1032 3886 1146 3951 έξιν
1175 3887 1301 3941 τινὰ
1329 3890 1548 3957 ἐμποιεῖ
1588 3893 1654 3959 τῇ
1679 3889 1844 3959 ψυχῇ,
1886 3892 1981 3944 καὶ

388 3979 575 4033 λοιπὸν
624 3979 765 4049 αὐτὴ
791 3980 825 4049 ἡ
875 3978 1008 4044 ἕξις,
1041 3978 1074 4050 ἢ
1103 3977 1349 4043 κολάζει,
1394 3978 1428 4049 ἦ
1476 3979 1747 4032 ἀναπαύει
1782 3979 1976 4049 αὐτήν.

388 4071 462 4124 Τὸ
494 4071 551 4124 δὲ
592 4070 708 4133 πῶς
751 4070 1021 4125 ἀναπαύει
1059 4069 1160 4140 τὴν
1197 4069 1376 4139 ψυχὴν
1425 4070 1458 4140 ἡ
1495 4070 1685 4142 ἀρετὴ,
1735 4070 1831 4122 καὶ
1863 4069 1980 4134 πῶς

388 4162 608 4228 κολάζει
655 4160 824 4234 αὐτὴν
865 4164 898 4232 ὴ
928 4161 1097 4215 κακία
1117 4156 1392 4231 ,εἴπομεν
1433 4160 1726 4232 διαφόρως.
1783 4160 1905 4213 ’Ότι
1946 4164 1976 4230 ἡ

392 4253 492 4323 μὲν
524 4253 714 4324 ἀρετὴ,
739 4254 940 4323 φυσική
973 4254 1109 4316 ἐστι,
1145 4251 1240 4305 καὶ
1289 4252 1347 4304 ἐν
1406 4254 1537 4323 ἡμῖν
1569 4253 1736 4305 ἐστιν.
1801 4251 1981 4318 Ἀνεξ-

390 4345 621 4399 ἀλειτπα
643 4346 751 4416 γὰρ
777 4344 1072 4415 σπέρματα
1084 4345 1181 4415 τῆς
1194 4344 1418 4415 ἀρετῆς.
1443 4340 1610 4398 Εἶπον
1627 4339 1719 4399 οὖν
1739 4344 1820 4399 ὃτι
1850 4345 1973 4401 ὅσον

388 4436 720 4509 ἐνεργούμεν
754 4436 825 4490 τὰ
847 4436 1009 4502 καλὰ,
1053 4438 1110 4489 ὲν
1144 4436 1255 4501 ἕξει
1292 4437 1393 4506 τῆς
1432 4437 1633 4509 ἀρετῆς
1680 4436 1942 4508 γινόμεθα
1964 4455 1976 4468 ο

387 4527 531 4581 τοῦτ’
565 4528 681 4581 ἔστι
702 4527 801 4598 τὴν
826 4527 959 4580 ἰδίαν
985 4526 1096 4592 ἕξιν
1116 4526 1590 4599 ἀναλαμϐάνομεν,
1613 4529 1691 4590 εἰς
1715 4528 1812 4600 τὴν
1845 4528 1979 4581 ἰδίαν

2076 3354 2352 3423 passione,
2384 3346 2498 3401 ﬁeri
2527 3359 2746 3400 servum
2768 3340 3058 3410 passionis.
3095 3336 3312 3391 Liberet
3372 3349 3476 3388 nos
3519 3331 3660 3386 Deus

2079 3462 2107 3498 a
2142 3444 2283 3497 malo
2310 3440 2523 3505 habitu,
2556 3453 2623 3492 ne
2655 3435 2813 3489 nobis
2840 3432 2985 3488 dicat
3017 3449 3030 3485 :
3061 3430 3191 3494 Qua:
3223 3428 3427 3481 utilitas
3450 3427 3506 3478 in
3535 3437 3658 3477 san-

2081 3542 2236 3611 guine
2267 3553 2414 3603 meo,
2441 3536 2563 3592 dum
2597 3528 2853 3585 descendo
2873 3530 2930 3582 in
2982 3526 3419 3593 corruptionem!
3445 3521 3469 3575 *ἒ
3518 3519 3657 3574 Prac-

2080 3609 2192 3683 dixi
2217 3626 2371 3683 vobis
2398 3638 2509 3694 quo
2550 3629 2709 3692 pacto
2765 3616 3074 3673 diﬁ‘erenter
3113 3624 3165 3669 et
3208 3612 3438 3668 diversis
3487 3609 3661 3664 modis

2083 3718 2206 3788 quis
2238 3718 2292 3771 in
2329 3716 2578 3785 habitum
2607 3711 2879 3767 deveniat.
2912 3707 3102 3776 Neque
3150 3705 3294 3760 enim
3344 3703 3438 3773 qui
3492 3703 3659 3756 semel

2083 3809 2353 3873 irascitur,
2380 3805 2580 3860 dicitur
2600 3801 2915 3866 iracundus,
2934 3806 3026 3853 aut
3047 3798 3137 3866 qui
3156 3796 3321 3849 semel
3342 3792 3660 3857 fornicatur,

2083 3900 2382 3955 foiuucator
2413 3916 2425 3949 :
2466 3909 2641 3964 neque
2668 3893 2760 3963 qui
2791 3891 2957 3946 semel
2991 3889 3302 3951 miseretur,
3324 3884 3659 3940 misericors.

2084 3989 2188 4044 Sed
2219 3998 2326 4043 tam
2355 3987 2528 4042 virtus
2559 3999 2723 4055 quam
2772 3982 3000 4045 malitia,
3049 3994 3174 4034 cum
3236 3976 3290 4031 in
3338 3991 3403 4029 ea
3436 3990 3494 4029 se
3538 3977 3663 4043 quis

2085 4082 2278 4136 crebro
2309 4078 2635 4139 exercuerit,
2663 4075 2911 4128 habitum
2942 4069 3231 4140 quemdam
3267 4069 3320 4121 in
3353 4067 3534 4120 anima
3563 4082 3646 4133 pa-

2084 4170 2187 4235 rit;
2225 4175 2278 4222 ct
2311 4167 2392 4222 sic
2433 4167 2548 4235 ipse
2599 4163 2815 4216 habitus
2854 4160 2899 4216 si
2957 4158 3134 4213 malus
3174 4156 3360 4220 fuerit,
3420 4154 3655 4208 animam

2084 4260 2393 4327 distorquet
2422 4264 2475 4309 et
2506 4254 2753 4316 cruciat;
2790 4251 2834 4305 si
2871 4250 3066 4314 bonus,
3097 4247 3151 4299 in
3207 4245 3388 4315 quiete
3443 4258 3655 4298 summa

2083 4352 2335 4405 collocat.
2364 4348 2488 4402 liae
2514 4355 2693 4400 autem
2732 4342 2915 4397 omnia
2967 4337 3240 4409 quomodo
3274 4336 3424 4398 ﬁaut,
3457 4347 3513 4389 ut
3554 4335 3649 4388 sci-

2085 4444 2208 4497 licet
2240 4442 2438 4498 virtute
2467 4439 2650 4494 anima
2697 4433 3070 4505 conquiescat,
3129 4429 3335 4483 malitia
3384 4427 3663 4483 crucietur

2083 4543 2137 4589 et
2162 4534 2391 4597 laboret,
2422 4529 2662 4585 diximus
2693 4529 2750 4583 in
2780 4524 3175 4596 superioribus.
3207 4523 3253 4574 A
3283 4531 3477 4575 natura
3513 4522 3657 4573 enim

390 4620 580 4690 ύγείαν
612 4593 1047 4689 ἐπανερχόμεθα,
1106 4593 1307 4689 ὥσπερ⁷
1330 4617 1437 4670 ἀπὸ
1466 4593 1878 4688 όφθαλμίαςέίς
1917 4620 1976 4673 τὸ

2082 4627 2237 4681 uobis
2257 4625 2401 4677 inest
2416 4623 2611 4685 virtus,
2633 4635 2807 4689 neque
2827 4618 2990 4673 deleri
3011 4615 3238 4670 omnino
3265 4622 3496 4684 possunt
3514 4613 3657 4682 jactu

390 4715 589 4766 οἰκεῖον
612 4712 750 4782 φῶς,
774 4711 806 4782 ἦ
836 4711 943 4765 ἀπὸ
961 4710 1139 4781 ἄλλης,
1157 4710 1273 4774 οἵας
1299 4710 1501 4781 δήποτε
1523 4711 1856 4782 ἀρρωστίας,
1883 4713 1976 4765 ἐπὶ

388 4804 487 4871 τὴν
517 4797 652 4858 ἰδίαν
682 4803 775 4861 καὶ
801 4802 942 4858 κατὰ
974 4801 1136 4871 φύσιν
1170 4800 1379 4869 ὑγείαν.
1414 4800 1538 4853 Ἐπὶ
1558 4800 1614 4854 δὲ
1628 4803 1726 4871 τῆς
1754 4802 1973 4865 κακίας,

389 4897 487 4971 οὐχ
508 4894 681 4959 οὕτως
714 4911 725 4924 ·
759 4893 894 4947 ἀλλὰ
929 4893 1088 4962 ξένην
1125 4893 1246 4947 τινὰ
1274 4892 1368 4945 καὶ
1386 4892 1537 4963 παρά
1566 4890 1727 4962 φύσιν
1762 4892 1977 4963 λαμϐά-

391 5005 554 5057 νομεν
594 4986 706 5052 ἕξιν
737 4986 824 5039 διὰ
856 4986 954 5055 τῆς
1002 4985 1285 5054 ἐνεργείας
1331 4983 1425 5037 τοῦ
1457 4984 1629 5038 κακοῦ
1669 5001 1681 5014 ο
1710 4987 1891 5051 οἱονεὶ,
1917 4989 1976 5040 ὲν

390 5079 503 5145 ἕξει
547 5075 845 5149 λοιμώδους
876 5075 1020 5138 τινὸς
1048 5075 1357 5147 ἀρρωστίας
1392 5076 1673 5147 γινόμεθα,
1708 5078 1794 5131 ἵνα
1834 5081 1972 5150 μήτε

386 5169 674 5228 δυνώμεθα
709 5169 788 5222 ἔτι
822 5170 1063 5233 ὑγιᾶναι,
1099 5168 1229 5223 ἄνευ
1273 5168 1482 5224 πολλῶν
1515 5170 1788 5241 δακρύων,
1816 5173 1973 5228 δυνα-

392 5265 570 5336 μένων
611 5261 827 5331 κινῆσαι
861 5260 944 5328 ἐφ’
975 5261 1121 5330 ἡμᾶς
1143 5260 1341 5325 αὐτοὺς
1371 5261 1498 5326 τοὺς
1519 5263 1846 5334 οίκτιρμοὺς
1876 5266 1971 5319 τοῦ

387 5357 648 5429 Χριστοῦ.
685 5352 895 5417 Ὥσπερ
916 5353 1010 5407 καὶ
1032 5354 1091 5406 ἐν
1108 5356 1221 5417 τοῖς
1252 5356 1582 5424 σωματικοῖς
1606 5356 1968 5427 εὑρίσκομεν.

459 5528 491 5571 γ
513 5519 660 5577 Psal.
688 5536 840 5583 xxix,
874 5515 966 5574 10.

2082 4721 2134 4773 iu
2173 4717 2332 4772 nobis
2374 4715 2638 4769 virtutum
2678 4711 2842 4783 428
2881 4709 3111 4765 semina.
3153 4706 3288 4760 Cum
3318 4706 3481 4776 igitur
3526 4706 3658 4760 bene

2077 4810 2309 4881 agimus,
2334 4807 2401 4862 ad
2423 4805 2640 4859 virtutis
2662 4803 2905 4857 habitum
2932 4800 3271 4862 devenimus,
3297 4807 3351 4851 et
3376 4796 3655 4867 proprium

2077 4909 2130 4954 et
2195 4907 2442 4954 nostrum
2474 4936 2489 4963 ,
2538 4911 2647 4950 nou
2700 4895 2939 4949 alienum
3001 4890 3245 4945 habitum
3291 4888 3655 4957 suscipimus:

2076 4992 2130 5045 iu
2166 4989 2440 5059 propriam
2475 4987 2835 5041 valetudinem
2860 4993 3021 5052 atque
3054 4980 3426 5035 habitudinem
3461 4979 3656 5030 bonam

2079 5084 2328 5153 corporis
2356 5080 2700 5146 revertimur,
2736 5086 2795 5132 ut
2824 5093 2855 5131 a
2876 5075 3119 5147 cazcitate
3146 5074 3377 5143 quadam
3431 5069 3485 5124 in
3531 5082 3643 5139 pro-

2079 5177 2257 5246 prium
2290 5175 2498 5239 lumen,
2527 5172 2610 5226 vel
2644 5187 2675 5226 a
2713 5170 2908 5240 quavis
2930 5167 3035 5223 alia
3067 5164 3385 5236 :rgritudine
3417 5162 3470 5214 in
3533 5176 3643 5229 pro-

2081 5272 2258 5339 prium
2289 5279 2343 5324 et
2367 5268 2612 5323 naturale
2642 5264 2830 5320 robur.
2860 5264 2916 5317 ln
2937 5260 3141 5315 malitia
3160 5270 3337 5313 autem
3368 5256 3509 5310 haud
3531 5254 3655 5308 licet

2082 5360 2262 5429 ipsum
2290 5358 2343 5414 id
2377 5359 2560 5413 dicere
2614 5354 2707 5412 sed
2741 5363 3012 5408 extorrem
3058 5363 3123 5403 ac
3169 5354 3367 5417 prater
3402 5354 3649 5399 naturam

1688 5631 1926 5688 VARI/8
1956 5631 2360 5689 LECTIONES.

455 5759 500 5791 ⁵·
529 5754 790 5810 Βουκκία.
827 5753 1000 5809 Faba:
1038 5748 1205 5810 vertit
1253 5749 1521 5819 interpres
1553 5765 1567 5801 :
1599 5748 1745 5805 unde
1787 5748 1933 5804 illius
1974 5748 2252 5818 exemplar
2279 5745 2778 5819 zouxiababuisse
2833 5741 3151 5819 egistimare
3202 5740 3347 5819 licet.
3373 5738 3647 5819 galerum

396 5825 644 5895 βουκκία,
674 5824 919 5895 buccellrg
950 5833 1099 5895 sunt.
1136 5824 1182 5892 ρ

1187 5806 1504 5891 uaquidem
1544 5833 1911 5891 voce_r_'ursus
1931 5819 2102 5891 utitur
2132 5806 2442 5891 borotlteus
2497 5817 2634 5891 iu_l'ra
2665 5816 2839 5891 doctr.
2878 5813 2969 5891 ει,
3003 5812 3263 5891 interrog.
3289 5811 3343 5865 8.
3373 5806 3507 5865 Vide
3541 5810 3643 5863 Lo-

399 5881 650 5951 icicrium
690 5894 781 5949 Ec.
802 5900 838 5949 ι.
873 5893 966 5950 Gr.
999 5881 1236 5951 Μοιιιῆη.
1277 5881 1407 5946 tom.
1444 5893 1484 5956 Ι,
1514 5904 1635 5961 pag.
1669 5889 1772 5943 797
1803 5889 2135 5960 etCaugium
2168 5890 2219 5943 in
2257 5888 2496 5944 (Πυθίαν.
2528 5886 2740 5942 ϐιάἐὶι.
2779 5901 2832 5937 ν.
2877 5881 3132 5954 βουακίον
