4062 6594
333 483 473 549 1747

1573 490 1635 553 S.
1676 488 2071 552 DORO'I'HEI
2109 492 2427 554 ABBATIS

3490 490 3642 557 1748

328 604 580 659 habitum
608 602 962 673 suscipimus,
984 619 1108 658 cum
1143 604 1299 659 malis
1323 603 1652 671 insistimus,
1683 615 1734 660 et
1759 606 1920 675 quasi

2062 607 2154 662 ῖίσί
2181 625 2303 662 τινα
2335 608 2605 679 βρώματα
2637 607 2918 673 ποιοῦντα,
2956 607 3181 672 ὑπόθου,
3236 607 3649 679 μελαγχολικὸν

267 728 274 732 ~
329 697 384 750 in
413 694 759 767 pestilentem
803 694 1100 765 quamdam
1140 694 1524 765 aegritudinem
1587 696 1847 751 labimur.
1879 696 1927 751 Δ

329 802 434 855 qua
470 787 821 856 postmodum
852 802 959 841 non
986 801 1282 856 possumus
1306 786 1374 841 ad
1401 789 1678 857 propriam
1717 787 1926 843 sanita-

332 886 441 933 tem
479 876 688 940 reduci,
722 878 934 947 absque
962 877 1149 932 multis
1198 877 1480 948 lacrymis,
1541 893 1667 948 quae
1706 878 1928 934 miseri-

331 967 552 1023 cordias
586 967 801 1023 Domini
836 969 889 1023 in
928 984 1031 1024 nos
1089 972 1374 1040 potuerint
1422 986 1705 1028 revocare.
1770 972 1930 1038 Quod

334 1060 478 1115 idem
512 1059 565 1113 in
598 1058 765 1114 rebus
801 1060 887 1114 his
918 1063 1204 1131 corporeis
1239 1061 1428 1117 videre
1453 1063 1602 1117 licet.
1636 1062 1733 1118 Est
1782 1064 1931 1118 enim

332 1152 564 1220 exempli
601 1151 775 1221 gratia
807 1151 1028 1221 aliquod
1061 1152 1171 1209 cibi
1206 1168 1381 1224 genus
1428 1154 1676 1211 humoris
1724 1155 1933 1210 melan-

331 1243 552 1311 cholici,
584 1245 763 1313 qualis
788 1243 1034 1300 brassica
1058 1256 1111 1302 et
1152 1247 1349 1315 lentes,
1401 1256 1456 1303 et
1507 1249 1769 1317 pleraque
1825 1247 1934 1302 alia

332 1334 735 1403 hujuscemodi,
769 1350 892 1404 qua:
938 1337 1342 1394 melancholica
1396 1347 1545 1394 sunt.
1609 1336 1728 1392 Non
1770 1337 1937 1409 igitur

329 1429 475 1499 quod
506 1429 634 1499 quis
667 1428 966 1483 brassicam
993 1429 1079 1484 vel
1106 1430 1305 1485 lentem
1349 1431 1518 1487 semel
1547 1439 1711 1501 atque
1738 1430 1936 1484 iterum

332 1522 606 1587 comedat,
640 1532 937 1592 generatur
995 1522 1048 1577 in
1094 1539 1161 1580 eo
1220 1525 1417 1580 humor
1465 1524 1938 1590 melancholicus;

2036 700 2229 771 χυμὸν,
2251 696 2362 754 οἷόν
2382 718 2435 755 τι
2460 700 2706 770 λέγω-Ἦ
2729 700 2954 772 κράμϐη
2981 700 3352 772 μελαγχολική
3376 702 3520 766 ἐστι,
3548 701 3651 755 καὶ

2036 793 2069 861 ἡ
2097 791 2271 860 φακῆ,
2314 788 2409 846 καὶ
2441 793 2579 848 ἄλλα
2619 795 2742 847 τινά
2774 791 3003 847 τοιαῦτα
3034 792 3117 845 σοι
3161 793 3315 865 παρὰ
3344 793 3406 846 τὸ
3443 795 3651 862 φαγεῖν

2034 881 2318 952 οὖνᾶπαξ,
2367 885 2681 957 ἦδεύτερον
2732 886 3013 957 κράμϐην,
3061 887 3095 957 ἢ
3129 886 3334 957 φακῆν,
3380 885 3417 956 ἡ
3445 903 3501 939 τι
3535 885 3653 939 τῶν

2034 976 2316 1041 τοιούτων,
2332 977 2542 1046 γίνεταί
2567 996 2652 1042 τις
2682 978 3078 1049 μελαγχολικὸς
3106 978 3280 1050 χυμὸς
3305 980 3428 1032 κατ’
3447 978 3646 1031 αὐτοῦ’

2042 1068 2153 1121 ἀλλ’
2179 1068 2273 1123 ἐὰν
2301 1071 2567 1144 συχνάσῃ,
2603 1072 2703 1126 καὶ
2727 1071 2899 1136 οὕτως
2918 1072 3110 1127 λοιπὸν
3131 1072 3471 1137 πλεονάζων,
3502 1071 3655 1125 κινεῖ

2042 1161 2335 1230 πυρετοὺς,
2365 1163 2462 1216 καὶ
2502 1163 2719 1217 καίουσι
2744 1165 2834 1218 τὸν
2870 1165 3065 1237 ἔχοντα
3104 1164 3328 1228 αὐτούς.
3385 1165 3550 1235 Φέρει
3585 1163 3652 1216 δέ

2042 1268 2160 1305 τινα
2196 1254 2289 1305 καὶ
2325 1255 2406 1317 εἰς
2452 1253 2622 1318 ἄλλας
2657 1256 2855 1326 μυρίας
2891 1256 3246 1327 περιστάσεις
3284 1271 3301 1287 ’
3327 1254 3504 1317 οὕτως
3550 1254 3653 1307 καὶ

2041 1341 2136 1395 ἐπὶ
2156 1342 2255 1413 τῆς
2278 1343 2481 1415 ψυχῆς,
2515 1346 2608 1399 ἐάν
2632 1364 2716 1409 τις
2738 1347 2898 1419 μείνῃ
2921 1348 3275 1419 ἁμαρτάνων.
3301 1347 3510 1417 γίνεται
3533 1345 3654 1410 ἕξις

2040 1446 2127 1495 τις
2163 1436 2383 1506 πονηρά
2411 1437 2469 1489 ἐν
2502 1439 2571 1508 τῇ
2603 1436 2774 1507 ψυχῇ,
2815 1438 2912 1491 καὶ
2945 1437 3084 1509 αὕτη
3133 1438 3251 1492 ἐστὶ
3278 1439 3311 1509 ἠ
3335 1435 3652 1500 κολάζουσα

2040 1524 2232 1596 αὐτήν.

332 1618 428 1672 sed
495 1619 541 1673 si
574 1619 834 1674 continue
880 1617 967 1672 his
1019 1629 1227 1683 utatur,
1291 1620 1351 1675 fit
1382 1621 1434 1674 in
1486 1635 1552 1675 eo
1630 1620 1952 1689 plerumque
2001 1626 2152 1673 tanta
2204 1620 2583 1680 melancholici
2637 1627 2887 1682 humoris
2945 1624 3304 1691 abundantia,
3345 1633 3407 1678 ut
3439 1621 3652 1677 febrem

334 1710 719 1780 gravissimam
773 1711 1182 1785 superiuducat,
1228 1727 1352 1781 qua:
1389 1711 1681 1765 habentem
1736 1709 1982 1780 depascit
2021 1717 2077 1763 et
2108 1710 2218 1764 urit
2253 1729 2265 1765 :
2298 1723 2466 1783 atque
2497 1715 2634 1770 alias
2696 1717 3021 1772 innumeras
3053 1716 3340 1771 molestias
3385 1729 3654 1788 nonnun_

337 1818 505 1874 quam
536 1815 950 1875 superaggerat.
992 1804 1048 1859 id
1092 1805 1270 1874 ipsum
1329 1804 1384 1857 in
1440 1804 1624 1857 anima
1652 1811 1761 1865 est,
1805 1816 1929 1872 quae
1967 1801 2295 1858 malefacere
2321 1814 2374 1859 et
2412 1821 2640 1877 peccare
2662 1810 2840 1881 pergit
2865 1829 2879 1866 :
2906 1820 3202 1881 generatur
3230 1810 3285 1864 in
3316 1824 3381 1865 ea
3428 1810 3657 1877 habitus

338 1895 537 1958 malus,
562 1910 592 1949 a
622 1911 731 1965 quo
766 1896 953 1952 infelix
985 1905 1041 1952 et
1066 1897 1268 1951 misera
1292 1895 1588 1951 cruciatur.

407 1998 617 2065 X.'Sed
644 2015 699 2061 et
729 2008 834 2063 hoc
866 2008 1046 2079 ipsum
1084 2007 1349 2063 attendite
1395 2007 1540 2077 quod
1593 2007 1737 2062 dico.
1799 2004 1937 2072 Quia
1974 2008 2012 2064 Β

339 2112 465 2152 cum
497 2097 757 2166 proclivis
786 2097 951 2153 fuerit
992 2099 1177 2153 anima
1224 2098 1279 2152 in
1335 2098 1651 2168 passionem
1696 2096 1940 2167 aliquam

340 2198 395 2243 et
430 2189 645 2251 vitium,
677 2190 723 2246 si
756 2191 924 2246 semel
953 2191 1113 2246 etiam
1150 2199 1360 2246 tantum
1396 2191 1461 2244 ad
1498 2191 1672 2260 ipsius
1705 2192 1815 2245 vitii
1860 2206 1943 2245 ac-

344 2295 458 2340 tum
482 2285 821 2354 prolabatur,
858 2284 1200 2355 periclitatur
1220 2300 1290 2338 ne
1323 2284 1378 2339 in
1431 2284 1680 2338 habitum
1725 2298 1944 2354 quoque

346 2384 490 2431 ruat.
524 2376 681 2444 Quod
718 2376 862 2431 idem
900 2392 1045 2446 saepe
1075 2377 1128 2430 in
1173 2376 1458 2442 corporeis
1507 2376 1594 2430 his
1655 2374 1940 2444 contingit.

348 2470 488 2524 Sunt
516 2472 662 2525 enim
683 2471 902 2540 plurimi
922 2471 1061 2525 adeo
1085 2470 1497 2525 melancholicae
1545 2468 1945 2540 complexionis

348 2578 413 2615 ex
452 2562 752 2631 prachabita
782 2563 928 2617 circa
957 2578 1018 2618 se
1041 2564 1192 2631 ipsos
1221 2562 1431 2616 incuria
1479 2570 1535 2615 et
1596 2560 1943 2631 negligemia,

349 2665 412 2711 ut
448 2656 609 2709 unica
640 2664 857 2710 tantum
884 2655 1151 2711 comestio
1196 2670 1381 2709 rerum
1421 2654 1945 2709 melancholicarum

350 2747 488 2804 satis
531 2748 603 2803 sit
650 2749 717 2803 ad
752 2747 1164 2818 provocandum
1214 2746 1731 2816 incemlendumque
1782 2747 1836 2801 in
1881 2761 1948 2801 eo

352 2841 639 2897 humorem
680 2851 736 2897 et
775 2840 1007 2897 febrem.
1041 2840 1224 2907 Quare
1267 2855 1407 2912 opus
1451 2849 1535 2895 est
1583 2841 1741 2896 nobis
1778 2840 1948 2894 multa

353 2934 658 3006 diligentia,
688 2934 871 2990 studio
899 2941 956 2990 et
988 2935 1211 2997 timore,
1250 2949 1320 2989 ne
1355 2935 1482 3004 quis
1526 2934 1773 2989 habitum
1820 2934 1949 2989 mali

354 3029 409 3083 in
444 3044 503 3084 se
534 3026 719 3084 faciat.
762 3027 978 3083 Credite
1002 3027 1155 3094 mihi,
1195 3026 1411 3095 fratres,
1447 3028 1641 3083 vitium
1683 3042 1845 3087 omne
1894 3028 1949 3081 in

356 3121 605 3176 habitum
642 3136 973 3177 conversum
1009 3121 1272 3193 gehennae
1303 3122 1611 3192 subjectum
1645 3132 1750 3186 est,
1777 3122 1822 3176 si
1853 3121 1950 3176 dc-

354 3217 466 3270 cies
497 3215 756 3284 cuiquam
787 3214 927 3270 bene
955 3214 1169 3284 operari
1205 3215 1509 3285 contigerit,
1541 3223 1595 3268 et
1627 3214 1796 3269 semei
1830 3223 1950 3269 tan-

356 3316 471 3362 tum
498 3322 565 3362 ex
594 3306 785 3361 habitu
814 3306 956 3361 male
987 3306 1193 3371 facere,
1227 3306 1431 3360 malum
1460 3306 1512 3359 id
1552 3306 1777 3361 unicum
1802 3304 1949 3376 quod

354 3413 422 3452 ex
455 3396 643 3453 habitu
663 3399 935 3468 procedit.
968 3406 1119 3453 tanta
1150 3398 1239 3452 illa
1274 3399 1414 3452 bona
1447 3406 1765 3467 corrumpet
1793 3398 1957 3452 etde-

357 3495 550 3541 struet.
587 3485 723 3540 Nam
757 3496 813 3541 et
854 3487 1038 3556 aquila
1103 3502 1229 3557 quae
1293 3486 1505 3556 reliquo
1553 3500 1784 3556 corpore
1819 3501 1849 3541 a
1874 3486 1957 3541 la—

356 3594 504 3649 queo
536 3578 764 3633 omnino
798 3579 968 3634 libera
993 3589 1095 3645 est,
1124 3580 1287 3633 unica
1326 3590 1505 3632 autem
1539 3581 1742 3648 ungula
1770 3579 1961 3634 deleti-

361 3682 415 3726 ta
442 3670 627 3736 fuerit,
657 3687 876 3726 omnem
908 3671 1017 3725 vim
1052 3687 1210 3727 suam
1242 3686 1312 3726 ex
1350 3686 1412 3727 ea
1439 3672 1657 3725 modica
1689 3671 1959 3743 particula

360 3777 466 3829 qua
489 3761 840 3831 praepeditum
873 3763 1095 3817 amittit.
1152 3759 1343 3816 Nonne
1372 3770 1484 3815 tcto
1516 3776 1749 3832 corpore
1781 3762 1959 3816 soluta

363 3861 417 3908 et
439 3852 631 3916 libera,
666 3852 781 3906 sola
824 3853 1026 3921 ungula
1047 3852 1368 3906 detinetur?
1400 3849 1593 3905 Nonne
1645 3862 1700 3905 et
1735 3862 1962 3906 venator

363 3960 699 4016 quacunque
766 3945 1004 4001 voluerit
1067 3945 1204 4000 hora
1254 3945 1403 3999 illam
1447 3945 1862 4014 deprehendet?
1905 3943 1961 3997 id

365 4037 545 4103 ipsum
574 4037 626 4089 in
662 4038 848 4091 anima
874 4045 982 4102 est,
1014 4053 1139 4106 qua:
1165 4036 1209 4093 si
1244 4038 1461 4091 unicam
1498 4045 1709 4091 tantum
1749 4037 1962 4107 passio~

366 4145 492 4184 nem
520 4129 860 4185 babituatam
892 4130 1169 4197 habuerit,
1187 4146 1253 4186 ex
1275 4147 1339 4185 ea
1371 4130 1617 4199 subjecta
1656 4130 1768 4200 jam
1821 4131 1963 4184 hosti

365 4223 528 4278 etiam
561 4225 812 4290 minima,
856 4224 911 4279 in
939 4224 1312 4294 captivitatem
1361 4225 1613 4279 ducetur.
1669 4224 1743 4279 Ea
1799 4223 1966 4294 igitur

366 4316 435 4371 de
469 4332 635 4372 causa
667 4318 937 4374 admoneo
967 4333 1064 4374 vos
1101 4334 1264 4387 saepe,
1287 4316 1506 4381 fratres,
1530 4334 1599 4373 ne
1620 4319 1675 4373 in
1716 4319 1962 4373 habitum

369 4410 646 4479 passionis
668 4411 777 4466 labi
819 4426 922 4466 nos
957 4413 1228 4477 sinamus,
1258 4412 1351 4465 sed
1391 4419 1451 4465 ut
1498 4411 1617 4467 dies
1665 4420 1966 4483 noctesque

369 4504 514 4559 circa
550 4519 650 4558 nos
677 4505 985 4575 vigilemus,
1043 4520 1412 4576 rogemusque
1437 4503 1752 4571 Dominum,
1788 4521 1857 4559 ne
1880 4505 1967 4558 in-

370 4597 621 4652 dicamus
651 4596 707 4651 in
744 4597 1125 4653 tentationem.
1161 4596 1228 4652 Et
1258 4598 1304 4653 si
1334 4606 1394 4651 ut
1443 4597 1695 4652 homines
1735 4613 1967 4668 supcra-

2116 2010 2176 2063 l'.
2217 2008 2366 2081 Πλὴν
2404 2011 2489 2065 ἵνα
2519 2011 2667 2085 ἴδῃτε
2717 2016 2813 2068 καὶ
2859 2015 3040 2083 τοῦτο,
3074 2017 3156 2071 ὅτι
3188 2015 3337 2070 ἔστιν
3374 2016 3465 2070 ὅτε
3498 2016 3657 2089 εὑρί-

2047 2121 2240 2157 σκεται
2268 2106 2592 2177 ὲπιρῤεπῶς
2622 2107 2826 2180 ἔχουσα
2853 2108 3003 2182 ψυχὴ
3040 2109 3171 2180 περὶ
3214 2109 3408 2174 πάθος,
3432 2111 3529 2165 καὶ
3555 2111 3658 2165 ἐὰν

2045 2194 2193 2260 ἅπαξ
2244 2196 2407 2266 μόνον
2464 2199 2685 2270 ἐμπέσῃ
2727 2200 2807 2263 είς
2854 2200 3140 2271 ἐνέργειαν
3182 2198 3397 2258 ἐκείνου
3420 2202 3514 2256 τοῦ
3543 2204 3657 2257 πά-

2046 2289 2194 2355 θους,
2233 2291 2536 2346 κινδυνεύει
2585 2292 2789 2357 εὐθέως
2829 2294 2911 2358 είς
2953 2294 3068 2359 ἕξιν
3107 2294 3321 2348 ἐλθεῖν·
3355 2295 3417 2349 τὸ
3442 2297 3488 2349 δ’
3519 2294 3656 2349 αὐτὸ

2046 2382 2141 2435 καὶ
2164 2384 2221 2433 ἐν
2247 2385 2360 2446 τοῖς
2383 2386 2723 2455 σωματικοῖς
2751 2383 3062 2455 συμϐαίνει·
3097 2385 3426 2457 Εὑρίσκεταί
3446 2404 3532 2450 τις
3552 2404 3656 2458 μευ

2046 2473 2525 2546 λαγχολικωτέρας
2577 2476 2831 2546 κράσεως
2897 2477 3009 2531 ἀπὸ
3065 2477 3453 2550 προλαϐούσης
3504 2479 3659 2543 τινὸς

2048 2566 2335 2636 ἀμελείας,
2369 2569 2463 2621 καὶ
2486 2567 2712 2623 δύναται
2736 2569 2922 2640 σχεδὸν
2946 2572 3041 2624 καὶ
3074 2571 3172 2641 μία
3201 2570 3405 2642 βρῶσις
3427 2570 3654 2641 τοιαύτη

2050 2657 2257 2721 εὐθέως
2296 2657 2545 2730 ἐρεθίσαι
2591 2660 2687 2713 καὶ
2730 2659 2929 2730 ἐξάψαι
2959 2662 3082 2715 κατ’
3124 2660 3292 2715 αὖτοῦ
3325 2663 3416 2715 τὸν
3456 2662 3654 2733 χυμόν.

2051 2753 2259 2823 Πολλῆς
2300 2749 2393 2807 οὖν
2437 2754 2655 2825 νήψεως
2715 2753 2811 2807 καὶ
2870 2755 3111 2818 σπουδῆς
3148 2755 3246 2808 καὶ
3277 2753 3445 2824 φόϐου
3471 2754 3656 2826 χρεία,

2052 2846 2137 2900 ἴνα
2167 2846 2241 2916 μὴ
2276 2847 2493 2919 ἐμπέσῃ
2519 2864 2601 2910 τις
2624 2847 2706 2910 εἰς
2752 2846 2930 2918 κακὴν
2952 2845 3065 2912 ἕξιν
3091 2862 3105 2875 ·
3138 2846 3472 2900 πιστεύσατε
3505 2847 3662 2901 ἀδελ-

2054 2936 2143 3003 φοὶ
2168 2935 2249 2987 ὅτι
2285 2933 2343 2987 ἓν
2371 2935 2564 2997 πάθος,
2601 2934 2697 2987 ἐάν
2747 2934 2862 3005 ἔχει
2902 2951 2987 2998 τις
3023 2935 3159 2988 δέκα
3203 2934 3345 2989 καλὰ
3393 2934 3532 3006 ἔργα
3564 2936 3663 2990 καὶ

2052 3025 2110 3078 ἓν
2177 3026 2346 3079 κακῦν
2411 3029 2469 3079 ὲν
2522 3025 2656 3093 ἕξει,
2720 3026 2818 3079 καὶ
2878 3026 3223 3096 περιγίνεται
3290 3027 3468 3080 ἐκεῖνο
3509 3026 3572 3080 τὸ
3594 3026 3655 3080 ἓν

2055 3119 2162 3172 ἀπὸ
2187 3121 2363 3188 κακῆς
2385 3117 2553 3183 ἕξεως
2585 3118 2893 3189 γινόμενον,
2915 3118 3022 3171 τῶν
3049 3118 3183 3171 δέκα
3218 3117 3422 3172 καλῶν.
3446 3119 3662 3189 Ὥσπερ

2056 3214 2166 3282 γὰρ
2194 3213 2221 3264 ὁ
2254 3211 2412 3273 ἀετὸς
2442 3209 2537 3263 ἐὰν
2567 3208 2690 3272 ὅλος
2740 3206 2984 3281 ὲξηλήσῃ
3025 3207 3126 3277 τῆς
3164 3208 3414 3277 παγίδος,
3460 3205 3661 3284 εὑρεθῇ

1984 3349 2030 3410 C
2065 3302 2226 3373 μόνος
2260 3305 2287 3356 ὁ
2313 3300 2441 3366 ὄνυξ
2469 3299 2635 3354 αὐτοῦ
2657 3299 2962 3371 δεδεμένος,
3007 3299 3096 3354 διὰ
3135 3300 3230 3353 τοῦ
3281 3296 3484 3371 μικροῦ
3522 3299 3666 3353 ὲκείς

2064 3415 2156 3450 νον
2202 3394 2604 3450 καταϐάλλεται
2653 3392 2751 3465 ὅλη
2802 3395 2835 3463 ἡ
2883 3392 3116 3464 δύναμις
3162 3393 3367 3447 αὐτοῦ·
3414 3392 3517 3446 κᾶν
3558 3391 3665 3465 γὰρ

2064 3488 2187 3550 ὅλος
2211 3487 2409 3557 εὑρεθῇ
2437 3485 2566 3555 ἔξω,
2606 3486 2769 3555 μόνος
2797 3482 2854 3536 δὲ
2876 3484 2905 3534 ό
2939 3482 3068 3548 ὄνυξ
3102 3482 3269 3536 αὐτοῦ
3315 3482 3550 3544 δέδεται,
3590 3482 3666 3554 μὴ

2066 3582 2167 3635 οὐκ
2201 3580 2351 3633 ἐστιν
2386 3580 2480 3633 ἐπὶ
2529 3579 2631 3650 τὴν
2687 3578 2933 3647 παγίδα;
2977 3577 3077 3647 οὐχ
3123 3577 3239 3630 οἵαν
3274 3575 3425 3646 ὥραν
3473 3573 3668 3629 θέλειὸ

2066 3672 2346 3743 ἁγρεύσας
2376 3670 2706 3725 καταϐάλλει
2731 3670 2932 3737 αὑτόν;
2970 3668 3159 3733 Οὕτως
3187 3666 3336 3721 ἐστὶν
3376 3665 3476 3721 καὶ
3503 3667 3538 3737 ἠ
3565 3666 3670 3735 dm.

2068 3766 2159 3836 χὴ,
2195 3764 2254 3817 ἒν
2284 3764 2444 3833 μόνον
2472 3762 2644 3826 πάθος
2674 3761 2771 3816 ἐὰν
2804 3762 2906 3836 ἔχῃ
2946 3763 3003 3815 ὲν
3026 3758 3161 3825 ἕξει,
3202 3760 3321 3814 οἵαν
3354 3758 3506 3832 ὥραν
3540 3757 3670 3833 δόξῃ

2067 3855 2146 3927 τῷ
2173 3854 2374 3927 ἐχθρῷ,
2402 3854 2735 3911 καταϐάλλει
2774 3852 2968 3923 αὐτήν.
3004 3849 3162 3922 Ἔχει
3182 3849 3294 3922 γάρ
3330 3849 3505 3919 αὐτὴν
3536 3849 3673 3902 ὐπο-

2069 3948 2278 4020 χείριον
2333 3944 2521 4009 αὑτοῦ,
2572 3945 2662 3999 διὰ
2700 3943 2795 3998 τοῦ
2843 3941 3051 4008 πάθους
3092 3942 3324 3997 ἐκείνου,
3370 3939 3473 3994 Διὰ
3513 3939 3674 3994 τοῦτο

2071 4043 2159 4096 ἀεὶ
2192 4041 2340 4108 λέγω
2372 4040 2533 4110 ὑμῖνθ
2561 4038 2654 4111 Μὴ
2699 4039 2901 4109 ἐάσητε
2955 4036 3130 4100 πάθος
3165 4035 3393 4106 ποιῆσαι
3438 4035 3498 4087 ἐν
3543 4034 3673 4105 ὑμῖν

2071 4136 2184 4203 ἓξιν
2212 4153 2226 4167 ο
2257 4135 2369 4189 ἀλλ’
2402 4135 2490 4189 ἵνα
2536 4130 2938 4204 ἀγωνιζώμεθα
2982 4130 3229 4199 δεόμενοι
3262 4128 3358 4181 τοῦ
3405 4126 3544 4181 Θεοῦ
3590 4144 3676 4182 νυ-

2072 4230 2203 4294 κτὸς
2236 4229 2333 4283 καὶ
2356 4228 2569 4299 ἡμέρας
2617 4225 2693 4297 μὴ
2730 4225 2995 4296 ἐμπεσεῖν
3037 4223 3120 4286 εἰς
3159 4220 3489 4293 πειρασμόν.
3522 4222 3586 4274 Εἰ
3616 4219 3675 4273 δὲ

2073 4323 2168 4377 καὶ
2206 4320 2555 4392 ήττηθῶμεν,
2590 4317 2665 4380 ὠς
2704 4315 3008 4386 ἄνθρωποι,
3062 4317 3156 4367 καὶ
3189 4312 3571 4384 ὀλισθήσωμεν
3595 4315 3676 4377 είς

2074 4418 2344 4485 πταῖσμα,
2410 4409 2807 4480 σπονδάσωμεν
2879 4406 3081 4469 εὐθέως
3131 4406 3456 4474 ἀναστῆναι,
3507 4420 3676 4474 μετα⁶

2074 4508 2361 4578 νοήσωμεν
2389 4505 2530 4576 ὑπὲρ
2568 4501 2734 4557 αὑτοῦ
2755 4519 2768 4532 ·
2806 4498 3133 4570 κλαύσωμεν
3165 4497 3397 4551 ἐνώπιον
3420 4496 3521 4562 τῆς
3542 4499 3677 4565 ἁγα-

2076 4603 2301 4672 θότητος
2326 4598 2422 4653 τοῦ
2447 4595 2605 4651 Θεοῦ·
2638 4593 3101 4667 γρηγορήσωμεν,
3131 4588 3552 4679 ἁγωνισῲμεθα·
3582 4588 3677 4643 καὶ

372 4705 498 4743 mur
531 4698 579 4743 et
607 4688 846 4744 labimur
876 4690 1149 4746 interdum
1182 4690 1235 4746 in
1268 4699 1577 4761 peccatum,
1638 4690 1952 4746 studeamus

2069 4709 2098 4763 ὁ
2128 4697 2260 4761 Θεὸς
2289 4694 2506 4766 βλέπων
2541 4688 2639 4761 τὴν
2665 4686 2988 4759 προαίρεσιν
3016 4683 3199 4755 ἡμῶν,
3225 4684 3322 4736 καλ⁵
3356 4683 3453 4754 τὴν
3482 4682 3677 4735 ταπεί-

371 4783 558 4837 statim
595 4798 882 4852 resurgere
921 4785 1241 4854 paenitentia
1297 4795 1353 4840 et
1410 4784 1670 4856 lacrymis
1723 4783 1967 4855 profusis

375 4877 429 4930 in
454 4886 751 4946 conspectu
795 4878 995 4933 divinae
1048 4880 1309 4936 bonitatis
1357 4888 1414 4936 et
1468 4880 1796 4944 clementiae,
1844 4898 1971 4937 nec-

2079 4812 2245 4854 νωσιν
2276 4789 2455 4865 ἡμῶν,
2483 4785 2577 4840 καὶ
2598 4782 2697 4854 τὴν
2725 4778 3020 4850 συντριϐὴν
3054 4780 3085 4848 ἡ
3097 4777 3234 4848 μῶν,
3278 4776 3509 4848 παρέχει
3528 4778 3680 4845 .ήμῖν

2078 4891 2239 4961 χεῖρα
2262 4883 2358 4938 καὶ
2389 4881 2533 4935 ποιεῖ
2560 4877 2620 4930 τὸ
2649 4874 2797 4936 ἕλεος
2822 4869 2989 4925 αὐτοῦ
3018 4869 3136 4942 μεθ’
3159 4868 3340 4942 ἡμῶν.
3376 4869 3570 4940 Ἀμήν.

374 4984 485 5023 non
531 4970 695 5023 etiam
748 4986 848 5040 pro
906 4971 1046 5024 virili
1116 4983 1270 5042 parte
1334 4985 1663 5044 pugnantes.
1731 4973 1809 5029 ita
1858 4991 1982 5031 cum
2026 4980 2332 5053 respexerit
2384 4974 2526 5029 Deus
2581 4968 2941 5025 intentionem
2993 4973 3260 5055 nostram,
3293 4962 3680 5026 humilitatem,

376 5061 783 5127 contritionem,
853 5064 1091 5135 porriget
1124 5065 1284 5120 nobis
1322 5081 1570 5133 manum,
1621 5077 1674 5123 ct
1708 5068 1869 5125 faciet
1907 5073 2193 5132 nobiscum
2233 5066 2689 5130 misericordiam.
2730 5061 2925 5115 Amen.

916 5155 1270 5297 DOCTRTNA
1299 5240 1417 5296 XII.

385 5377 461 5432 De
483 5378 669 5435 timore
706 5390 753 5435 et
784 5383 949 5454 poenis
974 5380 1171 5450 inferni
1198 5398 1216 5446 ;
1239 5382 1441 5453 etquod
1474 5400 1591 5437 eum
1620 5386 1709 5454 qui
1773 5388 1979 5442 salvari
2080 5369 2221 5454 Περὶ
2254 5366 2362 5421 τοῦ

454 5453 617 5517 cuoit,
648 5468 751 5506 non
777 5453 958 5507 deceat
1001 5455 1116 5507 sine
1136 5470 1266 5507 cura
1324 5470 1438 5509 suae
1493 5453 1686 5509 salutis
1719 5458 1902 5511 vivere.

457 5672 502 5726 l.
529 5670 666 5726 Cum
698 5672 938 5741 podagra
957 5671 1289 5736 laborarem,
1328 5672 1402 5727 ita
1436 5682 1493 5728 ut
1516 5673 1637 5742 ejus
1691 5674 1881 5730 dolore
1901 5675 1976 5728 le-

391 5772 477 5817 rto
499 5761 905 5827 decumberem,
935 5763 1216 5819 venientes
1237 5763 1305 5818 ad
1341 5778 1428 5818 me
1447 5779 1479 5819 e
1507 5762 1771 5820 fratribus
1800 5765 1976 5836 pluri—

396 5854 466 5907 mi
498 5852 709 5907 visendi
746 5857 940 5926 gratia,
1010 5856 1277 5926 rogabant
1338 5863 1399 5909 ut
1451 5856 1661 5913 doloris
1722 5857 1890 5931 429
1929 5868 1983 5913 et

395 5943 733 6015 aegritudinis
760 5963 895 6003 meae
933 5963 1155 6004 causam
1223 5947 1684 6024 manifestarem:
1730 5952 1862 6017 duo,
1924 5960 1977 6005 ut

2605 5222 3025 5281 ΔΙΔΑΣΚΛΛΙΑ
3054 5221 3149 5275 IB'.
3188 5291 3193 5295 η

2407 5364 2598 5434 φόϐου
2647 5360 2757 5429 τῆς
2804 5360 3162 5434 μελλούρ-ης
3218 5354 3683 5434 κοέᾴσεωςηκαι

2151 5425 2241 5494 ὅτι
2280 5425 2551 5507 gmw-tor
2599 5425 2856 5507 ᾁέλρήα
2899 5427 3189 5507 σωθῆνᾳι,
3212 5425 3519 5498 μηδέποτε
3543 5426 3684 5495 ἁμε-

2140 5499 2531 5577 ριιινῇνπερὶ
2557 5503 2661 5573 τῆς
2694 5503 2851 5568 ίδιάς
2891 5499 3212 5567 σωτηρίας.

2159 5671 2236 5722 Av.
2286 5665 2372 5717 Ἐν
2419 5660 2498 5732 τῷ
2542 5660 2729 5728 ἀλγεῖν
2774 5672 2842 5727 με
2894 5656 3024 5718 τοὺς
3065 5652 3251 5717 πόδας,
3304 5651 3399 5707 καὶ
3437 5651 3687 5706 ἀσθενεῖν

2090 5761 2149 5828 ἑξ
2214 5756 2398 5814 αὐτῶν
2433 5796 2449 5819 ,
2503 5751 2649 5816 τινὲς
2716 5750 2827 5805 τῶν
2884 5746 3219 5804 ἀνελθόντων
3286 5744 3688 5814 ἐπισκέψασθαι

2092 5870 2159 5924 με
2225 5849 2509 5917 ἀδελφῶν,
2565 5847 2797 5918 ἠρώτων
2856 5842 2945 5897 ἶνα
3002 5841 3144 5895 εἴπω
3209 5838 3395 5903 αὐτοῖς
3439 5837 3539 5908 τὴν
3583 5840 3689 5893 αι.

2090 5948 2213 6001 τίαν
2277 5943 2376 6016 τῆς
2424 5941 2583 5996 νόσου
2625 5957 2637 5969 ·
2670 5938 2767 5993 δύο
2795 5939 2866 6003 ὼς
2900 5935 3111 6007 νομίζω
3142 5932 3685 6005 πραγματευόμενοι,
