4062 6480
353 441 498 508 1749
1729 446 1971 508 DOCTR

2079 445 2115 504 λι
2144 446 2278 507 ΧΠ.
3516 438 3653 505 1750

352 562 421 613 τὴ
451 564 959 634 παραμυθήσασθαί
988 583 1055 637 με
1082 566 1278 637 μικρὸν
1314 567 1628 635 ἀπαγαγεῖν
1658 569 1722 620 ὲκ
1743 564 1836 619 τοῦ
1866 564 1961 616 πό-

2079 565 2327 629 irbitror,
2357 580 2425 620 ex
2448 565 2553 621 hoc
2583 562 2804 631 facturi,
2835 571 2888 618 et
2922 577 3008 617 me
3051 561 3308 616 afﬂictum
3360 575 3424 614 ex
3466 559 3654 617 dolore

352 668 476 715 νου,
532 655 630 708 καὶ
652 656 712 708 τὸ
738 655 923 710 δοῦναι
958 657 1214 729 ἀφορμὴν
1254 657 1484 727 λαλῆσαι
1514 658 1700 721 αὐτοῖς
1726 675 1780 711 τι
1829 659 1975 729 περ).Δ

2079 658 2397 711 :onsolaturi
2431 672 2495 711 ac
2523 656 2850 720 recreaturi,
2887 664 2940 709 et
2974 654 3107 709 mihi
3140 652 3244 722 ipsi
3301 650 3652 706 occasionem
3746 716 3754 725 .

352 736 642 802 ἀφελείας.
708 739 849 791 Ἀλλ’
890 723 1079 810 ἐπειδῆ
1109 723 1183 793 τοῦ
1230 723 1532 812 συνεχώρει
1591 759 1680 812 μοι
1724 743 1752 794 ὁ
1800 723 1975 805 πόνος⁴

2079 750 2459 820 nateriamque
2497 750 2700 816 daturi,
2757 759 2818 805 ut
2867 747 2975 803 illis
3035 744 3241 814 aliquid
3300 742 3553 797 utilitatis
3603 750 3655 795 et

352 825 596 897 λαλῆσαι
641 828 770 898 ὑμῖν
818 830 870 882 εἴ
903 848 957 883 τι
1016 830 1208 901 ἦθελον
1243 832 1385 898 τότε,
1441 832 1604 904 χρεία
1641 833 1788 885 ἐστὶν
1834 832 1960 904 ἄρτι

355 916 596 970 ἀκοῦσαι
657 920 784 989 περὶ
835 920 1024 974 τούτου
1076 939 1089 953 ι
1161 922 1277 976 ἔστι
1336 924 1446 995 γὰρ
1487 923 1582 977 καὶ
1642 923 1856 995 τερπνὴ
1924 924 1958 994 ὴ

357 1006 620 1078 διήγησις
644 1010 745 1079 τῆς
776 1010 1011 1080 θλίψεως
1048 1015 1186 1083 μετὰ
1221 1014 1318 1086 τὴν
1369 1013 1569 1085 θλίψιν.
1604 1017 1717 1070 Καὶ
1751 1019 1831 1079 εἰς
1862 1014 1964 1085 τὴν

360 1095 668 1162 θάλασσαν.
723 1103 813 1155 ὅτε
871 1105 1226 1175 ἐπεγείρεται
1292 1104 1467 1176 ζάλη,
1537 1107 1623 1161 ἀεὶ
1686 1108 1963 1161 θλίϐονται

360 1191 571 1255 πάντες
598 1210 612 1223 ·
669 1195 808 1264 μετὰ
837 1196 899 1249 τὸ
928 1197 1216 1268 παρελθεῖν
1250 1200 1349 1271 τὴν
1389 1199 1583 1269 ζάλην,
1623 1200 1761 1271 μετά
1791 1201 1966 1271 χαρᾶς

361 1284 457 1338 ἀεὶ
498 1286 817 1356 διηγοῦνται
865 1289 1113 1361 ἀλλήλοις
1169 1292 1496 1363 τερπόμενοι
1540 1292 1611 1346 τὰ
1658 1290 1964 1362 συμϐάντα.

363 1376 486 1431 Καὶ
517 1378 683 1431 καλόν
739 1381 909 1447 ἐστιν,
955 1381 1197 1451 ἀδελφοὶ,
1251 1384 1436 1445 καθὼς
1483 1385 1569 1437 ἀεὶ
1619 1383 1765 1450 λέγω
1816 1383 1966 1453 ὑμῖν,

364 1467 606 1524 ἕκαστον
635 1471 871 1543 πρᾶγμα
910 1474 1001 1527 ἐπὶ
1037 1473 1130 1527 τὸν
1163 1474 1296 1529 Θεὸν
1328 1474 1550 1543 ἀνάγειν
1570 1516 1587 1541 ,
1618 1475 1711 1529 καὶ
1744 1474 1923 1543 λέγειν
1953 1512 1967 1533 ,

364 1559 455 1613 ὅτι
508 1562 666 1625 ἐκτὸς
724 1564 818 1618 τοῦ
877 1563 1011 1618 Θεοῦ
1069 1566 1222 1619 οὐδὲν
1284 1566 1514 1637 γίνεται·
1558 1568 1695 1621 ἀλλὰ
1753 1568 1971 1630 πάντως

365 1650 545 1716 οὕτως
577 1649 718 1707 οἶδεν
751 1658 778 1709 ὁ
804 1657 935 1723 Θεὸς
968 1659 1048 1713 ὅτι
1080 1659 1243 1712 καλόν
1269 1661 1384 1712 ἐστι
1413 1661 1509 1715 καὶ
1541 1660 1844 1732 συμφέρον,
1878 1661 1972 1713 καὶ

365 1739 546 1806 οὕτως
604 1743 830 1813 ἐποίησε
898 1763 911 1777 ·
961 1746 1065 1800 κᾶν
1114 1745 1211 1819 ἔχῃ
1257 1746 1461 1810 ἔξωθεν
1508 1747 1689 1800 αἰτίαν
1741 1745 1863 1799 τινὰ
1912 1746 1974 1799 τὸ

365 1836 605 1906 πρᾶγμα
641 1857 650 1865 ·
689 1832 800 1892 οἷόν
825 1857 877 1892 τι
902 1838 1076 1909 λέγω·
1126 1840 1428 1911 Ἐδυνάμην
1460 1841 1651 1903 εἰπεῖν,
1684 1841 1764 1893 ὅτι
1788 1838 1974 1908 ἐπειδὴ

2058 841 2436 897 rediiicationis
2456 842 2524 897 de
2552 857 2703 897 more
2755 853 3106 909 exponerem.
3138 835 3245 891 Sed
3271 834 3526 905 quoniam
3548 850 3652 886 non

2062 932 2312 1002 permisit
2350 947 2438 986 me
2465 932 2622 986 dolor
2654 930 2758 985 fari
2789 944 2911 999 qua:
2945 929 3165 992 vellem,
3194 940 3375 994 operae
3421 926 3653 994 pretium

2051 1022 2166 1097 erit
2188 1022 2409 1077 nuncde
2428 1022 2545 1092 ipso
2557 1022 2745 1076 dolore
2791 1020 2997 1090 aliquid
3018 1019 3223 1074 dicere.
3242 1016 3492 1070 Iucunda
3512 1015 3655 1069 enim

2063 1130 2184 1170 esse
2209 1114 2346 1170 solet
2364 1114 2674 1170 aﬂlictionis
2695 1126 2746 1170 et
2769 1114 2995 1183 periculi
3015 1121 3139 1182 post
3156 1110 3459 1181 periculum
3480 1110 3658 1177 ipsum

2065 1208 2332 1263 narratio.
2368 1205 2433 1261 Et
2471 1207 2681 1261 inmari
2706 1206 2924 1276 quidem
2961 1219 3086 1258 cum
3121 1212 3285 1258 aestus
3308 1201 3490 1265 fuerit,
3526 1200 3660 1252 allii-

2068 1307 2271 1370 guutur
2303 1312 2496 1353 omnes
2526 1306 2790 1367 quotquot
2819 1296 2872 1349 in
2895 1295 3018 1349 navi
3046 1292 3273 1359 fuerint;
3305 1307 3428 1346 cum
3479 1299 3655 1342 autem

2072 1389 2444 1458 tranquillitas
2471 1389 2717 1452 redierit,
2750 1387 2855 1440 laeti
2885 1400 3077 1439 omnes
3126 1384 3268 1439 inter
3322 1397 3382 1438 se
3429 1391 3661 1435 narrant

2071 1480 2413 1550 tempestatis
2442 1480 2752 1534 horrorem.
2779 1477 3057 1547 Optimum
3094 1482 3198 1539 est,
3246 1472 3467 1533 fratres,
3514 1470 3657 1539 quod

2073 1588 2159 1627 me
2189 1572 2517 1643 plerumque
2539 1572 2696 1627 vobis
2750 1569 2974 1625 memini
3027 1567 3257 1631 dixisse,
3299 1574 3355 1618 ut
3395 1562 3658 1633 quidquid

2073 1665 2235 1721 nobis
2268 1647 2533 1731 evenerit,
2559 1664 2612 1718 id
2647 1664 2823 1734 ipsum
2855 1662 2922 1717 ad
2961 1660 3132 1716 Deum
3153 1657 3301 1713 illico
3333 1654 3656 1716 referamus,

2074 1755 2435 1825 dicamusque
2464 1754 2601 1808 nihil
2636 1753 2751 1808 ﬁeri
2779 1753 2988 1822 absque
3020 1755 3159 1803 nutu
3187 1755 3241 1803 et
3270 1743 3550 1800 voluntate
3579 1741 3662 1795 di—

2077 1846 2225 1912 vina,
2251 1845 2805 1917 praecognovisseque
2859 1842 3033 1896 Deum
3091 1839 3144 1894 id
3203 1836 3365 1892 nobis
3414 1832 3663 1889 futurum

366 1926 577 1997 ἔφαγον
622 1931 759 2001 μετὰ
792 1928 977 1996 ξένων,
1014 1934 1111 1985 καὶ
1157 1934 1351 2005 μικρὸν
1394 1932 1704 2004 ἐϐιασάμην
1738 1933 1855 2003 μετ’
1877 1933 1974 1985 αὺ-

2079 1938 2228 2004 utile,
2265 1945 2430 2007 atque
2458 1936 2593 1991 adeo
2620 1935 2963 2006 permisisse,
2998 1932 3216 1988 etiamsi
3249 1945 3336 1985 res
3385 1929 3503 1999 ipsa
3534 1942 3664 1981 cau-

365 2018 482 2072 τῶν
511 2019 600 2073 διὰ
638 2019 698 2074 τὺ
731 2021 1045 2076 ἀναπαῦσαι
1076 2022 1295 2088 αὐτοὺς,
1326 2022 1598 2095 ἐϐαρύνθη
1629 2024 1657 2075 ὁ
1696 2022 1966 2093 στόμαχός

375 2130 502 2183 μου,
532 2113 626 2165 καὶ
657 2114 875 2182 ἐγένετο
908 2117 1133 2189 σύρροια
1167 2117 1248 2179 εἰς
1273 2115 1366 2170 τὸν
1398 2116 1533 2169 πόδα
1567 2133 1690 2186 μου,
1712 2115 1968 2168 κάκεῖθεν

372 2205 781 2278 ἑρευματίσθην
812 2225 824 2237 ·
860 2208 892 2278 ἢ
931 2209 1025 2261 καὶ
1057 2209 1222 2272 ἄλλας
1244 2208 1534 2279 διαφόρους
1554 2210 1749 2271 αἰτίας·
1779 2209 1839 2261 οὐ
1860 2207 1972 2260 λεί-

371 2313 538 2349 πουσι
584 2297 694 2370 γὰρ
743 2297 822 2369 τῷ
855 2300 1085 2354 θέλοντι.
1136 2300 1298 2354 Ἀλλά
1328 2300 1390 2352 τὸ
1437 2300 1829 2372 ἀκριϐέστερον
1878 2301 1971 2354 καὶ

367 2388 676 2459 ὠφέλιμον,
754 2390 914 2444 τοῦτο
964 2391 1166 2462 μᾶλλόν
1222 2393 1404 2457 ἐστιν,
1457 2392 1541 2445 ὅτι
1606 2391 1778 2455 οὕτως
1833 2387 1973 2445 οἶδεν

369 2478 582 2544 ὀΘεος,
634 2481 717 2533 ὅτι
765 2482 1039 2554 συμφέρει
1093 2484 1159 2553 τῇ
1226 2481 1371 2553 ψυχῇ
1434 2498 1577 2553 μου,
1645 2481 1739 2535 καὶ
1801 2480 1974 2545 οῦτως

370 2566 631 2635 ὲγένετο’
658 2568 812 2622 οὐδὲν
851 2569 961 2641 γάρ
999 2571 1149 2623 ἐστιν
1183 2563 1257 2623 ὧν
1299 2571 1501 2623 ποιεῖὸ
1535 2569 1690 2633 Θεὸς,
1722 2571 1751 2623 ὅ
1791 2588 1844 2623 τι
1876 2573 1976 2625 οὐκ

373 2659 494 2712 ἐστι
522 2659 706 2722 καλὸν,
750 2660 887 2715 ἀλλὰ
918 2663 1100 2715 πάντα
1136 2662 1278 2716 καλὰ
1310 2662 1451 2716 λίαν.
1509 2662 1585 2715 Οὐ
1617 2663 1696 2715 δεῖ
1718 2658 1812 2716 οῦν
1855 2681 1977 2718 τινα

372 2750 612 2819 ἀθυμεῖν
678 2750 772 2804 ἐπὶ
838 2754 950 2815 τοῖς
1018 2752 1412 2823 συμϐαίνουσιν
1471 2767 1489 2782 ⁶
1559 2752 1696 2807 ἀλλὰ
1759 2753 1974 2820 πάντα,

372 2843 454 2906 ὡς
499 2837 675 2907 εἷπον,
739 2844 833 2896 ὲπὶ
878 2845 977 2915 τὴν
1033 2846 1291 2916 πρόνοιαν
1342 2842 1434 2899 τοῦ
1498 2846 1633 2900 Θεοῦ
1683 2836 1977 2919 ἀναφέρειν

374 2937 473 2989 καὶ
541 2934 940 2991 ἀναπαύεσθαι.
1010 2938 1130 2991 Εἰσί
1196 2955 1341 3003 τινες
1420 2940 1499 3002 εἰς
1559 2939 1813 2994 τοσοῦτον
1886 2942 1979 2995 ἐπὶ

372 3029 500 3090 ταῖς
570 3027 1002 3097 συμϐαινοῦσαις
1074 3029 1287 3098 θλίψεσι
1374 3030 1791 3103 βαρυνόμενοι.,
1837 3033 1978 3087 ὥστε

374 3121 470 3171 καὶ
527 3118 700 3192 αὐτὴν
725 3121 824 3189 τὴν
861 3119 1008 3192 ζωὴν
1049 3121 1440 3190 ἀπολέγεσθαι,
1484 3125 1579 3176 καὶ
1622 3124 1794 3193 ἡδέως
1834 3124 1978 3196 ἔχειν

370 3211 470 3266 τοῦ
503 3211 819 3278 ἀποθανεῖν,
850 3214 925 3278 ὡς
945 3213 1033 3268 διὰ
1071 3215 1230 3269 τοῦτο
1269 3215 1653 3287 ἀπαλλαγῆναι
1683 3233 1696 3248 ·
1738 3217 1894 3271 τοῦτο
1921 3219 1977 3273 δὲ

2070 2042 2184 2082 sam
2216 2028 2453 2097 aliquam
2513 2026 2853 2103 exteriorem
2911 2024 3113 2078 habere
3152 2021 3445 2076 videretur.
3509 2016 3664 2083 Quod

2069 2120 2523 2190 exemplo_nostro
2540 2119 2742 2174 clarius
2758 2118 2881 2172 erit.
2908 2116 3130 2170 Possem
3161 2128 3261 2184 ego
3285 2125 3432 2165 nunc
3460 2110 3663 2168 dicere,

2069 2212 2217 2281 quod
2250 2227 2317 2267 ex
2336 2227 2445 2282 quo
2482 2210 2706 2266 advenis
2751 2209 2837 2264 his
2873 2208 3082 2264 nostris
3123 2205 3350 2260 conviva
3403 2201 3500 2263 fui,
3554 2214 3669 2254 me-

2073 2319 2180 2373 que
2209 2304 2386 2375 ipsum
2408 2301 2639 2358 invitum
2670 2300 2735 2356 ad
2765 2300 2948 2355 cibum
2979 2299 3130 2369 coegi
3167 2307 3226 2351 ut
3283 2295 3404 2349 illos
3453 2306 3665 2346 recrea—

2074 2411 2212 2463 rem,
2242 2395 2533 2451 stomacho
2573 2402 2904 2465 aggravatus
2942 2406 3088 2456 sum,
3123 2398 3175 2444 et
3208 2389 3441 2442 humore
3476 2386 3530 2437 in
3571 2396 3667 2452 pc-

2075 2490 2197 2544 dem
2230 2489 2523 2554 defluente,
2555 2490 2681 2542 hinc
2707 2487 2990 2542 cruciatus
3022 2480 3325 2561 etaffectus
3351 2489 3461 2532 tam
3513 2474 3666 2545 gravi

2077 2580 2267 2635 dolore
2300 2595 2422 2634 sum
2445 2596 2459 2646 ;
2487 2586 2653 2647 atque
2679 2578 2816 2630 alias
2844 2577 3160 2628 innumeras
3176 2578 3232 2624 et
3254 2569 3503 2622 diversas
3532 2577 3669 2618 cau-

2079 2687 2168 2727 sas
2202 2670 2474 2733 ali‘errem,
2528 2684 2652 2739 quae
2687 2667 2887 2723 volenti
2947 2678 3218 2733 nusquam
3278 2659 3548 2713 deessent.
3600 2651 3670 2707 At

2080 2758 2276 2814 melius
2310 2768 2363 2813 et
2392 2755 2776 2812 rationabilius
2818 2762 2903 2812 est
2937 2754 3117 2808 dicere
3146 2752 3250 2805 hoc
3314 2749 3492 2818 ipsum
3543 2758 3669 2814 per-

2080 2849 2301 2905 misisse
2336 2848 2531 2912 Deum,
2564 2848 2692 2916 quia
2724 2849 2923 2902 animae
2954 2858 3086 2900 meae
3122 2849 3441 2914 praestaret;
3496 2847 3551 2892 et
3589 2835 3670 2890 sic

2081 2942 2268 3011 utique
2296 2940 2570 2996 existimo.
2593 2938 2741 2993 Nihil
2776 2939 2921 2992 enim
2964 2945 3049 2992 est
3109 2948 3299 2990 eorum
3366 2946 3487 3001 quae
3544 2926 3672 2983 fecit

2081 3030 2249 3095 Deus,
2274 3030 2421 3100 quod
2457 3045 2564 3084 non
2598 3029 2671 3085 sit
2704 3028 2997 3098 Optimum,
3033 3024 3189 3096 juxta
3219 3021 3366 3092 quod
3425 3018 3665 3074 dicitur:

2082 3125 2180 3179 Dei
2204 3141 2362 3193 opera
2392 3139 2503 3177 esse
2532 3123 2717 3176 omnia
2748 3123 2885 3176 bona
2913 3119 3064 3174 valde
3094 3127 3141 3172 τ.
3173 3118 3354 3183 Quare
3374 3112 3668 3169 dolendum

2082 3215 2288 3270 nemini
2310 3223 2442 3286 puto
2469 3214 2522 3267 in
2550 3213 2637 3269 his
2676 3228 2798 3282 qum
2834 3211 2937 3266 sibi
2964 3208 3316 3280 contigerint,
3360 3205 3455 3259 sed
3486 3201 3671 3258 omnia

374 3304 486 3358 ἀπὸ
517 3306 883 3377 μικροψυχίας
923 3306 1016 3359 καὶ
1059 3307 1259 3378 πολλῆς
1298 3282 1573 3377 ἀγνωσίας
1614 3310 1811 3381 πάσχει
1841 3328 1927 3375 τις
1950 3351 1965 3375 ,

2079 3322 2233 3378 aeque
2280 3282 2347 3361 ad
2419 3305 2515 3360 Dei
2588 3304 2984 3375 providentiam
3036 3299 3344 3363 referenda,
3397 3305 3562 3365 atque
3593 3295 3669 3348 ita

374 3395 589 3462 ἀγνοῶν
610 3397 708 3469 τὴν
735 3397 975 3469 φοϐερὰν
992 3399 1239 3470 ἀνάγκην
1267 3401 1367 3471 τὴν
1397 3400 1535 3472 μετά
1553 3401 1651 3471 τὴν
1673 3401 1850 3469 ἔξοδον
1867 3402 1969 3473 τῆς

374 3486 553 3559 ψυχῆς
585 3489 694 3543 άπὸ
726 3488 819 3543 τοῦ
854 3489 1131 3559 σώματος.

2074 3408 2395 3456 aestuantem
2450 3398 2694 3452 animum
2740 3404 2794 3451 et
2845 3395 3122 3449 turbatum
3165 3388 3487 3447 sedandum.
3532 3384 3674 3439 Sunt

2076 3501 2259 3547 autem
2292 3488 2541 3545 nonnulli
2572 3488 2624 3542 in
2663 3487 2749 3543 his
2801 3501 2924 3556 qua:
2958 3484 3059 3539 sibi
3091 3482 3391 3538 acciderint
3419 3478 3670 3542 adversa,

377 3581 515 3636 adeo
550 3582 899 3651 impatientes
924 3591 978 3637 et
1001 3583 1231 3647 debiles,
1263 3593 1322 3640 ut
1359 3585 1485 3639 vita:
1518 3584 1621 3656 ipsi
1679 3588 2069 3643 abrenuntient
2127 3593 2181 3641 et
2220 3583 2363 3639 mori
2423 3588 2614 3653 optent
2656 3587 2718 3634 ut
2781 3578 2868 3634 his
2943 3577 3265 3632 liberentur.
3328 3572 3484 3640 Quod
3541 3585 3670 3626 sane

376 3683 444 3723 ex
480 3670 939 3740 pusillanimitate
1003 3682 1167 3743 atque
1235 3674 1544 3743 ignorantia
1607 3678 1875 3745 procedit.
1929 3678 2190 3750 Ignorant
2228 3674 2376 3731 enim
2407 3673 2465 3729 bi
2496 3672 2797 3729 terribilem
2858 3669 3238 3726 necessitatem
3292 3684 3415 3739 quae
3479 3668 3676 3723 animae

379 3761 673 3825 incumbit,
703 3776 829 3815 cum
857 3776 887 3815 c
917 3776 1151 3832 corpore
1190 3779 1410 3834 egressa
1434 3776 1539 3821 est.

450 3857 527 3908 B’.
558 3856 787 3925 Μεγάλη
815 3856 1200 3928 φιλανθρωπία
1221 3859 1318 3913 τοῦ
1339 3860 1497 3925 Θεοῦ,
1532 3861 1774 3932 ἀδελφοὶ,
1801 3866 1862 3917 τὺ
1889 3861 1971 3918 εἷ-

381 3964 468 4000 ναι
503 3947 649 4016 ἡμᾶς
673 3947 754 4010 είς
775 3946 964 4001 τοῦτον
997 3949 1090 4016 τὸν
1120 3953 1346 4021 κόσμον·
1376 3951 1491 4005 ἁλλ’
1514 3954 1676 4024 ἡμεῖς
1708 3955 1972 4024 ἀγνοοῦν-

378 4054 472 4101 τες
497 4036 565 4090 τά
595 4038 731 4101 ἐκεῖ,
758 4037 931 4108 βαρέα
978 4038 1252 4113 βλέπομεν
1289 4042 1358 4096 τὰ
1397 4037 1523 4098 ὧδεο
1556 4045 1653 4097 καὶ
1692 4046 1793 4098 οὐκ
1825 4046 1976 4103 ἔστιν

380 4126 576 4192 οὕτως.
611 4129 725 4182 Οὐκ
781 4129 961 4183 οἴδατε
1012 4132 1070 4185 ὲν
1124 4131 1203 4202 τῷ
1242 4133 1547 4206 γεροντικῷ
1580 4136 1633 4188 τί
1668 4136 1848 4206 λέγει;
1893 4140 1974 4194 ὅτι

384 4219 670 4291 ἠρώτησεν
702 4219 929 4290 ἁδελφὸς
965 4222 1104 4276 πάνυ
1146 4225 1389 4297 ἐργάτης
1428 4229 1553 4283 τινὰ
1599 4231 1855 4303 γέροντα,
1885 4231 1977 4285 λέ-

384 4330 518 4383 γων·
553 4333 571 4365 ι
609 4314 672 4368 Ἦ
699 4313 846 4384 ψυχή
884 4332 988 4386 μου
1018 4316 1280 4389 ἐπιθυμεῖ
1306 4319 1397 4373 τὸν
1418 4321 1669 4376 θάνατον·
1706 4344 1725 4378 ι
1759 4325 1854 4379 καὶ
1887 4325 1979 4378 λέα-

383 4422 472 4475 γει
504 4404 654 4476 αὐτῷ
691 4405 720 4457 ὁ
763 4405 962 4478 γέρων·
994 4428 1011 4460 ι
1052 4409 1272 4481 Ἐπειδὴ
1300 4411 1399 4477 τὴν
1435 4410 1617 4484 θλίψιν
1651 4415 1852 4486 φεύγῃ,
1885 4417 1980 4470 καὶ

383 4495 485 4548 οὐκ
508 4489 655 4557 οἶδας
684 4494 765 4547 ὅτι
791 4496 823 4565 ἡ
847 4495 1115 4565 μέλλουσα
1142 4496 1321 4568 θλίψις
1344 4499 1481 4553 πολὺ
1507 4502 1708 4575 χεῖρων
1736 4503 1849 4559 ἐστὶ
1881 4506 1979 4574 τῆς

384 4584 642 4642 ἐνταῦθα.
678 4603 696 4636 ›
741 4586 851 4639 Καὶ
899 4588 1059 4654 ἄλλος
1096 4591 1299 4661 ὁμοίως
1328 4592 1581 4665 ἠρώτησε
1622 4596 1851 4667 γέροντα
1890 4596 1979 4650 λέ-

385 4693 522 4745 γων·
561 4698 580 4730 ε
620 4679 791 4733 Πόθεν
818 4676 1026 4749 ἀκηδιῶ
1045 4679 1355 4753 καθήμενος
1379 4684 1436 4737 ὲν
1457 4685 1536 4756 τῷ
1560 4685 1756 4757 κελλίῳ
1786 4703 1889 4757 μου
1911 4704 1926 4751 ;
1956 4690 1995 4738 ι’

389 4768 501 4822 Καὶ
525 4767 675 4838 λέγει
709 4769 857 4839 αὐτῷ
888 4772 915 4823 ὁ
946 4770 1146 4841 γέρωνο
1182 4790 1200 4822 ι
1242 4773 1361 4826 Ὅτι
1386 4774 1571 4845 ἀκμὴν
1600 4775 1701 4846 οὐχ
1729 4774 1982 4847 ἑώρακας

387 4857 515 4913 οὕτε
536 4859 634 4932 τὴν
666 4859 1032 4932 ἐλπιζομένην
1061 4863 1391 4927 ἀνάπαυσιν,
1425 4865 1550 4919 οὔτε
1581 4868 1683 4940 τὴν
1716 4869 1982 4941 ἐσομένην

390 4951 636 5005 κόλασιν.
676 4952 742 5007 Et
776 4951 885 5023 γάρ
928 4952 1044 5023 ἴδῃς
1073 4954 1321 5024 ἀκριϐῶς
1350 4956 1548 5022 ταῦτα,
1590 4961 1639 5012 εἰ
1683 4962 1983 5032 σκωλήκων

390 5041 557 5112 ἔγεμε
616 5043 676 5096 τὸ
717 5043 927 5096 κελλίον
978 5061 1092 5110 σου,
1123 5044 1265 5099 ὥστε
1297 5064 1355 5101 σε
1394 5050 1452 5103 ἐν
1480 5051 1663 5113 αὐτοῖς
1705 5051 1981 5108 δεδωκέναι

388 5134 497 5195 ἕως
552 5133 850 5206 τραχήλου,
897 5134 1168 5206 ὑπέμενες
1217 5137 1284 5191 ἂν
1338 5139 1413 5210 μὴ
1456 5142 1716 5212 ἁκηδιῶν.
1755 5162 1774 5194 ι
1840 5145 1982 5198 Ἀλλ’

399 5223 554 5291 ἡμεῖς
577 5223 673 5275 καὶ
699 5223 1032 5295 κοιμώμενοι
1061 5223 1287 5297 θέλομεν
1311 5229 1574 5299 σωθῆναι,
1601 5233 1693 5286 καὶ
1718 5232 1804 5287 διά
1824 5234 1984 5289 τοῦτο

395 5312 770 5383 ὀλιγωροῦμεν
799 5315 856 5367 ὲν
881 5318 1000 5378 ταῖς
1030 5314 1295 5386 θλίψεσιν·
1332 5320 1636 5386 ὀφείλοντες
1666 5324 1867 5393 μᾶλλον
1896 5326 1987 5380 εὑ-

394 5408 673 5475 χαριστείν
711 5405 788 5475 τῷ
818 5406 937 5479 Θεῷ
965 5408 1059 5461 καὶ
1090 5410 1417 5481 μακαρίζειν
1450 5415 1698 5479 ἑαυτοὺς,
1735 5417 1816 5470 ὅτι
1850 5417 1986 5481 ὅλως

398 5494 698 5566 ἀξιούμεθα
734 5497 932 5568 μικρὸν
988 5498 1239 5571 θλιϐἦναι
1286 5494 1410 5566 ὧδε,
1440 5503 1527 5558 ἴνα
1573 5489 1692 5560 ἐκεῖ
1733 5507 1981 5580 εὖρωμεκ

400 5586 605 5657 μικρὰν
630 5587 959 5644 ἀνάπαυσιν.
991 5591 1188 5662 Ἔλεγε
1215 5595 1309 5648 καὶ
1332 5597 1604 5669 Εὐάγριος
1623 5600 1705 5653 ὅτι
1732 5601 1988 5672 ἐμπαθὴς

401 5674 476 5730 ὢν
500 5679 596 5733 καὶ
624 5682 1063 5754 προσευχόμενος
1092 5688 1399 5760 ταχυτέραν
1437 5690 1588 5760 αὐτῷ
1624 5691 1846 5748 ἔσεσθαι
1889 5694 1988 5764 τὴν

469 5854 650 5911 ιϐοη.
698 5872 737 5925 ι,
773 5858 858 5917 51.

2150 3861 2219 3915 ll.
2254 3858 2448 3928 Magna
2480 3866 2566 3912 est
2594 3855 2689 3910 Dei
2727 3853 3036 3917 clementia,
3067 3850 3284 3917 fratres,
3318 3852 3448 3906 dum
3484 3850 3538 3904 in
3572 3850 3677 3907 bac

2082 3953 2197 4006 vita
2232 3963 2428 4006 sumus
2462 3966 2475 4002 :
2513 3946 2610 4001 sed
2648 3946 2967 4016 ignorantes
3019 3958 3183 4012 quam
3238 3943 3487 4013 graviora
3544 3951 3675 3997 sunt

2086 4058 2208 4114 quae
2241 4051 2365 4111 post
2391 4039 2602 4093 obitum
2635 4044 3037 4105 exspectamus,
3063 4035 3129 4088 ad
3161 4034 3277 4090 lucc
3305 4043 3514 4088 tantum
3534 4049 3676 4105 prata

2091 4134 2267 4191 sentia
2300 4132 2492 4187 oculos
2514 4128 2807 4194 flectimus,
2843 4143 2967 4199 qua:
2991 4127 3239 4197 profecto
3265 4127 3516 4198 graviora
3563 4146 3673 4183 non

2090 4235 2238 4284 sunt.
2266 4226 2348 4278 An
2381 4221 2645 4294 ignoratis
2669 4221 2997 4276 sententiam
3023 4220 3168 4274 illam
3202 4220 3256 4273 in
3301 4218 3440 4273 libro
3490 4221 3675 4276 senio-

2086 4335 2233 4386 rum,
2257 4334 2382 4374 cum
2408 4314 2772 4384 interroganti
2797 4312 2957 4368 fratri
2984 4314 3145 4369 valde
3164 4313 3465 4378 laborioso,
3492 4323 3547 4369 et
3592 4315 3677 4370 di-

2086 4413 2228 4469 centi
2249 4410 2395 4482 quod
2435 4409 2575 4465 mori
2610 4415 2843 4479 optaret,
2868 4407 3150 4478 respondit
3177 4422 3342 4463 senex
3379 4426 3392 4461 :
3435 4426 3454 4457 ε
3488 4406 3558 4462 Ut
3582 4407 3679 4461 tri-

2084 4506 2426 4562 bulationem
2460 4502 2641 4574 fugias
2681 4500 2828 4558 istud
2860 4501 3058 4571 optas?
3094 4499 3202 4556 Sed
3255 4501 3479 4571 ignoras
3528 4499 3675 4570 quod

2085 4615 2210 4670 quae
2241 4607 2470 4654 ventura
2502 4604 2654 4658 sunt,
2691 4595 2941 4667 graviora
2984 4603 3113 4649 sunt
3147 4604 3201 4649 et
3241 4595 3456 4649 acriora
3504 4594 3677 4649 multo

2016 4726 2056 4779 Β
2086 4689 2218 4745 bis?
2245 4689 2401 4745 Alius
2434 4690 2560 4743 item
2590 4702 2715 4742 cum
2748 4701 2935 4741 senem
2967 4686 3382 4754 interrogasset,
3414 4687 3559 4741 unde
3589 4688 3678 4740 tie-

2091 4791 2174 4837 ret
2203 4782 2348 4851 quod
2388 4780 2490 4835 sibi
2521 4779 2815 4834 molestum
2837 4786 2983 4833 esset
3009 4777 3062 4829 in
3103 4777 3240 4832 cella
3270 4776 3482 4842 sedere,
3522 4791 3675 4831 acce-

2090 4874 2167 4945 pit
2203 4892 2216 4929 :
2248 4893 2267 4926 ι
2300 4873 2441 4939 Quia
2468 4871 2711 4926 nondum
2732 4868 3058 4940 prospexisti
3077 4868 3130 4922 in
3158 4867 3398 4923 futuram
3430 4866 3675 4938 requiem

2089 4968 2173 5023 vel
2198 4966 2572 5022 amictionem.
2599 4963 2657 5017 Si
2682 4963 2829 5017 enim
2858 4962 2975 5017 haec
3028 4963 3213 5016 animo
3253 4961 3539 5031 diligenter
3594 4959 3679 5013 in-

2095 5060 2297 5129 spicias
2316 5068 2371 5113 et
2395 5058 2697 5123 mediter-is,
2735 5055 2954 5111 etiarnsi
3012 5053 3147 5109 cella
3177 5064 3269 5108 tua
3301 5066 3516 5109 vermes
3554 5066 3680 5107 sca-

2093 5151 2267 5205 turiat
2293 5156 2353 5202 ut
2375 5149 2441 5203 ad
2465 5148 2668 5204 collum
2704 5161 2880 5217 usque
2903 5143 3324 5212 immergarisiu
3347 5141 3477 5208 illis,
3506 5141 3680 5197 susti-

2092 5256 2256 5296 neres
2295 5241 2487 5311 utique
2530 5240 2740 5309 absque
2784 5237 3037 5292 molestia
3070 5236 3182 5290 ulla
3233 5244 3288 5290 et
3342 5233 3677 5290 diﬁicultate.

2086 5332 2215 5395 Sed,
2243 5332 2346 5387 heu
2377 5346 2480 5387 nos
2501 5329 2767 5396 infelices,
2808 5330 3168 5386 dormitantes
3184 5326 3383 5383 salvari
3405 5327 3680 5397 cupimus,

2086 5434 2141 5480 et
2174 5426 2317 5480 inter
2344 5423 2735 5479 tribulationes
2765 5430 2821 5477 et
2868 5422 3152 5493 angustias
3208 5420 3537 5475 deﬁcimus!
3572 5421 3674 5486 Qui

2090 5513 2202 5569 Deo
2230 5511 2704 5585 magisindefesse
2731 5513 2938 5585 gratias
2971 5526 3133 5582 agere
3165 5511 3513 5576 deberemus,
3548 5526 3679 5565 nos-

2090 5623 2198 5677 que
2228 5607 2419 5661 beatos
2442 5604 2786 5671 existimare,
2819 5603 2916 5674 qui
2942 5604 3112 5659 habiti
3137 5602 3287 5674 digni
3324 5616 3573 5658 essemus
3590 5601 3681 5655 hic

2088 5696 2294 5768 aliquid
2331 5688 2462 5765 pati,
2496 5704 2557 5750 ut
2581 5695 2707 5751 istic
2737 5695 3085 5767 postmodum
3130 5693 3374 5765 requiem
3413 5692 3680 5749 modicam
