4062 6480
480 349 611 417 1751

1695 356 1755 412 S.
1792 352 2184 418 DOROTHEI
2226 353 2541 414 ABBATIS

3603 364 3731 428 1752

486 464 912 519 inveniremus.»
952 463 1145 519 Aiebat
1171 462 1437 534 Evagrius
1483 473 1828 533 peccatorcm
1882 465 2037 518 homi

2163 463 2357 528 ἔξοδον,
2385 465 2562 519 ἔοικεν
2602 466 2875 538 ἀνθρώπῳ
2918 471 3312 544 παρακαλοῦντι
3353 473 3449 527 τὸν
3492 474 3733 539 τέκτονα,

482 574 603 612 nem
640 559 730 629 qui
751 558 917 612 Deum
957 566 1195 629 rOgaret,
1236 558 1401 611 vitam
1442 571 1598 612 suam
1628 556 1737 610 cito
1769 556 2062 610 terminare

481 660 533 701 et
564 650 742 714 linire,
774 649 1008 704 similem
1029 650 1148 718 ejus
1195 662 1317 704 esse
1353 649 1448 717 qui
1492 646 1707 701 fabrum
1767 648 2058 717 lignarium

480 742 815 803 obsecraret,
862 749 921 794 ut
950 740 1200 794 lecticam
1229 740 1417 809 aegroti
1449 740 1557 793 cito
1601 746 1927 793 contereret.
1980 738 2058 793 Ex

479 846 711 901 corpore
740 832 886 885 enim
916 834 1019 885 hoc
1036 830 1113 896 lit,
1155 840 1210 883 ut
1268 830 1450 883 anima
1482 845 1512 883 a
1549 829 1664 883 suis
1708 829 2058 898 passiouihus

479 931 807 976 avoceluret
873 934 1169 986 recreetur,
1244 920 1519 987 comedat,
1575 920 1746 985 bibat,
1798 920 2053 986 dormiat,

478 1015 843 1085 colloquatur,
875 1014 1152 1084 gradiatur
1189 1030 1312 1067 cum
1342 1015 1553 1068 amicis.
1578 1014 1713 1068 Cum
1752 1024 1931 1068 autem
1968 1030 2057 1068 so-

478 1110 589 1162 luta
622 1107 784 1161 fuerit
816 1107 916 1160 hoc
945 1121 1193 1173 corpore,
1225 1105 1339 1158 sola
1374 1106 1477 1158 erit
1524 1120 1649 1159 cum
1706 1105 2054 1174 passionihus

475 1197 617 1266 ejus.
643 1195 663 1248 Ι
685 1198 878 1265 lcuquc
911 1210 1135 1264 semper
1166 1195 1268 1249 sub
1296 1194 1429 1262 ipsis
1463 1202 1517 1247 et
1544 1193 1597 1246 in
1631 1194 1763 1262 ipsis
1793 1192 2056 1263 amigctur

474 1298 528 1341 et
550 1289 803 1356 punietur
829 1306 843 1352 ;
872 1289 943 1341 ita
976 1296 1037 1341 ut
1062 1288 1366 1341 disturbata
1391 1296 1444 1339 et
1467 1287 1688 1341 incensa
1740 1286 1809 1340 ab
1863 1302 2050 1339 earum

472 1380 636 1452 430
666 1380 934 1441 molestia,
952 1380 1278 1450 diductaque
1294 1387 1345 1432 ct
1367 1378 1613 1446 dispersa
1635 1392 1730 1448 per
1751 1378 1921 1445 varia,
1945 1392 2049 1431 non

475 1482 647 1539 queat
677 1472 838 1525 ctiam
873 1471 967 1525 Dei
1009 1471 1305 1525 reminisci.
1357 1469 1684 1524 Consolatur
1737 1471 1882 1523 enim
1932 1470 2050 1522 aui-

471 1580 618 1618 mam
643 1566 906 1617 memoria
940 1563 1056 1627 Dei,
1114 1572 1175 1616 ut
1228 1564 1304 1616 ait
1346 1561 1617 1631 Propheta
1661 1562 1712 1614 in
1776 1560 1994 1615 Psalmo
2032 1579 2045 1614 :

473 1655 679 1711 Memor
694 1656 772 1726 fui
798 1655 912 1720 Dei,
933 1665 982 1708 et
1007 1655 1294 1709 delectatus
1322 1670 1437 1706 sum
1460 1666 1508 1720 8;
1534 1653 1626 1707 sed
1647 1669 1821 1722 neque
1851 1653 1953 1705 hoc
1973 1651 2046 1705 illi

470 1748 755 1817 passiones
784 1747 1103 1801 concedent.
1136 1744 1291 1810 Quod
1319 1745 1481 1798 etiam
1518 1745 1722 1799 clarius
1752 1746 1926 1798 altero
1951 1760 2048 1813 pa-

2163 558 2370 625 ταχέως
2405 557 2689 630 συντρίψαι
2728 559 2827 630 τὴν
2868 559 3055 631 κλίνην
3091 561 3182 614 τοῦ
3226 562 3604 628 ἀσθενοῦντος.
3641 568 3734 621 Διὰ

2161 648 2269 719 γάρ
2301 648 2394 701 τοῦ
2426 648 2678 719 σώματος
2700 649 2889 702 τούτου
2918 656 3245 722 περισπᾶται
3272 656 3305 724 ἡ
3325 654 3480 725 ψυχὴ
3504 656 3614 709 ἀπὸ
3634 658 3735 711 τῶν

2163 740 2346 793 παθῶν
2380 741 2572 810 αὐτῆς,
2603 742 2699 793 καὶ
2730 742 3148 813 παρακαλεῖται,
3183 745 3408 814 τρώγει,
3434 752 3737 811 πίνει,κοι-

2164 834 2353 903 μᾶται.
2420 834 2815 903 συντυγχάνει,
2867 835 3139 901 ἀπάγεται
3205 837 3339 907 μετά
3412 838 3736 910 ἀγαπητῶν.

2173 921 2422 974 Ἐπειδὰν
2462 922 2517 975 δὲ
2543 921 2731 995 ἐξέλθῃ
2761 924 2825 976 ἐκ
2853 922 2946 977 τοῦ
2984 922 3255 993 σώματος,
3289 926 3551 996 μονοῦται
3580 928 3736 1002 αὕτη,

2160 1015 2251 1065 καὶ
2299 1013 2367 1065 τὰ
2408 1014 2553 1083 πάθη
2584 1013 2775 1082 αὐτῆς,
2808 1014 2904 1065 καὶ
2935 1015 3121 1067 λοιπὸν
3165 1015 3457 1081 κολάζεται
3509 1021 3739 1074 πάντοτε

2159 1106 2249 1157 ὑπ’
2275 1104 2472 1168 αὐτῶν,
2503 1106 2582 1167 εἰς
2604 1105 2742 1159 αὑτά
2769 1104 3152 1176 ἀδολεσχοῦσα,
3177 1109 3269 1160 καὶ
3293 1109 3609 1179 φλεγομένη
3639 1111 3740 1165 ὑπὸ

2158 1195 2256 1262 τῆς
2286 1194 2558 1265 ὀχλήσεως
2599 1195 2801 1258 αὐτῶν,
2839 1196 2930 1247 καὶ
2964 1195 3481 1269 διασπαραττομένη
3515 1202 3607 1254 ὑπ’
3642 1203 3737 1255 αὑ-

2155 1285 2285 1351 τῶν,
2313 1285 2388 1348 ὡς
2422 1286 2555 1356 μηδὲ
2588 1285 2957 1355 μνημονεῦσαι
2984 1287 3119 1340 Θεοῦ
3142 1287 3424 1343 δύνασθαι.
3461 1293 3612 1363 Αὐτὴ
3636 1294 3737 1366 γὰρ

2154 1378 2185 1445 ή
2211 1379 2397 1445 μνήμη
2430 1377 2520 1429 τοῦ
2547 1376 2681 1428 Θεοῦ
2706 1378 3119 1448 παρακαλεῖ-τὴν
3139 1379 3334 1449 ψυχὴν,
3364 1381 3444 1447 ὡς
3463 1383 3560 1438 καὶ
3590 1387 3646 1437 ἐν
3664 1386 3739 1456 τῷ

2152 1466 2352 1537 ψαλμῷ
2371 1467 2539 1534 λέγει·
2559 1468 2905 1536 Ἐμνήσθην
2931 1469 3036 1523 τοῦ
3070 1471 3217 1525 Θεοῦ
3246 1473 3341 1526 καὶ
3363 1476 3733 1544 εὐφράνθην·

2154 1558 2248 1610 καὶ
2282 1557 2430 1626 ὅμως
2456 1558 2574 1611 οὑδέ
2599 1558 2755 1611 τοῦτο
2788 1560 3159 1631 συγχωροῦσιν
3193 1563 3328 1635 αὐτῇ
3350 1565 3423 1617 τά
3455 1565 3627 1634 πάθη.
3650 1568 3736 1621 Θέ-

2151 1649 2271 1702 λετε
2319 1649 2394 1712 ὡς
2446 1651 2502 1702 ἐν
2558 1650 2914 1718 ὑποδείγματι
2969 1654 3160 1722 μαθεῖν
3203 1655 3255 1707 τί
3293 1656 3447 1709 ἐστιν
3481 1656 3511 1708 ὃ
3561 1657 3730 1727 λέγοις

2156 1741 2327 1811 Ἔλθῃ
2366 1759 2449 1804 τις
2490 1740 2643 1811 ὑμῶν
2686 1742 2781 1794 καὶ
2824 1744 3082 1818 ἐγκλείσῃ
3115 1745 3277 1799 αὑτὸν
3320 1747 3403 1810 εἰς
3430 1747 3492 1800 ἓν
3527 1748 3732 1805 κελλίον

470 1840 605 1895 tebit
633 1839 902 1908 exetnplo.
932 1834 1249 1893 lncludatur
1276 1837 1400 1905 quis
1432 1851 1670 1891 vestrum
1698 1837 1751 1890 in
1804 1836 2037 1890 abditam

2151 1832 2442 1895 σκοτεινὸν,
2469 1831 2565 1884 καὶ
2599 1830 2672 1902 μὴ
2701 1832 2852 1903 φάγῃ
2882 1835 3028 1903 τρεῖς
3059 1834 3270 1903 ἡμέρας
3300 1835 3489 1904 μόνον,
3532 1838 3626 1888 καὶ
3657 1837 3731 1910 μὴ

466 1938 521 1983 et
552 1928 840 1982 obscuram
864 1926 1139 1991 cellulam,
1172 1927 1525 1995 triduumque
1550 1936 1756 1980 tantum
1781 1926 2048 1981 sustineat

465 2020 702 2074 inediam
729 2030 783 2074 et
810 2019 1040 2089 jejunet,
1069 2034 1178 2073 non
1207 2019 1378 2085 bibat,
1398 2034 1506 2073 non
1530 2027 1668 2085 oret,
1701 2034 1809 2072 non
1841 2027 2044 2085 cantet,

465 2125 643 2179 neque
672 2111 896 2165 omnino
926 2111 1244 2165 memoriam
1268 2110 1432 2164 ullam
1462 2110 1552 2164 Dei
1580 2111 1778 2166 habeat
1823 2129 1836 2164 :
1884 2111 2045 2165 intel-

463 2202 703 2270 ligctque
727 2201 857 2271 quid
918 2200 975 2254 in
1019 2217 1077 2256 se
1130 2208 1296 2270 agant
1359 2201 1682 2274 possintque
1734 2203 2039 2273 passiones.

461 2289 623 2355 Quod
661 2289 707 2344 si
740 2290 843 2345 hoc
873 2305 994 2346 cum
1029 2289 1193 2344 etiam
1220 2290 1359 2344 sitin
1391 2305 1642 2360 corpore,
1675 2300 1880 2361 quanto
1920 2308 2037 2346 ma-

460 2383 543 2451 gis
577 2397 701 2435 cum
742 2380 925 2435 anima
967 2379 1134 2435 fuerit
1175 2395 1397 2451 egressa
1435 2396 1465 2434 a
1515 2396 1769 2451 corpore,
1825 2393 1879 2436 et
1932 2382 2038 2438 illis

2151 1925 2269 1996 m3"
2313 1923 2407 1976 καὶ
2447 1923 2523 1993 μὴ
2562 1922 2818 1993 κοιμηθῇν
2854 1924 2926 1994 μὴ
2973 1927 3207 1997 συντύχῃ
3251 1926 3383 1989 τινὶ.
3420 1926 3499 1997 μὴ
3532 1928 3728 2000 ψάλλει,

2152 2016 2226 2084 μὴ
2268 2012 2512 2081 εὔξηται,
2553 2013 2685 2084 μηδέ
2720 2013 2854 2076 ὅλως
2885 2016 3231 2088 μνημονεύσῃ
3255 2016 3416 2069 Θεοῦ·
3452 2019 3549 2070 καὶ
3585 2019 3728 2091 μάθῃ

2147 2106 2199 2158 τί
2237 2106 2480 2157 ποιοῦσιν
2510 2107 2590 2167 είς
2624 2106 2784 2157 αὑτὸν
2822 2106 2889 2158 τὰ
2924 2105 3092 2175 πάθη·
3130 2107 3408 2161 καὶτοῦτο
3448 2111 3538 2162 ὅτε
3585 2111 3728 2163 ἐστὶν

2154 2197 2336 2266 ἀκμὴν
2372 2195 2624 2260 ἐνταῦθα,
2661 2196 2811 2265 πόσῳ
2857 2212 2919 2264 γε
2969 2198 3167 2267 μᾶλλον
3207 2198 3347 2268 μετά
3393 2200 3456 2252 τὸ
3497 2198 3729 2264 ἐξελθεῖν

2143 2288 2243 2358 τὴν
2287 2288 2462 2356 ψυχὴν
2514 2289 2578 2339 ἐκ
2617 2286 2711 2338 τοῦ
2750 2287 3019 2355 σώματος,
3061 2290 3154 2341 καὶ
3183 2289 3517 2361 προδοθῆναι
3547 2292 3726 2355 αὐτοῖς

2143 2381 2242 2435 καὶ
2272 2379 2579 2450 μονωθῆναι
2605 2378 2724 2448 μετ’
2752 2378 2954 2434 αὐτῶν.

461 2473 658 2529 tradita
696 2481 861 2548 atque
919 2474 1146 2528 omnino
1184 2473 1476 2544 conjuncta
1511 2484 1564 2530 et
1590 2472 1851 2529 addicta?
1903 2472 2117 2530 Nemini
2158 2473 2402 2545 profecto
2433 2471 2657 2526 dubium
2692 2486 2813 2525 csse
2834 2472 3012 2538 debet,
3043 2488 3329 2542 passuram
3363 2488 3489 2530 eam
3521 2473 3726 2544 gravis-

462 2566 603 2620 sima
638 2578 764 2618 cum
798 2562 926 2617 illis.

528 2655 617 2711 lll.
644 2655 947 2711 Possumus
967 2657 1131 2713 etiam
1162 2656 1513 2712 considerare
1541 2673 1607 2712 ex
1633 2658 1721 2713 his
1744 2674 1866 2729 quae
1896 2675 2041 2715 nunc

2209 2656 2283 2712 Γ.
2317 2658 2460 2729 Ἀρα
2497 2657 2548 2710 τί
2588 2656 2699 2728 ἔχει
2742 2658 2937 2711 παθεῖν
2967 2657 3092 2711 τότε
3136 2660 3169 2730 ὴ
3203 2657 3362 2715 ἀθλία
3400 2659 3497 2716 ὑπ’
3527 2659 3724 2729 αὐτῶν,

457 2750 550 2804 hic
577 2758 723 2813 sunt,
762 2747 974 2803 futuras
1012 2749 1412 2804 tribulationes.
1436 2749 1571 2804 Cum
1603 2752 1748 2806 enim
1794 2754 1918 2823 quis
1957 2753 2037 2808 di-

2142 2750 2362 2804 δύναται
2395 2750 2503 2803 ἀπὸ
2531 2749 2638 2807 τῶν
2674 2743 2777 2803 ὦδε
2812 2750 3147 2819 κατανοῆσαι
3177 2768 3295 2814 πως
3345 2753 3444 2804 καὶ
3484 2751 3584 2822 τὴν
3614 2753 3726 2806 θλίη

458 2843 630 2913 gitum
689 2841 962 2896 adusserit
1009 2841 1095 2896 vel
1147 2842 1423 2896 modicum
1473 2843 1584 2908 hic,
1644 2855 1905 2913 quantum
1959 2854 2037 2900 cst

2142 2842 2230 2912 ψιν
2259 2841 2496 2912 ἐκείνην.
2517 2841 2687 2894 Ὅταν
2716 2840 2825 2911 γάρ
2847 2840 3094 2912 πυρέσσῃ
3121 2857 3227 2906 τις,
3257 2842 3308 2894 τί
3338 2842 3461 2896 ἐστι
3491 2843 3553 2896 τὸ
3577 2846 3723 2897 καῖον

456 2934 603 3004 quod
632 2933 817 2988 adurit
844 2934 868 2987 ’ἒ
893 2932 1135 3004 Atquem
1170 2934 1371 3005 ignem,
1390 2950 1553 3004 quam
1575 2935 1871 3001 ﬂammam,
1895 2937 2039 3007 quod

458 3025 771 3080 incendium
824 3024 947 3080 istic
997 3040 1060 3079 ea
1110 3025 1255 3095 ligna
1320 3025 1528 3081 factura
1580 3027 1860 3082 suntlUt
1916 3044 2038 3083 cor-

457 3128 558 3184 pus
587 3114 1038 3170 melancholicum
1073 3117 1492 3187 inteinperatum
1520 3120 1780 3176 continue
1828 3122 1895 3173 ab
1920 3120 2036 3189 ipsa

455 3206 819 3261 melancholia
870 3215 924 3262 et
968 3208 1382 3278 intemperantia
1440 3212 1621 3264 uritur
1652 3221 1705 3264 et
1748 3210 2032 3280 afﬂigitur:

456 3298 535 3355 sic
563 3301 745 3355 anima
772 3300 920 3355 vitiis
941 3299 1183 3367 subiecta
1213 3316 1430 3370 semper
1452 3318 1482 3356 a
1517 3302 1723 3359 malitia
1749 3315 1804 3358 et
1833 3305 2035 3371 iniqui-

458 3396 567 3442 tate
609 3405 705 3444 sua
738 3397 1047 3458 torquetur,
1105 3399 1268 3460 atque
1320 3392 1374 3445 in
1438 3403 1698 3467 perpetua
1746 3395 2032 3459 memoria,

454 3479 645 3535 dolore
676 3489 730 3533 ct
755 3480 1120 3536 amaritudine
1166 3490 1251 3535 est
1302 3482 1641 3551 passionum,
1695 3499 1816 3551 quae
1862 3486 2033 3554 ipsam

455 3572 689 3627 adurunt
712 3581 766 3627 et
796 3572 1113 3625 incendunt.
1142 3571 1208 3625 Et
1260 3581 1457 3642 praeter
1490 3574 1604 3627 haec
1653 3574 1778 3642 quis
1837 3576 2031 3644 possit,

456 3660 679 3725 fratres,
714 3662 988 3717 horrenda
1014 3662 1103 3715 illa
1133 3662 1252 3717 loca
1278 3662 1548 3716 narrare?
1578 3660 1839 3718 Tortores
1869 3664 2029 3718 terri-

454 3756 592 3811 biles
613 3755 826 3810 animas
852 3754 1098 3811 infelices
1128 3754 1248 3809 diro
1274 3754 1519 3809 cruciatu
1543 3762 1859 3824 torquentes
1902 3771 2027 3824 per-

455 3855 638 3915 petuo,
673 3846 852 3916 ignem
889 3846 1040 3900 illum
1068 3846 1523 3916 inexplicabilem,
1558 3848 1833 3911 tenebras,
1875 3861 2033 3916 aspe-

451 3953 544 3993 ros
575 3949 629 3993 et
652 3938 856 4009 rigidos
879 3938 1121 3994 vindices
1149 3949 1202 3992 et
1229 3939 1455 4001 ultores,
1487 3947 1653 4009 atque
1686 3938 1790 3992 alia
1840 3938 1956 3992 dira
1982 3948 2035 3993 et

450 4025 871 4080 innumerabilia
892 4033 1184 4090 tormenta,
1210 4035 1269 4080 ut
1300 4027 1550 4096 pluribus
1578 4027 1631 4080 in
1660 4027 1797 4084 locis
1857 4042 2031 4082 sacrae

452 4117 745 4187 Scripturae
769 4129 1123 4173 memoratur.
1143 4116 1275 4183 Qure
1295 4119 1477 4172 omnia
1494 4118 1670 4173 debita
1688 4119 2035 4188 proriortione

451 4208 759 4261 animarum
796 4208 1030 4273 delictis,
1066 4209 1229 4262 etiam
1264 4210 1447 4278 pravis
1489 4225 1675 4264 earum
1740 4211 2035 4265 voluntati-

450 4298 554 4351 bus
584 4297 992 4351 accommodata
1023 4305 1169 4351 sunt.
1202 4296 1267 4351 Ut
1294 4298 1436 4351 enim
1465 4300 1636 4353 sancti
1661 4300 1883 4369 capiunt
1915 4302 2031 4355 loca

2138 2931 2336 2998 αὑτόν;
2377 2935 2529 2984 ποῖον
2560 2931 2691 3000 πῦρ,
2728 2930 2760 3000 ἢ
2799 2933 2925 2983 ποῖα
2958 2930 3089 2994 ξύλα
3135 2930 3351 2985 ποιοῦσι
3392 2933 3497 3003 τὴν
3532 2932 3724 2985 καῦσιν

2140 3023 2389 3094 ἐκείνην;
2416 3023 2478 3074 El
2505 3022 2561 3075 δέ
2591 3022 2685 3074 καῖ⁴
2704 3020 2901 3092 εὑρεθῇ
2933 3039 3017 3084 τις
3048 3022 3187 3092 ἔχων
3214 3023 3374 3091 σῶμα
3404 3022 3724 3093 μελαγχολι-

2139 3113 2236 3166 κὸν
2267 3113 2595 3183 δύσκρατον,
2628 3111 2729 3164 οὐκ
2758 3111 2894 3182 αὑτὴ
2948 3113 2982 3183 ὴ
3031 3112 3333 3183 δυσκρασία
3377 3113 3550 3166 αὑτοῦ
3583 3113 3722 3165 καίει

2137 3205 2322 3269 αὑτὸν,
2354 3205 2450 3257 καὶ
2477 3204 2744 3273 ταράσσει
2794 3203 3047 3267 πάντοτε,
3083 3204 3177 3264 καὶ
3228 3203 3403 3257 θλίϐει
3448 3204 3548 3275 τὴν
3582 3203 3720 3275 ζωὴν

2136 3299 2300 3352 αὑτοῦ
2322 3316 2337 3363 ;
2359 3296 2518 3350 Οῦτω
2551 3296 2645 3349 καὶ
2674 3296 2929 3365 ἐμπαθὴς
2966 3296 3136 3365 ψυχὴν
3171 3297 3402 3350 πάντοτε
3436 3297 3721 3361 κολάζεται

2136 3392 2167 3460 ἡ
2199 3388 2359 3441 ἀθλία
2390 3387 2495 3439 ὑπὸ
2524 3386 2624 3454 τῆς
2659 3385 2797 3447 ίδίας
2824 3383 3133 3450 κακοεξίας,
3166 3384 3362 3455 ἔχουσα
3388 3386 3484 3439 ἀεὶ
3509 3386 3606 3455 τὴν
3634 3400 3719 3435 πι-

2135 3481 2273 3549 κρὰν
2299 3480 2519 3550 μνήμην
2550 3479 2644 3531 καὶ
2673 3478 2770 3548 τὴν
2800 3476 3083 3530 ὑπώδυνον
3131 3477 3453 3548 ἀδολεσχίαν
3480 3478 3591 3530 τῶν
3620 3494 3718 3528 πα-

2136 3569 2267 3633 θῶν,
2312 3569 2576 3621 καιόντων
2620 3569 2709 3620 ἀεὶ
2759 3568 2854 3621 καὶ
2891 3566 3343 3637 καταφλεγόντων
3393 3569 3591 3637 αὐτήν·
3628 3566 3716 3619 καὶ

2137 3659 2273 3729 πρὸς
2294 3658 2523 3722 τούτοις,
2545 3658 2629 3723 τίς
2651 3658 2895 3724 δύναται,
2929 3659 3170 3728 ἀδελφοὶ,
3198 3659 3565 3730 διηγήσασθαι
3595 3659 3717 3720 τοὺς

2134 3749 2332 3813 τόπους
2363 3749 2605 3813 ἐκείνους
2639 3750 2929 3820 φοϐεροὺς,
2956 3751 3024 3803 τὰ
3058 3751 3289 3822 σώματα
3317 3754 3509 3804 ἐκεῖνα
3534 3752 3600 3804 τὰ
3630 3767 3716 3803 κο-

2134 3840 2386 3906 λαστικά,
2421 3840 2491 3893 τὰ
2527 3841 2909 3913 ὑπουργοῦντα
2943 3846 3064 3905 ταῖς
3099 3842 3301 3912 ψυχαῖς
3350 3844 3435 3906 εἰς
3470 3841 3715 3908 τοιαύτην

2135 3930 2225 3983 καλ⁸
2283 3930 2554 4002 τοσαύτην
2612 3932 2827 4004 ὀδύνην,
2871 3934 2967 3987 καὶ
3008 3933 3084 4006 μὴ
3126 3934 3487 4005 φθειρόμενα,
3520 3938 3578 3988 τὸ
3608 3933 3712 4003 πῦρ

2134 4025 2308 4077 ἐκεῖνο
2339 4024 2399 4077 τὸ
2428 4022 2655 4093 ἄφατον,
2682 4027 2741 4078 τὸ
2765 4027 2975 4090 σκότος,
3013 4026 3112 4091 τὰς
3147 4028 3461 4099 ἀποτόμους
3504 4028 3715 4089 ἐκείνας

2132 4118 2390 4186 δυνάμεις
2410 4115 2510 4180 τὰς
2544 4118 2876 4189 τιμωρικάς,
2909 4119 2979 4172 τὰ
3008 4119 3143 4173 ἄλλα
3177 4122 3347 4191 μυρία
3384 4120 3711 4193 βασανιστή-

2135 4224 2245 4275 ρια,
2279 4208 2379 4260 ὅσα
2412 4204 2578 4276 ἄλλην
2611 4207 2785 4272 ἄλλως
2807 4208 3022 4279 εἴρηται
3066 4212 3185 4273 ταῖς
3231 4210 3405 4274 θείαις
3452 4212 3491 4264 Γ
3496 4213 3709 4283 ραφαῖς,

2132 4298 2308 4352 πάντα
2336 4297 2699 4367 ἀναλογοῦντα
2731 4301 2869 4369 πρὸς
2899 4299 2996 4371 τὴν
3023 4302 3199 4371 κακὴν
3228 4303 3431 4370 πρᾶξιν
3468 4302 3578 4356 τῶν
3607 4302 3707 4370 ψυ-

450 4385 711 4454 prazclara
749 4392 805 4439 et
862 4385 1061 4451 lucida,
1127 4386 1556 4456 angelorumque
1615 4388 2028 4444 delectationem

2142 4389 2242 4458 χῶν
2273 4390 2366 4441 καὶ
2395 4388 2493 4452 τὰς
2521 4389 2697 4453 κακὰς
2719 4391 2887 4453 αὐτὰς
2919 4392 3099 4445 αὐτῶν
3124 4393 3482 4466 ἐνθυμήσεις;
3509 4396 3708 4465 Ὥσπερ

451 4476 682 4531 bonitati
717 4490 905 4529 eorum
946 4490 1285 4546 congruam;
1340 4477 1421 4533 sic
1474 4488 1786 4548 peccatores
1831 4482 2031 4536 habent

451 4564 570 4618 loca
607 4564 845 4618 obscura
880 4574 934 4618 et
959 4565 1265 4631 tenebrosa,
1310 4571 1543 4624 horrore
1580 4580 1635 4624 et
1668 4572 1874 4626 exstasi
1912 4572 2029 4642 ple-

452 4669 543 4708 na.
576 4652 716 4719 Quid
748 4653 896 4708 enim
929 4655 1104 4725 magis
1130 4657 1459 4712 horrendum
1481 4673 1602 4713 esse
1624 4670 1804 4728 potest
1836 4660 1923 4717 his
1945 4662 2029 4715 lo-

449 4744 532 4799 cis
560 4743 628 4797 ad
666 4758 789 4811 quae
811 4744 1086 4800 daemones
1107 4745 1510 4802 detruduntur?
1536 4746 1675 4814 Quid
1698 4750 1872 4819 magis
1899 4766 2028 4805 cru-

449 4836 567 4892 dele
583 4844 637 4890 ct
668 4836 866 4891 durum
891 4850 954 4890 ea
982 4851 1164 4906 paena,
1199 4839 1285 4893 cui
1312 4840 1690 4909 adjudicantur
1714 4839 1737 4895 ?
1764 4843 2030 4899 Crucian-

449 4937 539 4984 tur
564 4938 742 4983 tamen
772 4936 829 4981 et
860 4928 961 4996 ipsi
985 4928 1265 4985 daemones
1298 4946 1407 4986 una
1439 4947 1562 4986 cum
1621 4936 2021 5001 peccatoribus,

451 5028 512 5072 ut
538 5018 799 5087 scriptum
816 5026 901 5071 est
923 5034 937 5070 :
963 5015 1231 5070 Discedite
1265 5036 1298 5073 a
1329 5036 1431 5085 me,
1449 5020 1739 5088 maledicti,
1772 5024 1828 5076 in
1856 5025 2027 5094 ignem

449 5120 701 5163 (uomunt
730 5118 980 5177 paratum
1009 5106 1221 5162 diabolo
1249 5119 1298 5163 et
1326 5112 1526 5181 angelis
1551 5112 1666 5181 ejus
1694 5115 1743 5167 ιι.
1794 5117 1864 5169 At
1907 5131 2028 5170 om-

450 5216 572 5255 nem
600 5200 886 5256 horrorem
928 5209 1171 5269 superat,
1213 5202 1357 5269 quod
1419 5202 1847 5273 Cbrysostomus
1898 5208 1975 5261 ait
2010 5225 2023 5261 :

451 5309 471 5341 ι
509 5289 565 5344 Si
598 5305 707 5343 non
730 5298 911 5345 essent
940 5288 1149 5346 scilicet
1189 5288 1411 5345 ﬂumina
1443 5292 1567 5347 istic
1588 5309 1710 5363 quae
1739 5296 1862 5366 igne
1885 5295 1995 5353 liue

449 5389 733 5443 rent,uon
763 5379 1040 5434 daemones
1081 5379 1370 5442 horrendi,
1415 5380 1668 5435 atsolum
1707 5396 1773 5436 ex
1809 5384 2025 5452 judica-

448 5467 515 5521 tis
540 5467 593 5521 hi
622 5467 793 5537 gloria
817 5475 871 5522 et
900 5466 1179 5536 triumpho
1206 5467 1329 5543 coeli
1384 5470 1719 5526 donarentur
1750 5488 1762 5525 :
1797 5472 1875 5526 illi
1942 5473 2025 5527 in-

446 5556 605 5626 glorii
631 5566 683 5611 et
712 5557 1021 5618 inhonorati
1049 5558 1508 5629 relinquerentur,
1544 5577 1610 5614 ne
1640 5561 1885 5618 viderent
1911 5565 2027 5632 glo-

523 5756 545 5786 ⁸³
573 5746 717 5802 Psal.
746 5764 927 5811 ιχκγι,
954 5749 1004 5802 ι.
1083 5748 1110 5785 ι’
1143 5747 1333 5802 Matth.
1368 5766 1490 5813 xxv,
1534 5751 1620 5807 εΗ.

2130 4484 2178 4535 οί
2208 4481 2352 4550 ἆγιοι
2374 4481 2704 4553 λαμϐάνουσι
2736 4485 2934 4549 τόπους
2964 4484 3117 4549 τινὰς
3154 4490 3455 4556 φωτεινοὺς
3489 4487 3582 4542 καὶ
3622 4486 3709 4538 εὖ·

2133 4573 2403 4643 φροσύνην
2450 4573 2747 4646 ἀγγελικὴν
2790 4576 3159 4646 ἀναλογοῦσαν
3206 4581 3271 4649 τῇ
3313 4579 3494 4651 ἀγαθῇ
3534 4576 3707 4633 αὐτῶν

2131 4664 2349 4736 πράξει,
2384 4663 2528 4717 οὕτω
2569 4667 2664 4718 καὶ
2699 4668 2748 4719 οἱ
2784 4667 3103 4738 ἁμαρτωλοὶ
3144 4668 3481 4740 λαμϐάνουσι
3513 4669 3706 4730 τόπους

2134 4756 2442 4817 σκοτεινοὺς
2466 4755 2564 4808 καὶ
2580 4753 2842 4822 ζοφώδεις
2869 4758 3139 4827 γέμοντας
3166 4760 3368 4831 φρίκης
3397 4761 3493 4814 καὶ
3515 4756 3704 4812 ἐκστά-

2132 4862 2289 4908 σεως,
2322 4843 2504 4908 καθὼς
2537 4845 2791 4913 λέγουσιν
2827 4848 2876 4899 οί
2902 4847 3072 4917 ἆγιοι.
3098 4850 3162 4903 Τί
3191 4851 3301 4922 γάρ
3327 4852 3442 4904 ἐστι
3474 4848 3703 4920 φοϐερώ-

2129 4952 2286 5005 τερον
2315 4937 2347 5006 ἢ
2371 4935 2736 5006 ἐλεεινότερον
2757 4937 2983 4991 ἐκείνων
3008 4940 3116 4993 τῶν
3143 4941 3327 4996 τόπων
3361 4944 3417 4994 ἐν
3454 4937 3535 5005 οἷς
3578 4940 3694 5008 πέμ-

2131 5042 2322 5080 πονται
2354 5027 2403 5078 oi
2433 5024 2726 5095 δαίμονες;
2759 5027 2822 5079 Τί
2854 5027 2911 5080 δέ
2945 5029 3270 5101 πικρότερον
3308 5031 3410 5100 τῆς
3436 5030 3700 5089 κολάσεως

2128 5110 2197 5186 ἧς
2222 5113 2686 5184 κατακρίνονται;
2723 5115 2830 5168 Καὶ
2857 5116 3006 5187 ὅμως
3038 5117 3355 5183 κολάζονται
3404 5121 3499 5171 καὶ
3526 5118 3693 5186 ἀμαρο

2128 5207 2291 5260 τωλοὶ
2323 5205 2441 5276 μετ’
2471 5205 2652 5259 αὐτῶν
2680 5205 2787 5259 τῶν
2816 5209 3110 5278 δαιμόνων,
3142 5211 3327 5273 καθὼς
3358 5211 3524 5279 λέγει·
3567 5211 3698 5261 Ἀπ-

2130 5296 2337 5351 έλθετε
2376 5298 2465 5361 εἰς
2508 5295 2571 5348 τὸ
2609 5296 2728 5364 πῦρ
2768 5299 2833 5352 τὸ
2877 5299 3120 5354 αἰώνιον
3158 5302 3225 5354 τὸ
3266 5299 3694 5371 ἡτοιμασμένον

2132 5385 2211 5453 τῷ
2235 5385 2509 5450 διαϐόλῳ,
2552 5385 2651 5440 καὶ
2674 5387 2799 5453 τοῖς
2832 5389 3110 5459 ἀγγέλοις
3131 5391 3338 5446 αὑτοῦ.
3367 5391 3438 5444 Τὸ
3466 5392 3520 5444 δὲ
3550 5387 3699 5458 φοϐε-

2135 5477 2227 5549 ρὸν
2261 5477 2438 5529 ἐκεῖνο
2463 5475 2699 5547 μάλιστα
2729 5477 2758 5530 ὂ
2786 5478 2935 5547 λέγει
2978 5483 3006 5534 ὁ
3032 5482 3187 5550 ἅγιος
3222 5482 3474 5552 Ἰωάννης
3511 5483 3537 5533 ὁ
3562 5479 3707 5548 Χριν-

2137 5567 2423 5636 σόστομος,
2473 5567 2553 5623 ὅτι
2601 5570 2649 5620 εἰ
2686 5568 2782 5624 καὶ
2810 5569 2883 5640 μὴ
2915 5572 3159 5642 ποταμὸς
3188 5566 3340 5626 εἷλκε
3390 5571 3480 5626 τοῦ
3513 5567 3697 5638 πυρὸς.
