4062 6480
393 437 524 508 1753
1744 451 1930 513 DOCT

2031 454 2125 515 NA
2162 459 2298 519 XII.
3504 470 3645 534 1751‘

389 551 524 623 μηδέ
557 550 777 620 ἄγγελοι
806 552 1270 625 παρειστήκεισαν
1301 552 1542 623 φοϐεροί·
1576 554 1738 626 μόνον
1772 556 1828 609 δὲ
1863 574 1930 610 κα

2031 608 2036 618 ,
2066 561 2201 615 riam
2222 562 2440 618 Domini
2469 583 2482 618 :
2517 563 2659 621 hanc
2678 580 2918 636 pmnam,
2936 571 3074 625 hanc
3096 568 3470 640 ignominiam.
3499 574 3639 630 hanc

384 640 665 710 λουμένων
684 640 794 693 τῶν
819 641 1120 710 ἀνθρώπων
1146 644 1194 696 οἱ
1232 642 1329 713 μὲν
1359 644 1706 709 ἐπαινοῦντες
1735 647 1828 699 καὶ
1850 648 1930 701 ἐδο

2063 653 2464 721 confusionem,
2495 670 2659 711 omne
2692 659 2945 713 tormenti
2964 675 3158 729 genus,
3190 677 3406 718 omnem
3435 669 3637 733 gehen-

386 730 627 795 ξάζοντο,
657 731 707 783 οἱ
749 731 806 784 δὲ
845 732 1269 802 παρεπέμποντο
1309 734 1541 802 ἀτίμως,
1577 735 1663 788 ἵνα
1695 735 1769 807 μὴ
1809 737 1930 790 ῐδωσ

2061 759 2185 796 nam
2213 760 2492 814 superare.
2526 767 2546 801 ι
2578 748 2800 805 Accedit
2820 759 3079 820 praeterea
3127 767 3287 808 casus
3317 754 3401 809 sui
3456 753 3634 820 dolor,

380 822 481 890 τὴν
506 820 664 886 δόξαν
697 822 789 874 τοῦ
828 822 986 874 Θεοῦ·
1030 818 1142 894 ἆρα
1173 824 1274 876 οὐκ
1316 819 1385 896 ἦν
1438 827 1739 896 πικροτέρα
1777 827 1925 897 πάση

2031 835 2409 899 _‘.onscieutia3
2436 853 2654 893 morsus
2672 847 2727 894 ct
2776 842 3039 896 memoria
3086 844 3428 899 amarissima
3466 845 3635 899 male-

379 909 602 982 γεέννης
640 913 673 980 ἡ
717 911 938 975 κόλασις
978 912 1078 982 τῆς
1124 913 1405 986 αἰσχύνης,
1448 916 1542 969 καὶ
1591 916 1688 987 τῆς
1732 917 1925 988 ἀτιμία

2031 909 2351 989 “factorum,
2377 944 2499 998 qua:
2513 930 2700 985 omnia
2732 931 2955 986 duriora
2983 943 3113 987 sunt
3151 934 3433 989 tormentis
3475 933 3635 987 innu-

379 1002 614 1072 ἐκείνης,
647 1004 741 1056 καὶ
768 1003 800 1076 ή
827 1003 983 1074 ὀδᾶνη
1031 1005 1128 1073 τῆς
1168 1005 1495 1066 ἐκπτώσεως
1540 1007 1648 1060 τῶν
1699 1009 1930 1063 τοιούτων

2059 1019 2224 1072 meris
2254 1026 2309 1073 et
2335 1020 2811 1077 inenarrabilibus.
2834 1024 3089 1078 Omnium
3118 1025 3262 1079 enim
3310 1023 3633 1078 memoriam

376 1093 633 1161 ἀγαθῶν;
661 1093 793 1146 Τότε
826 1094 934 1164 γὰρ
968 1096 1062 1147 καὶ
1112 1095 1273 1158 αὐτὸς
1296 1096 1322 1146 ὁ
1340 1095 1558 1166 ἔλεγχος
1588 1099 1688 1169 τῆς
1714 1100 1927 1172 συνειδή

2058 1112 2258 1166 habent
2286 1113 2408 1167 istic
2439 1114 2656 1177 animae,
2688 1130 2809 1183 quae
2831 1114 2884 1168 in
2923 1116 3032 1169 vita
3058 1116 3160 1171 hac
3223 1124 3628 1185 pcrpetrarunt,

377 1198 539 1248 σεως,
575 1184 669 1236 καὶ
700 1184 839 1253 αὑτὴ
882 1186 916 1254 ἡ
949 1185 1136 1255 μνήμη
1178 1184 1287 1236 τῶν
1314 1187 1736 1257 πεπραγμένων,
1770 1188 1930 1242 καθὼ.

2055 1214 2107 1256 et
2132 1217 2468 1267 sermonum,
2505 1205 2873 1270 ctactionum,
2932 1214 2987 1259 et
3029 1206 3443 1269 desideriorum,
3497 1221 3630 1261 eon-

374 1274 636 1341 ἀνωτέρω
680 1273 931 1342 εἴπομεν,
972 1275 1152 1346 χεῖρόν
1182 1277 1298 1328 ἐστι
1334 1277 1543 1347 μυρίων
1591 1280 1685 1332 καὶ
1731 1281 1953 1348 ἀφάτων

370 1365 680 1435 τιμωριῶν.
730 1366 913 1417 Πάντα
975 1366 1086 1436 γὰρ
1140 1366 1445 1437 μέμνηνται
1496 1369 1551 1421 αἱ
1607 1369 1778 1440 ψυχαὶ
1843 1373 1953 1427 τῶν

370 1454 635 1518 ἐνταῦθα,
667 1455 850 1516 καθὼς
878 1456 1128 1524 λέγουσιν
1153 1460 1200 1510 οἱ
1229 1460 1494 1530 Πατέρες,
1531 1461 1625 1513 καὶ
1654 1461 1827 1526 λόγων
1858 1464 1952 1517 καὶ

367 1546 572 1618 ἔργων,
604 1549 699 1601 καὶ
743 1548 1117 1619 ἐνθυμήσεων,
1151 1549 1245 1602 καὶ
1278 1550 1491 1614 οὐδενὸς
1518 1551 1723 1605 τούτων
1758 1553 1952 1607 δύνανο

364 1655 462 1692 ται
522 1640 896 1693 ἐπιλαθέσθαι.
953 1643 1020 1694 ὐ
1076 1642 1134 1694 δὲ
1176 1641 1324 1711 λέγει
1385 1644 1441 1695 ὲν
1477 1644 1555 1713 τῷ
1589 1644 1813 1716 ψαλμῷο
1856 1647 1950 1699 Ἐν

365 1730 574 1799 ἐκείνῃ
614 1729 691 1798 τῇ
719 1730 909 1798 ἡμέρᾳ
936 1731 1306 1785 ἀπολοῦνται
1338 1734 1393 1785 οὶ
1426 1731 1799 1803 διαλογισμοὶ
1837 1736 1949 1790 αὐ-

363 1821 509 1884 τῶν,
548 1821 678 1885 τοὺς
727 1821 1114 1892 διαλογισμοὺς
1165 1822 1311 1890 λέγει
1358 1823 1452 1876 τοῦ
1502 1825 1695 1890 αἰῶνος
1737 1827 1944 1884 τούτου.

2060 1295 2545 1362 eupiscentiarum;
2578 1305 2636 1350 et
2685 1296 2879 1351 horum
2922 1297 3053 1350 nihil
3102 1310 3333 1366 possunt
3378 1297 3629 1353 oblivisci

2058 1400 2319 1454 unquam.
2350 1384 2503 1452 Quod
2537 1394 2719 1439 autem
2769 1387 2970 1439 dicitur
3009 1386 3061 1438 in
3110 1385 3327 1439 Psalmo
3365 1405 3376 1441 :
3414 1385 3479 1440 In
3530 1386 3628 1439 illa

2052 1474 2137 1526 die
2171 1476 2410 1543 peribunt
2447 1491 2625 1527 omnes
2664 1476 3010 1545 cogitationes
3050 1490 3228 1527 eorum
3261 1475 3628 1544 e;cogitatio--

2052 1580 2150 1620 nes
2176 1565 2427 1635 intelligit
2457 1565 2620 1633 hujus
2648 1565 2854 1625 saaculi,
2900 1565 3088 1635 quales
3137 1573 3285 1631 sunt,
3317 1564 3624 1627 domorum,

2051 1659 2483 1728 possessionum,
2538 1659 2797 1722 iiiiorum,
2855 1657 3283 1726 propinquorum
3340 1664 3393 1710 et
3447 1657 3626 1710 oumis

2050 1749 2382 1803 commercii.
2418 1749 2541 1803 llaec
2573 1750 2757 1802 omnia
2800 1748 2888 1803 ubi
2911 1749 3041 1802 exiit
3080 1747 3261 1802 anima
3288 1762 3316 1800 a
3379 1760 3625 1814 corpore.

2052 1845 2323 1905 pereunt.
2389 1837 2533 1891 Nihil
2588 1838 2780 1892 horum
2836 1839 3070 1908 amplius
3120 1837 3490 1891 reminiscitur
3535 1844 3629 1889 aut

365 1906 517 1973 Οἷον,
545 1913 856 1982 οίκοδομῆς,
885 1913 1120 1984 χωρίων,
1148 1915 1368 1982 γονέων,
1401 1915 1629 1979 τέκνων,
1656 1917 1840 1988 πάσης
1859 1920 1930 1972 δο-

2049 1935 2224 1979 curat.
2279 1925 2411 1991 Quae
2461 1935 2644 1981 autem
2701 1926 2829 1981 fecit
2881 1927 2965 1981 vel
3018 1925 3319 1981 secundum
3371 1926 3624 1979 virtutem

365 2001 653 2071 σοληψίας.
684 2002 869 2056 Ταῦτα
903 2003 1020 2073 ἅμα
1054 2004 1132 2074 τῷ
1168 2003 1406 2069 ἐξελθεῖν
1431 2007 1530 2078 τὴν
1552 2007 1730 2079 ψυχὴν
1761 2011 1824 2062 ἐκ
1853 2010 1947 2062 τοῦ

365 2091 619 2162 σώματος
654 2094 896 2161 ἀπόλλει,
932 2096 1023 2149 καὶ
1047 2096 1260 2160 οὐδενὸς
1293 2097 1497 2151 τούτων
1527 2100 1877 2168 μνημονεύει,
1912 2100 1946 2171 ἢ

367 2184 667 2252 φροντίζει.
698 2188 763 2237 “A
790 2185 847 2239 δὲ
874 2186 1097 2257 ἐποίησε
1125 2190 1248 2240 κατ’
1274 2188 1496 2259 ἀρετὴν,
1524 2189 1556 2259 ἢ
1587 2191 1728 2244 κατὰ
1753 2191 1944 2255 πάθος,

2048 2019 2129 2072 vel
2165 2018 2523 2081 vitium,h'.ec
2572 2021 2758 2073 omnia
2805 2019 3074 2085 meminit,
3133 2018 3378 2087 nihilque
3430 2018 3624 2070 horum

2046 2111 2229 2184 perire
2259 2109 2359 2180 ipsi
2382 2117 2579 2180 potest.
2617 2107 2674 2163 Si
2705 2124 2812 2178 qua
2841 2109 3005 2162 etiam
3037 2108 3091 2162 in
3120 2123 3177 2162 re
3209 2107 3370 2160 alicui
3402 2105 3627 2176 prodes-9

2048 2219 2107 2258 se
2135 2210 2421 2263 curarunt,
2453 2199 2538 2253 vel
2568 2197 2673 2267 ipsi
2701 2198 2770 2251 ab
2805 2198 2917 2251 ullo
2946 2197 3211 2253 beneﬁcio
3238 2197 3412 2252 aﬂ'ecti
3472 2206 3623 2263 sunt,

363 2274 570 2327 τούτων
603 2277 893 2347 μέμνηται,
920 2277 1015 2330 καὶ
1038 2277 1192 2331 οὐδὲν
1217 2278 1278 2345 ἐξ
1305 2280 1484 2333 αὐτῶν
1507 2281 1749 2336 ἀπόλλει.
1788 2283 1930 2336 Ἀλλέ

2045 2288 2151 2343 hoc
2180 2300 2394 2355 semper
2419 2283 2736 2338 meminere.
2764 2280 2922 2354 431
2958 2282 3090 2337 item
3118 2282 3163 2337 si
3221 2282 3307 2336 cui
3368 2280 3624 2350 iniuriam

361 2365 460 2419 καὶ
485 2366 580 2419 ἐὰν
605 2366 859 2439 ὠφέλησέ
887 2369 969 2431 τίς
988 2370 1130 2434 τινὰ,
1154 2371 1187 2439 ἢ
1220 2372 1381 2435 αὐτὸς
1404 2372 1658 2444 ὠφελήθη
1688 2376 1840 2444 παρά
1868 2394 1930 2429 τιι

2040 2381 2293 2445 intulere,
2328 2384 2423 2431 aut
2446 2377 2546 2446 ipsi
2581 2377 2649 2430 ab
2679 2376 2787 2430 alio
2839 2389 3114 2444 recepere,
3190 2383 3487 2441 utrumque
3537 2387 3626 2426 rc-

358 2475 476 2520 νος,
510 2459 597 2511 ἀεὶ
634 2459 906 2529 μέμνηται
943 2461 1148 2515 καὶτοῦ
1177 2462 1551 2533 ὠφεληθέντας
1579 2466 1715 2534 παρ’
1751 2466 1930 2531 αὑτοῦ1

2040 2469 2482 2524 miniscunturet
2513 2466 2731 2531 sciunt;
2789 2465 3033 2534 nihilque
3073 2464 3319 2530 omnino,
3372 2473 3433 2519 ut
3485 2461 3621 2526 dixi,

356 2549 459 2602 καὶ
487 2549 582 2602 τοῦ
605 2549 990 2621 ὠφελήσαντος
1017 2552 1200 2605 αὐτόν·
1232 2554 1433 2623 ὁμοίως
1455 2555 1656 2627 ἐϐλάϐη
1687 2558 1839 2628 παρά
1865 2575 1930 2611 τι·

2041 2561 2217 2630 perdit
2246 2559 2427 2612 anima
2460 2572 2651 2612 eorum
2693 2571 2814 2625 qua:
2845 2556 2898 2609 in
2940 2557 3047 2609 vita
3079 2555 3181 2610 hac
3212 2555 3295 2610 vel
3322 2554 3462 2609 bene
3482 2554 3623 2609 male

355 2660 472 2709 νος,
521 2643 552 2714 ἢ
608 2643 769 2706 αὐτὸς
810 2644 1009 2713 ἔϐλαψέ
1057 2662 1199 2709 τινα,
1250 2646 1336 2699 ἀεὶ
1374 2646 1671 2718 μέμνηται,
1715 2650 1807 2702 καὶ
1849 2648 1930 2702 τοῐ

2031 2649 2229 2720 gessit.
2272 2647 2385 2701 lmn
2430 2647 2594 2701 etiam
2638 2645 2841 2700 clarius
2874 2644 3276 2715 dilucidiusque
3307 2653 3467 2699 exuta
3517 2644 3622 2698 hoc

357 2733 665 2805 βλάψαντος
717 2736 900 2798 αὑτὸν,
934 2738 1031 2790 καὶ
1058 2738 1152 2790 τοῦ
1197 2737 1483 2808 βλαϐέντος
1513 2740 1605 2792 ὑπ’
1637 2740 1820 2794 αὐτοῦ’
1847 2743 1930 2795 καλ

2048 2739 2290 2796 terrestri
2321 2752 2549 2801 corpore
2577 2736 2761 2791 omnia
2784 2736 3030 2805 percipit,
3057 2736 3323 2806 agnoscit,
3348 2736 3617 2806 intelligit.

352 2827 533 2888 οὐδὲν,
576 2827 759 2889 καθὼς
786 2821 961 2891 εἶπον,
987 2829 1208 2883 ἀπόλλει
1236 2832 1269 2899 ἡ
1296 2829 1441 2900 ψυχὴ
1465 2823 1540 2884 ὧν
1571 2831 1803 2901 ἔπραξεν
1837 2835 1893 2886 ἐν
1923 2834 2003 2905 τῷ
2025 2834 2218 2903 κόσμῳ
2237 2830 2432 2900 τούτῳ,
2454 2828 2591 2884 ἀλλὰ
2614 2829 2831 2881 πάντων
2854 2826 3125 2897 μέμνηται
3145 2825 3282 2897 μετὰ
3300 2825 3360 2879 τὸ
3386 2826 3621 2893 ἐξελθεῖν

353 2918 425 2971 ἐκ
465 2915 561 2970 τοῦ
632 2916 902 2987 σώματος’
943 2918 1080 2971 ἀλλὰ
1117 2919 1212 2972 καὶ
1248 2919 1327 2972 ἔτι
1357 2922 1721 2992 τρανοτέρως,
1764 2923 1848 2978 ἔτι
1878 2925 2229 2996 φανωτέρως,
2265 2922 2342 2985 ὡς
2370 2920 2748 2988 ἀπαλλαγεῖσα
2778 2917 2872 2972 τοῦ
2920 2917 3109 2989 γηῖνου
3130 2918 3319 2971 τούτου
3343 2916 3617 2987 σώματος.

428 3013 501 3063 A'.
538 3012 674 3064 Ποτὲ
727 3012 1022 3081 ἐλαλοῦμεν
1068 3014 1208 3082 μετά
1234 3030 1379 3077 τινος
1408 3016 1645 3085 μεγάλου
1681 3019 1930 3089 γέροντος

2107 3016 2194 3073 IV.
2237 3016 2624 3086 Loquebamur
2658 3014 2985 3084 quandoque
3023 3013 3091 3067 de
3130 3027 3189 3066 re
3223 3012 3323 3066 hac
3352 3025 3478 3065 cum
3531 3026 3620 3065 se-

351 3101 488 3170 περὶ
516 3100 726 3154 τούτουο
759 3102 854 3154 καὶ
870 3100 1057 3168 ἔλεγεν
1079 3101 1242 3166 αὐτὸς
1261 3105 1289 3156 ὁ
1310 3104 1506 3172 γέρων,
1540 3105 1621 3159 ὅτι
1643 3107 1930 3177 Μέμνηται

2035 3111 2190 3165 niore
2218 3110 2454 3179 quodam
2488 3107 2751 3169 maximo.
2783 3105 3073 3175 aiebatque
3102 3104 3233 3158 ille:
3277 3102 3453 3156 Exuto
3493 3116 3619 3156 cor-

351 3194 390 3265 ή
421 3191 567 3262 ψυχὴ
604 3191 740 3260 μετὰ
772 3192 834 3245 τὸ
867 3192 1106 3256 ἐξελθεῖν
1148 3196 1212 3246 ἐκ
1252 3193 1349 3247 τοῦ
1388 3194 1641 3265 σώματος
1686 3197 1780 3250 τοῦ
1827 3199 1935 3252 πά-

351 3282 483 3346 θους
508 3278 568 3338 οὗ
602 3283 901 3354 ἐνήργησε,
936 3284 1033 3338 καὶ
1064 3285 1162 3357 τῆς
1188 3286 1482 3355 ἁμαρτίας,
1510 3288 1606 3340 καὶ
1635 3288 1729 3341 τοῦ
1760 3307 1932 3361 προσ-

351 3373 507 3432 ώπου
539 3372 659 3439 μεθ’
681 3370 743 3426 οὗ
767 3376 1071 3445 ἐνήργησεν
1106 3377 1299 3447 αὑτήν.
1346 3377 1487 3447 Ἐγὼ
1522 3378 1578 3431 δέ
1608 3380 1795 3448 ἔλεγον
1831 3382 1932 3434 αὐ-

349 3464 452 3536 τῷ·
492 3485 510 3518 ι
538 3465 690 3537 Τάχα
720 3469 819 3537 οὐχ
856 3467 1052 3532 οὕτως,
1081 3467 1198 3521 ἀλλ’
1226 3469 1358 3531 ἴσως
1388 3470 1486 3541 τὴν
1511 3470 1625 3536 ἕξιν
1648 3471 1749 3541 τὴν
1776 3489 1933 3540 γενο-

354 3558 524 3630 μένην
570 3559 707 3630 αὐτῇ
761 3561 827 3615 ὲκ
862 3559 961 3629 τῆς
996 3560 1253 3630 ἐργασίας
1287 3561 1386 3631 τῆς
1424 3562 1701 3632 ἁμαρτίας
1748 3563 1932 3633 μέλλει

351 3650 518 3722 ἔχειν,
549 3653 645 3706 καὶ
672 3652 842 3720 αὐτῆς
867 3654 1162 3724 μέμνηται,
1201 3672 1220 3705 ι
1251 3655 1364 3708 Καὶ
1390 3655 1689 3725 ἐμείναμεν
1721 3658 1813 3710 ἐπὶ
1837 3673 1933 3711 πο-

349 3742 414 3797 λὺ
466 3743 899 3811 φιλονεικοῦντες
948 3747 1077 3815 περὶ
1117 3744 1211 3798 τοῦ
1248 3745 1405 3813 λόγου
1442 3746 1636 3800 τούτου
1685 3747 1932 3813 θέλοντες

351 3834 564 3904 μαθεῖν.
596 3835 705 3886 Καὶ
737 3834 838 3887 οὐκ
856 3835 1106 3888 ἐπείθετο
1129 3839 1156 3889 ὀ
1179 3837 1358 3905 γέρων
1382 3838 1579 3905 λέγων,
1601 3838 1686 3891 δτι
1713 3841 1808 3893 καὶ
1833 3841 1932 3893 ati-

345 3925 441 3977 τοῦ
487 3923 579 3977 τοῦ
629 3924 805 3985 εἴδους
844 3925 942 3994 τῆς
987 3927 1261 3996 ἁμαρτίας
1300 3926 1593 3997 μέμνηται,
1630 3931 1726 3982 καὶ
1761 3931 1928 3983 αὐτοῦ

345 4016 439 4069 τοῦ
477 4016 646 4083 τόποι)
690 4018 785 4070 καὶ
825 4017 991 4070 αὐτοῦ
1015 4018 1115 4071 τοῦ
1146 4019 1440 4089 προσώπου
1473 4023 1926 4092 συναμαρτήσανο

343 4125 457 4168 τος.
491 4110 602 4162 Καὶ
633 4110 804 4172 ὗντως
836 4110 932 4164 ἐὰν
977 4108 1149 4172 οὕτως
1196 4111 1365 4173 ἐστὶν,
1398 4110 1479 4163 ἔτι
1521 4111 1707 4164 πλεῖον
1748 4113 1926 4184 κάκην

345 4202 583 4272 ἐσχάτην
623 4201 836 4273 ἔχωμεν
882 4203 1115 4264 ἑαυτοῖς.
1159 4201 1260 4255 Διὰ
1293 4202 1451 4256 τοῦτο
1489 4204 1577 4256 ἀεὶ
1602 4204 1745 4272 λέγω
1774 4206 1922 4275 ὑμῖν,

345 4294 685 4348 σπουδάσατε
724 4297 988 4365 γεωργεῖν
1033 4293 1233 4357 καλοὺς
1258 4295 1571 4365 λογισμοὺς,
1607 4296 1694 4350 ἴνα
1728 4296 1924 4361 αὐτοὺς

2033 3212 2167 3268 pore
2201 3198 2440 3251 animam
2476 3193 2754 3249 reminisci
2785 3192 2966 3247 omnis
2997 3191 3215 3246 virtutis
3239 3198 3294 3245 et
3322 3189 3439 3243 vitii
3470 3188 3619 3259 quod

2031 3290 2220 3345 vivens
2268 3288 2323 3343 in
2371 3302 2599 3357 corpore
2649 3294 2868 3355 cperata
2924 3292 3091 3348 esset,
3151 3297 3400 3352 personae
3450 3281 3616 3335 etiam

2032 3395 2270 3452 quacum
2310 3381 2399 3435 illa
2429 3386 2810 3449 perpetrasset.
2854 3377 2964 3446 Ego
2993 3390 3126 3430 vero
3154 3384 3340 3430 contra
3368 3373 3616 3428 dicebam

2032 3489 2142 3528 non
2170 3475 2245 3527 ita
2273 3487 2394 3528 esse
2418 3472 2661 3535 omnino,
2696 3471 2789 3525 sed
2822 3469 3054 3523 fortasse
3085 3468 3287 3522 habere
3316 3480 3434 3521 eam
3466 3464 3620 3519 habi-

2036 3573 2147 3619 tum
2176 3565 2407 3635 peccati,
2439 3579 2601 3633 quem
2638 3564 2691 3617 in
2729 3577 2789 3617 se
2817 3562 2935 3632 ipsa
2959 3575 3025 3615 ex
3062 3559 3333 3630 frequenti
3366 3568 3489 3612 actu
3524 3572 3619 3627 pc-

2032 3658 2285 3726 perisset,
2318 3665 2484 3727 atque
2519 3656 2681 3726 hujus
2708 3654 3047 3709 meminisse.
3086 3653 3285 3723 Sicque
3313 3651 3381 3707 de
3420 3664 3479 3704 re
3516 3649 3619 3705 hac

2032 3750 2243 3804 diutius
2294 3750 2438 3803 inter
2487 3764 2589 3802 nos
2634 3747 3036 3811 contendimus,
3090 3761 3216 3800 cum
3249 3751 3463 3813 optaret
3512 3742 3618 3797 hoc

2032 3844 2210 3910 ipsum
2250 3850 2480 3910 uterque
2509 3852 2756 3895 nostrum
2794 3854 2893 3908 pro
2923 3846 3071 3893 certo
3102 3837 3261 3891 scire.
3296 3833 3415 3890 Non
3463 3845 3619 3904 pote-

2032 3943 2115 3986 rat
2149 3941 2330 3987 autem
2363 3933 2478 3985 seni
2514 3934 2617 3985 hoc
2660 3930 2995 4000 persuaderi,
3037 3928 3485 3997 persistebatque,
3529 3927 3616 3980 di-

2029 4036 2163 4077 cens
2190 4022 2335 4090 quod
2369 4021 2551 4074 anima
2588 4020 2752 4075 etiam
2798 4017 2972 4088 ipsius
3008 4017 3213 4086 peccati
3256 4016 3491 4083 speciem
3526 4029 3613 4069 re-

2030 4112 2435 4177 miniscerctur,
2465 4126 2673 4166 necnon
2722 4124 3011 4180 personam
3041 4116 3095 4162 et
3128 4108 3305 4161 locum
3340 4105 3438 4160 ubi
3481 4120 3611 4175 pec-

2027 4212 2226 4258 casset.
2262 4204 2327 4256 Et
2355 4218 2488 4257 sane
2518 4202 2564 4256 si
2593 4202 2666 4254 ita
2697 4210 2798 4265 est,
2825 4201 2990 4255 etiam
3022 4198 3208 4269 pejora
3232 4205 3396 4252 erunt
3427 4196 3611 4250 novis-

2029 4298 2164 4351 sima
2196 4305 2381 4350 nostra
2407 4309 2571 4364 quam
2607 4292 2877 4357 dicebam,
2910 4291 3017 4346 nisi
3062 4290 3223 4345 nobis
3253 4290 3385 4359 ipsis
3429 4297 3610 4341 atten-

343 4383 542 4455 εὕρητε
571 4387 705 4438 ἐκεῖ.
732 4386 800 4438 Εἴ
823 4403 878 4437 τι
909 4384 1018 4452 γὰρ
1042 4385 1156 4456 ἔχει
1193 4403 1277 4449 τις
1311 4380 1438 4451 ὧδε,
1471 4387 1603 4440 αὐτὸ
1636 4387 1920 4459 ἐξέρχεται

2031 4391 2238 4443 damus.
2272 4386 2384 4442 Hac
2412 4387 2479 4441 de
2518 4400 2685 4441 causa
2714 4400 2810 4439 vos
2834 4398 3049 4452 semper
3074 4383 3354 4447 adhortor,
3387 4381 3606 4446 fratres,

344 4476 462 4545 μετ’
482 4476 669 4540 αὑτοῦ,
700 4476 795 4529 καὶ
818 4475 949 4529 αὐτὸ
978 4476 1162 4545 μέλλει
1190 4478 1332 4546 ἔχειν
1367 4480 1502 4533 ἐκεῖ.
1538 4479 1922 4549 Φροντίσωμεν

344 4569 607 4639 ρυσθῆναι
642 4570 752 4622 ἀπὸ
774 4569 874 4637 τῆς
897 4569 1154 4638 τοιαύτης
1185 4570 1453 4641 ἀνάγκης,
1487 4571 1726 4639 ἀδελφοὶ,
1756 4588 1923 4624 σπου-η

337 4659 611 4730 δάσωμεν,
658 4661 754 4713 καὶ
779 4662 808 4715 ὁ
845 4662 979 4725 Θεὸς
1010 4664 1153 4714 ποιεῖ
1181 4662 1299 4732 μεθ’
1332 4664 1490 4732 ἡμῶν
1522 4664 1582 4716 τὸ
1609 4664 1778 4727 ἔλεος.
1809 4664 1921 4717 A6-

334 4751 430 4814 τὸς
455 4751 564 4822 γάρ
599 4754 748 4806 ἐστιν
775 4754 807 4822 ή
837 4753 1014 4818 ἐλπὶς
1050 4752 1294 4807 πάντων
1321 4753 1439 4807 τῶν
1463 4755 1623 4821 παρά
1654 4755 1774 4808 τῶν
1807 4754 1922 4823 τῆς

333 4842 450 4914 τῆς
472 4845 570 4899 καὶ
592 4845 712 4899 τῶν
736 4847 807 4899 ὲν
829 4845 1116 4913 θαλάσσῃ
1136 4846 1395 4914 μακράν.
1424 4849 1488 4900 Ol
1522 4850 1601 4911 εἰς
1620 4849 1687 4902 τὰ
1708 4850 1922 4918 πέρατα

333 4942 434 5010 τῆς
476 4937 601 5008 γῆς,
628 4939 764 4991 εἰσὶν
792 4939 840 4991 oi
870 4939 928 4991 ὲν
959 4937 1141 5010 τελείᾳ
1170 4940 1359 5011 κακίᾳ·
1404 4943 1453 4994 οἱ
1488 4941 1545 4994 δὲ
1577 4945 1635 4993 ὲν
1672 4941 1918 5014 θαλάσσῃ

340 5028 555 5099 μακράν
600 5031 758 5091 εἰσιν,
805 5031 855 5083 οἱ
905 5031 964 5082 ὲν
1014 5031 1217 5102 ἐσχάτῃ
1263 5031 1523 5103 ἀγνωσία·
1571 5033 1666 5086 καὶ
1702 5033 1853 5103 ὅμως
1889 5036 1918 5088 ὁ

336 5121 566 5202 χριστός
596 5123 741 5177 ἐστιν
779 5124 812 5191 ή
858 5121 1013 5185 ἐλπὶς
1050 5121 1159 5176 τῶν
1186 5123 1466 5177 τοιούτων.
1499 5125 1677 5193 Χρεία
1717 5126 1915 5196 μικροῦ

323 5213 524 5281 κόπου,
578 5215 953 5283 κοπιάσωμεν,
1009 5214 1096 5267 ἵνα
1143 5213 1477 5285 ἐὴηθῶμεν.
1527 5216 1657 5270 Ἐὰν
1695 5216 1792 5288 ἔχῃ
1831 5235 1918 5281 τις

326 5305 528 5377 χωρίον
565 5306 659 5360 καὶ
693 5306 944 5377 ἁμελήσῃ
991 5306 1157 5359 αὐτοῦ
1199 5306 1296 5360 καὶ
1340 5307 1615 5379 χερσωθῇ,
1650 5309 1747 5380 οὐχ
1791 5310 1916 5362 ὅσον

329 5394 525 5467 ἀμελεῖ
552 5397 741 5457 αὐτοῦ,
785 5395 1040 5450 τοσοῦτον
1077 5396 1343 5468 γεμοῢται
1381 5398 1632 5452 ἀκανθῶν
1666 5402 1761 5454 καὶ
1805 5418 1917 5472 τρι-

326 5482 529 5553 ϐάλω-η
560 5487 689 5540 ὅταν
716 5486 773 5540 δὲ
794 5486 922 5558 ἔλθῃ
950 5488 1030 5549 είς
1056 5486 1118 5539 τὸ
1149 5486 1445 5558 καθαρίσαι
1475 5488 1628 5554 αὐτὸ,
1658 5489 1758 5559 οὐχ
1790 5490 1914 5543 ὅσον

323 5576 561 5647 γέμουσι
587 5577 810 5632 τοσοῦτο
831 5577 1048 5649 ἔχουσιν
1066 5579 1481 5651 αίμορῤαγῆσαι
1513 5583 1569 5634 αί
1607 5585 1790 5654 χεῖρες
1813 5583 1913 5635 αὺ-

323 5668 442 5734 τοῦ,
472 5667 717 5734 θέλοντος
738 5670 1054 5725 ἀνασπάσαι
1083 5670 1183 5743 τήν
1210 5673 1387 5744 κακὴν
1415 5673 1647 5747 βοτάνην
1670 5675 1908 5748 ἐκείνην,

393 5858 415 5887 ε
456 5846 602 5903 Psal.
639 5865 796 5912 cnv.
828 5850 881 5905 4.
958 5849 984 5889 ἀ
1018 5848 1161 5906 Psal.
1195 5866 1321 5918 xw,
1349 5851 1402 5905 7.

2024 4491 2084 4537 ut
2135 4482 2372 4551 optimas
2415 4479 2773 4550 cogitationes
2805 4492 2943 4548 quas
2985 4476 3108 4531 istic
3138 4475 3485 4545 postmodum
3520 4473 3607 4527 in-

2022 4574 2278 4639 veniatis,
2315 4572 2473 4626 vobis
2505 4569 2786 4625 excolatis.
2829 4567 3104 4638 Quidquid
3135 4567 3280 4621 enim
3323 4565 3413 4620 hic
3443 4567 3609 4619 homo

2024 4666 2126 4720 sibi
2157 4663 2451 4735 paraverit,
2488 4663 2615 4718 istic
2646 4676 2809 4716 omne
2853 4660 3056 4715 tenebit
3098 4672 3338 4727 semper,
3372 4666 3430 4713 et
3478 4672 3603 4713 cum

2021 4773 2087 4811 eo
2119 4757 2321 4824 pariter
2346 4753 2657 4824 egredietur
2685 4767 2750 4807 ex
2776 4764 3027 4820 corpore.
3050 4749 3322 4804 Curemus
3356 4749 3524 4819 igitur
3553 4758 3607 4803 et

2021 4849 2360 4911 Studeamus,
2383 4846 2600 4909 fratres,
2621 4844 2689 4898 ab
2717 4844 2819 4898 hac
2844 4844 2981 4897 dura
3010 4842 3333 4897 necessitate
3363 4841 3602 4901 liberari,

2017 4951 2069 4996 ct
2087 4940 2238 4995 dabit
2253 4937 2412 4993 nobis
2431 4936 2575 4991 Deus
2592 4934 3025 4990 misericordiam
3041 4948 3219 4989 suam.
3235 4932 3505 5002 lpseenim
3521 4941 3605 4986 est

2020 5042 2079 5086 ut
2107 5034 2159 5085 in
2191 5031 2429 5094 Psalmo,
2466 5045 2581 5097 spes
2613 5029 2849 5081 omnium
2886 5027 3075 5098 finium
3100 5036 3255 5080 terra:
3289 5036 3338 5080 et
3376 5027 3429 5078 in
3464 5025 3604 5079 mari

2015 5120 2168 5191 longe
2181 5120 2230 5174 ά.
2250 5120 2375 5186 Qui,
2389 5134 2508 5182 oro,
2531 5120 2729 5173 suntin
2749 5116 2948 5174 ﬁnibus
2965 5116 3155 5172 terrae?
3176 5114 3271 5171 Hei
3290 5116 3382 5185 qui
3404 5118 3458 5169 in
3477 5128 3601 5183 per—

2017 5212 2156 5266 fecta
2205 5213 2491 5281 iniquitate
2536 5213 2691 5266 sunt!
2749 5210 2855 5276 Qui
2909 5216 3092 5263 autem
3129 5209 3182 5262 in
3224 5208 3360 5262 mari
3406 5206 3601 5276 longe?

2014 5305 2106 5373 qui
2149 5304 2204 5358 in
2233 5313 2475 5358 extrema
2528 5303 2834 5374 ignorantia
2863 5312 2993 5356 sunt
3034 5319 3049 5355 :
3087 5312 3141 5355 et
3176 5311 3354 5355 tamen
3401 5299 3597 5353 horum

2013 5399 2258 5453 omnium
2289 5398 2546 5453 Christus
2577 5412 2703 5466 spes
2736 5404 2841 5452 est.
2877 5394 2995 5450 Non
3040 5394 3207 5464 igitur
3250 5407 3387 5463 opus
3438 5392 3599 5448 nobis

2012 5500 2095 5545 est
2123 5490 2295 5545 multo
2325 5491 2536 5545 labore.
2572 5490 2928 5544 Elaboremus
2953 5486 3249 5549 modicum,
3286 5492 3341 5540 et
3378 5484 3598 5540 miseri—

2010 5584 2255 5639 cordiam
2293 5584 2520 5659 multam
2551 5596 2977 5652 consequemur.
3012 5578 3069 5634 Si
3110 5580 3238 5651 quis
3264 5579 3449 5634 villam
3501 5577 3598 5632 ha-

2011 5675 2157 5739 beat,
2190 5685 2245 5731 et
2276 5674 2556 5748 negligens
2589 5675 2736 5731 illam
2770 5676 2917 5731 sinat
2946 5671 3212 5729 incultam
3247 5670 3385 5736 ﬁeri,
3419 5685 3598 5726 nonin:
