4062 6482
456 450 598 518 1⁵155
1634 446 1647 459 ’
1667 454 1728 513 S.
1772 451 2079 512 DOROTII

2200 449 2521 510 ABBATIS
3605 440 3740 510 1756

456 569 663 633 quanto
690 561 840 618 illam
874 563 1194 633 negiexerit,
1245 569 1397 616 tanto
1429 560 1604 632 magis
1632 560 1806 630 spinis
1846 570 1899 615 et
1944 560 2045 614 tri-

2181 575 2216 630 ιν
2245 559 2460 630 ἀφῆκεν
2499 555 2744 611 ἀνελθεῖν
2786 556 2844 610 ἐν
2877 555 2956 628 τῷ
2995 557 3172 630 καιρῷ
3201 559 3301 629 τῆς
3333 555 3598 628 ἀμελείας
3644 556 3742 609 αὑ-

458 654 604 710 bulis
633 656 970 726 replebitur?
1001 655 1156 723 Quod
1188 655 1234 710 si
1265 653 1617 725 postmodum
1661 653 1729 708 ad
1774 668 1896 707 eam
1949 667 2047 707 ex-

2181 650 2242 703 οὖ
2268 668 2283 717 ;
2337 634 2625 703 Ἂδύνατον
2654 651 2763 721 γάρ
2786 651 2901 703 ἐστι
2930 652 3055 705 τινὰ
3086 650 3159 722 μὴ
3186 650 3399 721 θερίσαι
3431 649 3459 702 ὃ
3489 648 3739 718 ἔσπειρε·

459 748 809 819 pugnandam
846 748 1169 812 surrexerit,
1220 762 1406 802 nonne
1451 762 1563 816 quo
1610 745 1822 815 plenior
1876 743 2051 815 spinis

2181 743 2341 815 ,ρῄζει
2371 742 2428 797 δὲ
2460 746 2488 797 ὁ
2519 743 2689 797 θέλων
2721 743 3018 815 καθαρίσαι
3040 743 3100 797 τὸ
3129 744 3328 816 χωρίον
3362 741 3552 807 αὐτοῦ,
3587 741 3743 812 πρῶ-

463 838 646 905 l‘uerit,
679 854 746 894 eo
773 839 945 909 magis
976 852 1172 893 manus
1217 837 1337 907 ejus
1387 838 1652 909 sanguine
1682 836 1872 900 fluent,
1920 838 2048 891 dum

2181 853 2240 888 κον
2283 837 2382 905 μὲν
2429 835 2517 889 ἵνα
2569 835 2751 900 καλῶς
2806 835 3081 908 ὲκριζώσῃ
3126 836 3307 898 πάσας
3353 834 3452 897 τὰς
3485 833 3744 904 βοτάνας.

463 944 560 986 eas
604 939 659 985 et
707 938 934 985 caeteras
963 929 1161 983 herbas
1210 928 1531 984 infecundas
1574 937 1628 983 et
1673 929 1885 984 steriles
1915 944 2052 998 quas

465 1021 541 1076 ibi
587 1022 856 1092 pullulare
909 1037 1011 1076 sua
1065 1021 1393 1090 negligentia
1438 1021 1708 1091 permisit,
1749 1022 2055 1091 exstirpare

466 1114 713 1169 curabit?
751 1113 1091 1184 lmpossibile
1120 1123 1205 1168 est
1229 1114 1375 1167 enim
1410 1114 1646 1183 aliquem
1679 1113 1824 1167 aliud
1853 1124 2055 1168 metere

467 1224 630 1278 quam
664 1208 810 1278 quod
844 1206 1219 1262 seminaverit.
1272 1206 1500 1276 Oportet
1531 1216 1714 1261 autem
1761 1206 2056 1276 agricolam

466 1300 562 1370 qui
594 1300 779 1355 villam
811 1314 968 1354 suam
1001 1300 1208 1368 optime
1242 1314 1474 1368 purgare
1520 1299 1771 1363 voluerit,
1819 1299 2055 1369 primum

468 1391 690 1459 quidem
731 1390 997 1445 radicitus
1028 1390 1228 1444 herbas
1256 1391 1505 1444 evellere.
1554 1388 1668 1444 Nisi
1697 1390 1843 1445 enim
1878 1389 1954 1444 ita
1984 1389 2060 1444 l'e-

468 1484 628 1548 cerit,
657 1493 712 1539 et
739 1484 1116 1539 summitatem
1158 1492 1372 1537 tantum
1404 1483 1693 1545 abraserit,
1726 1482 1906 1537 denuo
1937 1484 2061 1552 pul-

471 1578 739 1633 lulabunt.
783 1577 936 1648 Opus
966 1586 1051 1635 est
1082 1578 1268 1649 igitur,
1303 1587 1363 1631 ut
1397 1578 1531 1641 dixi,
1568 1578 1778 1632 radices
1821 1578 2059 1647 primum

471 1669 821 1739 exstirpare:
862 1668 1006 1738 quod
1038 1683 1164 1721 cum
1216 1667 1389 1737 egerit
1420 1676 1473 1721 et
1523 1666 1591 1721 ab
1643 1666 1948 1722 inl‘ecundis
1997 1680 2064 1722 ac

472 1760 633 1815 malis
666 1760 850 1815 herbis
880 1768 1236 1830 expurgatam
1288 1759 1604 1824 reddiderit,
1656 1759 1880 1812 omnino
1934 1767 2065 1815 tunc

472 1853 696 1922 incipiet
747 1851 928 1921 glebas
981 1852 1253 1905 invertere
1303 1859 1357 1905 et
1408 1850 1679 1919 frangere,
1732 1851 2064 1920 demumquc

2166 927 2292 981 Ἐὰν
2319 928 2428 1000 γὰρ
2460 927 2535 999 μὴ
2571 928 2753 992 καλῶς
2780 929 3075 1002 ἀνασπάσῃ
3104 928 3203 992 τὰς
3236 929 3393 1000 ῥίζας
3422 927 3610 980 αὐτῶν
3645 927 3749 980 πά·

2157 1036 2276 1083 σας,
2302 1020 2436 1075 ἀλλά
2469 1021 2630 1090 μόνον
2654 1021 2861 1075 ἄνωθεν
2894 1022 3036 1093 κόψῃ
3071 1021 3260 1084 αὐτὰς,
3298 1021 3459 1075 πάλιν
3491 1019 3747 1089 φύονται.

2156 1112 2310 1166 Θέλει
2345 1108 2437 1166 οὖν
2465 1131 2548 1177 τις
2574 1114 2662 1167 ἵνα
2685 1115 2854 1178 αὐτὰς
2890 1116 3068 1185 ῥίζας,
3103 1115 3178 1178 ὡς
3212 1109 3390 1178 εἷπον,
3427 1113 3748 1183 ἀνασπάσῃ,

2158 1207 2250 1261 καὶ
2280 1208 2417 1277 μετὰ
2440 1208 2500 1262 τὸ
2529 1208 2711 1273 καλῶς
2734 1209 3031 1282 καθαρίσαι
3056 1208 3188 1262 αὐτὸ
3209 1207 3319 1261 ἀπὸ
3340 1205 3449 1260 τῶν
3479 1205 3752 1277 βοτανῶν,

2158 1301 2255 1353 καὶ
2282 1300 2533 1355 ἀκανθῶν
2556 1302 2779 1355 καὶτῶν
2802 1301 3087 1365 τοιούτων,
3122 1300 3268 1354 θέλει
3298 1299 3754 1371 καλοστροφῆσαι

2158 1393 2292 1446 αὐτὸ
2315 1394 2410 1447 καὶ
2436 1395 2754 1459 κοπανίσαι,
2785 1395 2881 1449 καὶ
2901 1394 3074 1457 οὕτως
3099 1394 3427 1466 ἀροτριάσαι
3453 1393 3609 1446 αὑτό·
3633 1392 3757 1444 τότε

2159 1485 2347 1538 λοιπὸν
2381 1486 2528 1539 θέλει
2566 1490 2786 1558 σπεῖραι
2827 1488 2960 1542 αὐτὸ
2995 1487 3161 1541 καλὸν
3193 1486 3437 1557 σπέρμα.
3480 1486 3611 1539 Ἐάν
3646 1485 3758 1556 γὰρ

2164 1578 2304 1647 μετά
2342 1578 2404 1632 τὸ
2440 1579 2666 1649 ποιῆσαι
2698 1580 2861 1634 αὐτὸν
2903 1580 3173 1650 τοσαύτην
3207 1578 3549 1649 φιλοκαλίαν,
3602 1578 3761 1631 ἐάσει

2162 1669 2293 1724 αὐτὸ
2325 1670 2516 1742 ἀργὸν,
2541 1671 2864 1742 ἀνέρχονται
2907 1674 2963 1725 αἱ
3005 1671 3245 1741 βοτάναι,
3291 1670 3388 1724 καὶ
3434 1669 3763 1740 εὑρίσκουσι

2161 1762 2261 1833 τὴν
2295 1764 2402 1834 γῆν
2441 1763 2657 1834 ἁπαλὴν
2702 1765 2796 1819 καὶ
2837 1764 3009 1835 καλὴν
3046 1767 3111 1818 ἐκ
3142 1765 3240 1835 τῆς
3286 1761 3634 1833 φιλοκαλίας,
3670 1762 3767 1813 καὶ

2167 1855 2422 1926 βάλλουσι
2451 1857 2604 1911 κάτω
2640 1860 2721 1922 εἰς
2749 1857 2911 1927 βάθος
2937 1857 3038 1921 τὰς
3067 1857 3242 1929 ῥίζας,
3276 1857 3373 1910 καὶ
3394 1855 3581 1909 πλεῖον
3613 1855 3765 1922 ἰσχυ·

472 1945 651 1998 arabit
698 1944 846 1998 illam
890 1951 942 1998 et
986 1958 1170 1998 semen
1215 1943 1485 2012 optimum
1539 1943 1592 1997 in
1645 1958 1765 1997 eam
1821 1953 2059 2015 sparget.

2181 1950 2516 2005 οοποιοῦνται
2538 1952 2635 2005 καὶ
2666 1952 3034 2022 πληθύνονται
3066 1953 3124 2005 ὲν
3145 1952 3307 2022 αὐτῇ.

471 2034 607 2089 Nam
644 2037 734 2090 ubi
764 2036 913 2090 illam
941 2037 1079 2090 adeo
1109 2035 1428 2098 excoluerit,
1467 2036 1512 2091 si
1551 2038 1786 2092 otiosam
1819 2037 2118 2108 reliquerit,
2171 2059 2353 2099 nonne
2381 2046 2730 2115 pullulabunt
2760 2046 2816 2101 in
2851 2060 2915 2102 ea
2945 2060 3133 2101 rursus
3167 2045 3351 2099 herbae
3399 2044 3658 2106 surriles;
3714 2050 3771 2096 et

472 2126 694 2181 mollem
731 2136 894 2195 atque
927 2126 1186 2195 optimam
1223 2142 1289 2180 ex
1321 2126 1535 2180 cultura
1563 2136 1761 2180 terram
1795 2126 2159 2198 invenientes,
2186 2149 2367 2190 nonne
2395 2137 2604 2191 radices
2631 2137 2853 2196 altiores
2883 2145 2935 2192 et
2964 2136 3302 2207 potentiores
3350 2136 3625 2189 emittent.

550 2218 613 2274 ν.
655 2218 711 2275 ld
748 2220 927 2290 ipsum
964 2221 1019 2274 in
1053 2221 1234 2273 anima
1279 2229 1380 2275 cst.
1419 2220 1568 2289 Opus
1612 2222 1769 2278 nobis
1820 2233 1904 2280 est
1935 2224 2071 2279 all‘e-t

474 2312 713 2369 ctionem
759 2329 976 2368 omnem
1010 2314 1225 2383 pristini
1278 2314 1518 2369 hominis
1565 2331 1628 2370 ac
1661 2316 1838 2372 malos
1885 2318 2069 2373 saeculi

477 2420 662 2460 mores
692 2405 1227 2476 consuetudincsque
1272 2422 1303 2462 a
1356 2408 1513 2462 nobis
1566 2418 1872 2478 amputare.
1925 2408 2074 2467 Nihil

388 2566 391 2567 ν
476 2499 625 2552 ειιίηι
678 2498 835 2568 pejus
871 2501 1054 2568 pravis
1089 2500 1334 2554 moribus
1378 2509 1433 2554 et
1477 2500 1618 2554 mala
1654 2502 2075 2565 consuetudine.

480 2591 622 2646 Hinc
663 2590 823 2646 divus
864 2591 1097 2646 Basilius
1140 2592 1323 2648 aiebat
1352 2592 1495 2646 haud
1542 2608 1767 2663 parvum
1798 2606 2075 2651 certamen

480 2698 627 2747 esse,
675 2685 759 2739 sui
807 2684 979 2754 ipsius
1023 2700 1286 2755 superare
1337 2687 1810 2759 consuetudinem.
1872 2687 2073 2744 Morem

418 2773 421 2776 ⁴
482 2777 629 2831 enim
664 2778 939 2830 ﬁrmatum
972 2777 1132 2846 longo
1161 2784 1425 2846 tempore,
1456 2788 1663 2833 natura:
1692 2786 1749 2831 ut
1782 2779 2074 2848 plurimum

484 2872 594 2923 vim
631 2869 855 2924 habere.
888 2870 1178 2925 Certamen
1213 2870 1378 2939 igitur
1424 2870 1661 2939 primum
1704 2871 1774 2926 sit
1815 2872 2077 2927 adversus

485 2962 663 3017 malos
706 2978 886 3017 nmres
931 2972 984 3017 et
1019 2963 1147 3017 vitia
1196 2978 1503 3033 causasque
1557 2978 1770 3028 eorum,
1818 2980 1939 3034 qua:
1985 2980 2078 3018 ra-

486 3054 637 3110 dices
665 3054 828 3126 432
864 3065 1006 3109 sunt.
1054 3054 1203 3121 Quas
1244 3071 1377 3111 sane
1422 3056 1635 3111 radices
1684 3057 1789 3111 nisi
1843 3058 2079 3128 quisque

486 3148 892 3218 cxstirpaverit,
927 3164 1154 3204 necesse
1193 3150 1298 3205 erit
1331 3150 1529 3206 iterum
1566 3152 1752 3220 spinus
1793 3167 2081 3222 ermnpere

486 3249 544 3296 et
572 3255 908 3296 excrescere.
951 3242 1093 3295 Sunt
1121 3243 1269 3297 enim
1300 3242 1432 3297 vitia
1476 3245 1724 3313 qumdam
1772 3260 1892 3313 qua:
1944 3244 2081 3299 nihil

490 3342 740 3402 possunt,
794 3334 839 3387 si
873 3349 1074 3389 causas
1105 3334 1321 3388 illorum
1358 3346 1646 3404 amputes:
1701 3351 1828 3391 nam
1878 3336 2081 3398 invidia

490 3426 548 3480 in
582 3442 641 3481 se
670 3425 787 3495 ipsa
813 3427 948 3480 nihil
969 3439 1071 3490 est,
1096 3428 1188 3482 sed
1222 3428 1383 3482 habet
1412 3444 1635 3483 causam
1668 3428 1847 3484 inanis
1871 3429 2077 3499 gloriae.

492 3516 599 3583 Qui
639 3516 784 3571 enim
832 3516 1055 3584 gloriari
1090 3516 1341 3581 voluerit,
1376 3517 1615 3572 invideat
1655 3533 1877 3574 necesse
1915 3528 1999 3574 est
2032 3527 2088 3573 ει

492 3607 733 3680 digniori
762 3615 818 3664 et
847 3607 1190 3662 honoratiori
1228 3623 1307 3663 se.
1339 3608 1420 3661 lra
1457 3623 1677 3677 quoque
1707 3624 1774 3661 ex
1804 3609 1925 3665 aliis
1955 3624 2088 3664 cau-

494 3701 573 3757 sis
602 3701 870 3772 procedit,
902 3709 957 3756 et
986 3699 1222 3754 maxime
1264 3715 1332 3755 ex
1378 3701 1677 3770 voluptate.
1736 3700 1908 3771 Cujus
1955 3716 2088 3758 sane

428 3802 439 3815 ‘
494 3792 749 3848 meminit
777 3793 1046 3863 Evagrius
1074 3809 1308 3848 narrans
1338 3793 1406 3849 de
1435 3794 1552 3849 viro
1589 3794 1824 3864 quodam
1857 3795 2091 3850 sanctis-

497 3886 660 3951 simo,
694 3886 841 3956 quod
871 3886 1083 3941 scilicet
1122 3885 1353 3941 dixisset
1387 3904 1401 3941 :
1440 3886 1553 3941 Hac
1580 3886 1647 3941 de
1677 3902 1844 3942 causa
1882 3888 2013 3942 tollo
2057 3903 2090 3942 a

497 3993 587 4035 me
611 3979 944 4049 voluptates,
979 3988 1039 4034 ut
1068 3979 1368 4035 iracundias
1396 3979 1713 4035 abscindam
1744 3982 2086 4037 occasiones.

497 4069 569 4127 Et
595 4071 845 4128 seniores
879 4071 1102 4143 quidem
1135 4086 1328 4127 omnes
1365 4073 1729 4136 aliirmaverc,
1757 4074 1948 4128 vitium
1973 4089 2092 4127 om-

498 4179 570 4219 nc
596 4179 626 4217 ιι
662 4164 837 4220 tribus
865 4163 952 4220 his
992 4164 1342 4234 passionibus
1378 4165 1580 4219 habere
1619 4164 1908 4235 originem,
1958 4181 2090 4221 ava-

500 4257 628 4313 ritia
658 4257 891 4325 scilicet,
916 4256 1067 4312 inani
1093 4256 1264 4327 gloria
1289 4267 1344 4312 et
1375 4257 1614 4312 luxuria.
1639 4258 1900 4327 Amputet
1924 4259 2091 4329 igitur

502 4350 886 4422 unusquisque
915 4365 948 4404 a
981 4365 1041 4404 se
1075 4364 1185 4403 non
1223 4349 1402 4405 solum
1432 4350 1586 4413 vitia,
1624 4349 1719 4405 sed
1750 4362 1805 4404 et
1831 4351 2088 4406 vitiorum

503 4458 720 4509 causas,
769 4453 1106 4512 exornetque
1156 4457 1339 4496 mores
1370 4458 1501 4498 suos
1546 4456 1644 4512 per
1692 4443 2092 4511 paenitentiam,

503 4551 604 4606 per
630 4536 921 4606 lacrymas,
955 4549 1053 4604 per
1085 4534 1346 4603 gemitum
1375 4552 1390 4588 :
1420 4536 1609 4604 sicque
1641 4534 1843 4590 sensim
1873 4536 2095 4605 incipiet

507 4643 692 4684 semen
728 4629 958 4695 bonum,
1011 4630 1116 4685 hoe
1163 4638 1269 4695 est,
1321 4643 1487 4699 Opera
1537 4628 1703 4693 bona,
1757 4644 1855 4698 per
1900 4644 2093 4699 agrum

508 4736 668 4776 suum
699 4736 976 4791 Spargere.
1020 4721 1153 4777 Nam
1189 4730 1248 4776 ut
1287 4721 1355 4776 de
1403 4720 1530 4776 villa
1575 4720 1839 4787 diximus,
1888 4722 1995 4777 nisi
2031 4737 2095 4777 ea

2248 2231 2323 2285 E'.
2354 2233 2542 2297 Οὕτως
2569 2233 2688 2287 ἐστὶ
2745 2236 2839 2286 καὶ
2881 2232 2943 2286 τὸ
2979 2232 3081 2303 τῆς
3114 2233 3316 2302 ψυχῆς.
3348 2229 3573 2297 Πρῶτον
3621 2229 3766 2283 θέλει

2175 2325 2407 2395 ἐκκόψαι
2432 2327 2613 2379 πᾶσαν
2638 2325 2877 2381 παλαιὰν
2903 2324 3298 2397 προσπάθειαν,
3336 2324 3430 2377 καὶ
3462 2323 3559 2386 τὰς
3586 2322 3767 2385 κακὰς

2177 2417 2485 2487 συνηθείας.
2508 2420 2621 2472 Καὶ
2650 2422 2679 2473 ὁ
2698 2419 2855 2488 ἆγιος
2885 2418 3163 2481 Βασίλειος
3196 2417 3366 2485 λέγει’
3401 2435 3419 2468 ι
3458 2416 3533 2469 Οὐ
3566 2413 3770 2485 μικρὸς

2175 2508 2231 2562 δὲ
2285 2503 2439 2574 οὗτος
2496 2512 2525 2564 ὁ
2572 2509 2742 2580 ἀγὼν,
2800 2510 3029 2573 ἑαυτοὺς
3073 2507 3461 2579 περιγενέσθαι
3503 2505 3608 2574 τῆς
3643 2521 3765 2558 συν-

2177 2600 2386 2672 ηθείας.
2428 2602 2591 2667 Ἔθος
2645 2602 2757 2672 γὰρ
2807 2602 2895 2656 διὰ
2943 2598 3158 2672 μακροῦ
3193 2600 3388 2669 χρόνου
3439 2597 3762 2669 βεϐαιωθὲν,
3850 2663 3856 2669 ι

2179 2694 2397 2763 φύσεως
2428 2694 2602 2765 ἰσχὺν,
2637 2694 2715 2758 ὡς
2753 2696 2823 2749 τά
2857 2693 3050 2758 πολλὰ,
3082 2692 3374 2762 λαμϐάνει.
3414 2710 3432 2743 ι
3472 2690 3644 2757 Λέγει
3677 2684 3765 2742 οὖν

2177 2802 2260 2850 τις
2317 2784 2713 2854 ἀγωνίσασθαι,
2760 2784 2838 2848 ὡς
2893 2778 3069 2849 εἷπον,
3115 2782 3254 2851 πρὸς
3297 2781 3397 2844 τὰς
3424 2779 3606 2842 κακὰς
3652 2796 3767 2832 συν.

2179 2877 2390 2946 ηθείας,
2436 2879 2531 2932 καὶ
2577 2878 2717 2948 πρὸς
2760 2876 2829 2930 τὰ
2863 2876 3035 2946 πάθη,
3067 2875 3163 2927 καὶ
3194 2874 3256 2927 οὐ
3292 2873 3453 2944 μόνον
3487 2872 3630 2943 πρὸς
3672 2871 3766 2935 τὰς

2182 2971 2362 3032 αἰτίας
2392 2970 2595 3033 αὐτῶν,
2625 2969 2826 3032 αἵτινές
2856 2969 2962 3021 εἰσι
2993 2966 3158 3039 ῥίζαι.
3187 2966 3299 3019 Καὶ
3319 2966 3414 3019 ὲάν
3441 2966 3516 3037 μὴ
3539 2966 3594 3019 αί
3622 2963 3767 3036 ῥίζαι

2182 3060 2547 3130 ἐκϐληθῶσιν,
2590 3060 2806 3130 ἀνάγκη
2847 3059 2948 3121 τὰς
2995 3057 3239 3120 ἀκάνθας
3295 3056 3461 3110 πάλιν
3513 3055 3766 3126 φύεσθαι.

2182 3154 2305 3208 Εἰσὶ
2334 3155 2442 3225 γάρ
2473 3170 2594 3207 τινα
2624 3152 2770 3222 πάθη
2817 3151 2983 3222 μηδὲν
3015 3149 3291 3220 ἰσχύοντα,
3318 3149 3413 3203 ἐὰν
3441 3149 3657 3220 ἐκκόψῃ
3691 3165 3769 3211 τις

2180 3247 2280 3311 τὰς
2313 3247 2494 3309 αἰτίας
2546 3245 2747 3300 αὐτῶν·
2778 3239 2911 3308 οἷον,
2942 3245 2972 3296 ὁ
3000 3242 3195 3312 φθόνος
3236 3244 3360 3297 καθ’
3395 3242 3588 3295 ἑαυτὸν
3619 3241 3770 3294 οὐδέν

2182 3341 2354 3407 ἐστιν,
2388 3340 2527 3394 ἀλλά
2553 3338 2665 3409 ἔχει
2691 3336 2813 3392 τινὰ
2843 3337 2992 3391 αἴτια
3021 3336 3083 3402 ἐξ
3115 3330 3191 3391 ὧν
3220 3338 3338 3390 ἐστι
3371 3336 3466 3389 καὶ
3496 3336 3530 3405 ἡ
3565 3333 3771 3404 φιλοδο-

2189 3433 2295 3498 ξία.
2323 3432 2508 3486 Θέλων
2538 3433 2648 3502 γάρ
2673 3448 2756 3494 τις
2782 3429 3131 3498 δοξασθῆναι,
3163 3427 3349 3498 φθονεί
3372 3426 3452 3497 τῷ
3475 3424 3770 3495 δοξαζομέ-

2189 3543 2286 3596 νῳ,
2322 3525 2356 3581 ἣ
2400 3524 2479 3594 τῷ
2521 3523 2945 3594 προτιμωμένῳ.
2984 3521 3219 3592 Ὁμοίως
3252 3521 3347 3573 καί¹
3388 3521 3420 3590 ἡ
3458 3519 3598 3590 ὀργὴ
3632 3517 3773 3586 γίνε-

2189 3634 2280 3671 ται
2308 3615 2368 3681 ἐξ
2396 3614 2574 3669 ἄλλων
2598 3615 2810 3679 αἰτιῶν,
2834 3613 2930 3666 καὶ
2960 3612 3291 3682 μάλιστα-ὲκ
3319 3611 3417 3681 τῆς
3439 3608 3770 3680 φιληδονίας.

2191 3706 2303 3759 Καὶ
2341 3705 2616 3776 μέμνηται
2639 3702 2830 3756 τούτου
2854 3703 2948 3756 καὶ
2981 3701 3252 3771 Εὐάγριος
3282 3699 3455 3768 λέγων
3485 3698 3614 3769 περί
3635 3713 3774 3760 τινος

2191 3796 2370 3866 ἁγίου,
2403 3796 2487 3849 ὅτι
2517 3794 2692 3862 ἔλεγε,
2716 3793 2804 3846 διὰ
2831 3792 2990 3847 τοῦτο
3021 3792 3070 3824 ’³
3099 3791 3283 3862 ὲπέρω
3313 3790 3412 3853 τὰς
3451 3790 3666 3861 ἡδονὰς,
3694 3789 3776 3842 ἵνα

2191 3889 2292 3953 τὰς
2321 3887 2415 3942 τοῦ
2447 3885 2620 3958 θυμοῦ
2661 3884 2942 3956 περικόψω
2975 3884 3303 3954 προφάσεις.
3334 3881 3447 3936 Καὶ
3488 3881 3691 3944 πάντες
3724 3879 3777 3933 δὲ

2192 3985 2243 4038 οἱ
2271 3983 2487 4055 Πάτρες
2510 3981 2758 4049 λέγουσιν
2778 3980 2860 4034 ὅτι
2885 3978 3115 4030 ἕκαστον
3140 3974 3310 4037 πάθος
3345 3975 3409 4028 ἐκ
3435 3972 3644 4026 τούτων
3674 3970 3779 4023 τῶν

2192 4072 2360 4145 τριῶν
2403 4073 2682 4142 γεννᾶται,
2722 4070 2824 4139 τῆς
2874 4066 3200 4136 φιλοδοξίας,
3246 4063 3352 4133 τῆς
3394 4060 3777 4133 φιλαργυρίας,

2193 4168 2288 4221 καὶ
2317 4165 2417 4235 τῆς
2449 4162 2782 4235 φιληδονίας,
2815 4159 2999 4225 καθὼς
3020 4158 3295 4228 διαφόρως
3317 4152 3474 4209 εἷπον
3506 4155 3659 4224 ὑμῖν.
3689 4151 3780 4206 Θιο

2192 4260 2276 4314 λει
2303 4255 2399 4314 οὖν
2426 4277 2510 4323 τις
2546 4258 2605 4312 οὐ
2639 4257 2799 4328 μόνον
2823 4253 3052 4323 ἐκκόψαι
3080 4253 3151 4307 τὰ
3182 4251 3356 4321 πάθη,
3383 4248 3524 4305 ἀλλὰ
3556 4249 3653 4302 καὶ
3685 4248 3781 4310 τὰς

2194 4354 2375 4416 αἰτίας
2412 4351 2612 4415 αὐτῶν,
2644 4349 2741 4404 καί
2775 4346 2950 4411 οὕτως
2982 4343 3349 4415 φιλοκαλῆσαι
3373 4343 3556 4406 καλῶς
3580 4341 3649 4395 τὰ
3677 4340 3779 4412 ἢθη

2195 4444 2385 4507 αὐτοῦ,
2421 4443 2513 4498 διὰ
2550 4440 2863 4514 μετανοίας,
2910 4439 3007 4492 καὶ
3038 4436 3350 4507 κλαυθμῶν,
3390 4436 3487 4489 καὶ
3527 4433 3651 4488 τότε
3684 4434 3780 4504 ἄρα

2196 4538 2391 4606 ξασθαι
2452 4535 2695 4606 σπείρειν
2757 4533 2818 4587 τὸ
2855 4531 3019 4587 καλὸν
3068 4531 3312 4601 σπέρμα,
3360 4528 3519 4583 ama
3558 4528 3686 4591 εἰσι,
3717 4524 3783 4579 τὰ

2196 4630 2337 4685 καλά
2373 4629 2529 4701 ἔργα.
2573 4628 2728 4681 Ἐπεὶ
2759 4625 2949 4697 ὥσπερ
2978 4622 3206 4694 εἴπομεν
3259 4621 3392 4691 περὶ
3443 4618 3539 4673 τοῦ
3563 4617 3781 4689 χωρίου,

2196 4724 2298 4790 ὅτι,
2334 4722 2431 4776 ἐὰν
2474 4720 2549 4791 μὴ
2581 4720 2752 4793 βάλλῃ
2778 4736 2859 4783 τις
2886 4717 3052 4770 καλὸν
3083 4715 3329 4786 σπέρμα,
3374 4711 3695 4782 ἀνέρχονται
3731 4709 3784 4762 al

508 4822 806 4885 expurgata
832 4823 885 4869 et
915 4815 1132 4869 exculta
1163 4815 1232 4870 ab
1271 4815 1536 4885 agricola,
1568 4816 1753 4870 statim
1795 4816 1939 4885 jaeta
1974 4814 2079 4870 fue-

2202 4815 2421 4886 βοτάναι
2450 4812 2544 4867 καὶ
2566 4810 2883 4883 εὑρίσκουσι
2910 4806 3007 4877 τὴν
3031 4806 3137 4876 γῆν
3165 4804 3338 4874 καλὴν
3366 4801 3465 4856 καὶ
3489 4799 3705 4869 ἁπαλὴν
3723 4801 3782 4853 ἐκ

509 4909 623 4964 rint
653 4907 865 4964 semina
895 4907 1124 4977 Optima,
1159 4917 1456 4978 resurgunt
1479 4907 1629 4962 illico
1659 4908 1802 4962 mala
1828 4909 2096 4979 gramina,

511 5010 567 5056 et
600 5001 936 5056 invenientia
970 4999 1188 5055 mollem
1223 5009 1276 5054 et
1306 5000 1512 5055 cultam
1550 5009 1752 5055 terram
1781 5002 1956 5072 magis
1985 5017 2103 5056 ma-

2198 4909 2297 4977 τῆς
2326 4905 2671 4976 φιλοκαλίας,
2713 4902 2807 4956 καὶ
2839 4899 3025 4953 πλεῖον
3072 4895 3443 4970 ριζοὸολοῦσιν
3477 4894 3558 4957 εἰς
3593 4893 3779 4963 αὑτήν·

2198 4999 2373 5062 οὕτως
2399 4998 2507 5051 εἰσὶ
2543 4997 2636 5050 καὶ
2676 4994 2745 5048 τὰ
2781 4992 2877 5047 τοῦ
2907 4989 3218 5063 ἀνθρὼπΟΨ
3250 4988 3345 5042 ἐὰν
3378 4986 3517 5057 μετά
3545 4985 3608 5037 τὸ
3636 4983 3783 5054 φιλο-

513 5093 707 5166 gisque
735 5093 791 5147 in
827 5109 891 5153 ea
921 5093 1308 5148 irradieantur.
1357 5091 1515 5158 Quod
1550 5093 1729 5162 ipsum
1785 5094 1838 5148 in
1878 5094 2079 5149 homim

2200 5092 2438 5162 καλῆσαι
2479 5087 2641 5144 αὐτὸν
2681 5087 2752 5141 τὰ
2792 5085 2899 5157 ἢθη
2948 5084 3140 5149 αὑτοῦ,
3186 5083 3280 5137 καὶ
3317 5078 3653 5152 μετανοῆσαι
3685 5074 3790 5129 aut

514 5196 617 5243 est.
659 5183 797 5240 Nam
829 5186 921 5240 ubi
954 5200 1138 5242 mores
1173 5200 1303 5240 suos
1340 5185 1665 5249 excoluerit,
1696 5193 1752 5240 et
1788 5202 1883 5255 per
1928 5187 2074 5256 poeni

2201 5185 2312 5239 τῶν
2348 5183 2632 5254 προτέρων
2678 5180 2845 5235 αὐτοῦ
2880 5176 3154 5249 πράξεων,
3188 5173 3455 5245 ἀμελήσει
3486 5169 3584 5223 τοῦ
3633 5167 3787 5235 ποιῆ-

517 5280 746 5336 tentiam
778 5279 1049 5336 destiterit
1095 5293 1125 5334 a
1171 5278 1450 5349 prioribus
1491 5278 1705 5333 actibus
1728 5278 1866 5344 suis,
1907 5278 1953 5333 si
2002 5294 2105 5333 ne-

518 5374 747 5444 glexerit
787 5389 952 5444 opera
989 5374 1130 5428 bona
1170 5371 1374 5435 facere,
1421 5379 1477 5426 et
1518 5372 1748 5427 virtutes
1796 5372 2101 5442 acquirere,

521 5467 583 5520 ﬁt
608 5467 661 5522 in
686 5481 755 5523 eo
787 5468 933 5538 quod
967 5466 1170 5522 dicitur
1207 5466 1263 5520 in
1290 5463 1583 5533 Evangelia
1612 5483 1626 5519 :
1676 5465 1820 5530 Quia
1847 5481 1967 5519 cum
1996 5465 2106 5534 spi-

2205 5291 2296 5329 σαι
2340 5273 2484 5327 καλά
2526 5271 2668 5342 ἔργα
2699 5270 2793 5324 καὶ
2829 5267 3137 5339 κτήσασθαι
3178 5264 3274 5330 τὰς
3317 5260 3541 5334 ἀρετάς,
3582 5259 3787 5327 γίνεται

2203 5368 2290 5421 ἐπ’
2324 5364 2494 5436 αὐτῷ,
2531 5365 2607 5426 ὡς
2650 5362 2799 5431 λέγει
2837 5360 2899 5414 τὸ
2944 5357 3298 5428 Εὐαγγέλιον·
3330 5354 3523 5407 Ὅταν·
3551 5350 3615 5404 τὸ
3646 5346 3789 5404 ἀκά-

2204 5462 2424 5527 θαρτον
2454 5456 2693 5524 πνεῦμα
2721 5453 2944 5521 ἐξέλθῃ
2983 5451 3102 5506 ἀπὸ
3132 5448 3241 5504 τοῦ
3271 5444 3610 5514 ἀνθρώπου,
3641 5439 3785 5507 διέρ-

525 5559 660 5614 ritus
689 5527 995 5614 immundus
1024 5558 1212 5613 exierit
1240 5556 1306 5611 ab
1340 5527 1570 5623 homine,
1607 5527 1845 5611 αηιίυιιίαι
1870 5573 1963 5626 per
1991 5527 2079 5609 ιὸσ.

2206 5566 2373 5621 χεται
2398 5548 2474 5602 δι’
2501 5546 2780 5616 ἀνύδρων
2808 5546 3010 5598 τόπων
3036 5539 3256 5611 ζητοῦν
3281 5537 3655 5600 ἀνάπαυσιν,
3686 5527 3783 5626 καί

524 5648 784 5721 inaquosa
826 5664 1063 5719 querens
1102 5649 1355 5718 requiem,
1404 5656 1454 5702 et
1499 5664 1605 5702 non
1646 5647 1932 5712 inveniens,
1981 5655 2074 5701 tun

2201 5641 2289 5713 μὴ
2343 5642 2657 5710 εὑρίσκον,
2711 5639 2846 5693 τότε
2894 5636 3082 5707 λέγει·
3138 5627 3535 5698 Ὑποστρέψω
3571 5626 3662 5690 εἰς
3688 5621 3793 5676 τόν

1787 5779 2021 5836 VARI/IS
2062 5774 2471 5835 LECTIONES.

600 5892 643 5923 "
666 5892 904 5963 ἀπαίρω.
