4062 6482
377 495 497 561 757

1729 494 2112 557 DOCTRINA
2151 495 2288 556 XII.

3494 488 3634 555 1758

333 599 528 660 οἶκόν
546 621 668 675 μου
693 604 833 659 ὅθεν
859 604 1143 674 ἐξῆλθον.
1178 605 1288 661 Καὶ
1321 603 1505 661 ἐλθὸν
1530 605 1797 673 εὑρίσκει
1825 608 1938 660 αὐ-

2047 602 2159 656 ait:
2184 601 2440 658 Revertar
2462 601 2519 657 in
2542 601 2757 655 domum
2784 613 2953 653 meam
2980 596 3116 651 unde
3141 596 3297 651 exivi.
3324 596 3394 650 Et
3426 600 3633 654 ueniens

331 695 467 750 τὸν
485 693 884 764 σχολάζοντα,
910 696 1069 767 δῆλον
1096 696 1207 750 ἀπὸ
1244 695 1427 767 πάσης
1456 697 1681 767 ἀρετῆς,
1712 697 1809 749 καὶ
1832 710 1936 750 σε-

342 787 717 856 σαρωμένον
737 787 835 841 καὶ
853 787 1328 858 κεκοσμημένον.
1354 791 1494 843 Τότε
1513 790 1826 858 πορεύεται
1843 788 1941 842 καὶ

332 878 808 946 παραλαμϐάνει
831 879 960 947 μεθ’
984 879 1203 933 ἑαυτοῦ
1232 879 1384 934 ἑπτὰ
1428 879 1600 948 ἕτερα
1630 881 1943 948 πνεύματα

338 972 730 1039 πονηρότερα
757 971 963 1036 αὐτοῦ,
989 970 1086 1023 καὶ
1114 972 1471 1025 εἰσελθόντα
1501 971 1767 1025 κατοικεῖ
1794 971 1938 1034 ἐκεῖ,

333 1063 456 1115 καὶ
501 1062 726 1132 γίνεται
778 1062 850 1116 τὰ
897 1062 1129 1132 ἔσχατα
1181 1063 1289 1116 τοῦ
1345 1062 1663 1132 ἀνθρώπου
1699 1063 1940 1116 ἐκείνου

332 1154 598 1221 χείρονα
630 1153 752 1206 τῶν
766 1153 1031 1223 πρώτων.
1068 1154 1351 1207 Ἀδύνατον
1371 1155 1480 1224 γάρ
1506 1156 1622 1208 ἐστι
1648 1152 1746 1223 τὴν
1764 1152 1941 1223 ψυχὴν

335 1248 540 1313 μεῖναι
557 1247 614 1297 ἐν
632 1247 696 1315 τῇ
716 1246 852 1316 αὐτῇ
873 1247 1225 1300 καταστάσει’
1245 1246 1381 1300 ἀλλὰ
1399 1250 1481 1310 εἰς
1498 1246 1782 1317 προκοπὴν
1796 1245 1944 1315 ἔρχε-

329 1351 464 1390 ται·
485 1335 595 1389 εἴτε
618 1337 711 1388 ἐπὶ
735 1335 795 1389 τὸ
817 1340 1086 1406 κρεῖττον,
1105 1339 1214 1392 εἴτε
1241 1339 1334 1392 ἐπὶ
1361 1339 1421 1392 τὸ
1437 1342 1637 1410 χεῖρον.
1660 1341 1759 1391 Διὰ
1784 1337 1943 1391 τοῦτο

332 1427 366 1476 ἓ
379 1444 583 1488 καστος
601 1426 774 1480 θέλων
791 1428 1056 1495 σωθῆναι,
1075 1430 1261 1499 χρείαν
1278 1429 1390 1501 ἔχει
1411 1431 1471 1484 οὑ
1493 1432 1654 1502 μόνον
1676 1431 1748 1501 μὴ
1771 1433 1943 1483 ποιεῖν

332 1518 409 1568 τῦ
435 1518 623 1581 κακὸν,
649 1518 784 1572 ἀλλὰ
807 1521 904 1572 καὶ
928 1521 988 1573 τὸ
1009 1521 1212 1591 ἀγαθὸν
1237 1523 1595 1592 ἐργάσασθαι,
1613 1522 1687 1585 ὡς
1715 1523 1862 1590 λέγει
1886 1524 1943 1575 ἐν

333 1607 428 1677 τῷ
477 1609 712 1680 ψαλμῷ·
755 1613 1076 1667 Ἕκκλινον
1112 1615 1231 1668 ἀπὸ
1278 1617 1499 1680 κακοῦ,
1532 1616 1632 1670 καὶ
1682 1617 1945 1682 ποίησον

335 1699 381 1752 ἀ
392 1701 597 1770 γαθόν.
612 1702 728 1755 Οὑκ
749 1698 923 1764 εἶπεν,
944 1706 1271 1759 Ἕκκλινον
1280 1707 1398 1761 ἀπὸ
1410 1702 1598 1761 κοικοῦ
1613 1708 1794 1777 μόνον,
1809 1707 1945 1762 ἀλλὰ

336 1793 467 1855 καὶ,
482 1794 751 1860 Ποίησον
769 1797 1012 1864 ἀγαθόν.
1033 1792 1157 1851 Οἷόν
1169 1818 1221 1853 τι
1242 1799 1404 1868 λέγω·
1424 1800 1596 1853 Εῖωθέ
1614 1818 1696 1862 τις
1717 1799 1941 1865 ἀδικεῖν,

340 1882 497 1935 θέλει
514 1883 573 1935 οὑ
603 1884 765 1952 μόνον
794 1886 869 1956 μὴ
895 1886 1122 1954 ἀδικεῖν,
1152 1889 1289 1942 ἀλλὰ
1312 1892 1404 1945 καὶ
1428 1890 1942 1963 δικαιοπραγεῖν.Εἰ

2044 696 2241 751 invenit
2259 711 2375 749 eam
2399 695 2714 749 mandatam
2740 692 2914 762 scopis
2928 702 2981 746 et
3006 698 3273 756 ornatam,
3297 705 3637 761 vacuamque

2043 788 2194 841 omni
2244 788 2470 842 virtute.
2510 787 2659 842 Tune
2708 785 2819 840 abit
2866 794 2918 839 et
2953 783 3175 838 assumit
3216 798 3391 837 secum
3440 794 3636 853 septem

2043 878 2263 947 spiritus
2294 879 2569 948 nequiores
2598 895 2673 943 se,
2705 878 2795 948 qui
2826 878 3084 930 irruentes
3115 874 3189 930 ibi
3215 873 3533 929 inhabitant.
3566 874 3633 929 Et

2042 972 2178 1038 ﬁunt
2214 972 2406 1025 ultima
2435 972 2665 1025 hominis
2689 971 2836 1025 illius
2864 969 3047 1040 pejora
3068 968 3334 1039 prioribus
3356 979 3395 1023 °.
3423 967 3636 1038 Impos—

2044 1063 2202 1117 sihile
2239 1063 2385 1117 enim
2419 1071 2504 1118 est
2552 1065 2829 1118 hominem
2876 1063 2930 1116 in
2966 1065 3156 1118 eodem
3216 1070 3360 1116 statu
3417 1074 3637 1130 semper

2046 1169 2396 1222 permanere,
2454 1155 2550 1209 sed
2587 1165 2679 1209 aut
2711 1156 2904 1210 melior
2937 1165 3031 1210 aut
3078 1155 3227 1225 pejor
3274 1153 3344 1207 sit
3393 1168 3631 1222 semper.

2044 1245 2226 1311 Quare
2265 1247 2359 1316 qui
2414 1248 2612 1302 salvari
2660 1249 2847 1317 cupit,
2902 1247 3172 1303 abstineat
3217 1263 3324 1302 non
3368 1247 3545 1301 solum
3601 1261 3634 1300 a

2046 1338 2212 1404 malo,
2252 1340 2343 1392 sed
2377 1348 2432 1393 et
2459 1339 2602 1409 quod
2639 1340 2841 1391 bonum
2890 1349 2992 1404 est,
3040 1337 3204 1392 faciat
3254 1353 3478 1392 necesse
3524 1345 3630 1392 est.

2045 1425 2202 1492 Quod
2235 1428 2440 1482 dicitur
2491 1429 2543 1482 in
2588 1426 2848 1482 Psalmo:
2893 1427 3107 1480 Declina
3157 1443 3191 1479 a
3238 1426 3402 1489 malo,
3455 1440 3637 1495 neque

2045 1518 2150 1573 hoc
2178 1527 2414 1584 tantum,
2449 1520 2544 1574 sed
2578 1520 2749 1584 addit,
2783 1528 2830 1573 et
2857 1519 2943 1589 fac
2969 1516 3222 1572 bonum‘.
3253 1517 3408 1582 Quod
3436 1518 3507 1571 ita
3533 1519 3631 1583 ﬁt;

2044 1611 2279 1679 exempli
2323 1611 2541 1681 gratia:
2586 1611 2960 1666 Consueverat
3003 1610 3128 1680 quis
3184 1608 3425 1676 iniustus
3467 1623 3631 1665 esse:

2045 1717 2154 1756 non
2190 1704 2366 1757 solum
2399 1704 2609 1758 desinat
2654 1719 2777 1758 esse
2824 1704 3082 1772 iniustus,
3138 1703 3230 1757 sed
3280 1702 3445 1756 etiam
3484 1702 3636 1771 justa

2048 1794 2225 1850 facere
2254 1805 2477 1867 pergat;
2508 1796 2877 1865 intemperans
2907 1796 3032 1864 quis
3057 1802 3177 1850 erat
3200 1804 3253 1848 et
3278 1792 3597 1848 luxuriosos
3616 1811 3634 1848 :

2048 1888 2214 1942 debet
2241 1904 2348 1942 non
2383 1889 2560 1943 solum
2609 1889 2677 1942 ab
2726 1888 3144 1957 intemperantia
3192 1886 3488 1952 abstinere,
3540 1885 3636 1940 sed

337 1969 419 2044 ἦν
437 1975 664 2039 ἄσωτος,
680 1976 822 2030 θέλει
834 1955 893 2030 οὑ
913 1979 1074 2048 μόνον
1088 1982 1163 2052 μὴ
1179 1982 1573 2048 ἀσωτεύεσθαι,
1585 1955 1832 2038 ἀλλὰκαὶ
1851 1984 1938 2051 ἐγ-

2046 1979 2208 2032 etiam
2245 1979 2588 2033 continenter
2611 1979 2816 2033 vivere.
2858 1976 2990 2031 Erat
3014 1977 3139 2046 quis
3166 1975 3466 2030 iracundus
3495 1993 3508 2029 :
3541 1974 3638 2029 de-

342 2066 738 2136 τερατεύεσθαι.
764 2068 828 2122 Εἰ
848 2065 915 2141 ἦν
931 2071 1167 2141 ὀργίλος,
1190 2073 1331 2127 θέλει
1350 2075 1410 2127 οὑ
1439 2075 1601 2144 μόνον
1624 2076 1698 2146 μὴ
1727 2076 1943 2144 ὀργίζε-

348 2156 499 2221 σθαι,
516 2157 649 2211 ἀλλὰ
667 2159 761 2212 καὶ
772 2160 1061 2233 πραΰτητα
1072 2162 1399 2232 κτήσασθαι.
1414 2165 1478 2219 Εἰ
1497 2164 1939 2234 ἐθρασύνετότις,

345 2246 569 2300 θέλειού
593 2248 754 2318 μόνον
780 2250 1398 2322 μὴθρασύνεσθαι,ἀλλὰ
1418 2256 1514 2308 καὶ
1529 2256 1936 2311 ταπεινοῦσθαι.

342 2339 462 2391 Καὶ
489 2338 646 2392 τοῦτό
688 2342 803 2394 ἐστι
838 2342 902 2395 τὸ
938 2343 1186 2397 ἐκκλῖναι
1213 2345 1322 2399 ἀπὸ
1352 2346 1546 2409 κακοῦ,
1583 2348 1679 2400 καὶ
1716 2348 1939 2418 ποιῆσαι

340 2430 576 2498 ἀγαθόν.
597 2432 869 2486 Ἔκαστον
909 2434 1017 2506 γὰρ
1043 2435 1216 2499 πάθος
1234 2436 1348 2507 ἔχει
1367 2437 1464 2508 τὴν
1495 2438 1746 2491 ἐναντίαν
1771 2438 1938 2492 αὐτοῦ

341 2522 573 2592 ἀρετήν.
614 2522 679 2575 Ἡ
713 2524 1065 2595 ὑπερηφανία
1121 2526 1236 2597 ἔχει
1277 2530 1374 2595 τὴν
1408 2529 1937 2601 ταπεινοφροσύνην,

339 2614 379 2683 ἡ
416 2612 753 2685 φιλαργυρία
805 2616 919 2686 ἔχει
948 2620 1048 2688 τὴν
1079 2619 1478 2691 ἐλεημοσύνην,
1510 2622 1543 2692 ἡ
1585 2622 1795 2675 ἀσωτία
1838 2622 1939 2693 τὴν

341 2704 700 2776 ἐγκράτειαν,
730 2709 762 2778 ἡ
796 2708 1060 2781 ὀλιγωρία
1094 2710 1208 2781 ἔχει
1259 2712 1357 2782 τὴν
1402 2713 1701 2782 ὑπομονὴν,
1735 2715 1767 2783 ἠ
1800 2714 1938 2783 ὀργὴ

340 2797 448 2867 τὴν
472 2798 783 2868 πραΰτητα,
806 2801 866 2856 τὺ
894 2804 1050 2869 μῖσος
1071 2802 1169 2873 τὴν
1189 2804 1431 2874 ἀγάπην.
1458 2806 1730 2858 Ἕκαστον
1752 2807 1940 2869 ἁπλῶς

341 2889 540 2956 πάθος,
571 2891 646 2956 ὡς
680 2889 854 2957 εἷπον,
886 2894 998 2964 ἔχει
1031 2894 1131 2965 τὴν
1163 2897 1413 2949 ἐναντίαν
1444 2896 1608 2950 αὑτοῦ
1643 2899 1864 2969 ἀρετήν.

420 2983 512 3051 q'.
553 2986 736 3038 Ταῦτα
770 2986 1035 3051 πολλάκις
1094 2985 1248 3041 εἷπον
1290 2990 1440 3057 ὑμῖν.
1480 2990 1691 3061 Ὥσπερ
1724 2986 1815 3044 οὖν
1847 2991 1937 3058 ἐξ·

342 3078 617 3150 εϐάλομεν
643 3080 742 3144 τὰς
775 3082 976 3149 ἀρετὰς
1004 3084 1098 3136 καὶ
1124 3084 1521 3154 εἰσηνέγκαμεν
1560 3085 1629 3139 τὰ
1668 3085 1814 3153 πάθη
1838 3087 1938 3139 αὑ-

342 3170 481 3233 τῶν,
531 3170 703 3236 οὕτως
732 3172 961 3244 θέλομεν
1005 3175 1270 3228 κοπιάσαι
1297 3175 1356 3228 οὑ
1397 3176 1557 3244 μόνον
1589 3176 1841 3230 ἐκϐαλεῖν
1868 3177 1936 3231 τὰ

2044 2070 2135 2125 bet
2159 2085 2268 2124 non
2296 2071 2470 2126 solum
2500 2086 2609 2124 non
2635 2069 2822 2132 irasci,
2845 2068 2938 2124 sed
2966 2069 3128 2123 etiam
3151 2065 3633 2121 mansuetudinem

2042 2163 2317 2233 amplecti.
2359 2161 2607 2218 insolens
2653 2170 2708 2216 et
2752 2168 3046 2215 contumax
3097 2158 3222 2228 quis
3264 2166 3422 2212 erat:
3472 2155 3636 2216 debet

2044 2270 2153 2309 non
2196 2255 2371 2309 solum
2405 2253 2807 2309 contumaciam
2842 2252 3050 2316 tollere,
3086 2251 3180 2305 sed
3213 2249 3379 2305 etiam
3413 2248 3636 2301 humili-

2044 2353 2209 2399 tatem
2241 2346 2516 2410 induere;
2556 2352 2612 2399 et
2645 2344 2749 2398 hoc
2773 2352 2856 2397 est
2891 2341 3167 2396 declinare
3194 2355 3225 2394 a
3272 2339 3417 2393 malo
3450 2347 3504 2392 et
3551 2337 3636 2392 fa-

2043 2452 2167 2491 ccre
2212 2436 2441 2493 bonum.
2484 2436 2660 2492 Omne
2689 2435 2835 2492 enim
2887 2435 3080 2489 vitium
3127 2432 3435 2502 oppositam
3476 2431 3638 2485 habet

2040 2531 2294 2586 virtutem
2326 2550 2339 2586 :
2381 2539 2442 2585 ut
2488 2529 2745 2598 superbia
2777 2528 3168 2587 humilitatem,
3201 2524 3429 2579 avaritia
3463 2523 3634 2577 misc-

2043 2623 2357 2686 ricordiam,
2382 2622 2598 2675 luxuria
2626 2619 3048 2682 continentiam,
3079 2616 3268 2671 acedia
3294 2614 3633 2685 patientiam,

2044 2715 2123 2768 ira
2156 2713 2662 2780 mansuetudinem,
2694 2711 2881 2767 odium
2914 2709 3259 2774 charitatem,
3290 2716 3344 2763 et
3375 2707 3480 2763 alia
3510 2706 3636 2781 plu—

2042 2807 2179 2861 rima
2221 2805 2562 2874 huiusmodi.

2115 2991 2207 3047 Vl.
2251 2992 2390 3048 Hinc
2421 3008 2566 3061 sirpe
2602 3007 2702 3047 vos
2754 3007 2952 3046 moneo
3001 3004 3073 3045 ne
3110 2989 3339 3044 virtutes
3396 3003 3427 3043 a
3474 2986 3638 3043 nobis

2040 3086 2351 3155 ejiciamus,
2385 3096 2435 3140 et
2469 3086 2597 3139 vitia
2647 3085 3086 3148 introducantus,
3125 3082 3221 3139 sed
3269 3093 3329 3136 ut
3380 3081 3572 3151 procul
3604 3095 3636 3134 a

2042 3179 2199 3233 nobis
2231 3178 2363 3232 vitia
2408 3178 2591 3231 omnia
2626 3177 2897 3247 pellamus
2947 3184 3008 3229 ut
3053 3177 3252 3242 aliena,
3296 3175 3641 3242 virtutesque

343 3262 522 3333 πάθη,
566 3264 703 3318 ἀλλὰ
750 3267 845 3319 καὶ
893 3266 1203 3334 εἰσενέγκαι
1238 3267 1336 3332 τὰς
1370 3267 1573 3337 ἀρετὰς
1626 3268 1721 3322 καὶ
1767 3286 1934 3321 κατα-

2046 3281 2096 3325 ut
2120 3271 2367 3339 proprias
2396 3271 2772 3325 admittamus.
2808 3267 3013 3323 Natura
3043 3269 3186 3322 enim
3217 3268 3377 3322 nobis
3410 3267 3640 3321 virtutes

345 3355 543 3425 στῆσαι
573 3356 744 3418 αὐτὰς
775 3357 855 3419 εἰς
889 3357 979 3409 τὸν
1018 3358 1148 3410 ἴδιον
1174 3358 1357 3410 τόπον.
1390 3358 1639 3421 Φυσικῶς
1670 3357 1780 3427 γὰρ
1809 3358 1933 3430 ἕχο-

348 3464 450 3516 μεν
473 3446 574 3510 τὰς
604 3449 808 3519 ἀρετὰς
839 3449 992 3520 παρὰ
1024 3450 1116 3503 τοῦ
1149 3450 1285 3504 Θεοῦ
1326 3450 1572 3513 δοθείσας
1601 3454 1754 3522 ἡμῖν.
1786 3453 1938 3521 ’Ἅμα

343 3539 456 3611 γὰρ
481 3539 736 3611 ἐποίησεν
765 3541 795 3594 6
826 3540 959 3604 Θεὸς
988 3541 1077 3595 τὸν
1107 3542 1416 3613 ἄνθρωπον,
1448 3544 1766 3616 ἐνέσπειρεν
1788 3546 1938 3618 αὑτῷ

345 3628 446 3691 τὰς
479 3630 701 3698 ἀρετὰς,
735 3631 811 3695 ὡς
834 3631 985 3701 λέγει
1006 3650 1021 3664 ο
1065 3636 1423 3704 Ποιήσωμεν
1461 3635 1778 3705 ἄνθρωπον
1810 3638 1938 3694 κατ’

345 3721 554 3775 εἰκόνα
590 3721 905 3790 ἡμετέραν,
938 3726 1036 3777 καὶ
1072 3728 1202 3779 καθ’
1226 3729 1531 3795 ὁμοίωσιν.
1585 3730 1720 3782 Κατ’
1751 3732 1939 3785 εἰκόνα

348 3803 523 3879 εἶπεν,
537 3814 726 3882 ἐπειδὴ
738 3815 1015 3885 ἄφθαρτον
1031 3818 1124 3868 καὶ
1141 3819 1269 3869 αὑτε
1278 3819 1368 3882 ξού
1377 3836 1489 3872 σιον
1498 3822 1755 3889 ὲποῖησεν
1769 3825 1795 3875 ὁ
1806 3824 1938 3886 Θεὸς

346 3903 443 3972 τὴν
462 3903 641 3971 ψυχήν
658 3917 672 3931 ⁸
698 3903 821 3956 καθ’
842 3905 1100 3973 ὁμοίωσιν
1122 3907 1290 3976 λέγει,
1312 3908 1374 3960 τὸ
1393 3912 1514 3961 κατ’
1535 3913 1756 3981 ἀρετήν.
1775 3913 1939 3979 Λέγει

348 3993 487 4061 γάρ·
519 3994 772 4046 Γίνεσθε
799 3995 1189 4064 οἰκτίρμονες,
1217 3998 1413 4063 καθὼς
1442 4003 1475 4052 ό
1499 4000 1701 4070 Πατὴρ
1720 4003 1887 4071 ὑμῶν
1905 4006 1939 4057 ὁ

349 4085 625 4152 οὐράνιος
653 4087 970 4155 οἰκτίρμων
1005 4088 1158 4142 ἐστί.
1204 4091 1461 4146 Γίνεσθε
1485 4092 1659 4162 ἅγιοι,
1700 4094 1789 4147 ὅτι
1824 4093 1940 4164 ἐγὼ

349 4178 515 4246 ἅγιός
529 4183 665 4249 ειμι.
696 4181 805 4233 Καὶ
820 4178 983 4235 πάλιν
998 4183 1026 4235 6
1051 4182 1370 4247 Ἀπόστολος
1385 4182 1552 4254 λέγει’
1573 4186 1830 4241 Γίνεσθε
1852 4187 1940 4253 εις

348 4273 665 4340 ἀλλήλους
693 4277 948 4343 χρηστοί
953 4317 967 4330 .
999 4276 1108 4329 Καὶ
1144 4277 1291 4345 λέγει
1320 4279 1348 4331 6
1379 4278 1592 4349 ψαλμός
1613 4296 1628 4309 ·
1665 4280 1941 4348 Χρηστὸς

352 4366 572 4433 Κύριος
606 4366 732 4432 τοῖς
768 4368 1146 4436 ὑπομένουσι
1172 4384 1186 4398 ·
1236 4370 1332 4424 καὶ
1356 4371 1458 4425 ὅσα
1486 4370 1733 4426 τοιαῦτα.
1771 4371 1941 4425 Τοῦτό

350 4460 469 4513 ἐστι
495 4458 557 4512 τὸ
585 4459 710 4512 καθ’
733 4461 1014 4530 ὁμοίωσιν.
1042 4463 1204 4515 ’Ὥστε
1235 4460 1481 4531 φυσικῶς
1517 4462 1716 4515 ἔδωκεν
1749 4464 1883 4534 ἡμῖν
1911 4466 1941 4517 6

346 4551 484 4613 Θεδς
527 4550 625 4614 τὰς
668 4551 901 4621 ἀρετάς·
953 4553 1102 4623 πάθη
1151 4553 1208 4606 δὲ
1254 4555 1355 4607 οὐκ
1400 4554 1599 4624 ἔχομεν
1645 4555 1893 4623 φυσικῶς
1922 4571 1937 4586 ο

2046 3361 2284 3431 ingenita
2314 3369 2443 3416 sunt
2485 3377 2515 3415 a
2564 3361 2694 3413 Deo.
2727 3360 2796 3413 Et
2837 3374 2964 3413 cum
2995 3358 3124 3413 fecit
3162 3358 3306 3411 Deus
3336 3356 3638 3418 hominem,

2042 3455 2273 3509 virtutes
2293 3456 2341 3509 ei
2377 3471 2501 3509 cum
2521 3457 2702 3509 anima
2726 3454 2943 3511 infudit.
2977 3462 3034 3505 ut
3069 3451 3145 3505 ait
3173 3452 3322 3519 ipse:
3353 3447 3641 3502 Faciamus

2044 3547 2312 3601 hominem
2351 3548 2419 3600 ad
2457 3532 2742 3615 inrogarent
2790 3555 2839 3600 et
2887 3544 3291 3598 similitudinem
3329 3552 3566 3597 nostram
3592 3543 3640 3594 ⁸.

2044 3640 2125 3694 Ad
2181 3641 2469 3711 imaginem
2524 3640 2694 3702 dixit,
2758 3639 2885 3707 quia
2957 3637 3196 3690 animam
3252 3633 3640 3695 immortalem,

2046 3732 2518 3802 ineorruptibilem
2539 3739 2590 3784 et
2611 3731 2695 3785 sui
2721 3731 2862 3799 juris
2883 3729 3103 3784 fecerat.
3123 3727 3203 3781 Ad
3228 3725 3641 3780 similitudinem

2047 3829 2251 3886 autem,
2285 3821 2586 3875 secundum
2618 3821 2901 3873 virtutem.
2937 3816 3025 3869 Ait
3050 3814 3191 3869 enim
3218 3832 3231 3866 :
3277 3812 3457 3866 Estote
3481 3811 3641 3864 mise-

2048 3912 2301 3971 ricordes,
2325 3912 2461 3963 sicut
2485 3920 2533 3964 et
2559 3909 2722 3962 Pater
2738 3920 2906 3963 vester
2929 3907 3149 3961 cmlestis
3166 3904 3327 3975 533
3345 3904 3645 3973 misericors

2045 4012 2122 4056 est
2147 4002 2224 4055 hi
2258 4001 2323 4055 Et
2357 4003 2466 4055 alio
2497 4003 2657 4056 loco:
2710 4001 2896 4054 Estote
2938 3998 3130 4057 sancti,
3181 3996 3431 4065 quoniam
3464 4002 3514 4046 et
3547 4008 3643 4063 ego

2046 4103 2266 4146 sanrtus
2310 4093 2496 4147 sumi.
2526 4091 2592 4146 Et
2624 4106 2843 4146 rursum
2889 4088 3186 4159 Apostolus
3232 4086 3406 4139 dixit:
3458 4084 3642 4139 Estote

2045 4184 2267 4237 invicem
2299 4180 2571 4254 benignii.
2608 4182 2670 4236 Et
2701 4181 2993 4236 Psalmus:
3030 4179 3207 4232 Bonus
3248 4176 3503 4230 Dominus
3545 4191 3642 4231 ex-

2046 4277 2403 4348 spectantibus
2427 4277 2453 4316 ιι
2486 4295 2499 4330 :
2527 4286 2692 4345 atque
2719 4275 2826 4329 alia
2858 4273 3092 4345 plurima
3127 4272 3193 4324 in.
3213 4271 3361 4324 hunc
3392 4283 3640 4324 sensum.

2048 4371 2145 4427 Est
2190 4368 2356 4438 igitur
2402 4369 2507 4423 hoc
2553 4368 2700 4438 quod
2752 4367 2848 4430 ait,
2898 4366 2968 4419 ad
3007 4363 3435 4419 similitudinem.
3500 4360 3640 4426 Quia

2048 4463 2262 4518 scilicet
2309 4472 2523 4516 natura:
2562 4470 2768 4515 nostrae
2806 4460 3034 4513 virtutes
3087 4456 3231 4512 Deus
3280 4453 3639 4524 ingeneravit.

2049 4553 2192 4607 Vitia
2223 4563 2403 4608 autem
2428 4568 2776 4622 nequaquam
2810 4566 2840 4604 a
2868 4560 3061 4604 natura
3088 4548 3250 4602 nobis
3275 4555 3425 4601 sunt.
3454 4546 3645 4616 Neque

348 4643 472 4697 οὐδὲ
517 4645 628 4715 γὰρ
674 4644 888 4715 ἔχουσιν
936 4647 1123 4701 οὑσίαν
1174 4649 1317 4711 τινὰ,
1365 4647 1398 4717 ἦ
1450 4648 1768 4711 ὑπόστασιν,
1823 4648 1938 4702 ἀλλ’

2048 4644 2196 4698 enim
2223 4644 2393 4697 ullam
2423 4642 2625 4696 habent
2652 4641 3016 4697 substantiam
3045 4638 3129 4692 vel
3160 4637 3480 4708 hypostasin
3507 4636 3641 4691 :setl

350 4733 540 4805 ὥσπερ
583 4736 645 4789 τὸ
699 4738 888 4802 σκότος
933 4740 1032 4808 οὐχ
1078 4739 1356 4808 ὑφέστηκε
1401 4738 1519 4792 κατ’
1558 4739 1766 4803 οὐσίαν,
1803 4739 1940 4793 ἀλλὰ

350 4827 524 4891 πάθος
554 4830 671 4882 ἐστὶ⁹
701 4832 831 4902 περὶ
860 4830 951 4884 τὸν
983 4832 1141 4902 ἀέρα,
1191 4831 1267 4894 ὡς
1303 4831 1453 4899 λέγει
1488 4832 1519 4882 6
1569 4831 1743 4901 μέγας
1774 4833 1942 4885 Βασί-

347 4918 520 4984 λειος,
577 4923 644 4990 τῇ
704 4923 959 4991 στερήσει
1018 4922 1113 4975 τοῦ
1170 4922 1350 4990 φωτὸς
1409 4924 1937 4995 παρυφιστάμενονο

348 5006 524 5072 οὕτως
553 5010 669 5062 ἐστὶ
717 5010 813 5064 καὶ
842 5012 901 5064 τὸ
933 5012 1044 5066 τῶν
1077 5012 1287 5068 παθῶν.
1334 5015 1579 5069 Κλίνασα
1608 5019 1641 5086 ἡ
1672 5017 1818 5087 ψυχὴ
1852 5017 1943 5070 διὰ

353 5096 659 5167 φιληδονίας
692 5098 754 5151 ἐκ
782 5099 892 5151 τῶν
918 5101 1128 5170 ἀρετῶν
1147 5101 1523 5155 κατεσκεύασε
1553 5102 1627 5156 τὰι
1649 5104 1818 5172 πάθη.
1847 5102 1943 5156 καὶ

351 5189 685 5259 ἐστερέωσεν
716 5190 857 5243 αὑτὰ
893 5190 1016 5243 καθ’
1049 5193 1273 5262 ἑαυτῆς.
1305 5193 1469 5246 ’Ὥστε
1503 5195 1692 5264 χρείαν
1720 5193 1942 5265 ἔχομεν,

349 5279 426 5344 ὡς
457 5278 611 5334 εἷπον
660 5280 852 5353 ὥσπερ
894 5284 987 5336 ἐπὶ
1036 5283 1131 5337 τοῦ
1188 5286 1393 5355 χωρίου
1432 5288 1570 5356 μετά
1612 5289 1674 5340 τὸ
1716 5289 1941 5358 ποιῆσαι

352 5376 535 5429 πᾶσαν
565 5374 911 5444 φιλοκαλίαν,
948 5375 1113 5440 εὐθὺς
1147 5380 1372 5448 σπεῖραι
1402 5380 1461 5432 τὸ
1493 5380 1660 5433 καλὸν
1693 5381 1938 5452 σπέρμα,

352 5466 443 5521 ἵνα
480 5468 617 5538 πρὸς
645 5468 775 5521 αὐτὸ
803 5469 896 5522 καὶ
921 5469 1015 5522 τὸν
1045 5470 1258 5541 καρπὸν
1288 5472 1452 5525 καλὸν
1496 5474 1699 5545 ποιήσῃ
1725 5490 1738 5503 ·
1796 5474 1942 5527 θέλει

358 5560 520 5615 πάλιν
542 5560 571 5612 6
602 5561 843 5629 σπείρων
869 5562 932 5614 τὸ
963 5560 1162 5633 χωρίον
1190 5562 1358 5616 αὑτοῦ
1391 5562 1509 5633 ἅμα
1554 5564 1633 5634 τῷ
1669 5564 1852 5634 βαλεῖν
1880 5567 1940 5619 τὸ

357 5648 599 5720 σπέρμα,
634 5649 840 5720 κρύψαι
873 5652 967 5704 καὶ
1006 5651 1221 5721 βυθίσαι
1251 5652 1384 5706 αὐτὸ
1419 5654 1499 5717 εἰς
1524 5654 1623 5724 τὴν
1646 5656 1784 5725 γῆνο
1819 5656 1941 5709 ἐπεὶ

356 5739 607 5812 ἔρχονται
661 5742 732 5795 τὰ
786 5742 1040 5806 πετεινὰ,
1089 5745 1186 5798 καὶ
1233 5744 1574 5815 ἁρπάζουσιν
1622 5746 1790 5811 αὐτὸ,
1848 5747 1943 5800 καὶ

438 5869 462 5897 θ
491 5856 625 5929 Luc.
665 5874 737 5923 ιιι,
763 5859 953 5913 ιιι-ετ,
1041 5860 1059 5898 τ
1088 5859 1232 5916 Psal.
1260 5880 1446 5929 xxxx-1,
1487 5863 1570 5918 :27.

362 5930 460 5984 i6.
532 5927 545 5979 i
582 5928 782 5999 Ephes.
824 5946 895 5997 tv,
939 5931 1029 5988 52.
1108 5932 1133 5971 ιι
1164 5932 1370 5989 Thren.
1402 5927 1591 5997 111,25.

2047 4735 2510 4805 quemadmodum
2552 4735 2792 4789 tenebras
2825 4748 2934 4787 non
2984 4732 3297 4786 subsistunt
3341 4744 3439 4799 per
3472 4728 3641 4784 ullam

2043 4828 2440 4895 substantiam;
2484 4828 2575 4883 sed
2608 4827 2797 4898 passio
2819 4824 3070 4895 quaedam
3096 4830 3227 4878 sunt
3252 4823 3400 4877 circa
3434 4836 3637 4885 aerem,

2042 4931 2104 4975 ut
2139 4922 2217 4975 ait
2247 4920 2501 4984 Basilius,
2540 4920 2833 4988 privationi
2872 4917 3096 4972 luminis
3121 4915 3365 4983 subjecta
3392 4932 3407 4968 :
3440 4913 3513 4967 ita
3539 4927 3641 4967 nec

2042 5012 2193 5065 vitia.
2226 5010 2293 5065 At
2325 5026 2454 5065 vero
2482 5009 2768 5065 declinans
2797 5009 2979 5063 anima
3001 5022 3099 5077 per
3125 5008 3455 5075 voluptatem
3479 5018 3510 5057 a
3533 5002 3642 5055 vir-

2048 5102 2277 5166 tutibus,
2314 5116 2374 5156 se
2398 5102 2571 5172 ipsam
2609 5111 2805 5156 natura
2839 5115 2938 5157 sua
2969 5101 3153 5169 privat!
3175 5097 3401 5151 et-vitiis
3418 5095 3637 5150 aditum

2047 5201 2224 5263 parat.
2260 5193 2440 5258 Quare
2469 5207 2607 5260 Opus
2635 5199 2741 5253 est,
2774 5201 2834 5244 ut
2871 5194 2940 5245 de
2973 5190 3100 5244 villa
3145 5187 3280 5253 dixi,
3333 5200 3460 5240 cum
3515 5200 3639 5240 eam

2049 5285 2485 5348 excoluerimus,
2519 5284 2667 5339 illico
2710 5297 2896 5339 semen
2940 5281 3205 5350 optimum
3255 5279 3637 5344 intendamus,

2048 5385 2109 5430 ut
2137 5375 2377 5431 fructum
2414 5378 2616 5430 bonum
2653 5374 2861 5431 aﬂerat.
2894 5372 3129 5428 Necesse
3155 5386 3376 5440 quoque
3419 5378 3505 5425 est
3550 5383 3639 5425 so-

2049 5468 2280 5522 minanti
2309 5469 2583 5537 agricolte,
2618 5468 2710 5522 ubi
2743 5482 2928 5523 semen
2952 5464 3167 5534 jecerit,
3200 5463 3330 5518 iilud
3357 5462 3639 5517 occultam

2048 5569 2213 5629 atque
2242 5561 2535 5616 immittere
2563 5561 2617 5614 in
2645 5558 2967 5628 profundam
3005 5569 3225 5622 terram,
3256 5570 3327 5611 ne
3361 5553 3637 5611 venienti!

2047 5653 2289 5708 volatilia
2341 5654 2473 5709 illud
2522 5652 2795 5715 auferant,
2854 5659 2908 5707 et
2950 5656 3157 5720 pereat.
3207 5648 3457 5718 Cumque
3499 5645 3635 5701 illud

2050 5747 2319 5804 ohtcxerit
2373 5756 2539 5813 terra,
2591 5754 2872 5815 exspectat
2916 5740 3353 5798 misericordiam
3400 5736 3519 5801 Dei,
3575 5746 3631 5790 ut

1654 5872 1678 5912 ε
1709 5863 1845 5919 Gen.
1876 5881 1914 5921 ι.

2108 5867 2133 5905 ἰ
2170 5864 2357 5921 Matth.
2382 5883 2455 5929 ιί,
2483 5864 2569 5921 56.
2655 5864 2670 5904 ι
2701 5861 2832 5917 ibid.
2912 5858 3085 5915 Levit.
3124 5873 3197 5923 st,
3231 5854 3334 5921 μς
3370 5853 3386 5907 Ι
3418 5853 3561 5908 Petr.
3591 5869 3628 5917 ι,
