4062 6482
439 479 576 545 I759

1645 475 1708 536 S.
1740 474 2132 535 DOROTHEI
2161 478 2476 542 ABBA’I‘IS

3545 499 3671 572 1760

425 591 861 649 scilicetccoelo
903 591 1138 660 pluviam
1190 589 1391 653 mittat,
1434 599 1488 645 et
1537 596 1750 645 crescat
1799 604 2003 644 semen.

2124 593 2403 687 tntillum:
2437 615 2450 629 ·
2501 602 2596 655 καὶ
2643 602 2771 671 μεθ’
2803 605 2834 658 δ
2876 608 3073 687 κρύψει
3116 612 3277 680 αὐτὸ,
3326 615 3583 687 ἀναμένει
3618 621 3675 678 τὸ

423 683 676 753 Agricola
702 682 846 736 enim
872 689 1355 751 quantumcunque
1385 681 1748 736 elaboraverit
1767 695 2008 750 purgans

424 775 629 839 villam,
661 774 918 828 excolens
950 783 1006 828 et
1041 773 1337 839 seminans,
1372 773 1475 829 nisi
1511 784 1691 829 tamen
1728 773 1873 829 Deus
1905 773 2003 827 de-

427 880 593 933 super
619 863 858 932 pluviam
891 862 1116 927 dederit,
1164 863 1399 917 otiosum
1449 877 1664 932 semper
1691 877 1877 917 semen
1906 861 2014 918 erit

426 966 482 1011 et
507 956 711 1019 sterile,
744 962 799 1010 et
827 953 1091 1024 quidquid
1122 957 1315 1025 egerit,
1345 970 1566 1008 vanum.
1597 954 1673 1008 Ita
1701 969 1803 1010 nos
1834 953 2011 1009 facere

426 1046 728 1113 debemus;
773 1055 829 1100 ut
862 1046 1073 1100 scilicet
1097 1061 1220 1099 cum
1251 1045 1378 1100 boni
1402 1046 1681 1115 quidpiam
1713 1047 2007 1115 egerimus,

429 1137 560 1192 illud
595 1146 740 1192 terra
774 1138 1111 1192 occultemus
1142 1153 1238 1207 per
1283 1138 1646 1191 humilitatem
1678 1155 1692 1191 :
1740 1137 2012 1204 jaciamus

428 1231 556 1285 inde
586 1245 771 1284 coram
803 1229 911 1284 Deo
944 1229 1318 1283 inﬁrmitatem
1348 1239 1615 1297 nostram,
1645 1241 1865 1284 orantes
1888 1245 2010 1284 eum

430 1332 490 1374 ut
518 1319 697 1374 faveat
727 1329 780 1374 et
808 1322 1069 1390 respiciat
1096 1322 1150 1374 in
1193 1336 1333 1391 opus
1365 1330 1639 1385 nostrum,
1674 1336 1744 1377 ne
1776 1322 2009 1375 otiosum

429 1411 502 1466 sit
528 1421 579 1466 et
611 1427 865 1466 vacuum.
890 1411 1217 1481 Plerumque
1243 1413 1406 1465 etiam
1435 1428 1557 1466 cum
1587 1428 1770 1466 semen
1795 1430 1858 1468 ex
1888 1414 2012 1482 plu-

429 1504 520 1558 via
548 1504 777 1573 cmperit
806 1519 1113 1572 erumpere,
1146 1504 1250 1559 nisi
1291 1505 1471 1558 denuo
1503 1520 1600 1573 pro
1631 1514 1871 1574 tempore
1908 1507 2013 1559 im-

432 1595 532 1651 ber
564 1596 847 1659 adveniat,
897 1596 1209 1650 exsiccetur
1246 1611 1466 1666 germen
1517 1606 1571 1651 et
1624 1598 1780 1666 perit.
1843 1599 2015 1666 Egent

433 1690 580 1744 enim
627 1690 744 1759 pari
772 1691 936 1745 modo
964 1697 1018 1743 et
1053 1704 1241 1744 semen
1273 1697 1327 1743 et
1371 1704 1590 1759 germen
1636 1690 1836 1757 pluvia,
1886 1692 2011 1743 dum

434 1779 645 1835 scilicet
668 1779 987 1842 excreverit,
1018 1779 1193 1847 magis
1214 1780 1498 1849 magisque
1531 1782 1802 1834 lirmatum
1829 1779 2011 1835 fuerit.

437 1869 544 1927 Sed
569 1887 745 1941 neque
772 1873 933 1926 etiam
966 1879 1092 1940 post
1116 1871 1231 1924 haec
1258 1886 1486 1925 securus
1510 1886 1633 1926 esse
1664 1872 1785 1940 quis
1816 1881 2010 1941 potest.

438 1962 593 2033 Saepe
612 1963 757 2017 enim
788 1963 953 2016 etiam
982 1977 1105 2017 cum
1136 1965 1439 2017 excreverit
1468 1973 1522 2017 ct
1550 1963 1771 2018 aristam
1803 1964 2011 2032 fecerit,

436 2055 754 2124 supervenit
782 2055 866 2108 vel
894 2055 1159 2120 bruchus,
1197 2055 1278 2108 vel
1307 2055 1533 2125 grando.
1569 2055 1650 2110 vel
1679 2055 1824 2110 aliud
1859 2058 2017 2126 quid-

437 2144 584 2213 piam
615 2145 997 2215 hujuscemodi
1029 2145 1172 2214 quod
1203 2145 1439 2200 fructum
1476 2147 1661 2214 perdat
1683 2155 1737 2201 et
1765 2149 2013 2216 perimat.

435 2234 581 2291 idem
616 2236 676 2292 lit
707 2252 1098 2307 nonnunquam
1132 2237 1186 2290 in
1219 2238 1421 2290 aniua.
1475 2237 1655 2303 Quare
1699 2255 1821 2294 cum
1866 2240 2015 2294 illam

436 2329 822 2399 expnrgaverit
856 2329 1055 2398 aliquis
1083 2343 1111 2382 a
1146 2331 1331 2383 multis
1356 2345 1477 2398 qua:
1513 2331 1734 2400 praedixi
1768 2332 1931 2398 vitiis,
1964 2341 2019 2386 et

435 2421 675 2475 erexerit
726 2418 1127 2477 studiosissime
1180 2420 1250 2475 ad
1299 2422 1527 2477 virtutes
1577 2437 1821 2488 omnes;
1887 2430 2018 2476 tunc

437 2521 786 2581 prospectum
817 2520 982 2581 atque
1024 2512 1215 2567 oculos
1266 2528 1397 2568 suos
1446 2513 1643 2583 dirigat
1684 2514 1908 2568 omnino
1962 2513 2016 2567 in

439 2604 874 2659 misericordiam
920 2602 1018 2659 Dei
1066 2611 1121 2658 et
1154 2604 1517 2673 patrocinium
1564 2605 1702 2674 ejus,
1759 2622 1828 2660 ne
1872 2606 2019 2659 illam

440 2694 785 2763 derelinquat
810 2702 865 2750 et
893 2704 1099 2764 pereat.
1134 2690 1295 2758 Nam,
1326 2704 1383 2748 ut
1419 2695 1658 2749 diximus
1688 2696 1754 2749 de
1792 2697 2018 2762 semine,

441 2787 586 2857 quod
617 2787 780 2840 etiam
812 2801 938 2840 cum
980 2786 1366 2856 germinaverit
1391 2795 1446 2840 et
1476 2787 1777 2841 exerevcrit
1801 2802 1865 2842 ac
1906 2787 2022 2841 fru-

440 2890 590 2935 ctum
619 2876 828 2942 fecerit,
863 2876 971 2931 nisi
998 2892 1216 2931 rursum
1251 2891 1346 2941 per
1382 2877 1808 2932 excrescentiam
1839 2877 2023 2946 pluvia

444 2967 742 3033 advenerit,
775 2966 1107 3034 exsiccatur,
1147 2977 1201 3022 et
1240 2968 1418 3037 perit;
1474 2966 1548 3021 ita
1591 2975 1648 3022 et
1686 2967 1754 3022 de
1802 2968 2025 3023 homine

442 3059 552 3116 dici
587 3068 765 3129 potest
792 3076 806 3114 :
866 3073 897 3113 a
925 3074 1035 3128 quo
1064 3058 1111 3114 si
1142 3056 1287 3114 Deus
1316 3073 1412 3129 per
1458 3067 1792 3114 momentum
1840 3069 2025 3129 prote-

442 3153 679 3209 ctionem
715 3160 769 3206 et
814 3151 1179 3222 patrocinium
1230 3166 1392 3207 suum
1428 3151 1735 3216 abstulerit,
1787 3166 1852 3206 ac
1899 3151 2026 3206 reli-

2108 681 2257 747 ἔλεος
2279 687 2371 739 τοῦ
2400 687 2557 756 Θεοῦ,
2596 692 2701 756 ἕως
2727 694 2814 747 ὅτε
2845 680 3034 770 πέμψῄ
3062 701 3159 772 τὴν
3194 702 3413 773 βροχὴν,
3432 680 3549 758 ἰκαὶ
3583 709 3662 760 αὐ-

2108 773 2244 847 ξηθῇ
2280 779 2308 830 6
2336 780 2557 851 σπόρος.
2612 784 2798 856 Μυρία
2845 789 2954 859 γάρ
2983 790 3078 845 ἐὰν
3117 794 3351 864 κοπιάσῃ
3382 796 3408 848 6
3439 796 3678 866 γεωργὸς

2108 866 2425 938 καθαρίζων
2451 874 2543 926 καὶ
2574 876 2902 945 φιλοκαλῶν,
2933 883 3027 935 καὶ
3047 882 3168 936 τότε
3203 886 3460 956 σπείρων,
3490 888 3584 940 ἐὰν
3603 886 3677 958 μὴ

2112 958 2278 1032 βρέξῃ
2300 965 2329 1014 6
2349 962 2482 1027 Θεὸς
2504 966 2584 1025 είς
2608 968 2698 1023 τὸν
2722 971 2927 1042 σπόρον
2953 973 3141 1038 αὐτοῦ,
3172 976 3253 1040 είς
3280 977 3457 1049 μάτην
3478 977 3677 1046 γίνεται

2108 1051 2230 1115 ὅλος
2256 1056 2284 1106 6
2311 1055 2475 1120 κόπος
2508 1058 2693 1114 αὐτοῦ.
2742 1061 2928 1128 Οὕτως
2956 1067 3049 1119 καὶ
3078 1069 3238 1139 ἡμεῖς
3267 1070 3493 1140 θέλομεν
3521 1084 3535 1097 '
3584 1072 3679 1125 κᾶν

2113 1143 2428 1214 ποιήσωμέν
2464 1163 2515 1200 τι
2546 1149 2772 1216 ἀγαθον,
2805 1152 2891 1205 ἵνα
2923 1154 3291 1227 καλύπτωμεν
3320 1158 3450 1211 αὐτὸ
3476 1159 3565 1215 διὰ
3588 1161 3681 1230 τῆς

2110 1235 2634 1307 ταπεινοφροσύνης,
2665 1240 2758 1293 καὶ
2784 1243 3160 1316 ἐπιρίπιωμεν
3194 1247 3287 1299 ἐπὶ
3317 1246 3409 1301 τδν
3436 1248 3567 1301 Θεὸν
3588 1250 3682 1321 τὴν

2112 1324 2398 1382 ἀσθένειαν
2420 1331 2605 1401 ἡμῶν
2638 1332 2881 1405 δεόμενοι
2910 1337 3076 1391 αὐτοῦ
3097 1340 3185 1393 ἵνα
3210 1342 3467 1414 ἐπινεύσῃ
3495 1345 3575 1407 εἰς
3597 1344 3682 1397 τὸν

2113 1417 2281 1470 κόπον
2308 1419 2485 1489 ἡμῶν,
2518 1423 2640 1475 ἐπεὶ
2671 1425 2751 1487 είς
2777 1425 2951 1495 μάτην
2973 1429 3199 1495 γίνεται.
3228 1432 3384 1484 Ἐστι
3416 1433 3579 1485 πάλιν
3601 1434 3683 1486 ὅτε

2116 1511 2212 1562 καὶ
2255 1512 2392 1579 μετὰ
2434 1514 2493 1565 τὸ
2528 1513 2714 1585 βρέξαι
2748 1518 2843 1569 καὶ
2883 1517 3181 1590 βλαστῆσαι
3225 1524 3315 1575 τὸν
3363 1525 3582 1593 σπόρον,
3626 1527 3683 1580 οὐ

2117 1603 2446 1672 κατέρχεται
2501 1604 2663 1657 πάλιν
2709 1608 2740 1675 ἡ
2796 1607 2962 1679 βροχὴ
3013 1610 3155 1664 κατὰ
3187 1611 3279 1664 τὶν
3325 1614 3548 1685 καιρὸν,
3599 1616 3686 1669 καὶ

2118 1693 2437 1764 ξηραίνεται
2462 1695 2522 1748 τὸ
2555 1696 2844 1769 βλάστημα
2875 1701 2971 1753 καὶ
3007 1701 3323 1756 ἀπόλλυται.
3354 1703 3559 1775 Χρῄζει
3584 1707 3688 1778 γάρ

2117 1786 2211 1837 καὶ
2251 1787 2280 1838 6
2326 1786 2524 1855 σπόρος
2557 1788 2656 1858 τῆς
2687 1788 2905 1859 βροχῆς,
2949 1793 3044 1843 καὶ
3084 1792 3143 1844 τὸ
3169 1792 3461 1863 βλάστημα
3493 1797 3690 1865 ὁμοίως

2119 1876 2263 1929 κατὰ
2300 1877 2624 1946 πρόσϐασιν,
2676 1879 2780 1942 ἓως
2815 1873 2877 1932 οὐ
2911 1881 3207 1955 στερεωθῇ,
3253 1884 3345 1937 καὶ
3373 1885 3494 1937 οὐδέ
3522 1886 3691 1950 οὕτως

2119 1967 2345 2021 δύναταί
2383 1986 2466 2033 τις
2498 1971 2895 2043 άμεριμνῆσαι.
2954 1975 3155 2028 Ἐνίοτε
3189 1975 3298 2046 γὰρ
3326 1977 3419 2029 καὶ
3456 1978 3594 2047 μετὰ
3633 1979 3690 2031 τδ

2118 2060 2416 2132 αὐξηθῆναι
2460 2062 2556 2115 καὶ
2599 2064 2821 2133 ποιῆσαι
2870 2064 3092 2136 στάχυν,
3127 2066 3335 2135 γίνεται
3378 2067 3624 2139 βροῦχος,
3658 2069 3689 2141 ἢ

2118 2151 2325 2221 χάλαζα
2373 2153 2468 2205 καὶ
2518 2153 2572 2205 εί
2602 2171 2656 2208 τι
2687 2155 2793 2208 τῶν
2841 2155 3120 2221 τοιούτων,
3152 2157 3246 2209 καὶ
3295 2157 3559 2210 ἀπόλλυσι
3603 2157 3693 2211 τὸν

2119 2243 2353 2314 καρπόν.
2388 2243 2573 2308 Οὐτως
2612 2246 2729 2298 ἐστὶ
2766 2247 2860 2299 καὶ
2906 2247 3002 2300 ἐπὶ
3028 2247 3127 2317 τῆς
3154 2247 3353 2319 ψυχῆς.
3389 2250 3560 2303 Ὅταν
3589 2249 3694 2320 γάρ

2120 2335 2374 2388 κοπιάσει
2403 2337 2497 2389 καὶ
2529 2336 2816 2408 καθαρίσει
2848 2338 3017 2410 αὐτὴν
3043 2339 3153 2393 ἀπὸ
3177 2340 3314 2393 ὅλων
3339 2340 3450 2393 τῶν
3488 2340 3691 2409 παθῶν,

2120 2419 2195 2479 ὧν
2219 2426 2468 2497 εἴπομεν,
2494 2429 2588 2481 καὶ
2611 2430 2904 2482 σπουδάσει
2930 2431 3008 2492 είς
3033 2430 3160 2494 ὅλας
3188 2430 3286 2494 τάς
3308 2430 3532 2503 ἀρετάς,
3557 2431 3693 2487 θέλει

2122 2518 2353 2570 πάντοτε
2402 2517 2694 2588 προσέχειν
2735 2519 2816 2581 είς
2858 2518 3007 2582 ἔλεος
3040 2517 3135 2571 τοῦ
3176 2519 3312 2572 Θεοῦ
3345 2520 3439 2573 καὶ
3475 2522 3555 2584 είς
3601 2520 3694 2592 τὴν
3775 2571 3780 2577 ,

2125 2610 2333 2679 σκέπην
2379 2610 2567 2676 αὐτοῦ,
2619 2611 2706 2664 ἵνα
2763 2612 2838 2683 μὴ
2891 2611 3337 2679 ἐγκαταλίπωσιν
3386 2612 3560 2685 αὐτὴν
3605 2616 3695 2667 καὶ

2121 2703 2411 2772 ἀπόληται.
2440 2704 2652 2775 Ὠσπερ
2692 2703 2804 2776 γάρ
2842 2707 3069 2776 εἴπομεν
3098 2707 3193 2759 καὶ
3221 2708 3316 2758 ἐπὶ
3344 2705 3441 2759 τοῦ
3472 2707 3692 2777 σπόρου,

2123 2796 2207 2849 ὅτι
2239 2795 2334 2848 καὶ
2370 2795 2508 2865 μετὰ
2534 2796 2594 2848 τὸ
2622 2795 2922 2867 βλαστῆσαι
2961 2796 3058 2850 καὶ
3090 2796 3394 2867 αὐξηθῆναι
3424 2796 3525 2849 καὶ
3553 2798 3696 2867 ποιῆ·

2126 2904 2214 2942 σαι
2247 2888 2477 2958 καρπὸν,
2512 2888 2606 2941 ἐὰν
2636 2889 2711 2959 μὴ
2751 2888 2915 2942 πάλιν
2943 2888 3086 2943 κατὰ
3128 2884 3434 2961 πρόσϐασιν
3467 2888 3695 2960 κατέλθῃ

2122 2982 2156 3050 ἠ
2191 2979 2380 3051 βροχὴ,
2416 2979 2731 3051 ξηραίνεται
2759 2982 2854 3034 καὶ
2879 2981 3178 3035 ἀπόλλυται
3203 2998 3219 3012 ο
3253 2980 3427 3046 οὓτως
3458 2982 3577 3035 ἐστὶ
3603 2984 3698 3036 καὶ

2124 3072 2186 3126 τὸ
2223 3072 2317 3126 τοῦ
2350 3072 2660 3145 ἀνθρώπου.
2704 3074 2832 3129 Ἐὰν
2880 3074 3019 3145 μετὰ
3067 3075 3131 3128 τὸ
3177 3079 3401 3146 ποιῆσαι
3440 3075 3698 3139 τοσαῦτα,

2127 3165 2306 3235 ἐπάρῃ
2334 3166 2363 3216 6
2382 3162 2515 3227 Θεὸς
2545 3163 2739 3234 μικρὸν
2767 3164 2864 3235 τὴν
2896 3165 3102 3237 σκέπην
3128 3165 3314 3231 αὐτοῦ,
3343 3166 3442 3220 καὶ
3474 3168 3700 3235 ἐγκατα-

442 3245 626 3315 querit
652 3258 800 3308 eum,
834 3242 977 3311 perit
1019 3242 1243 3297 omnino
1285 3250 1341 3297 et
1384 3243 1681 3298 evanescit.
1716 3243 1874 3310 Quod
1924 3243 2020 3298 bo-

2127 3254 2260 3326 λίπῃ
2286 3254 2469 3319 αὐτὸν,
2502 3253 2821 3308 ἀπόλλυται.
2869 3254 2935 3307 Ἡ
2979 3254 3365 3325 ὲγκατάλειψις
3397 3255 3458 3309 δὲ
3497 3256 3699 3326 γίνεται

443 3336 578 3391 mini
612 3345 740 3389 tunc
787 3349 920 3388 sane
964 3333 1252 3404 contingit,
1305 3347 1430 3388 cum
1489 3346 1603 3397 rem
1654 3332 1785 3388 facit
1830 3342 2020 3404 praeter

2128 3344 2208 3416 τῷ
2248 3343 2542 3416 ἀνθρώπῳ,
2594 3346 2723 3398 ὅταν
2756 3346 2903 3398 ποιεῖ
2928 3345 3163 3416 πρᾶγμα
3209 3344 3363 3417 παρὰ
3397 3344 3503 3415 τὴν
3544 3345 3700 3399 κατά-

443 3434 646 3481 statum
684 3439 886 3479 suum:
926 3423 1061 3477 utsi
1092 3423 1216 3491 quis
1259 3422 1601 3478 verecundus
1647 3422 1919 3477 exsistens
1972 3431 2020 3478 et

2132 3455 2320 3492 στασιν
2346 3436 2529 3493 αὐτοῦ.
2565 3431 2691 3491 Οἷόν
2719 3454 2771 3491 τι
2798 3436 2961 3506 λέγω·
2999 3437 3126 3491 Ἐάν
3153 3454 3238 3501 τις
3349 3437 3589 3508 εὐλαϐὴς
3615 3437 3707 3491 καὶ

444 3516 646 3588 gravis,
676 3522 1018 3582 contemptor
1049 3512 1162 3577 ﬁat,
1198 3521 1290 3567 aut
1340 3512 1562 3568 humilis
1610 3513 1663 3567 in
1713 3511 2020 3582 superbiam

2128 3527 2257 3599 ἔλθῃ
2281 3527 2362 3591 είς
2394 3525 2737 3596 ἀδιαφορίαν,
2780 3524 2814 3595 ἢ
2843 3524 3097 3589 ταπεινὸς
3124 3526 3217 3578 καὶ
3241 3525 3370 3598 ἔλθῃ
3396 3527 3481 3589 είς
3507 3525 3701 3596 θρασύο

443 3608 625 3665 cadat.
664 3606 851 3675 Neque
878 3604 1015 3659 adeo
1042 3603 1244 3659 deserit
1273 3603 1418 3658 Deus
1449 3611 1880 3673 contemptorem
1928 3604 2020 3659 ubi

2127 3629 2284 3683 τητα.
2337 3610 2446 3663 Καὶ
2491 3611 2552 3662 οὐ
2596 3609 2852 3663 τοσοῦτον
2893 3609 3359 3680 ἐγκαταλιμπάνει
3393 3609 3422 3661 ὀ
3452 3609 3589 3673 Θεὸς
3615 3610 3700 3663 τὸν

443 3698 789 3762 contemnit,
843 3706 938 3751 aut
987 3696 1285 3766 superbum
1337 3710 1461 3750 cum
1508 3696 1764 3766 superbia
1820 3696 2020 3766 utitur,

2124 3700 2435 3769 ἀδιάφορον,
2493 3697 2592 3751 ἐὰν
2638 3696 3002 3770 άδιαφορήσῃ,
3065 3698 3186 3751 οὐδὲ
3226 3696 3319 3752 τὸν
3364 3697 3575 3769 θρασὺν
3613 3698 3709 3751 ἐὰν.

444 3802 712 3864 quantum
743 3789 1111 3855 verecundum
1141 3803 1267 3843 cum
1295 3790 1612 3852 contemnit,
1642 3798 1739 3844 aut
1764 3790 2020 3845 humilem

2125 3784 2437 3856 θρασυνθῇ,
2489 3780 2616 3834 ὅσον
2678 3780 3152 3852 ὲγκαταλιμπάνει
3202 3782 3294 3836 τὸν
3353 3781 3565 3852 εὐλαϐῆ
3615 3781 3702 3833 ὲὰν

444 3902 570 3942 cum
595 3882 894 3939 insolescit.
921 3882 1097 3951 Atque
1116 3881 1222 3935 hoc
1246 3890 1328 3935 est
1350 3894 1578 3950 peccare
1600 3891 1797 3950 praeter
1823 3889 2020 3938 statum

2127 3876 2494 3947 ἁδιαφορήσῃ,
2525 3876 2619 3929 καὶ
2646 3875 2738 3929 τὸν
2763 3876 3017 3931 ταπεινὸν
3067 3876 3163 3929 ἐὰν
3192 3876 3493 3948 θρασυνθῇ.
3544 3874 3702 3928 Τοῦτό

444 3992 607 4036 suum
637 3994 652 4032 :
692 3974 837 4031 unde
866 3976 928 4028 iit
963 3971 1245 4029 derelictio
1275 3970 1371 4027 Dei
1405 3973 1473 4027 ab
1503 3973 1744 4028 homine.

2127 3974 2244 4027 ἐστι
2265 3973 2326 4025 τὸ
2360 3973 2625 4043 ἁμαρτεῖν
2653 3988 2776 4026 τινα
2804 3972 2955 4042 παρὰ
2982 3971 3082 4043 τὴν
3107 3971 3465 4045 ’κατάστασιν
3501 3970 3662 4026 αὐ,τοῦ
3686 3985 3699 4000 ·

2120 4067 2185 4119 ἐκ
2209 4065 2402 4119 τούτου
2430 4064 2641 4133 γίνεται
2670 4063 3075 4133 ἐγκατάλειῲις.

519 4163 629 4219 νιι.
681 4161 819 4217 Hinc
874 4160 1034 4216 divus
1088 4158 1326 4217 Basilius
1367 4168 1651 4231 peccatum
1714 4160 1818 4215 viri
1860 4161 2020 4216 sancti

2206 4160 2282 4214 Z'.
2328 4159 2428 4214 Διὰ
2454 4159 2615 4213 τοῦτο
2643 4160 2672 4212 6
2700 4159 2852 4228 ἅγιος
2879 4158 3159 4223 Βασίλειος
3191 4159 3368 4224 άλλως
3404 4160 3579 4230 κρίνει
3613 4159 3705 4230 τὴν

445 4257 605 4313 aliter
629 4253 911 4320 discernit,
937 4252 1093 4308 aliter
1126 4252 1450 4322 peccatoris.
1492 4251 1599 4308 Ubi
1637 4254 1800 4320 etiam
1848 4254 1918 4307 sb
1947 4253 2020 4309 his

2135 4250 2413 4321 ἁμαρτίαν
2443 4249 2540 4302 τοῦ
2586 4249 2870 4314 εὐλαῦοὗς,
2922 4250 3016 4303 καὶ
3048 4249 3226 4313 άλλως
3257 4249 3357 4321 τὴν
3395 4249 3490 4304 τοῦ
3531 4249 3707 4318 διαιρό⁴

446 4346 705 4404 omnibus
736 4359 856 4400 sese
888 4342 1015 4412 quis
1040 4341 1385 4409 custodierit,
1417 4341 1471 4396 id
1528 4341 1705 4411 ipsum
1736 4342 1902 4398 etiam
1947 4342 2020 4396 di-

2138 4359 2251 4415 ρου.
2285 4343 2451 4395 Ὅταν
2480 4341 2538 4394 δὲ
2587 4341 2800 4414 φυλάξῃ
2849 4359 2934 4406 τις
2969 4341 3165 4397 ἑαυτὸν
3209 4343 3304 4396 καὶ
3362 4342 3473 4396 ἀπὸ
3499 4342 3704 4403 τούτου,

446 4441 676 4509 ligenter
704 4437 969 4499 advertat,
992 4450 1059 4489 ne
1087 4434 1290 4488 bonum
1318 4434 1573 4505 quamvis
1621 4435 1908 4489 minimum
1947 4433 2020 4489 fa-

2134 4435 2276 4489 θέλει
2305 4433 2615 4504 προσέχειν,
2668 4433 2752 4487 ἵνα
2800 4432 2875 4505 μὴ
2933 4433 3029 4487 ἐὰν
3087 4434 3259 4487 ἐποίει
3313 4434 3535 4506 μικρὸν,
3585 4434 3704 4502 ποιῇ

446 4533 559 4589 ciat
593 4545 717 4585 cum
736 4528 1019 4599 iactantia,
1047 4535 1141 4582 aut
1164 4527 1237 4582 ad
1262 4528 1555 4582 humanam
1581 4526 2020 4598 complacentiam

2134 4529 2266 4582 αὐτὸ
2314 4527 2451 4597 μετὰ
2481 4527 2808 4592 κενοδοξίας,
2844 4526 2876 4598 ἢ
2914 4526 3457 4597 άνθρωπαρεσκείας,
3515 4528 3549 4600 ἢ
3578 4526 3709 4581 κατά

448 4637 503 4682 et
528 4625 905 4679 intentionem.
942 4619 998 4676 ld
1035 4620 1181 4675 enim
1224 4621 1498 4676 modicum
1528 4620 1806 4691 jactantiae
1856 4630 2020 4676 totum

2133 4637 2257 4674 τινα
2292 4619 2553 4689 λογισμὸν
2579 4617 2942 4689 ἀνθρώπινον,
2974 4620 3069 4673 καὶ
3103 4619 3312 4691 ἀπόλλῃ
3343 4620 3478 4674 αὐτὸ
3508 4621 3569 4673 τὸ
3625 4635 3709 4688 μι-

447 4716 629 4787 pcrdit
698 4713 962 4784 quidquid
1028 4712 1155 4782 egit,
1190 4720 1250 4767 ut
1303 4711 1554 4784 superius
1591 4712 1658 4766 de
1707 4711 1917 4766 brucho
1980 4722 2020 4767 e1

2134 4712 2266 4783 κρδν
2309 4710 2489 4779 ὀλίγον
2522 4709 2551 4763 ὃ
2586 4709 2784 4776 ἐποίει,
2817 4709 2892 4773 ὡς
2948 4710 3175 4779 εἴπομεν
3232 4709 3361 4779 περὶ
3401 4709 3496 4762 τοῦ
3554 4706 3707 4778 βρού-

450 4805 714 4876 grandine
734 4803 975 4858 diximus
1007 4810 1170 4872 atque
1208 4802 1331 4858 aliis
1390 4801 1785 4873 hujuscemodi.
1815 4801 1879 4857 Et
1909 4818 2020 4858 rur-

2132 4817 2253 4871 χου,
2317 4799 2535 4871 καὶτῆς
2569 4798 2836 4869 χαλάζης,
2878 4798 2973 4851 καὶ
3015 4798 3123 4851 τῶν
3189 4797 3471 4855 τοιούτων.
3550 4797 3707 4852 Πάλιν

450 4914 574 4954 sum
604 4897 740 4951 nihil
777 4896 903 4951 licet
936 4895 1146 4950 adversi
1167 4910 1320 4966 seges
1351 4895 1468 4964 ipsa
1498 4894 1736 4964 patiatur
1778 4893 1833 4948 in
1865 4893 2033 4966 434

450 5001 614 5056 terra,
648 4988 744 5046 sed
794 4989 960 5044 illaesa
988 4976 1055 5042 ad
1099 5003 1328 5044 messem
1365 5002 1538 5056 usque
1589 4986 1887 5055 perveniat,
1922 5003 2030 5041 non

450 5089 633 5137 tamen
668 5095 898 5136 securus
926 5079 1104 5135 adhuc
1128 5078 1365 5149 agricola
1404 5091 1525 5133 esse
1566 5078 1791 5132 omnino
1830 5087 2031 5147 potest.

451 5172 580 5229 Post
603 5186 840 5227 messem
885 5169 1028 5225 enim
1057 5168 1195 5238 agri,
1217 5176 1270 5222 et
1319 5178 1545 5222 caeteros
1599 5180 1790 5221 omnes
1832 5166 1925 5236 qui
1976 5167 2031 5219 in

453 5279 517 5319 eo
546 5263 684 5318 tiunt
736 5262 974 5323 labores,
1004 5260 1274 5314 interdum
1320 5258 1470 5312 venit
1507 5256 1686 5311 malus
1730 5257 1914 5324 homo,
1976 5265 2031 5311 et

455 5368 579 5412 cum
608 5355 736 5410 odio
768 5350 1131 5409 etinimicitia
1160 5351 1336 5421 ignem
1369 5348 1536 5403 mittit
1567 5349 1623 5402 in
1664 5356 1923 5419 segetem.
1952 5348 2032 5402 ita

453 5453 516 5501 ut
549 5452 606 5499 et
636 5444 872 5499 fructum
911 5455 1129 5497 omnem
1169 5447 1225 5496 et
1275 5439 1515 5494 laborem
1554 5439 1807 5509 agricolas
1830 5439 2034 5508 pariter

457 5536 710 5607 perimat.
740 5535 861 5602 Quo
892 5534 952 5589 lit
977 5541 1040 5588 ut
1088 5531 1356 5603 intelligat
1403 5546 1659 5587 securum
1714 5546 1838 5586 esse
1890 5547 2034 5585 nun-

458 5640 622 5695 quam
658 5641 720 5681 se
750 5640 930 5695 posse,
964 5623 1070 5679 nisi
1101 5638 1226 5679 eum
1255 5621 1499 5677 triticum
1521 5620 1920 5691 expurgaverit,
1952 5629 2035 5674 at-

459 5730 568 5786 que
598 5716 659 5771 in
686 5717 881 5772 horrea
936 5715 1286 5786 congesserit.
1312 5714 1392 5770 ita
1437 5722 1491 5769 et
1520 5714 1683 5768 homo
1720 5721 1835 5767 tum
1866 5728 1930 5767 ex
1952 5712 2036 5767 his

466 5805 720 5865 omnibus
747 5822 869 5878 quae
892 5806 1028 5873 dixi,
1057 5805 1309 5872 evaserit,
1344 5819 1455 5861 non
1483 5812 1661 5860 tamen
1707 5819 1930 5859 securus
1953 5818 2039 5856 ρεσ-

468 5915 528 5957 se
560 5899 719 5957 debet
749 5909 843 5957 aut
887 5899 1176 5972 negligere.
1213 5897 1490 5971 Contingit
1524 5898 1669 5956 enim
1720 5897 2039 5967 plerumque

2137 4892 2235 4946 καὶ
2266 4893 2358 4946 ἐπὶ
2395 4891 2493 4962 τῆς
2537 4892 2641 4961 γῆς
2694 4892 2821 4944 ὅταν
2873 4889 2967 4943 καὶ
3023 4889 3191 4961 μηδὲν
3240 4890 3388 4963 πάθῃ
3465 4891 3630 4944 κακὸν
3682 4891 3708 4941 6

2139 4984 2370 5057 καρπὸς,
2401 4983 2538 5037 ἀλλὰ
2564 4984 2657 5036 καὶ
2685 4981 2934 5053 φυλαχθῇ
2968 4980 3073 5045 ἕως
3107 4981 3204 5035 τοῦ
3255 4982 3520 5053 θερισμοῦ
3546 4998 3560 5011 ·
3595 4981 3710 5036 οὐδὲ

2138 5076 2311 5138 οὕτως
2354 5074 2581 5129 δύναται
2624 5075 2654 5127 6
2681 5074 2929 5146 γεωργὸς
2956 5073 3333 5144 ἀμεριμνῆσαι
3359 5089 3372 5102 ·
3424 5074 3543 5128 ἔστι
3606 5074 3709 5143 γὰρ

2136 5166 2224 5218 ὅτε
2278 5164 2375 5218 καὶ
2406 5164 2545 5235 μετὰ
2573 5163 2636 5217 τὸ
2673 5162 2884 5235 θερίσαι
2911 5163 3034 5217 τινὰ
3065 5163 3127 5217 τὸ
3165 5164 3385 5235 χωρίον,
3419 5165 3516 5218 καὶ
3559 5164 3711 5231 ποιῆ-

2139 5273 2228 5310 σαι
2268 5255 2388 5309 ὅλον
2441 5255 2533 5308 τὸν
2586 5255 2754 5310 κόπον
2785 5254 2973 5322 αὐτοῦ,
3007 5254 3224 5325 ἔρχεται
3246 5256 3481 5327 πονηρὸς
3511 5254 3712 5325 ἅνθρω-

2139 5364 2240 5411 πος
2273 5345 2413 5417 μετὰ
2467 5348 2681 5417 μίσους,
2734 5348 2831 5401 καὶ
2864 5346 3047 5417 βάλλει
3086 5345 3198 5417 πῦρ
3244 5349 3325 5410 εἰς
3368 5347 3461 5401 τὸν
3509 5344 3710 5416 καρπὸν

2141 5441 2371 5503 ἐκεῖνον,
2432 5439 2530 5493 καὶ
2578 5438 2803 5493 άπόλλει
2851 5438 2969 5492 ὅλον
3027 5437 3119 5491 τὸν
3176 5437 3407 5508 καρπὸν,
3473 5437 3566 5491 καὶ
3623 5434 3711 5488 τὸν

2143 5528 2313 5582 κόπον
2345 5530 2555 5583 ἐκεῖνον
2607 5531 2701 5583 τοῦ
2739 5528 3049 5599 ἀνθρώπου.
3083 5529 3226 5591 Ἕως
3258 5524 3318 5583 οὗ
3351 5528 3436 5602 ίδῃ
3466 5529 3546 5582 ὅτι
3586 5527 3707 5579 ἐκα-

2144 5622 2366 5693 θάρισεν
2400 5622 2532 5676 αὐτὸ
2565 5621 2745 5685 καλῶς
2772 5621 2867 5674 καὶ
2897 5620 3088 5674 ἔϐαλεν
3139 5622 3217 5684 εἰς
3272 5621 3375 5692 τὴν
3415 5619 3708 5690 ἀποθήκην,

2144 5715 2206 5767 οὐ
2271 5714 2495 5769 δύναται
2526 5713 2904 5785 ἀμεριμνῑραι
2934 5728 2951 5747 θ
2983 5714 3186 5783 ὁμοίως
3216 5713 3305 5767 καὶ
3360 5715 3389 5766 6
3439 5713 3712 5782 ἄνθρωπος

2148 5807 2274 5859 ὅταν
2313 5806 2513 5877 δυνηθῇ
2550 5809 2614 5859 ἐκ
2664 5806 2868 5860 τούτων
2925 5807 3143 5860 πάντων
3189 5799 3264 5859 ὧν
3296 5804 3525 5876 εἴπομεν
3580 5801 3711 5866 ἐξει-

2146 5896 2333 5966 λῆσαι,
2365 5897 2425 5950 οὐ
2458 5896 2602 5950 θέλει
2630 5898 2737 5952 οὐδ’
2783 5895 2953 5961 οὕτως
2986 5896 3382 5968 άμεριμνῆσαι.
3428 5890 3712 5967 Συμΰαίνει
