4062 6468
320 353 462 422 1761

1666 357 2052 417 DOCTRINA
2097 356 2269 417 XIII.

3472 357 3603 416 176?

323 472 436 541 γὰρ
457 468 540 522 ὅτι
558 466 695 538 μετά
720 466 815 521 ὅλα
832 466 1026 533 ταῦτα,
1057 466 1305 538 εὑρίσκει
1326 468 1353 520 6
1372 466 1617 530 διάϐολος
1643 467 1916 537 πλανῆσαι

2026 476 2145 535 post
2173 468 2289 521 haec
2337 465 2521 520 omnia
2574 462 2852 519 diabolum
2902 462 3164 518 seducere
3213 476 3363 527 eum,
3396 460 3483 516 vel
3539 477 3604 517 ex

318 558 555 628 αὑτὸν,ῆ
576 558 666 611 διὰ
680 558 1085 628 δικαιωμάτων,
1103 557 1137 629 ἢ
1161 558 1249 611 διὰ
1268 558 1715 629 ὑπερηφανίαςῶ
1739 557 1826 611 διὰ
1848 557 1910 610 τὸ

2026 552 2500 623 iustiﬁcationibus
2541 560 2594 605 et
2621 551 2970 619 arrogantiis,
3002 549 3088 605 vel
3115 565 3213 619 per
3268 548 3607 605 inﬁdelitatis

320 649 579 721 ἐμϐαλεῖν
602 651 894 720 λογισμοὺς
943 651 1222 713 ἀπιστίας,
1251 652 1285 721 ἢ
1354 653 1531 720 κακῆς
1602 651 1868 720 αἱρέσεως
1892 664 1908 680 '

329 741 429 794 καὶ
472 741 534 793 οὐ
594 741 754 811 μόνον
780 742 863 794 ὅτι
893 742 1115 795 ἀπόλλει
1144 742 1298 804 ὅλους
1329 742 1456 804 τοὺς
1490 743 1693 803 κόπους
1721 740 1909 807 αὐτοῦ,

318 833 459 887 ἀλλά
490 834 583 886 καὶ
611 834 835 905 χωρίζει
867 834 1031 887 αὐτὸν
1056 833 1164 887 ἀπὸ
1193 834 1287 887 τοῦ
1318 833 1476 887 Θεοῦ.
1524 836 1634 887 Καὶ
1665 836 1786 887 εἴτι
1810 835 1912 886 οὐκ

318 925 566 997 ὴδυνήθη
604 925 753 996 αὐτῷ
774 926 867 980 διὰ
907 927 1004 996 τῆς
1056 925 1334 995 πράξεως,
1374 926 1443 978 δι’
1488 926 1609 989 ὲνὸς
1650 925 1910 995 λογισμοῦ

319 1021 469 1071 ποιεῖ
501 1017 670 1088 αὐτῷ.
733 1017 892 1072 Ἔστι
953 1019 1061 1090 γὰρ
1103 1020 1191 1072 ὅτε
1229 1019 1325 1071 καὶ
1374 1018 1632 1088 λογισμὸς
1688 1018 1913 1074 δύναται

312 1106 556 1176 χωρίσαι
583 1106 706 1160 τινὰ
734 1106 827 1161 τοῦ
867 1109 1024 1175 Θεοῦ,
1080 1109 1178 1164 ὲάν
1226 1110 1612 1181 καταδέξηται,
1650 1113 1746 1165 καὶ
1778 1129 1913 1181 συγ-

316 1194 632 1265 κατάοηται
669 1197 842 1267 αὐτῷ.
899 1198 1060 1252 Ὥστε
1107 1202 1135 1253 6
1190 1199 1360 1255 θέλων
1422 1203 1561 1272 μετὰ
1632 1203 1911 1271 ἀληθείας,

315 1286 424 1338 οὐκ
476 1286 682 1354 ὀφείλει
728 1289 1129 1359 ἀμεριμνῇαι,
1175 1291 1282 1355 ἓως
1329 1294 1572 1363 ἐσχάτης
1608 1295 1909 1366 ἀναπνοῆς.

316 1376 500 1449 Χρεία
556 1373 653 1432 οὖν
683 1380 855 1433 κόπου
912 1383 1006 1434 καὶ
1050 1385 1327 1453 φροντίδος
1405 1386 1627 1458 πολλῆς,
1678 1388 1771 1440 καὶ
1818 1387 1913 1440 τοῦ

314 1466 541 1522 δέεσθαι
568 1470 662 1523 τοῦ
693 1470 828 1524 Θεοῦ
862 1471 950 1525 διὰ
1002 1474 1228 1540 παντὸς,
1286 1474 1372 1528 ἵνα
1434 1478 1600 1541 αὐτὸς
1663 1479 1915 1552 σκεπάσῃ

317 1561 425 1615 καὶ
454 1560 698 1635 διασώσῃ
728 1565 878 1635 ἡμᾶς
931 1567 998 1635 τῇ
1052 1566 1356 1637 ἁγαθότητι
1390 1568 1584 1634 αὑτοῦ,
1623 1571 1705 1634 είς
1758 1569 1916 1636 δόξαν

321 1650 425 1707 ⁸τοῦ
477 1653 635 1723 ἁγίου
663 1656 929 1726 ὀνόματος
957 1655 1146 1712 αὐτοῦ.

835 1752 1251 1806 ΔΙΔΔΣΚΑΛΙΛ
1300 1753 1402 1806 ΙΙ”.

2017 640 2396 711 cogitationes,
2427 649 2719 709 autprara‘.
2757 637 2997 701 haeresis,
3018 652 3159 707 quas
3192 636 3361 691 menti
3424 635 3607 689 immi-

2018 734 2184 799 serit;
2214 734 2284 786 ita
2319 743 2378 787 ut
2410 746 2518 786 non
2547 733 2726 786 solum
2780 730 2993 785 labores
3022 744 3214 784 omnes
3275 743 3407 784 suos
3441 728 3600 782 amitc

2020 831 2117 888 tat,
2144 823 2237 878 sed
2282 824 2600 892 plerumque
2638 822 2802 876 etiam
2842 836 2873 875 a
2904 820 3014 875 Deo
3076 822 3315 875 recedat.
3348 818 3416 873 Et
3461 818 3607 890 quod

2018 931 2129 970 non
2178 916 2355 985 potuit
2384 915 2637 970 diabolus
2676 929 2773 985 per
2823 914 3117 977 actionem,
3165 915 3338 983 egerit
3380 928 3477 983 per
3509 928 3609 967 co-

2019 1007 2359 1077 gitationem.
2411 1006 2596 1062 Potest
2661 1007 2807 1061 enim
2881 1007 3043 1060 unica
3102 1006 3364 1076 cogitatio
3427 1005 3607 1059 homi-

2020 1111 2145 1149 nem
2180 1110 2210 1149 a
2250 1096 2360 1150 Deo
2402 1110 2676 1165 separare,
2733 1111 2859 1151 cum
2891 1097 3102 1151 scilicet
3146 1113 3264 1151 eam
3306 1097 3609 1165 susceperit

2020 1188 2179 1257 eique
2200 1189 2563 1242 consenserit.
2597 1187 2778 1252 Quare
2831 1189 2925 1257 qui
2991 1204 3117 1243 vere
3179 1189 3380 1243 salvari
3432 1200 3606 1258 Optat,

2020 1278 2172 1331 nullo
2219 1286 2468 1347 tempore
2523 1292 2699 1343 usque
2759 1277 2827 1330 ad
2885 1277 3133 1331 ultimum
3183 1278 3479 1347 spiritum,
3538 1276 3608 1331 de

2021 1384 2081 1423 se
2111 1369 2269 1424 debet
2317 1383 2437 1424 esse
2484 1382 2731 1422 securus.
2769 1365 2919 1436 Opus
2990 1368 3152 1437 igitur
3209 1367 3425 1429 labore,
3476 1382 3610 1421 cura

2021 1468 2074 1514 et
2107 1459 2290 1514 studio
2314 1458 2508 1521 multo.
2561 1458 2937 1527 continuoque
2988 1458 3224 1511 orationi
3280 1457 3608 1523 vacandum,

2024 1561 2083 1604 ut
2111 1549 2254 1605 Deus
2280 1566 2379 1605 nos
2436 1549 2712 1606 custodiat
2774 1559 2828 1605 et
2877 1549 3052 1605 salvet
3115 1562 3215 1602 sua
3270 1548 3515 1612 bonitate
3556 1557 3613 1603 et

2022 1642 2309 1697 clementia
2345 1644 2397 1696 in
2430 1643 2657 1712 gloriam
2689 1640 3027 1696 sanctissimi
3052 1639 3293 1695 nominis
3334 1638 3444 1693 sui.

2559 1752 2913 1809 DOCTRINA
2944 1751 3082 1807 XIII.

318 1856 467 1927 Περὶ
525 1857 633 1913 τοῦ
662 1860 977 1940 ἀταράχως
1013 1864 1112 1917 καὶ
1157 1866 1529 1940 εὐχαρίστως
1593 1867 1920 1937 ὑποφέρειν

2026 1867 2094 1924 Ut
2138 1869 2363 1924 viriliter
2405 1877 2453 1923 et
2500 1886 2619 1923 cum
2668 1870 2969 1940 gratiarum
3034 1866 3239 1921 actione
3299 1867 3612 1921 tentationes

826 1934 970 1997 τοὺς
1026 1937 1418 2003 πειρασμούς.

385 2028 474 2083 A'.
507 2023 708 2087 Καλῶς
735 2019 888 2077 εἶπεν
921 2028 949 2079 6
992 2025 1168 2089 ἀϐὅᾶς
1196 2028 1428 2097 Ποιμὴν,
1471 2028 1555 2083 ὅτι
1585 2029 1647 2083 τὸ
1690 2033 1918 2102 σημεῖον

321 2119 420 2167 τοῦ
456 2114 692 2186 μοναχοῦ
732 2118 790 2169 ὲν
840 2120 951 2180 τοῖς
985 2122 1311 2190 πειρασμοῖς
1345 2120 1619 2190 φαίνεται.
1678 2124 1916 2194 Ὀφείλει

323 2205 438 2276 γὰρ
463 2208 492 2259 6
524 2206 759 2277 μοναχὸς
783 2209 811 2260 6
842 2206 985 2277 μετὰ
1034 2208 1296 2278 ἀληθείας
1342 2212 1784 2283 προσερχόμενος
1835 2214 1917 2285 τῷ

321 2297 519 2369 Κυρίῳ
570 2299 879 2364 δουλεῦσαι,
923 2301 1212 2370 ἑτοιμάσαι
1266 2302 1409 2356 κατὰ
1458 2304 1558 2375 τὴν
1592 2305 1787 2375 σοφίαν
1820 2307 1919 2379 τὴν

315 2389 504 2462 ψυχὴν
573 2392 739 2446 αὑτοῦ
789 2395 869 2456 είς
918 2396 1281 2464 πειρασμοὺς,
1355 2395 1443 2448 ἵνα
1507 2397 1582 2467 μὴ
1647 2396 1924 2469 ξενίζηταί

316 2499 460 2535 ποτε
491 2482 629 2554 μηδὲ
686 2484 1030 2555 ταράσσηται
1083 2486 1141 2537 ὲν
1190 2486 1303 2546 τοῖς
1363 2486 1721 2557 συμϐαίνουσι
1755 2503 1768 2515 '
1822 2504 1910 2541 πι-

329 2575 544 2630 στεύων
577 2576 660 2629 ὂτι
694 2576 844 2629 οὐδὲν
876 2576 1006 2630 ἀνευ
1033 2575 1133 2645 τῆς
1184 2577 1440 2649 προνοίας
1467 2577 1565 2632 τοῦ
1589 2578 1725 2632 Θεοῦ
1771 2580 1919 2649 γίνε-

314 2682 439 2722 ται.
473 2667 647 2719 Ὅπου
672 2666 730 2719 δὲ
782 2666 915 2721 Θεοῦ
957 2667 1208 2738 πρόνοια,
1279 2669 1502 2732 πάντως
1554 2670 1721 2725 καλόν
1778 2674 1917 2740 ἐστι,

316 2755 425 2810 καὶ
455 2756 537 2817 είς
565 2755 834 2825 ὠφέλειαν
887 2756 1067 2827 ψυχῆς
1095 2757 1157 2811 τὸ
1207 2760 1491 2829 γινόμενον
1523 2775 1540 2792 ·
1572 2760 1753 2815 πάντα
1807 2762 1919 2834 γὰρ

315 2848 429 2903 ὅσα
476 2851 671 2902 ποιείὸ
702 2849 838 2913 Θεὸς
867 2849 989 2919 μεθ’
1037 2850 1217 2921 ἡμῶν,
1272 2851 1415 2923 ὑπὲρ
1458 2851 1553 2905 τοῦ
1613 2853 1919 2925 συμφέρον-

316 2958 420 3005 τος
444 2944 608 3006 ποιεῖ,
640 2944 735 2996 καὶ
780 2942 1013 3011 ἀγαπῶν
1051 2944 1207 3013 ἡμᾶς
1258 2943 1354 2998 καὶ
1383 2945 1695 3016 φειδόμενος
1735 2946 1913 3017 ἡμῶν.

317 3034 440 3089 Καὶ
497 3034 814 3106 ὀφείλομεν,
866 3034 940 3098 ὡς
991 3029 1145 3089 εἶπεν
1193 3038 1222 3088 6
1255 3034 1597 3101 Ἀπόστολος,
1649 3040 1708 3091 ὲν
1753 3039 1917 3093 παντὶ

317 3127 672 3197 εὐχαριστεῖν
745 3130 812 3199 τῇ
874 3127 1175 3198 ἀγαθότητι
1237 3127 1427 3195 αὐτοῦ,
1488 3129 1585 3183 καὶ
1643 3132 1916 3201 μηδέποτε

317 3220 580 3291 ἀθυμεῖν,
614 3220 648 3290 ἢ
676 3219 1034 3292 μικροψυχεῖν
1061 3221 1156 3274 ἐπὶ
1182 3223 1298 3283 τοῖς
1330 3221 1725 3291 συμῦαίνουσιν
1754 3226 1913 3293 ἡμῖν,
1946 3235 1988 3292 C

320 3310 467 3366 ἀλλὰ
503 3311 755 3383 δέχεσθαι
781 3312 1076 3383 ἀταράχως
1126 3313 1193 3366 τὰ
1239 3314 1586 3384 ἐπερχόμενα
1642 3317 1779 3386 μετά
1823 3334 1923 3371 τα-

323 3400 775 3473 πεινοφροσύνης
839 3402 935 3454 καὶ
991 3402 1091 3472 τῆς
1154 3403 1293 3473 μετά
1345 3404 1480 3457 Θεὸν
1533 3404 1774 3469 ἐλπίδοςο
1830 3424 1928 3460 πε-

325 3494 640 3561 πεισμένοι,
670 3492 853 3556 καθὼς
908 3490 1085 3557 εἶπον,
1137 3495 1219 3548 ὅτι
1282 3496 1462 3549 πάντα
1521 3496 1623 3549 ὅσα
1671 3496 1737 3550 ἂν
1795 3498 1924 3568 ποιῇ

331 3585 456 3655 μεθ’
488 3586 645 3657 ήμῶν
699 3587 729 3639 ὁ
756 3585 911 3650 Θεὸς.
972 3586 1272 3657 ἀγαθὸτητι
1336 3589 1500 3654 ποιεῖ,
1553 3590 1647 3642 xui
1697 3591 1927 3658 ἀγαπῶν

338 3678 492 3748 ἡμᾶς
526 3680 688 3745 ποιεῖ,
737 3680 833 3731 καὶ
878 3679 1061 3741 καλῶς
1118 3681 1282 3731 ποιεῖ.
1341 3680 1450 3733 Καὶ
1514 3681 1615 3733 οὐκ
1655 3681 1928 3752 ἐνδέχεται

329 3769 473 3823 αὑτά
501 3768 679 3831 ἄλλως
740 3769 920 3832 καλῶς
960 3770 1236 3837 γενέσθαι,
1290 3771 1340 3822 εί
1390 3769 1466 3841 μὴ
1491 3769 1665 3833 οὕτως
1706 3771 1928 3842 ἐλέησεν

329 3862 359 3913 6
414 3857 568 3920 Θεός.
615 3859 772 3912 Φίλον
807 3860 905 3912 ἐὰν
952 3859 1052 3930 ἔχῃ
1096 3876 1183 3922 τις
1235 3860 1329 3912 καὶ⁵
1392 3862 1926 3931 πληροφορείταιὸτι

331 3950 525 4019 ἀγαπᾷ
594 3950 757 4006 αὐτόν
786 3965 801 3981 ·
861 3952 915 4003 εί
940 3968 991 4003 τι
1014 3950 1060 4003 δ’
1096 3950 1161 4003 ἂν
1214 3950 1363 4021 πάθῃ
1419 3952 1550 4020 παρ’
1607 3953 1925 4016 αὐτοῦ,κᾶν

333 4039 583 4112 ὃλιϐερδν
608 4035 677 4104 εἴ,
713 4040 826 4112 ἔχει
852 4041 937 4095 ὅτι
968 4041 1197 4109 ἀγαπῶν
1236 4042 1483 4110 ἐποίησε,
1533 4042 1629 4096 καὶ
1659 4044 1919 4096 οὐδέποτε

334 4131 580 4185 πιστεύει
614 4131 867 4203 περὶτοῦ
912 4132 1068 4201 φίλου
1141 4131 1327 4199 αὐτοῦ,
1392 4133 1475 4186 ὅτι
1509 4133 1710 4204 βλάψαι
1760 4136 1924 4188 αὑτὸν

336 4222 480 4276 ϐέλει
502 4240 517 4255 ο
547 4224 699 4295 πόσῳ
726 4224 929 4294 μᾶλλον
964 4226 1128 4295 ἡμεῖς
1174 4224 1467 4294 ὀφείλομεν
1503 4224 1650 4296 ἔχειν
1681 4230 1809 4299 περὶ
1830 4227 1923 4281 τοῦ

334 4316 470 4370 θεοῦ
504 4315 596 4369 τοῦ
632 4316 934 4379 πλάσαντος
982 4317 1150 4386 ἡμᾶς.
1182 4317 1278 4369 καὶ
1309 4319 1376 4369 ὲκ
1421 4316 1516 4371 τοῦ
1560 4318 1634 4388 μὴ
1675 4318 1925 4383 δντοςείς

335 4408 398 4463 τὸ
432 4405 572 4461 εἶναι
605 4408 1042 4478 παραγαγόντος,
1098 4408 1191 4460 καί
1252 4407 1320 4460 δι’
1374 4409 1521 4478 ἡμᾶς
1568 4409 1924 4482 ενανθρωπή-

337 4516 551 4567 σαντος,
584 4501 678 4553 καὶ
729 4500 868 4570 ὑπὲρ
937 4498 1094 4570 ἡμῶν
1154 4499 1543 4565 ἀποθανόντος,
1612 4501 1694 4556 δτι
1747 4503 1924 4557 πάντα

337 4592 639 4662 ἀγαθότητι
695 4593 842 4645 ποιεῖ
901 4590 1021 4662 μεθ’
1068 4591 1245 4663 ἡμῶν,
1325 4590 1421 4645 καὶ
1489 4590 1721 4660 ἀγαπῶν
1772 4590 1921 4660 ἡμᾶς
1960 4575 2000 4629 ἶ)

338 4687 485 4737 ποιεῖ
511 4701 526 4750 ;

408 4777 484 4834 Β¹.
528 4780 637 4833 Καὶ
675 4779 771 4832 ἐπὶ
809 4778 906 4850 μὲν
937 4778 1030 4833 τοῦ
1062 4778 1216 4848 φίλου
1248 4778 1363 4831 ἔστι
1417 4775 1735 4847 λογίσασθαί
1783 4792 1926 4838 τινα,

336 4871 423 4926 ὅτι
452 4871 682 4939 ἀγαπῶν
720 4889 787 4942 με
814 4874 981 4935 ποιεῖ,
1013 4871 1106 4924 καὶ
1142 4871 1459 4941 φειδόμενος
1486 4870 1552 4923 δι’
1593 4869 1731 4940 ἐμοῦ
1756 4882 1769 4897 ⁸
1810 4868 1926 4921 ἀλλ’

337 4965 399 5017 οὐ
432 4964 651 5028 πάντως
680 4965 771 5017 καὶ
797 4963 1008 5034 ταύτην
1042 4962 1155 5033 ἔχει
1196 4963 1434 5028 σύνεσιν,
1469 4962 1611 5016 ὥστε
1653 4963 1928 5034 διοικῆσαι

336 5056 406 5109 τὰ
455 5058 576 5110 κατ’
608 5057 728 5126 ἐμὲ,
762 5055 858 5109 καὶ
886 5054 972 5107 διὰ
1026 5054 1203 5119 τοῦτο,
1252 5054 1327 5117 ὡς
1380 5054 1547 5119 εἰκὸς,
1580 5054 1673 5107 καὶ
1709 5053 1785 5124 μὴ
1841 5052 1929 5105 θέ-

337 5148 448 5204 λων
484 5148 711 5219 βλάπτει
741 5166 808 5220 με
838 5167 853 5179 ·
885 5148 979 5200 ἐπὶ
1013 5146 1068 5199 δὲ
1098 5145 1219 5218 Θεῷ
1245 5147 1305 5201 οὐ
1335 5146 1616 5218 δυνάμεθα
1655 5144 1814 5199 τοῦτο
1852 5146 1930 5198 εἰ-

339 5246 483 5297 πεῖν.
520 5243 692 5305 Αὐτὸς
720 5243 826 5313 γάρ
855 5243 1003 5295 ἐστιν
1043 5242 1076 5311 ἡ
1130 5239 1282 5311 πηγὴ
1312 5242 1410 5311 τῆς
1443 5240 1657 5308 σοφίας,
1689 5243 1785 5292 καὶ
1822 5234 1931 5292 οἶδε

341 5337 521 5392 πάντα
567 5338 635 5389 τά
666 5335 1014 5406 συμφέροντα
1042 5335 1196 5403 ἡμῖν,
1231 5332 1326 5386 καὶ⁵
1374 5332 1509 5403 πρὸς
1545 5330 1678 5384 αὐτὸ
1732 5329 1929 5383 διοικεῖ

338 5429 410 5483 τὰ
440 5426 565 5481 καθ’
617 5427 764 5498 ἡμᾶς
799 5427 962 5496 μέχρι
1008 5426 1102 5478 καὶ
1128 5424 1236 5476 τῶν
1284 5423 1707 5493 εὐτελεστέρων.
1769 5420 1927 5473 Ἐστι

341 5521 401 5574 δὲ
452 5521 617 5575 πάλιν
645 5521 822 5572 εἰπεῖν
858 5517 986 5589 περὶ
1013 5516 1107 5569 τοῦ
1138 5516 1295 5585 φίλου
1324 5516 1407 5569 ὅτι
1434 5514 1645 5585 ἀγαπᾷ.
1677 5513 1772 5567 καὶ
1816 5512 1935 5581 φείο

343 5614 494 5668 δεται
526 5614 622 5668 καὶ
651 5611 870 5674 συνετός
918 5612 1067 5663 ἐστιν
1102 5608 1183 5671 είς
1211 5607 1275 5661 τὸ
1340 5606 1612 5677 διοικῆσαι
1673 5605 1742 5658 τά
1807 5603 1931 5657 κατ’

422 5791 439 5832 ι
473 5790 613 5848 Eccli
671 5807 726 5845 ιι.
763 5805 802 5846 ι.
906 5798 939 5819 ’ν’
972 5787 1168 5857 Ephes.
1200 5801 1254 5841 ν.
1291 5783 1395 5851 20;
1431 5781 1452 5836 1
1488 5781 1681 5838 Thess.
1730 5797 1781 5849 ν,
1842 5780 1923 5835 18.

2689 1941 2946 2008 feramus.

2094 2033 2138 2086 Ι.
2171 2031 2345 2098 Quam
2405 2032 2664 2102 praeclare
2688 2031 2906 2087 locutus
2938 2040 3020 2086 est
3050 2030 3221 2086 abbas
3250 2031 3464 2093 Pastor,
3493 2043 3614 2082 mo-

2024 2124 2183 2179 nachi
2211 2123 2419 2178 scilicet
2473 2124 2587 2177 veri
2618 2124 2832 2193 signum
2878 2124 3022 2177 inter
3058 2123 3389 2177 tentatioues
3438 2119 3615 2174 maxi-

2023 2228 2112 2268 me
2135 2228 2414 2283 apparere.
2439 2213 2606 2267 Debet
2637 2214 2784 2267 enim
2842 2212 3144 2268 monachus
3166 2212 3262 2282 qui
3300 2227 3410 2265 non
3466 2212 3611 2276 iictc,

2024 2305 2409 2361 non-simulate
2431 2306 2497 2359 ad
2539 2304 2632 2358 Dei
2662 2304 2947 2359 servitium
2973 2303 3180 2358 venerit
3200 2303 3356 2373 juxta
3389 2301 3615 2371 Sapien-

2023 2397 2156 2451 tiam
2181 2393 2225 2461 ι,
2260 2411 2568 2466 praeparare
2600 2411 2696 2451 cor
2748 2412 2907 2451 suum
2944 2396 3011 2450 ad
3046 2396 3410 2460 tcntationes;
3443 2396 3518 2448 ita
3554 2400 3616 2448 ut

2024 2489 2079 2543 iu
2105 2489 2193 2543 his
2216 2503 2338 2558 qua:
2359 2489 2463 2543 sibi
2486 2488 2951 2558 contigerint,non
2973 2486 3325 2556 obstupescat
3365 2486 3615 2555 aliquan-

2023 2580 2116 2644 do,
2143 2596 2251 2634 non
2281 2580 2656 2640 conturbetur.
2688 2580 2791 2634 hoc
2822 2594 3010 2634 secum
3073 2588 3355 2649 reputans,
3385 2587 3441 2634 et
3490 2593 3613 2633 cer-

2025 2680 2142 2728 tum
2179 2672 2387 2729 habens
2410 2674 2530 2727 sine
2554 2672 2738 2727 divina
2765 2671 3112 2726 Providentia
3138 2672 3253 2725 iieri
3283 2671 3440 2725 nihil.
3462 2669 3617 2736 Quae

2024 2777 2240 2833 cunque
2271 2764 2417 2819 enim
2452 2764 2740 2819 nobiscum
2765 2763 2876 2833 agit
2901 2776 2956 2817 et
2984 2763 3264 2831 dispensat
3300 2761 3466 2826 Deus,
3492 2776 3615 2814 om-

2025 2851 2117 2906 nia
2140 2852 2194 2906 in
2232 2852 2519 2906 utilitatem
2584 2860 2826 2905 nostram
2876 2852 3009 2921 agit,
3042 2848 3229 2903 omnia
3276 2864 3342 2903 ex
3377 2849 3615 2903 benevo»

2023 2943 2189 2998 lentia
2222 2952 2278 2998 et
2305 2944 2569 2998 chsiritate
2595 2959 2697 2998 sna
2728 2958 2855 3013 erga
2886 2958 2990 2997 nos
3017 2942 3318 3011 dispensat,
3354 2948 3412 2993 ut
3464 2939 3617 2994 scili-

2022 3047 2111 3092 Ccl
2139 3048 2295 3093 curet
2326 3049 2382 3093 ct
2424 3038 2616 3092 salvet.
2678 3035 2860 3103 Quare
2899 3036 2955 3090 in
2995 3036 3230 3096 eunetis,
3261 3044 3320 3088 ut
3358 3035 3435 3089 ait
3465 3034 3613 3103 Apo~

2023 3131 2274 3194 stolus“,
2301 3131 2421 3201 ejus
2456 3130 2687 3185 bonitati
2721 3129 2925 3198 gratias
2952 3143 3113 3198 agere
3142 3127 3424 3190 debemus,
3452 3135 3619 3195 atque

2022 3223 2079 3277 in
2113 3222 2263 3276 nullo
2290 3222 2625 3286 contristari,
2664 3229 2760 3275 aut
2788 3221 3021 3276 deiicere
3046 3220 3129 3274 vel
3152 3219 3441 3273 minimum
3465 3232 3616 3288 qua:-

2027 3331 2244 3384 cunque
2274 3314 2433 3368 nobis
2456 3313 2774 3378 acciderint,
2804 3312 2897 3367 sed
2944 3313 3128 3365 omnia
3167 3312 3435 3380 intrepide
3453 3310 3619 3363 adve-

2027 3409 2235 3463 nientia
2270 3408 2550 3476 suscipere
2574 3421 2702 3461 cum
2734 3405 3040 3459 humilitate
3069 3412 3126 3457 et
3177 3418 3275 3473 spe
3300 3405 3354 3457 in
3389 3401 3559 3456 Deum
3596 3418 3615 3468 ;

2029 3509 2179 3555 certo
2200 3500 2469 3569 persuasi,
2504 3509 2565 3553 ut
2617 3500 2753 3564 dixi,
2809 3499 2957 3568 quod
3003 3497 3268 3567 quidquid
3324 3497 3615 3550 uobiscum

2029 3592 2139 3663 agit
2169 3591 2332 3655 Deus,
2360 3591 2415 3646 id
2440 3606 2540 3646 sua
2577 3591 2821 3646 bonitate
2857 3601 2912 3644 et
2958 3589 3330 3645 benevolentia
3361 3603 3491 3658 erga
3513 3601 3619 3643 nos

2029 3693 2173 3751 agat.
2200 3679 2389 3751 Neque
2415 3682 2560 3735 enim
2595 3681 2752 3736 decet
2782 3695 2845 3735 ea
2890 3680 3049 3734 aliter
3095 3679 3235 3734 belle
3289 3679 3428 3744 ﬁeri,
3450 3693 3618 3749 quam

2031 3783 2089 3827 ut
2126 3773 2207 3829 sic
2236 3776 2563 3830 misereatur
2607 3772 2772 3829 Deus.
2809 3770 2946 3827 Nam
2993 3773 3040 3827 si
3067 3773 3195 3841 quis
3248 3773 3486 3826 amicum
3513 3773 3618 3827 ha-

2028 3865 2174 3928 beat,
2195 3873 2251 3918 et
2278 3866 2620 3920 certissimus
2641 3865 2715 3919 sit
2740 3865 2810 3917 ab
2856 3879 2924 3919 eo
2974 3878 3036 3917 se
3097 3863 3272 3932 diligi,
3300 3877 3617 3932 quanquam

2028 3955 2231 4023 aliquid
2265 3955 2334 4007 ab
2365 3968 2432 4007 eo
2462 3954 2701 4022 patiatur
2754 3952 3027 4005 interdum
3056 3950 3293 4016 molesti,
3322 3950 3376 4002 id
3432 3959 3617 4003 tamen

2029 4053 2183 4112 putat
2208 4054 2456 4097 amanter
2489 4042 2717 4105 factum,
2745 4057 2923 4111 neque
2946 4040 3268 4110 persuaderi
3311 4047 3493 4109 potest
3525 4040 3619 4094 ul-

2027 4137 2080 4191 lo
2113 4137 2281 4190 modo
2322 4136 2551 4189 nocendi
2600 4134 2843 4187 animum
2901 4133 3140 4186 amicum
3202 4132 3483 4186 habuisse.
3545 4129 3618 4184 At

2028 4236 2236 4298 quanto
2253 4228 2426 4298 magis
2451 4226 2517 4279 de
2542 4225 2652 4278 Deo
2683 4224 2947 4279 debemus
2978 4224 3082 4277 hoc
3103 4223 3348 4286 credere,
3381 4223 3476 4292 qui
3513 4237 3617 4279 nos

2028 4318 2340 4388 plasmavit,
2395 4316 2644 4385 quicum
2686 4330 2794 4367 non
2850 4327 3119 4378 essemus,
3174 4311 3304 4367 fecit
3368 4320 3427 4365 ut
3461 4328 3617 4368 esse-

2029 4424 2175 4473 mus,
2208 4409 2301 4477 qui
2333 4421 2432 4478 pro
2471 4406 2629 4461 nobis
2684 4405 3026 4469 incarnatus,
3056 4420 3157 4474 pro
3182 4403 3343 4458 nobis
3366 4412 3617 4461 mortuus

2030 4499 2148 4554 est?

2107 4769 2167 4824 il.
2205 4770 2272 4824 Et
2295 4770 2349 4824 in
2378 4769 2557 4825 amico
2584 4769 2804 4840 quidem
2834 4768 3064 4839 eOgitari
3091 4770 3340 4839 quaedam
3365 4778 3621 4839 possunt,

2031 4863 2418 4934 quodscilicet
2449 4872 2697 4918 amanter
2723 4873 2783 4919 et
2813 4877 3004 4917 curam
3037 4863 3142 4917 mei
3193 4878 3390 4932 gerens
3412 4864 3517 4918 hoc
3542 4861 3622 4917 fe-

2030 4956 2167 5011 cerit
2196 4975 2210 5010 :
2241 4971 2366 5012 cum
2398 4965 2587 5011 tamen
2612 4971 2722 5010 non
2769 4967 2917 5011 esset
2946 4955 3000 5009 in
3026 4970 3093 5009 eo
3120 4956 3303 5010 omnis
3329 4953 3622 5024 providen-

2035 5049 2113 5103 tia
2148 5058 2201 5103 et
2222 5048 2487 5119 sapientia
2528 5063 2780 5102 mearum
2822 5063 3005 5102 rerum
3034 5046 3627 5112 administraudarum,

2035 5149 2096 5195 ut
2133 5139 2383 5205 decebat,
2426 5139 2660 5195 fortasse
2703 5140 2898 5195 nolens
2927 5138 3105 5195 obluit
3149 5139 3307 5193 mihi.
3340 5136 3455 5193 Hoc
3498 5139 3627 5207 qui-

2034 5235 2157 5291 dem
2185 5236 2253 5291 de
2294 5236 2474 5290 amico
2520 5249 2815 5305 possumus
2841 5245 2898 5289 et
2945 5235 3125 5290 dicere
3175 5246 3230 5289 et
3254 5233 3537 5298 cogitare:
3571 5239 3625 5288 at

2035 5326 2105 5382 de
2138 5328 2248 5384 Deo
2275 5337 2457 5383 autem
2492 5343 2861 5398 nequaquam.
2885 5327 3008 5397 lpsc
3062 5327 3207 5381 enim
3248 5323 3374 5380 fons
3399 5333 3484 5380 est
3530 5339 3623 5380 sa-

2036 5422 2278 5493 pientiae,
2309 5429 2365 5476 et
2407 5421 2674 5492 quidquid
2710 5422 2870 5476 nobis
2901 5419 3137 5482 advenit,
3174 5417 3441 5489 praenovit
3479 5416 3624 5487 opti-

2042 5529 2131 5568 me
2164 5529 2339 5584 usque
2355 5514 2519 5568 etiam
2551 5513 2620 5569 ad
2644 5512 2870 5568 minima
2898 5526 3124 5581 quinque
3142 5518 3197 5565 et
3239 5507 3523 5563 vilissima.
3547 5506 3627 5564 De

2040 5603 2219 5660 amico
2249 5605 2413 5660 etiam
2437 5600 2667 5660 fortasse
2702 5600 2918 5657 dicetur
2947 5597 3090 5668 quod
3115 5610 3215 5652 nos
3243 5594 3451 5666 diligat,
3476 5592 3626 5667 quod
