4062 6478
471 344 608 412 1763

1683 341 1742 400 S.
1778 335 2171 400 DOROTHEI
2210 334 2530 397 ABBATIS

3614 335 3744 407 ιτιι

465 454 629 529 435
660 461 970 510 nostrarum
999 465 1186 507 rerum
1214 462 1405 506 curam
1439 452 1612 517 gerat,
1646 446 1792 516 quod
1843 447 2064 516 sapiens

2180 444 2392 529 ἐμὲ,ᾲοὺ
2430 443 2537 514 μὴν
2568 443 2660 497 καὶ
2687 442 2918 514 δύναμιν
2947 443 3060 515 ἔχει
3113 446 3189 509 εἰς
3217 442 3280 499 τὸ
3332 446 3605 521 βοηθῆσαί
3664 469 3747 521 μοι

464 559 522 603 et
549 546 793 617 prudens
821 543 894 599 sit
925 542 979 597 in
1031 540 1350 596 earumdem
1412 536 1932 592 administratione:
1964 535 2062 591 sed

467 634 614 706 quod
643 632 871 687 minime
898 631 1071 700 possit
1103 629 1159 683 in
1208 627 1467 684 omnibus
1505 625 1790 697 prodesse,
1830 624 1887 679 in
1931 625 2059 695 qui-

469 727 574 781 bus
612 734 668 781 et
694 723 859 778 vellet
884 734 940 778 et
966 730 1198 790 optaret.
1229 721 1299 774 At
1329 720 1395 775 de
1411 717 1523 773 Deo
1552 718 1709 774 nefas
1735 718 1838 773 hoc
1859 719 2061 773 dicere.

473 818 670 871 Omnia
706 817 785 870 illi
821 813 1103 885 possibilia
1134 820 1286 877 sunt,
1328 818 1382 866 et
1431 811 1569 865 nihil
1617 810 1961 880 impossibile
2006 810 2062 864 in

467 919 767 981 conspectu
819 909 960 978 ejus.
996 905 1152 972 Quod
1188 905 1233 960 si
1285 904 1450 974 igitur
1490 904 1605 958 hac
1629 903 1817 959 omnia
1856 903 1925 959 de
1955 902 2067 958 Deo

468 1002 742 1065 novimus,
791 999 937 1070 quod
1005 1012 1106 1051 nos
1140 995 1329 1065 diligat
1372 1004 1425 1050 et
1469 1002 1636 1061 amet,
1670 993 1817 1064 quod
1871 1009 2063 1049 curam

471 1096 673 1151 habeat
692 1098 778 1149 sui
806 1093 1110 1163 plasmatis,
1136 1088 1282 1160 quod
1320 1090 1603 1159 sapientia
1634 1087 1759 1145 fons
1791 1088 1883 1156 sit,
1917 1087 2067 1158 quod

471 1187 626 1242 novit
657 1186 862 1255 Optime
882 1183 1160 1255 quomodo
1187 1190 1373 1236 nostra
1403 1180 1774 1248 administret,
1801 1181 1948 1251 quod
1978 1180 2066 1235 ni-

468 1281 549 1336 hil
580 1281 651 1336 sit
676 1280 727 1335 ei
767 1279 1127 1349 impossibile,
1159 1277 1307 1346 quod
1331 1277 1516 1332 omnia
1556 1276 1922 1347 subjiciantur
1945 1276 2066 1346 ejus

465 1373 765 1439 voluntati;
793 1372 1059 1427 debemus
1080 1370 1268 1440 utique
1293 1378 1347 1423 et
1362 1369 1667 1424 certissime
1682 1377 1887 1433 tenere,
1913 1367 2063 1442 quod

467 1462 737 1534 quidquid
761 1463 895 1534 agit,
932 1461 988 1516 in
1020 1470 1265 1517 nostram
1296 1461 1584 1516 utilitatem
1624 1469 1680 1516 et
1704 1461 2065 1517 commodum

470 1562 619 1626 agat,
670 1561 837 1622 atque
886 1551 1072 1606 omnia
1123 1550 1196 1605 ita
1253 1549 1535 1620 suscipere
1586 1563 1714 1603 eum
1762 1548 2066 1618 gratiarum

469 1647 689 1701 actione
722 1652 783 1699 ut
817 1660 849 1699 a
877 1641 1227 1699 henefactore
1251 1650 1304 1697 et
1344 1641 1577 1697 Domino
1615 1651 1807 1696 nostro
1834 1640 2065 1711 optimo,

468 1734 688 1790 etiamsi
712 1734 801 1788 illa
837 1733 1100 1789 molestia
1129 1732 1337 1802 aliquid
1371 1742 1425 1787 et
1455 1732 1829 1788 tribulationis
1860 1731 2063 1787 attule-

468 1828 603 1882 rint.
634 1825 771 1880 Nam
796 1826 843 1882 si
880 1825 934 1879 in
977 1824 1063 1879 his
1104 1839 1226 1895 qua
1270 1823 1503 1879 adversa
1556 1823 1903 1889 obvenerint,
1951 1838 2065 1895 pra

468 1921 657 1977 dolore
676 1918 801 1990 quis
821 1926 1012 1989 peccat
1039 1925 1094 1973 et
1121 1916 1370 1988 angustia
1386 1957 1401 1983 ,
1433 1917 1711 1986 quomodo
1731 1915 2060 1972 existiman-

469 2011 577 2067 dus
632 2019 718 2066 est
748 2009 975 2065 credere
1008 2008 1127 2062 ﬁeri
1177 2007 1348 2063 baca
1387 2005 1498 2062 Deo
1546 2022 1646 2077 pro
1685 2021 1787 2061 sua
1832 2005 2067 2062 utilitate

468 2109 525 2157 et
543 2098 879 2155 commodo?

542 2191 636 2246 lll.
668 2188 788 2246 Non
826 2204 1122 2261 peccamus
1153 2188 1211 2243 in
1239 2188 1329 2245 his
1361 2203 1483 2258 qua
1507 2187 1667 2244 nobis
1700 2202 1732 2242 a
1775 2187 1890 2245 Deo
1928 2186 2070 2244 infe-

470 2295 690 2351 runtur,
717 2284 826 2341 nisi
853 2300 922 2339 ex
945 2285 1185 2339 maxima
1218 2282 1561 2354 impatientia
1588 2290 1801 2349 nostra,
1835 2281 1932 2353 qui
1970 2298 2071 2336 no-

470 2377 636 2431 limus
663 2376 1073 2432 tribulationem
1132 2375 1299 2431 ullam
1348 2384 1405 2432 et
1452 2375 1766 2446 angustiam
1797 2375 1883 2430 vel
1904 2374 2071 2430 mini-

468 2485 616 2525 mam
645 2469 779 2539 pati,
816 2484 923 2523 non
948 2468 1215 2540 quidquid
1264 2468 1423 2524 nobis
1476 2468 1756 2539 insperato
1788 2475 1845 2523 et
1873 2475 2071 2538 prater

468 2562 788 2631 opinionem
835 2562 1116 2618 acciderit.
1149 2560 1288 2617 Nam
1331 2560 1478 2617 Deus
1530 2561 1670 2616 nihil
1722 2560 1889 2618 nobis
1944 2575 2066 2631 per-

470 2654 641 2708 mittit
668 2654 890 2710 evenire
930 2660 1120 2725 'supra
1153 2655 1301 2709 vires
1339 2663 1581 2720 nostras,
1618 2664 1680 2710 ut
1721 2654 1803 2710 ait
1830 2652 2071 2725 Aposto-

469 2746 558 2802 lus
592 2765 606 2802 :
638 2743 844 2801 Fidelis
883 2758 964 2801 est
995 2746 1160 2814 Deus,
1192 2748 1284 2820 qui
1316 2763 1422 2802 non
1452 2748 1723 2817 permittet
1753 2764 1842 2803 vos
1898 2756 2075 2803 tanta-

471 2841 519 2896 ri
555 2856 717 2910 supra
749 2838 803 2894 id
828 2842 969 2911 quod
989 2842 1213 2911 potestis
1232 2848 1283 2896 ιι.
1308 2840 1420 2897 Nos
1449 2856 1582 2897 vero
1618 2842 1756 2898 adeo
1778 2841 1987 2897 debiles
2020 2850 2074 2897 et

470 2932 774 2988 imbecilles
800 2948 1014 2999 sumus,
1054 2942 1114 2988 ut
1148 2934 1263 3004 pati
1311 2934 1575 2990 nolumus
1622 2934 1947 3006 quidquam,
1982 2933 2075 3004 qni

469 3025 713 3084 laborem
770 3025 935 3080 etiam
970 3040 1203 3096 parvum
1240 3024 1737 3097 subterfugiamus,
1793 3025 1888 3096 qui
1941 3024 2077 3079 nihil

469 3130 598 3171 cum
658 3116 964 3172 humilitate
1017 3117 1248 3174 velimus
1288 3118 1570 3189 suscipere
1603 3137 1620 3186 ;
1654 3118 1894 3187 hincque
1936 3132 2070 3173 con-
2096 3157 2140 3215 ο

472 3207 725 3275 terimur,
755 3207 885 3263 hinc
917 3208 1208 3280 angimur:
1246 3218 1565 3281 quantoque
1595 3208 1772 3279 magis
1793 3208 2072 3264 studueri-

470 3316 597 3357 mus
645 3303 978 3358 tentationes
1004 3301 1265 3368 devitarc,
1310 3310 1461 3357 tanto
1514 3301 1690 3372 magis
1727 3300 1849 3356 illas
1882 3299 2073 3356 incur-

471 3391 665 3459 rimus,
702 3393 788 3449 his
803 3408 1230 3464 pragravamur,
1251 3394 1307 3448 in
1331 3394 1415 3449 his
1438 3393 1748 3460 deﬁcimus,
1779 3406 1881 3448 nec
1904 3394 1972 3448 ab
1992 3393 2075 3448 eis

472 3499 776 3555 possumus
822 3485 1053 3556 eripiet
1095 3486 1339 3541 liberari.
1398 3486 1537 3542 Sunt
1584 3486 1833 3557 plerique
1860 3487 1915 3540 in
1937 3484 2075 3541 mari

474 3581 728 3629 natantes
756 3590 824 3630 ex
848 3575 1032 3645 aliqua
1062 3577 1410 3642 necessitate,
1433 3576 1528 3647 qui
1560 3591 1688 3633 eum
1738 3576 1991 3648 peritiam
2023 3586 2079 3632 et

476 3675 652 3722 artem
686 3667 908 3721 natandi
930 3666 1138 3736 optime
1161 3677 1401 3734 teneant,
1446 3670 1541 3725 ubi
1564 3668 1744 3725 undas
1765 3668 1914 3725 inse
1945 3685 2078 3741 pro-

478 3766 698 3813 ruentes
725 3760 1061 3829 aspexerint,
1092 3760 1362 3816 incurvati
1416 3761 1528 3818 illis
1576 3777 1700 3818 sese
1750 3762 2077 3834 subjiciunt,

475 3849 610 3906 dum
637 3853 1082 3922 pertransierint,
1117 3862 1283 3924 atque
1327 3854 1403 3909 ita
1451 3854 1523 3910 ab
1551 3854 1633 3911 eis
1665 3869 1941 3925 nusquam
1984 3855 2080 3910 la-

474 3944 703 3999 duntur.
736 3942 893 4010 Quod
920 3943 969 3998 si
994 3944 1193 3999 vellent
1227 3944 1464 4000 venienti
1517 3945 1678 4001 unda
1714 3960 1775 4001 se
1800 3945 1949 4017 ipsos
1978 3961 2079 4017 op-

475 4052 702 4109 ponere,
736 4037 861 4094 illos
892 4037 1104 4107 absque
1135 4036 1309 4092 dubio
1353 4037 1574 4109 longius
1597 4036 1746 4093 unda
1770 4038 2076 4108 repelleret,

475 4140 532 4188 et
564 4130 721 4201 quasi
754 4130 1092 4201 jacularetur
1114 4130 1169 4185 in
1207 4145 1378 4198 mare,
1405 4139 1573 4201 atque
1608 4131 1682 4187 ita
1716 4130 2080 4203 fatigarentur

476 4232 535 4279 et
557 4222 941 4295 frangerentur
964 4223 1016 4278 vi
1049 4224 1345 4292 undarum,
1369 4224 1508 4279 nihil
1535 4225 1767 4281 omnino
1790 4225 2077 4296 perticien~

478 4322 583 4372 tes.
639 4314 787 4371 idem
852 4316 906 4370 in
958 4315 1361 4371 tentationibus
1401 4317 1692 4388 contingit.
1749 4316 1889 4372 Cum
1955 4318 2077 4389 quit

2165 535 2226 586 ὲν
2279 527 2362 596 οἷς
2398 533 2610 604 νομίζει
2644 551 2715 600 με
2752 534 3105 604 ὠφελεῖσθαι.
3123 536 3260 590 Οὐδὲ
3281 537 3439 593 τοῦτο
3471 539 3751 612 δυνάμεθα

2167 626 2298 696 περὶ
2339 626 2434 680 τοῦ
2481 626 2617 681 Θεοῦ
2671 629 2868 683 εἰπεῖν.
2947 628 3135 683 Πάντα
3179 628 3287 700 γάρ
3351 632 3562 686 δυνατά
3610 635 3752 705 αὑτῷ

2166 717 2306 783 ἔστι,
2336 718 2432 772 καὶ
2459 718 2613 773 οὐδὲν
2658 719 2916 774 ἀδυνατεῖ
2971 721 3206 775 ἐνώπιον
3241 723 3427 778 αὑτοῦ.
3465 725 3636 778 Ὥστε
3667 722 3754 779 οὖν

2166 809 2392 878 οἴδαμεν
2445 813 2576 882 περὶ
2649 810 2746 866 τοῦ
2795 811 2958 876 Θεοῦ,
2990 814 3075 866 ὅτι
3115 815 3308 886 ἀγαπᾷ
3360 816 3454 870 καὶ
3516 816 3758 885 φείδεται

2166 904 2263 958 τοῦ
2320 905 2453 959 ίδίου
2491 905 2835 978 πλάσματος,
2877 910 2972 964 καὶ
3001 910 3166 973 αὐτός
3196 911 3345 963 ἐστιν
3394 911 3429 981 ἡ
3488 910 3649 981 πηγὴ
3670 912 3761 981 τῆς

2169 995 2384 1065 σοφίας,
2421 996 2517 1050 καὶ
2565 994 2676 1051 οἶδε
2720 999 2842 1063 πῶς
2886 999 3164 1070 διοικῆσαι
3198 1000 3269 1053 τὰ
3298 1000 3418 1055 καθ’
3453 1002 3633 1073 ἡμᾶς,
3676 1005 3765 1054 καὶ

2168 1088 2250 1142 ὃτι
2306 1089 2460 1144 οὐδὲν
2492 1090 2758 1145 ἀδύνατον
2784 1092 2954 1162 αὐτῷ,
2983 1093 3123 1147 ἀλλὰ
3165 1094 3346 1147 πάντα
3372 1094 3651 1167 ὑπουργεῖ
3693 1093 3766 1159 τῷ

2171 1180 2440 1254 θελήματι
2490 1182 2678 1250 αὑτοῦ,
2708 1185 2803 1238 καὶ
2851 1185 3142 1257 ὀφείλομεν
3195 1186 3393 1240 εἰδέναι
3441 1187 3532 1241 ὅτι
3594 1188 3767 1242 πάντα

2169 1272 2269 1325 ὅσα
2301 1274 2468 1337 ποιεῖ,
2497 1271 2639 1345 ὑπὲρ
2682 1274 2777 1327 τοῦ
2809 1275 3186 1347 συμφέροντος
3246 1281 3415 1343 ποιεῖ,
3467 1276 3574 1332 καὶ
3619 1277 3767 1349 δέχε-

2174 1363 2301 1418 σθαι
2338 1364 2479 1418 αὐτὰ
2512 1364 2654 1436 μετά
2687 1366 3066 1438 εὐχαριστίας,
3092 1367 3277 1433 καθὼς
3293 1370 3667 1442 προείπομεν,
3696 1372 3769 1437 ὡς

2171 1457 2326 1528 παρὰ
2386 1458 2678 1531 εὐεργέτου
2725 1461 2821 1516 καὶ
2898 1461 3108 1530 ἀγαθοῦ
3165 1463 3463 1529 Δεσπότου,
3528 1463 3640 1519 κᾶν
3661 1464 3771 1520 θλι.⁴

2172 1548 2309 1619 ϐερὰ
2359 1543 2462 1604 ὦσι
2494 1567 2507 1580 ·
2541 1551 2721 1604 πάντα
2777 1551 2888 1622 γὰρ
2913 1550 3101 1623 δικαίᾳ
3155 1550 3339 1625 κρίσει
3370 1554 3648 1624 γίνονται,
3682 1556 3772 1610 καὶ

2171 1642 2233 1695 οὑ
2289 1641 2633 1713 παραϐλέπει
2662 1644 2691 1695 ὀ
2722 1642 2857 1708 Θεδς
2884 1683 2900 1710 ,
2951 1645 2982 1697 ό
3005 1643 3182 1709 οὑτως
3208 1645 3481 1717 ἐλεήμων,
3518 1646 3649 1700 οὐδὲ
3678 1646 3775 1717 τὴν

2171 1733 2454 1805 ψυχοῦσαν
2485 1734 2531 1766 ⁸³
2569 1734 2728 1805 ἡμῶν
2781 1734 2982 1808 θλίψιν.
3024 1735 3295 1801 Πολλάκις
3333 1737 3393 1791 δὲ
3431 1736 3776 1808 ἀμφιϐάλλει

2171 1844 2256 1890 τις
2288 1829 2346 1880 ὲν
2399 1826 2579 1900 ἑαυτῷ
2629 1827 2830 1898 λέγων,
2892 1828 2993 1884 καὶ
3042 1830 3138 1884 ἐὰν
3187 1832 3246 1885 ὲν
3291 1832 3415 1895 ταῖς
3475 1832 3778 1903 ἐπιφοραῖς

2173 1918 2482 1991 ἁμαρτάνει
2533 1936 2621 1984 τις
2680 1919 2790 1974 ἀπὸ
2854 1918 3090 1990 θλίψεως
3144 1919 3264 1985 πῶς
3337 1920 3573 1977 δύναται
3635 1920 3778 1993 ἔχειν

2173 2011 2256 2066 ὅτι
2309 2011 2451 2083 ὑπὲρ
2481 2009 2576 2064 τοῦ
2612 2011 2986 2083 συμφέροντός
3017 2012 3200 2079 είσιν;

2245 2169 2322 2226 Γν.
2361 2169 2477 2240 Οὐχ
2509 2168 2901 2240 ἁμαρτάνομεν
2929 2169 2987 2221 ὲν
3035 2170 3158 2234 ταῖς
3219 2171 3539 2244 ἐπιφοραῖς,
3595 2173 3648 2226 εί
3706 2172 3778 2244 μὴ

2178 2264 2244 2316 ὲκ
2279 2260 2375 2315 τοῦ
2406 2256 2547 2317 εἶναι
2578 2262 2732 2333 ἡμᾶς
2766 2260 3161 2332 ἀφερεπόνους,
3212 2262 3309 2315 καὶ
3354 2262 3431 2334 μὴ
3476 2263 3666 2318 θέλειν
3687 2263 3778 2335 βι-

2179 2355 2377 2411 στάσαι
2415 2355 2620 2428 μικρὰν
2653 2354 2855 2424 θλίψιν,
2910 2354 2945 2426 ἢ
2979 2352 3176 2409 παθεῖν
3234 2373 3290 2409 τι
3334 2356 3492 2428 παρά
3553 2357 3777 2425 σκοπὸν,

2178 2450 2301 2505 ἐπεὶ
2331 2449 2394 2504 οὗ
2441 2450 2719 2519 συγχωρεῖ
2741 2449 2771 2502 ό
2798 2447 2934 2511 Θεὸς
2963 2446 3324 2520 ἐπενεχθῆναι
3355 2450 3492 2521 ἡμῖν
3543 2452 3779 2523 πρᾶγμα

2181 2542 2332 2615 παρά
2360 2540 2460 2614 τὴν
2510 2540 2743 2612 δύναμιν
2771 2540 2952 2613 ἡμῶν,
2979 2542 3056 2606 ὡς
3104 2538 3261 2596 εἶπεν
3326 2546 3355 2597 ὁ
3399 2543 3733 2608 Ἀπόστολος
3761 2561 3774 2575 ι

2178 2633 2403 2700 Πιστὸς
2435 2635 2469 2688 ὁ
2517 2633 2683 2701 Θεὸς,
2713 2633 2782 2700 ὃς
2828 2634 2942 2689 οὐκ
2972 2632 3144 2688 ἐάσει
3186 2632 3348 2705 ἡμᾶς
3372 2636 3779 2705 πειρασθῆναι

2179 2724 2333 2795 ὑπὲρ
2356 2724 2388 2779 ὃ
2415 2723 2742 2794 δυνάμεθα.
2795 2723 2935 2777 Ἀλλ’
2973 2726 3136 2795 ἡμεῖς
3164 2724 3332 2796 ἐσμεν
3359 2727 3408 2778 oi
3438 2725 3515 2798 μὴ
3569 2725 3780 2798 ἔχοντες

2183 2818 2486 2892 ὑπομονὴν,
2526 2819 2697 2890 μηδὲν
2754 2816 3003 2884 θέλοντες
3068 2818 3301 2890 πονῆσαι
3364 2820 3593 2893 μικρὸν,
3648 2819 3780 2892 μηδὲ

2184 2913 2509 2987 ἀνεχόμενοι
2527 2911 2786 2979 δέξασθαί
2809 2929 2864 2966 τι
2915 2912 3055 2985 μετά
3095 2911 3482 2978 ταπεινώσεως
3501 2930 3518 2947 ·
3547 2912 3640 2969 διὰ
3666 2912 3781 2968 τοῖι-

2184 3024 2247 3061 το
2299 3005 2725 3078 συντριϐόμεθα,
2772 3004 2870 3061 καὶ
2896 3005 3022 3060 ὅσον
3073 3003 3468 3076 σπουδάζωμεν
3517 3007 3781 3077 ἐκφυγεῖν

2186 3102 2314 3164 τοὺς
2352 3101 2722 3170 πειρασμοὺς,
2767 3098 3026 3153 τοσοῦτον
3057 3097 3380 3171 βαῳύμεθα
3405 3099 3653 3166 ἑαυτοῖς,
3693 3099 3782 3154 καὶ

2182 3190 2581 3262 ὀλιγωροῦμεν,
2609 3192 2704 3244 καὶ
2733 3190 2855 3245 οὐδὲ
2881 3190 3145 3262 ὲξηλῆσαι
3183 3190 3481 3262 δυνάμεθα.
3534 3190 3665 3247 Εἰσί
3709 3208 3784 3245 τι-

2182 3302 2272 3349 νες
2310 3283 2698 3356 κολυμϐῶντες
2771 3282 2860 3338 διὰ
2932 3283 3127 3355 χρείαν
3184 3284 3267 3348 είς
3330 3283 3431 3356 τὴν
3477 3284 3780 3350 θάλασσαν,

2183 3379 2278 3433 καὶ
2306 3378 2429 3433 ’ἐὰν
2494 3377 2670 3432 οἴδασι
2708 3376 2808 3448 τὴν
2860 3378 3061 3450 τέχνην
3113 3378 3210 3432 τοῦ
3258 3377 3635 3450 κολυμϐἦσαι,
3698 3380 3781 3434 ὅτε

2182 3469 2403 3540 ἔρχεται
2436 3468 2498 3523 τὸ
2545 3469 2701 3540 κῦμα
2751 3470 2873 3525 κατ’
2921 3469 3124 3536 αὐτῶν,
3177 3469 3440 3525 ὑποκάτω
3457 3470 3632 3525 αὑτοῦ
3682 3469 3784 3534 ἕως

2183 3556 2245 3617 οὗ
2302 3562 2575 3634 παρέλθῃ,
2612 3564 2708 3617 καὶ
2738 3562 2926 3617 λοιπὸν
2958 3562 3216 3634 μένουσιν
3257 3562 3516 3628 ἀϐλαϐῶς
3581 3563 3784 3634 κολυμ-

2184 3655 2409 3719 ϐῶντες.
2448 3655 2576 3709 Ἐὰν
2597 3655 2656 3710 δὲ
2685 3655 2990 3729 θελήσωσιν
3011 3654 3404 3727 ἐναντιωθῆναι
3440 3654 3521 3726 τῷ
3551 3655 3781 3726 κύματι,

2183 3747 2317 3803 ὠθεῖ
2344 3749 2540 3812 αὐτοὺς
2569 3748 2695 3816 ἔξω,
2732 3749 2827 3803 καὶ
2848 3748 3120 3815 ἀκοντίζει
3154 3749 3291 3803 πολὺ
3321 3749 3627 3823 διάστημα.
3676 3748 3784 3803 Πά-

2185 3841 2268 3896 λιν
2308 3844 2385 3906 ὠς
2414 3844 2672 3915 ἄρχονται
2699 3842 3003 3915 κολυμϐᾷν,
3030 3843 3253 3914 ἔρχεται
3276 3842 3406 3897 ἀλλο
3425 3842 3585 3914 κῦμα
3605 3843 3782 3897 ὲπάιω

2186 3934 2398 3991 αὐτῶνθ
2438 3937 2535 3990 ὲάν
2571 3936 2736 3991 πάλιν
2787 3936 3179 4004 ὲναντιωθῶσι,
3241 3937 3405 3991 πάλιν
3426 3937 3562 3991 ὠθεῖ
3590 3938 3783 4001 αὐτοὺς

2187 4030 2292 4095 ἔξω
2314 4046 2330 4060 ·
2377 4029 2473 4083 καὶ
2524 4028 2686 4100 μόνον
2735 4028 3114 4101 συντρίϐονται
3146 4028 3312 4100 μηδὲν
3335 4029 3618 4093 ἀνύοντες.
3664 4029 3782 4083 Ἐὰν

2186 4122 2265 4191 δὲ,
2287 4123 2363 4188 ὡς
2381 4119 2558 4189 εἷπον,
2581 4122 2907 4194 ὑποκύψωσι
2932 4121 3010 4193 τῷ
3033 4122 3240 4194 κύματι
3266 4124 3361 4176 καὶ
3372 4122 3783 4178 ταπεινωθῶσιν

2191 4217 2451 4272 ὑποκάτω
2484 4215 2676 4282 αὐτοῦ,
2716 4216 3064 4288 παρέρχεται
3093 4216 3263 4289 μηδὲν
3298 4215 3558 4288 βλάπτων
3588 4217 3781 4279 αὑτοὺς

2189 4310 2286 4365 καὶ
2339 4310 2568 4382 μένουσι
2618 4310 3010 4383 κολυμϐῶντες
3069 4311 3196 4365 ὅσον
3228 4310 3466 4376 θέλουσι,
3521 4312 3621 4366 καὶ
3669 4327 3784 4364 ποι-

477 4406 860 4464 advenientem
884 4408 1239 4464 tentationem
1271 4408 1457 4463 tulerit
1500 4423 1627 4464 eum
1678 4408 1992 4466 humilitate
2027 4421 2073 4464 et

2189 4405 2378 4471 οῦντες
2415 4406 2478 4460 τὸ
2517 4406 2681 4477 ἔργον
2712 4407 2892 4462 αὐτῶν
2915 4423 2930 4440 ι
2958 4404 3136 4472 οὕτως
3169 4407 3266 4461 καὶ
3292 4407 3388 4462 ἐπὶ
3419 4406 3531 4461 τῶν
3590 4424 3784 4476 πειρα-

478 4498 764 4569 patientia,
826 4498 976 4553 illam
1025 4499 1146 4555 sine
1175 4499 1465 4566 molestia,
1518 4499 1639 4556 sine
1689 4502 1914 4557 lasione
1972 4503 2073 4559 ulla

2194 4498 2369 4570 σμῶν,
2394 4501 2490 4554 ἐάν
2519 4516 2604 4564 τις
2633 4498 2878 4572 βαστάσῃ
2908 4498 3001 4554 τὸν
3029 4499 3340 4572 πειρασμὸν
3370 4498 3490 4570 μεθ’
3512 4499 3784 4572 ὑπομονῆς

480 4590 797 4660 pertransit.
828 4589 932 4657 Qui
963 4589 1009 4645 si
1042 4599 1299 4662 angatur,
1322 4592 1621 4660 crucietur,
1652 4594 1924 4663 turbetur,
1950 4611 2084 4653 cau-

483 4695 573 4736 sas
598 4681 654 4734 in
682 4697 1069 4754 quemcunque
1099 4682 1366 4753 referens,
1403 4684 1647 4757 seipsum
1678 4687 1821 4743 ladit
1856 4697 1911 4744 et
1961 4700 2081 4744 ten-

480 4771 748 4830 tationem
779 4774 953 4844 ipsam
983 4776 1292 4847 graviorem
1317 4777 1516 4844 reddit,
1555 4778 1631 4836 ita
1653 4790 1714 4836 ut
1755 4795 1866 4837 non
1899 4781 2081 4837 solum

481 4881 593 4923 non
614 4866 926 4938 prositipsa
955 4869 1206 4933 tentatio,
1236 4869 1335 4925 sed
1360 4870 1602 4926 maxime
1632 4870 1796 4928 obsit.
1823 4871 1906 4927 llli
1931 4873 2079 4929 enim

481 4959 648 5017 utiles
681 4969 811 5016 sunt
838 4960 1170 5017 tentationes
1214 4962 1312 5032 qui
1354 4976 1452 5019 eas
1474 4962 1746 5035 intrepide
1773 4967 2081 5038 susceperit

481 5067 548 5108 ae
566 5052 913 5109 sustinuerit.

552 5144 642 5199 IV.
673 5142 790 5200 Non
832 5145 998 5217 igitur
1043 5145 1228 5216 passio
1259 5160 1361 5202 nos
1409 5147 1722 5218 conturbet,
1780 5166 1890 5208 non
1944 5152 2081 5209 aﬂli-

480 5243 615 5305 gat:
654 5235 817 5307 afﬂigi
842 5238 987 5292 enim
1018 5253 1050 5291 a
1085 5236 1344 5306 passione
1388 5235 1713 5307 ignorantia
1734 5252 1823 5296 est
1879 5250 1935 5296 et
1987 5257 2081 5297 su-

481 5327 704 5399 perbia,
736 5329 885 5401 quod
927 5328 1140 5386 scilicet
1182 5343 1295 5386 non
1333 5327 1651 5386 noverimus
1706 5341 1911 5388 statum
1973 5350 2078 5391 no-

553 5447 628 5503 nl
657 5450 785 5507 Cor.
809 5468 863 5516 ιι,
904 5452 993 5507 15.

2189 4594 2287 4647 καὶ
2346 4593 2756 4661 ταπεινώσεως,
2804 4592 3148 4666 παρέρχεται
3202 4592 3460 4658 ἀϐλαϐῶς
3491 4610 3506 4624 ο
3580 4595 3678 4649 ἐὰν
3730 4594 3782 4646 δὲ

2190 4687 2329 4760 μένῃ
2379 4686 2717 4759 θλιϐόμενος,
2766 4688 3199 4758 ταρασσόμενος,
3271 4688 3603 4760 αἰτιώμενος
3659 4689 3782 4743 ἔκα-

2190 4796 2337 4847 στον,
2400 4779 2596 4836 ἑαυτὸν
2650 4779 2891 4847 κολάζει,
2949 4780 3202 4852 βαρύνων
3261 4781 3387 4837 καθ’
3441 4782 3641 4837 ἑαυτοῦ
3699 4784 3783 4836 τὸν

2192 4875 2506 4948 πειρασμὸν
2539 4873 2659 4929 ἀνθ’
2688 4866 2750 4927 οὗ
2779 4875 2883 4928 οὐκ
2909 4872 3225 4944 ὠφελεῖται,
3266 4875 3405 4931 ἀλλὰ
3460 4876 3776 4948 βλάπτεται.

2192 4969 2344 5023 Πάνυ
2374 4968 2486 5040 γὰρ
2515 4967 2821 5040 ὠφελοῦσιν
2874 4969 2927 5023 oi
2976 4971 3278 5042 πειρασμοὶ
3345 4970 3440 5026 τὸν
3498 4972 3780 5046 ἀταράχως

2198 5062 2545 5133 ὑπομένοντα
2594 5062 2819 5129 αὐτούς.

2267 5155 2343 5211 Δ¹.
2373 5154 2488 5209 Καὶ
2535 5154 2709 5219 πάθος
2752 5155 2812 5210 δὲ
2861 5157 2960 5213 ἐὰν
3002 5158 3208 5232 όχλήσῃ
3238 5161 3395 5232 ἡμῖν,
3439 5161 3544 5216 οὐκ
3581 5160 3785 5233 ὀφείλο-

2191 5262 2292 5318 μεν
2321 5245 2445 5299 οὑδὲ
2498 5246 2559 5301 ὲν
2623 5246 2801 5319 τούτῳ
2846 5250 3260 5321 ταράσσεσθαιο
3318 5250 3381 5306 τὸ
3440 5252 3550 5325 γὰρ
3620 5269 3788 5322 ταρα-

2180 5339 2381 5411 χθῆναί
2415 5357 2539 5395 τινα
2568 5340 2898 5411 ὀχλούμενον
2932 5343 3039 5398 ὑπὸ
3064 5343 3293 5412 πάθους,
3353 5346 3632 5416 ἀγνωσίας
3662 5348 3777 5402 ἐστὶ

1765 5568 2002 5626 VARUE
2062 5569 2475 5630 LECTIONES.

556 5680 602 5767 ξ³
625 5679 1149 5767 ’ςυχοῢξανηιηρριε
1167 5697 1266 5767 pro
1292 5685 1456 5754 τυχοῦ
1468 5700 1588 5737 σαν.
1607 5682 1796 5767 licens
1821 5685 2111 5767 itaq_ue,ab
2133 5689 2434 5760 interprete
2460 5690 2720 5767 omissus,
2749 5691 2821 5767 ita
2850 5693 3149 5767 vertendus
3182 5713 3195 5750 :
3222 5693 3345 5748 Non
3365 5694 3590 5767 despicit
3618 5693 3768 5767 Deus,

489 5757 720 5836 grtiditq
773 5757 1071 5836 misericors
1117 5764 1223 5836 est,
1276 5770 1438 5836 neque
1500 5757 2226 5836 mediocrem"afﬂictione":
2282 5757 2556 5817 nostram.
2600 5757 3048 5820 Emendationem
3134 5775 3412 5836 acceptam
3460 5757 3772 5822 referimus

488 5819 757 5874 Cotelet'io
791 5821 936 5875 Eccl.
972 5822 1045 5876 Gr
1107 5819 1506 5880 ﬂammatum.
1538 5824 1600 5894 ll,
1629 5841 1748 5895 pag.
1784 5825 1889 5880 667
1911 5819 1970 5881 ἰ).
