4062 6452
365 362 508 424 ι’ὶθ5

1710 344 2093 406 DOCTRINA
2132 343 2304 403 XIII.

3516 337 3652 407 1766

370 473 469 528 καὶ⁹
514 465 917 539 ὑπερηφανίας,
953 462 1050 518 καὶ
1080 461 1146 514 ἐκ
1186 459 1281 513 τοῦ
1330 456 1405 530 μὴ
1436 456 1639 511 εἰδέναι
1666 455 1765 524 τὴν
1825 453 1962 507 ἰδίαν

2076 462 2265 514 strum,
2296 459 2352 504 et.
2416 449 2660 504 laborem
2710 463 2927 505 omnem
2967 446 3455 520 subterfugiamus,
3491 462 3652 523 atque

369 562 726 623 κατάστασιν,
787 556 883 612 καὶ
913 555 977 608 ἐκ
1015 552 1109 606 τοῦ
1166 553 1391 620 φεύγειν
1446 548 1539 601 τὸν
1610 548 1798 611 κόπον,
1856 564 1957 600 κα-

370 652 481 716 θὼς
518 647 672 705 εἷπον
708 649 758 702 οἱ
804 648 1070 717 Πατέρες.
1122 642 1222 696 Διὰ
1266 641 1423 694 τοῦτο
1448 641 1510 692 οὑ
1555 639 1956 711 προκόπτομεν,

371 746 455 798 ὅτι
493 746 592 796 οὑκ
641 739 988 810 ἐπιστάμεθα
1027 736 1093 791 τὰ
1131 735 1305 807 μέτρα
1336 731 1569 797 ἑαυτῶν,
1608 732 1729 785 οὑδέ
1764 730 1961 801 ἔχομεν

373 837 660 907 ὑπομονὴν
718 827 841 901 ἐνῷ
890 829 1173 902 ἀρχόμεθα
1234 827 1401 898 ἔργῳ,
1437 825 1575 878 ἀλλὰ
1602 824 1819 886 ἀπόνως
1873 822 2005 875 θεῖ-η

371 930 539 1000 λομεν
590 928 765 999 ἀρχὴν
794 926 838 956 ³⁸⁵
866 922 1200 996 κτήσασθαι.
1234 919 1335 972 Διὰ
1359 920 1415 973 τί
1466 917 1577 987 γὰρ
1627 915 1894 982 ξενίζεται
1934 916 1962 967 ὁ

373 1022 632 1094 ἐμπαθὴς
685 1019 1009 1089 ὀχλούμενος
1040 1015 1145 1069 ὑπὸ
1171 1015 1375 1078 πάθους
1404 1030 1419 1080 ;
1450 1011 1549 1065 Διὰ
1609 1010 1661 1062 τί
1698 1009 1807 1079 γὰρ
1868 1025 1964 1062 τα-

377 1114 645 1183 ράσσεται
685 1111 987 1178 ἐνεργήσας
1042 1106 1206 1174 αὑτός
1261 1107 1446 1173 Ἔχεις
1479 1102 1611 1158 αὑτὸ
1635 1102 1728 1154 καὶ
1756 1100 1962 1171 ταράσ-

376 1219 447 1276 σῃ
481 1220 496 1269 ;
557 1204 693 1264 Τοὺς
719 1200 1046 1274 ἀρραϐῶνας
1083 1198 1250 1251 αὑτοῦ
1281 1196 1443 1267 ἔχεις,
1488 1195 1583 1248 καὶ
1637 1193 1841 1261 λέγεις,
1864 1190 1964 1244 Διὰ

373 1297 428 1351 τί
487 1296 636 1366 ὀχλεῖ
670 1312 762 1365 μοι
793 1312 808 1361 ;
834 1291 1051 1346 Μᾶλλον
1101 1290 1419 1358 ὑπόμεινον,
1458 1283 1747 1354 ἀγώνισαι,
1789 1299 1965 1352 παρα-

374 1384 610 1439 κάλεσον
659 1384 749 1436 τὸν
773 1382 927 1435 Θεόν.
993 1379 1278 1433 Ἀδύνατον
1306 1377 1413 1446 γάρ
1445 1378 1560 1428 ἐστι
1588 1375 1663 1445 μὴ
1694 1372 1839 1444 ἔχειν
1861 1371 1960 1442 τὴν

370 1477 562 1548 θλίψιν
612 1477 722 1530 τῶν
756 1474 965 1539 παθῶν,
998 1472 1089 1531 τὸν
1146 1469 1457 1541 ἐμπεσόντα
1520 1469 1600 1531 εἰς
1663 1466 1761 1536 τὴν
1816 1467 1965 1536 ἐνέρ-

370 1583 534 1639 γειαν
585 1567 785 1621 αὐτῶν.
821 1567 903 1620 Τὰ
953 1563 1122 1634 σκεύη
1151 1562 1352 1625 αὐτῶν,
1408 1558 1484 1623 ὡς
1511 1554 1664 1610 εἶπεν
1713 1556 1743 1607 ὁ
1791 1554 1965 1616 ἀὸὕᾶς

372 1660 591 1732 Σισώης
644 1658 856 1713 ἔνδοθέν
891 1655 984 1709 σού
1048 1656 1188 1707 είσι·
1248 1652 1337 1716 δὸς
1404 1650 1587 1713 αὑτοῖς
1643 1648 1735 1701 τὸν
1793 1648 1965 1718 appa-

375 1751 530 1805 εῶνα
589 1749 787 1815 αὐτῶν,
858 1748 954 1802 καὶ
1003 1746 1294 1813 ὑπάγουσι.
1352 1743 1434 1796 Τὰ
1489 1742 1658 1811 σκεύη
1718 1736 1839 1793 εἶπε
1899 1738 1967 1791 τὰ

2068 544 2194 598 hinc
2224 544 2283 598 fit
2316 546 2416 613 (ιιι
2476 543 2667 599 Patres
2692 544 2865 598 nostri
2924 552 3235 614 senserunt)
3269 554 3326 599 ut
3372 561 3655 616 nunquam

2066 637 2440 706 proﬁciamus,
2467 638 2595 707 quia
2658 646 2835 692 metas
2882 649 3101 692 tosti-as
3142 640 3480 708 ignoramus,
3527 643 3658 710 quia

2069 731 2122 784 in
2158 730 2354 799 coeptis
2407 730 2670 799 operibus
2724 744 2833 783 non
2889 746 3328 799 perseveramus,
3362 734 3491 802 quia
3537 736 3658 790 sine

2069 823 2254 878 labore
2293 839 2484 894 parare
2519 823 2776 878 virtuzcm
2822 825 3121 879 credimus.
3158 824 3339 891 Quare
3390 828 3537 881 enim
3572 829 3658 881 vi-

2071 917 2247 971 tiosus
2270 919 2501 971 miretur
2540 920 2904 974 conturbatus
2943 934 2974 973 a
3015 933 3118 973 suo
3142 920 3315 973 vitio?
3361 919 3540 985 Quare
3569 919 3656 975 af-

2069 1006 2310 1076 ﬂigatur,
2339 1008 2469 1061 dum
2509 1010 2642 1063 illud
2666 1018 2922 1079 operatur
2947 1010 2969 1062 ’ἰ
2992 1010 3043 1064 id
3067 1012 3121 1063 in
3151 1020 3202 1064 te
3231 1010 3421 1077 habes,
3451 1021 3505 1065 et
3535 1021 3656 1066 tur-

2070 1099 2219 1154 baris
2242 1099 2265 1152 ?
2291 1100 2527 1167 Pignora
2582 1102 2705 1170 ejus
2744 1110 2919 1166 tenes,
2954 1111 3006 1157 et
3063 1103 3241 1158 dic'rs:
3275 1104 3456 1169 Quare
3522 1106 3659 1160 mihi

2072 1193 2263 1247 turbas
2290 1191 2465 1246 facit?
2490 1192 2704 1258 Patere,
2725 1194 2958 1261 sustine,
2991 1205 3167 1260 certa,
3204 1196 3372 1252 Deum
3414 1200 3657 1253 ora.lm-

2071 1286 2330 1355 possibile
2354 1286 2498 1339 enim
2525 1297 2611 1342 est
2637 1303 2744 1342 non
2775 1289 2975 1343 habere
2998 1303 3123 1343 enm
3157 1290 3503 1346 atllictionem
3526 1308 3655 1361 pas-

2073 1378 2244 1434 sionis
2264 1389 2318 1433 et
2346 1379 2486 1443 vitii,
2528 1380 2622 1448 qui
2656 1380 2787 1434 illud
2817 1382 2885 1434 ad
2921 1388 3107 1435 actum
3149 1382 3483 1451 perduxerit.
3514 1383 3655 1438 Vasa

2073 1472 2247 1541 ipsius
2275 1472 2358 1541 (ut
2384 1473 2562 1527 aiebat
2601 1474 2772 1528 abbas
2813 1471 3021 1542 Sisoes)
3053 1474 3195 1527 intra
3226 1484 3278 1529 te
3314 1487 3464 1543 sunt,
3494 1477 3562 1531 da
3589 1478 3656 1531 ιι-

2072 1565 2140 1619 lis
2171 1566 2366 1636 pignus
2396 1581 2580 1629 suum,
2604 1565 2770 1637 436
2796 1576 2850 1620 et
2875 1566 3120 1621 abibunt.
3163 1566 3305 1622 Vasa
3335 1569 3469 1623 dicit
3521 1585 3625 1624 cau
3644 1599 3660 1609 ς

2073 1673 2188 1721 sas,
2212 1674 2350 1729 quas
2376 1674 2502 1713 cum
2554 1659 2835 1729 diligimus
2876 1670 3043 1728 atque
3080 1675 3394 1729 operamur,
3453 1663 3658 1732 impos-

2075 1749 2235 1804 sibile
2271 1758 2354 1804 est
2398 1764 2505 1803 non
2563 1749 2824 1819 captivari
2857 1764 2961 1805 nos
3011 1765 3043 1803 a
3075 1750 3287 1806 vitiosis
3319 1752 3662 1821 cogitationi-

377 1840 688 1909 αἴτια.Ἐφ’
736 1840 861 1893 ὅσον
916 1833 1009 1892 οὖν
1053 1836 1227 1889 ταῦτα
1263 1834 1632 1904 ἠγαπήσαμεν
1677 1832 1773 1884 καὶ
1810 1833 1970 1900 ἐνηρ-

2076 1840 2195 1905 bus,
2230 1854 2353 1908 quae
2388 1841 2733 1907 postmodum
2783 1855 2883 1894 nos
2936 1850 3141 1908 cogunt
3197 1842 3362 1895 etiam
3409 1844 3659 1898 nolentes

376 1934 650 2002 γήσαμεν,
705 1931 764 1983 οὑ
827 1929 1049 1983 δυνατὸν
1127 1927 1205 1998 μὴ
1264 1922 1765 1996 αίχμαλωτίζεσθαι
1817 1923 1966 1992 ἡμᾶς

382 2025 487 2076 ὑπὸ
544 2024 652 2075 τῶν
688 2020 953 2092 ἐμπαθῶν
990 2018 1290 2089 λογισμῶν,
1348 2016 1755 2086 ἐκϐιαζομένων
1811 2014 1966 2083 ἡμῶν

384 2118 479 2170 καὶ
509 2116 586 2186 μὴ
617 2113 869 2175 θέλοντας
918 2110 1216 2182 ἐνεργῆσαι
1271 2108 1339 2161 τὰ
1363 2106 1511 2178 πάθη
1539 2123 1553 2136 ·
1591 2105 1780 2176 ἐπειδὴ
1815 2104 1968 2157 ἐκόν-

385 2226 473 2272 τες
512 2206 739 2267 ἑαυτοὺς
784 2202 1178 2274 προεδώκαμεν
1236 2202 1315 2264 είς
1351 2200 1451 2263 τὰς
1523 2200 1712 2268 χεῖρας
1764 2195 1964 2249 αὑτῶν.

384 2298 556 2353 Τοῦτό
584 2299 732 2350 ἐστιν
765 2296 793 2349 ὃ
846 2294 1045 2364 λέγειὸ
1092 2293 1382 2364 προφήτης
1442 2289 1538 2361 τὴν
1577 2287 1672 2342 τοῦ
1731 2284 1972 2358 Ἐφραῒμ

384 2390 481 2444 τοῦ
520 2385 1131 2448 καταδυναστεύσαντος
1161 2385 1252 2437 τὸν
1282 2382 1555 2437 ἀντίδ.κον
1604 2379 1769 2434 αὑτοῦ
1795 2396 1807 2411 ·
1849 2379 1972 2432 τοῦ·

385 2483 452 2536 τὸ
496 2485 613 2537 ἐστι
650 2482 748 2552 τὴν
781 2479 915 2533 ἰδίαν
952 2478 1276 2547 συνείδησιν,
1330 2475 1427 2530 καὶ
1487 2474 1973 2545 καταπατήσαντος

388 2572 594 2642 κρίσιν,
649 2570 732 2623 ὅτι
788 2568 1056 2640 ἐζήτησεν
1102 2565 1403 2635 Αἴγυπτον,
1435 2565 1531 2617 καὶ
1562 2562 1652 2635 βία
1684 2562 1892 2633 ἐλήφθη
1920 2563 1977 2614 ἐν

400 2662 732 2733 Ἀσσυρίοις.
760 2662 1037 2731 Αἴγυπτον
1066 2658 1319 2728 λέγουσιν
1344 2658 1394 2710 οἱ
1434 2657 1650 2727 Πάτρες
1679 2656 1739 2708 τὸ
1766 2654 1977 2726 θέλημα

387 2751 449 2805 τὸ
506 2751 766 2822 σαρκικὸν
823 2750 884 2803 τὸ
932 2749 1115 2803 κλίνον
1155 2749 1302 2820 ἡμᾶς
1353 2748 1432 2809 εἰς
1499 2744 1598 2816 τὴν
1656 2744 1975 2814 σωματικὴν

388 2842 716 2908 ἀνάπαυσιν,
753 2842 847 2895 καὶ
884 2841 1134 2897 διδάσκον
1197 2835 1336 2893 εἶναι
1388 2835 1835 2908 ἡδυπιθέστερον
1880 2834 1973 2889 τὸν

390 2932 515 2987 νοῦν
548 2950 562 2964 ·
604 2934 922 3005 ’Λσσυρίους
991 2933 1070 2998 δὲ,

2074 1932 2288 1999 aperari
2329 1930 2482 1996 vitia,
2509 1947 2575 1984 ex
2608 1946 2719 1999 quo
2748 1933 2992 1985 volentes
3013 1932 3120 1985 illis
3157 1932 3410 1987 dedimus
3434 1948 3652 1989 manus.

2075 2023 2138 2075 Et
2175 2022 2277 2076 hoc
2306 2023 2555 2091 estquod
2601 2023 2679 2077 ait
2716 2023 2982 2092 propheta
3028 2025 3097 2078 de
3156 2023 3412 2093 Ephraim
3450 2042 3661 2096 praeva-

2074 2104 2218 2159 lente
2249 2106 2302 2158 in
2333 2105 2708 2160 adversarium
2738 2122 2899 2160 suum
2935 2115 2987 2171 ο,
3020 2108 3124 2162 hoc
3168 2110 3330 2163 estin
3380 2110 3658 2178 propriam

2077 2196 2487 2261 conscientiam,
2523 2209 2577 2250 et.
2622 2198 2981 2253 conculcante
3031 2198 3350 2267 judicium;
3398 2203 3663 2271 quoniam

2078 2286 2671 2359 quatsivitIEgyptum,
2706 2301 2761 2344 et
2791 2290 2842 2344 vi
2871 2291 3246 2360 deprehensus
3289 2302 3373 2348 est
3410 2294 3464 2348 in
3491 2295 3657 2366 Assy-

2080 2378 2200 2434 riis.
2230 2377 2524 2450 Aigyptum
2547 2379 2971 2448 interpretantur
2993 2384 3181 2437 Patres
3208 2386 3484 2438 carnalem
3508 2388 3667 2455 quie-

2083 2480 2187 2526 tem
2220 2471 2483 2537 etotium,
2514 2486 2579 2527 ac
2604 2487 2827 2527 sensum
2856 2473 3229 2529 libidinosum.
3260 2474 3516 2546 Assyrios
3562 2494 3664 2531 au-

2085 2571 2192 2617 tem
2220 2571 2419 2618 vocant
2464 2564 2686 2619 vitiosas
2730 2574 2786 2619 et
2837 2565 3083 2635 impuras
3119 2568 3501 2636 cogitationes,
3540 2585 3664 2639 qua:

2082 2663 2321 2709 mentem
2354 2662 2600 2710 nostram
2636 2655 2980 2711 confundunt
3008 2667 3063 2712 et
3104 2660 3343 2725 turbant,
3367 2672 3418 2714 et
3454 2663 3667 2730 replent

2081 2760 2203 2800 eam
2248 2744 2410 2801 idolis
2459 2746 2794 2813 immundis,
2825 2749 3108 2806 trahentes
3169 2751 3221 2805 vi
3245 2751 3410 2805 etiam
3478 2751 3667 2807 nolen-

2082 2846 2187 2891 tem
2213 2840 2280 2892 ad
2305 2839 2575 2894 actionem
2600 2842 2806 2909 peccati
2842 2840 2939 2913 (1).

1159 2932 1286 2994 τοὺς
1334 2930 1603 3002 ἐμπαθεῖς
1652 2926 1971 2997 λογισμοὺς,
2011 2929 2135 2988 τοὺς
2170 2928 2457 2994 θολοῦντας
2511 2934 2607 2986 καὶ
2655 2933 2987 3003 συγχέοντας
3038 2935 3130 2987 τὸν
3195 2936 3321 2989 νοῦν
3385 2939 3482 2990 καὶ
3527 2937 3667 3007 πλη-

393 3028 623 3101 ροῦντας
671 3029 833 3082 αὑτὸν
867 3027 1103 3082 εἰδώλων
1160 3025 1506 3098 ἀκαθάρτων,
1567 3024 1664 3077 καὶ
1720 3023 1982 3093 φέροντας
2019 3023 2180 3076 αὑτὸν
2250 3025 2343 3096 βίᾳ
2395 3026 2603 3098 καὶμὴ
2660 3027 3002 3098 βουλόμενον,
3038 3030 3118 3093 εἰς
3178 3029 3281 3101 τὴν
3329 3033 3450 3085 κατ’
3517 3033 3671 3102 ἐνέρ-

392 3137 547 3186 γειαν
607 3119 903 3191 ἁμαρτίαν.

466 3215 544 3269 E'.
617 3214 744 3266 Ἐὰν
791 3206 886 3265 οὖν
940 3209 1082 3265 ἐκὼν
1133 3207 1275 3279 ἐκδῷ
1342 3225 1426 3272 τις
1481 3207 1675 3263 ἑαυτὸν
1733 3208 1799 3276 τῇ
1839 3204 1972 3274 ἡδυ-

2161 3201 2221 3257 V.
2253 3204 2391 3257 Cum
2421 3203 2586 3271 igitur
2621 3203 2746 3273 quis
2784 3219 2906 3259 sese
2946 3203 3211 3259 dediderit
3236 3204 3445 3259 libidini
3474 3221 3670 3276 corpo-

395 3306 597 3376 παθείᾳ
638 3302 733 3356 τοῦ
785 3301 1059 3372 σώματος,
1100 3299 1472 3370 ἀναγκάζεται
1531 3300 1626 3350 καὶ
1676 3296 1750 3367 μὴ
1808 3294 1977 3348 θέλων

398 3396 631 3468 ἀχθῆναι
664 3395 744 3457 εἰς
794 3392 1112 3464 ’Δσσυρίους
1148 3391 1268 3463 βίᾳ,
1302 3390 1397 3444 καὶ
1430 3388 1714 3443 δουλεῦσαι
1756 3386 1832 3456 τῷ
1863 3386 1978 3439 Να-

399 3489 803 3560 ϐουχοδονόσορ.
840 3486 1014 3540 Τοῦτο
1053 3484 1207 3548 εἰδὼς
1270 3486 1298 3538 ὁ
1364 3483 1649 3555 προφήτης
1688 3480 1984 3534 διεπονεῖτο

399 3585 493 3638 καὶ
525 3583 709 3652 ἔλεγεν
756 3581 939 3643 αὑτοῖς
965 3597 979 3611 ·
1020 3578 1119 3649 Μὴ
1160 3577 1489 3643 κατέλθητε
1521 3577 1611 3640 εὶς
1647 3573 1971 3642 Αἴγυπτον·

400 3675 452 3728 τί
499 3677 724 3739 ποιεῖτε,
770 3672 968 3736 ἄθλιοι,
1025 3668 1400 3739 ταπεινώθητε
1461 3666 1692 3737 μικρόν·
1767 3662 1985 3717 κλίνατε

401 3769 492 3820 τὸν
540 3761 691 3836 ὦμον
723 3763 879 3834 ὑμῶν
926 3761 1021 3815 καὶ
1053 3760 1364 3831 ἐργάσασθε
1408 3758 1488 3827 τῷ
1551 3755 1762 3827 βασιλεῖ
1804 3753 1985 3806 Batauo

404 3852 592 3916 λῶνος,
645 3850 740 3901 καὶ
792 3847 1055 3901 καθίσατε
1115 3848 1208 3899 ἐπὶ
1260 3848 1363 3916 τῆς
1408 3845 1512 3913 γῆς
1563 3843 1673 3896 τῶν
1736 3842 1986 3912 πατέρων

406 3942 579 4012 ὑμῶν.
638 3940 805 3993 Πάλιν
838 3939 1098 4007 διεγείρει
1142 3937 1343 3999 αὑτοὺς
1407 3935 1582 4003 λέγων
1613 3950 1628 3965 ο
1654 3934 1752 4000 Μὴ
1803 3934 1988 4000 φοϐη-

2081 3294 2178 3358 ris,
2197 3294 2412 3363 cogitur
2434 3295 2628 3349 nolens
2647 3296 2808 3349 etiam
2835 3295 2978 3348 trahi
3003 3295 3055 3348 in
3074 3293 3333 3366 Assyrios
3349 3297 3413 3349 ad
3428 3298 3672 3351 servicno

2081 3387 2211 3442 dum
2252 3386 2775 3441 Nabuchodonosor.
2811 3386 2968 3451 Quod
3006 3387 3272 3454 propheta
3310 3401 3667 3456 cognoscens,

2084 3480 2422 3549 {diligebatur
2471 3479 2769 3533 admodum
2804 3487 2858 3532 tt
2901 3478 3114 3533 dicebat
3138 3479 3221 3534 eis
3259 3478 3382 3533 :Ne
3437 3484 3672 3551 pergam

2085 3573 2142 3625 in
2173 3570 2466 3641 Afgyptum
2498 3580 2546 3623 ιι.
2581 3569 2723 3636 Quid
2755 3569 2899 3623 enim
2933 3567 3134 3635 facitis,
3162 3570 3370 3634 miseri,
3412 3570 3671 3626 humilia-

2088 3663 2218 3717 mini
2243 3677 2555 3734 parumper,
2597 3660 2854 3715 inclinate
2886 3660 3140 3716 humeros
3170 3671 3383 3717 vestros
3427 3671 3483 3717 et
3505 3678 3672 3732 opera
3775 3658 3781 3671 ⁵

2088 3765 2268 3810 vestra
2299 3763 2554 3823 praestate
2583 3754 2696 3821 regi
2724 3751 3039 3822 Babylonis,
3067 3752 3253 3806 sedete
3292 3754 3349 3806 in
3399 3762 3543 3809 terra
3576 3770 3674 3824 pa-

2089 3855 2234 3901 trum
2276 3857 2602 3900 vestrorum.
2635 3845 2839 3898 lterum
2857 3845 3136 3899 excitabat
3164 3859 3263 3899 eos
3286 3846 3477 3900 dicens
3504 3864 3519 3899 :
3552 3846 3670 3900 Νο-

2089 3937 2181 3991 lite
2208 3939 2389 3990 timere
2430 3954 2461 3989 a
2496 3936 2627 4004 facie
2657 3936 2793 4004 ejus,
2828 3937 3076 4004 quoniam
3103 3936 3374 3988 nobiscum
3395 3946 3470 3991 est
3506 3937 3672 4005 Deus,

408 4032 552 4101 θῆτε
610 4028 728 4083 ἀπὸ
775 4025 1101 4097 προσώπου
1155 4022 1364 4090 αὐτοῦ,
1418 4021 1508 4075 ὅτι
1534 4022 1663 4090 μεθ’
1686 4019 1855 4089 ἡμῶν
1887 4019 1972 4072 ἐσ-

2086 4039 2267 4095 potens
2299 4029 2523 4082 liberare
2549 4044 2641 4080 nos
2678 4027 2741 4081 de
2781 4043 2941 4081 manu
2972 4026 3084 4095 ejus
3105 4038 3154 4082 ιι.
3197 4027 3397 4083 Deinde
3429 4032 3677 4099 praedicit

406 4141 502 4179 τιν
546 4125 580 4176 ὁ
610 4121 755 4185 Θεὸς
789 4119 899 4173 τοῦ
946 4115 1259 4182 ἐξελέσθαι
1291 4113 1447 4184 ἡμᾶς
1487 4114 1556 4167 ὲκ
1609 4110 1731 4165 τῶν
1775 4109 1972 4180 χειρῶι

2089 4124 2169 4177 eis
2222 4121 2461 4177 futuram
2519 4120 2889 4186 alllictioucm,
2926 4122 3029 4176 nisi
3072 4123 3181 4175 Deo
3237 4124 3542 4191 paruerint.
3613 4126 3674 4180 Si

409 4215 614 4271 αὑτοῦ.
649 4209 783 4266 Εἶτα
822 4210 1078 4283 προλέγει
1130 4210 1223 4262 καὶ⁹
1270 4208 1369 4278 τὴν
1397 4206 1771 4278 ἐπερχομένην
1808 4204 1972 4263 αὑτοῖς

2089 4216 2257 4280 enim,
2281 4214 2475 4283 inquit,
2520 4213 2875 4283 perrexeritis
2907 4212 2961 4265 in
3009 4210 3324 4281 Egyptum,
3351 4215 3504 4269 eritis
3544 4230 3675 4270 cum

410 4308 613 4378 θλίψιν,
666 4305 762 4359 ἐὰν
799 4303 1139 4373 ἀπειθήσωσι.
1166 4300 1245 4371 τῷ
1274 4298 1416 4371 Θεῷ.
1461 4297 1589 4351 Ἐὰν
1630 4297 1762 4366 γὰρ,
1803 4294 1965 4365 φησιν

2091 4321 2157 4360 eo
2190 4321 2290 4360 ceu
2321 4306 2527 4358 invium
2558 4305 2853 4374 quoddam,
2882 4312 2938 4358 et
2977 4304 3132 4358 eritis
3166 4304 3334 4369 servi,
3366 4315 3421 4360 et
3452 4308 3507 4361 in
3552 4324 3675 4363 ma-

410 4398 690 4470 είσέλθῃτε
738 4397 817 4459 είς
871 4393 1169 4464 Αἴγυπτον,
1250 4390 1439 4444 ἔσεσθε
1484 4392 1564 4453 είς
1621 4390 1843 4451 ἄϐατον,
1900 4387 1972 4439 κα

2092 4398 2441 4453 ledietionem
2481 4404 2537 4451 et
2577 4395 2955 4450 confusionem
2982 4406 3035 4450 et
3078 4397 3433 4465 opprobrium
3464 4408 3508 4453 ι’.
3565 4397 3676 4453 Rc-

414 4487 736 4560 ὑποχεὶριοι,
791 4486 885 4540 καὶ
925 4486 1004 4545 είς
1050 4483 1211 4556 ἀρὰν,
1244 4482 1339 4536 καὶ
1367 4482 1446 4545 είς
1506 4479 1830 4549 ὀνειδισμόν.
1882 4477 1972 4531 Κα¹

2095 4490 2547 4561 sponderuntque
2587 4489 2834 4544 infelices
2862 4498 2917 4542 et
2964 4490 3149 4545 miseri
3180 4507 3195 4543 :
3228 4488 3353 4543 Non
3381 4492 3677 4545 sedebimus

412 4559 661 4652 λέγουσιν
693 4579 844 4650 αὑτῷ
881 4579 1161 4632 κάκεῖνοι·
1200 4578 1282 4631 Οὐ
1304 4571 1390 4645 μὴ
1434 4576 1774 4642 καθίσωμεν
1818 4571 1889 4624 ἐν
1917 4569 1972 4637 τί

2097 4559 2149 4637 in
2166 4594 2310 4637 terra
2328 4559 2552 4649 hac,scd
2578 4581 2934 4649 ingrediantur
2948 4579 3241 4652 Egyptum
3261 4598 3279 4636 :
3300 4593 3347 4636 et
3373 4585 3682 4639 uonvidebi-

414 4674 492 4745 γῇ
514 4675 717 4742 ταύτῃ,
740 4672 828 4726 ὅτι
848 4674 936 4737 είς
951 4670 1258 4741 Αἴγυπτον
1283 4667 1771 4733 εὶσελευσόμεθα,
1798 4663 1894 4717 καὶ
1923 4680 1972 4715 οι

2094 4694 2213 4732 mus
2234 4676 2447 4740 bellum,
2465 4691 2624 4745 neque
2641 4675 2870 4728 sonitum
2897 4674 3037 4729 tubw
3054 4675 3329 4729 audiemus
3354 4691 3371 4729 :
3391 4678 3511 4729 etin
3526 4678 3683 4745 paui-

409 4767 495 4837 μὴ
537 4764 752 4836 ἴδωμεν
799 4765 1086 4833 πόλεμον,
1127 4760 1225 4816 καὶ
1272 4758 1478 4830 φωνῆς
1509 4758 1845 4826 σάλπιγγος
1884 4758 1972 4809 ait:

2095 4769 2191 4822 bus
2219 4785 2320 4823 non
2341 4769 2630 4822 esuriamus
2651 4777 2697 4820 ⁸.
2732 4764 2969 4820 Profecti
3018 4766 3183 4835 igitur
3226 4776 3376 4834 sunt,
3410 4776 3465 4821 et
3490 4777 3683 4837 sponte

416 4859 789 4926 ἀκούσωμεν,
811 4855 909 4910 καὶ
927 4855 995 4908 ἐν
1011 4853 1209 4924 ἄρτοις
1234 4854 1304 4906 οὺ
1318 4851 1403 4922 μὴ
1429 4851 1825 4918 πεινάσωμεν.
1849 4849 1970 4900 Κατ

2096 4862 2369 4917 Pharaoni
2405 4861 2732 4917 servierunt.
2757 4858 2914 4914 llaud
2935 4874 3068 4913 vero
3092 4860 3266 4913 multo
3286 4868 3405 4928 post
3433 4859 3683 4912 nolentes

418 4953 580 5024 ἦλθον
620 4949 715 5005 οὖν
754 4951 849 5005 καὶ
915 4948 1193 5002 ἐδούλευον
1228 4947 1446 5010 ἑκόντες
1484 4944 1562 5015 τῷ
1608 4941 1829 5013 Φαραώ.
1865 4937 1972 4994 Εἴτε

2099 4956 2260 5011 tracti
2288 4963 2418 5010 sunt
2445 4955 2497 5008 in
2526 4952 2819 5022 Assyrios:
2848 4959 2903 5007 et
2937 4951 3072 5021 ipsis
3116 4951 3319 5021 pariter
3349 4951 3678 5005 servierunt.

419 5046 665 5121 ἢχθησαν
724 5044 814 5117 βίᾳ
840 5045 918 5108 εἰς
953 5040 1296 5112 Ἀσσυρίους,
1325 5039 1422 5093 καὶ
1454 5036 1776 5092 ἐδούλευσαν
1810 5036 1995 5098 αὐτοῖς

417 5143 514 5198 καὶ
542 5140 616 5211 μὴ
671 5138 934 5198 θέλοντες.

489 5306 512 5331 ⁸
537 5297 677 5355 Osee
702 5313 765 5377 ἒν,
797 5294 885 5352 15.
960 5290 1206 5347 Plerem.
1239 5302 1378 5356 xui,
1414 5286 1503 5343 I9.
1577 5295 1606 5336 ιι
1639 5284 1770 5341 ibid.
1804 5285 1891 5339 ll.

2076 5281 2162 5337 vid.
2205 5281 2294 5347 ts,
2329 5280 2399 5335 te
2468 5289 2491 5318 -
2530 5277 2663 5333 ibid.
2698 5275 2901 5346 15,14.

1689 5403 1924 5461 VARIJE
1948 5400 2357 5459 LECTIONES.

493 5537 542 5577 ³⁸
578 5537 790 5606 ἀρετήν.

494 5648 571 5722 (l)
599 5648 770 5722 (laute
802 5645 917 5722 lege
945 5652 1005 5697 ut
1032 5642 1196 5722 etiam
1233 5639 1355 5722 aliis
1390 5639 1546 5722 locis,
1572 5636 1698 5722 ubi”
1719 5633 1993 5722 itanloqiu

428 5711 589 5783 solet,
634 5717 820 5771 forsan
857 5711 1248 5785 'byperbolice
1274 5711 1344 5785 de
1396 5711 1997 5785 vehementiaimpurze

429 5776 772 5861 cogitationis
795 5793 890 5841 aut
920 5776 1109 5840 Vitiosi
1164 5781 1380 5836 habitus
1410 5799 1422 5834 :
1469 5777 1710 5847 alioquin
1760 5776 1813 5829 in
1844 5776 1995 5831 omni

2103 5642 2237 5699 actu,
2260 5629 2437 5713 letalis
2449 5624 2657 5697 peccati
2675 5621 2830 5679 adest
2851 5618 2994 5676 actio
3018 5611 3318 5673 voluntatis
3339 5611 3496 5685 plene
3514 5608 3687 5671 libera

2102 5714 2156 5759 et
2194 5717 2276 5757 sui
2300 5715 2464 5771 ιιιηε.
