4062 6482
392 368 527 440 1767

1602 378 1646 439 S
1704 371 2095 438 DOROTHEI
2137 372 2456 437 ABBATIS

3531 371 3678 444 1768

463 486 548 543 Vl.
582 486 881 553 Advertite,
899 484 1150 553 obsecro,
1192 486 1436 540 animum
1459 485 1525 539 ad
1571 500 1634 541 ea
1678 501 1803 555 quae
1837 486 1980 540 dicta

2157 485 2250 554 ς’.
2295 486 2429 540 Θέτε
2470 486 2562 540 τὸν
2606 482 2730 541 νοῦν
2765 484 2920 559 ὑμῶν
2965 488 3045 553 είς
3071 487 3131 542 τὸ
3179 480 3474 561 λεγόμενον
3502 505 3517 521 ·
3556 490 3679 563 Πρὸ

388 589 540 635 sunt.
559 580 865 649 Antequam
898 578 1023 648 quis
1061 586 1343 648 peccatum
1383 577 1449 632 ad
1468 588 1647 632 actum
1702 577 1973 647 perduxe-

389 670 483 734 rit,
510 670 611 724 etsi
633 677 824 724 coutra
864 670 1045 738 ipsqu
1080 668 1445 738 pugnaverint
1473 669 1859 739 cogitationes,
1904 677 1977 723 tav

389 777 515 817 men
559 763 611 815 in
642 776 740 815 sua
778 761 998 815 civitate
1031 761 1212 815 adhuc
1245 760 1380 814 liber
1434 767 1539 827 est,
1571 770 1627 813 et
1662 759 1831 813 Deum
1887 760 1982 813 ha-

391 854 483 907 bet
512 852 869 921 epitulantem
901 852 1025 907 sibi.
1057 851 1115 905 Si
1144 852 1312 922 igitur
1347 852 1456 907 Deo
1482 852 1748 907 cervicem
1780 852 1980 920 .humi-

390 943 505 1005 lict,
536 942 787 1012 feratque
812 942 1131 997 tentationis
1164 953 1221 997 et
1245 942 1613 997 tribulationis
1624 943 1818 1012 jugum
1848 956 1977 996 cum

390 1035 689 1105 gratiarum
767 1034 984 1089 actione
1016 1072 1032 1098 ,
1087 1044 1476 1106 concertctque
1542 1037 1845 1103 paululum,
1881 1051 1982 1091 nec

392 1128 534 1182 bello
564 1126 746 1181 statim
774 1126 951 1193 cedat,
1001 1125 1208 1181 auxilio
1238 1125 1454 1181 Domini
1510 1127 1793 1182 liberatur.
1823 1126 1983 1193 Quod

392 1221 437 1274 si
482 1234 715 1288 pugnam
750 1218 1142 1289 subterfugcrit
1182 1229 1237 1273 et
1287 1219 1568 1282 laborem,
1606 1219 1984 1275 reclinaverit-

392 1325 500 1381 que
524 1312 765 1381 seipsum
803 1311 859 1364 in
884 1324 1181 1379 corporeus
1234 1311 1563 1379 voluptates,
1595 1318 1727 1365 tunc
1764 1311 1819 1364 vi
1870 1320 1983 1364 Ira-

392 1404 542 1458 hitur
581 1405 789 1457 invitus
840 1403 907 1457 ad
956 1414 1154 1457 terram
1215 1403 1592 1475 Assyriorum,
1629 1411 1683 1458 et
1733 1400 1983 1458 servituti

390 1511 583 1550 eorum
639 1495 829 1550 nolens
890 1495 1199 1563 subjicitur.
1234 1494 1351 1560 Qua
1390 1495 1458 1551 de
1509 1509 1673 1549 causa
1726 1493 1987 1548 inclamat

392 1585 503 1639 illis
571 1585 884 1653 propheta:
938 1583 1101 1640 Orate
1163 1594 1218 1638 ut
1272 1587 1414 1639 vivat
1466 1585 1980 1655 Nabuchodonosor,

393 1679 533 1751 quod
563 1681 618 1733 in
647 1681 755 1734 vita
789 1681 901 1746 ejus
922 1690 999 1734 est
1025 1679 1173 1734 salus
1198 1691 1373 1735 uestra
1400 1681 1442 1735 ί.
1475 1679 1984 1739 Nabuchodonosor

395 1780 482 1824 cst
514 1786 621 1824 non
648 1770 880 1826 deiicere
899 1770 964 1824 ad
998 1769 1164 1824 ullam
1194 1770 1631 1838 tribulationem,
1662 1787 1840 1841 neque
1873 1782 1984 1827 sta-

2081 576 2175 630 τοῦ
2206 578 2498 650 ἐνεργῆσαί
2525 596 2648 633 τινα
2694 579 2756 633 τὸ
2788 579 2984 648 πάθος,
3016 579 3120 635 κᾶν
3167 580 3677 653 ἐπιστρατεύσωσιν

2081 666 2129 719 οἱ
2163 664 2415 736 λογισμοὶ
2445 670 2566 722 κατ’
2592 669 2781 732 αὑτοῦ,
2812 670 2949 725 ἀλλὰ
2998 672 3137 736 τέως
3184 673 3242 725 ἐν
3289 675 3356 745 τῇ
3410 673 3519 746 ἰδίᾳ
3569 674 3677 728 πό-

2080 758 2165 811 λει
2216 759 2385 812 ἐστίν·
2433 761 2546 831 ἐχει
2601 761 2658 815 δὲ
2698 765 2790 816 καὶ
2831 763 2924 817 τὸν
2956 761 3089 817 Θεὸν
3136 763 3438 835 βοηθοῦντα
3495 764 3678 838 αὐτῷ.

2096 848 2224 902 Ἐὰν
2280 845 2373 903 οὖν
2401 852 2714 924 ταπεινωθῇ
2759 853 2839 924 τῷ
2883 852 3024 925 Θεῷ,
3067 855 3162 907 καὶ
3190 853 3435 928 βαστάξῃ
3466 856 3528 910 τὸ
3574 856 3675 922 ζυ-

2081 939 2179 1008 γὸν
2210 939 2272 994 τὸ
2318 941 2416 1011 τῆς
2461 942 2695 1011 θλίψεως
2737 944 2954 998 καὶτοῦ
2983 946 3296 1016 πειρασμοῦ
3330 947 3471 1017 μετὰ
3511 949 3680 1020 εὐχα-

2086 1030 2320 1101 ριστίας,
2368 1034 2464 1087 καὶ
2495 1034 2829 1107 ἀγωνίζηται
2850 1036 3127 1110 μικρὸν,ή
3161 1037 3385 1109 βοήθεια
3416 1040 3513 1093 τοῦ
3536 1040 3675 1094 Θεοῦ

2084 1123 2383 1196 ἐξαιρεῖται
2448 1127 2633 1181 αὐτόν.
2703 1128 2831 1181 Ἐὰν
2879 1131 2936 1182 δέ
2991 1130 3142 1204 φύγῃ
3182 1131 3273 1184 τὸν
3323 1132 3514 1199 κόπον,
3574 1135 3675 1188 καὶ

2085 1217 2321 1289 κατέλθῃ
2351 1219 2432 1283 είς
2502 1219 2601 1290 τὴν
2648 1220 2984 1297 ἡδυπᾴθειαν
3034 1223 3128 1276 τοῦ
3192 1223 3468 1295 σώματος,
3550 1226 3678 1281 τότε

2085 1307 2279 1379 ἄγεται
2307 1310 2397 1381 βίᾳ
2425 1312 2520 1365 xa‘t
2558 1312 2772 1386 ἀνάγκῃ
2801 1315 2883 1378 είς
2910 1314 3009 1385 τὴν
3063 1316 3168 1386 γῆν
3202 1318 3309 1371 τῶν
3350 1317 3676 1390 Ἀσσυρίων,

2086 1404 2183 1457 καὶ
2230 1404 2470 1457 δουλεύει
2514 1406 2699 1470 αὐτοῖς
2748 1407 2855 1461 κᾶν
2917 1410 2992 1479 μὴ
3052 1406 3241 1466 θέλων,
3299 1412 3433 1465 Τότε
3488 1412 3677 1467 λοιπὸν

2085 1492 2235 1561 λέγει
2290 1495 2477 1558 αὐτοῖς
2500 1497 2528 1548 6
2560 1499 2867 1568 προφήτηςο
2908 1497 3187 1563 Εὕξασθε
3238 1501 3353 1555 ὑπὸ
3387 1501 3500 1571 τῆς
3528 1498 3678 1573 ζωῆς

2085 1586 2648 1657 Νιιϐουχοδονόσορ·
2679 1588 2768 1642 ὅτι
2797 1588 2910 1658 ζωὴ
2943 1592 3131 1646 αὐτοῦ
3162 1592 3335 1647 ἐστιν
3392 1594 3431 1662 ἡ
3482 1611 3678 1664 σωτη-

2079 1677 2188 1745 ρία
2236 1677 2423 1747 ὑμῶν.
2457 1678 2932 1754 Ναϐουχοδονόσορ
2980 1684 3119 1751 ἐστὶ,
3173 1685 3234 1739 τὸ
3268 1686 3343 1759 μὴ
3389 1687 3677 1759 ὀλιγωρεῖν

2087 1783 2210 1820 τινα
2241 1768 2378 1839 πρὸς
2433 1769 2533 1839 τὴν
2584 1770 2762 1833 θλίψιν
2794 1771 2890 1826 τοῦ
2941 1775 3334 1845 συμϐαίνοντος
3387 1778 3536 1849 αὐτῷ
3557 1796 3676 1834 πει-

394 1863 495 1917 tim
521 1863 934 1932 superveniente
951 1864 1017 1916 ad
1045 1861 1207 1916 ullam
1228 1864 1581 1918 tentationem
1608 1865 1978 1929 recalcitrarc,

2089 1859 2499 1933 ρασμοῦ,,μηδέ
2550 1862 2936 1930 ἀπολακτίζειν
2981 1866 3089 1920 dre"
3124 1864 3311 1935 αὐτοῦ,
3341 1868 3479 1923 ἀλλὰ
3536 1873 3680 1941 μετά

397 1955 492 2010 sed
527 1971 650 2010 cum
688 1955 996 2009 humilitate
1025 1954 1166 2009 ferre
1193 1964 1248 2010 et
1274 1956 1385 2026 pati
1419 1957 1565 2011 illam
1597 1967 1655 2012 ut
1683 1958 1979 2022 debitores,

394 2048 819 2117 cxistimareque
848 2062 949 2103 nos
982 2047 1131 2117 ipsos
1182 2048 1434 2120 indignos
1472 2049 1688 2104 liberari
1724 2049 1982 2120 hujusce-

394 2138 543 2192 modi
569 2139 886 2203 teutatione,
919 2152 1187 2209 orareque
1233 2138 1403 2193 Deum
1442 2141 1643 2209 potius,
1682 2150 1744 2197 ut
1790 2156 1983 2212 proro-

394 2239 575 2298 getur,
592 2229 793 2300 vigeat,
827 2227 1182 2298 ﬁrmeturque
1211 2229 1264 2283 in
1280 2228 1440 2285 nobis
1461 2231 1710 2296 tentatio,
1735 2233 1848 2285 sive
1879 2245 1982 2284 no-

397 2322 666 2386 verimus,
698 2321 815 2375 sive
840 2320 1271 2391 ignoraverimus
1305 2321 1478 2390 ipsius
1505 2322 1821 2376 tentationis
1853 2337 1985 2376 cau-

397 2429 539 2478 sam,
573 2414 677 2468 hoc
736 2412 916 2482 ipsum
956 2421 1101 2466 certe
1161 2418 1431 2471 tenentes.
1470 2411 1608 2466 nihil
1654 2426 1777 2467 esse
1838 2411 1983 2480 apud

398 2502 572 2558 Deum
607 2501 877 2573 iniquum,
911 2501 1048 2556 nihil
1085 2499 1376 2571 injustum.
1409 2499 1567 2567 Quod
1629 2500 1768 2556 dixit
1815 2500 1985 2555 frater

398 2596 491 2651 ille
510 2602 748 2651 moestus
776 2604 831 2650 et
852 2593 1010 2657 ﬂens,
1041 2608 1168 2648 cum
1215 2592 1286 2648 ab
1317 2607 1383 2649 eo
1408 2592 1675 2648 Dominus
1727 2591 1986 2648 tentatio-

396 2701 525 2743 nem
556 2685 874 2741 abstulisset
903 2702 916 2739 :
943 2701 964 2736 ι
996 2682 1248 2749 Domine,
1276 2699 1411 2744 num
1443 2697 1546 2754 ego
1581 2697 1686 2737 non
1733 2697 1857 2738 sum
1895 2681 1983 2736 di-

394 2793 540 2850 gnus
597 2775 813 2832 modica
860 2774 1045 2845 aliqua
1079 2774 1523 2830 tribulatione?»
1565 2773 1845 2845 Scriptum
1900 2779 1987 2828 est

395 2869 562 2925 etiam
595 2869 662 2924 de
686 2867 953 2938 discipulo
980 2867 1163 2938 magni
1198 2866 1396 2934 Patris,
1432 2867 1526 2938 qui
1552 2865 1982 2922 afornicationis

397 2960 597 3032 spiritu
622 2960 860 3015 maxime
879 2957 1199 3024 vexabatur,
1225 2959 1370 3026 quod
1407 2959 1777 3030 interrogatus
1814 2972 1845 3011 a
1877 2955 1981 3011 Pa-

397 3061 481 3107 tre
509 3067 576 3107 an
600 3050 746 3106 orari
772 3066 870 3120 pro
911 3065 969 3105 se
996 3050 1160 3122 437
1186 3049 1357 3105 Deum
1389 3050 1548 3105 vellet
1580 3060 1640 3105 ut
1680 3048 1989 3105 auferretur

397 3141 467 3197 ab
491 3155 556 3196 eo
588 3140 974 3211 hujuscemodi
1007 3140 1254 3202 tentatio,
1284 3140 1629 3210 responderit
1659 3159 1674 3194 :
1717 3159 1736 3192 ι
1766 3139 1879 3194 Etsi
1910 3139 1989 3194 la-

396 3232 609 3296 borem,
657 3242 716 3287 ut
743 3231 913 3299 vides,
943 3239 1099 3302 pater
1139 3232 1278 3286 abba
1308 3249 1323 3286 :
1358 3231 1677 3303 amigarque
1724 3246 1832 3285 non
1860 3245 1982 3285 mo-

2089 1951 2476 2017 ταπεινώσεως
2507 1953 2821 2024 βαστάζειν,
2850 1955 2923 2022 ὡς
2967 1958 3259 2029 χρεωστῶν
3316 1961 3530 2027 παθεῖν,
3584 1964 3681 2017 καὶ

2090 2042 2203 2113 ἔχει
2237 2044 2318 2096 ὅτι
2374 2045 2476 2097 οὑκ
2535 2045 2684 2100 ἔστιν
2744 2047 2894 2112 ἄξιος
2960 2049 3082 2102 οὐδέ
3141 2050 3525 2123 ἀπαλλαγῆναι
3581 2052 3679 2107 τοῦ

2091 2132 2312 2205 βάρους,
2364 2133 2502 2188 ἀλλὰ
2533 2136 2625 2189 καὶ
2679 2137 2882 2207 μᾶλλον
2934 2136 3029 2193 τοῦ
3079 2141 3347 2211 χρονίσαι,
3401 2141 3497 2195 καὶ
3554 2160 3682 2198 στε-

2096 2227 2363 2297 ρεωθῆναι
2412 2226 2536 2280 κατ’
2591 2227 2759 2281 αὐτοῦ
2816 2230 2909 2282 τὸν
2972 2231 3301 2303 πειρασμὸν,
3355 2231 3461 2286 κᾶν
3503 2233 3680 2286 συνετ-

2089 2317 2178 2370 δεν
2212 2316 2391 2387 ἐαυτῷ
2416 2316 2514 2388 τὴν
2540 2319 2740 2380 αἰτίαν,
2773 2317 2876 2371 κᾶν
2906 2318 3044 2391 πρὸς
3074 2320 3135 2373 τὸ
3190 2319 3389 2390 παρὸν,
3443 2320 3546 2376 κᾶν
3601 2321 3680 2393 μὴ

2093 2408 2322 2473 συνεῖδε,
2375 2409 2648 2465 πιστεύων
2677 2411 2759 2465 ὅτι
2789 2412 2945 2465 οὐδὲν
2975 2411 3200 2484 ἄκριτον
3249 2413 3403 2485 παρὰ
3456 2413 3534 2484 τῷ
3556 2412 3677 2485 Θεῷ

2089 2500 2212 2553 οὐδὲ
2264 2500 2470 2555 ἄδικον.
2519 2501 2731 2572 Ὠσπερ
2785 2503 2972 2572 ἔλεγεν
3021 2505 3228 2569 ἐκεῖνος
3254 2506 3283 2559 6
3329 2504 3558 2575 ἁδελφὸς
3586 2504 3674 2559 λυ⁴

2090 2590 2362 2662 σιτούμενος
2423 2591 2519 2644 καὶ
2582 2592 2753 2649 κλέων
2781 2591 2827 2625 ³⁸
2860 2635 2877 2661 ,
2940 2594 3130 2666 ἐπειδὴ
3192 2597 3399 2667 ἐπῆρεν
3464 2597 3493 2649 6
3547 2596 3679 2660 Θεὸς

2089 2682 2183 2738 τὸν
2219 2683 2564 2754 πειρασμόν’
2606 2703 2626 2736 ι
2665 2682 2839 2755 Κύριε
2864 2724 2879 2750 ,
2937 2685 3038 2739 οὐκ
3077 2687 3194 2758 εἰμὶ
3238 2685 3386 2752 ἄξιος
3429 2687 3678 2759 θλιὸἦναι

2095 2774 2294 2848 μικρόν
2324 2792 2340 2843 ;
2388 2774 2559 2829 Πάλιν
2592 2776 2903 2846 γέγραπται
2936 2777 3018 2831 ὅτι
3050 2779 3300 2849 μαθητὴς
3326 2778 3564 2849 μεγάλου
3595 2779 3678 2849 γέ-

2094 2884 2281 2939 ροντος
2322 2866 2636 2940 ἐπολεμήθη
2676 2871 2757 2932 είς
2790 2869 3068 2940 πορνείαν.
3101 2871 3212 2925 Καὶ
3246 2871 3461 2943 βλέπων
3515 2872 3679 2929 αὐτὸν

2093 2961 2122 3013 6
2174 2959 2353 3030 γέρων
2408 2959 2710 3028 κοπιῶντα,
2772 2960 2920 3030 λέγει
2956 2961 3105 3033 αὐτῷ
3136 2978 3150 2993 ·
3190 2982 3211 3016 ι
3247 2962 3438 3028 Θέλεις
3493 2982 3679 3038 παρα-

2092 3051 2309 3105 καλέσω
2360 3052 2453 3105 τὸν
2485 3051 2638 3118 Θεὸν,
2695 3053 2792 3106 καὶ
2845 3055 3091 3124 κουφίζει
3122 3056 3231 3109 ἀπὸ
3262 3055 3354 3109 σοῦ
3386 3059 3477 3112 τὸν
3519 3058 3678 3113 πόλει

2098 3158 2242 3211 μον;
2280 3139 2343 3196 Ὀ
2371 3140 2430 3193 δὲ
2474 3138 2629 3195 εἶπεν
2661 3156 2675 3169 ·
2719 3160 2739 3194 ι
2802 3142 2866 3196 Ei
2914 3126 3010 3196 καὶ
3060 3142 3237 3196 κοπιῶ
3285 3143 3479 3211 ἀϐὅᾶς,
3541 3144 3678 3200 ἀλλὰ

2092 3231 2276 3302 βλέπω
2300 3234 2365 3286 ἐκ
2388 3232 2481 3286 τοῦ
2513 3233 2677 3287 πόνου
2695 3233 2909 3304 καρπὸν
2939 3235 3019 3297 είς
3053 3235 3176 3305 ἐμέ.
3196 3235 3366 3289 Τοῦτο
3382 3235 3439 3289 δὲ
3476 3235 3678 3306 μᾶλλον

395 3328 580 3384 dicunt
613 3344 628 3393 ;
663 3342 770 3381 non
804 3325 998 3397 ignoro
1027 3334 1206 3379 tamen
1235 3335 1506 3394 quantum
1542 3324 1754 3379 fructus
1786 3332 1841 3378 et
1867 3323 1975 3376 uti-

2085 3324 2463 3395 παρακάλεσον
2491 3323 2582 3377 τὸν
2633 3324 2786 3389 Θεὸν,
2822 3324 2911 3379 ἴνα
2941 3325 3086 3397 δώσῃ
3122 3344 3212 3397 μοι
3241 3327 3544 3400 ὑπομονήν.
3578 3347 3601 3382 ι

395 3418 567 3475 litatis
618 3419 747 3473 hinc
793 3417 925 3471 mihi
983 3417 1289 3487 proveniat.
1350 3416 1532 3483 Quare
1611 3416 1780 3471 Deum
1842 3416 2029 3485 potius
2066 3431 2162 3471 ora
2235 3425 2295 3472 ut
2350 3417 2485 3471 mihi
2542 3418 2908 3474 constantiam
2983 3426 3039 3474 et
3101 3420 3417 3490 patientiam
3463 3423 3675 3494 .largia-
3782 3412 3795 3423 “

397 3520 504 3569 tur.
538 3530 559 3564 ι

468 3606 582 3663 Vll.
615 3605 754 3661 Ecce
780 3620 875 3661 eos
902 3605 998 3675 qui
1040 3604 1327 3675 diligentes
1366 3614 1421 3660 et
1476 3605 1627 3661 anxii
1676 3615 1804 3663 sunt
1839 3608 1985 3663 circa

397 3701 629 3758 salutem
649 3714 804 3755 suam
829 3717 843 3753 :
876 3698 984 3752 hoc
1002 3704 1084 3753 est
1099 3697 1244 3752 enim
1268 3696 1412 3753 ferre
1431 3697 1624 3769 jugum
1649 3714 1771 3754 cum
1807 3699 1987 3755 humi-

394 3794 569 3850 litate.
624 3791 764 3846 Hinc
789 3788 1055 3859 prepheta
1089 3788 1200 3843 ait:
1255 3787 1421 3844 Orate
1447 3805 1544 3858 pro
1565 3791 1671 3845 vita
1705 3790 1986 3847 Nabucho-

395 3886 643 3950 donosor,
673 3882 921 3952 quoniam
946 3881 1000 3934 in
1020 3880 1186 3949 ipsius
1216 3880 1325 3933 vita
1339 3889 1415 3934 est
1441 3880 1588 3936 salus
1616 3891 1808 3937 uestra.
1836 3881 1982 3937 Idem

395 3978 512 4036 fere
542 3984 625 4033 est
650 3975 834 4030 dicere
873 3991 887 4027 :
921 3973 1087 4028 Video
1119 3970 1354 4027 fructum
1388 3974 1482 4043 qui
1525 3974 1659 4028 mihi
1702 3990 1768 4030 ex
1798 3974 1984 4031 labore

395 4081 450 4128 et
489 4068 787 4125 tentatione
812 4065 1064 4136 provenit
1098 4081 1111 4117 :
1141 4074 1196 4119 et
1219 4065 1422 4133 dicere,
1455 4068 1709 4136 quoniam
1736 4068 1791 4121 in
1815 4069 1985 4139 ipsius

395 4163 503 4218 vita
524 4171 596 4215 est
623 4159 769 4214 salus
786 4167 977 4212 vestra.
1007 4156 1163 4224 Quod
1193 4157 1266 4212 ita
1295 4171 1417 4215 esse
1454 4160 1692 4215 ostendit
1719 4161 1984 4237 etsenior

395 4252 687 4326 praedictus
710 4266 832 4306 cum
857 4250 1130 4319 discipulo
1153 4251 1528 4319 responderet,
1553 4252 1773 4308 dicens:
1841 4252 1980 4308 «Co-

395 4345 558 4418 gnovi
586 4344 767 4408 hodie,
782 4342 879 4406 ﬁli,
898 4341 1026 4410 quia
1044 4341 1350 4411 etproiicis,
1372 4350 1426 4398 et
1443 4343 1555 4412 jam
1574 4359 1662 4400 me
1682 4360 1928 4415 superas.
1954 4362 1975 4398 ι

395 4438 532 4493 Cum
583 4436 729 4491 enim
784 4433 908 4501 quis
939 4442 1288 4503 oppugnatur
1342 4443 1403 4488 ut
1433 4436 1498 4489 ad
1538 4437 1747 4505 peccati
1796 4448 1978 4493 actum

396 4529 710 4601 proveniat;
743 4512 831 4580 ille
861 4532 1043 4578 autem
1085 4525 1225 4578 virili
1259 4525 1443 4580 animo
1473 4536 1738 4597 repugnat
1760 4539 1814 4583 et
1844 4530 1982 4584 resi-

398 4627 493 4678 stit
547 4621 727 4691 pravis
787 4618 1232 4689 cngitationibus,
1291 4618 1634 4685 humiliatur,
1698 4620 2019 4691 afﬂigitur,‘

398 4722 591 4778 certat,
653 4719 708 4766 et
765 4727 862 4779 per
903 4710 1119 4765 labores
1181 4708 1612 4782 alllictiouesque
1664 4712 1980 4767 certaminis

396 4805 657 4878 paulatim
710 4813 990 4874 purgatur,
1041 4811 1098 4857 et
1148 4804 1304 4873 quasi
1358 4804 1500 4859 redit
1547 4804 1694 4859 adid
1719 4807 1863 4876 quod
1894 4814 1977 4861 est

2158 3604 2232 3660 Z'.
2270 3602 2424 3657 Είδὸν
2458 3603 2504 3635 ³⁸
2529 3593 2679 3656 οὗτοί
2708 3605 2850 3657 είσιν
2875 3604 3118 3678 ἀκριϐῶς
3141 3605 3192 3658 οί
3225 3605 3466 3677 σωθῆναι
3494 3606 3672 3661 θέλον-

2086 3711 2199 3763 τες,
2229 3694 2388 3749 τοῦτό
2417 3695 2533 3747 ἐστι
2559 3693 2619 3747 τὸ
2672 3694 2945 3764 βαστάσαι
2983 3695 3122 3766 μετὰ
3167 3698 3670 3771 ταπεινοφροσύνης

2084 3788 2177 3841 τὸν
2228 3786 2414 3856 ζυγὸν,
2455 3787 2553 3839 καὶ
2583 3785 2845 3850 εὔξασθαι
2889 3787 3030 3858 ὑπὲρ
3071 3791 3169 3860 τῆς
3215 3789 3361 3859 ζωῆς
3391 3789 3672 3863 Ναϐουχο.

2083 3880 2325 3950 δονὸσορ.
2358 3880 2456 3932 Δια
2507 3878 2666 3932 τοῦτο
2701 3878 2848 3948 λέγει
2880 3880 2907 3932 6
2939 3882 3245 3951 προφήτης,
3284 3882 3415 3936 Ὀτι
3459 3884 3563 3938 Ἐν
3596 3882 3671 3956 τῇ

2084 3968 2197 4039 ζωῇ
2220 3969 2408 4024 αὐτοῦ
2441 3969 2614 4023 ἐστιν
2640 3970 2677 4039 ἠ
2711 3971 2977 4039 σωτηρία
2996 3970 3185 4040 ὑμῶν.
3212 3973 3437 4044 Ὀμοιόν
3466 3977 3586 4030 ἐστι
3610 3978 3671 4031 τὸ

2083 4065 2260 4116 εἰπεῖν
2289 4063 2378 4116 τὸν
2411 4062 2673 4132 ἀδελφόν*
2703 4061 2918 4117 Βλέπω
2962 4064 3197 4132 καρπὸν
3226 4065 3296 4120 ἐκ
3338 4067 3446 4121 τοῦ
3476 4069 3669 4125 κόπου

2081 4158 2169 4219 εὶς
2189 4154 2314 4224 ἐμὲ,
2332 4153 2411 4224 τῷ
2449 4156 2625 4208 εἰπεῖν
2650 4171 2664 4187 ·
2705 4155 2809 4208 Ἐν
2837 4153 2913 4224 τῇ
2942 4154 3059 4225 ζωῇ
3088 4144 3274 4212 αὐτοῦ
3298 4159 3470 4214 ἐστιν
3491 4161 3530 4228 ἠ
3554 4178 3670 4217 σω-

2081 4249 2254 4315 τηρία
2272 4263 2413 4316 μου.
2456 4246 2546 4310 Ὧς
2572 4245 2722 4317 δηλοῖ
2745 4247 2841 4299 καὶ
2862 4248 2891 4300 6
2930 4248 3107 4319 γέρων
3125 4249 3274 4322 αὐτῷ
3302 4267 3318 4283 ο
3361 4270 3380 4305 ι
3417 4254 3669 4327 Σήμερον

2081 4342 2253 4411 ἔγνων
2304 4341 2386 4393 ὅτι
2439 4340 2497 4393 ἐν
2559 4343 2811 4411 προκοπῇ
2863 4336 2933 4406 εί,
2982 4343 3075 4396 καὶ
3121 4342 3467 4414 ὑπερϐαίνεις
3515 4364 3604 4418 με.
3641 4368 3660 4401 ι

2092 4431 2263 4485 Ἐπὰν
2288 4429 2397 4502 γὰρ
2435 4431 2774 4502 ἀγωνίσηται
2803 4449 2887 4496 τις
2916 4432 3053 4503 πρὸς
3097 4434 3197 4505 τὴν
3233 4436 3351 4489 κατ’
3383 4438 3665 4510 ἐνέργειαν

2081 4522 2375 4595 ἁμαρτίαν,
2400 4523 2493 4577 καὶ
2515 4522 2750 4594 ἄρξηται
2777 4524 3057 4595 πολεμεῖν,
3092 4526 3188 4579 καὶ
3218 4527 3352 4599 πρὸς
3375 4531 3504 4594 τοὺς
3528 4532 3669 4587 κατὰ

2077 4615 2317 4670 διάνοιαν
2365 4614 2661 4684 λογισμοὺς
2709 4615 2983 4686 ἐμπαθεῖς
3029 4617 3397 4685 ταπεινοῦται,
3450 4622 3665 4695 συντρί-

2079 4707 2253 4773 ϐεται,
2291 4706 2636 4776 ἀγωνίζεται,
2664 4706 2760 4760 καὶ
2788 4706 2878 4762 διὰ
2905 4707 3007 4778 τῆς
3036 4707 3270 4779 θλίψεως
3303 4711 3414 4765 τῶν
3440 4714 3666 4783 ἀγώνων

2077 4797 2220 4852 κατὰ
2255 4795 2450 4867 μικρὸν
2471 4795 2792 4867 καθαίρεται
2814 4796 2909 4849 καὶ⁹
2938 4797 3311 4868 ἐπανέρχεται
3335 4803 3417 4866 είς
3438 4804 3499 4856 τὸ
3523 4806 3665 4859 κατὰ

358 4897 502 4965 ‘sibi
535 4906 786 4951 auatura
828 4893 1153 4964 ingenitum.
1210 4892 1281 4947 Ut
1331 4909 1551 4965 quoque
1601 4895 1860 4961 diximus,
1906 4895 1976 4950 ab

2085 4888 2259 4959 φύσιν.
2302 4888 2484 4952 Ὥστε,
2554 4884 2740 4950 καθὼς
2770 4887 3022 4959 εἴπομεν,
3081 4889 3191 4943 ἀπὸ
3248 4891 3528 4960 ἀγνωσίας
3574 4900 3665 4952 καὶ

398 4986 706 5062 ignorantia
733 4995 789 5041 et
818 4984 1070 5054 superbia
1092 4999 1190 5040 sua
1217 4985 1472 5055 allligitur
1489 4985 1582 5055 qui
1605 4987 1706 5041 sub
1720 4986 1977 5056 passione

398 5081 669 5143 turbatur,
724 5090 848 5131 cum
911 5074 1083 5145 magis
1142 5075 1363 5130 deberet
1433 5091 1748 5132 mensuram
1817 5092 1975 5133 suam

398 5185 728 5241 cognoscere
743 5184 868 5225 cum
896 5167 1218 5233 humilitate,
1252 5177 1307 5223 et
1331 5168 1604 5223 sustinere
1639 5168 1975 5237 supplicans,

398 5264 572 5319 donec
615 5276 739 5317 cum
783 5274 849 5314 eo
888 5257 1325 5313 misericordiam
1357 5258 1558 5314 iaceret
1633 5257 1800 5314 Deus.
1856 5256 1977 5313 Nisi

395 5353 543 5408 enim
589 5358 826 5405 tentatus
866 5348 989 5417 quis
1047 5346 1226 5413 fuerit,
1266 5347 1574 5419 videritque
1627 5347 1971 5404 aﬂlictionem

398 5443 735 5515 passionum,
782 5438 924 5493 haud
971 5436 1201 5491 certabit
1248 5437 1542 5513 aliquando
1581 5444 1640 5493 ut
1688 5446 1967 5509 purgetur.

478 5558 498 5595 ί
524 5556 758 5612 Baruch.
795 5570 832 5620 ι,
878 5554 963 5619 Η,
998 5550 1086 5607 12.
1978 5592 2051 5626 ὼ

2078 4978 2462 5051 ὑπερηφανίας
2507 4976 2844 5047 ταράσσεταί
2887 4993 2973 5041 τις
2999 4979 3128 5032 ὅταν
3160 4979 3397 5050 ὀχλείται
3427 4984 3534 5038 ὑπὸ
3564 4989 3662 5042 πᾶς

2078 5072 2227 5136 θους,
2261 5070 2397 5125 ἀλλὰ
2425 5068 2626 5141 μᾶλλον
2656 5068 2796 5140 μετὰ
2825 5069 3210 5135 ταπεινώσεως
3238 5073 3442 5142 ὀφείλει
3464 5077 3664 5133 εἰδέναι

2071 5164 2141 5218 τὰ
2169 5163 2279 5217 ῐδια
2311 5162 2488 5233 μέτρα
2512 5177 2527 5193 ⁸
2554 5161 2651 5214 καὶ
2681 5160 2974 5233 ὑπομεῖναι
3001 5163 3318 5235 εὐχόμενος,
3356 5166 3462 5231 ἕως
3507 5172 3655 5243 ποιή.

2076 5272 2159 5310 σει
2185 5257 2214 5309 6
2242 5254 2375 5316 Θεὸς
2415 5254 2532 5324 μετ’
2562 5252 2728 5308 αὐτοῦ
2774 5254 2835 5309 τὸ
2871 5254 3042 5317 ἕλεος.
3092 5254 3225 5311 Ἐὰν
3261 5259 3373 5329 γὰρ
3415 5261 3494 5331 μὴ
3546 5280 3664 5317 πει-

2076 5345 2250 5420 ρασθῇ
2277 5362 2384 5409 τις,
2420 5346 2513 5398 καὶ
2537 5346 2622 5417 ίδῃ
2645 5345 2744 5417 τὴν
2778 5346 2957 5417 θλίψιν
2989 5346 3098 5401 τῶν
3121 5348 3333 5418 παθῶν,
3359 5351 3487 5406 οὔτε
3528 5354 3666 5422 ἀγω-

2078 5437 2286 5504 νίζεταί
2308 5454 2437 5491 ποτε
2477 5436 2841 5508 καθαρθῆναι.
2874 5439 2988 5493 Καὶ
3031 5438 3180 5509 λέγει
3201 5444 3228 5497 6
3249 5442 3467 5514 ψαλμὸς
3491 5484 3507 5511 ,
3537 5444 3666 5518 περί

1677 5703 1915 5760 νΑιιιιΕ
1975 5704 2385 5764 LECTIONES.

469 5830 514 5860 “
549 5825 769 5880 κλαίων.
845 5826 892 5858 ²⁶
921 5824 1052 5878 ἰδού.
