4062 6410
355 328 500 392 [789

1699 330 2087 391 DOCTRINA
2138 331 2304 392 XIII.

3513 333 3651 398 1770

353 446 545 496 τούτου
573 454 590 471 ο
635 439 739 495 Ἕν
759 439 840 505 τῷ
875 437 1184 494 ἀνατεῖλαι
1220 437 1608 507 ἁμαρτωλοὺς
1642 438 1789 492 ὡσεί
1815 439 1951 507 κόρα

2057 439 2134 496 Ac
2179 441 2249 496 de
2305 441 2581 498 similibus
2634 441 2879 513 loquitur
2951 439 3239 499 Psalmus:
3314 440 3446 497 Cum
3477 446 3651 499 exorti

352 549 479 598 tor,
505 531 604 585 aud
640 529 944 600 διέκυψαν
992 528 1219 595 πάντες
1252 531 1308 583 οὶ
1343 528 1742 600 ἐργαζόμενοι,
1777 528 1939 595 ὅπως

350 621 430 677 ἂν
465 619 981 690 ἐξολοθρευθῶσιν
1026 623 1118 687 είς
1167 620 1277 674 τὸν
1308 618 1499 674 αίῶνα
1542 618 1651 674 τοῦ
1700 618 1938 686 αἰῶνος.

363 709 708 782 Ἀμαρτωλοὶ
737 711 1120 774 ἀνατέλλοντες
1148 709 1283 764 ὡσεὶ
1303 709 1498 782 χόρτος
1527 709 1666 764 εἰσὶν
1689 710 1739 764 οί
1761 711 1942 780 ἐμπα-

349 800 466 865 θεῖς
501 800 778 872 λογισμοί.
837 799 1100 870 Ἀσθενὴς
1146 799 1257 870 γάρ
1311 801 1460 854 ἐστιν
1505 801 1534 853 6
1574 799 1788 872 χόρτος,
1848 797 1944 853 καὶ

353 893 430 963 μὴ
475 891 616 964 ἔχων
659 891 911 962 δύναμιν.
952 891 1083 946 Ὅτε
1125 887 1220 945 οὖν
1264 891 1622 946 ἀνατείλωσιν
1660 892 1709 944 οῖ
1757 891 1942 962 ἐμπα-

350 984 468 1048 θεῖς
489 984 746 1056 λογισμοὶ
777 987 836 1039 ἐν
879 984 952 1055 τῇ
979 985 1152 1056 ψυχῇ,
1191 985 1314 1039 τότε
1363 983 1748 1049 διακύπτουσι,
1792 982 1941 1038 τοῦτ’

347 1076 502 1129 ἐστιν
541 1075 934 1146 ἀναφαίνονται
975 1077 1176 1140 πάντες
1213 1077 1265 1130 οί
1297 1075 1662 1148 ἐργαζόμενοι
1686 1075 1788 1146 τὴν
1817 1075 1943 1129 ἀνο-

351 1167 518 1239 μίανο
552 1167 749 1233 οἵτινές
774 1169 882 1222 sint
912 1167 984 1221 τὰ
1007 1168 1178 1237 πάθη,
1207 1168 1356 1234 ὅπως
1393 1169 1460 1222 ἂν
1485 1166 1943 1240 ἐξολοθρευθῶσιν

346 1259 432 1322 είς
460 1257 554 1310 τὸν
583 1255 757 1309 αἰῶνα
779 1253 874 1310 τοῦ
905 1255 1124 1321 αἰῶνος.
1155 1256 1326 1312 ὀταν
1367 1255 1474 1328 γὰρ
1526 1255 1848 1324 ἀναφανῶσι
1873 1253 1944 1309 τὰ

347 1349 500 1419 πάθη
529 1350 641 1413 τοῖς
686 1347 1026 1419 λεγομένοις,
1056 1349 1181 1403 τότε
1209 1346 1666 1419 ,ἐξολοθρεύονται
1709 1347 1803 1402 ὑπ’
1845 1348 1944 1402 αὖε

346 1456 467 1496 του.

425 1471 506 1586 II’.
553 1530 805 1603 Νοήσατε
841 1471 946 1605 ζῆν
986 1531 1309 1586 ἀκολουθίαν
1351 1531 1448 1586 τοῦ
1494 1533 1678 1602 λόγου.
1717 1531 1944 1604 Πρῶτον

347 1622 734 1678 ἀνατέλλουσιν
779 1625 830 1678 oi
873 1624 1142 1696 ἐμπαθεῖς
1185 1623 1470 1695 λογισμοὶ,
1507 1622 1704 1678 ἔπειτα
1733 1623 1942 1678 ἀνακύ-

352 1725 549 1764 πτουσι
574 1711 645 1766 τὰ
697 1712 866 1784 πάθη,
911 1707 1011 1766 εἷθ’
1056 1712 1231 1776 οὕτως
1262 1711 1727 1786 ἐξολοθρεύονται.
1756 1712 1946 1769 Ταῦτα

350 1801 534 1856 πάντα
570 1770 991 1873 ἀγωνιζομένων
1023 1803 1184 1859 είσίν.
1208 1770 1414 1875 *Ἡμεῖς
1450 1770 1508 1860 δὲ
1536 1805 1821 1871 ποιοῦντες
1849 1806 1949 1876 τὴν
1981 1770 2024 1826 Β

351 1894 476 1951 κατ’
506 1893 791 1965 ἐνέργειαν
825 1896 1127 1968 ἁμαρτίαν,
1177 1899 1275 1954 καὶ
1320 1899 1411 1953 ἀεὶ
1439 1900 1862 1964 ἐπεκδικοῧντες
1881 1900 1950 1955 τὰ

352 1987 504 2058 παθη
534 2005 548 2018 ·
573 1987 699 2043 οὔτε
724 1990 949 2062 οἴδαμεν
1001 1991 1131 2045 πότε
1170 1991 1556 2049 ἀνατέλλουσιν
1593 1995 1644 2050 oi
1680 1995 1951 2067 ἐμπαθεῖς

353 2075 629 2145 λογ.σμοὶ,
664 2077 790 2130 οὐδὲ
821 2078 951 2132 πότε
973 2079 1350 2136 ἀνακύπτουσι
1371 2083 1444 2138 τὰ
1481 2083 1652 2156 πάθη,
1681 2085 1770 2140 ἵνα
1795 2087 1948 2156 ἀγω-

355 2168 637 2240 νισώμεθα
663 2171 801 2242 πρὸς
827 2172 1002 2226 αὐτὰ·
1034 2174 1175 2228 ἀλλὰ
1218 2175 1372 2231 κάτω
1407 2177 1574 2248 ἐσμὲν
1624 2178 1836 2250 ἀκμὴν,
1870 2179 1952 2244 είς

355 2255 658 2326 Αἴγυπτον,
684 2262 764 2325 είς
791 2261 892 2333 τὴν
923 2263 1166 2336 ἐλεεινὴν
1195 2265 1572 2322 πλινθοποιίαν
1593 2268 1690 2322 τοῦ
1725 2268 1951 2340 Φαραώ.

352 2347 469 2402 Καὶ
483 2349 566 2415 τίς
597 2349 760 2404 δώσει
791 2355 924 2424 ἡμῖν
958 2354 1061 2409 κᾶν
1095 2358 1176 2421 είς
1209 2354 1468 2429 αἴσθησιν
1514 2358 1692 2413 ἐλθεῖν
1729 2359 1829 2432 τῆς
1853 2377 1951 2413 πι-

354 2442 770 2512 κρᾶςδουλείας
814 2446 994 2517 ἡμῶν,
1043 2447 1129 2503 ἵνα
1171 2449 1623 2523 ταπεινωθῶμεν,
1652 2451 1750 2506 καὶ
1787 2469 1957 2506 σπου-

352 2534 612 2606 δάσωμεν
649 2535 978 2609 ἐλεηθῆναι;
1015 2540 1148 2596 Ὅτε
1186 2539 1328 2614 ἦσαν
1365 2545 1414 2598 oi
1461 2545 1568 2599 υἱοὶ
1608 2544 1830 2617 Ἰσραὴλ
1876 2547 1958 2611 είς

353 2628 658 2695 Αἴγυπτον,
682 2630 780 2685 καὶ
805 2630 1088 2689 ἐδούλευον
1109 2634 1190 2706 τῷ
1204 2635 1426 2707 Φαραὼ,
1446 2636 1666 2692 ἐποίουν
1681 2638 1782 2710 τὴν
1806 2637 1957 2694 πλιν-

354 2719 508 2776 θείαν
529 2736 543 2751 °
581 2723 631 2780 οί
669 2723 727 2780 δὲ
772 2723 1086 2796 πλινθάριοι
1123 2728 1483 2800 ἐργαζόμενοι
1526 2731 1764 2787 πάντοτε
1801 2733 1957 2788 κάτω

353 2813 466 2871 sic}.
497 2817 832 2888 κεκαυμένοι
851 2820 932 2882 εἰς
955 2819 1056 2890 τὴν
1086 2821 1192 2891 γῆν
1216 2821 1584 2893 προσέχοντες
1602 2839 1616 2852 °
1658 2823 1836 2890 οὕτως
1860 2827 1958 2880 καὶ

354 2906 392 2978 ἡ
433 2904 580 2982 ψυχὴ
619 2910 716 2965 ἐὰν
753 2912 1016 2984 κυριευθῇ
1067 2913 1172 2971 ὑπὸ
1217 2914 1312 2968 τοῦ
1359 2915 1638 2981 διαόόλου,
1677 2918 1773 2974 καὶ
1810 2918 1960 2972 ποιεῖ

355 2997 457 3069 τὴν
508 3001 630 3054 κατ’
677 3001 964 3074 ἐνέργειαν
1010 3005 1310 3078 ἁμαρτίαν,
1361 3009 1677 3063 καταπατεῖ
1713 3008 1775 3065 τὸ
1811 3008 1948 3080 φρό-

355 3108 510 3186 νημα
537 3092 730 3186 αθτῆς,
758 3096 855 3149 καὶ
884 3098 1032 3154 ποιεῖ
1055 3097 1228 3170 αὐτὴν
1259 3097 1428 3169 μηδὲν
1450 3102 1672 3170 φρονεῖν
1699 3116 1950 3171 πνευμα-
1976 3124 2021 3186 c

358 3184 529 3251 τικὺν,
555 3184 692 3241 ἀλλὰ
718 3187 950 3243 πάντοτε
973 3188 1042 3243 τὰ
1056 3191 1218 3262 γήϊνα
1247 3191 1343 3244 καὶ
1383 3195 1602 3262 φρονεῖν
1633 3194 1729 3250 καὶ
1753 3194 1948 3248 ποιεῖν.

360 3271 497 3334 Εἶτα
523 3277 886 3352 ᾠκοδόμησαν
914 3279 1068 3352 αὺτῷ
1104 3282 1170 3337 ἐκ
1211 3283 1321 3338 τῶν
1356 3281 1693 3353 πλινθαρίων
1729 3280 1806 3340 ὧν
1839 3286 1955 3358 είρ-

359 3371 624 3441 γάσαντο,
666 3373 816 3443 τρεῖς
872 3370 1058 3436 πόλεις
1094 3372 1322 3445 ὀχυρὰς,
1369 3373 1470 3446 τὴν
1516 3374 1670 3430 Πιθὼ
1707 3377 1802 3432 καὶ
1856 3377 1956 3450 τὴν

372 3463 630 3538 Ῥαμεσὶ,
663 3466 762 3519 καὶ
812 3465 912 3539 τὴν
943 3467 1044 3522 Ὠν
1068 3482 1082 3496 ’
1109 3467 1144 3538 ἢ
1190 3469 1364 3532 ἐστιν,
1404 3467 1737 3535 Ἦλιόπολις.
1783 3464 1958 3528 Δῦται

362 3555 422 3616 δέ
477 3557 608 3623 εἰσι,
669 3557 972 3628 φιληδονία,
1035 3556 1310 3629 φιλοδοξία
1367 3559 1466 3613 καὶ
1503 3559 1864 3634 φιλαργυρία,
1896 3560 1958 3628 ἐξ

362 3641 441 3708 ὧν
489 3649 805 3704 συνίσταται
850 3651 1006 3704 πᾶσα
1058 3650 1318 3723 ἁμαρτία.
1357 3651 1492 3704 "Ure
1530 3650 1594 3722 6s
1629 3652 1957 3711 ἀπέστειλεν

363 3740 394 3794 6
419 3739 552 3804 Θεὸς
583 3741 676 3796 τὸν
717 3742 962 3812 Μωῡσῆν
1001 3740 1298 3813 ἐξαγαγεῖν
1343 3745 1548 3805 αὐτοὺς
1591 3743 1652 3810 ἐξ
1675 3745 1958 3815 Αἰγύπτου

365 3832 462 3886 καὶ
491 3833 556 3886 ἐκ
591 3833 691 3902 τῆς
730 3831 977 3894 δουλείας
1017 3832 1113 3885 τοῦ
1155 3834 1382 3905 Φαραὼ,
1425 3834 1797 3904 κατασαρύνει
1835 3837 1958 3893 κατ’

363 3921 544 3974 αὐτῶν
570 3920 640 3973 τὰ
673 3919 834 3992 ἔργα,
864 3922 960 3976 καὶ
983 3922 1133 3991 λέγει
1160 3923 1345 3988 αὐτοῖς
1369 3940 1384 3954 ο
1411 3926 1762 3995 Σχολασταί
1792 3926 1956 3992 ἐστε,

366 4011 716 4082 σχολάζετε,
767 4014 866 4068 διὰ
915 4013 1096 4070 τοῦτο
1142 4013 1372 4082 λέγετε,
1419 4017 1804 4086 Ἀπελθόντες
1848 4021 1956 4073 λα-

365 4107 710 4177 τρεύσωμεν
762 4107 958 4177 Κυρίῳ
1005 4105 1086 4177 τῷ
1137 4107 1260 4174 Θεῷ
1297 4109 1489 4179 ἡμῶν.
1536 4109 1771 4182 Ὁμοίως
1809 4110 1906 4165 καὶ
1929 4112 1959 4165 6

368 4198 614 4263 διάϐολος
635 4201 763 4259 ὅταν
800 4201 902 4275 ἥδη
922 4201 1216 4258 ἐπένευσεν
1243 4203 1272 4257 6
1304 4201 1435 4270 Θεὸς
1473 4200 1570 4258 τοῦ
1611 4202 1832 4274 ἐλεῆσαι
1849 4204 1958 4275 ψυ-

371 4291 472 4364 χὴν
503 4292 595 4346 καὶ
619 4292 878 4362 κουφίσαι
901 4291 1072 4363 αὐτὴν
1094 4291 1204 4349 ἀπὸ
1235 4291 1345 4350 τῶν
1375 4291 1568 4350 παθῶν
1591 4293 1682 4351 διὰ.
1726 4293 1822 4347 τοῦ
1851 4296 1957 4348 Λό-

372 4402 471 4459 γου
504 4383 705 4454 αὐτοῦ,
735 4385 768 4456 ἢ
799 4384 889 4442 διά
914 4403 1057 4450 τινος
1084 4386 1195 4440 τῶν
1229 4385 1434 4441 δούλων
1476 4386 1668 4450 αὐτοῦ,
1705 4388 1829 4441 τότε
1865 4389 1960 4441 καὶ

2051 533 2250 604 fuerint
2277 545 2577 606 peccatores
2601 536 2738 590 sicut
2764 535 2964 606 fenum,
3002 546 3052 591 et
3089 535 3440 604 apparuerint
3473 545 3652 591 omnes

2047 625 2139 694 qui
2179 634 2466 694 operantur
2501 626 2857 696 iniquitatem,
2902 633 2962 680 ut
3015 625 3357 680 intereantin
3395 625 3654 680 amulum

2005 755 2008 759 .
2048 714 2234 769 surculi
2259 726 2310 769 ιι.
2363 715 2688 774 Peecatores
2719 717 2814 788 qui
2851 726 2914 772 ut
2970 715 3162 772 fenum
3192 716 3471 783 oriuntur,
3521 725 3656 772 sunt

2050 805 2283 876 impura:
2326 807 2708 877 cogitationes.
2788 807 2890 864 Est
2955 808 3104 864 enim
3185 807 3366 863 debile
3413 806 3550 878 quid
3596 813 3654 862 et

2049 895 2331 953 inﬁrmum
2376 897 2564 955 fenum
2605 901 2814 956 nullam
2879 900 3089 956 habens
3131 899 3457 972 potentiam.
3510 898 3652 955 Cum

2053 987 2222 1059 igitur
2241 989 2498 1045 oriuntur
2521 989 2578 1044 in
2600 991 2784 1046 anima
2825 991 3036 1047 vitiosae
3087 990 3473 1062 cogitationes.
3519 997 3653 1044 tunc

2051 1090 2318 1153 apparent
2371 1096 2567 1138 omnes
2609 1082 2707 1154 qui
2767 1091 3067 1154 operantur
3105 1080 3488 1153 iniquitatem,
3527 1093 3654 1151 qua:

2049 1182 2180 1227 sunt
2227 1171 2346 1242 ipsa
2400 1171 2556 1236 vitia,
2586 1181 2650 1228 ut
2686 1172 2953 1229 intereant
3011 1173 3069 1229 in
3115 1171 3378 1229 sasculum
3438 1170 3650 1228 saeculi.

2049 1261 2188 1317 Cum
2219 1263 2366 1318 enim
2405 1263 2764 1334 apparuerint
2815 1264 2948 1320 vitia
2980 1273 3106 1320 ante
3155 1272 3563 1323 concertatores
3595 1268 3654 1320 et

2052 1356 2316 1424 athletas,
2347 1357 2534 1412 statim
2567 1356 2637 1412 ab
2656 1357 2738 1413 eis
2773 1357 3136 1428 perimuntur.

2124 1531 2261 1591 Vill.
2301 1532 2763 1606 Contemplamini
2840 1534 3289 1605 consequentiam
3361 1530 3658 1591 orationis.

2050 1625 2318 1682 Oriuntur
2349 1627 2531 1699 primo
2573 1627 2937 1700 cogitationes
2977 1627 3155 1694 malae,
3211 1635 3337 1699 post
3387 1633 3656 1698 apparent

2051 1716 2218 1783 vitia,
2254 1716 2380 1772 inde
2411 1716 2598 1772 omnia
2630 1717 2925 1774 intereunt.
2969 1716 3096 1774 Haec
3115 1716 3300 1775 omnia
3325 1717 3394 1772 ad
3423 1714 3655 1771 athletas

2053 1808 2346 1878 pertinent.
2401 1806 2514 1864 Nos
2546 1824 2679 1864 vero
2699 1819 2985 1880 peceatum
3025 1810 3093 1865 ad
3133 1819 3318 1865 actum
3351 1807 3654 1880 perducen-

2052 1905 2166 1964 tes,
2217 1905 2276 1953 et
2333 1913 2548 1969 semper
2611 1899 2742 1954 vitia
2793 1897 2910 1968 ipsa
2949 1907 3420 1963 consummantes,
3474 1910 3654 1967 neque

2053 2005 2219 2048 nosse
2245 1991 2474 2062 quimus
2497 1990 2722 2062 quando
2760 1991 3012 2047 oriantur
3051 1991 3211 2046 malae
3264 1989 3651 2062 cogitationes,

2053 2099 2236 2156 neque
2263 2084 2484 2156 quando
2511 2093 2814 2154 appareant
2846 2084 2999 2150 vitia,
3020 2093 3081 2140 ut
3113 2099 3422 2156 pugnemus
3452 2084 3655 2141 adrer-

2053 2192 2150 2234 sus
2181 2189 2268 2243 ea,
2298 2176 2392 2232 sed
2420 2175 2600 2231 adhuc
2625 2175 2680 2230 in
2714 2173 2952 2248 Egypto
2995 2173 3256 2233 inferiore
3293 2175 3655 2233 subsistimus

2056 2268 2352 2324 lateritiam
2390 2267 2496 2323 sub
2518 2266 2808 2324 Pharaone
2833 2276 3176 2326 exercentes.
3246 2269 3317 2325 Et
3354 2269 3482 2339 quis
3503 2268 3658 2325 dabit

2055 2360 2217 2416 nobis
2274 2368 2336 2416 ut
2371 2359 2757 2431 perveniamus
2808 2358 2879 2415 ad
2910 2372 3133 2417 sensum
3173 2368 3229 2416 et
3265 2360 3656 2433 cogitationem

2058 2450 2272 2507 misera:
2303 2448 2583 2508 servitutis
2614 2457 2840 2515 nostra,
2872 2459 2933 2504 ut
2963 2448 3321 2505 humiliemur
3359 2459 3415 2505 et
3438 2449 3656 2507 miseri-

2057 2543 2304 2600 cordiam
2372 2541 2638 2612 consequi
2697 2541 3058 2598 studeamus?
3126 2539 3265 2596 Cum
3316 2549 3502 2599 essent
3553 2541 3657 2598 ﬁlii

2059 2635 2222 2692 lsrael
2253 2635 2311 2690 in
2340 2631 2580 2706 Egypto
2620 2633 2728 2690 sub
2756 2633 3064 2690 Pharaonis
3087 2633 3354 2692 servitute
3376 2643 3432 2690 et
3461 2633 3656 2692 lateri-

2061 2726 2193 2782 tiam
2216 2724 2560 2791 exercerent,
2603 2737 2819 2793 semper
2850 2723 2907 2780 in
2935 2722 3216 2780 laboribus
3241 2731 3418 2792 erant,
3457 2732 3513 2779 et
3535 2724 3655 2780 solo

2060 2817 2202 2874 ﬁxos
2235 2817 2427 2874 oculos
2465 2831 2683 2888 semper
2750 2815 3046 2874 tenebant:
3101 2817 3183 2874 sic
3223 2826 3278 2873 et
3322 2817 3504 2873 anima
3524 2832 3653 2875 cum

2061 2908 2292 2980 imperio
2318 2907 2518 2964 diaboli
2541 2905 2788 2976 subjecta
2809 2905 2995 2971 fuerit,
3028 2915 3085 2963 et
3113 2921 3178 2962 ex
3203 2907 3413 2978 peccati
3437 2907 3656 2965 actione

2060 2998 2276 3056 inﬁrma
2329 2999 2654 3070 sapientiam
2699 3010 2861 3058 suam
2905 2998 3327 3066 eoneulcaverit,
3369 2999 3588 3073 cogitur
3620 3015 3656 3057 a

2059 3089 2277 3146 diabolo
2304 3089 2425 3160 ipso
2445 3096 2666 3146 terrena
2687 3104 2904 3161 semper
2951 3098 3008 3147 et
3025 3104 3221 3161 sapere
3268 3099 3324 3148 et
3365 3091 3568 3160 facere,
3597 3099 3657 3149 et

2057 3182 2366 3253 spiritualia
2416 3196 2650 3253 quaeque
2703 3182 2998 3253 negligere.
3043 3181 3410 3241 Edilicarunt
3454 3183 3656 3242 deinde

2055 3274 2160 3330 sibi
2213 3274 2311 3331 ﬁlii
2366 3272 2537 3331 Israel
2586 3289 2658 3333 ex
2713 3273 2976 3331 lateribus
3010 3289 3151 3346 quos
3184 3275 3444 3343 fecerant,
3471 3277 3657 3345 {urbes

2058 3374 2174 3422 tres
2201 3365 2627 3432 munitissimas,
2655 3367 2889 3432 scilicet,
2934 3366 3117 3436 Pitho,
3148 3367 3410 3425 Ramesin
3457 3378 3514 3426 et
3544 3368 3655 3438 On,

2058 3475 2184 3531 quae
2219 3468 2305 3516 est
2341 3459 2475 3516 urbs
2519 3459 2676 3516 solis.
2739 3457 2833 3515 lite
2865 3467 3048 3515 autem
3075 3467 3206 3516 sunt
3235 3459 3476 3528 luxuria,
3524 3477 3657 3518 ava-

2038 3544 2184 3608 'ritia
2215 3560 2272 3611 et
2323 3550 2505 3607 inanis
2551 3551 2745 3622 gloria,
2785 3565 2854 3607 ex
2886 3551 3088 3623 quibus
3153 3564 3441 3622 peccatum
3492 3569 3656 3610 omne

2059 3643 2366 3700 conﬁcitur.
2423 3641 2528 3698 Ubi
2569 3658 2702 3699 vero
2759 3643 2910 3699 misit
2971 3641 3242 3701 Dominus
3287 3643 3510 3716 Moysen
3557 3646 3656 3716 qui

2058 3735 2316 3793 educeret
2375 3750 2472 3792 eos
2530 3750 2598 3792 ex
2651 3735 2890 3807 Aigypto
2937 3743 2995 3792 et
3043 3735 3306 3793 servitute
3325 3737 3652 3808 Pharaonis,

2058 3827 2336 3898 aggravati
2389 3835 2520 3882 sunt
2547 3828 2724 3898 magis
2751 3827 3014 3898 operibus
3040 3842 3074 3882 a
3107 3842 3254 3897 rege,
3309 3829 3404 3898 qui
3427 3829 3504 3884 ait
3531 3830 3649 3886 eis:

2061 3915 2232 3972 Otiosi
2278 3917 2406 3972 estis
2456 3925 2507 3972 et
2561 3917 2788 3982 desidet,
2831 3925 2988 3986 atque
3027 3916 3146 3974 ideo
3182 3917 3398 3974 dicitis:
3426 3917 3651 3988 Earum,

2057 4007 2418 4077 sacriﬁcemus
2475 4007 2702 4062 Domino
2770 4007 2876 4062 Deo
2931 4015 3116 4064 nostra
3158 4005 3204 4061 ί.
3261 4005 3355 4064 Sic
3395 4007 3652 4066 diabolus

2057 4114 2184 4155 cum
2232 4099 2428 4154 viderit
2483 4097 2653 4155 Deum
2681 4097 2991 4155 decrevisse
3029 4097 3232 4155 infelici
3261 4100 3457 4157 animae
3483 4100 3653 4158 mise-

2060 4191 2192 4259 reri,
2245 4201 2302 4248 et
2357 4206 2549 4248 curam
2606 4191 2756 4247 illius
2788 4190 2988 4249 habere
3019 4199 3081 4248 ut
3137 4191 3572 4262 eripiatavitiis
3594 4202 3653 4248 et

2059 4283 2325 4356 peccatis,
2357 4283 2442 4339 vel
2466 4299 2564 4354 per
2616 4282 2853 4340 Verbum
2886 4297 3072 4350 suum,
3123 4283 3211 4340 vel
3259 4299 3356 4354 per
3408 4285 3648 4357 aliquem

2063 4390 2346 4432 servorum
2377 4389 2606 4431 suorum
2631 4392 2649 4444 ;
2697 4382 2830 4430 tunc
2859 4381 2914 4429 et
2944 4373 3061 4445 ipse
3089 4386 3350 4446 aggravat
3387 4377 3560 4450 magis
3591 4377 3650 4433 in

371 4475 535 4540 αὐτὸς
558 4475 718 4529 πλέον
744 4474 906 4549 βαρεῖ
925 4477 1045 4531 κατ’
1077 4476 1249 4547 αὐτῆς
1294 4476 1365 4531 τὰ
1403 4477 1576 4550 πάθη,
1608 4478 1705 4532 καὶ
1729 4479 1955 4552 σφοδρο-

2062 4481 2127 4522 ea
2149 4467 2302 4536 vitia,
2337 4475 2393 4523 et
2415 4465 2794 4522 vehementius
2813 4465 2961 4520 illam
2993 4467 3296 4538 impugnat.

373 4567 548 4639 τέρως
581 4568 811 4639 πολεμεῖ
834 4568 1029 4638 αὐτήν.

443 4661 521 4714 Θν.
551 4661 611 4715 0i
653 4660 708 4713 δὲ
741 4659 980 4733 Πατέρες
997 4659 1154 4714 τοῦτο
1197 4659 1420 4727 εἰδότες,
1465 4660 1827 4734 ἐνδυναμοῦσι
1868 4662 1963 4716 τὸν

372 4751 659 4824 ἄνθρωπον
708 4752 798 4807 διὰ
856 4753 960 4823 τῆς
1027 4752 1378 4816 διδασκαλίας
1441 4754 1644 4820 αὐτῶν,
1701 4755 1799 4810 καὶ
1860 4756 1962 4809 οὐκ

372 4844 626 4913 ἁφιοῦσιν
669 4843 834 4898 αὑτὸν
863 4843 1206 4916 φοϐηθῆναι·
1248 4846 1276 4898 6
1314 4843 1414 4917 μὲν
1436 4845 1647 4916 λέγων·
1680 4847 1959 4914 Ἐπεσας;

371 4938 581 4992 ἀνάστα
605 4954 620 4970 ο
667 4936 760 4990 καὶ
782 4937 833 4989 εί
885 4936 1050 4990 πάλιν
1089 4935 1314 5000 ἐπεσας,
1344 4936 1555 4992 ἀνάστα
1579 4953 1592 4968 ·
1644 4938 1740 4992 καὶ
1770 4939 1954 5006 πάλιν,

373 5031 468 5084 καὶ
509 5032 559 5083 εἰ
600 5029 748 5100 ἑξῆς.
793 5027 985 5091 Ἀλλος
1015 5027 1073 5081 δὲ
1121 5028 1284 5083 πάλιν
1316 5028 1508 5100 λέγει·
1557 5030 1622 5087 Ἦ
1656 5033 1812 5104 ίσχὺς
1849 5032 1960 5086 τῶν

374 5121 638 5176 θελόντων
699 5121 1004 5193 κτήσασθαι
1056 5120 1158 5184 τὰς
1188 5122 1413 5190 ἀρετὰς,
1466 5123 1627 5180 τοῦτό
1670 5126 1839 5190 ἐστιν,
1870 5125 1960 5183 ἵνα

373 5214 470 5267 ἐὰν
538 5212 772 5276 πέσωσι,
840 5211 916 5282 μὴ
979 5211 1467 5282 μικροψυχήσωσιν
1505 5230 1519 5243 ·

373 5305 725 5377 φροντίσωσι,
768 5303 866 5359 καὶ
904 5302 1133 5366 ἕκαστος
1167 5304 1349 5359 αὐτῶν
1413 5304 1597 5369 ἁπλῶς
1654 5307 1948 5381 διαφόρως.

383 5401 443 5455 Ὀ
499 5398 597 5468 μὲν
646 5397 848 5451 τοῖόσδε
893 5396 1126 5468 παρέχει
1175 5398 1336 5468 χεῖρα
1385 5399 1498 5460 τοῖς
1539 5399 1965 5470 ἀγωνιζομένοις

375 5489 469 5543 καὶ
492 5487 830 5558 θλιϐομένοις
853 5487 960 5539 ὑπὸ
1000 5486 1096 5539 τοῦ
1137 5485 1358 5556 ἐχθροῦ.
1404 5487 1515 5541 Καὶ
1555 5488 1710 5542 αὐτοὶ
1739 5491 1848 5562 γὰρ
1873 5490 1968 5546 οὖ-

373 5597 482 5644 τως
518 5577 826 5650 παρέλαϐον
879 5577 988 5631 ἀπὸ
1034 5577 1134 5648 τῆς
1185 5575 1336 5641 θείας
1391 5577 1617 5649 Γραφῆς
1663 5579 1953 5654 λεγούσης.

447 5766 476 5794 ιι
517 5754 662 5812 Psal.
689 5771 804 5820 cn,
841 5755 896 5812 8.
978 5756 997 5792 ί
1035 5752 1210 5811 Exod.
1235 5771 1286 5812 v.
1321 5756 1409 5810 17.

694 5876 963 5939 Persen.
995 5875 1110 5937 Gn.
1144 5873 1525 5940 LXXXVIII.

1592 5213 1730 5268 ἀλλὰ
1794 5215 1959 5270 πάλιν
2007 5253 2010 5256 ~

2130 4668 2297 4744 438
2348 4666 2438 4725 IX.
2485 4668 2643 4737 Quod
2683 4685 2804 4728 cum
2853 4685 2885 4725 a
2922 4669 3180 4731 Patribus
3216 4670 3423 4730 nostris
3461 4672 3652 4743 cogni-

2063 4771 2177 4818 tum
2235 4773 2416 4830 esset,
2487 4763 2852 4819 corroborare
2901 4762 3181 4818 hominem
3237 4763 3487 4820 doctrina
3547 4781 3649 4820 sua

2057 4854 2428 4920 studuerunt,
2485 4862 2542 4910 et
2601 4869 2672 4910 ne
2738 4855 2956 4910 timeret
3039 4855 3318 4910 adhortati
3395 4864 3542 4912 sunt.
3579 4857 3651 4913 Et

2062 4945 2205 5002 alius
2257 4945 2478 5017 quidem
2533 4945 2611 5000 ait
2641 4964 2656 5002 :
2691 4946 3001 5002 Cecidisti?
3038 4961 3222 5018 surge.
3253 4945 3322 5002 Et
3365 4949 3414 5004 si
3465 4947 3650 5004 denuo

2063 5037 2351 5103 cecideris,
2393 5037 2571 5092 denuo
2611 5052 2794 5108 surge.
2858 5038 3014 5094 Alius
3063 5048 3246 5094 autem
3303 5037 3430 5094 item
3475 5039 3644 5095 dicit:

2064 5129 2255 5185 Robur
2291 5145 2480 5185 eorum
2515 5129 2609 5200 qui
2655 5131 2724 5184 ad
2776 5133 3049 5201 parandas
3115 5130 3344 5186 virtutes
3403 5129 3643 5195 student,

2062 5228 2150 5275 est
2197 5226 2278 5284 ut,
2318 5235 2446 5276 cum
2498 5221 2813 5289 ceciderint,
2841 5236 2952 5276 non
3006 5220 3262 5276 deﬁciant
3304 5222 3511 5286 animo,
3550 5221 3645 5276 sed
3759 5224 3772 5232 '

2060 5328 2279 5368 rursum
2296 5313 2585 5382 reSpirent,
2603 5322 2658 5368 et
2679 5321 3026 5383 resurgentes
3062 5327 3249 5368 curam
3280 5311 3366 5368 sui
3392 5311 3646 5382 habeant,

2062 5415 2118 5461 et
2168 5419 2361 5460 eorum
2402 5405 2655 5475 quilibet,
2689 5415 2751 5461 ut
2801 5405 3021 5459 animus
3059 5405 3186 5459 tulit
3245 5403 3566 5476 simpliciter
3594 5415 3648 5460 et

2063 5499 2398 5556 diaerenter.
2473 5497 2714 5570 Porrigit
2776 5498 2918 5553 alius
2980 5512 3180 5554 manus
3205 5497 3544 5555 concertanti
3593 5507 3648 5551 et

2063 5583 2330 5656 pugnanti
2359 5584 2586 5641 viriliter
2610 5599 2734 5642 cum
2766 5585 2940 5641 hoste.
2977 5581 3134 5650 Quod
3157 5598 3288 5643 sane
3312 5593 3369 5640 ut
3383 5583 3646 5651 facerent,

3347 5878 3425 5944 bG
