4062 6420
357 335 494 401 1773

1707 327 2093 391 DOCTRINA
2155 327 2308 390 XIV.

3506 323 3640 393 1774

353 443 442 508 οὓς
468 441 666 513 ἔχομεν
707 440 891 504 οῖκους
921 437 1292 509 διδασκόμεθα
1335 438 1393 490 ἐν
1440 436 1624 508 καιρῷ
1679 435 1950 505 καταλιμ-

2054 430 2334 502 docemur,
2355 442 2412 490 ut
2431 433 2639 490 scilicet
2658 449 2798 506 quas
2821 433 3088 494 habemus
3107 435 3322 504 domos,
3339 438 3404 495 ad
3424 447 3637 510 tempus

351 536 543 589 πάνειν
568 531 657 586 διὰ
686 531 776 586 τὸν
816 530 981 601 φόϐον
1011 530 1105 586 τοῦ
1135 529 1270 584 Θεοῦ
1296 547 1308 560 ·
1341 529 1483 584 ὥστε
1521 530 1581 582 οὐ
1621 529 1769 598 λέγει
1817 527 1948 597 περὶ

349 625 611 697 αἰσθητοῦ
634 625 807 690 οἴκου,
843 623 982 677 ἀλλὰ
1023 623 1154 695 περὶ
1199 621 1294 678 τοῦ
1328 623 1482 676 οἰκου
1519 621 1617 692 τῆς
1650 621 1850 692 ψυχῆς,
1885 620 1945 673 ὃν

349 718 629 788 οἰκοδομεῖ
651 733 736 781 τις
765 716 964 786 ἐαυτῷ,
999 716 1089 770 διὰ
1118 715 1218 786 τῆς
1268 713 1519 784 φυλακῆς
1563 711 1674 766 τῶν
1718 711 1947 765 ἐντολῶν

343 811 443 864 τοῦ
475 808 634 864 Θεοῦ.
690 808 942 862 Διδάσκει
986 807 1133 878 ἡμᾶς
1181 805 1270 860 διὰ
1301 805 1518 876 τοῦτοή
1561 801 1772 874 Γραφὴ,
1809 803 1892 856 ὅτι
1920 802 1947 854 6

347 902 518 972 φόϐος
556 899 650 955 τοῦ
701 899 837 956 Θεοῦ
904 897 1318 969 παρασκευάζει
1363 897 1464 966 τὴν
1501 893 1678 966 ψυχὴν
1735 893 1951 963 φυλάτ-

347 1011 463 1048 τειν
501 991 600 1057 τὰς
631 991 874 1054 ἐντολὰς.
907 990 1002 1044 καὶ
1039 988 1127 1043 διὰ
1156 988 1266 1042 τῶν
1304 985 1533 1042 ἐντολῶν
1581 985 1949 1054 οἰκοδομεῖται

346 1090 379 1142 6
405 1088 505 1156 τῆς
548 1085 728 1157 ψυχῆς
779 1079 948 1147 οἰκος.
997 1082 1335 1153 Πρόσχωμεν
1357 1080 1452 1134 καὶ
1484 1081 1666 1150 ἡμεῖς,
1705 1077 1948 1146 ἀδελφοὶ,

346 1181 588 1244 ἑαυτοῖς,
613 1175 946 1248 φοϐηθῶμεν
974 1174 1066 1228 τὸν
1103 1173 1237 1228 Θεὸν
1288 1172 1382 1227 καὶ
1423 1174 1588 1242 ἡμεῖς
1611 1185 1624 1200 ·
1663 1170 1952 1241 οἰκοδομή-

349 1287 540 1341 σωμεν
569 1270 778 1330 ἑαυτοῖς
803 1266 1004 1331 οἰκίας,
1031 1266 1117 1320 ἵνα
1139 1262 1391 1336 εὕρωμεν
1414 1263 1627 1326 ἑαυτοῖς
1649 1259 1860 1331 σκέπην
1893 1261 1952 1312 ὲν

347 1360 533 1433 καιρῷ
548 1359 838 1432 χειμῶνος,
864 1360 921 1411 ὲν
945 1356 1122 1429 καιρῷ
1143 1355 1366 1428 ὄμϐρων
1392 1354 1486 1408 καὶ
1515 1352 1832 1425 ἀστραπῶν,
1858 1351 1952 1406 καὶ

351 1453 697 1527 βροντῶν,ὅτι
714 1452 928 1522 ἀνάγκη
960 1451 1078 1504 ἐστὶ
1114 1448 1326 1520 μεγάλη
1355 1447 1450 1502 τοῦ
1476 1446 1747 1519 χειμῶνος
1766 1445 1844 1517 τῷ
1877 1445 1952 1517 μὴ

349 1543 531 1612 ἔχοντι
558 1535 725 1594 οἷκον.
762 1539 886 1603 Πῶς
908 1537 966 1592 δὲ
996 1537 1367 1608 οἰκοδομεῖται
1394 1538 1422 1589 6
1447 1531 1596 1599 οἶκος
1625 1534 1726 1606 τῆς
1751 1534 1949 1606 ψυχῆς,

348 1635 462 1689 ἀπὸ
501 1632 596 1687 τοῦ
627 1630 893 1704 αἰσθητοῦ
926 1629 1078 1684 οῐκου
1114 1629 1392 1700 δυνάμεθα
1427 1627 1621 1699 μαθεῖν
1652 1625 1752 1698 τὴν
1792 1624 1952 1694 ἀκρί-

349 1727 508 1783 ϐειαν
529 1724 624 1781 τοῦ
653 1724 998 1795 πράγματος.
1054 1721 1261 1793 Χρῄζει
1304 1720 1417 1792 γὰρ
1460 1721 1488 1774 6
1539 1718 1712 1773 θέλων
1743 1716 1951 1771 οἰκοδο-

353 1816 534 1888 μῆσαι.
569 1813 662 1866 τὸν
708 1809 857 1865 οἷκον
896 1809 1106 1876 τοῦτον,
1161 1809 1501 1880 πανταχόθεν
1545 1805 1950 1877 ἀσφαλίσασθαι
1984 1782 2026 1842 Β

349 1907 537 1972 αὑτὸν,
579 1905 674 1958 καὶ
720 1906 786 1957 ὲκ
825 1902 1234 1976 τετραπλεύρου
1275 1901 1570 1970 ἀνενέγκαι
1614 1899 1713 1973 τὴν
1746 1898 1953 1953 οἰκοδο-

354 1998 486 2070 μὴν,
537 1995 746 2068 καὶμὴ
803 1995 924 2058 ἐνὸς
973 1993 1078 2064 μὲν
1127 1993 1331 2065 μέρους
1380 1991 1712 2064 φροντίζειν,
1747 1990 1857 2045 τῶν
1894 1990 1952 2045 δὲ

351 2090 529 2144 ἄλλων
573 2090 959 2158 καταφρονεῖν,
1011 2075 1135 2140 ἐπεὶ
1179 2086 1332 2140 οὐδὲν
1389 2085 1612 2156 ὠφελεῖ,
1675 2084 1812 2139 ἀλλὰ
1857 2084 1952 2140 καὶ

351 2180 446 2234 τὸν
479 2179 682 2233 σκοπὸν
713 2177 806 2231 καὶ
834 2177 904 2231 τὰ
939 2176 1330 2248 δαπανήματα,
1373 2176 1471 2229 καὶ
1507 2175 1598 2229 τὸν
1639 2175 1830 2240 κόπον,
1855 2173 1953 2227 ὅλα

351 2273 435 2332 εἰς
457 2271 634 2342 μάτην
656 2272 818 2325 ποιεῖ.
839 2267 1027 2333 Οὕτως
1049 2268 1170 2322 ἐστὶ
1188 2269 1282 2322 καὶ
1306 2267 1399 2321 ὲπί⁸
1430 2267 1534 2338 τῆς
1567 2265 1769 2338 ψυχῆς.
1803 2266 1954 2338 Χρῄ-

349 2361 436 2427 ζει
463 2360 572 2431 γὰρ
601 2362 629 2413 6
656 2357 948 2431 ἄνθρωπος
987 2359 1215 2430 μηδενὸς
1261 2358 1461 2429 μέρους
1505 2359 1601 2429 τῆς
1641 2357 1954 2429 οἰκοδομίας

351 2452 522 2508 αὑτοῦ
571 2451 830 2524 ἀμελεῖνο
868 2451 982 2505 ἀλλ’
1026 2449 1148 2522 ἴσην
1200 2451 1296 2506 καὶ
1339 2451 1613 2524 ἁρμοδίως
1659 2449 1954 2522 ἀναφέρειν

349 2547 548 2616 αὐτήν.
599 2543 773 2599 Τοῦτο
825 2544 883 2598 δέ
925 2546 1074 2599 ἐστιν
1115 2543 1144 2599 ὃ
1185 2545 1339 2614 λέγει
1377 2547 1406 2598 ὁ
1442 2545 1617 2610 esse;
1660 2547 1911 2617 Ἰωάννης
1936 2563 1949 2576 ’

353 2657 380 2692 ε
427 2637 570 2708 Ἐγὼ
614 2636 755 2691 θέλω
795 2635 886 2690 τὸν
937 2635 1224 2708 ἄνθρωπον
1264 2636 1563 2709 λαμόἀνειν
1615 2637 1810 2709 μικρὸν
1848 2637 1954 2691 ἀπὸ

347 2731 593 2801 ἑκάστης
611 2731 833 2802 ἀρετῆς,
851 2729 945 2782 καί
969 2728 1046 2800 μὴ
1057 2728 1239 2793 καθώς
1267 2746 1414 2794 τινες
1439 2727 1955 2800 ποιοῦσι,κρατοῦν-

353 2840 450 2886 τες
482 2823 611 2893 μίαν
654 2819 881 2892 ἀρετὴν,
910 2819 1004 2872 καὶ
1043 2818 1297 2889 μένοντες
1331 2819 1414 2882 εἰς
1446 2818 1616 2890 αὐτὴν
1657 2818 1752 2872 καί
1787 2817 1956 2872 αὐτὸν

353 2914 721 2986 ἐργαζόμενοι
743 2910 924 2982 μόνον,
943 2909 1050 2964 τῶν
1072 2909 1130 2962 δὲ
1149 2908 1352 2963 λοιπῶν
1376 2908 1728 2980 ἀμελοῦντες.
1750 2928 1770 2961 ι
1797 2909 1958 2974 Ἴσως

349 3006 416 3067 δὲ
447 3007 543 3059 καὶ
597 3002 924 3077 προτέρημά
953 3008 1008 3054 τί
1064 3002 1280 3072 ἔχουσιν
1309 3004 1390 3065 εἰς
1421 3001 1594 3072 αὐτὴν
1609 3001 1707 3072 τὴν
1729 2999 1953 3072 ἀρετὴν,

355 3100 454 3153 καὶ
484 3099 550 3152 ὲκ
577 3096 790 3165 τούτου,
821 3093 946 3148 οὔτε
979 3093 1271 3165 βαροῦνται
1293 3093 1397 3148 ὑπὸ
1418 3093 1512 3148 τοῦ
1539 3094 1952 3165 ἐναντιουμένου

356 3189 565 3254 πάθους
615 3187 826 3259 αὑτῆςο
855 3185 1043 3240 λοιπὸν
1106 3183 1433 3239 κλέπτονται
1473 3182 1580 3237 ὑπὸ
1623 3183 1733 3236 τῶν
1775 3181 1951 3239 ἄλλων

357 3282 570 3348 παθῶν,
602 3281 696 3334 καὶ
748 3277 1044 3350 βαροῦνται
1073 3278 1165 3330 ὑπ’
1193 3275 1396 3340 αὐτῶν,
1432 3273 1531 3329 καὶ
1569 3275 1632 3328 οὐ
1665 3273 1817 3346 μέλει
1849 3275 1950 3329 αὑ-

356 3378 494 3439 τοῖς,
524 3371 660 3425 ἀλλὰ
686 3369 1000 3442 νομίζουσιν
1045 3368 1192 3440 ἔχειν
1233 3384 1287 3421 τι
1341 3366 1508 3438 μέγα.
1557 3359 1719 3421 υῦτοι
1751 3365 1808 3422 δὲ
1839 3366 1950 3419 ἐοί-

359 3480 492 3519 κασι
526 3462 605 3534 τῷ
635 3460 1010 3534 οἰκοδομοῦντι
1053 3460 1152 3516 ἕνα
1197 3461 1398 3531 τοῖχον⁹
1457 3458 1551 3514 καὶ
1589 3456 1813 3526 ὑψοῦντι
1855 3458 1954 3512 αὑ-

358 3557 451 3610 τὸν
501 3554 614 3610 ἄνω
647 3555 770 3609 ὅσον
825 3553 1070 3619 δύναται,
1106 3552 1202 3610 καὶ
1250 3551 1572 3624 προσέχοντι
1603 3550 1684 3613 εἰς
1735 3550 1797 3603 τὸ
1823 3547 1955 3618 ὕψος

360 3650 454 3704 τοῦ
475 3650 655 3721 τοίχου
677 3648 909 3713 ἐκείνου¹
930 3648 1027 3703 καὶ
1041 3647 1317 3719 νομίζοντι
1335 3639 1448 3700 οἷόν
1470 3662 1523 3699 τι
1547 3643 1689 3716 μέγα
1708 3644 1954 3716 ἐποίησε,

361 3744 457 3796 καὶ
487 3731 587 3796 οὐκ
611 3737 748 3796 εἶδεν
769 3742 852 3796 ὅτι
875 3734 956 3805 εἷς
989 3740 1212 3810 ἄνεμος,
1249 3737 1345 3792 ἐὰν
1373 3737 1525 3809 ἔλθῃ,
1574 3736 1762 3808 βάλλει
1792 3737 1955 3792 αὑτὸν

361 3834 548 3888 κάτω·
585 3830 745 3899 μόνος
793 3828 904 3898 γὰρ
954 3829 1194 3894 ἵσταται,
1230 3828 1313 3900 μὴ
1362 3827 1502 3899 ἔχων
1539 3827 1632 3882 τὸν
1658 3827 1956 3899 σύνδεσμον

360 3923 467 3976 τῶν
493 3917 666 3973 ἄλλων
688 3916 906 3987 τοίχων.
933 3917 1040 3969 Καὶ
1060 3915 1182 3968 οὔτε
1204 3915 1415 3986 σκέπην
1442 3914 1668 3969 δύναταί
1689 3931 1778 3980 τις
1799 3920 1956 3987 ποιῆ-

364 4029 453 4068 σαι
477 4007 657 4078 ἑαυτῷ
688 4007 796 4062 ἀπὸ
817 4005 936 4070 ἐνὸς
962 4005 1144 4076 τοίχου
1170 4020 1184 4035 ο
1203 4004 1558 4075 γεγύμνωται
1585 4004 1697 4076 γὰρ
1727 4005 1791 4070 ἐξ
1817 4005 1954 4060 ὅλων

363 4103 470 4156 τῶν
502 4100 678 4156 ἄλλων
701 4098 886 4170 μερῶν
908 4115 919 4128 ’
943 4097 1004 4151 οὐ
1029 4096 1136 4170 χρὴ
1156 4096 1213 4150 δὲ
1233 4094 1406 4160 οὕτως
1427 4099 1600 4150 ποιεῖν
1621 4112 1635 4126 ο
1655 4095 1791 4150 ἀλλὰ
1817 4096 1956 4169 μᾶλ-

362 4193 454 4246 λον
484 4194 511 4243 6
543 4189 712 4243 θέλων
737 4187 1087 4259 οἰκοδομῆσαι
1101 4187 1192 4239 τὸν
1219 4181 1366 4239 οἷκον
1395 4185 1585 4254 αὑτοῦ,
1617 4187 1709 4239 καὶ
1731 4187 1955 4255 ποιῆσαι

365 4282 516 4354 αῦτῷ
554 4281 783 4351 σκέπην,
818 4278 1022 4350 ὀφείλει
1070 4279 1137 4332 ὲκ
1185 4277 1387 4342 παντὸς
1419 4277 1616 4349 μέρους
1643 4278 1941 4351 οἰκοδομεῖν

364 4374 550 4438 αὑτὸν,
584 4371 680 4426 καὶ
710 4370 1048 4440 πανταχόθεν
1068 4368 1230 4424 αὐτὸν
1257 4368 1669 4439 ἀσφαλίζεσθαι.

2053 523 2430 594 relinquamus
2451 527 2522 582 ob
2548 525 2801 583 timorem
2828 527 2922 583 Dei
2950 546 2966 596 ;
3001 529 3076 584 ita
3109 537 3169 584 ut
3195 529 3505 593 clarumsit,
3528 546 3636 587 non

2049 615 2116 671 de
2131 617 2482 674 sensibilibus
2497 618 2771 687 domibus,
2786 620 2962 675 sedde
2982 620 3642 694 domicili0539aninue

2051 707 2255 764 habere
2276 725 2610 778 sermonem,
2650 711 2798 782 quod
2829 713 3062 784 quisque
3093 713 3197 770 sibi
3225 716 3481 783 exstruit,
3513 726 3640 772 cum

2052 797 2234 853 divina
2264 801 2522 856 mandata
2554 803 2814 861 custodit.
2860 801 2974 860 Nos
3001 803 3166 874 igitur
3207 803 3369 860 docet
3409 819 3506 874 per
3537 804 3644 860 hoc

2051 906 2207 947 sacra
2236 889 2538 963 Scriptura,
2571 895 2718 965 quod
2760 893 2855 950 Dei
2899 896 3064 966 timor
3097 895 3334 951 animam
3371 907 3644 968 praeparat

2051 983 2116 1037 ad
2153 983 2326 1052 ipsius
2355 994 2627 1055 praecepta
2653 986 3037 1053 custodienda,
3068 995 3124 1042 et
3139 1002 3236 1057 per
3261 985 3354 1042 Dei
3375 997 3643 1059 praecepta

2051 1073 2250 1128 anima:
2277 1073 2475 1132 domus
2502 1078 2825 1132 exstruitur.
2848 1075 3027 1144 Quare
3047 1078 3204 1134 nobis
3237 1077 3391 1149 ipsis,
3419 1077 3640 1144 fratres,

2066 1166 2439 1236 intendamus,
2465 1169 2756 1224 timeamus
2777 1179 2831 1224 et
2849 1183 2951 1225 nos
2965 1169 3158 1236 Deum,
3185 1169 3517 1226 aedificemus
3543 1185 3644 1226 no-

2053 1259 2138 1316 bis
2177 1259 2373 1316 domos
2407 1261 2606 1331 quibus
2651 1261 2878 1317 hiberno
2915 1270 3158 1331 tempore
3184 1274 3558 1334 protegamur,
3588 1272 3645 1320 et

2055 1352 2316 1416 tonitrua,
2337 1352 2553 1425 fulgura
2576 1363 2629 1408 et
2644 1352 2881 1422 pluviam
2903 1352 3275 1408 declinemus:
3307 1368 3474 1425 grave
3492 1348 3655 1409 enim'

2055 1450 2141 1498 est
2165 1442 2340 1498 hiems
2361 1443 2446 1499 his
2458 1443 2551 1514 qui
2575 1442 2741 1497 domo
2757 1441 3055 1500 caruerint.
3073 1441 3144 1497 At
3170 1457 3280 1513 quo
3297 1451 3457 1512 pacto
3472 1443 3643 1500 aedili-

2056 1543 2215 1590 catur
2264 1534 2464 1590 anima:
2529 1535 2750 1602 domus,
2799 1547 3096 1604 possumus
3150 1548 3182 1588 a
3227 1535 3499 1591 materiali
3561 1536 3642 1591 rei

2053 1623 2220 1695 hujus
2258 1623 2596 1694 diligentiam
2655 1624 2986 1694 perdiscere.
3065 1621 3216 1694 Opus
3268 1623 3504 1695 primum
3555 1633 3646 1680 est

2055 1719 2149 1788 qui
2182 1717 2419 1772 voluerit
2448 1717 2672 1773 domum
2693 1717 2948 1782 condere,
2967 1717 3210 1790 undique
3239 1717 3386 1773 illam
3411 1733 3645 1788 praemu-

2056 1809 2196 1874 nire,
2231 1816 2286 1864 et
2307 1822 2337 1861 a
2364 1817 2601 1877 quatuor
2629 1807 2879 1878 partibus
2903 1807 3154 1865 attollere
3183 1807 3507 1876 aedificium;
3545 1823 3647 1865 nec

2054 1901 2220 1956 unius
2279 1910 2490 1957 tantum
2539 1902 2710 1970 partis
2760 1899 2962 1954 habere
3009 1914 3221 1966 curam,
3259 1907 3486 1956 caeteras
3514 1915 3646 1955 vero

2054 1995 2352 2065 negligere,
2418 1993 2860 2065 quandoquidem
2927 1993 3064 2048 nihil
3119 1993 3334 2064 proficit
3375 2010 3390 2049 :
3436 1993 3533 2051 sed
3587 2005 3644 2050 et

2051 2086 2297 2142 laborem
2349 2094 2405 2141 et
2436 2094 2710 2157 sumptum
2745 2095 2912 2156 atque
2939 2085 3132 2162 omnia
3157 2084 3394 2157 denique
3442 2086 3639 2158 perdit.

2054 2181 2109 2235 id
2148 2181 2326 2251 ipsum
2361 2188 2445 2236 est
2470 2179 2526 2234 in
2565 2179 2952 2251 anima,cujus
2977 2179 3183 2234 nullam
3224 2189 3437 2250 partem
3482 2179 3644 2236 debet

2053 2271 2222 2326 homo
2256 2269 2528 2340 neglectui
2556 2269 2794 2324 habere:
2839 2270 2936 2326 sed
2966 2269 3250 2341 aequaliter
3282 2277 3337 2326 et
3368 2280 3494 2342 apte
3519 2287 3640 2329 eam

2053 2364 2282 2435 erigere.
2338 2360 2407 2416 Et
2429 2362 2533 2417 hoc
2562 2369 2646 2416 est
2669 2360 2816 2432 quod
2843 2360 3026 2416 aiebat
3061 2361 3247 2417 senior
3290 2361 3382 2418 ille
3411 2378 3634 2422 venera-

2054 2455 2180 2512 bilis
2235 2452 2476 2509 Joannes
2527 2452 2742 2508 abbas:
2813 2451 3013 2506 iLibet
3051 2451 3186 2508 mihi
3251 2451 3528 2510 hominem
3572 2456 3642 2512 ah

2055 2558 2386 2618 unaquaque
2431 2544 2631 2599 virtute
2686 2543 2990 2616 pauxillum
3024 2543 3154 2616 quid
3211 2543 3540 2616 decerpere,
3585 2556 3643 2604 et

2055 2653 2166 2694 non
2193 2637 2274 2708 (ut
2295 2635 2515 2707 plurimi
2545 2633 2771 2704 faciunt)
2796 2634 2890 2692 uni
2919 2649 3134 2705 semper
3159 2633 3346 2692 virtuti
3369 2636 3639 2704 insistere,

2055 2737 2281 2784 caeteras
2312 2725 2608 2797 negligere.
2636 2742 2656 2777 ι
2723 2724 2792 2782 lli
2812 2724 2959 2780 enim
2989 2740 3115 2781 cum
3170 2725 3226 2780 in
3268 2741 3332 2782 ea
3385 2727 3502 2800 ipsa
3533 2730 3643 2784 vir-

2056 2827 2170 2874 tute
2193 2817 2282 2873 cui
2302 2817 2583 2884 insistunt,
2611 2815 2978 2888 principatum
3008 2815 3243 2876 fortasse
3275 2826 3510 2888 teneant,
3542 2837 3644 2878 nec

2053 2910 2125 2966 ab
2158 2908 2414 2980 Opposita
2443 2917 2499 2963 et
2535 2907 2809 2963 contrario
2851 2907 2964 2962 ullo
3005 2907 3178 2978 ipsius
3207 2907 3424 2966 virtutis
3473 2926 3644 2982 Oppu-

2057 3011 2328 3072 gnentur;
2353 3015 2382 3054 a
2411 2999 2639 3070 reliquis
2671 3009 2852 3056 tamen
2881 2999 3232 3070 passionibus
3259 3001 3644 3062 subducuntur

2054 3101 2110 3148 et
2136 3099 2544 3163 oppugnantur,
2609 3090 2872 3161 nullaque
2927 3089 3038 3146 illis
3097 3105 3228 3147 cura
3256 3093 3512 3166 deinceps
3535 3106 3640 3164 est,

2056 3183 2152 3241 sed
2202 3182 2524 3240 existimant
2550 3197 2671 3239 sese
2700 3197 2960 3254 magnum
2988 3183 3269 3256 quidpiam
3317 3194 3523 3248 tenere,
3575 3187 3644 3249 lli

2055 3273 2262 3330 similes
2286 3273 2422 3342 mihi
2458 3273 2712 3329 videntur
2739 3273 2790 3328 ei
2819 3273 2914 3344 qui
2945 3289 3068 3328 cum
3093 3275 3354 3345 parietem
3375 3279 3646 3335 aedificare

2056 3366 2312 3433 voluerit,
2369 3374 2425 3422 et
2455 3366 2708 3422 attollere
2732 3375 3000 3436 quantum
3044 3367 3302 3438 quiverit,
3350 3370 3417 3426 ad
3467 3371 3645 3442 ipsius

2057 3457 2399 3513 altitudinem
2432 3465 2642 3512 tantum
2679 3466 3029 3528 prospectum
3067 3457 3250 3525 habet,
3304 3471 3359 3516 et
3384 3477 3646 3534 magnum

2057 3549 2260 3622 aliquid
2285 3549 2626 3605 exstruxisse
2651 3563 2712 3605 se
2753 3549 2960 3618 credit;
3009 3565 3119 3606 non
3153 3552 3417 3624 prospicit
3461 3565 3646 3612 autem

2057 3644 2203 3716 quod
2230 3642 2411 3714 quivis
2439 3651 2635 3698 ventus
2659 3641 2822 3698 etiam
2859 3643 3108 3700 modicus
3129 3644 3437 3716 spiraverit,
3491 3648 3648 3708 illum

2055 3743 2238 3808 potest
2264 3736 2333 3790 ad
2363 3744 2564 3791 terram
2593 3734 2849 3805 dejicere.
2910 3733 3029 3791 Non
3042 3737 3187 3791 enim
3213 3745 3462 3798 catenam
3483 3739 3651 3798 habet

2057 3836 2112 3882 et
2145 3825 2589 3895 conjunctionem
2625 3824 2858 3880 aliorum
2891 3827 3184 3897 parietum.
3224 3825 3415 3900 Neque
3466 3841 3650 3902 potest

2057 3921 2182 3991 quis
2230 3919 2335 3974 sibi
2379 3928 2584 3975 tectum
2629 3915 2812 3975 facere
2843 3933 2911 3974 ex
2950 3935 3058 3975 uno
3091 3921 3300 3993 pariete
3340 3939 3356 3978 :
3399 3925 3647 3994 privatus

2055 4011 2199 4064 enim
2220 4019 2305 4064 est
2324 4011 2533 4068 caeteris
2557 4011 2821 4080 partibus.
2859 4009 2930 4066 At
2977 4027 3104 4067 vero
3137 4012 3361 4070 minime
3380 4017 3459 4071 sic
3478 4033 3648 4089 agen-

2055 4101 2183 4155 dum
2203 4110 2307 4166 est,
2342 4100 2436 4157 sed
2496 4099 2680 4171 potius
2703 4100 2794 4171 qui
2829 4101 3099 4157 aedificare
3147 4102 3252 4158 sibi
3284 4105 3519 4162 voluerit
3547 4107 3648 4163 do-

2057 4194 2341 4261 micilium,
2377 4201 2431 4248 et
2489 4201 2690 4246 tectum
2758 4190 2961 4259 facere,
3031 4209 3098 4249 ex
3133 4195 3284 4250 omni
3330 4211 3484 4268 parte
3510 4199 3645 4258 illud

2051 4283 2305 4349 addicet,
2343 4293 2396 4338 et
2425 4281 2666 4355 undique
2687 4281 3115 4337 munitissimum
3141 4284 3353 4340 reddat.

434 4464 507 4517 B'.
539 4465 650 4518 Kal
670 4463 813 4532 λέγω
835 4462 972 4526 πῶς·
1008 4459 1231 4534 Πρῶτον
1257 4462 1461 4531 ὀφείλει
1493 4460 1677 4532 βαλεῖν
1704 4464 1764 4518 τὺ
1787 4463 1948 4536 θεμέ-

2123 4461 2189 4519 ll.
2239 4460 2416 4536 Atque
2439 4461 2542 4519 hoc
2571 4477 2682 4534 quo
2704 4473 2864 4536 pacto
2899 4463 3084 4534 faciat,
3110 4466 3350 4524 docebo:
3402 4470 3644 4529 Primum

364 4559 500 4623 λιον,
530 4559 650 4628 ἥτις
675 4556 822 4610 ἐστὶν
848 4557 881 4626 ή
910 4555 1112 4619 πίστις’
1142 4557 1313 4612 Ἄνευ
1326 4555 1433 4629 γὰρ
1461 4555 1736 4624 πίστεως,
1759 4556 1836 4621 ὡς
1856 4559 1947 4612 λέ-

366 4665 452 4716 γει
495 4648 524 4699 6
583 4645 925 4710 Ἀπόστολος,
952 4645 1254 4704 ἀδύνατον
1281 4645 1687 4716 εὐαρεστῆσαι
1702 4645 1780 4713 τῷ
1802 4649 1946 4717 Θεῷ,

366 4739 462 4791 καὶ
487 4735 661 4800 οὕτως
692 4736 898 4800 κτίζειν
930 4735 1024 4788 ἐπὶ
1053 4735 1144 4790 τὸν
1178 4735 1428 4805 θεμέλιον
1455 4736 1646 4791 τοῦτον
1669 4736 1766 4810 τὴν
1796 4740 1944 4792 οἰκο-

362 4831 537 4902 δομὴν
567 4828 708 4884 κατὰ
731 4829 1043 4899 ἀναλογίαν.
1080 4829 1421 4900 ’Υπήντησεν
1450 4829 1701 4902 ὑπακοῇ;
1742 4831 1949 4900 ὀφείλει

363 4923 549 4996 βαλεῖν
601 4925 700 4978 ἕνα
751 4921 897 4978 λίθον
945 4921 1210 4992 ὑπακοῆς.
1265 4921 1560 4992 Συμεαίνει
1602 4922 1948 4995 παροξυσμὸς

365 5014 640 5086 ἁδελφοῦ;
697 5015 902 5085 ὀφείλει
956 5013 1136 5086 βαλεῖν
1192 5014 1288 5067 ἕνα
1340 5012 1488 5068 λίθον
1549 5015 1948 5087 μακροθυμίας.

377 5113 722 5181 ’Υπήντησεν
773 5108 1105 5176 ὲγ,κράτεια;
1153 5105 1364 5176 ὀφείλει
1411 5104 1594 5174 βαλεῖν
1655 5105 1753 5160 ἕνα
1801 5105 1950 5162 λίθον

365 5202 711 5272 ἐγκρατείας.
742 5197 928 5262 Οὕτως
955 5196 1062 5252 ἀπὸ
1081 5197 1320 5269 ἑκάστης
1348 5194 1552 5267 ἀρετῆς
1579 5195 1908 5269 ἀπαντώσης
1934 5237 1950 5265 ,

361 5295 448 5348 δεῖ
479 5293 660 5365 βαλεῖν
699 5291 796 5346 ἕνα
833 5287 980 5346 λίθον
1021 5289 1102 5353 εἰς
1139 5287 1240 5359 τὴν
1278 5286 1566 5358 οἰκοδομὴν
1590 5326 1606 5353 ,
1640 5286 1736 5341 καί⁸
1778 5285 1950 5358 οὕτως

367 5385 554 5456 κύκλῳ
583 5383 876 5455 ἀναφέρειν
905 5382 1099 5453 αὐτήν’
1134 5379 1243 5438 ἀπὸ
1262 5379 1378 5443 ἑνὸς
1398 5378 1548 5431 λίθου
1580 5377 1949 5448 συμπαθείας,

369 5480 488 5544 ἑνὸς
521 5478 669 5532 λίθου
698 5475 874 5547 κοπῆς
913 5475 1236 5548 θελήματος,
1259 5474 1376 5535 ἐνὸς
1407 5471 1558 5525 λίθου
1593 5471 1899 5542 πραότητος
1934 5511 1950 5538 ,

369 5574 464 5629 καὶ
490 5573 600 5627 τῶν
621 5571 840 5644 ὁμοίων.
859 5567 1263 5643 Ἐπιμελεῖσθαι
1287 5567 1344 5624 δὲ
1366 5564 1568 5636 ὀφείλει
1595 5567 1652 5620 ἐν
1676 5567 1809 5622 πᾶσι
1833 5568 1958 5628 τοῦ-

442 5759 472 5790 ﬂ
491 5749 660 5809 Hebr.
696 5765 775 5822 ιι,
806 5749 860 5807 6.

2048 4559 2214 4630 igitur
2255 4559 2508 4630 jacienda
2560 4569 2690 4617 sunt
2742 4561 3122 4630 fundamenta,
3163 4579 3288 4634 qua:
3341 4566 3474 4623 ﬁdes
3525 4582 3642 4624 est:

2049 4649 2172 4704 Sine
2188 4650 2292 4720 ﬁde
2308 4651 2475 4716 enim,
2498 4659 2560 4706 ut
2580 4651 2657 4706 ait
2679 4653 2994 4724 Apostolus,
3025 4655 3349 4725 impossibile
3369 4668 3443 4713 est
3466 4660 3646 4730 place-

2050 4758 2106 4796 re
2142 4741 2254 4796 Deo
2278 4751 2328 4796 ι’.
2395 4742 2693 4798 Construat
2744 4742 2943 4800 deinde
3005 4760 3172 4816 supra
3226 4745 3644 4808 fundamentum

2049 4831 2342 4888 aedificium
2369 4832 2918 4889 excellentissimum.
2977 4832 3230 4893 Occurrit
3289 4839 3646 4896 obedientia?

2047 4920 2287 4993 Adjiciat
2311 4919 2548 4993 lapidem
2575 4923 2816 4992 primum
2847 4921 3192 4980 obedientire.
3255 4923 3538 4997 Contingit
3563 4926 3644 4981 ira

2049 5015 2135 5070 vel
2161 5013 2480 5072 -commotio
2508 5013 2618 5070 ulla
2647 5013 2836 5069 fratris
2875 5013 2931 5069 in
2963 5016 3062 5071 se?
3119 5015 3371 5088 Apponat
3411 5018 3645 5074 alterum

2049 5106 2330 5178 patientiae
2356 5104 2611 5178 lapidem.
2669 5105 2994 5164 Intercurrit
3031 5107 3464 5164 incontinentia?
3508 5107 3643 5166 Ter-

2049 5201 2188 5257 tium
2223 5199 2387 5255 addat
2403 5198 2758 5255 continentiae
2786 5199 3042 5272 lapidem.
3075 5199 3142 5255 Et
3166 5199 3247 5256 sic
3271 5215 3644 5271 aquacunque
3756 5252 3764 5257 .

2055 5293 2255 5356 virtute
2291 5306 2414 5362 qua:
2461 5293 2789 5357 occurrerit,
2842 5292 3143 5348 sumendus
3175 5300 3260 5348 est
3289 5292 3446 5364 lapis,
3482 5303 3645 5365 atque

2057 5385 2286 5440 aedilicio
2311 5385 2663 5458 apponendus
2689 5402 2702 5439 :
2761 5393 2816 5439 et
2845 5385 2925 5440 sic
2954 5399 3050 5456 per
3079 5385 3368 5440 circuitum
3400 5385 3644 5440 attollen-

2059 5479 2188 5534 dum
2227 5478 2358 5535 hinc
2387 5477 2609 5550 quidem
2630 5475 2812 5547 lapide
2838 5477 3248 5540 misericordias,
3280 5475 3406 5532 inde
3443 5477 3645 5532 morti-

2064 5570 2236 5628 ficata:
2264 5567 2580 5637 voluntatis,
2628 5566 2732 5625 alia
2784 5583 2850 5626 ex
2893 5579 3047 5644 parte
3095 5569 3275 5642 lapide
3323 5578 3640 5631 mansueti»
