4062 6408
470 322 628 396 ’17ἷ5

1688 327 1745 387 S'
1792 317 2097 387 DOROTII
2108 322 2185 384 El
2260 314 2583 384 ABBATIS

3647 324 3759 393 1776

464 442 630 498 'dinis
684 445 848 510 atque
897 436 1125 492 aliarum
1173 433 1547 504 hujuscemodi
1594 433 1879 487 virtutum.
1948 434 2078 485 Ante

2187 448 2302 496 τοις
2335 431 2435 501 τῆς
2460 431 2738 502 ὑπομονῆς
2762 431 2855 485 καὶ
2872 431 2974 502 τῆς
2998 430 3250 504 ἀνδρείας
3287 445 3304 465 '
3332 428 3492 490 αῦται
3514 437 3626 507 γάρ
3649 442 3761 493 εἰσιν

466 532 666 586 'omnla
699 541 882 589 autem
911 527 1253 599 praem-unda
1310 533 1394 579 est
1444 526 1704 594 patientia
1744 532 1800 577 et
1825 522 2077 594 longani-

478 626 679 684 mitas;
711 623 826 678 haec
850 621 995 677 enim
1042 619 1225 691 anguli
1251 619 1446 674 domus
1474 627 1640 673 sunt:
1699 618 1902 687 quibus
1944 615 2074 670 tedi-

479 718 667 772 licinm
758 715 936 785 ipsum
1012 710 1445 780 constringitur,
1501 718 1557 763 et
1639 710 1832 779 parieti
1897 708 2079 777 paries

480 804 793 858 annectitur
814 810 869 857 et
891 800 1213 872 copulatur;
1250 800 1322 854 ita
1350 807 1409 854 ttt
1433 798 1671 853 rescindi
1690 808 1783 853 aut
1804 797 2075 863 decidere,

477 895 772 964 divellique
827 893 965 948 alter
995 894 1066 947 ab
1114 892 1287 949 altero
1343 906 1627 961 nunquam
1650 889 2079 961 queat.Absque

476 991 565 1045 his
616 990 779 1044 etiam
842 1000 1005 1042 nemo
1065 994 1246 1057 potest
1297 1000 1366 1042 nc
1418 1000 1584 1041 unam
1635 984 1860 1055 quidem
1918 983 1972 1037 iu
2016 997 2078 1040 se

475 1083 731 1136 virtutem
767 1078 1046 1152 perﬁcere.
1100 1076 1217 1134 Nisi
1244 1078 1390 1134 enim
1437 1079 1563 1149 quis
1608 1078 1662 1131 in
1689 1076 1872 1132 anima
1922 1074 2077 1130 forti-

473 1175 720 1229 tudinem
755 1171 1029 1237 habuerit,
1066 1171 1205 1225 nihil
1266 1170 1546 1241 patietur;
1580 1179 1655 1235 et,
1693 1169 1739 1224 si
1772 1183 1881 1223 non
1910 1167 2077 1221 fuerit

474 1266 756 1337 patientia,
812 1264 947 1318 nihil
1004 1276 1247 1333 unquam
1288 1262 1491 1332 poterit
1524 1261 1756 1332 erigere.
1810 1257 1951 1314 llinc
1999 1259 2076 1314 ait

478 1358 777 1414 Dominus:
859 1354 927 1409 In
966 1355 1230 1425 patientia
1275 1364 1453 1408 uestra
1492 1352 1830 1424 possidebitis
1860 1351 2071 1405 animas

473 1459 673 1504 uestras
693 1450 761 1503 η’.
811 1447 980 1527 Debet
1028 1447 1192 1502 etiam
1228 1447 1322 1517 qui
1366 1445 1600 1501 exstruit
1655 1453 1749 1500 aut
1803 1444 2071 1508 aedificat,

476 1534 712 1613 lapidem
753 1556 878 1595 cum
936 1548 1204 1595 caemento
1235 1539 1491 1610 adjicere.
1548 1537 1606 1593 Si
1645 1540 1791 1592 enim
1837 1537 2069 1607 lapidem

478 1636 644 1705 lapidi
677 1634 802 1704 quis
835 1633 1045 1703 absque
1073 1639 1341 1687 cmmento
1370 1639 1423 1685 et
1452 1629 1602 1685 calce
1631 1629 2068 1700 superimponat,

474 1723 833 1778 excutiuntur
894 1721 1099 1791 lapides
1167 1726 1223 1774 et
1268 1719 1380 1774 ruit
1428 1718 1649 1774 domus.
1727 1717 2068 1773 Caementum

477 1814 761 1867 humilitas
792 1819 915 1867 est:
969 1819 1054 1866 est
1078 1808 1223 1864 enim
1254 1815 1398 1863 terra
1420 1823 1544 1878 quae
1569 1807 1798 1878 pedibus
1822 1806 2071 1861 omnium
2102 1791 2147 1847 Β

483 1907 759 1961 atteritur.
805 1902 999 1960 Omnis
1037 1903 1206 1975 igitur
1241 1901 1419 1956 virtus
1453 1901 1663 1971 absque
1691 1899 1858 1973 m
1887 1899 2072 1954 humi-

474 1999 650 2063 litate,
684 2012 790 2053 non
808 2003 1092 2066 reputatur
1108 1994 1306 2059 virtus,
1326 2002 1389 2048 ut
1408 2002 1494 2048 est
1524 1993 1577 2047 in
1600 1992 1743 2048 libro
1767 1992 2070 2047 seniorum.

452 2091 731 2146 'Otnnium
759 2090 905 2145 enim
938 2090 1043 2146 fuit
1077 2102 1186 2144 una
1215 2088 1514 2154 sententia,
1546 2087 1622 2141 ita
1642 2095 1697 2142 et
1730 2084 2076 2156 impossibile

472 2203 597 2243 csse
631 2184 828 2241 salvari
869 2185 1109 2239 animam
1149 2182 1357 2254 absque
1404 2180 1750 2246 humilitate,
1787 2188 1850 2234 ut
1890 2178 2073 2233 navim

474 2282 595 2336 sine
619 2280 788 2335 clavis
820 2277 1099 2334 mdiiicari.
1149 2272 1438 2347 Quidquid
1459 2274 1625 2347 igitur
1666 2272 1794 2328 boni
1841 2272 2077 2343 quisque

473 2371 666 2445 egerit,
698 2369 752 2427 i'd
778 2378 1047 2442 agatcum
1080 2364 1388 2423 humilitate
1433 2381 1448 2419 :
1483 2373 1544 2419 ut
1573 2377 1671 2435 per
1702 2362 2075 2417 humilitatem

475 2474 833 2523 conservetur
887 2461 1034 2534 quod
1078 2458 1289 2516 factum
1336 2458 1522 2513 fuerit.
1571 2455 1742 2511 Debet
1784 2467 1969 2512 autem
2020 2466 2077 2510 et

473 2561 674 2614 domus
696 2557 973 2627 laquearia
994 2554 1243 2624 quaedam
1269 2550 1472 2606 habere
1498 2549 1564 2605 ad
1585 2546 2075 2604 discriminandam

474 2652 912 2721 tirmandamque
941 2650 1138 2719 ipsam,
1167 2657 1223 2701 et
1238 2644 1473 2716 lapidem
1496 2640 1661 2714 lapidi
1678 2639 2074 2712 copulandum,

474 2754 531 2799 et
561 2738 1323 2813 astringendum‘aedificium,
1373 2746 1428 2793 ct
1451 2744 1732 2809 postremo
1751 2734 1818 2790 ad
1848 2734 2075 2790 domum

475 2838 792 2893 universam
832 2833 1229 2890 decorandum.
1304 2824 1537 2885 Tectum
1601 2836 1803 2889 autem.
1835 2826 2077 2882 charitas

474 2939 584 2998 est,
616 2937 841 3000 quaeest
868 2926 1134 2998 perfectio
1163 2924 1430 2979 virtutum
1459 2921 1728 2987 omnium,
1754 2919 1829 2974 uti
1872 2927 2074 2975 tcctnnt

477 3025 697 3079 domus.
754 3019 885 3077 Post
910 3028 1114 3075 tectum
1130 3032 1352 3089 quoque
1376 3030 1577 3072 corona
1619 3014 2077 3084 circomponenda

477 3126 584 3173 cst.
624 3115 735 3171 'Est
756 3116 903 3171 enim
944 3114 999 3168 in
1033 3112 1150 3182 lege
1173 3117 1505 3184 praeceptum
1533 3122 1549 3161 :
1574 3106 1633 3163 Si
1679 3105 2079 3163 aediﬁcaveritis

489 3207 651 3264 vobis
672 3206 920 3272 domum,
958 3218 1222 3260 coronam
1279 3201 1357 3258 illi
1390 3199 1810 3272 circumponite,
1871 3212 1943 3254 ne
1987 3211 2081 3252 ca-

481 3304 618 3358 dant
641 3299 856 3370 parvuli
886 3296 1051 3354 vestri
1082 3296 1152 3351 ab
1177 3296 1289 3351 alto
1326 3302 1374 3351 °.
1409 3292 1625 3349 Corona
1661 3293 1775 3347 haec
1798 3289 2082 3345 humilitas

481 3401 602 3450 est:
660 3405 724 3447 ca
772 3391 941 3458 enim,
992 3396 1051 3444 ιιι
1091 3386 1228 3454 dixi,
1281 3392 1512 3443 coronat
1535 3393 1590 3440 et
1639 3390 1823 3439 servat
1849 3382 2081 3436 virtutes

482 3498 710 3541 omnes:
757 3496 811 3539 et
848 3482 1030 3539 omnis
1064 3479 1285 3537 virtutis
1311 3477 1574 3551 perfeétio
1600 3485 1719 3548 eget
1750 3475 2078 3539 humilitate,

482 3577 945 3656 quemadmodum
965 3574 1173 3647 lapides
1187 3573 1240 3627 in
1261 3579 1560 3637 structura,
1577 3571 1713 3626 luto.
1749 3569 2080 3624 Sanctorum

483 3683 725 3743 namque
766 3667 1012 3726 omnium
1039 3663 1341 3739 profectus,
1377 3676 1636 3719 accessus
1676 3672 1762 3717 est
1791 3659 1860 3716 ad
1899 3657 2082 3715 humi-

474 3765 713 3822 litatem.
739 3761 825 3829 Et,
840 3769 911 3817 -ut
940 3775 1085 3831 saepe
1105 3759 1242 3826 dixi,
1269 3773 1380 3829 quo
1406 3756 1639 3828 quisque
1659 3755 1831 3825 magis
1848 3751 1958 3808 Deo
1983 3752 2081 3807 ad-

483 3859 732 3927 haeserit,
752 3874 832 3914 eo
873 3872 934 3915 se
956 3856 1134 3931 magis
1176 3866 1519 3927 peccatorem
1551 3859 1815 3924 agnoscet
1841 3856 1895 3905 et
1919 3848 2081 3904 intel-

479 3951 632 4027 liget.
672 3951 793 4018 Qui
815 3959 944 4006 sunt
978 3957 1169 4004 autem
1218 3944 1431 4018 parvuli
1475 3945 1546 4002 de
1596 3943 1799 4016 quibus
1836 3941 1923 3998 lex
1980 3940 2077 4009 ait,

480 4062 553 4103 ne
578 4045 776 4117 cadant
791 4036 1005 4116 parvuli
1033 4055 1063 4097 a
1092 4037 1301 4097 domo?
1322 4036 1543 4094 Parvuli
1566 4037 1927 4114 cogitationes
1951 4046 2082 4093 sunt

481 4137 537 4193 in
571 4137 755 4193 anima
797 4148 985 4191 nosm
1012 4136 1312 4203 conceptae,
1336 4143 1465 4200 qua:
1501 4137 1633 4184 sunt
1666 4144 1766 4200 per
1794 4126 2080 4183 humilita-

484 4237 596 4284 tem
619 4226 1013 4294 custodiendae,
1033 4240 1101 4280 ne
1116 4223 1187 4280 ab
1213 4225 1330 4294 ipsa
1356 4223 1522 4279 domo
1542 4229 1842 4278 corruant:
1864 4229 1920 4277 et
1937 4220 2081 4277 hanc

482 4321 720 4378 dicimus
751 4319 1145 4392 perfectionem
1193 4329 1315 4372 esse
1352 4314 1621 4370 virtutum
1648 4311 1918 4369 omnium.
1996 4308 2077 4364 En

479 4415 597 4489 jam
626 4419 1006 4469 consummata
1026 4409 1221 4467 domus
1248 4415 1303 4463 et
1324 4405 1565 4478 perfecta
1584 4414 1701 4462 est:
1741 4403 1909 4461 habet
1935 4404 2075 4469 lora,

2180 526 2240 576 αί
2286 525 2507 593 γωνίαι,
2561 524 2657 578 καὶ
2685 524 2755 578 δι’
2804 526 2987 580 αὐτῶν
3036 527 3402 598 συσφίγγεται
3446 530 3482 600 ἡ
3523 531 3763 604 οἰκοδομὴ

2182 618 2279 671 καὶ
2314 617 2532 672 ἑνοῦται
2560 620 2736 689 τοῖχος
2760 619 2899 690 πρὸς
2930 622 3136 692 τοῖχον,
3167 621 3264 676 καὶ
3286 623 3350 676 οὐ
3383 622 3661 677 κλίνουσιν
3687 625 3764 678 σὺ·

2178 711 2238 764 δὲ
2273 712 2576 783 ῥήγνυνται
2604 713 2701 767 ἀπ’
2728 713 2975 786 ἀλλήλων
2996 715 3047 769 oi
3078 717 3272 787 τοῖχοι.
3304 717 3492 788 Χωρὶς
3519 720 3631 789 γὰρ
3659 719 3766 772 τού-

2178 821 2310 871 των,
2342 805 2443 859 οὐκ
2466 805 2676 860 εὐτονεῖ
2693 824 2777 871 τις
2806 806 3096 861 τελειῶσαι
3117 807 3380 880 οὐδεμίαν
3411 811 3640 883 ἀρετήν.
3658 811 3766 866 Ἐὰν

2181 897 2293 970 γάρ
2327 899 2403 970 μὴ
2416 897 2522 972 ἔχῃ
2557 916 2644 965 τις
2674 900 2929 973 ἀνδρείαν
2968 902 3027 956 ὲν
3055 904 3123 975 τῇ
3153 901 3325 976 ψυχῇ,
3354 903 3477 958 οὐδὲ
3499 903 3762 976 ὑπομένει·

2178 992 2274 1045 καὶ
2299 990 2395 1045 ἐὰν
2422 992 2498 1063 μὴ
2579 993 2850 1065 ὑπομονὴ,
2883 993 3059 1059 οὐδεὶς
3079 994 3302 1052 δύναται
3335 995 3621 1062 παντελῶς
3653 1015 3769 1052 κατ-

2176 1086 2443 1159 ορθῶσαι.
2490 1089 2591 1142 Διὰ
2627 1089 2789 1143 τοῦτο
2824 1089 2974 1159 λέγει
3003 1106 3020 1123 ·
3065 1088 3164 1146 Ἐν
3201 1087 3279 1163 τῇ
3309 1093 3592 1165 ὑπομονῇ
3619 1095 3768 1165 ὑμῶν

2178 1176 2482 1244 κτήσεσθε
2502 1176 2612 1245 τὰς
2633 1179 2843 1249 ψυχὰς
2868 1177 3055 1251 ὑμῶν.
3090 1180 3463 1253 Θέλειόμοίως
3502 1186 3533 1237 6
3559 1184 3765 1248 κτίζων.

2179 1268 2412 1322 ἕκαστον
2437 1268 2586 1323 λίθον
2610 1272 2753 1326 κατά
2778 1272 2956 1344 πηλοῦ
2982 1271 3188 1344 βαλεῖν·
3216 1274 3311 1328 ἐὰν
3339 1272 3449 1344 γὰρ
3478 1273 3618 1347 βάλῃ
3638 1274 3767 1329 λίθον

2177 1360 2367 1414 ἐπάνω
2395 1360 2545 1416 λίθου
2568 1361 2698 1417 ἄνευ
2725 1360 2923 1434 πηλοῦ,
2953 1364 3192 1419 κλῶνται
3223 1366 3273 1419 oi
3296 1364 3437 1421 λίθοι
3464 1368 3561 1421 καί⁵
3592 1368 3769 1422 πίπτει

2174 1454 2203 1507 6
2240 1449 2410 1519 οἶκος.
2466 1454 2527 1508 '0
2563 1455 2735 1527 πηλός
2769 1454 2922 1510 ἐστιν
2953 1457 2986 1529 ὴ
3013 1458 3348 1525 ταπείνωσις
3388 1475 3404 1490 ο
3440 1459 3636 1531 ἐπειδὴ
3671 1462 3768 1515 άπὸ

2173 1546 2275 1619 τῆς
2334 1548 2438 1620 γῆς
2485 1548 2628 1617 ἔστι,
2687 1548 2780 1603 καὶ
2837 1549 3126 1616 ὕπδοτοὺς
3169 1552 3341 1617 πόδας
3372 1551 3494 1608 ἐστὶ
3537 1553 3767 1608 πάντων.

2174 1641 2334 1695 Πᾶσα
2375 1640 2487 1713 γὰρ
2522 1640 2696 1713 ἀρετὴ
2740 1642 2869 1698 ἄνευ
2896 1642 3281 1708 ταπεινώσεως
3317 1647 3640 1718 γιγνομένη,
3678 1648 3772 1700 οὐκ

2174 1733 2323 1789 ἔστιν
2348 1733 2542 1808 ἀρετὴ,
2574 1734 2650 1799 ὡς
2679 1734 2829 1806 λέγει
2856 1735 2951 1791 καὶ
2975 1736 3058 1801 είς
3074 1737 3136 1791 τὸ
3158 1728 3544 1807 Γεροντικόν.
3571 1741 3773 1811 Ὥσπερ

2174 1828 2436 1885 ἀδύνατον
2472 1830 2607 1884 ναῦν
2636 1829 2806 1908 χωρὶς
2830 1830 2975 1905 ἥλων
3002 1831 3521 1904 κατασκευασθῆναι
3545 1875 3560 1901 ,
3599 1833 3769 1898 οὕτως

2175 1920 2463 1995 ἀμήχανον
2497 1922 2669 1994 χωρὶς
2687 1923 3194 1996 ταπεινοφροσύνης
3236 1923 3497 1996 σωθῆναι.
3547 1926 3779 1996 Ὀφείλει

2174 2008 2271 2066 οῦν
2294 2030 2381 2078 τις
2402 2013 2432 2067 δ
2465 2013 2563 2068 ἐὰν
2593 2016 2723 2086 ποιῇ
2746 2014 2972 2086 ἀγαθὸν,
2995 2017 3136 2088 μετὰ
3163 2017 3547 2082 ταπεινώσεως
3573 2021 3744 2073 ποιεῖν
3760 2061 3777 2085 ,

2175 2103 2264 2158 ῖνα
2294 2102 2384 2158 διά
2424 2106 2525 2177 τῆς
2566 2105 2951 2169 ταπεινώσεως
2998 2106 3312 2181 συντηρηθῇ
3353 2106 3419 2161 τὸ
3465 2108 3776 2179 γενόμενον.

2176 2196 2336 2251 Θέλει
2380 2196 2439 2253 δὲ
2466 2197 2611 2268 ἔχειν
2639 2198 2669 2251 6
2695 2193 2845 2264 οἶκος
2875 2197 2971 2254 καὶ
2997 2198 3173 2253 ταῦτα
3200 2198 3272 2254 τὰ
3298 2199 3573 2271 λεγόμενα
3620 2202 3775 2272 ἱμαν-

2177 2286 2432 2358 τώματα,
2485 2286 2647 2343 άτινά
2688 2290 2838 2343 ἐστιν
2869 2290 2904 2362 ἠ
2945 2289 3222 2362 διάκρισις
3258 2291 3294 2363 ἡ
3337 2291 3640 2364 στερεοῦσα
3690 2292 3780 2347 τὸν

2179 2372 2346 2445 οἷκον,
2383 2380 2478 2434 καὶ
2511 2379 2708 2434 ἐνοῦσα
2742 2379 2892 2436 λίθον
2915 2380 3055 2454 πρὸς
3080 2381 3249 2451 λίθον,
3284 2383 3382 2438 καὶ
3403 2384 3783 2456 συσφίγγουσα

2176 2469 2278 2540 τὴν
2332 2469 2645 2540 οίκοδομήνο
2700 2469 2840 2542 μετά
2890 2471 2990 2526 τοῦ
3041 2474 3136 2528 καὶ
3183 2475 3527 2547 εὐπρέπειαν
3582 2476 3782 2548 πολλὴν

2179 2559 2442 2632 παρέχειν
2470 2559 2548 2632 τῷ
2569 2560 2727 2632 οἴκῳ.
2769 2561 2837 2616 Ἦ
2864 2561 2921 2617 δὲ
2952 2564 3120 2636 στέγη
3149 2564 3300 2621 ἐστὶν
3327 2568 3362 2640 ἡ
3384 2566 3605 2642 ἀγάπη,
3660 2569 3783 2641 ἥτις

2180 2654 2332 2707 ἐστὶν
2357 2655 2391 2725 ἡ
2417 2652 2702 2717 τελείωσις
2753 2651 2865 2708 τῶν
2905 2655 3142 2729 ἀρετῶν,
3170 2658 3425 2732 καθάπερ
3444 2654 3513 2733 ἦν
3552 2661 3587 2732 ἡ
3616 2662 3781 2734 στέγη

2179 2744 2273 2800 τοῦ
2301 2746 2474 2800 οἴκου.
2505 2745 2641 2800 Εἶτα
2681 2746 2820 2820 μετὰ
2854 2748 2955 2821 τὴν
2988 2748 3209 2823 στέγην,
3244 2752 3278 2822 ἡ
3304 2754 3783 2824 περιστεφάνωσις

2178 2840 2272 2895 τοῦ
2308 2840 2582 2912 δώματος.
2614 2841 2682 2895 Τί
2719 2843 2868 2896 ἐστιν
2896 2843 2930 2914 ἡ
2963 2843 3434 2914 περιστεφάνωσις
3473 2843 3570 2898 τοῦ
3598 2844 3786 2917 δώμα-

2178 2949 2270 2996 τος
2291 2949 2305 2998 ;
2332 2932 2426 2985 καὶ
2446 2935 2506 2986 ὲν
2529 2932 2607 3005 τῷ
2629 2933 2781 3005 νόμῳ
2801 2932 3139 3004 γέγραπται·
3170 2935 3314 2991 Ἐὰν
3335 2936 3786 3009 οἰκοδομήσητε

2180 3021 2422 3089 ἑαυτοῖς
2441 3017 2630 3089 οἷκον,
2653 3022 2751 3077 καί
2777 3023 3076 3092 ποιήσητε
3094 3024 3257 3091 αὐτῷ
3279 3022 3467 3095 δῶμα,
3488 3025 3787 3095 ποιήσατο

2182 3107 2545 3179 στεφάνωμα
2580 3106 2662 3175 τῷ
2690 3108 2935 3180 δώματι,
2964 3110 3067 3165 ἵνα
3088 3109 3175 3182 μὴ
3211 3111 3450 3167 πέσωσι
3480 3113 3555 3169 τὰ
3577 3114 3788 3169 παιδία

2186 3197 2352 3269 ὑμῶν
2379 3198 2499 3253 ἀπὸ
2526 3197 2635 3254 τοῦ
2668 3197 2959 3270 δώματος.
2994 3199 3060 3253 Ἦ
3085 3201 3327 3274 στεφάνη
3352 3200 3501 3257 ἐστὶν
3533 3204 3569 3274 η
3590 3206 3782 3258 ταπεί-

2181 3307 2367 3355 νωσις.
2393 3289 2543 3362 Αὕτη
2565 3290 2676 3363 γάρ
2701 3292 2850 3345 ἔστιν
2873 3292 2906 3362 ή
2938 3290 3284 3362 στεφανοῦσα
3306 3292 3403 3347 καὶ
3436 3292 3789 3362 φυλάττουσα

2181 3384 2365 3447 πάσας
2413 3383 2516 3448 τὰς
2544 3384 2770 3456 ἀρετάς.
2806 3382 2916 3438 Καὶ
2952 3383 3145 3457 ὥσπερ
3180 3386 3389 3457 ἑκάστη
3432 3385 3605 3458 ἀρετὴ
3649 3388 3789 3459 μετὰ

2180 3475 2565 3540 ταπεινώσεως
2592 3473 2737 3530 θέλει
2774 3474 3020 3545 γίνεσθαι
3045 3516 3061 3541 ,
3089 3476 3216 3531 καθ’
3236 3475 3296 3531 δν
3319 3477 3523 3549 τρόπον
3555 3477 3791 3548 εἴπομεν

2180 3568 2263 3622 ὅτι
2293 3568 2525 3631 ἕκαστος
2570 3567 2718 3633 λίθος
2742 3569 2886 3623 κατὰ
2917 3567 3090 3640 πηλοῦ
3141 3568 3399 3641 βάλλεται
3439 3585 3454 3598 ⁸
3484 3569 3665 3635 οὕτως
3689 3571 3791 3625 καὶ

2180 3664 2213 3732 ἡ
2248 3660 2528 3726 τελείωσις
2566 3664 2667 3735 τῆς
2694 3661 2900 3734 ἀρετῆς
2930 3661 3121 3734 χρῄζει
3164 3662 3265 3733 τῆς
3290 3661 3717 3728 ταπεινώσεως,

2182 3753 2276 3808 καὶ
2294 3754 2378 3807 ὅτι
2407 3752 2654 3822 φυσικῶς
2686 3753 3091 3824 προκόπτοντες
3114 3753 3165 3806 oi
3190 3753 3359 3822 ἅγιοι,
3394 3753 3477 3817 είς
3501 3752 3789 3808 ταπείνω-

2182 3861 2269 3900 σιν
2297 3845 2550 3917 ἔρχονται
2577 3860 2591 3875 ο
2626 3843 2818 3917 ὥσπερ
2847 3836 2935 3901 ἀεὶ
2963 3845 3108 3915 λέγω
3145 3845 3277 3917 ὑμῖν
3304 3846 3397 3899 ὅτε
3433 3845 3648 3916 ἐγγίζει
3701 3863 3792 3910 τις

2180 3936 2259 4011 τῷ
2280 3937 2439 4010 Θεῷ,
2471 3936 2728 3993 τοσοῦτον
2771 3937 2995 4009 βλέπειν
3020 3938 3212 3994 ἑαυτὸν
3238 3937 3587 4010 ἁμαρτωλόν.
3625 3937 3694 3993 Τί
3729 3938 3794 3993 δέ

2179 4029 2299 4084 ἐστι
2326 4029 2396 4083 τὰ
2423 4027 2611 4084 παιδία
2631 4026 2763 4100 περὶ
2795 4021 2872 4084 ὧν
2910 4023 3061 4083 εἶπεν
3090 4029 3120 4084 6
3145 4027 3333 4100 νόμος,
3361 4026 3453 4083 ἵνα
3488 4027 3565 4100 μὴ
3595 4029 3793 4082 πέσω-

2182 4140 2268 4177 σιν
2302 4122 2413 4177 άπδ
2442 4121 2537 4177 τοῦ
2567 4120 2855 4194 δώματοςς
2884 4120 2969 4175 Τὰ
2992 4119 3179 4175 παιδία
3207 4120 3347 4174 εἰσὶν
3368 4119 3419 4174 οἱ
3447 4118 3707 4192 λογισμοὶ
3737 4121 3794 4174 οἱ

2182 4216 2461 4289 γινόμενοι
2510 4215 2570 4269 έν
2606 4216 2676 4288 τῇ
2721 4213 2870 4287 ψυχῇ
2907 4229 2922 4245 ·
2949 4211 3044 4279 οὓς
3087 4214 3170 4269 δεῖ
3211 4214 3508 4285 φυλάττειν
3550 4212 3644 4268 διὰ
3682 4214 3795 4285 τῆς

2177 4306 2586 4374 ταπεινώσεως,
2633 4307 2721 4362 ἵνα
2773 4306 2848 4379 μὴ
2898 4305 2996 4363 καὶ
3025 4305 3124 4361 ἀπ’
3168 4305 3336 4361 αὐτοῦ
3381 4303 3477 4360 τοῦ
3529 4305 3799 4378 δώματος

2178 4400 2508 4455 ἐκπέσωσιν.
2553 4395 2900 4469 Ἑτελειώθη,
2950 4396 3068 4468 ἔχει
3109 4390 3182 4451 τὰ
3228 4395 3616 4469 ἱμαντώματα,
3664 4397 3799 4467 ἔχει

486 4482 652 4566 habet
676 4515 902 4572 tectum,
928 4500 1095 4561 habet
1130 4513 1417 4573 coronam,
1466 4507 1520 4556 et
1562 4508 1761 4555 caetera
1816 4512 1941 4571 quae
1997 4497 2076 4553 illi

2179 4491 2280 4564 τὴν
2315 4491 2516 4563 στέγην
2547 4490 2657 4545 τῶν
2683 4489 2898 4562 ἀρετῶν
2930 4504 2947 4523 ⁸
2977 4486 3086 4543 ἰδοῦ
3115 4488 3144 4543 6
3162 4482 3310 4553 οἶκος
3347 4488 3519 4563 όνπερ
3551 4488 3801 4562 εἴπομεν

485 4614 625 4672 opus
659 4605 809 4655 sunt.

558 4778 647 4835 lll.
720 4774 978 4851 Nunquid
1035 4775 1087 4830 ci
1136 4773 1290 4830 deest
1343 4772 1540 4829 aliud?
1627 4770 1775 4847 aliud
1831 4770 2081 4844 profecto

485 4871 828 4944 dccstquod
898 4868 1136 4923 nondum
1177 4865 1442 4923 diximus.
1521 4860 1844 4920 Fabricator
1871 4863 2082 4920 scilicet

487 4968 684 5022 doctus
700 4974 755 5019 ct
772 4954 993 5017 artifex;
1016 4959 1120 5016 nisi
1141 4959 1287 5014 enim
1311 4952 2084 5024 adfueritartifex,2edificium

488 5072 651 5113 omne
670 5054 906 5120 vitiabit,
955 5061 1011 5108 et
1044 5051 1278 5106 fortasse
1321 5057 1443 5104 ruet
1463 5047 1683 5103 domus.
1734 5046 1947 5104 Artifex
1999 5055 2085 5105 est

487 5150 584 5222 qui
615 5165 681 5205 ex
711 5157 826 5203 arte
847 5155 902 5202 et
928 5143 1155 5201 scientia
1183 5141 1315 5213 agit.
1355 5138 1550 5195 Evenit
1572 5139 1715 5195 enim
1741 5140 2083 5214 plerumque,

489 5258 617 5299 cum
648 5240 847 5312 aliquis
885 5240 1138 5293 virtutem
1172 5233 1285 5305 agit
1306 5232 1515 5303 absque
1545 5233 1796 5301 scientia,
1837 5243 1894 5288 ut
1930 5233 2082 5288 illam

490 5335 652 5393 facile
707 5330 987 5397 dissolvat,
1025 5342 1201 5399 neque
1247 5334 1450 5381 rectam
1512 5324 1739 5380 omnino
1781 5331 1924 5395 agat,
1976 5339 2079 5381 nec

492 5427 732 5487 inveniat
767 5439 878 5496 quo
932 5430 1089 5493 pacto
1109 5420 1367 5474 virtutem
1423 5415 1597 5486 ipsam
1648 5414 1928 5485 perliciat;
1981 5415 2078 5473 sed

492 5524 612 5591 ejus
667 5519 864 5578 similis
894 5518 985 5581 sit,
1018 5516 1108 5586 qui
1144 5513 1379 5584 lapidem
1408 5527 1579 5567 unum
1623 5510 1810 5567 domui
1833 5511 2077 5583 apponit,

494 5616 726 5669 alterum
769 5610 931 5666 tollit;
983 5608 1087 5664 Alii
1108 5621 1328 5678 quoque
1365 5612 1517 5672 sunt,
1560 5604 1656 5676 qui
1684 5621 1808 5661 cum
1845 5606 2077 5678 lapidem

567 5818 614 5852 ³⁸⁸
643 5812 775 5868 Luc.
814 5824 923 5872 ut,
960 5807 1037 5864 i9.
1122 5812 1146 5840 °
1181 5801 1339 5860 Deut.
1377 5817 1514 5869 XXII,
1551 5800 1603 5856 8.

2176 4585 2319 4644 εἶναι
2348 4587 2448 4660 τὴν
2473 4586 2776 4643 τελείωσιν·
2816 4585 2929 4640 ἰδοῦ
2964 4585 3062 4641 καὶ
3090 4585 3126 4657 ἡ
3151 4584 3653 4657 περιστεφάνωσις,
3685 4584 3802 4641 καὶ

2178 4672 2329 4748 επάξ
2359 4679 2545 4746 ἁπλῶς
2564 4677 2911 4734 τετελείωται
2936 4677 2965 4733 6
2997 4673 3171 4742 οἶκος.

2248 4774 2325 4830 Γ’.
2348 4770 2500 4846 ’Δρα
2525 4772 2601 4845 μὴ
2626 4758 2801 4825 λείπεί
2833 4767 2982 4841 αὐτῷ
3005 4786 3061 4823 τι
3092 4786 3108 4837 ;
3144 4768 3257 4823 Καὶ
3280 4766 3409 4823 ἄλλο
3437 4766 3497 4821 ἒν
3525 4765 3801 4841 παρελεί-

2178 4868 2383 4941 ψαμεν.
2411 4867 2479 4920 Τί
2517 4864 2575 4920 δέ
2607 4862 2724 4920 ἐστι
2754 4861 2952 4931 τοῦτο;
2988 4863 3076 4917 ῐνα
3115 4861 3266 4917 ἐστὶν
3296 4859 3392 4917 καὶ
3429 4860 3459 4914 6
3491 4860 3798 4930 οἰκοδόμος

2179 4959 2453 5031 τεχνίτης.
2513 4955 2642 5011 Ἐὰν
2665 4944 2789 5027 γὰρ
2813 4955 2889 5026 μή
2916 4955 3034 5007 ἔστι
3067 4951 3339 5023 τεχνίτης,
3391 4948 3650 5024 στρεϐλοῖ
3677 4949 3797 5003 λοι-

2183 5050 2286 5106 πὸν
2310 5049 2411 5122 τὴν
2437 5045 2748 5119 οἰκοδομὴν,
2780 5048 2876 5102 καὶ
2909 5040 3205 5121 ότεδήποτε
3244 5043 3436 5098 πίπτει
3457 5046 3486 5099 6
3510 5038 3682 5109 οἶκος.
3730 5042 3799 5094 '0

2181 5141 2433 5214 τεχνίτης
2453 5139 2601 5194 ἐστὶν
2628 5141 2657 5193 6
2686 5140 2745 5194 ὲν
2775 5132 2974 5208 γνώσει
3012 5136 3205 5195 ποιῶν.
3238 5134 3537 5209 Συμόαίνει
3560 5135 3675 5206 γὰρ
3704 5135 3804 5189 ὅτι

2144 5230 2149 5235 ’
2183 5235 2282 5291 καὶ
2305 5235 2453 5291 ποιεῖ
2475 5249 2560 5298 τις
2588 5232 2759 5288 κόπον
2780 5228 2881 5304 τῆς
2902 5230 3126 5303 ἀρετῆς,
3151 5229 3246 5284 καὶ
3273 5229 3340 5283 ὲκ
3361 5222 3458 5285 τοῦ
3487 5229 3566 5302 μὴ
3605 5229 3807 5282 ποιεῖν

2184 5329 2244 5383 ὲν
2272 5324 2494 5397 γνώσει,
2526 5324 2750 5381 ἀναλύει
2784 5322 2967 5392 αὐτὸν,
3000 5323 3035 5395 ἢ
3066 5318 3220 5393 μένει
3258 5319 3655 5395 άσυστροφῶν,
3688 5320 3810 5375 καὶ

2188 5420 2265 5493 μὴ
2296 5420 2568 5493 εὑρίσκων
2596 5417 2883 5490 πληρῶσαι
2911 5414 2974 5469 τὸ
3010 5415 3173 5489 ἔργον
3203 5431 3218 5446 °
3250 5413 3389 5470 ἀλλὰ
3421 5413 3634 5486 βάλλων
3683 5412 3808 5465 ἕνα

2186 5512 2356 5581 λίθον,
2390 5512 2485 5567 καὶ
2540 5510 2789 5583 ἐπαίρων
2830 5508 3015 5563 αὐτόν.
3045 5507 3238 5561 Ἔστιν
3272 5505 3330 5561 δὲ
3371 5505 3532 5570 ἄλλος
3566 5503 3809 5575 βάλλων

2138 5594 2143 5599 ’
2179 5607 2300 5674 ἕνα,
2329 5608 2425 5663 καὶ
2467 5605 2710 5677 ἐπαίρων
2735 5602 2832 5658 δύο
2862 5619 2877 5637 ι
2913 5595 3026 5658 οἷόν
3052 5619 3105 5657 τι
3131 5601 3297 5671 λέγωο
3340 5599 3472 5654 Ἰδοὺ
3500 5598 3734 5670 ἔρχεται
3770 5596 3808 5648 6
