4062 6410
466 381 605 450 i783

1660 382 1722 441 S.
1784 378 2178 441 DOROTHEI
2237 381 2557 444 ABBATIS

3617 375 3740 441 1784

461 513 595 557 cens
643 504 700 554 et
750 503 991 567 gratum.
1043 491 1343 564 Subjicium
1392 490 1745 563 exemplum:
1797 490 2053 549 Occurrit

2158 508 2244 556 τις
2275 492 2408 564 μίαν
2438 494 2683 566 ὀρφανὴν
2713 494 2808 548 καὶ
2829 493 3052 564 πτωχὴν
3074 491 3370 562 εὔμορφον,
3398 487 3488 542 καὶ
3523 487 3741 558 ἀρέσκε-

461 593 590 664 quis
621 590 884 660 orphame
909 587 1104 660 puellae
1131 597 1186 642 et
1213 586 1400 656 inopi:
1436 584 1598 655 culus
1647 584 2057 655 pulchritudine

462 690 660 753 captus
690 689 747 737 et
774 680 1079 737 delectatus
1107 717 1124 745 ,
1161 677 1306 732 illam
1353 676 1587 746 suscipit
1635 675 1691 731 in
1729 675 1954 732 domum
1996 683 2058 731 ut

462 773 708 828 nutriat:
733 770 978 827 exterius
1005 776 1186 824 autem
1215 767 1270 822 in
1298 766 1484 823 animo
1509 777 1568 822 ut
1596 765 1718 838 ejus
1749 766 2055 838 pulchritu-

461 865 592 920 dine
636 861 953 920 delectetur.
999 859 1082 914 En
1121 860 1213 915 hic
1244 859 1498 914 voluntas
1527 857 1624 914 Dei
1660 867 1748 915 est
1784 868 1841 914 et
1886 859 2053 926 bona,

461 969 573 1009 non
602 963 784 1010 autem
812 951 1200 1022 beneplacens.
1231 949 1605 1022 Beneplacens
1620 950 1770 1006 enim
1795 958 1899 1019 est,
1927 965 2054 1007 cum

462 1045 589 1115 quis
614 1043 1018 1114 eleemosynam
1049 1041 1262 1107 fecerit,
1297 1056 1406 1097 non
1437 1048 1690 1112 respectu
1719 1041 1904 1113 aliquo
1950 1042 2055 1096 hu-

387 1194 399 1206 ,
460 1152 650 1205 mano,
679 1135 776 1193 sed
809 1136 881 1192 ob
920 1136 1101 1206 ipsum
1143 1135 1374 1202 bonum,
1417 1135 1492 1191 ob
1521 1135 1694 1206 ipsam
1739 1135 2057 1193 misericor-

462 1227 612 1284 diam
644 1235 700 1284 et
742 1227 1203 1298 compassionem.
1255 1226 1505 1285 Perfecta
1540 1236 1724 1284 autem
1767 1237 1852 1286 est
1875 1271 1890 1298 ,
1927 1244 2054 1286 cum

462 1319 588 1389 quis
617 1318 821 1390 petenti
857 1317 1047 1374 tribuit
1087 1333 1199 1374 non
1240 1332 1424 1389 parce,
1475 1333 1586 1374 non
1612 1317 1909 1384 desidiose,
1943 1333 2056 1374 non

462 1409 824 1482 negligenter,
863 1409 958 1466 sed
995 1417 1265 1481 prompte,
1302 1411 1435 1466 totis
1465 1410 1696 1475 viribus,
1728 1419 1841 1468 tota
1876 1411 2056 1468 inten—

461 1503 651 1569 tione;
678 1501 870 1572 sicque
897 1500 1122 1571 praebet,
1154 1509 1214 1556 ut
1243 1502 1530 1573 accipere;
1569 1502 1656 1560 sic
1683 1503 1949 1560 beneficio
1971 1503 2056 1559 af-

463 1596 602 1661 ﬁcit,
632 1603 694 1650 ut
729 1593 994 1672 beneficio
1021 1594 1162 1651 allici
1206 1594 1477 1652 videatur.
1513 1594 1592 1651 En
1622 1595 1922 1666 perfectam
1963 1612 2058 1654 vo-

462 1687 729 1743 luntatem
777 1685 896 1742 Dei.
941 1686 1019 1743 Ita
1057 1685 1362 1745 factitando
1402 1688 1644 1748 divinam
1692 1688 2076 1756 voluntatem,‘

463 1779 682 1849 qualem
703 1779 783 1834 ait
805 1777 1122 1849 Apostolus,
1145 1778 1829 1851 bonam,beneplacentem
1855 1790 1909 1838 et
1931 1795 2057 1852 per-

2157 601 2249 638 ται
2281 586 2373 640 διὰ
2392 587 2494 660 τὴν
2526 587 2855 659 εὐμορφίαν,
2887 586 2984 639 καὶ
3024 583 3297 653 λαμῦάνει
3329 580 3427 634 καὶ
3455 579 3742 650 ἀνατρέφει

2157 678 2330 750 αὐτήν
2357 695 2370 710 ⁸
2410 678 2665 746 δόξαντος
2693 676 2886 744 αὐτοῦ,
2913 678 2991 742 ὡς
3030 675 3279 750 ὀρφανὴν
3303 672 3528 744 πτωχὴν
3549 670 3743 741 εὐμορο-

2157 786 2278 838 φον.
2321 769 2455 824 Ἰδοὺ
2499 770 2597 826 καὶ
2639 769 2856 842 θέλημα
2893 768 3032 824 Θεοῦ
3063 769 3182 822 ἐστι
3207 766 3304 821 καὶ
3337 764 3545 833 ἀγαθόν
3583 764 3742 823 ἐστιν,

2156 863 2220 917 οὐ
2276 863 2462 934 μέντοι
2501 863 2598 917 καὶ
2645 864 2963 935 εὐάρεστον.
3019 862 3094 914 Τὸ
3147 860 3206 914 δέ
3267 858 3588 929 εὐάρεστον,
3628 856 3744 909 ὅταν

2159 958 2289 1028 ποιῇ
2313 973 2402 1020 τις
2433 953 2810 1026 ἐλεημοσύνην
2833 953 2895 1007 οὐ
2928 952 3018 1007 διά
3039 969 3156 1007 τινα
3190 949 3454 1019 λογισμὸν
3480 945 3746 1016 ἀνθρώπι-

2155 1060 2270 1109 νον,
2321 1043 2460 1098 ἀλλὰ
2491 1043 2560 1098 δι’
2615 1043 2750 1099 αὐτὸ
2767 1041 2831 1097 τὸ
2867 1040 3053 1105 καλὸν,
3100 1039 3190 1095 διὰ
3235 1039 3337 1110 τὴν
3385 1036 3740 1108 συμπάθειαν,

2156 1134 2320 1189 τοῦτό
2349 1137 2500 1190 ἐστιν
2528 1135 2828 1206 εὐάρεστον
2864 1135 2945 1207 τῷ
2969 1133 3113 1205 Θεῷ.
3166 1131 3240 1186 Τὸ
3279 1129 3338 1184 δὲ
3366 1128 3574 1184 τέλειόν
3608 1128 3747 1180 ἐστιν

2155 1229 2286 1284 ὅταν
2338 1228 2466 1298 ποιῇ
2517 1243 2606 1292 τις
2659 1224 3060 1296 ἐλεημοσύνην,
3120 1221 3197 1294 μὴ
3261 1220 3404 1276 κατά
3467 1217 3742 1283 κνιπείαν,

2160 1318 2297 1391 μηδὲ
2327 1318 2469 1373 κατὰ
2497 1318 2678 1383 ὄκνον,
2707 1316 2844 1388 μηδέ
2889 1315 3034 1370 κατὰ
3070 1311 3387 1386 ὀλιγωρίαν,
3423 1309 3561 1365 ἀλλὰ
3604 1308 3744 1380 πάσῃ

2156 1411 2407 1488 δυνάμει,
2439 1410 2534 1465 καὶ
2564 1411 2716 1482 πάσῃ
2751 1407 3073 1480 προαιρέσει
3099 1445 3116 1471 ,
3146 1405 3321 1470 οὕτως
3361 1403 3656 1476 παρέχων,
3678 1404 3746 1467 ὡς

2157 1505 2322 1571 αὐτὸς
2363 1503 2684 1576 λαμϐάνων,
2733 1500 2909 1567 οὕτως
2934 1498 3265 1572 εὐεργετῶν,
3293 1497 3369 1562 tit;
3405 1497 3572 1560 αὐτὸς
3597 1493 3747 1565 εὐερο

2157 1600 2509 1670 γετούμενος·
2538 1597 2635 1653 καὶ
2671 1595 2794 1651 τότε
2823 1595 3039 1665 γίνεται
3067 1592 3296 1648 τέλειον.
3326 1590 3442 1646 Καὶ
3466 1588 3642 1650 οὕτως
3663 1587 3746 1642 s6-

2160 1693 2415 1764 ρίσκεταί
2443 1709 2530 1756 τις
2561 1690 2734 1746 ποιῶν
2762 1689 2826 1744 τὸ
2869 1687 3085 1760 Θέλημα
3114 1685 3207 1741 τοῦ
3233 1683 3374 1740 Θεοῦ
3394 1725 3412 1752 ,
3450 1683 3527 1749 ὡς
3553 1682 3701 1752 λέγει
3720 1682 3749 1735 6

2171 1785 2515 1850 Ἀπόστολος,
2544 1783 2608 1838 τὸ
2650 1780 2858 1852 ἀγαθὸν
2891 1779 2987 1834 καὶ
3033 1778 3349 1849 εὐάρεστον,
3383 1777 3481 1832 καὶ
3522 1775 3747 1830 τέλειον.

463 1868 667 1926 fectam
714 1870 988 1941 complere
1025 1870 1152 1942 quis
1189 1872 1426 1943 poterit:
1474 1873 1578 1929 hoc
1619 1873 1884 1930 nimirum
1929 1851 2053 1942 est,

2172 1877 2306 1933 Ἰδοὺ
2335 1876 2496 1932 τοῦτό
2519 1877 2638 1932 ἐστι
2661 1874 2722 1930 τὸ
2754 1875 2814 1929 ἐν
2844 1873 3047 1944 γνώσει
3075 1871 3273 1926 ποιεῖν.

462 1959 612 2030 quod
647 1974 773 2017 cum
796 1959 1026 2016 scientia
1051 1966 1106 2016 et
1131 1961 1444 2033 cognitione
1469 1963 1699 2035 geritur.

535 2049 627 2108 Vl.
655 2052 819 2123 Optat
845 2067 976 2108 vero
1025 2051 1226 2124 aliquis
1265 2062 1508 2111 vestrum
1545 2070 1844 2127 agnoscere
1877 2071 2056 2128 quan-

462 2153 584 2202 tum
620 2142 694 2200 sit
717 2142 946 2212 bonum,
979 2152 1182 2215 quanta
1214 2147 1388 2217 gratia
1428 2146 1832 2220 eleemosyme?
1857 2162 2057 2220 magna

462 2232 712 2307 profecto
755 2243 860 2299 est.
906 2249 1029 2304 quae
1070 2245 1249 2306 potest
1289 2246 1517 2308 peccata
1553 2238 1851 2304 dimittere,
1884 2249 1946 2296 ut
1979 2241 2058 2297 ait

462 2327 733 2398 propheta
757 2346 773 2383 :
803 2326 1109 2398 Redemptio
1147 2329 1269 2396 uiri,
1293 2341 1413 2386 sunt
1439 2332 1671 2404 propria:
1690 2333 1890 2388 diuitiae
1909 2342 1960 2390 τ.
1992 2332 2060 2390 Et

463 2421 577 2476 alio
603 2421 763 2478 loco:
799 2419 870 2476 In
897 2421 1240 2493 etesmosynis
1283 2423 1483 2478 redime
1525 2433 1745 2494 peccata
1786 2434 1878 2482 tua
1903 2439 1951 2480 κ.
1990 2425 2060 2483 Et

462 2513 583 2585 ipse
611 2511 881 2570 Dominus
901 2511 1071 2570 dicit:
1107 2512 1294 2570 Estote
1314 2516 1699 2581 misericordes,
1726 2519 1865 2574 sicut
1892 2516 2059 2574 Pater

463 2613 636 2660 uester
666 2603 890 2660 calestis
920 2604 1220 2660 misericors
1247 2616 1322 2661 est
1355 2615 1400 2660 ι.
1449 2604 1568 2662 Non
1607 2606 1765 2674 dixit,
1794 2608 2056 2679 jejunate,

464 2706 530 2753 ut
563 2693 727 2754 Pater
752 2705 932 2754 vester
959 2695 1201 2754 caelestis
1234 2697 1470 2768 jejunat.
1512 2697 1702 2771 Neque
1733 2699 1893 2769 dixit,
1923 2715 2060 2772 pau-

463 2803 627 2860 peres
656 2796 854 2856 estote,
883 2798 946 2844 ut
970 2788 1132 2845 Pater
1157 2799 1339 2847 vester
1362 2791 1604 2848 caelestis
1631 2793 1790 2866 inops
1816 2802 1918 2851 est.
1950 2795 2058 2852 Sed

464 2882 598 2954 quid
621 2881 723 2937 ait?
740 2880 932 2938 Estote
948 2883 1339 2948 misericordes,
1359 2884 1496 2942 sicut
1524 2883 1690 2941 Pater
1718 2897 1888 2943 uester
1906 2890 2059 2945 caele.

463 2973 564 3027 stis
581 2973 878 3029 misericors
895 2983 1029 3029 esu.
1042 2973 1271 3046 Proprie
1292 2976 1439 3034 enim
1464 2977 1638 3036 virtus
1667 2979 1782 3051 ipsa
1810 2979 2060 3038 imitatur

464 3063 664 3132 Deum,
686 3064 863 3136 ipsum
890 3066 1149 3137 exprimit
1167 3075 1221 3124 et
1242 3068 1532 3141 significat.
1570 3068 1688 3127 Hoc
1707 3071 1872 3142 igitur
1887 3087 2058 3144 scopo

2228 2065 2322 2132 (τ’.
2359 2061 2517 2118 Θέλει
2539 2061 2649 2134 γάρ
2679 2077 2766 2126 τις
2791 2058 3085 2130 γινώσκειν
3125 2055 3259 2112 αὐτὸ
3303 2054 3364 2110 τὸ
3409 2051 3618 2123 ἀγαθὸν
3654 2053 3750 2125 τῆς

2155 2155 2561 2228 ἐλεημοσύνης,
2611 2144 2782 2225 αὐτῆν
2827 2151 2928 2223 τὴν
2971 2150 3134 2222 χάριν
3180 2148 3353 2220 αὐτῆς
3399 2147 3484 2202 ὃτι
3537 2145 3749 2218 μεγάλη

2156 2249 2328 2316 ἐστὶν,
2353 2249 2436 2304 ὅτι
2458 2247 2682 2303 δύναται
2703 2245 2802 2300 καὶ
2827 2245 3102 2316 ἁμαρτίας
3125 2241 3366 2313 ἀφιέναι,
3391 2239 3578 2303 καθὼς
3601 2238 3750 2307 λέγει

2156 2344 2185 2398 6
2211 2343 2502 2416 προφήτης
2520 2358 2536 2373 ·
2567 2341 2803 2410 Λύτρον
2821 2337 3065 2406 ἀνδρὸς,
3091 2337 3124 2390 6
3147 2335 3301 2401 ιδιος
3325 2332 3617 2398 πλοῦτος.
3642 2330 3752 2386 Καὶ

2156 2432 2322 2488 πάλιν
2347 2429 2586 2502 ἀλλαχοῦ
2609 2429 2793 2500 λέγει’
2831 2426 3301 2497 Ἑλεημσσύναις
3319 2425 3623 2492 λύτρωσαι
3647 2421 3752 2489 τὰς

2157 2523 2448 2594 ἁμαρτίας
2474 2536 2612 2576 σου.
2649 2519 2762 2573 Καὶ
2793 2517 2957 2583 αὐτὸς
2988 2519 3018 2570 6
3056 2515 3263 2587 Κύριος
3289 2510 3413 2568 εἷπε
3435 2529 3450 2544 ο
3494 2514 3753 2568 Γίνεσθε

2157 2614 2551 2683 οίκτίρμονες,
2581 2610 2776 2677 καθὼς
2803 2608 2901 2663 καί
2933 2611 2966 2663 d
2994 2606 3200 2676 Πατὴρ
3225 2605 3394 2676 ὑμῶν
3414 2608 3449 2660 ὁ
3469 2603 3752 2674 οὐράνιος

2157 2707 2477 2776 οἰκτίρμων
2504 2705 2699 2759 ἐστίν.
2735 2703 2851 2757 οὐκ
2880 2696 3032 2763 εἷπε·
3065 2699 3441 2772 Νηστεύσατε,
3476 2697 3552 2761 ὡς
3585 2699 3618 2752 6
3646 2700 3752 2753 Πα-

2156 2801 2260 2872 τὴρ
2287 2801 2441 2873 ὑμῶν
2483 2801 2510 2855 6
2554 2797 2807 2870 οὐράνιος
2835 2794 3110 2867 νηστεύει.
3153 2795 3290 2849 Οὐδὲ
3318 2789 3476 2848 εἷπε·
3528 2789 3754 2846 Γίνεσθε

2158 2897 2499 2966 ἀκτήμονες,
2547 2892 2626 2955 ὡς
2655 2895 2684 2946 6
2727 2890 2916 2962 Πατὴρ
2949 2888 3107 2959 ὑμῶν
3138 2889 3172 2942 6
3195 2887 3451 2959 οὐράνιος
3479 2885 3750 2956 ἀκτήμων

2157 2988 2325 3044 ἐστίν.
2361 2987 2523 3042 Ἀλλά
2553 2985 2609 3040 τί
2639 2984 2820 3052 λέγεις
2850 2983 3108 3037 Γίνεσθε
3131 2979 3523 3049 οἰκτίρμονες,
3555 2976 3754 3043 καθὼς

2159 3081 2260 3136 καί
2293 3083 2326 3135 ό
2365 3077 2568 3148 Πατὴρ
2605 3075 2775 3148 ὑμῶν
2805 3079 2840 3132 ὁ
2877 3073 3160 3145 οὐράνιος
3203 3072 3528 3142 οἰκτίρμων
3556 3070 3750 3126 ἐστίν.

464 3165 522 3214 et
540 3159 999 3226 consideratione,
1027 3168 1086 3216 ut
1111 3160 1478 3235 dixi,semper
1500 3163 1663 3221 nobis
1683 3179 1826 3235 opus
1857 3178 1974 3232 est;
1999 3175 2056 3220 ut

2179 3171 2384 3236 ἰδικῶς
2421 3171 2532 3242 γὰρ
2575 3171 2611 3240 ὴ
2653 3168 2825 3241 ἀρετὴ
2861 3167 3002 3239 αὓτη
3053 3167 3307 3239 μιμεῖται
3349 3164 3520 3218 Θεόν·
3574 3181 3752 3236 χαρα-

464 3266 680 3322 semper
702 3253 897 3310 intenti
919 3253 1095 3310 simus
1115 3269 1240 3311 cum
1267 3255 1498 3312 scientia
1521 3264 1576 3311 et
1595 3256 1908 3328 cognitione
1933 3273 2057 3329 ope-

2162 3264 2411 3336 κτηρίζει
2437 3263 2622 3318 αὐτόν.
2653 3261 2828 3334 Χρεία
2851 3257 2945 3316 οὖν
2975 3261 3147 3325 ἐστιν,
3179 3258 3257 3322 ὡς
3283 3257 3538 3328 εἴπομεν,
3574 3255 3755 3328 τούτῳ

463 3341 600 3399 rari.
616 3341 780 3400 Varie
802 3343 950 3400 enim
970 3353 1027 3401 et
1045 3344 1358 3402 dill'erenter
1371 3346 1710 3404 considerari
1756 3349 1900 3404 solet
1944 3349 2058 3405 ele-

465 3447 753 3505 cmosyna.
782 3435 942 3492 Alius
976 3436 1124 3491 enim
1150 3434 1705 3511 iaciteleemosyuam
1735 3447 1796 3496 ut
1829 3438 2056 3496 benedi-

465 3530 665 3585 centur
690 3541 818 3582 rura
841 3543 978 3595 sua;
1000 3535 1057 3582 et
1082 3527 1225 3584 Deus
1251 3527 1440 3599 utique
1467 3529 1631 3600 hujus
1659 3545 1789 3586 rura
1811 3539 1867 3585 et
1893 3544 2058 3602 agros

465 3615 762 3672 benedicit.
795 3616 950 3674 Alius
981 3617 1385 3690 eleemosynam
1421 3617 1587 3686 facit,
1625 3635 1694 3676 ne
1719 3621 2059 3692 periclitetur

465 3709 628 3765 navis
648 3723 752 3766 sua
786 3707 838 3765 in
866 3709 1041 3779 mari;
1069 3718 1126 3766 et
1155 3711 1298 3767 Deus
1332 3712 1524 3782 utique
1554 3713 1714 3770 istius
1744 3728 1938 3770 navem
1964 3715 2060 3770 de-

465 3802 622 3859 ducit
651 3805 706 3859 in
742 3812 962 3874 portum
1006 3803 1336 3860 incolumem
1365 3815 1419 3861 et
1447 3805 1639 3863 salvat.
1675 3806 1835 3864 Alius
1868 3815 1929 3863 ut
1956 3821 2058 3862 cu-

465 3896 672 3954 stodiat
719 3894 864 3953 Deus
918 3895 1059 3953 filios
1106 3911 1283 3965 suos;
1321 3905 1378 3954 et
1425 3898 1532 3956 bos
1563 3913 1781 3971 quoque
1817 3899 2059 3956 custodit

464 3990 634 4048 Deus.
662 3989 820 4048 Alius
846 3999 911 4046 ut
944 3990 1174 4063 gloriam
1204 4002 1620 4063 consequatur;
1658 4002 1715 4050 et
1747 3992 1876 4050 huic
1913 3992 2057 4051 Deus

465 4083 698 4154 gloriam
747 4083 1002 4156 largitur,
1043 4092 1100 4140 ct
1143 4085 1419 4141 neminem
1468 4083 1688 4142 fraudat
1737 4084 1902 4142 Deus.
1950 4085 2058 4143 Sed

465 4175 614 4246 quod
663 4174 900 4247 quisque
941 4173 1200 4243 voluerit,
1237 4175 1345 4232 hoc
1389 4175 1470 4231 illi
1510 4174 1628 4242 dat,
1663 4176 1967 4233 dummodo
2001 4177 2054 4232 id

467 4267 576 4324 tale
601 4282 710 4323 nou
734 4265 806 4325 sit
835 4267 981 4338 quod
1009 4267 1207 4324 animae
1237 4282 1351 4325 sua
1386 4277 1602 4326 noceat.
1641 4267 1745 4326 Sed
1777 4269 1837 4325 bi
1865 4284 2059 4328 omnes

464 4365 775 4423 mercedem
804 4381 962 4422 suam
993 4366 1292 4423 amittunt:
1327 4367 1540 4423 nullum
1569 4367 1716 4424 enim
1745 4367 2056 4438 depositum

466 4466 693 4514 servant
740 4457 884 4528 apud
934 4455 1130 4523 Deum,
1169 4471 1298 4513 cum
1348 4457 1572 4514 illorum
1615 4457 1846 4515 intentio
1889 4473 2056 4530 quam

2158 3355 2238 3428 τῷ
2290 3354 2478 3426 σκοπῷ
2529 3353 2822 3426 προσέχειν
2867 3351 2990 3418 ἀεὶ,
3039 3350 3138 3405 καὶ
3181 3351 3240 3405 ἐν
3293 3348 3496 3418 γνώσει
3557 3351 3753 3404 ποιεῖν.

2161 3447 2340 3519 Πολλὴ
2369 3447 2479 3520 γάρ
2505 3449 2655 3502 ἐστιν
2682 3449 2716 3518 ἡ
2749 3443 3005 3516 διαφορὰ,
3046 3443 3142 3498 καὶ
3166 3441 3262 3496 ἐπὶ
3289 3441 3382 3496 τοῦ
3414 3441 3626 3496 σκοποῦ
3655 3440 3757 3510 τῆς

2159 3539 2556 3612 ἐλεημοσύνης.
2589 3539 2748 3593 Ἐστι
2781 3537 2892 3608 γάρ
2915 3552 3003 3599 τις
3031 3533 3206 3589 ποιῶν
3235 3532 3634 3604 ἐλεημοσύνην,
3667 3529 3759 3584 διὰ

2158 3632 2220 3687 τὸ
2246 3629 2608 3702 εὐλογηθῆναι
2645 3629 2707 3683 τὸ
2733 3627 2934 3700 χωρίον
2960 3624 3148 3689 αὐτοῦ,
3178 3625 3274 3680 καὶ
3307 3627 3336 3678 6
3368 3623 3506 3688 Θεὸς
3533 3622 3757 3691 εὐλογεῖ

2159 3723 2221 3778 τὸ
2249 3722 2448 3795 χωρίον
2481 3719 2646 3775 αὐτοῦ
2681 3734 2697 3752 ο
2748 3719 2910 3783 ἄλλος
2959 3719 3107 3773 ποιεῖ
3147 3716 3546 3789 ἐλεημοσύνην,
3580 3714 3669 3769 διὰ
3695 3711 3761 3767 τὸ

2159 3817 2346 3871 πλοῖον
2389 3813 2578 3879 αὐτοῦ,
2626 3813 2722 3868 καὶ
2762 3814 2792 3868 6
2823 3813 2956 3876 Θεὸς
2993 3809 3158 3876 σώζει
3205 3811 3265 3865 τὸ
3319 3811 3504 3865 πλοῖον
3543 3805 3714 3863 αὐτοῦ
3740 3822 3759 3838 °

2160 3909 2321 3974 ἄλλος
2354 3909 2502 3962 ποιεῖ
2543 3905 2634 3961 διὰ
2675 3905 2748 3960 τὰ
2790 3904 2961 3959 τέκνα
2993 3902 3184 3971 αὐτοῦ,
3235 3901 3332 3956 καὶ
3364 3903 3394 3955 6
3421 3901 3558 3964 Θεὸς
3593 3897 3764 3964 σώζει

2161 4003 2255 4058 καὶ
2273 4001 2530 4071 φυλάττει
2557 3998 2628 4052 τὰ
2647 3997 2814 4052 τέκνα
2827 3994 2992 4050 αὐτοῦ
3014 4010 3028 4024 °
3066 3993 3224 4057 ἄλλος
3247 3993 3394 4046 ποιεῖ
3409 3989 3500 4045 διὰ
3519 3989 3582 4043 τὸ
3601 3987 3766 4053 δοξα-

2162 4096 2380 4167 σθῆναι,
2415 4093 2513 4148 καὶ
2542 4093 2572 4146 ὁ
2598 4090 2732 4154 Θεὸς
2764 4088 2979 4155 δοξάζει
3021 4085 3206 4153 αὐτὸν,
3242 4085 3336 4140 καὶ
3365 4084 3466 4138 οὐκ
3509 4081 3698 4136 ἀθετεῖ
3734 4080 3768 4135 6

2159 4189 2294 4253 Θεὸς
2315 4204 2460 4243 τινα.
2501 4184 2665 4240 Ἀλλὰ
2688 4183 2720 4238 ὃ
2745 4183 2888 4238 θέλει
2915 4182 3146 4245 ἕκαστος
3172 4177 3406 4249 παρέχει
3431 4174 3606 4246 αὐτῷ,
3628 4175 3766 4228 ὅταν

2165 4282 2240 4354 μὴ
2276 4281 2574 4351 βλάπτεται
2607 4279 2674 4332 ἐκ
2699 4275 2894 4331 τούτου
2933 4275 2968 4346 ἡ
3013 4271 3161 4344 ψυχὴ
3192 4269 3384 4326 αὐτοῦ.
3431 4268 3580 4322 Ἀλλ’
3606 4261 3766 4320 οὗτοι

2161 4375 2364 4438 πάντες
2417 4371 2682 4442 ἀπέχωσι
2740 4368 2833 4424 τὸν
2901 4366 3096 4438 μισθὸν
3149 4362 3332 4417 αὐτῶν
3356 4378 3372 4395 ο
3435 4360 3593 4415 οὐδὲν
3646 4358 3769 4430 γὰρ

2161 4465 2430 4522 ἀπέθεντο
2454 4463 2670 4526 ἑαυτοῖς
2699 4459 2852 4533 παρὰ
2879 4458 2960 4530 τῷ
2988 4456 3129 4527 Θεῷ,
3153 4454 3343 4526 ἐπειδὴ
3373 4453 3468 4508 καὶ
3495 4454 3527 4508 6
3553 4451 3771 4516 σκοπὸς

464 4547 857 4619 [immiserunt
879 4589 895 4615 ,
929 4562 1041 4604 non
1087 4549 1254 4605 fuerit
1289 4549 1361 4605 ob
1402 4548 1692 4605 utilitatem
1730 4549 1950 4606 animae.
1987 4548 2057 4605 Ut

2160 4554 2219 4610 ὃν
2249 4551 2579 4625 προέθεντο,
2629 4549 2731 4604 οὐκ
2760 4545 2830 4621 ἦν
2861 4547 2952 4602 διά
2981 4545 3083 4617 τὴν
3119 4545 3391 4616 ὠφέλειαν
3441 4544 3542 4614 τῆς
3575 4541 3771 4613 ψυχῆς

464 4637 815 4696 benediceret
855 4639 994 4696 Deus
1027 4655 1157 4696 rura
1185 4649 1241 4697 et
1267 4655 1430 4711 agros
1464 4649 1609 4707 tuos,
1640 4639 1850 4708 fecisti;
1887 4640 2057 4698 bene-

465 4731 608 4790 dixit
638 4731 728 4787 illa
765 4730 953 4800 Deus;
990 4732 1063 4788 ob
1091 4731 1236 4788 alios
1267 4742 1396 4789 tuos
1421 4729 1642 4799 fecisti;
1671 4731 1969 4789 custodivit
1995 4730 2058 4786 fi-

465 4818 575 4879 lios
599 4829 726 4880 tuos
764 4822 952 4880 Deus:
988 4831 1049 4879 ut
1081 4823 1315 4896 gloriam
1356 4823 1796 4892 consequereris,
1843 4821 2055 4890 fecisti;

465 4912 697 4983 gloriam
730 4913 828 4970 tibi
863 4913 1092 4984 largitus
1118 4923 1204 4972 est
1232 4915 1397 4972 Deus.
1436 4913 1555 4980 Qua
1585 4914 1752 4986 igitur
1779 4914 1835 4970 in
1869 4931 1932 4971 re
1957 4915 2057 4970 de-

465 5005 612 5062 bitor
639 5014 768 5063 tuus
794 5015 878 5063 est
908 5006 1096 5064 Deus?
1122 5007 1378 5064 Reddidit
1421 5007 1519 5063 tibi
1549 5021 1743 5063 eorum
1770 5021 1896 5080 quae
1924 5005 2060 5064 feci-

466 5101 561 5166 sti,
592 5117 758 5172 quam
807 5101 1028 5159 voluisti
1057 5102 1314 5173 gratiam.
1346 5101 1442 5157 Est
1477 5109 1661 5158 autem
1700 5110 1755 5158 et
1798 5101 1944 5158 alius
1977 5100 2058 5157 ia-

467 5193 620 5250 ciens
651 5194 1055 5266 eleemosynam
1105 5203 1169 5250 ut
1216 5193 1479 5250 liberetur
1525 5208 1558 5248 a
1602 5201 1831 5249 ventura
1875 5209 2058 5265 paena.

467 5283 612 5342 Ecce
645 5285 736 5342 hic
762 5283 898 5342 facit
931 5287 1006 5342 ob
1047 5285 1334 5342 utilitatem
1373 5285 1576 5341 animae
1613 5301 1728 5342 sua:
1753 5323 1770 5349 ,
1811 5285 1901 5342 hic
1933 5285 2064 5342 facit

467 5385 689 5450 propter
731 5376 924 5434 Deum.
981 5375 1102 5434 Non
1155 5386 1336 5435 tamen
1367 5388 1422 5434 ct
1459 5377 1552 5434 hic
1583 5377 1810 5434 omnino
1843 5385 1903 5432 ut.
1947 5378 2060 5434 vult

472 5470 640 5536 Deus,
675 5469 826 5526 facit.
863 5471 1060 5526 Adhuc
1097 5471 1243 5526 enim
1294 5471 1348 5526 iu
1397 5471 1581 5527 servili
1632 5478 1777 5526 statu
1812 5480 1898 5527 est
1947 5471 2056 5526 hic.

2156 4645 2357 4700 αὐτῶν.
2387 4642 2489 4698 Διὰ
2519 4643 2579 4696 τὸ
2603 4639 2972 4711 εὐλογηθῆναι
2992 4637 3054 4692 τὸ
3082 4637 3284 4710 χωρίον
3319 4653 3438 4701 σου,
3465 4635 3770 4706 ἐποίησας,

2154 4738 2450 4809 εὐλόγησεν
2480 4737 2510 4790 6
2550 4733 2684 4798 Θεὸς
2725 4733 2788 4786 τὸ
2827 4729 3030 4803 χωρίον
3059 4744 3194 4783 σου·
3237 4728 3329 4783 διὰ
3357 4727 3425 4782 τὰ
3457 4725 3624 4782 τέκνα
3665 4741 3774 4778 σου

2155 4831 2444 4903 ἐποίησας,
2474 4825 2711 4897 ἐφύλαξε
2735 4825 2808 4903 τὰ.
2829 4825 2997 4880 τέκνα
3027 4842 3124 4880 σου
3153 4826 3183 4878 6
3207 4823 3361 4887 Θεὸς.
3391 4821 3492 4902 ᾼιὰ
3516 4821 3583 4875 τὸ
3604 4820 3780 4884 δοξα-

2159 4899 2354 4994 σθῆναι
2385 4918 2674 4991 ἐποίησας,
2703 4899 2925 4983 ἐδόξασέ
2950 4933 3012 4970 σε
3039 4919 3067 4972 6
3085 4917 3240 4981 Θεός.
3276 4916 3343 4970 Τί
3368 4899 3462 4970 οὗν
3493 4912 3780 4986 χρεωστεῖ

2157 5031 2241 5069 σοι
2279 5011 2310 5065 6
2357 5008 2531 5075 Θεός;
2573 5008 2848 5063 ’Δπέδωκέ
2881 5025 2964 5062 σοι
3007 5007 3099 5063 τὸν
3131 5007 3328 5080 μισθὸν
3359 5000 3437 5062 ὧν
3469 5005 3777 5077 ἐποίησας.

2162 5106 2323 5160 Ἔστι
2351 5101 2410 5156 δὲ
2455 5100 2615 5164 ἄλλος
2654 5099 2829 5154 ποιῶν
2878 5097 3276 5171 ἐλεημοσύνην,
3315 5098 3404 5152 ἵνα
3435 5096 3610 5168 ῥυσθῇ
3656 5093 3784 5149 ἀπὸ

2159 5198 2258 5268 τῆς
2293 5193 2594 5266 μελλούσης
2632 5193 2909 5258 κολάσεως
2934 5211 2948 5225 ·
3003 5192 3114 5247 ίδοὺ
3157 5185 3312 5256 οὗτος
3349 5192 3495 5244 ποιεῖ
3535 5188 3630 5244 διὰ
3667 5189 3787 5259 τὴν

2159 5287 2336 5360 ψυχὴν
2363 5285 2530 5341 αὐτοῦ
2551 5302 2565 5317 ο
2602 5279 2760 5350 οὗτος
2792 5283 2941 5339 κατὰ.
2965 5282 3100 5338 Θεὸν
3137 5285 3318 5337 ποιεῖ’
3351 5282 3493 5352 πλὴν
3519 5282 3624 5343 οὐκ
3650 5281 3787 5335 ἔστι

2164 5381 2258 5434 καὶ
2287 5377 2472 5442 καθὼς
2501 5379 2646 5433 θέλει
2673 5381 2702 5432 6
2731 5378 2883 5442 Θεός.
2928 5377 3137 5448 ’Δκμὴν
3177 5376 3291 5450 γὰρ
3317 5379 3377 5432 ἐν
3417 5379 3487 5449 τῇ
3538 5376 3784 5447 δουλικῇ

2167 5471 2501 5526 καταστάσει
2531 5470 2700 5525 ἐστίν.
2745 5469 2803 5524 '0
2837 5468 3026 5532 δοῦλος
3049 5469 3111 5522 οὐ
3143 5471 3298 5526 ποιεῖ,
3320 5468 3383 5523 τὸ
3418 5467 3637 5539 θέλημα
3669 5465 3785 5521 τοῦ

471 5560 676 5618 Servus
702 5563 847 5618 enim
881 5579 985 5618 uon
1011 5562 1140 5619 facit
1167 5564 1499 5620 voluntatem
1528 5563 1736 5618 domini
1759 5563 1844 5618 sui
1865 5562 2057 5634 'spontc

2171 5565 2366 5636 κυρίου
2410 5564 2576 5619 αὐτοῦ
2629 5563 2836 5629 Θέλων,
2887 5561 3026 5616 ἀλλὰ
3081 5562 3420 5634 φοϐούμενος
3472 5564 3548 5634 μὴ
3598 5562 3784 5634 δαρῇ.

480 5664 534 5709 et
580 5655 793 5720 volens,
829 5657 923 5712 sed
962 5658 1160 5712 timens
1191 5672 1261 5712 ne
1310 5657 1552 5728 vapulet.
1593 5654 1860 5712 Similiter
1890 5665 1946 5712 et
1992 5657 2057 5711 hi:

2171 5659 2408 5728 Ὁμοίως
2440 5650 2598 5722 οὗτος
2632 5658 2797 5726 ποιεῖ,
2830 5656 2919 5711 ἵνα
2949 5655 3122 5729 ῥυσθῇ
3153 5653 3256 5726 τῆς
3283 5654 3582 5722 κολάσεως,
3617 5654 3721 5709 καὶ
3749 5652 3786 5704 ὁ

544 5847 570 5876 ν
601 5837 733 5896 Tob.
767 5853 861 5909 xu,
887 5839 939 5896 9.
1018 5856 1042 5884 ι
1071 5839 1230 5898 Prov.
1267 5857 1386 5911 xm,
1419 5842 1469 5898 8.
1550 5851 1573 5890 ἲ
1616 5840 1748 5898 Dan.
1783 5857 1853 5908 tv,
1885 5839 1976 5895 21.
2054 5850 2057 5876 τ

2158 5854 2241 5899 uc.
2265 5853 2340 5907 Vt,
2369 5839 2456 5894 56.
