4062 6418
329 375 466 440 1785

1686 389 2069 451 DOCTRINA
2092 391 2244 456 XIV.

3501 405 3607 468 786

325 487 458 550 Θεὸς
489 485 678 557 ῥύεται
707 485 872 544 αὐτὸν
899 489 996 544 ἀπ’
1018 491 1210 564 αὐτῆς.
1238 493 1431 560 ’Ἄλλος
1464 500 1612 553 ποιεῖ
1633 500 1732 571 τὴν
1762 500 1909 572 ἐλεη-

2018 496 2186 566 faeit,
2216 507 2276 556 ut
2317 516 2348 557 a
2393 517 2557 574 ptem
2597 503 2805 561 scilicet
2842 505 3124 572 liberetur,
3164 517 3218 564 et
3250 508 3426 579 ipsum
3461 511 3602 569 Dens

329 579 590 650 μοσύνην,
637 579 724 634 ἶνα
765 579 906 654 λάϐῃ
953 583 1165 654 μισθόν.
1206 586 1379 641 Τοῦτο
1431 590 1764 662 ὑψηλότερον
1813 593 1909 663 μέν

2016 607 2045 644 a
2073 606 2236 662 poena
2269 593 2542 651 liberabit.
2589 595 2745 652 Facit
2771 598 2914 654 alius
2938 600 3340 671 elecmosynam
3373 610 3433 657 ut
3465 618 3608 657 mer-

325 673 443 725 ἑστι
467 671 564 724 τοῦ
597 670 817 745 πρώτου
847 690 862 706 ο
905 674 1022 729 ἀλλ’
1049 676 1170 731 οὐδὲ
1199 678 1332 734 αὐτὸ
1361 681 1566 753 ἀκμὴν,
1605 683 1682 748 ὡς
1710 683 1852 739 θέλει
1885 686 1909 739 6

2016 684 2204 739 cedem
2241 686 2504 756 recipiat;
2541 689 2646 745 hoc
2683 691 2904 759 quidem
2950 693 3131 765 primo
3162 670 3327 750 altius
3359 704 3462 752 est.
3503 698 3610 754 Sed

323 764 480 828 Θεός.
535 763 703 819 Οὔπω
729 766 839 838 γάρ
870 767 988 821 ἐστι
1017 770 1076 822 ὲν
1102 773 1168 841 τῇ
1199 770 1294 824 τοῦ
1327 773 1447 826 υίοῦ
1475 775 1715 830 διαθέσει
1740 794 1753 807 ’
1797 777 1912 832 ἀλλ’

322 858 516 928 ὥσπερ
563 860 594 914 6
638 860 910 930 μισθωτὸς
955 866 1100 917 ποιεῖ
1137 863 1198 918 τὸ
1243 864 1455 937 θέλημα
1491 868 1586 922 τοῦ
1623 869 1910 936 δεσπότου,

241 964 254 970 ‘
319 947 408 1000 διὰ
459 946 522 1000 τὸ
571 948 761 1004 λαϐεῖν
808 951 901 1005 τὸν
947 949 1138 1022 μισθὸν
1179 951 1274 1006 τοῦ
1319 953 1587 1010 δεσπότου
1631 956 1728 1014 καὶ
1777 975 1911 1029 κερ-

319 1041 480 1094 δᾶναι
512 1055 527 1069 ⁸
572 1042 776 1112 ὁμοίως
825 1042 920 1097 καὶ
951 1035 1106 1110 οὗτος
1144 1049 1289 1101 ποιεῖ
1319 1048 1408 1103 διὰ
1433 1049 1494 1104 τὸ
1524 1049 1784 1122 κερδᾶναι
1814 1051 1911 1106 καὶ

320 1133 470 1205 ἔχειν
503 1134 718 1206 μισθόν.

391 1227 557 1298 Τρεῖς
591 1227 702 1299 γάρ
733 1227 841 1283 εισι
869 1229 1140 1297 διαθέσεις
1179 1233 1248 1288 δι’
1292 1230 1372 1290 ὧν
1407 1235 1698 1308 ὀφείλομεν
1729 1239 1910 1294 ποιεῖν

316 1318 382 1372 τὺ
411 1319 635 1386 ἀγαθὸν,
665 1320 742 1384 ὡς
772 1321 921 1390 λέγει
950 1325 980 1376 6
1006 1324 1162 1392 ἅγιος
1199 1326 1502 1398 Γρηγόριος
1529 1346 1542 1361 ο
1592 1329 1764 1384 ταῦτα
1815 1331 1911 1385 καὶ

317 1409 514 1463 ἄλλοτε
557 1403 712 1465 εἷπον
741 1411 897 1482 ὑμῖν.
929 1413 1002 1468 Ἦ
1034 1414 1144 1485 γὰρ
1183 1415 1511 1487 φοϐούμενοι
1551 1417 1653 1490 τὴν
1685 1419 1910 1474 κόλασιν

315 1498 588 1569 ποιοῦμεν
623 1499 685 1553 τὸ
714 1500 942 1570 ἀγαθὸν,
974 1505 1070 1558 καὶ
1102 1505 1274 1576 ἐσμὲν
1301 1507 1361 1561 ὲν
1384 1510 1452 1580 τῇ
1483 1508 1705 1583 δουλικῇ
1736 1528 1906 1566 κατα-

315 1594 514 1653 στάσει
537 1611 552 1625 ·
601 1594 636 1666 ἢ
679 1595 768 1650 διὰ
802 1595 864 1650 τὸ
898 1597 1086 1653 λαϐεῖν
1129 1599 1222 1654 τὸν
1255 1601 1472 1671 μισθὸν,
1509 1604 1605 1658 καὶ
1641 1605 1810 1678 ἐσμὲν
1848 1608 1910 1660 ἐν

311 1691 388 1758 τῇ
420 1687 660 1743 διαθέσει
686 1689 784 1744 τοῦ
817 1691 1088 1762 μισθωτοῦ
1111 1709 1128 1725 ⁸
1177 1694 1212 1765 ἦ
1245 1695 1312 1750 δι’
1341 1696 1478 1752 αὐτὸ
1497 1698 1560 1752 τὸ
1587 1698 1774 1767 καλὸν,
1815 1699 1910 1754 καὶ

311 1781 488 1852 ἐσμὲν
513 1784 572 1835 ὲν
604 1785 669 1856 τῇ
697 1782 937 1838 διαθέσει
966 1786 1062 1840 τοῦ
1100 1789 1242 1844 υίδυ.
1289 1788 1348 1842 '0
1379 1789 1493 1856 υἱὸς
1521 1791 1632 1865 γὰρ
1657 1793 1722 1846 οὐ
1762 1793 1909 1847 ποιεῖ

310 1847 753 1945 τδ“θέλημα’τοῦ
800 1877 1038 1949 πατέρος
1085 1879 1196 1932 άπδ
1226 1878 1414 1945 φόϐου,
1451 1847 1572 1936 οὐδὲ
1599 1847 1694 1947 ⁸ὡς
1739 1883 1910 1938 θέλων
1940 1847 1981 1903 Β

311 1965 453 2036 παρ’
481 1965 650 2020 αὑτοῦ
679 1965 867 2023 λαϐεῖν
915 1968 1131 2039 μισθὸν,
1165 1969 1302 2024 ἀλλὰ
1350 1971 1522 2026 θέλων
1571 1972 1907 2045 θεραπεῦσαι

311 2056 501 2123 αὐτὸν,
548 2056 720 2113 θέλων
769 2060 1004 2131 τιμῆσαι
1053 2061 1150 2117 καὶ
1200 2062 1514 2120 ἀναπαῦσαι
1563 2064 1748 2120 αὐτόν.
1797 2065 1909 2120 Καὶ

310 2151 479 2222 ἡμεῖς
507 2147 604 2206 οὖν
631 2151 806 2217 οὕτως
853 2153 1142 2226 ὀφείλομεν
1191 2156 1366 2212 ποιεῖν
1407 2157 1506 2228 τὴν
1537 2157 1910 2230 ἐλεημοσύνην

309 2244 402 2298 διὰ
426 2244 489 2299 τὸ
516 2245 702 2313 καλὸν,
725 2247 1139 2318 συμπάσχοντες
1165 2249 1438 2322 ἀλλήλοις,
1468 2251 1544 2316 ὡς
1571 2252 1723 2318 ἰδίοις
1752 2252 1912 2324 μέλε-

310 2350 437 2391 σιν⁶
483 2335 660 2400 οὕτως
688 2337 746 2392 δὲ
775 2337 1172 2410 θεραπεύοντές
1200 2357 1344 2405 τινα,
1388 2342 1467 2406 ώς
1513 2342 1598 2396 ὅτι
1632 2344 1792 2415 ἡμεῖς
1839 2342 1908 2398 δι’

305 2429 531 2484 ἐκείνου
583 2430 1050 2504 θεραπευόμεθαι·
1108 2433 1284 2499 οὕτως
1326 2435 1588 2501 διδόντες,
1629 2436 1706 2501 ὡς
1754 2437 1910 2492 αὐτοὶ⁵

305 2519 711 2592 λαμϐάνοντες.
758 2523 870 2578 Καὶ
915 2524 1053 2597 αῦτη
1102 2527 1248 2580 ἐστὶν
1276 2527 1310 2600 ή
1342 2529 1401 2581 ἐν
1442 2527 1640 2596 γνώσει
1677 2529 1908 2600 ἐλεημο-

305 2610 488 2684 σύνηο
549 2615 722 2682 οὕτως
765 2617 1138 2689 εὑρισκόμεθα
1177 2619 1272 2672 καὶ
1303 2621 1362 2674 ἐν
1394 2622 1460 2692 τῇ
1494 2619 1587 2674 τοῦ
1631 2620 1750 2674 υἱοῦ
1795 2621 1910 2674 δια-

305 2706 483 2773 θέσει,
509 2707 694 2773 καθὼς
718 2707 968 2781 εἴπομεν.
992 2710 1181 2776 Οὐδεὶς
1203 2710 1426 2766 δύναται
1449 2713 1624 2766 εἰπεῖν
1643 2729 1658 2742 ·
1687 2713 1908 2785 Πτωχός

301 2793 452 2868 εἰμι,
485 2797 580 2851 καὶ
607 2795 706 2852 οὐκ
735 2797 846 2870 ἔχω
877 2798 1044 2852 πόθεν
1085 2799 1325 2868 ἐλεῆσαι.
1358 2802 1479 2855 Κᾶν
1515 2802 1624 2876 γάρ
1653 2802 1715 2856 οὐ
1747 2801 1909 2857 δύνα-

305 2906 408 2944 σαι
427 2885 629 2954 δοῦναι,
661 2889 737 2954 ὡς
765 2891 962 2944 ἐκείνοι
987 2891 1040 2944 οἱ
1064 2891 1310 2945 πλούσιοι
1330 2893 1382 2946 οἱ
1408 2892 1643 2957 διδόντες
1670 2893 1739 2948 τὰ
1759 2894 1910 2966 δῶρα

301 2981 492 3036 αὐτῶν
538 2981 620 3045 είς
665 2980 726 3036 τὸ
780 2982 1204 3054 γαζοφυλάκιον,
1248 2984 1336 3048 δὸς
1382 2983 1477 3038 δύο
1527 2985 1719 3051 λεπτὰ,
1758 2985 1834 3050 ὡς
1872 2988 1906 3059 ἡ

302 3074 460 3144 χήρα
486 3073 520 3144 ἡ
550 3072 784 3144 πενιχρά
803 3087 818 3103 °
852 3073 946 3128 καὶ
981 3074 1338 3146 προσδέχεται
1371 3074 1512 3128 αὐτὰ
1537 3076 1573 3128 ό
1594 3075 1728 3140 Θεὸς
1754 3077 1908 3147 παρὰ

304 3161 410 3217 σοῦ
447 3163 588 3234 ὑπὲρ
617 3162 686 3217 τὰ
717 3163 865 3236 δῶρα
899 3165 1105 3219 ἐκεῖνα.
1158 3166 1294 3220 Οὐδὲ
1334 3163 1508 3232 οὕτως
1555 3166 1744 3238 ἐχεις;
1788 3167 1904 3222 ἀλλ’

305 3255 457 3328 ἔχεις
486 3254 714 3328 δύναμιν
745 3256 846 3310 καὶ
877 3255 1101 3311 δύνασαι
1127 3256 1194 3312 δι’
1225 3258 1530 3332 ὑπηρεσίας
1562 3259 1783 3331 ἐλεῆσαι
1811 3256 1903 3314 τὸν

308 3346 664 3404 ἀσθενοῦντα.
702 3347 778 3402 Οὐ
804 3347 1032 3402 δύνασαι
1059 3349 1180 3402 οὐδὲ
1206 3349 1382 3422 τούτῳ
1399 3351 1466 3418 1”;
1496 3350 1722 3404 δύνασαι
1759 3350 1909 3422 λόγῳ.

313 3438 697 3509 παρακαλέσαι
729 3437 820 3493 τὸν
852 3438 1082 3509 ἀδελφόν
1113 3456 1228 3494 σου.
1289 3439 1443 3494 Ἐλοῦ
1484 3436 1578 3496 οῦν
1611 3441 1774 3495 αὐτὸν
1817 3442 1906 3497 διὰ

310 3531 406 3586 τοῦ
433 3531 616 3600 λόγου,
649 3531 746 3585 καὶ
783 3531 1018 3587 ἄκουσον
1046 3531 1151 3586 τοῦ
1171 3533 1426 3603 λέγοντος
1449 3550 1462 3564 °
1523 3535 1771 3603 Ἀγαθός
1798 3537 1906 3591 λό-

311 3643 418 3695 γος
441 3624 596 3693 ὑπὲρ
621 3625 801 3695 δῶρα.
837 3625 1092 3692 ’Υπόθου,
1121 3627 1241 3682 οὐδὲ
1271 3627 1414 3700 λόγῳ
1435 3628 1660 3684 δύνασαι
1689 3630 1904 3702 ὡφελῆ-

313 3734 425 3779 σαι,
455 3716 682 3772 δύνασαι
711 3717 809 3772 ἐὰν
835 3717 1156 3790 παροξυνθῇ
1181 3719 1325 3774 κατὰ
1355 3720 1448 3774 σοῦ
1471 3723 1500 3774 ὁ
1521 3721 1750 3792 ἁδελφός
1784 3741 1906 3790 σου,

311 3808 542 3878 ποιῆσαι
575 3807 726 3872 ἔλεος
761 3809 843 3872 είς
881 3810 1068 3876 αὑτὸν,
1113 3811 1210 3864 καὶ
1243 3811 1513 3881 βαστάσαι
1554 3815 1715 3868 αὐτὸν
1743 3817 1802 3869 ἐν
1827 3815 1909 3886 τῷ

309 3901 492 3974 καιρῷ
519 3901 621 3970 τῆς
652 3902 899 3972 ταραχῆς
933 3901 1124 3968 αὐτοῦ,
1159 3901 1374 3973 βλέπων
1405 3905 1567 3960 αὐτὸν
1595 3907 1904 3978 ἐπηρεαζό-

316 4009 476 4063 μενον
499 3995 564 4046 ἐκ
587 3992 679 4047 τοῦ
703 3993 882 4047 κοινοῦ
904 3993 1098 4065 ἐχθροῦ
1122 4012 1138 4027 ·
1175 3995 1275 4049 καὶ
1289 3995 1410 4049 ἀντὶ
1433 3996 1527 4050 τοῦ
1547 3998 1720 4052 εἰπεῖν
1741 4000 1912 4056 αὑτὸν

312 4084 373 4140 ἓν
411 4085 567 4156 ῥῆμα
611 4085 707 4138 καὶ
739 4084 904 4140 πλέον
937 4085 1170 4157 ταράξαι
1217 4087 1403 4153 αὐτὸν,
1456 4089 1753 4160 σιωπῆσαι,
1809 4093 1904 4147 καὶ

313 4177 486 4231 ἐλεεῖν
517 4175 700 4243 αὐτὸν,
731 4177 827 4231 καὶ
867 4177 968 4250 τὴν
996 4177 1176 4250 ψυχὴν
1206 4178 1397 4244 αὐτοῦ,
1435 4181 1703 4237 ἀποσπῶν
1739 4185 1905 4240 αὑτὸν

313 4268 424 4322 ἀπὸ
451 4266 546 4322 τοῦ
580 4267 800 4340 ἐχθροῦ.
831 4267 1071 4322 Δύνασαι
1098 4269 1288 4338 πάλιν,
1308 4270 1403 4325 ἐὰν
1423 4272 1646 4346 ἁμάρτῃ
1677 4275 1760 4340 εἰς
1793 4277 1852 4331 σὲ
1875 4277 1906 4330 6

314 4361 543 4431 ἀδελφός
571 4378 692 4427 σου,
722 4358 944 4432 ἐλεῆσαι
972 4361 1160 4428 αὑτὸν,
1193 4363 1292 4417 καὶ
1341 4365 1565 4434 ἀφιέναι
1613 4365 1766 4438 αὐτῷ
1804 4368 1905 4439 τὴν

316 4452 593 4524 ἁμαρτίαν
614 4452 802 4520 αὐτοῦ,
832 4453 920 4508 ἵνα
947 4453 1130 4508 καὶσὺ
1159 4455 1355 4524 ἄφεσιν
1375 4456 1548 4532 λάϐῃς
1570 4459 1722 4531 παρὰ
1743 4460 1902 4516 Θεοῦ.

2013 784 2070 830 et
2097 777 2186 834 hic
2210 793 2320 834 non
2351 779 2483 836 facit
2511 783 2736 837 omnino
2759 783 2980 850 adhuc,‘
2997 795 3055 840 ut
3080 787 3198 842 vult
3226 786 3388 842 Deus.
3423 787 3611 858 Neque

2014 865 2161 920 enim
2197 869 2379 924 adhuc
2407 870 2573 926 estin
2603 871 2700 925 filii
2727 880 2875 928 statu
2911 891 2926 929 :
2957 875 3421 945 quemadmodum
3459 877 3608 931 enim

2014 959 2388 1015 mercenarius
2419 959 2546 1016 facit
2578 962 2913 1019 voluntatem
2947 965 3158 1021 domini
3197 968 3324 1034 sui;
3377 968 3607 1032 scilicet,

2015 1057 2076 1104 ut
2104 1051 2408 1108 mercedem
2438 1053 2667 1125 recipiat
2693 1064 2748 1112 et
2778 1055 3066 1114 lucretur:
3102 1059 3176 1115 ita
3205 1059 3294 1116 hic
3316 1059 3450 1116 facit
3473 1075 3610 1131 prae-

2012 1141 2109 1196 mii
2149 1145 2346 1213 gratia.

2088 1234 2251 1308 5.44
2307 1233 2418 1290 νη.
2469 1235 2607 1293 Tres
2654 1245 2833 1293 autem
2883 1247 3063 1296 status
3109 1249 3165 1296 et
3217 1241 3607 1312 dispositiones

2009 1339 2158 1396 sunt,
2184 1329 2342 1400 juxta
2368 1344 2508 1400 quas
2537 1345 2605 1386 ex
2637 1331 2654 1362 ¹
2690 1330 2878 1386 Basilii
2907 1334 3176 1387 sententia
3209 1331 3530 1390 benefacere
3550 1346 3608 1390 et

2009 1420 2266 1476 virtutem
2317 1434 2578 1478 exercere
2625 1420 2933 1486 debemus,
2977 1423 3046 1478 de
3093 1423 3296 1495 quibus
3345 1427 3606 1483 omnibus

2011 1511 2148 1568 alias
2189 1526 2498 1569 sermonem
2539 1527 2627 1569 me
2676 1513 2833 1569 vobis
2877 1511 3077 1571 fecisse
3122 1518 3497 1572 commemini.
3544 1518 3604 1573 Si

2007 1603 2154 1658 enim
2188 1605 2388 1660 timore
2408 1605 2671 1676 gehennae
2694 1605 3132 1674 benefaciamus,
3162 1607 3218 1661 in
3245 1609 3432 1664 servili
3457 1619 3604 1666 statu

2008 1711 2236 1754 sumus:
2268 1697 2314 1753 si
2343 1707 2403 1752 ut
2426 1697 2734 1754 mercedem
2764 1698 3122 1770 recipiamus,
3151 1700 3206 1754 in
3239 1704 3600 1758 mercenarii:

2009 1785 2057 1840 si
2089 1785 2218 1841 boni
2247 1787 2421 1856 ipsius
2441 1786 2640 1858 gratia,
2671 1785 2742 1844 ad
2766 1787 3003 1844 filiorum
3038 1796 3243 1844 statum
3279 1791 3601 1848 transimus.

2009 1877 2184 1934 Filius
2221 1879 2370 1934 enim
2400 1894 2508 1934 non
2557 1877 2691 1936 facit
2732 1879 2905 1950 patris
2947 1880 3286 1937 voluntatem
3329 1883 3402 1938 ob
3433 1883 3606 1940 timo-

2008 1985 2149 2036 rem,
2188 1985 2365 2042 neque
2399 1977 2459 2025 ut
2498 1970 2728 2040 recipiat
2760 1972 3066 2028 mercedem
3113 1973 3184 2029 ab
3228 1973 3344 2039 illo,
3375 1975 3470 2031 sed
3499 1991 3601 2030 vo-

2008 2062 2132 2118 lens
2164 2061 2244 2117 illi
2285 2060 2584 2128 deservire,
2612 2062 2804 2118 volens
2847 2062 3030 2134 ipsum
3079 2063 3374 2131 honorare,
3410 2065 3604 2121 volens

2007 2155 2113 2224 ipsi
2143 2155 2198 2211 in
2225 2156 2482 2211 omnibus
2521 2153 2752 2226 obsequi
2791 2163 2848 2211 et
2887 2168 3096 2210 morem
3129 2171 3336 2226 gerere.
3378 2155 3468 2212 Sic
3497 2157 3604 2228 igi—

2009 2256 2099 2304 tur
2124 2255 2180 2304 et
2203 2263 2304 2302 nos
2334 2247 2740 2318 eleemosynam
2769 2246 3041 2304 faciamus
3069 2250 3138 2306 ob
3171 2241 3345 2320 ipsius
3373 2250 3612 2306 eleemo—

2007 2353 2158 2412 syna:
2187 2340 2426 2409 bonum:
2456 2339 2850 2410 compatientes
2873 2348 3068 2395 mutuo
3090 2350 3150 2396 ut
3174 2341 3412 2413 prepriis
3429 2355 3603 2398 mem-

2007 2433 2143 2502 bris,
2175 2433 2257 2488 sic
2285 2447 2476 2487 curam
2506 2439 2760 2503 gerentes
2785 2430 3224 2502 uniuscujusque
3249 2442 3309 2487 ut
3325 2433 3394 2486 ab
3416 2448 3481 2488 eo
3502 2449 3602 2490 cu-

2007 2521 2121 2579 rari
2149 2537 2250 2578 nos
2281 2532 2598 2594 optaremus
2627 2539 2643 2588 ;
2675 2521 2758 2576 sic
2784 2521 3008 2588 dantes,
3027 2530 3288 2592 tanquam
3320 2522 3599 2590 accipere-

1959 2644 1966 2653 ι
2008 2631 2134 2672 mus
2167 2633 2183 2683 ;
2227 2623 2282 2672 et
2309 2615 2428 2671 haec
2465 2622 2550 2671 est
2577 2613 2923 2685 eleemosyna
2964 2629 3087 2684 quae
3131 2629 3257 2670 cum
3288 2615 3604 2686 cegnitione

2009 2707 2068 2762 fit
2093 2725 2107 2762 :
2137 2705 2233 2772 ita,
2267 2715 2326 2760 ut
2355 2704 2498 2769 dixi,
2534 2703 2587 2758 in
2623 2703 2858 2759 filiorum
2895 2712 3039 2760 statu
3072 2705 3398 2774 reperimur.
3428 2704 3603 2760 Nemo

2007 2805 2188 2852 autem
2217 2804 2394 2868 potest
2420 2795 2600 2852 dicere
2628 2813 2644 2849 :
2669 2793 2882 2864 Pauper
2913 2810 3061 2862 sum,
3093 2804 3148 2850 et
3192 2795 3340 2852 unde
3385 2795 3602 2852 miseri-

2007 2891 2247 2947 cordiam
2286 2886 2510 2955 faciam,
2545 2904 2654 2944 non
2691 2888 2884 2944 habeo.
2919 2886 2976 2943 Si
3012 2887 3161 2943 enim
3195 2903 3305 2943 non
3336 2897 3490 2964 potes
3519 2888 3603 2943 di-

2005 2983 2208 3038 vitibus
2239 2988 2292 3036 et
2321 2979 2636 3051 potentibus
2663 2994 2819 3051 :equa
2849 2977 3206 3046 distribuere,
3237 2980 3306 3036 da
3333 2979 3389 3035 in
3430 2995 3598 3052 gazo-

2007 3073 2321 3145 phylacium
2353 3074 2460 3128 duo
2494 3073 2729 3140 minuta,
2765 3079 2821 3125 ut
2849 3070 3012 3127 vidua
3041 3072 3134 3127 illa
3167 3071 3502 3142 paupercula,
3526 3083 3552 3111 ι
3580 3088 3606 3138 ;

2007 3171 2061 3217 et
2092 3163 2182 3217 illa
2212 3163 2411 3233 accipit
2453 3177 2484 3216 a
2531 3169 2584 3218 te
2616 3161 2760 3217 Deus
2793 3175 2956 3232 super
2981 3160 3214 3217 divitum
3243 3162 3414 3217 dona.
3441 3161 3600 3229 Quod

2012 3255 2058 3311 si
2091 3269 2192 3309 nec
2218 3254 2381 3308 etiam
2411 3253 2517 3310 hoc
2546 3253 2846 3323 habueris;
2895 3263 2951 3309 at
2994 3264 3141 3309 certe
3173 3263 3330 3325 potes
3359 3269 3458 3324 per
3495 3255 3603 3307 mi-

2012 3345 2296 3403 nisterium
2341 3345 2655 3417 aegrotantis
2697 3346 2968 3402 misereri.
3008 3344 3128 3401 Non
3175 3357 3330 3417 potes
3363 3355 3419 3401 et
3452 3347 3605 3402 hoc!

2013 3445 2171 3509 potes
2209 3438 2378 3494 verbo
2422 3437 2645 3493 fratrem
2686 3449 2836 3492 tuum
2881 3438 3159 3494 consolari
3202 3446 3257 3493 et
3297 3437 3600 3494 adhortari.

2011 3529 2275 3587 Miserere
2304 3530 2469 3598 igitur
2493 3529 2640 3584 illius
2664 3545 2760 3600 per
2785 3530 3034 3595 verbum,
3057 3538 3111 3585 et
3137 3530 3266 3586 audi
3297 3531 3604 3586 dicentem:

2024 3620 2251 3677 Verbum
2293 3622 2484 3675 bonum
2531 3619 2916 3695 superdatum
2965 3622 3224 3692 optimum
3253 3622 3304 3679 b.
3347 3620 3452 3677 Sed
3485 3631 3606 3678 esto

2013 3713 2161 3783 quod
2191 3727 2370 3782 neque
2399 3712 2568 3768 verbo
2609 3711 2790 3782 possis
2825 3711 3259 3767 misericordiam
3298 3711 3514 3766 facere:
3550 3719 3607 3765 at

2013 3814 2160 3862 certe
2187 3812 2341 3876 potes
2369 3805 2414 3860 si
2458 3806 2514 3859 in
2555 3815 2605 3860 te
2631 3805 2982 3860 excanduerit
3039 3803 3209 3858 frater
3230 3843 3246 3869 ,
3297 3802 3605 3873 fragilitatis

2011 3899 2160 3954 iflius
2188 3897 2434 3952 misereri
2462 3937 2477 3962 ,
2511 3904 2565 3952 et
2595 3911 2716 3952 eam
2745 3895 2888 3950 ferre
2915 3897 2968 3950 in
3006 3906 3248 3964 tempore
3272 3895 3605 3952 turbationis

2012 4003 2148 4054 suae,
2174 4003 2298 4044 cum
2334 4003 2444 4043 non
2480 3987 2698 4058 ignores
2731 3995 2998 4041 tentatum
3045 3985 3200 4040 illum
3242 4000 3272 4040 a
3315 3988 3598 4042 communi

2013 4083 2190 4138 hoste.
2229 4081 2476 4151 Cumque
2504 4078 2685 4151 possis
2724 4077 2797 4133 illi
2832 4078 3180 4149 respondere,
3223 4087 3278 4134 et
3317 4080 3596 4134 turbatum

2013 4173 2188 4245 magis
2219 4172 2548 4240 incendere;
2583 4170 2630 4226 si
2660 4179 2864 4236 taceas,
2896 4169 3334 4226 misericordiam
3376 4170 3514 4227 facis
3541 4171 3598 4228 in

2013 4265 2254 4320 animam
2284 4263 2422 4334 ejus,
2452 4274 2508 4319 et
2545 4263 2614 4318 de
2644 4262 2829 4318 hostili
2868 4277 2994 4317 eum
3031 4278 3199 4317 manu
3239 4263 3408 4333 rapis.
3438 4261 3603 4319 Potes

2013 4373 2256 4423 rursum,
2291 4356 2340 4412 si
2371 4356 2426 4411 in
2463 4362 2515 4412 te
2553 4355 2861 4426 peccaverit
2907 4355 3076 4412 frater
3114 4365 3263 4422 tuus,
3299 4357 3378 4410 illi
3418 4354 3605 4410 dimit-

2013 4463 2128 4508 tere
2155 4461 2210 4507 et
2225 4451 2518 4522 ignoscere
2543 4457 2830 4520 peccatum
2863 4448 3002 4520 ejus,
3037 4458 3098 4503 ut
3123 4457 3177 4504 et
3202 4457 3258 4502 tu
3296 4465 3326 4503 a
3372 4448 3604 4502 Domino

315 4544 480 4613 Λέγει
513 4545 655 4615 γάρ’
693 4545 899 4614 Ἄφετε
930 4544 1029 4599 καὶ
1064 4545 1434 4614 ἀφεθήσεται
1465 4551 1642 4620 ὺμῖνο
1690 4551 1786 4604 καὶ
1814 4551 1906 4604 εὑ-

2013 4541 2444 4600 misericordiam
2486 4552 2541 4598 et
2585 4541 2798 4597 veniam
2841 4542 3244 4612 consequaris:
3289 4541 3367 4596 ait
3410 4541 3600 4597 enim:

317 4633 482 4706 ρίσκῃ
512 4633 685 4688 ποιῶν
724 4633 874 4697 ἔλεος
923 4634 983 4700 ὲς
1025 4632 1125 4706 τὴν
1152 4634 1331 4709 ψυχὴν
1379 4635 1475 4692 τοῦ
1521 4639 1754 4710 ἀδελφοῦ
1789 4659 1906 4710 σου,

319 4724 621 4796 συγχωρῶν
647 4723 798 4796 αὐτῷ
821 4723 862 4780 ἃ.
883 4725 1134 4798 ἥμαρτεν
1167 4727 1249 4792 είς
1275 4728 1358 4783 σέ.
1395 4729 1604 4785 Ἔδωκε
1636 4733 1746 4806 γάρ
1775 4735 1909 4806 ἡμῖν

317 4819 345 4872 ό
366 4817 498 4882 Θεὸς
521 4814 794 4885 ἐξουσίαν,
819 4817 914 4872 ἐὰν
945 4817 1210 4890 θέλωμεν,
1236 4827 1544 4895 συγχωρεῖν
1565 4825 1818 4897 ἀλλήλοις
1837 4826 1909 4883 τὰ

317 4908 745 4983 παραπτώματα
776 4911 872 4964 καὶ
901 4911 981 4975 εἰς
1002 4913 1153 4982 ἡμᾶς
1179 4913 1443 4986 γινόμενα
1470 4931 1484 4947 ο
1521 4917 1616 4971 καὶ
1637 4917 1738 4972 οὐκ
1761 4917 1908 4990 ἔχεις

318 5000 436 5065 πῶς
467 5000 689 5070 ἐλεῆσαι
721 5000 784 5056 τὸ
815 5001 997 5074 σῶμα,
1036 5003 1210 5069 ἐλεεῖς
1251 5005 1310 5060 δὲ
1351 5005 1451 5077 τὴν
1483 5008 1662 5081 ψυχὴν
1693 5010 1860 5064 αὑτοῦ
1884 5025 1900 5043 ⁸

317 5094 412 5146 καὶ
440 5095 589 5146 ποῖον
621 5093 766 5158 ἕλεος
790 5093 958 5165 μέγα,
979 5094 1054 5159 ὡς
1077 5094 1138 5148 τὸ
1165 5095 1312 5162 ἕλεος
1337 5097 1436 5168 τῆς
1455 5098 1666 5170 ψυχῆς
1691 5100 1904 5174 ’Ὠσπερ

319 5194 429 5253 γάρ
461 5186 498 5258 ἡ
525 5185 672 5257 ψυχὴ
696 5188 999 5258 τιμιωτέρα
1027 5189 1145 5242 ἐστὶ
1174 5189 1271 5244 τοῦ
1302 5189 1576 5264 σώματος,
1599 5191 1774 5258 οὕτως
1808 5195 1905 5248 καὶ

321 5277 466 5342 ἔλεος
497 5279 559 5332 τδ
585 5284 865 5351 γινόμενον
912 5283 993 5346 είς
1036 5282 1137 5354 τὴν
1183 5282 1382 5355 ψυχὴν,
1424 5285 1610 5356 μεῖζόν
1643 5287 1762 5341 ἐστι
1807 5284 1904 5340 τοῦ

391 5465 421 5498 α
442 5453 612 5513 Marc.
648 5472 748 5523 ιιι,
800 5457 907 5525 42;
942 5455 1074 5514 Luc.
1102 5475 1214 5526 xxi,
1242 5460 1294 5517 Ι.
1371 5460 1401 5502 ι»
1427 5459 1599 5519 Eccli.
1625 5476 1780 5529 xvm,
1811 5463 1896 5518 l7.

2006 4636 2280 4692 Dimittite
2310 4644 2361 4690 et
2399 4635 2702 4690 dimittetur
2721 4636 2865 4689 vobis
2883 4645 2944 4690 σε
2975 4645 3029 4688 et
3057 4634 3138 4691 sic
3165 4634 3604 4692 misericordiam

2007 4727 2146 4787 facis
2185 4728 2240 4783 in
2271 4728 2511 4784 animam
2541 4725 2726 4782 fratris
2761 4725 2862 4791 tui,
2895 4725 3181 4782 dimittens
3207 4727 3284 4782 illi
3313 4739 3602 4798 peccatum

2005 4821 2157 4892 quod
2189 4821 2246 4876 in
2279 4827 2330 4876 te
2356 4819 2648 4876 commisit.
2683 4816 2914 4874 Videtur
2941 4817 3089 4874 enim
3124 4817 3270 4874 Deus
3303 4819 3464 4875 nobis
3504 4834 3604 4889 po-

2007 4921 2255 4968 testatem
2284 4911 2502 4967 dedisse
2534 4910 2844 4991 dimittendi
2877 4919 3100 4981 peccata
3137 4911 3280 4966 inter
3319 4927 3420 4966 nos
3446 4926 3601 4978 com-

2009 5001 2212 5059 missa:
2249 5003 2324 5059 ita
2360 5012 2421 5058 ut
2447 5002 2494 5059 si
2523 5019 2631 5058 non
2663 5003 2890 5068 habeas,
2913 5003 3190 5074 quomodo
3215 5003 3461 5072 corporis
3479 5001 3603 5070 ejus

2010 5097 2361 5166 miserearis,
2408 5097 2658 5154 misereri
2701 5099 2882 5168 possis
2919 5096 3136 5152 animae.
3185 5094 3251 5149 Et
3295 5094 3465 5163 quod,
3497 5095 3600 5150 ob-

2010 5204 2188 5254 secro,
2226 5190 2622 5247 misericordiae
2655 5189 2836 5262 majus
2875 5204 3048 5261 genus
3071 5195 3157 5244 est
3179 5225 3195 5250 ,
3224 5199 3388 5255 quam
3434 5184 3600 5239 mise-

2009 5289 2247 5346 ricordia
2275 5291 2508 5349 animae?
2542 5291 2614 5352 Ut
2641 5292 2789 5348 enim
2814 5287 3080 5346 illustrior
3107 5293 3191 5342 cst
3225 5280 3407 5340 anima
3427 5294 3597 5353 quam

1978 5473 2000 5502 ο
2035 5461 2169 5520 Luc.
2202 5481 2278 5530 vr,
2314 5464 2403 5522 57.

1618 5641 1852 5705 VARUS
1877 5640 2286 5701 LECTIONES.

397 5800 438 5836 "
471 5802 682 5860 Basilii.
717 5803 984 5876 Gregorii.
1061 5806 1104 5836 δ’
1138 5802 1313 5859 τοῦτο.
