  <div class='ocr_page' id='page_1' title='image "/cluster/home/n/w/nwhite01/storage/ocr_20150623/88/coo.31924054869924/911.png"; bbox 0 0 4062 6424; ppageno 0'>
   <div class='ocr_carea' id='block_1_1' title="bbox 468 374 604 438">
    <p class='ocr_par' dir='ltr' id='par_1_1' title="bbox 468 374 604 438">
     <span class='ocr_line' id='line_1_1' title="bbox 468 374 604 438; baseline 0 -1"><span class='ocrx_word' id='word_1_1' title='bbox 468 374 604 438; x_wconf 71' lang='lat'><strong>1787</strong></span> 
     </span>
    </p>
   </div>
   <div class='ocr_carea' id='block_1_2' title="bbox 1658 381 2550 446">
    <p class='ocr_par' dir='ltr' id='par_1_2' title="bbox 1658 381 2550 446">
     <span class='ocr_line' id='line_1_2' title="bbox 1658 381 2550 446; baseline 0.003 -3"><span class='ocrx_word' id='word_1_2' title='bbox 1658 386 1718 444; x_wconf 89' lang='lat' dir='ltr'><strong>S.</strong></span> <span class='ocrx_word' id='word_1_3' title='bbox 1786 381 2178 444; x_wconf 79' lang='lat' dir='ltr'><strong>DOROTHEI</strong></span> <span class='ocrx_word' id='word_1_4' title='bbox 2230 386 2550 446; x_wconf 65' lang='lat' dir='ltr'><strong>ABBATIS</strong></span> 
     </span>
    </p>
   </div>
   <div class='ocr_carea' id='block_1_3' title="bbox 3607 381 3730 448">
    <p class='ocr_par' dir='ltr' id='par_1_3' title="bbox 3607 381 3730 448">
     <span class='ocr_line' id='line_1_3' title="bbox 3607 381 3730 448; baseline 0.041 -5"><span class='ocrx_word' id='word_1_5' title='bbox 3607 381 3730 448; x_wconf 72' lang='grc' dir='ltr'><strong>ΓΞὃὸ</strong></span> 
     </span>
    </p>
   </div>
   <div class='ocr_carea' id='block_1_4' title="bbox 463 490 2047 571">
    <p class='ocr_par' dir='ltr' id='par_1_4' title="bbox 463 490 2047 568">
     <span class='ocr_line' id='line_1_4' title="bbox 463 490 2047 568; baseline 0.005 -26"><span class='ocrx_word' id='word_1_6' title='bbox 463 505 700 559; x_wconf 72' lang='lat' dir='ltr'><strong>corpus,</strong></span> <span class='ocrx_word' id='word_1_7' title='bbox 738 490 812 545; x_wconf 83' lang='lat' dir='ltr'><strong>ita</strong></span> <span class='ocrx_word' id='word_1_8' title='bbox 857 491 1230 550; x_wconf 64' lang='lat' dir='ltr'><strong>misericordia</strong></span> <span class='ocrx_word' id='word_1_9' title='bbox 1287 497 1487 551; x_wconf 79' lang='lat' dir='ltr'><strong>animae</strong></span> <span class='ocrx_word' id='word_1_10' title='bbox 1541 497 1717 568; x_wconf 80' lang='lat' dir='ltr'><strong>major</strong></span> <span class='ocrx_word' id='word_1_11' title='bbox 1757 505 1842 554; x_wconf 88' lang='lat' dir='ltr'><strong>est</strong></span> <span class='ocrx_word' id='word_1_12' title='bbox 1893 512 2047 567; x_wconf 88' lang='lat' dir='ltr'><strong>quam</strong></span> 
     </span>
    </p>
   </div>
   <div class='ocr_carea' id='block_1_5' title="bbox 2153 490 3727 571">
    <p class='ocr_par' dir='ltr' id='par_1_5' title="bbox 2164 497 3727 571">
     <span class='ocr_line' id='line_1_5' title="bbox 2164 497 3727 571; baseline 0.003 -19"><span class='ocrx_word' id='word_1_13' title='bbox 2164 501 2450 570; x_wconf 77' lang='grc' dir='ltr'><strong>γινομένου</strong></span> <span class='ocrx_word' id='word_1_14' title='bbox 2485 503 2566 562; x_wconf 78' lang='grc' dir='ltr'><strong>εἰς</strong></span> <span class='ocrx_word' id='word_1_15' title='bbox 2596 500 2658 554; x_wconf 85' lang='grc' dir='ltr'><strong>τὸ</strong></span> <span class='ocrx_word' id='word_1_16' title='bbox 2692 498 3044 571; x_wconf 75' lang='grc' dir='ltr'><strong>σῶμαοῶστε</strong></span> <span class='ocrx_word' id='word_1_17' title='bbox 3075 498 3249 562; x_wconf 74' lang='grc' dir='ltr'><strong>οὐδεὶς</strong></span> <span class='ocrx_word' id='word_1_18' title='bbox 3281 497 3508 554; x_wconf 71' lang='grc' dir='ltr'><strong>δύναται</strong></span> <span class='ocrx_word' id='word_1_19' title='bbox 3541 499 3727 570; x_wconf 79' lang='grc' dir='ltr'><strong>εἰπεῖν,</strong></span> 
     </span>
    </p>
   </div>
   <div class='ocr_carea' id='block_1_6' title="bbox 462 583 2052 660">
    <p class='ocr_par' dir='ltr' id='par_1_6' title="bbox 462 583 2052 660">
     <span class='ocr_line' id='line_1_6' title="bbox 462 583 2052 660; baseline 0.008 -27"><span class='ocrx_word' id='word_1_20' title='bbox 462 583 732 651; x_wconf 86' lang='lat' dir='ltr'><strong>corporis.</strong></span> <span class='ocrx_word' id='word_1_21' title='bbox 772 583 852 639; x_wconf 87' lang='lat' dir='ltr'><strong>Ita</strong></span> <span class='ocrx_word' id='word_1_22' title='bbox 889 584 1006 654; x_wconf 85' lang='lat' dir='ltr'><strong>jam</strong></span> <span class='ocrx_word' id='word_1_23' title='bbox 1049 596 1229 656; x_wconf 89' lang='lat' dir='ltr'><strong>potest</strong></span> <span class='ocrx_word' id='word_1_24' title='bbox 1269 601 1432 644; x_wconf 85' lang='lat' dir='ltr'><strong>nemo</strong></span> <span class='ocrx_word' id='word_1_25' title='bbox 1465 589 1682 656; x_wconf 82' lang='lat' dir='ltr'><strong>dicere,</strong></span> <span class='ocrx_word' id='word_1_26' title='bbox 1731 605 1840 645; x_wconf 88' lang='lat' dir='ltr'><strong>non</strong></span> <span class='ocrx_word' id='word_1_27' title='bbox 1889 605 2052 660; x_wconf 83' lang='lat' dir='ltr'><strong>posse</strong></span> 
     </span>
    </p>
   </div>
   <div class='ocr_carea' id='block_1_7' title="bbox 464 675 2049 756">
    <p class='ocr_par' dir='ltr' id='par_1_7' title="bbox 464 675 2049 756">
     <span class='ocr_line' id='line_1_7' title="bbox 464 675 2049 756; baseline 0.008 -26"><span class='ocrx_word' id='word_1_28' title='bbox 464 691 524 730; x_wconf 87' lang='lat' dir='ltr'><strong>se</strong></span> <span class='ocrx_word' id='word_1_29' title='bbox 555 675 985 734; x_wconf 77' lang='lat' dir='ltr'><strong>misericordiam</strong></span> <span class='ocrx_word' id='word_1_30' title='bbox 1017 677 1216 737; x_wconf 78' lang='lat' dir='ltr'><strong>facere.</strong></span> <span class='ocrx_word' id='word_1_31' title='bbox 1254 681 1441 739; x_wconf 87' lang='lat' dir='ltr'><strong>Potest</strong></span> <span class='ocrx_word' id='word_1_32' title='bbox 1474 685 1854 756; x_wconf 76' lang='lat' dir='ltr'><strong>unusquisque</strong></span> <span class='ocrx_word' id='word_1_33' title='bbox 1892 685 2049 754; x_wconf 75' lang='lat' dir='ltr'><strong>juxta</strong></span> 
     </span>
    </p>
   </div>
   <div class='ocr_carea' id='block_1_8' title="bbox 465 769 2052 840">
    <p class='ocr_par' dir='ltr' id='par_1_8' title="bbox 465 769 2052 840">
     <span class='ocr_line' id='line_1_8' title="bbox 465 769 2052 840; baseline 0.007 -20"><span class='ocrx_word' id='word_1_34' title='bbox 465 769 608 823; x_wconf 77' lang='lat' dir='ltr'><strong>vires</strong></span> <span class='ocrx_word' id='word_1_35' title='bbox 634 776 689 823; x_wconf 89' lang='lat' dir='ltr'><strong>et</strong></span> <span class='ocrx_word' id='word_1_36' title='bbox 718 779 920 827; x_wconf 87' lang='lat' dir='ltr'><strong>statum</strong></span> <span class='ocrx_word' id='word_1_37' title='bbox 962 787 1124 828; x_wconf 89' lang='lat' dir='ltr'><strong>suum</strong></span> <span class='ocrx_word' id='word_1_38' title='bbox 1166 773 1414 831; x_wconf 85' lang='lat' dir='ltr'><strong>misereri</strong></span> <span class='ocrx_word' id='word_1_39' title='bbox 1444 814 1459 840; x_wconf 91' lang='lat'><strong>,</strong></span> <span class='ocrx_word' id='word_1_40' title='bbox 1489 769 1792 833; x_wconf 83' lang='lat' dir='ltr'><strong>dummodo</strong></span> <span class='ocrx_word' id='word_1_41' title='bbox 1833 777 2052 832; x_wconf 75' lang='lat' dir='ltr'><strong>studeat</strong></span> 
     </span>
    </p>
   </div>
   <div class='ocr_carea' id='block_1_9' title="bbox 463 860 2053 939">
    <p class='ocr_par' dir='ltr' id='par_1_9' title="bbox 463 860 2053 939">
     <span class='ocr_line' id='line_1_9' title="bbox 463 860 2053 939; baseline 0.009 -27"><span class='ocrx_word' id='word_1_42' title='bbox 463 860 728 929; x_wconf 83' lang='lat' dir='ltr'><strong>quidquid</strong></span> <span class='ocrx_word' id='word_1_43' title='bbox 771 861 876 917; x_wconf 86' lang='lat' dir='ltr'><strong>erit</strong></span> <span class='ocrx_word' id='word_1_44' title='bbox 904 862 1054 927; x_wconf 86' lang='lat' dir='ltr'><strong>boni,</strong></span> <span class='ocrx_word' id='word_1_45' title='bbox 1090 863 1220 920; x_wconf 85' lang='lat' dir='ltr'><strong>illud</strong></span> <span class='ocrx_word' id='word_1_46' title='bbox 1261 880 1422 937; x_wconf 86' lang='lat' dir='ltr'><strong>agere</strong></span> <span class='ocrx_word' id='word_1_47' title='bbox 1455 881 1580 923; x_wconf 90' lang='lat' dir='ltr'><strong>cum</strong></span> <span class='ocrx_word' id='word_1_48' title='bbox 1622 869 1954 939; x_wconf 85' lang='lat' dir='ltr'><strong>cognitione,</strong></span> <span class='ocrx_word' id='word_1_49' title='bbox 1993 881 2053 926; x_wconf 91' lang='lat' dir='ltr'><strong>ut</strong></span> 
     </span>
    </p>
   </div>
   <div class='ocr_carea' id='block_1_10' title="bbox 464 951 2048 1023">
    <p class='ocr_par' dir='ltr' id='par_1_10' title="bbox 464 951 2048 1023">
     <span class='ocr_line' id='line_1_10' title="bbox 464 951 2048 1023; baseline 0.007 -18"><span class='ocrx_word' id='word_1_50' title='bbox 464 952 718 1021; x_wconf 83' lang='lat' dir='ltr'><strong>superius</strong></span> <span class='ocrx_word' id='word_1_51' title='bbox 740 951 810 1007; x_wconf 91' lang='lat' dir='ltr'><strong>de</strong></span> <span class='ocrx_word' id='word_1_52' title='bbox 829 954 1073 1023; x_wconf 87' lang='lat' dir='ltr'><strong>qualibet</strong></span> <span class='ocrx_word' id='word_1_53' title='bbox 1097 957 1298 1012; x_wconf 82' lang='lat' dir='ltr'><strong>virtute</strong></span> <span class='ocrx_word' id='word_1_54' title='bbox 1317 958 1577 1016; x_wconf 78' lang='lat' dir='ltr'><strong>diximus.</strong></span> <span class='ocrx_word' id='word_1_55' title='bbox 1603 958 1856 1017; x_wconf 79' lang='lat' dir='ltr'><strong>Diximus</strong></span> <span class='ocrx_word' id='word_1_56' title='bbox 1899 963 2048 1018; x_wconf 89' lang='lat' dir='ltr'><strong>enim</strong></span> 
     </span>
    </p>
   </div>
   <div class='ocr_carea' id='block_1_11' title="bbox 461 1044 2054 1123">
    <p class='ocr_par' dir='ltr' id='par_1_11' title="bbox 461 1044 2054 1123">
     <span class='ocr_line' id='line_1_11' title="bbox 461 1044 2054 1123; baseline 0.008 -27"><span class='ocrx_word' id='word_1_57' title='bbox 461 1057 588 1098; x_wconf 88' lang='lat' dir='ltr'><strong>eum</strong></span> <span class='ocrx_word' id='word_1_58' title='bbox 620 1044 714 1112; x_wconf 91' lang='lat' dir='ltr'><strong>qui</strong></span> <span class='ocrx_word' id='word_1_59' title='bbox 744 1058 870 1104; x_wconf 86' lang='lat' dir='ltr'><strong>cum</strong></span> <span class='ocrx_word' id='word_1_60' title='bbox 913 1045 1143 1103; x_wconf 88' lang='lat' dir='ltr'><strong>scientia</strong></span> <span class='ocrx_word' id='word_1_61' title='bbox 1173 1057 1230 1103; x_wconf 88' lang='lat' dir='ltr'><strong>et</strong></span> <span class='ocrx_word' id='word_1_62' title='bbox 1259 1049 1570 1120; x_wconf 79' lang='lat' dir='ltr'><strong>cognitione</strong></span> <span class='ocrx_word' id='word_1_63' title='bbox 1597 1059 1858 1123; x_wconf 76' lang='lat' dir='ltr'><strong>operatur</strong></span> <span class='ocrx_word' id='word_1_64' title='bbox 1879 1095 1896 1122; x_wconf 88' lang='lat'><strong>,</strong></span> <span class='ocrx_word' id='word_1_65' title='bbox 1928 1067 2054 1110; x_wconf 84' lang='lat' dir='ltr'><strong>esse</strong></span> 
     </span>
    </p>
   </div>
   <div class='ocr_carea' id='block_1_12' title="bbox 464 1134 2053 1212">
    <p class='ocr_par' dir='ltr' id='par_1_12' title="bbox 464 1134 2053 1212">
     <span class='ocr_line' id='line_1_12' title="bbox 464 1134 2053 1212; baseline 0.008 -26"><span class='ocrx_word' id='word_1_66' title='bbox 464 1134 914 1203; x_wconf 86' lang='lat' dir='ltr'><strong>probatissimum</strong></span> <span class='ocrx_word' id='word_1_67' title='bbox 947 1137 1305 1194; x_wconf 81' lang='lat' dir='ltr'><strong>architectum</strong></span> <span class='ocrx_word' id='word_1_68' title='bbox 1331 1181 1346 1206; x_wconf 96' lang='lat'><strong>,</strong></span> <span class='ocrx_word' id='word_1_69' title='bbox 1386 1141 1482 1212; x_wconf 88' lang='lat' dir='ltr'><strong>qui</strong></span> <span class='ocrx_word' id='word_1_70' title='bbox 1515 1143 1738 1198; x_wconf 90' lang='lat' dir='ltr'><strong>domum</strong></span> <span class='ocrx_word' id='word_1_71' title='bbox 1770 1160 1932 1201; x_wconf 85' lang='lat' dir='ltr'><strong>suam</strong></span> <span class='ocrx_word' id='word_1_72' title='bbox 1964 1161 2053 1201; x_wconf 86' lang='lat' dir='ltr'><strong>se-</strong></span> 
     </span>
    </p>
   </div>
   <div class='ocr_carea' id='block_1_13' title="bbox 465 1226 2049 1308">
    <p class='ocr_par' dir='ltr' id='par_1_13' title="bbox 465 1226 2049 1308">
     <span class='ocr_line' id='line_1_13' title="bbox 465 1226 2049 1308; baseline 0.008 -28"><span class='ocrx_word' id='word_1_73' title='bbox 465 1241 631 1281; x_wconf 85' lang='lat' dir='ltr'><strong>curus</strong></span> <span class='ocrx_word' id='word_1_74' title='bbox 660 1226 913 1282; x_wconf 72' lang='lat' dir='ltr'><strong>aedificat.</strong></span> <span class='ocrx_word' id='word_1_75' title='bbox 942 1227 1018 1283; x_wconf 91' lang='lat' dir='ltr'><strong>De</strong></span> <span class='ocrx_word' id='word_1_76' title='bbox 1045 1231 1246 1287; x_wconf 83' lang='lat' dir='ltr'><strong>talibus</strong></span> <span class='ocrx_word' id='word_1_77' title='bbox 1280 1232 1446 1288; x_wconf 83' lang='lat' dir='ltr'><strong>etiam</strong></span> <span class='ocrx_word' id='word_1_78' title='bbox 1485 1235 1620 1292; x_wconf 87' lang='lat' dir='ltr'><strong>dicit</strong></span> <span class='ocrx_word' id='word_1_79' title='bbox 1649 1237 2002 1308; x_wconf 86' lang='lat' dir='ltr'><strong>Evangelium</strong></span> <span class='ocrx_word' id='word_1_80' title='bbox 2034 1255 2049 1293; x_wconf 92' lang='lat'><strong>:</strong></span> 
     </span>
    </p>
   </div>
   <div class='ocr_carea' id='block_1_14' title="bbox 463 1320 2054 1396">
    <p class='ocr_par' dir='ltr' id='par_1_14' title="bbox 463 1320 2054 1396">
     <span class='ocr_line' id='line_1_14' title="bbox 463 1320 2054 1396; baseline 0.006 -22"><span class='ocrx_word' id='word_1_81' title='bbox 463 1320 604 1386; x_wconf 82' lang='lat' dir='ltr'><strong>Quia</strong></span> <span class='ocrx_word' id='word_1_82' title='bbox 628 1321 837 1378; x_wconf 86' lang='lat' dir='ltr'><strong>scilicet</strong></span> <span class='ocrx_word' id='word_1_83' title='bbox 864 1323 948 1376; x_wconf 79' lang='lat' dir='ltr'><strong>vir</strong></span> <span class='ocrx_word' id='word_1_84' title='bbox 984 1324 1217 1393; x_wconf 77' lang='lat' dir='ltr'><strong>prudens</strong></span> <span class='ocrx_word' id='word_1_85' title='bbox 1246 1327 1481 1396; x_wconf 69' lang='lat' dir='ltr'><strong>aediﬁcat</strong></span> <span class='ocrx_word' id='word_1_86' title='bbox 1517 1329 1735 1383; x_wconf 83' lang='lat' dir='ltr'><strong>domum</strong></span> <span class='ocrx_word' id='word_1_87' title='bbox 1773 1347 1926 1384; x_wconf 67' lang='lat' dir='ltr'><strong>sua»:</strong></span> <span class='ocrx_word' id='word_1_88' title='bbox 1959 1347 2054 1384; x_wconf 80' lang='lat' dir='ltr'><strong>su-</strong></span> 
     </span>
    </p>
   </div>
   <div class='ocr_carea' id='block_1_15' title="bbox 461 1410 2050 1482">
    <p class='ocr_par' dir='ltr' id='par_1_15' title="bbox 461 1410 2050 1482">
     <span class='ocr_line' id='line_1_15' title="bbox 461 1410 2050 1482; baseline 0.008 -16"><span class='ocrx_word' id='word_1_89' title='bbox 461 1429 555 1482; x_wconf 77' lang='lat' dir='ltr'><strong>per</strong></span> <span class='ocrx_word' id='word_1_90' title='bbox 575 1421 782 1482; x_wconf 84' lang='lat' dir='ltr'><strong>petram</strong></span> <span class='ocrx_word' id='word_1_91' title='bbox 805 1410 867 1481; x_wconf 68' lang='grc' dir='ltr'><strong>δ,</strong></span> <span class='ocrx_word' id='word_1_92' title='bbox 905 1414 978 1469; x_wconf 89' lang='lat' dir='ltr'><strong>ita</strong></span> <span class='ocrx_word' id='word_1_93' title='bbox 1019 1423 1078 1470; x_wconf 88' lang='lat' dir='ltr'><strong>ut</strong></span> <span class='ocrx_word' id='word_1_94' title='bbox 1109 1416 1294 1474; x_wconf 88' lang='lat' dir='ltr'><strong>nullus</strong></span> <span class='ocrx_word' id='word_1_95' title='bbox 1327 1419 1584 1476; x_wconf 82' lang='lat' dir='ltr'><strong>incursus</strong></span> <span class='ocrx_word' id='word_1_96' title='bbox 1627 1422 1872 1477; x_wconf 88' lang='lat' dir='ltr'><strong>hostium</strong></span> <span class='ocrx_word' id='word_1_97' title='bbox 1903 1423 2050 1478; x_wconf 88' lang='lat' dir='ltr'><strong>illam</strong></span> 
     </span>
    </p>
   </div>
   <div class='ocr_carea' id='block_1_16' title="bbox 463 1507 2054 1588">
    <p class='ocr_par' dir='ltr' id='par_1_16' title="bbox 463 1507 2054 1588">
     <span class='ocr_line' id='line_1_16' title="bbox 463 1507 2054 1588; baseline 0.009 -29"><span class='ocrx_word' id='word_1_98' title='bbox 463 1507 642 1576; x_wconf 85' lang='lat' dir='ltr'><strong>possit</strong></span> <span class='ocrx_word' id='word_1_99' title='bbox 668 1517 967 1564; x_wconf 85' lang='lat' dir='ltr'><strong>concutere</strong></span> <span class='ocrx_word' id='word_1_100' title='bbox 1000 1518 1095 1564; x_wconf 90' lang='lat' dir='ltr'><strong>aut</strong></span> <span class='ocrx_word' id='word_1_101' title='bbox 1127 1525 1366 1567; x_wconf 83' lang='lat' dir='ltr'><strong>movere.</strong></span> <span class='ocrx_word' id='word_1_102' title='bbox 1398 1512 1543 1570; x_wconf 86' lang='lat' dir='ltr'><strong>Deus</strong></span> <span class='ocrx_word' id='word_1_103' title='bbox 1574 1516 1842 1588; x_wconf 82' lang='lat' dir='ltr'><strong>benignus</strong></span> <span class='ocrx_word' id='word_1_104' title='bbox 1865 1525 1916 1572; x_wconf 91' lang='lat' dir='ltr'><strong>et</strong></span> <span class='ocrx_word' id='word_1_105' title='bbox 1943 1518 2054 1574; x_wconf 88' lang='lat' dir='ltr'><strong>cle-</strong></span> 
     </span>
    </p>
   </div>
   <div class='ocr_carea' id='block_1_17' title="bbox 465 1601 2050 1678">
    <p class='ocr_par' dir='ltr' id='par_1_17' title="bbox 465 1601 2050 1678">
     <span class='ocr_line' id='line_1_17' title="bbox 465 1601 2050 1678; baseline 0.011 -28"><span class='ocrx_word' id='word_1_106' title='bbox 465 1613 622 1653; x_wconf 88' lang='lat' dir='ltr'><strong>mens</strong></span> <span class='ocrx_word' id='word_1_107' title='bbox 650 1610 871 1668; x_wconf 68' lang='lat' dir='ltr'><strong>praestet</strong></span> <span class='ocrx_word' id='word_1_108' title='bbox 909 1601 1069 1657; x_wconf 89' lang='lat' dir='ltr'><strong>nobis</strong></span> <span class='ocrx_word' id='word_1_109' title='bbox 1099 1603 1290 1659; x_wconf 89' lang='lat' dir='ltr'><strong>audire</strong></span> <span class='ocrx_word' id='word_1_110' title='bbox 1329 1613 1385 1660; x_wconf 88' lang='lat' dir='ltr'><strong>et</strong></span> <span class='ocrx_word' id='word_1_111' title='bbox 1414 1604 1593 1663; x_wconf 82' lang='lat' dir='ltr'><strong>facere</strong></span> <span class='ocrx_word' id='word_1_112' title='bbox 1630 1624 1754 1678; x_wconf 65' lang='lat' dir='ltr'><strong>qua</strong></span> <span class='ocrx_word' id='word_1_113' title='bbox 1785 1610 2050 1676; x_wconf 77' lang='lat' dir='ltr'><strong>diximus.</strong></span> 
     </span>
    </p>
   </div>
   <div class='ocr_carea' id='block_1_18' title="bbox 464 1691 2054 1769">
    <p class='ocr_par' dir='ltr' id='par_1_18' title="bbox 464 1691 2054 1769">
     <span class='ocr_line' id='line_1_18' title="bbox 464 1691 2054 1769; baseline 0.011 -26"><span class='ocrx_word' id='word_1_114' title='bbox 464 1705 536 1744; x_wconf 83' lang='lat' dir='ltr'><strong>ne</strong></span> <span class='ocrx_word' id='word_1_115' title='bbox 579 1691 634 1745; x_wconf 91' lang='lat' dir='ltr'><strong>in</strong></span> <span class='ocrx_word' id='word_1_116' title='bbox 669 1691 860 1761; x_wconf 88' lang='lat' dir='ltr'><strong>judicii</strong></span> <span class='ocrx_word' id='word_1_117' title='bbox 904 1693 993 1748; x_wconf 89' lang='lat' dir='ltr'><strong>die</strong></span> <span class='ocrx_word' id='word_1_118' title='bbox 1037 1710 1320 1753; x_wconf 82' lang='lat' dir='ltr'><strong>sermones</strong></span> <span class='ocrx_word' id='word_1_119' title='bbox 1364 1697 1743 1769; x_wconf 78' lang='lat' dir='ltr'><strong>hujuscemodi</strong></span> <span class='ocrx_word' id='word_1_120' title='bbox 1792 1703 1948 1758; x_wconf 83' lang='lat' dir='ltr'><strong>nobis</strong></span> <span class='ocrx_word' id='word_1_121' title='bbox 1984 1706 2054 1760; x_wconf 84' lang='lat' dir='ltr'><strong>ad</strong></span> 
     </span>
    </p>
   </div>
   <div class='ocr_carea' id='block_1_19' title="bbox 460 1783 2049 1860">
    <p class='ocr_par' dir='ltr' id='par_1_19' title="bbox 460 1783 2049 1860">
     <span class='ocr_line' id='line_1_19' title="bbox 460 1783 2049 1860; baseline 0.009 -21"><span class='ocrx_word' id='word_1_122' title='bbox 460 1783 730 1855; x_wconf 82' lang='lat' dir='ltr'><strong>judicium</strong></span> <span class='ocrx_word' id='word_1_123' title='bbox 777 1788 927 1842; x_wconf 85' lang='lat' dir='ltr'><strong>ﬂant.</strong></span> <span class='ocrx_word' id='word_1_124' title='bbox 963 1789 1068 1858; x_wconf 90' lang='lat' dir='ltr'><strong>Ipsi</strong></span> <span class='ocrx_word' id='word_1_125' title='bbox 1115 1789 1288 1860; x_wconf 86' lang='lat' dir='ltr'><strong>gloria</strong></span> <span class='ocrx_word' id='word_1_126' title='bbox 1339 1789 1393 1845; x_wconf 91' lang='lat' dir='ltr'><strong>in</strong></span> <span class='ocrx_word' id='word_1_127' title='bbox 1446 1795 1646 1849; x_wconf 73' lang='lat' dir='ltr'><strong>saecula</strong></span> <span class='ocrx_word' id='word_1_128' title='bbox 1694 1799 2049 1854; x_wconf 83' lang='lat' dir='ltr'><strong>saeculorum.</strong></span> 
     </span>
    </p>
   </div>
   <div class='ocr_carea' id='block_1_20' title="bbox 461 1879 656 1938">
    <p class='ocr_par' dir='ltr' id='par_1_20' title="bbox 461 1879 656 1938">
     <span class='ocr_line' id='line_1_20' title="bbox 461 1879 656 1938; baseline 0.026 -5"><span class='ocrx_word' id='word_1_129' title='bbox 461 1879 656 1938; x_wconf 84' lang='lat' dir='ltr'><strong>Amen.</strong></span> 
     </span>
    </p>
   </div>
   <div class='ocr_carea' id='block_1_21' title="bbox 886 1988 1613 2067">
    <p class='ocr_par' dir='ltr' id='par_1_21' title="bbox 886 1988 1613 2067">
     <span class='ocr_line' id='line_1_21' title="bbox 886 1988 1613 2067; baseline 0.012 -22"><span class='ocrx_word' id='word_1_130' title='bbox 886 1988 1049 2067; x_wconf 62' lang='grc' dir='ltr'><strong>ωδ</strong></span> <span class='ocrx_word' id='word_1_131' title='bbox 1100 1993 1444 2053; x_wconf 78' lang='lat' dir='ltr'><strong>DOCTBINA</strong></span> <span class='ocrx_word' id='word_1_132' title='bbox 1496 1993 1613 2056; x_wconf 81' lang='lat' dir='ltr'><strong>xv.</strong></span> 
     </span>
    </p>
   </div>
   <div class='ocr_carea' id='block_1_22' title="bbox 983 2086 1531 2157">
    <p class='ocr_par' dir='ltr' id='par_1_22' title="bbox 983 2086 1531 2157">
     <span class='ocr_line' id='line_1_22' title="bbox 983 2086 1531 2157; baseline 0.013 -18"><span class='ocrx_word' id='word_1_133' title='bbox 983 2086 1062 2140; x_wconf 86' lang='lat' dir='ltr'><strong>De</strong></span> <span class='ocrx_word' id='word_1_134' title='bbox 1079 2087 1289 2157; x_wconf 74' lang='lat' dir='ltr'><strong>jejunio</strong></span> <span class='ocrx_word' id='word_1_135' title='bbox 1323 2101 1531 2147; x_wconf 82' lang='lat' dir='ltr'><strong>sancta.</strong></span> 
     </span>
    </p>
   </div>
   <div class='ocr_carea' id='block_1_23' title="bbox 533 2175 2054 2254">
    <p class='ocr_par' dir='ltr' id='par_1_23' title="bbox 533 2175 2054 2254">
     <span class='ocr_line' id='line_1_23' title="bbox 533 2175 2054 2254; baseline 0.01 -24"><span class='ocrx_word' id='word_1_136' title='bbox 533 2175 575 2231; x_wconf 80' lang='grc'><strong>1.</strong></span> <span class='ocrx_word' id='word_1_137' title='bbox 622 2175 678 2231; x_wconf 91' lang='lat' dir='ltr'><strong>ln</strong></span> <span class='ocrx_word' id='word_1_138' title='bbox 714 2177 832 2249; x_wconf 84' lang='lat' dir='ltr'><strong>lege</strong></span> <span class='ocrx_word' id='word_1_139' title='bbox 888 2180 1152 2250; x_wconf 87' lang='lat' dir='ltr'><strong>scriptum</strong></span> <span class='ocrx_word' id='word_1_140' title='bbox 1204 2191 1288 2238; x_wconf 87' lang='lat' dir='ltr'><strong>est</strong></span> <span class='ocrx_word' id='word_1_141' title='bbox 1344 2183 1644 2254; x_wconf 83' lang='lat' dir='ltr'><strong>imperasse</strong></span> <span class='ocrx_word' id='word_1_142' title='bbox 1697 2186 1866 2242; x_wconf 88' lang='lat' dir='ltr'><strong>Deum</strong></span> <span class='ocrx_word' id='word_1_143' title='bbox 1925 2188 2054 2246; x_wconf 75' lang='lat' dir='ltr'><strong>[iliis</strong></span> 
     </span>
    </p>
   </div>
   <div class='ocr_carea' id='block_1_24' title="bbox 463 2269 2050 2342">
    <p class='ocr_par' dir='ltr' id='par_1_24' title="bbox 463 2269 2050 2342">
     <span class='ocr_line' id='line_1_24' title="bbox 463 2269 2050 2342; baseline 0.009 -20"><span class='ocrx_word' id='word_1_144' title='bbox 463 2269 653 2334; x_wconf 78' lang='lat' dir='ltr'><strong>Israel,</strong></span> <span class='ocrx_word' id='word_1_145' title='bbox 704 2279 766 2324; x_wconf 93' lang='lat' dir='ltr'><strong>ut</strong></span> <span class='ocrx_word' id='word_1_146' title='bbox 815 2271 1048 2342; x_wconf 82' lang='lat' dir='ltr'><strong>singulis</strong></span> <span class='ocrx_word' id='word_1_147' title='bbox 1087 2275 1246 2331; x_wconf 90' lang='lat' dir='ltr'><strong>annis</strong></span> <span class='ocrx_word' id='word_1_148' title='bbox 1292 2276 1536 2333; x_wconf 83' lang='lat' dir='ltr'><strong>decimas</strong></span> <span class='ocrx_word' id='word_1_149' title='bbox 1579 2279 1772 2335; x_wconf 75' lang='lat' dir='ltr'><strong>durent</strong></span> <span class='ocrx_word' id='word_1_150' title='bbox 1803 2283 2050 2337; x_wconf 89' lang='lat' dir='ltr'><strong>omnium</strong></span> 
     </span>
    </p>
   </div>
   <div class='ocr_carea' id='block_1_25' title="bbox 463 2365 2049 2446">
    <p class='ocr_par' dir='ltr' id='par_1_25' title="bbox 463 2365 2049 2446">
     <span class='ocr_line' id='line_1_25' title="bbox 463 2365 2049 2446; baseline 0.01 -31"><span class='ocrx_word' id='word_1_151' title='bbox 463 2375 588 2431; x_wconf 70' lang='lat' dir='ltr'><strong>quae</strong></span> <span class='ocrx_word' id='word_1_152' title='bbox 633 2365 971 2432; x_wconf 86' lang='lat' dir='ltr'><strong>possiderent</strong></span> <span class='ocrx_word' id='word_1_153' title='bbox 1001 2384 1016 2421; x_wconf 88' lang='lat'><strong>:</strong></span> <span class='ocrx_word' id='word_1_154' title='bbox 1043 2374 1098 2422; x_wconf 92' lang='lat' dir='ltr'><strong>et</strong></span> <span class='ocrx_word' id='word_1_155' title='bbox 1131 2367 1182 2422; x_wconf 89' lang='lat' dir='ltr'><strong>id</strong></span> <span class='ocrx_word' id='word_1_156' title='bbox 1227 2367 1494 2425; x_wconf 81' lang='lat' dir='ltr'><strong>facientes</strong></span> <span class='ocrx_word' id='word_1_157' title='bbox 1540 2371 1594 2427; x_wconf 93' lang='lat' dir='ltr'><strong>in</strong></span> <span class='ocrx_word' id='word_1_158' title='bbox 1646 2374 1858 2431; x_wconf 91' lang='lat' dir='ltr'><strong>cunctis</strong></span> <span class='ocrx_word' id='word_1_159' title='bbox 1915 2391 2049 2446; x_wconf 89' lang='lat' dir='ltr'><strong>ope-</strong></span> 
     </span>
    </p>
   </div>
   <div class='ocr_carea' id='block_1_26' title="bbox 463 2454 2053 2540">
    <p class='ocr_par' dir='ltr' id='par_1_26' title="bbox 463 2454 2053 2540">
     <span class='ocr_line' id='line_1_26' title="bbox 463 2454 2053 2540; baseline 0.011 -32"><span class='ocrx_word' id='word_1_160' title='bbox 463 2454 616 2512; x_wconf 88' lang='lat' dir='ltr'><strong>ribus</strong></span> <span class='ocrx_word' id='word_1_161' title='bbox 650 2457 768 2512; x_wconf 91' lang='lat' dir='ltr'><strong>suis</strong></span> <span class='ocrx_word' id='word_1_162' title='bbox 805 2456 1268 2517; x_wconf 84' lang='lat' dir='ltr'><strong>benedicebantur</strong></span> <span class='ocrx_word' id='word_1_163' title='bbox 1303 2474 1348 2517; x_wconf 77' lang='grc' dir='ltr'><strong>ο.</strong></span> <span class='ocrx_word' id='word_1_164' title='bbox 1377 2463 1491 2520; x_wconf 81' lang='lat' dir='ltr'><strong>Hoc</strong></span> <span class='ocrx_word' id='word_1_165' title='bbox 1537 2479 1895 2538; x_wconf 78' lang='lat' dir='ltr'><strong>agnoscentes</strong></span> <span class='ocrx_word' id='word_1_166' title='bbox 1922 2484 2053 2540; x_wconf 87' lang='lat' dir='ltr'><strong>apo-</strong></span> 
     </span>
    </p>
   </div>
   <div class='ocr_carea' id='block_1_27' title="bbox 463 2546 2051 2616">
    <p class='ocr_par' dir='ltr' id='par_1_27' title="bbox 463 2546 2051 2616">
     <span class='ocr_line' id='line_1_27' title="bbox 463 2546 2051 2616; baseline 0.011 -17"><span class='ocrx_word' id='word_1_167' title='bbox 463 2546 588 2600; x_wconf 87' lang='lat' dir='ltr'><strong>stoli</strong></span> <span class='ocrx_word' id='word_1_168' title='bbox 644 2549 818 2603; x_wconf 87' lang='lat' dir='ltr'><strong>sancti</strong></span> <span class='ocrx_word' id='word_1_169' title='bbox 874 2551 1198 2608; x_wconf 82' lang='lat' dir='ltr'><strong>consuluere</strong></span> <span class='ocrx_word' id='word_1_170' title='bbox 1255 2556 1560 2613; x_wconf 91' lang='lat' dir='ltr'><strong>commodis</strong></span> <span class='ocrx_word' id='word_1_171' title='bbox 1609 2570 1665 2612; x_wconf 87' lang='lat' dir='ltr'><strong>et</strong></span> <span class='ocrx_word' id='word_1_172' title='bbox 1720 2559 2051 2616; x_wconf 87' lang='lat' dir='ltr'><strong>utilitatibus</strong></span> 
     </span>
    </p>
   </div>
   <div class='ocr_carea' id='block_1_28' title="bbox 463 2641 2052 2719">
    <p class='ocr_par' dir='ltr' id='par_1_28' title="bbox 463 2641 2052 2719">
     <span class='ocr_line' id='line_1_28' title="bbox 463 2641 2052 2719; baseline 0.011 -27"><span class='ocrx_word' id='word_1_173' title='bbox 463 2641 774 2696; x_wconf 87' lang='lat' dir='ltr'><strong>animarum</strong></span> <span class='ocrx_word' id='word_1_174' title='bbox 829 2652 1182 2712; x_wconf 88' lang='lat' dir='ltr'><strong>nostrarum,</strong></span> <span class='ocrx_word' id='word_1_175' title='bbox 1253 2664 1365 2719; x_wconf 92' lang='lat' dir='ltr'><strong>quo</strong></span> <span class='ocrx_word' id='word_1_176' title='bbox 1433 2649 1852 2708; x_wconf 88' lang='lat' dir='ltr'><strong>decimationem</strong></span> <span class='ocrx_word' id='word_1_177' title='bbox 1911 2655 2052 2710; x_wconf 85' lang='lat' dir='ltr'><strong>hanc</strong></span> 
     </span>
    </p>
   </div>
   <div class='ocr_carea' id='block_1_29' title="bbox 463 2734 2048 2808">
    <p class='ocr_par' dir='ltr' id='par_1_29' title="bbox 463 2734 2048 2808">
     <span class='ocr_line' id='line_1_29' title="bbox 463 2734 2048 2808; baseline 0.008 -22"><span class='ocrx_word' id='word_1_178' title='bbox 463 2734 819 2791; x_wconf 80' lang='lat' dir='ltr'><strong>excellentius</strong></span> <span class='ocrx_word' id='word_1_179' title='bbox 865 2745 919 2791; x_wconf 90' lang='lat' dir='ltr'><strong>et</strong></span> <span class='ocrx_word' id='word_1_180' title='bbox 979 2739 1416 2808; x_wconf 79' lang='lat' dir='ltr'><strong>magniﬁcentius</strong></span> <span class='ocrx_word' id='word_1_181' title='bbox 1467 2742 1820 2799; x_wconf 84' lang='lat' dir='ltr'><strong>redderemus</strong></span> <span class='ocrx_word' id='word_1_182' title='bbox 1863 2763 1877 2800; x_wconf 91' lang='lat'>:</span> <span class='ocrx_word' id='word_1_183' title='bbox 1919 2745 2048 2799; x_wconf 88' lang='lat' dir='ltr'><strong>dum</strong></span> 
     </span>
    </p>
   </div>
   <div class='ocr_carea' id='block_1_30' title="bbox 464 2816 2052 2904">
    <p class='ocr_par' dir='ltr' id='par_1_30' title="bbox 464 2816 2052 2904">
     <span class='ocr_line' id='line_1_30' title="bbox 464 2816 2052 2904; baseline 0.009 -25"><span class='ocrx_word' id='word_1_184' title='bbox 464 2825 674 2882; x_wconf 88' lang='lat' dir='ltr'><strong>scilicet</strong></span> <span class='ocrx_word' id='word_1_185' title='bbox 701 2816 914 2883; x_wconf 86' lang='lat' dir='ltr'><strong>dierum</strong></span> <span class='ocrx_word' id='word_1_186' title='bbox 939 2829 1064 2885; x_wconf 66' lang='lat' dir='ltr'><strong>vitae</strong></span> <span class='ocrx_word' id='word_1_187' title='bbox 1087 2839 1288 2887; x_wconf 68' lang='lat' dir='ltr'><strong>nostrae</strong></span> <span class='ocrx_word' id='word_1_188' title='bbox 1321 2833 1563 2891; x_wconf 89' lang='lat' dir='ltr'><strong>decimas</strong></span> <span class='ocrx_word' id='word_1_189' title='bbox 1587 2835 1865 2904; x_wconf 89' lang='lat' dir='ltr'><strong>daremus,</strong></span> <span class='ocrx_word' id='word_1_190' title='bbox 1891 2847 1944 2892; x_wconf 90' lang='lat' dir='ltr'><strong>et</strong></span> <span class='ocrx_word' id='word_1_191' title='bbox 1974 2840 2052 2893; x_wconf 93' lang='lat' dir='ltr'><strong>sic</strong></span> 
     </span>
    </p>
   </div>
   <div class='ocr_carea' id='block_1_31' title="bbox 463 2914 2054 2991">
    <p class='ocr_par' dir='ltr' id='par_1_31' title="bbox 463 2914 2054 2991">
     <span class='ocr_line' id='line_1_31' title="bbox 463 2914 2054 2991; baseline 0.011 -21"><span class='ocrx_word' id='word_1_192' title='bbox 463 2915 575 2972; x_wconf 88' lang='lat' dir='ltr'><strong>Deo</strong></span> <span class='ocrx_word' id='word_1_193' title='bbox 608 2929 794 2975; x_wconf 84' lang='lat' dir='ltr'><strong>nostro</strong></span> <span class='ocrx_word' id='word_1_194' title='bbox 823 2914 1282 2991; x_wconf 84' lang='lat' dir='ltr'><strong>sacrilicaremus,</strong></span> <span class='ocrx_word' id='word_1_195' title='bbox 1313 2928 1392 2981; x_wconf 85' lang='lat' dir='ltr'><strong>sic</strong></span> <span class='ocrx_word' id='word_1_196' title='bbox 1421 2927 1490 2982; x_wconf 86' lang='lat' dir='ltr'><strong>ab</strong></span> <span class='ocrx_word' id='word_1_197' title='bbox 1511 2943 1578 2983; x_wconf 89' lang='lat' dir='ltr'><strong>eo</strong></span> <span class='ocrx_word' id='word_1_198' title='bbox 1605 2927 2054 2987; x_wconf 86' lang='lat' dir='ltr'><strong>benediceremur</strong></span> 
     </span>
    </p>
   </div>
   <div class='ocr_carea' id='block_1_32' title="bbox 463 3008 2055 3094">
    <p class='ocr_par' dir='ltr' id='par_1_32' title="bbox 463 3008 2055 3094">
     <span class='ocr_line' id='line_1_32' title="bbox 463 3008 2055 3094; baseline 0.012 -33"><span class='ocrx_word' id='word_1_199' title='bbox 463 3008 519 3062; x_wconf 91' lang='lat' dir='ltr'><strong>in</strong></span> <span class='ocrx_word' id='word_1_200' title='bbox 565 3011 825 3080; x_wconf 88' lang='lat' dir='ltr'><strong>operibus</strong></span> <span class='ocrx_word' id='word_1_201' title='bbox 859 3016 1084 3084; x_wconf 84' lang='lat' dir='ltr'><strong>nostris,</strong></span> <span class='ocrx_word' id='word_1_202' title='bbox 1123 3017 1205 3074; x_wconf 89' lang='lat' dir='ltr'><strong>sic</strong></span> <span class='ocrx_word' id='word_1_203' title='bbox 1233 3034 1456 3089; x_wconf 89' lang='lat' dir='ltr'><strong>quoquo</strong></span> <span class='ocrx_word' id='word_1_204' title='bbox 1486 3036 1632 3076; x_wconf 90' lang='lat' dir='ltr'><strong>anno</strong></span> <span class='ocrx_word' id='word_1_205' title='bbox 1666 3032 1889 3092; x_wconf 89' lang='lat' dir='ltr'><strong>peccata</strong></span> <span class='ocrx_word' id='word_1_206' title='bbox 1926 3041 2055 3094; x_wconf 90' lang='lat' dir='ltr'><strong>pur-</strong></span> 
     </span>
    </p>
   </div>
   <div class='ocr_carea' id='block_1_33' title="bbox 460 3109 2053 3181">
    <p class='ocr_par' dir='ltr' id='par_1_33' title="bbox 460 3109 2053 3181">
     <span class='ocr_line' id='line_1_33' title="bbox 460 3109 2053 3181; baseline 0.012 -27"><span class='ocrx_word' id='word_1_207' title='bbox 460 3117 739 3170; x_wconf 70' lang='lat' dir='ltr'><strong>paremus,</strong></span> <span class='ocrx_word' id='word_1_208' title='bbox 769 3121 891 3176; x_wconf 68' lang='lat' dir='ltr'><strong>quae</strong></span> <span class='ocrx_word' id='word_1_209' title='bbox 931 3123 1027 3178; x_wconf 91' lang='lat' dir='ltr'><strong>per</strong></span> <span class='ocrx_word' id='word_1_210' title='bbox 1064 3109 1334 3181; x_wconf 89' lang='lat' dir='ltr'><strong>integrum</strong></span> <span class='ocrx_word' id='word_1_211' title='bbox 1366 3128 1571 3168; x_wconf 91' lang='lat' dir='ltr'><strong>annum</strong></span> <span class='ocrx_word' id='word_1_212' title='bbox 1621 3125 1803 3171; x_wconf 86' lang='lat' dir='ltr'><strong>essent</strong></span> <span class='ocrx_word' id='word_1_213' title='bbox 1838 3132 1866 3171; x_wconf 89' lang='lat' dir='ltr'><strong>a</strong></span> <span class='ocrx_word' id='word_1_214' title='bbox 1892 3117 2053 3175; x_wconf 89' lang='lat' dir='ltr'><strong>nobis</strong></span> 
     </span>
    </p>
   </div>
   <div class='ocr_carea' id='block_1_34' title="bbox 2153 593 3732 666">
    <p class='ocr_par' dir='ltr' id='par_1_34' title="bbox 2153 593 3732 666">
     <span class='ocr_line' id='line_1_34' title="bbox 2153 593 3732 666; baseline 0.001 -19"><span class='ocrx_word' id='word_1_215' title='bbox 2153 594 2235 647; x_wconf 78' lang='grc' dir='ltr'><strong>ὅτι</strong></span> <span class='ocrx_word' id='word_1_216' title='bbox 2266 594 2342 648; x_wconf 82' lang='grc' dir='ltr'><strong>Οὐ</strong></span> <span class='ocrx_word' id='word_1_217' title='bbox 2371 593 2607 665; x_wconf 85' lang='grc' dir='ltr'><strong>δύναμαι</strong></span> <span class='ocrx_word' id='word_1_218' title='bbox 2645 594 2887 665; x_wconf 80' lang='grc' dir='ltr'><strong>ἑλεῆσαι.</strong></span> <span class='ocrx_word' id='word_1_219' title='bbox 2918 593 3189 658; x_wconf 81' lang='grc' dir='ltr'><strong>Ἕκαστος</strong></span> <span class='ocrx_word' id='word_1_220' title='bbox 3215 593 3437 648; x_wconf 82' lang='grc' dir='ltr'><strong>δύναται</strong></span> <span class='ocrx_word' id='word_1_221' title='bbox 3479 594 3615 666; x_wconf 77' lang='grc' dir='ltr'><strong>πρὸς</strong></span> <span class='ocrx_word' id='word_1_222' title='bbox 3643 597 3732 665; x_wconf 78' lang='grc' dir='ltr'><strong>τὴν</strong></span> 
     </span>
    </p>
   </div>
   <div class='ocr_carea' id='block_1_35' title="bbox 2152 686 3733 760">
    <p class='ocr_par' dir='ltr' id='par_1_35' title="bbox 2152 686 3733 760">
     <span class='ocr_line' id='line_1_35' title="bbox 2152 686 3733 760; baseline 0.011 -20"><span class='ocrx_word' id='word_1_223' title='bbox 2152 686 2380 758; x_wconf 86' lang='grc' dir='ltr'><strong>δύναμιν</strong></span> <span class='ocrx_word' id='word_1_224' title='bbox 2413 686 2579 742; x_wconf 81' lang='grc' dir='ltr'><strong>αὐτοῦ</strong></span> <span class='ocrx_word' id='word_1_225' title='bbox 2614 689 2709 742; x_wconf 80' lang='grc' dir='ltr'><strong>καὶ</strong></span> <span class='ocrx_word' id='word_1_226' title='bbox 2739 687 2874 760; x_wconf 74' lang='grc' dir='ltr'><strong>πρὸς</strong></span> <span class='ocrx_word' id='word_1_227' title='bbox 2917 686 3018 759; x_wconf 81' lang='grc' dir='ltr'><strong>τὴν</strong></span> <span class='ocrx_word' id='word_1_228' title='bbox 3049 687 3388 741; x_wconf 83' lang='grc' dir='ltr'><strong>κατάστασιν</strong></span> <span class='ocrx_word' id='word_1_229' title='bbox 3435 687 3537 757; x_wconf 80' lang='grc' dir='ltr'><strong>τῆς</strong></span> <span class='ocrx_word' id='word_1_230' title='bbox 3567 687 3733 760; x_wconf 56' lang='grc' dir='ltr'><strong>ψυχῆς</strong></span> 
     </span>
    </p>
   </div>
   <div class='ocr_carea' id='block_1_36' title="bbox 2153 779 3736 850">
    <p class='ocr_par' dir='ltr' id='par_1_36' title="bbox 2153 779 3736 850">
     <span class='ocr_line' id='line_1_36' title="bbox 2153 779 3736 850; baseline 0.003 -18"><span class='ocrx_word' id='word_1_231' title='bbox 2153 779 2318 834; x_wconf 83' lang='grc' dir='ltr'><strong>αὐτοῦ</strong></span> <span class='ocrx_word' id='word_1_232' title='bbox 2349 781 2521 835; x_wconf 79' lang='grc' dir='ltr'>ποιεῖν</span> <span class='ocrx_word' id='word_1_233' title='bbox 2553 779 2726 844; x_wconf 77' lang='grc' dir='ltr'><strong>ἔλεος,</strong></span> <span class='ocrx_word' id='word_1_234' title='bbox 2766 781 2928 850; x_wconf 84' lang='grc' dir='ltr'><strong>μόνον</strong></span> <span class='ocrx_word' id='word_1_235' title='bbox 2965 779 3260 834; x_wconf 81' lang='grc' dir='ltr'><strong>σπουδάσει</strong></span> <span class='ocrx_word' id='word_1_236' title='bbox 3293 781 3526 844; x_wconf 70' lang='grc' dir='ltr'><strong>ἕκαστος</strong></span> <span class='ocrx_word' id='word_1_237' title='bbox 3567 781 3736 836; x_wconf 77' lang='grc' dir='ltr'><strong>έκεῖνο</strong></span> 
     </span>
    </p>
   </div>
   <div class='ocr_carea' id='block_1_37' title="bbox 2152 871 3738 944">
    <p class='ocr_par' dir='ltr' id='par_1_37' title="bbox 2152 871 3738 944">
     <span class='ocr_line' id='line_1_37' title="bbox 2152 871 3738 944; baseline 0.001 -20"><span class='ocrx_word' id='word_1_238' title='bbox 2152 871 2182 924; x_wconf 85' lang='grc' dir='ltr'><strong>ὃ</strong></span> <span class='ocrx_word' id='word_1_239' title='bbox 2209 873 2356 925; x_wconf 80' lang='grc' dir='ltr'><strong>ποιεῖ</strong></span> <span class='ocrx_word' id='word_1_240' title='bbox 2381 872 2606 943; x_wconf 76' lang='grc' dir='ltr'><strong>ἀγαθὸν,</strong></span> <span class='ocrx_word' id='word_1_241' title='bbox 2652 872 2790 944; x_wconf 86' lang='grc' dir='ltr'><strong>μετά</strong></span> <span class='ocrx_word' id='word_1_242' title='bbox 2819 871 3074 942; x_wconf 79' lang='grc' dir='ltr'><strong>γνώσεως</strong></span> <span class='ocrx_word' id='word_1_243' title='bbox 3120 874 3299 926; x_wconf 79' lang='grc' dir='ltr'>ποιεῖν</span> <span class='ocrx_word' id='word_1_244' title='bbox 3326 888 3341 904; x_wconf 77' lang='grc' dir='ltr'><strong><em>ο</em></strong></span> <span class='ocrx_word' id='word_1_245' title='bbox 3397 871 3584 936; x_wconf 82' lang='grc' dir='ltr'><strong>καθὼς</strong></span> <span class='ocrx_word' id='word_1_246' title='bbox 3617 875 3738 944; x_wconf 70' lang='grc' dir='ltr'><strong>περὶ</strong></span> 
     </span>
    </p>
   </div>
   <div class='ocr_carea' id='block_1_38' title="bbox 2155 964 3739 1038">
    <p class='ocr_par' dir='ltr' id='par_1_38' title="bbox 2155 964 3739 1038">
     <span class='ocr_line' id='line_1_38' title="bbox 2155 964 3739 1038; baseline 0.001 -20"><span class='ocrx_word' id='word_1_247' title='bbox 2155 966 2396 1038; x_wconf 76' lang='grc' dir='ltr'><strong>ἑκάστης</strong></span> <span class='ocrx_word' id='word_1_248' title='bbox 2438 967 2642 1038; x_wconf 82' lang='grc' dir='ltr'><strong>ἀρετῆς</strong></span> <span class='ocrx_word' id='word_1_249' title='bbox 2698 965 2944 1038; x_wconf 74' lang='grc' dir='ltr'><strong>εἴπομεν.</strong></span> <span class='ocrx_word' id='word_1_250' title='bbox 3019 967 3266 1038; x_wconf 72' lang='grc' dir='ltr'><strong>Εἴπομεν</strong></span> <span class='ocrx_word' id='word_1_251' title='bbox 3319 964 3430 1038; x_wconf 84' lang='grc' dir='ltr'><strong>γὰρ</strong></span> <span class='ocrx_word' id='word_1_252' title='bbox 3477 967 3562 1020; x_wconf 86' lang='grc' dir='ltr'><strong>ὅτι</strong></span> <span class='ocrx_word' id='word_1_253' title='bbox 3615 969 3644 1021; x_wconf 83' lang='grc' dir='ltr'><strong>ὁ</strong></span> <span class='ocrx_word' id='word_1_254' title='bbox 3688 969 3739 1020; x_wconf 80' lang='grc' dir='ltr'><strong>ἑν</strong></span> 
     </span>
    </p>
   </div>
   <div class='ocr_carea' id='block_1_39' title="bbox 2153 1053 3742 1130">
    <p class='ocr_par' dir='ltr' id='par_1_39' title="bbox 2153 1053 3742 1130">
     <span class='ocr_line' id='line_1_39' title="bbox 2153 1053 3742 1130; baseline 0.001 -18"><span class='ocrx_word' id='word_1_255' title='bbox 2153 1058 2354 1128; x_wconf 77' lang='grc' dir='ltr'><strong>γνώσει</strong></span> <span class='ocrx_word' id='word_1_256' title='bbox 2385 1059 2576 1126; x_wconf 88' lang='grc' dir='ltr'><strong>ποιῶν,</strong></span> <span class='ocrx_word' id='word_1_257' title='bbox 2606 1053 2765 1123; x_wconf 73' lang='grc' dir='ltr'><strong>οὗτος</strong></span> <span class='ocrx_word' id='word_1_258' title='bbox 2787 1061 2936 1114; x_wconf 79' lang='grc' dir='ltr'><strong>ἑστιν</strong></span> <span class='ocrx_word' id='word_1_259' title='bbox 2967 1062 2996 1114; x_wconf 81' lang='grc' dir='ltr'><strong><em>ὁ</em></strong></span> <span class='ocrx_word' id='word_1_260' title='bbox 3029 1060 3256 1130; x_wconf 76' lang='grc' dir='ltr'><strong>δόκιμος</strong></span> <span class='ocrx_word' id='word_1_261' title='bbox 3286 1061 3381 1114; x_wconf 79' lang='grc' dir='ltr'><strong>καὶ</strong></span> <span class='ocrx_word' id='word_1_262' title='bbox 3407 1059 3678 1130; x_wconf 79' lang='grc' dir='ltr'><strong>τεχνίτης,</strong></span> <span class='ocrx_word' id='word_1_263' title='bbox 3716 1063 3742 1114; x_wconf 78' lang='grc' dir='ltr'><strong>ὁ</strong></span> 
     </span>
    </p>
   </div>
   <div class='ocr_carea' id='block_1_40' title="bbox 2154 1147 3745 1224">
    <p class='ocr_par' dir='ltr' id='par_1_40' title="bbox 2154 1147 3745 1224">
     <span class='ocr_line' id='line_1_40' title="bbox 2154 1147 3745 1224; baseline 0.001 -19"><span class='ocrx_word' id='word_1_264' title='bbox 2154 1152 2453 1222; x_wconf 81' lang='grc' dir='ltr'><strong>οἰκοδομῶν</strong></span> <span class='ocrx_word' id='word_1_265' title='bbox 2487 1155 2627 1224; x_wconf 90' lang='grc' dir='ltr'><strong>μετά</strong></span> <span class='ocrx_word' id='word_1_266' title='bbox 2659 1153 2960 1222; x_wconf 66' lang='grc' dir='ltr'><strong>ἀσφαλείας</strong></span> <span class='ocrx_word' id='word_1_267' title='bbox 2987 1153 3079 1207; x_wconf 82' lang='grc' dir='ltr'><strong>τὸν</strong></span> <span class='ocrx_word' id='word_1_268' title='bbox 3111 1153 3239 1206; x_wconf 76' lang='grc' dir='ltr'><strong>ἴδιον</strong></span> <span class='ocrx_word' id='word_1_269' title='bbox 3269 1147 3438 1208; x_wconf 83' lang='grc' dir='ltr'><strong>οἷκον.</strong></span> <span class='ocrx_word' id='word_1_270' title='bbox 3475 1153 3614 1223; x_wconf 75' lang='grc' dir='ltr'><strong>Περὶ</strong></span> <span class='ocrx_word' id='word_1_271' title='bbox 3635 1153 3745 1206; x_wconf 79' lang='grc' dir='ltr'><strong>τού-</strong></span> 
     </span>
    </p>
   </div>
   <div class='ocr_carea' id='block_1_41' title="bbox 2154 1243 3745 1315">
    <p class='ocr_par' dir='ltr' id='par_1_41' title="bbox 2154 1243 3745 1315">
     <span class='ocr_line' id='line_1_41' title="bbox 2154 1243 3745 1315; baseline 0.001 -19"><span class='ocrx_word' id='word_1_272' title='bbox 2154 1259 2249 1296; x_wconf 89' lang='grc' dir='ltr'><strong>του</strong></span> <span class='ocrx_word' id='word_1_273' title='bbox 2285 1243 2437 1314; x_wconf 80' lang='grc' dir='ltr'><strong>λέγει</strong></span> <span class='ocrx_word' id='word_1_274' title='bbox 2477 1245 2570 1299; x_wconf 76' lang='grc' dir='ltr'><strong>καὶ</strong></span> <span class='ocrx_word' id='word_1_275' title='bbox 2604 1243 2667 1300; x_wconf 79' lang='grc' dir='ltr'><strong>τδ</strong></span> <span class='ocrx_word' id='word_1_276' title='bbox 2708 1245 3064 1315; x_wconf 78' lang='grc' dir='ltr'><strong>Εὑαγγέλιον,</strong></span> <span class='ocrx_word' id='word_1_277' title='bbox 3107 1245 3190 1299; x_wconf 83' lang='grc' dir='ltr'><strong>ὅτι</strong></span> <span class='ocrx_word' id='word_1_278' title='bbox 3238 1245 3304 1300; x_wconf 80' lang='lat'><strong>&#39;0</strong></span> <span class='ocrx_word' id='word_1_279' title='bbox 3345 1246 3638 1314; x_wconf 62' lang='grc' dir='ltr'><strong>φρόνιμος</strong></span> <span class='ocrx_word' id='word_1_280' title='bbox 3670 1247 3745 1298; x_wconf 84' lang='grc' dir='ltr'><strong>οὶ-</strong></span> 
     </span>
    </p>
   </div>
   <div class='ocr_carea' id='block_1_42' title="bbox 2156 1334 3747 1405">
    <p class='ocr_par' dir='ltr' id='par_1_42' title="bbox 2156 1334 3747 1405">
     <span class='ocr_line' id='line_1_42' title="bbox 2156 1334 3747 1405; baseline -0.001 -16"><span class='ocrx_word' id='word_1_281' title='bbox 2156 1335 2400 1404; x_wconf 77' lang='grc' dir='ltr'><strong>κοδομεῖ</strong></span> <span class='ocrx_word' id='word_1_282' title='bbox 2433 1335 2550 1405; x_wconf 76' lang='grc' dir='ltr'><strong>τὴν</strong></span> <span class='ocrx_word' id='word_1_283' title='bbox 2593 1335 2795 1391; x_wconf 74' lang='grc' dir='ltr'><strong>οὶκίαν</strong></span> <span class='ocrx_word' id='word_1_284' title='bbox 2836 1336 3025 1392; x_wconf 77' lang='grc' dir='ltr'><strong>αὐτοῦ</strong></span> <span class='ocrx_word' id='word_1_285' title='bbox 3066 1335 3168 1390; x_wconf 72' lang='grc' dir='ltr'><strong>ἐπὶ</strong></span> <span class='ocrx_word' id='word_1_286' title='bbox 3215 1334 3332 1403; x_wconf 77' lang='grc' dir='ltr'><strong>τὴν</strong></span> <span class='ocrx_word' id='word_1_287' title='bbox 3363 1335 3612 1403; x_wconf 75' lang='grc' dir='ltr'><strong>πέτραν,</strong></span> <span class='ocrx_word' id='word_1_288' title='bbox 3657 1335 3747 1389; x_wconf 75' lang='grc' dir='ltr'><strong>καὶ</strong></span> 
     </span>
    </p>
   </div>
   <div class='ocr_carea' id='block_1_43' title="bbox 2156 1421 3743 1499">
    <p class='ocr_par' dir='ltr' id='par_1_43' title="bbox 2156 1421 3743 1499">
     <span class='ocr_line' id='line_1_43' title="bbox 2156 1421 3743 1499; baseline -0.001 -17"><span class='ocrx_word' id='word_1_289' title='bbox 2156 1428 2309 1483; x_wconf 83' lang='grc' dir='ltr'><strong>οὐδὲν</strong></span> <span class='ocrx_word' id='word_1_290' title='bbox 2333 1428 2444 1484; x_wconf 85' lang='grc' dir='ltr'><strong>τῶν</strong></span> <span class='ocrx_word' id='word_1_291' title='bbox 2471 1427 2810 1483; x_wconf 77' lang='grc' dir='ltr'><strong>ὑπεναντίων</strong></span> <span class='ocrx_word' id='word_1_292' title='bbox 2836 1428 3060 1483; x_wconf 81' lang='grc' dir='ltr'><strong>δύναται</strong></span> <span class='ocrx_word' id='word_1_293' title='bbox 3101 1421 3521 1499; x_wconf 66' lang='grc' dir='ltr'><strong>παραπλεῦσαι</strong></span> <span class='ocrx_word' id='word_1_294' title='bbox 3551 1428 3743 1497; x_wconf 79' lang='grc' dir='ltr'><strong>αὐτήν.</strong></span> 
     </span>
    </p>
   </div>
   <div class='ocr_carea' id='block_1_44' title="bbox 2167 1516 3755 1593">
    <p class='ocr_par' dir='ltr' id='par_1_44' title="bbox 2167 1516 3755 1593">
     <span class='ocr_line' id='line_1_44' title="bbox 2167 1516 3755 1593; baseline -0.001 -19"><span class='ocrx_word' id='word_1_295' title='bbox 2167 1521 2228 1574; x_wconf 87' lang='lat'><strong>&#39;0</strong></span> <span class='ocrx_word' id='word_1_296' title='bbox 2256 1521 2387 1585; x_wconf 75' lang='grc' dir='ltr'><strong>Θεὸς</strong></span> <span class='ocrx_word' id='word_1_297' title='bbox 2418 1522 2448 1574; x_wconf 82' lang='grc' dir='ltr'><strong>δ</strong></span> <span class='ocrx_word' id='word_1_298' title='bbox 2482 1516 2867 1592; x_wconf 75' lang='grc' dir='ltr'><strong>φιλάνθρωπος</strong></span> <span class='ocrx_word' id='word_1_299' title='bbox 2893 1521 3005 1593; x_wconf 81' lang='grc' dir='ltr'><strong>δῴη</strong></span> <span class='ocrx_word' id='word_1_300' title='bbox 3040 1522 3173 1592; x_wconf 86' lang='grc' dir='ltr'><strong>ἡμῖν</strong></span> <span class='ocrx_word' id='word_1_301' title='bbox 3203 1520 3426 1574; x_wconf 80' lang='grc' dir='ltr'><strong>ἀκούειν</strong></span> <span class='ocrx_word' id='word_1_302' title='bbox 3451 1520 3548 1573; x_wconf 73' lang='grc' dir='ltr'><strong>καὶ</strong></span> <span class='ocrx_word' id='word_1_303' title='bbox 3578 1522 3755 1574; x_wconf 75' lang='grc' dir='ltr'><strong>ποιεῖν</strong></span> 
     </span>
    </p>
   </div>
   <div class='ocr_carea' id='block_1_45' title="bbox 2157 1611 3750 1685">
    <p class='ocr_par' dir='ltr' id='par_1_45' title="bbox 2157 1611 3750 1685">
     <span class='ocr_line' id='line_1_45' title="bbox 2157 1611 3750 1685; baseline -0.001 -19"><span class='ocrx_word' id='word_1_304' title='bbox 2157 1612 2194 1666; x_wconf 75' lang='grc' dir='ltr'><strong>ἃ</strong></span> <span class='ocrx_word' id='word_1_305' title='bbox 2216 1611 2511 1685; x_wconf 75' lang='grc' dir='ltr'><strong>ἀκούομεν,</strong></span> <span class='ocrx_word' id='word_1_306' title='bbox 2549 1615 2635 1668; x_wconf 80' lang='grc' dir='ltr'><strong>ἶνα</strong></span> <span class='ocrx_word' id='word_1_307' title='bbox 2665 1613 2742 1685; x_wconf 81' lang='grc' dir='ltr'><strong>μὴ</strong></span> <span class='ocrx_word' id='word_1_308' title='bbox 2771 1614 3036 1682; x_wconf 84' lang='grc' dir='ltr'><strong>γένωνται</strong></span> <span class='ocrx_word' id='word_1_309' title='bbox 3061 1615 3192 1685; x_wconf 84' lang='grc' dir='ltr'><strong>ἡμῖν</strong></span> <span class='ocrx_word' id='word_1_310' title='bbox 3225 1615 3304 1677; x_wconf 86' lang='grc' dir='ltr'><strong>είς</strong></span> <span class='ocrx_word' id='word_1_311' title='bbox 3327 1616 3505 1683; x_wconf 77' lang='grc' dir='ltr'><strong>κρῖμα</strong></span> <span class='ocrx_word' id='word_1_312' title='bbox 3527 1614 3574 1666; x_wconf 90' lang='grc' dir='ltr'><strong>οί</strong></span> <span class='ocrx_word' id='word_1_313' title='bbox 3601 1611 3750 1680; x_wconf 77' lang='grc' dir='ltr'><strong>λόγοι</strong></span> 
     </span>
    </p>
   </div>
   <div class='ocr_carea' id='block_1_46' title="bbox 2157 1698 3752 1780">
    <p class='ocr_par' dir='ltr' id='par_1_46' title="bbox 2157 1698 3752 1780">
     <span class='ocr_line' id='line_1_46' title="bbox 2157 1698 3752 1780; baseline 0.002 -22"><span class='ocrx_word' id='word_1_314' title='bbox 2157 1698 2303 1760; x_wconf 76' lang='grc' dir='ltr'><strong>οὗτοι</strong></span> <span class='ocrx_word' id='word_1_315' title='bbox 2347 1707 2406 1760; x_wconf 73' lang='grc' dir='ltr'><strong>ἑν</strong></span> <span class='ocrx_word' id='word_1_316' title='bbox 2447 1704 2632 1780; x_wconf 76' lang='grc' dir='ltr'><strong>ἡμέρᾳ</strong></span> <span class='ocrx_word' id='word_1_317' title='bbox 2669 1707 2925 1779; x_wconf 81' lang='grc' dir='ltr'><strong>κρίσεως,</strong></span> <span class='ocrx_word' id='word_1_318' title='bbox 2975 1706 3058 1761; x_wconf 71' lang='grc' dir='ltr'><strong>ὅτι</strong></span> <span class='ocrx_word' id='word_1_319' title='bbox 3091 1706 3240 1779; x_wconf 76' lang='grc' dir='ltr'><strong>αὐτῷ</strong></span> <span class='ocrx_word' id='word_1_320' title='bbox 3285 1707 3319 1778; x_wconf 83' lang='grc' dir='ltr'><strong>ἡ</strong></span> <span class='ocrx_word' id='word_1_321' title='bbox 3355 1706 3483 1772; x_wconf 78' lang='grc' dir='ltr'><strong>δόξα</strong></span> <span class='ocrx_word' id='word_1_322' title='bbox 3513 1707 3597 1772; x_wconf 81' lang='grc' dir='ltr'><strong>είς</strong></span> <span class='ocrx_word' id='word_1_323' title='bbox 3625 1706 3752 1769; x_wconf 76' lang='grc' dir='ltr'><strong>τοὺς</strong></span> 
     </span>
    </p>
   </div>
   <div class='ocr_carea' id='block_1_47' title="bbox 2159 1799 2611 1870">
    <p class='ocr_par' dir='ltr' id='par_1_47' title="bbox 2159 1799 2611 1870">
     <span class='ocr_line' id='line_1_47' title="bbox 2159 1799 2611 1870; baseline 0.002 -19"><span class='ocrx_word' id='word_1_324' title='bbox 2159 1799 2382 1863; x_wconf 85' lang='grc' dir='ltr'><strong>αἰῶνας.</strong></span> <span class='ocrx_word' id='word_1_325' title='bbox 2417 1799 2611 1870; x_wconf 67' lang='grc' dir='ltr'><strong>Ἀμήν.</strong></span> 
     </span>
    </p>
   </div>
   <div class='ocr_carea' id='block_1_48' title="bbox 2669 1993 3224 2049">
    <p class='ocr_par' dir='ltr' id='par_1_48' title="bbox 2669 1993 3224 2049">
     <span class='ocr_line' id='line_1_48' title="bbox 2669 1993 3224 2049; baseline -0.002 0"><span class='ocrx_word' id='word_1_326' title='bbox 2669 1993 3084 2049; x_wconf 62' lang='grc' dir='ltr'><strong>ΔΙΔΛΣΚᾹΛΙΛ</strong></span> <span class='ocrx_word' id='word_1_327' title='bbox 3121 1994 3224 2049; x_wconf 83' lang='grc' dir='ltr'><strong>ῐΕ’.</strong></span> 
     </span>
    </p>
   </div>
   <div class='ocr_carea' id='block_1_49' title="bbox 2521 2087 3391 2166">
    <p class='ocr_par' dir='ltr' id='par_1_49' title="bbox 2521 2087 3391 2166">
     <span class='ocr_line' id='line_1_49' title="bbox 2521 2087 3391 2166; baseline -0.002 -22"><span class='ocrx_word' id='word_1_328' title='bbox 2521 2089 2662 2159; x_wconf 83' lang='grc' dir='ltr'><strong>Περὶ</strong></span> <span class='ocrx_word' id='word_1_329' title='bbox 2700 2087 2820 2144; x_wconf 78' lang='grc' dir='ltr'><strong>τῶν</strong></span> <span class='ocrx_word' id='word_1_330' title='bbox 2853 2089 3038 2157; x_wconf 78' lang='grc' dir='ltr'><strong>ἁγίων</strong></span> <span class='ocrx_word' id='word_1_331' title='bbox 3073 2087 3391 2166; x_wconf 72' lang='grc' dir='ltr'><strong>νηστειῶν.</strong></span> 
     </span>
    </p>
   </div>
   <div class='ocr_carea' id='block_1_50' title="bbox 2225 2179 3754 2260">
    <p class='ocr_par' dir='ltr' id='par_1_50' title="bbox 2225 2179 3754 2260">
     <span class='ocr_line' id='line_1_50' title="bbox 2225 2179 3754 2260; baseline 0.002 -22"><span class='ocrx_word' id='word_1_332' title='bbox 2225 2185 2305 2239; x_wconf 87' lang='lat' dir='ltr'><strong>A’.</strong></span> <span class='ocrx_word' id='word_1_333' title='bbox 2347 2184 2440 2239; x_wconf 85' lang='lat' dir='ltr'><strong>’Ev</strong></span> <span class='ocrx_word' id='word_1_334' title='bbox 2462 2182 2540 2254; x_wconf 81' lang='grc' dir='ltr'><strong>τῷ</strong></span> <span class='ocrx_word' id='word_1_335' title='bbox 2572 2181 2724 2255; x_wconf 87' lang='grc' dir='ltr'><strong>νόμῳ</strong></span> <span class='ocrx_word' id='word_1_336' title='bbox 2757 2179 3094 2253; x_wconf 81' lang='grc' dir='ltr'><strong>προσέταξεν</strong></span> <span class='ocrx_word' id='word_1_337' title='bbox 3125 2183 3154 2236; x_wconf 83' lang='grc' dir='ltr'>ὁ</span> <span class='ocrx_word' id='word_1_338' title='bbox 3175 2182 3311 2248; x_wconf 81' lang='grc' dir='ltr'><strong>Θεὸς</strong></span> <span class='ocrx_word' id='word_1_339' title='bbox 3335 2184 3486 2248; x_wconf 73' lang='grc' dir='ltr'><strong>υἱοὺς</strong></span> <span class='ocrx_word' id='word_1_340' title='bbox 3510 2185 3754 2260; x_wconf 69' lang='grc' dir='ltr'><strong>Ἰσραὴλ,</strong></span> 
     </span>
    </p>
   </div>
   <div class='ocr_carea' id='block_1_51' title="bbox 2153 2275 3756 2336">
    <p class='ocr_par' dir='ltr' id='par_1_51' title="bbox 2153 2275 3756 2336">
     <span class='ocr_line' id='line_1_51' title="bbox 2153 2275 3756 2336; baseline 0.002 -5"><span class='ocrx_word' id='word_1_341' title='bbox 2153 2277 2245 2334; x_wconf 71' lang='grc' dir='ltr'><strong>ἵνα</strong></span> <span class='ocrx_word' id='word_1_342' title='bbox 2272 2275 2397 2333; x_wconf 82' lang='grc' dir='ltr'><strong>καθ’</strong></span> <span class='ocrx_word' id='word_1_343' title='bbox 2420 2277 2653 2332; x_wconf 83' lang='grc' dir='ltr'><strong>ἑκαστον</strong></span> <span class='ocrx_word' id='word_1_344' title='bbox 2699 2275 2946 2329; x_wconf 79' lang='grc' dir='ltr'><strong>ἐνιαυτὸν</strong></span> <span class='ocrx_word' id='word_1_345' title='bbox 2989 2275 3371 2330; x_wconf 85' lang='grc' dir='ltr'><strong>ἀποδεκατῶσι</strong></span> <span class='ocrx_word' id='word_1_346' title='bbox 3421 2277 3602 2332; x_wconf 75' lang='grc' dir='ltr'><strong>πάντα</strong></span> <span class='ocrx_word' id='word_1_347' title='bbox 3651 2282 3756 2336; x_wconf 83' lang='grc' dir='ltr'><strong>ὅσα</strong></span> 
     </span>
    </p>
   </div>
   <div class='ocr_carea' id='block_1_52' title="bbox 2155 2365 3757 2442">
    <p class='ocr_par' dir='ltr' id='par_1_52' title="bbox 2155 2365 3757 2442">
     <span class='ocr_line' id='line_1_52' title="bbox 2155 2365 3757 2442; baseline 0.001 -17"><span class='ocrx_word' id='word_1_348' title='bbox 2155 2372 2226 2425; x_wconf 81' lang='grc' dir='ltr'><strong>ἂν</strong></span> <span class='ocrx_word' id='word_1_349' title='bbox 2252 2373 2593 2442; x_wconf 85' lang='grc' dir='ltr'><strong>κτήσωνται·</strong></span> <span class='ocrx_word' id='word_1_350' title='bbox 2626 2369 2721 2423; x_wconf 77' lang='grc' dir='ltr'><strong>καὶ</strong></span> <span class='ocrx_word' id='word_1_351' title='bbox 2767 2368 2942 2432; x_wconf 70' lang='grc' dir='ltr'><strong>οὕτως</strong></span> <span class='ocrx_word' id='word_1_352' title='bbox 2987 2367 3290 2434; x_wconf 77' lang='grc' dir='ltr'><strong>ποιοῦντες,</strong></span> <span class='ocrx_word' id='word_1_353' title='bbox 3319 2365 3643 2438; x_wconf 77' lang='grc' dir='ltr'><strong>εὐλογοῦντο</strong></span> <span class='ocrx_word' id='word_1_354' title='bbox 3699 2375 3757 2428; x_wconf 90' lang='grc' dir='ltr'><strong>ἑν</strong></span> 
     </span>
    </p>
   </div>
   <div class='ocr_carea' id='block_1_53' title="bbox 2155 2458 3757 2533">
    <p class='ocr_par' dir='ltr' id='par_1_53' title="bbox 2155 2458 3757 2533">
     <span class='ocr_line' id='line_1_53' title="bbox 2155 2458 3757 2533; baseline 0.001 -16"><span class='ocrx_word' id='word_1_355' title='bbox 2155 2465 2292 2518; x_wconf 84' lang='grc' dir='ltr'><strong>πᾶσι</strong></span> <span class='ocrx_word' id='word_1_356' title='bbox 2324 2465 2441 2526; x_wconf 76' lang='grc' dir='ltr'><strong>τοῖς</strong></span> <span class='ocrx_word' id='word_1_357' title='bbox 2475 2461 2661 2533; x_wconf 86' lang='grc' dir='ltr'><strong>ἑργοις</strong></span> <span class='ocrx_word' id='word_1_358' title='bbox 2691 2459 2896 2514; x_wconf 82' lang='grc' dir='ltr'><strong>αὐτῶν.</strong></span> <span class='ocrx_word' id='word_1_359' title='bbox 2919 2458 3091 2515; x_wconf 81' lang='grc' dir='ltr'><strong>Τοῦτο</strong></span> <span class='ocrx_word' id='word_1_360' title='bbox 3122 2461 3326 2524; x_wconf 73' lang='grc' dir='ltr'><strong>εἰδότες</strong></span> <span class='ocrx_word' id='word_1_361' title='bbox 3353 2461 3403 2515; x_wconf 82' lang='grc' dir='ltr'><strong>οἱ</strong></span> <span class='ocrx_word' id='word_1_362' title='bbox 3439 2461 3587 2531; x_wconf 79' lang='grc' dir='ltr'><strong>ἀγιοι</strong></span> <span class='ocrx_word' id='word_1_363' title='bbox 3617 2465 3757 2518; x_wconf 81' lang='grc' dir='ltr'><strong>ἀπό-</strong></span> 
     </span>
    </p>
   </div>
   <div class='ocr_carea' id='block_1_54' title="bbox 2161 2552 3757 2628">
    <p class='ocr_par' dir='ltr' id='par_1_54' title="bbox 2161 2552 3757 2628">
     <span class='ocr_line' id='line_1_54' title="bbox 2161 2552 3757 2628; baseline 0.002 -19"><span class='ocrx_word' id='word_1_364' title='bbox 2161 2555 2338 2609; x_wconf 87' lang='grc' dir='ltr'><strong>στολοι</strong></span> <span class='ocrx_word' id='word_1_365' title='bbox 2377 2553 2774 2609; x_wconf 77' lang='grc' dir='ltr'><strong>ἐϐουλεύσαντο</strong></span> <span class='ocrx_word' id='word_1_366' title='bbox 2821 2552 2960 2625; x_wconf 84' lang='grc' dir='ltr'><strong>πρὸς</strong></span> <span class='ocrx_word' id='word_1_367' title='bbox 3008 2552 3263 2625; x_wconf 76' lang='grc' dir='ltr'><strong>βοήθειαν</strong></span> <span class='ocrx_word' id='word_1_368' title='bbox 3296 2555 3392 2608; x_wconf 74' lang='grc' dir='ltr'><strong>καὶ</strong></span> <span class='ocrx_word' id='word_1_369' title='bbox 3424 2557 3757 2628; x_wconf 75' lang='grc' dir='ltr'><strong>εὐεργεσίαν</strong></span> 
     </span>
    </p>
   </div>
   <div class='ocr_carea' id='block_1_55' title="bbox 2154 2643 3757 2717">
    <p class='ocr_par' dir='ltr' id='par_1_55' title="bbox 2154 2643 3757 2717">
     <span class='ocr_line' id='line_1_55' title="bbox 2154 2643 3757 2717; baseline -0.001 -15"><span class='ocrx_word' id='word_1_370' title='bbox 2154 2646 2262 2702; x_wconf 85' lang='grc' dir='ltr'><strong>τῶν</strong></span> <span class='ocrx_word' id='word_1_371' title='bbox 2289 2646 2478 2717; x_wconf 82' lang='grc' dir='ltr'><strong>ψυχῶν</strong></span> <span class='ocrx_word' id='word_1_372' title='bbox 2512 2645 2698 2716; x_wconf 83' lang='grc' dir='ltr'><strong>ἡμῶν,</strong></span> <span class='ocrx_word' id='word_1_373' title='bbox 2728 2645 2823 2698; x_wconf 75' lang='grc' dir='ltr'><strong>καὶ</strong></span> <span class='ocrx_word' id='word_1_374' title='bbox 2851 2643 3011 2696; x_wconf 82' lang='grc' dir='ltr'><strong>τοῦτο</strong></span> <span class='ocrx_word' id='word_1_375' title='bbox 3049 2643 3314 2715; x_wconf 79' lang='grc' dir='ltr'><strong>μειζόνως</strong></span> <span class='ocrx_word' id='word_1_376' title='bbox 3354 2645 3448 2699; x_wconf 72' lang='grc' dir='ltr'><strong>καὶ</strong></span> <span class='ocrx_word' id='word_1_377' title='bbox 3483 2645 3757 2717; x_wconf 70' lang='grc' dir='ltr'><strong>ὑψηλοτέ-</strong></span> 
     </span>
    </p>
   </div>
   <div class='ocr_carea' id='block_1_56' title="bbox 2158 2737 3758 2811">
    <p class='ocr_par' dir='ltr' id='par_1_56' title="bbox 2158 2737 3758 2811">
     <span class='ocr_line' id='line_1_56' title="bbox 2158 2737 3758 2811; baseline 0.003 -21"><span class='ocrx_word' id='word_1_378' title='bbox 2158 2757 2266 2810; x_wconf 82' lang='grc' dir='ltr'><strong>ρως</strong></span> <span class='ocrx_word' id='word_1_379' title='bbox 2301 2741 2434 2810; x_wconf 84' lang='grc' dir='ltr'><strong>ἡμῖν</strong></span> <span class='ocrx_word' id='word_1_380' title='bbox 2487 2737 2824 2809; x_wconf 71' lang='grc' dir='ltr'><strong>παραδοῦναι</strong></span> <span class='ocrx_word' id='word_1_381' title='bbox 2873 2737 3044 2801; x_wconf 75' lang='grc' dir='ltr'><strong>αὑτὰς</strong></span> <span class='ocrx_word' id='word_1_382' title='bbox 3091 2738 3192 2800; x_wconf 82' lang='grc' dir='ltr'><strong>τὰς</strong></span> <span class='ocrx_word' id='word_1_383' title='bbox 3229 2738 3449 2809; x_wconf 85' lang='grc' dir='ltr'><strong>ἡμέρας</strong></span> <span class='ocrx_word' id='word_1_384' title='bbox 3473 2739 3573 2810; x_wconf 86' lang='grc' dir='ltr'><strong>τῆς</strong></span> <span class='ocrx_word' id='word_1_385' title='bbox 3605 2740 3758 2811; x_wconf 77' lang='grc' dir='ltr'><strong>ζωῆς</strong></span> 
     </span>
    </p>
   </div>
   <div class='ocr_carea' id='block_1_57' title="bbox 2154 2829 3755 2904">
    <p class='ocr_par' dir='ltr' id='par_1_57' title="bbox 2154 2829 3755 2904">
     <span class='ocr_line' id='line_1_57' title="bbox 2154 2829 3755 2904; baseline 0 -20"><span class='ocrx_word' id='word_1_386' title='bbox 2154 2831 2312 2903; x_wconf 83' lang='grc' dir='ltr'><strong>ἡμῶν</strong></span> <span class='ocrx_word' id='word_1_387' title='bbox 2356 2829 2795 2895; x_wconf 80' lang='grc' dir='ltr'><strong>ἀποδεκατῶσαι,</strong></span> <span class='ocrx_word' id='word_1_388' title='bbox 2830 2831 2924 2883; x_wconf 74' lang='grc' dir='ltr'><strong>καὶ</strong></span> <span class='ocrx_word' id='word_1_389' title='bbox 2967 2829 3131 2882; x_wconf 69' lang='grc' dir='ltr'><strong>οἱονεὶ</strong></span> <span class='ocrx_word' id='word_1_390' title='bbox 3161 2829 3470 2900; x_wconf 69' lang='grc' dir='ltr'><strong>ἀφιερῶσαι</strong></span> <span class='ocrx_word' id='word_1_391' title='bbox 3497 2831 3576 2902; x_wconf 84' lang='grc' dir='ltr'><strong>τῷ</strong></span> <span class='ocrx_word' id='word_1_392' title='bbox 3608 2831 3755 2904; x_wconf 83' lang='grc' dir='ltr'><strong>Θεῷ,</strong></span> 
     </span>
    </p>
   </div>
   <div class='ocr_carea' id='block_1_58' title="bbox 2156 2921 3759 2995">
    <p class='ocr_par' dir='ltr' id='par_1_58' title="bbox 2156 2921 3759 2995">
     <span class='ocr_line' id='line_1_58' title="bbox 2156 2921 3759 2995; baseline 0 -18"><span class='ocrx_word' id='word_1_393' title='bbox 2156 2925 2244 2978; x_wconf 80' lang='grc' dir='ltr'><strong>ἵνα</strong></span> <span class='ocrx_word' id='word_1_394' title='bbox 2273 2923 2448 2987; x_wconf 79' lang='grc' dir='ltr'><strong>οὕτως</strong></span> <span class='ocrx_word' id='word_1_395' title='bbox 2475 2923 2570 2976; x_wconf 69' lang='grc' dir='ltr'><strong>καὶ</strong></span> <span class='ocrx_word' id='word_1_396' title='bbox 2608 2921 2978 2992; x_wconf 81' lang='grc' dir='ltr'><strong>εὑλογούμεοα</strong></span> <span class='ocrx_word' id='word_1_397' title='bbox 3013 2924 3070 2974; x_wconf 81' lang='grc' dir='ltr'><strong>ἐν</strong></span> <span class='ocrx_word' id='word_1_398' title='bbox 3099 2925 3213 2985; x_wconf 83' lang='grc' dir='ltr'><strong>τοῖς</strong></span> <span class='ocrx_word' id='word_1_399' title='bbox 3241 2922 3426 2993; x_wconf 80' lang='grc' dir='ltr'><strong>ἔργοις</strong></span> <span class='ocrx_word' id='word_1_400' title='bbox 3453 2924 3637 2995; x_wconf 86' lang='grc' dir='ltr'><strong>ἡμῶν,</strong></span> <span class='ocrx_word' id='word_1_401' title='bbox 3657 2927 3759 2980; x_wconf 76' lang='grc' dir='ltr'><strong>καὶ</strong></span> 
     </span>
    </p>
   </div>
   <div class='ocr_carea' id='block_1_59' title="bbox 2154 3013 3757 3104">
    <p class='ocr_par' dir='ltr' id='par_1_59' title="bbox 2154 3013 3757 3104">
     <span class='ocr_line' id='line_1_59' title="bbox 2154 3013 3757 3104; baseline 0.001 -36"><span class='ocrx_word' id='word_1_402' title='bbox 2154 3013 2507 3085; x_wconf 78' lang='grc' dir='ltr'><strong>ὲξιλεούμεθα</strong></span> <span class='ocrx_word' id='word_1_403' title='bbox 2527 3013 2649 3067; x_wconf 83' lang='grc' dir='ltr'><strong>καθ’</strong></span> <span class='ocrx_word' id='word_1_404' title='bbox 2679 3013 2909 3069; x_wconf 75' lang='grc' dir='ltr'><strong>ἕκαστον</strong></span> <span class='ocrx_word' id='word_1_405' title='bbox 2934 3013 3052 3076; x_wconf 79' lang='grc' dir='ltr'><strong>ἔτος</strong></span> <span class='ocrx_word' id='word_1_406' title='bbox 3079 3014 3178 3077; x_wconf 75' lang='grc' dir='ltr'><strong>τὰς</strong></span> <span class='ocrx_word' id='word_1_407' title='bbox 3205 3014 3486 3104; x_wconf 69' lang='grc' dir='ltr'><strong>ἁμαρτίας</strong></span> <span class='ocrx_word' id='word_1_408' title='bbox 3511 3015 3634 3069; x_wconf 85' lang='grc' dir='ltr'><strong>ὅλου</strong></span> <span class='ocrx_word' id='word_1_409' title='bbox 3659 3015 3757 3070; x_wconf 75' lang='grc' dir='ltr'><strong>τοῦ</strong></span> 
     </span>
    </p>
   </div>
   <div class='ocr_carea' id='block_1_60' title="bbox 2155 3104 3758 3177">
    <p class='ocr_par' dir='ltr' id='par_1_60' title="bbox 2155 3104 3758 3177">
     <span class='ocr_line' id='line_1_60' title="bbox 2155 3104 3758 3177; baseline -0.001 -16"><span class='ocrx_word' id='word_1_410' title='bbox 2155 3107 2423 3161; x_wconf 76' lang='grc' dir='ltr'><strong>ἐνιαυτοῦ.</strong></span> <span class='ocrx_word' id='word_1_411' title='bbox 2474 3107 2583 3160; x_wconf 73' lang='grc' dir='ltr'><strong>Καὶ</strong></span> <span class='ocrx_word' id='word_1_412' title='bbox 2620 3104 2976 3176; x_wconf 80' lang='grc' dir='ltr'><strong>ψηφίσαντες,</strong></span> <span class='ocrx_word' id='word_1_413' title='bbox 3011 3105 3246 3175; x_wconf 85' lang='grc' dir='ltr'><strong>ἡγίασαν</strong></span> <span class='ocrx_word' id='word_1_414' title='bbox 3295 3107 3430 3177; x_wconf 84' lang='grc' dir='ltr'><strong>ἡμῖν</strong></span> <span class='ocrx_word' id='word_1_415' title='bbox 3481 3107 3590 3160; x_wconf 76' lang='grc' dir='ltr'><strong>ἀπὸ</strong></span> <span class='ocrx_word' id='word_1_416' title='bbox 3644 3108 3758 3161; x_wconf 86' lang='grc' dir='ltr'><strong>τῶν</strong></span> 
     </span>
    </p>
   </div>
   <div class='ocr_carea' id='block_1_61' title="bbox 459 3190 2047 3272">
    <p class='ocr_par' dir='ltr' id='par_1_61' title="bbox 459 3200 2047 3270">
     <span class='ocr_line' id='line_1_61' title="bbox 459 3200 2047 3270; baseline 0.012 -24"><span class='ocrx_word' id='word_1_417' title='bbox 459 3205 790 3265; x_wconf 89' lang='lat' dir='ltr'><strong>perpetrata.</strong></span> <span class='ocrx_word' id='word_1_418' title='bbox 827 3200 1006 3270; x_wconf 84' lang='lat' dir='ltr'><strong>Atque</strong></span> <span class='ocrx_word' id='word_1_419' title='bbox 1037 3202 1138 3258; x_wconf 84' lang='lat' dir='ltr'><strong>hoc</strong></span> <span class='ocrx_word' id='word_1_420' title='bbox 1170 3203 1311 3259; x_wconf 91' lang='lat' dir='ltr'><strong>inter</strong></span> <span class='ocrx_word' id='word_1_421' title='bbox 1341 3220 1400 3260; x_wconf 92' lang='lat' dir='ltr'><strong>se</strong></span> <span class='ocrx_word' id='word_1_422' title='bbox 1425 3212 1724 3263; x_wconf 82' lang='lat' dir='ltr'><strong>tractantes</strong></span> <span class='ocrx_word' id='word_1_423' title='bbox 1757 3223 2047 3265; x_wconf 87' lang='lat' dir='ltr'><strong>consecra-</strong></span> 
     </span>
    </p>
   </div>
   <div class='ocr_carea' id='block_1_62' title="bbox 2153 3190 3752 3272">
    <p class='ocr_par' dir='ltr' id='par_1_62' title="bbox 2157 3195 3752 3272">
     <span class='ocr_line' id='line_1_62' title="bbox 2157 3195 3752 3272; baseline -0.001 -18"><span class='ocrx_word' id='word_1_424' title='bbox 2157 3199 2492 3272; x_wconf 86' lang='grc' dir='ltr'><strong>τριακοσίων</strong></span> <span class='ocrx_word' id='word_1_425' title='bbox 2545 3197 2807 3270; x_wconf 80' lang='grc' dir='ltr'><strong>ἐξήκοντα</strong></span> <span class='ocrx_word' id='word_1_426' title='bbox 2855 3199 3017 3251; x_wconf 79' lang='grc' dir='ltr'><strong>πέντε</strong></span> <span class='ocrx_word' id='word_1_427' title='bbox 3065 3195 3288 3270; x_wconf 74' lang='grc' dir='ltr'><strong>ἡμερῶν</strong></span> <span class='ocrx_word' id='word_1_428' title='bbox 3333 3198 3427 3252; x_wconf 85' lang='grc' dir='ltr'><strong>τοῦ</strong></span> <span class='ocrx_word' id='word_1_429' title='bbox 3473 3199 3752 3265; x_wconf 77' lang='grc' dir='ltr'><strong>ἐνιαυτοῦ,</strong></span> 
     </span>
    </p>
   </div>
   <div class='ocr_carea' id='block_1_63' title="bbox 462 3293 2052 3374">
    <p class='ocr_par' dir='ltr' id='par_1_63' title="bbox 462 3293 2052 3374">
     <span class='ocr_line' id='line_1_63' title="bbox 462 3293 2052 3374; baseline 0.011 -31"><span class='ocrx_word' id='word_1_430' title='bbox 462 3302 592 3345; x_wconf 91' lang='lat' dir='ltr'><strong>runt</strong></span> <span class='ocrx_word' id='word_1_431' title='bbox 625 3293 783 3348; x_wconf 90' lang='lat' dir='ltr'><strong>nobis</strong></span> <span class='ocrx_word' id='word_1_432' title='bbox 806 3309 872 3349; x_wconf 83' lang='lat' dir='ltr'><strong>ex</strong></span> <span class='ocrx_word' id='word_1_433' title='bbox 895 3299 1152 3354; x_wconf 89' lang='lat' dir='ltr'><strong>trecentis</strong></span> <span class='ocrx_word' id='word_1_434' title='bbox 1174 3300 1452 3372; x_wconf 76' lang='lat' dir='ltr'><strong>sexaginta</strong></span> <span class='ocrx_word' id='word_1_435' title='bbox 1473 3301 1687 3371; x_wconf 88' lang='lat' dir='ltr'><strong>diebus,</strong></span> <span class='ocrx_word' id='word_1_436' title='bbox 1713 3313 1920 3374; x_wconf 79' lang='lat' dir='ltr'><strong>septem</strong></span> <span class='ocrx_word' id='word_1_437' title='bbox 1951 3305 2052 3361; x_wconf 89' lang='lat' dir='ltr'><strong>has</strong></span> 
     </span>
    </p>
   </div>
   <div class='ocr_carea' id='block_1_64' title="bbox 462 3379 2049 3457">
    <p class='ocr_par' dir='ltr' id='par_1_64' title="bbox 462 3379 2049 3457">
     <span class='ocr_line' id='line_1_64' title="bbox 462 3379 2049 3457; baseline 0.012 -24"><span class='ocrx_word' id='word_1_438' title='bbox 462 3379 834 3440; x_wconf 86' lang='lat' dir='ltr'><strong>hebdomadas</strong></span> <span class='ocrx_word' id='word_1_439' title='bbox 854 3386 1214 3456; x_wconf 92' lang='lat' dir='ltr'><strong>jejuniorum.</strong></span> <span class='ocrx_word' id='word_1_440' title='bbox 1241 3390 1449 3457; x_wconf 87' lang='lat' dir='ltr'><strong>Quibus</strong></span> <span class='ocrx_word' id='word_1_441' title='bbox 1472 3394 1661 3451; x_wconf 86' lang='lat' dir='ltr'><strong>Patres</strong></span> <span class='ocrx_word' id='word_1_442' title='bbox 1684 3396 1857 3452; x_wconf 89' lang='lat' dir='ltr'><strong>nostri</strong></span> <span class='ocrx_word' id='word_1_443' title='bbox 1886 3396 2049 3452; x_wconf 89' lang='lat' dir='ltr'><strong>aliam</strong></span> 
     </span>
    </p>
   </div>
   <div class='ocr_carea' id='block_1_65' title="bbox 460 3469 2049 3557">
    <p class='ocr_par' dir='ltr' id='par_1_65' title="bbox 460 3469 2049 3557">
     <span class='ocr_line' id='line_1_65' title="bbox 460 3469 2049 3557; baseline 0.011 -33"><span class='ocrx_word' id='word_1_444' title='bbox 460 3469 664 3526; x_wconf 89' lang='lat' dir='ltr'><strong>addere</strong></span> <span class='ocrx_word' id='word_1_445' title='bbox 695 3474 1094 3545; x_wconf 86' lang='lat' dir='ltr'><strong>cogitaverunt,</strong></span> <span class='ocrx_word' id='word_1_446' title='bbox 1124 3493 1234 3548; x_wconf 90' lang='lat' dir='ltr'><strong>quo</strong></span> <span class='ocrx_word' id='word_1_447' title='bbox 1263 3481 1330 3535; x_wconf 91' lang='lat' dir='ltr'><strong>ad</strong></span> <span class='ocrx_word' id='word_1_448' title='bbox 1363 3481 1578 3539; x_wconf 89' lang='lat' dir='ltr'><strong>labores</strong></span> <span class='ocrx_word' id='word_1_449' title='bbox 1605 3485 1820 3540; x_wconf 86' lang='lat' dir='ltr'><strong>venturi</strong></span> <span class='ocrx_word' id='word_1_450' title='bbox 1853 3472 2049 3557; x_wconf 86' lang='lat' dir='ltr'><strong>jejunii</strong></span> 
     </span>
    </p>
   </div>
   <div class='ocr_carea' id='block_1_66' title="bbox 458 3566 2050 3640">
    <p class='ocr_par' dir='ltr' id='par_1_66' title="bbox 458 3566 2050 3640">
     <span class='ocr_line' id='line_1_66' title="bbox 458 3566 2050 3640; baseline 0.013 -27"><span class='ocrx_word' id='word_1_451' title='bbox 458 3573 929 3630; x_wconf 67' lang='lat' dir='ltr'><strong>prmpararem‘ur,</strong></span> <span class='ocrx_word' id='word_1_452' title='bbox 961 3575 1017 3620; x_wconf 90' lang='lat' dir='ltr'><strong>et</strong></span> <span class='ocrx_word' id='word_1_453' title='bbox 1039 3566 1214 3636; x_wconf 91' lang='lat' dir='ltr'><strong>ipsum</strong></span> <span class='ocrx_word' id='word_1_454' title='bbox 1257 3568 1532 3640; x_wconf 86' lang='lat' dir='ltr'><strong>jejunium</strong></span> <span class='ocrx_word' id='word_1_455' title='bbox 1567 3589 1799 3631; x_wconf 88' lang='lat' dir='ltr'><strong>numero</strong></span> <span class='ocrx_word' id='word_1_456' title='bbox 1844 3587 2050 3633; x_wconf 71' lang='lat' dir='ltr'><strong>sancta:</strong></span> 
     </span>
    </p>
   </div>
   <div class='ocr_carea' id='block_1_67' title="bbox 458 3656 2048 3741">
    <p class='ocr_par' dir='ltr' id='par_1_67' title="bbox 458 3656 2048 3741">
     <span class='ocr_line' id='line_1_67' title="bbox 458 3656 2048 3741; baseline 0.013 -35"><span class='ocrx_word' id='word_1_457' title='bbox 458 3656 894 3726; x_wconf 73' lang='lat' dir='ltr'><strong>quadragesimae</strong></span> <span class='ocrx_word' id='word_1_458' title='bbox 920 3673 1085 3729; x_wconf 89' lang='lat' dir='ltr'><strong>quam</strong></span> <span class='ocrx_word' id='word_1_459' title='bbox 1120 3657 1384 3719; x_wconf 90' lang='lat' dir='ltr'><strong>Dominus</strong></span> <span class='ocrx_word' id='word_1_460' title='bbox 1408 3673 1594 3721; x_wconf 91' lang='lat' dir='ltr'><strong>noster</strong></span> <span class='ocrx_word' id='word_1_461' title='bbox 1615 3665 1881 3740; x_wconf 79' lang='lat' dir='ltr'><strong>integram</strong></span> <span class='ocrx_word' id='word_1_462' title='bbox 1904 3671 2048 3741; x_wconf 51' lang='lat' dir='ltr'><strong>jeju-</strong></span> 
     </span>
    </p>
   </div>
   <div class='ocr_carea' id='block_1_68' title="bbox 459 3747 2049 3820">
    <p class='ocr_par' dir='ltr' id='par_1_68' title="bbox 459 3747 2049 3820">
     <span class='ocr_line' id='line_1_68' title="bbox 459 3747 2049 3820; baseline 0.013 -20"><span class='ocrx_word' id='word_1_463' title='bbox 459 3747 633 3812; x_wconf 71' lang='lat' dir='ltr'><strong>navit,</strong></span> <span class='ocrx_word' id='word_1_464' title='bbox 673 3748 996 3807; x_wconf 87' lang='lat' dir='ltr'><strong>honoratius</strong></span> <span class='ocrx_word' id='word_1_465' title='bbox 1040 3753 1350 3811; x_wconf 88' lang='lat' dir='ltr'><strong>redderent.</strong></span> <span class='ocrx_word' id='word_1_466' title='bbox 1383 3755 1520 3813; x_wconf 90' lang='lat' dir='ltr'><strong>Octo</strong></span> <span class='ocrx_word' id='word_1_467' title='bbox 1565 3759 1713 3814; x_wconf 90' lang='lat' dir='ltr'><strong>enim</strong></span> <span class='ocrx_word' id='word_1_468' title='bbox 1750 3761 2049 3820; x_wconf 88' lang='lat' dir='ltr'><strong>hebdoma-</strong></span> 
     </span>
    </p>
   </div>
   <div class='ocr_carea' id='block_1_69' title="bbox 456 3837 2045 3927">
    <p class='ocr_par' dir='ltr' id='par_1_69' title="bbox 456 3837 2045 3927">
     <span class='ocr_line' id='line_1_69' title="bbox 456 3837 2045 3927; baseline 0.013 -35"><span class='ocrx_word' id='word_1_469' title='bbox 456 3837 576 3904; x_wconf 89' lang='lat' dir='ltr'><strong>das,</strong></span> <span class='ocrx_word' id='word_1_470' title='bbox 620 3839 915 3896; x_wconf 88' lang='lat' dir='ltr'><strong>subtractis</strong></span> <span class='ocrx_word' id='word_1_471' title='bbox 947 3841 1199 3902; x_wconf 88' lang='lat' dir='ltr'><strong>Sabbatis</strong></span> <span class='ocrx_word' id='word_1_472' title='bbox 1227 3859 1281 3903; x_wconf 90' lang='lat' dir='ltr'><strong>et</strong></span> <span class='ocrx_word' id='word_1_473' title='bbox 1323 3848 1650 3917; x_wconf 88' lang='lat' dir='ltr'><strong>Dominicis,</strong></span> <span class='ocrx_word' id='word_1_474' title='bbox 1684 3855 2045 3927; x_wconf 88' lang='lat' dir='ltr'><strong>quadraginta</strong></span> 
     </span>
    </p>
   </div>
   <div class='ocr_carea' id='block_1_70' title="bbox 454 3926 2046 4021">
    <p class='ocr_par' dir='ltr' id='par_1_70' title="bbox 454 3926 2046 4021">
     <span class='ocr_line' id='line_1_70' title="bbox 454 3926 2046 4021; baseline 0.015 -39"><span class='ocrx_word' id='word_1_475' title='bbox 454 3926 570 3982; x_wconf 83' lang='lat' dir='ltr'><strong>dies</strong></span> <span class='ocrx_word' id='word_1_476' title='bbox 593 3930 902 3998; x_wconf 80' lang='lat' dir='ltr'><strong>perﬁciunt,</strong></span> <span class='ocrx_word' id='word_1_477' title='bbox 931 3935 1316 4003; x_wconf 65' lang='lat' dir='ltr'><strong>praehonorato</strong></span> <span class='ocrx_word' id='word_1_478' title='bbox 1337 3957 1556 4014; x_wconf 89' lang='lat' dir='ltr'><strong>quoque</strong></span> <span class='ocrx_word' id='word_1_479' title='bbox 1585 3945 1640 4000; x_wconf 92' lang='lat' dir='ltr'><strong>in</strong></span> <span class='ocrx_word' id='word_1_480' title='bbox 1671 3962 1730 4002; x_wconf 91' lang='lat' dir='ltr'><strong>se</strong></span> <span class='ocrx_word' id='word_1_481' title='bbox 1756 3948 1874 4018; x_wconf 90' lang='lat' dir='ltr'><strong>ipso</strong></span> <span class='ocrx_word' id='word_1_482' title='bbox 1897 3926 2046 4021; x_wconf 83' lang='lat' dir='ltr'><strong>jeju-</strong></span> 
     </span>
    </p>
   </div>
   <div class='ocr_carea' id='block_1_71' title="bbox 456 4017 2044 4109">
    <p class='ocr_par' dir='ltr' id='par_1_71' title="bbox 456 4017 2044 4109">
     <span class='ocr_line' id='line_1_71' title="bbox 456 4017 2044 4109; baseline 0.017 -37"><span class='ocrx_word' id='word_1_483' title='bbox 456 4017 550 4072; x_wconf 88' lang='lat' dir='ltr'><strong>nio</strong></span> <span class='ocrx_word' id='word_1_484' title='bbox 582 4019 804 4077; x_wconf 82' lang='lat' dir='ltr'><strong>Sabbati</strong></span> <span class='ocrx_word' id='word_1_485' title='bbox 831 4029 1004 4081; x_wconf 87' lang='lat' dir='ltr'><strong>sancti</strong></span> <span class='ocrx_word' id='word_1_486' title='bbox 1033 4029 1178 4099; x_wconf 90' lang='lat' dir='ltr'><strong>quod</strong></span> <span class='ocrx_word' id='word_1_487' title='bbox 1225 4031 1368 4088; x_wconf 92' lang='lat' dir='ltr'><strong>inter</strong></span> <span class='ocrx_word' id='word_1_488' title='bbox 1393 4043 1588 4092; x_wconf 65' lang='lat' dir='ltr'><strong>caetera</strong></span> <span class='ocrx_word' id='word_1_489' title='bbox 1615 4017 1824 4109; x_wconf 84' lang='lat' dir='ltr'><strong>jejunia</strong></span> <span class='ocrx_word' id='word_1_490' title='bbox 1875 4017 2044 4101; x_wconf 83' lang='lat' dir='ltr'><strong>totius</strong></span> 
     </span>
    </p>
   </div>
   <div class='ocr_carea' id='block_1_72' title="bbox 454 4113 2046 4206">
    <p class='ocr_par' dir='ltr' id='par_1_72' title="bbox 454 4113 2046 4206">
     <span class='ocr_line' id='line_1_72' title="bbox 454 4113 2046 4206; baseline 0.019 -42"><span class='ocrx_word' id='word_1_491' title='bbox 454 4113 585 4166; x_wconf 86' lang='lat' dir='ltr'><strong>anni</strong></span> <span class='ocrx_word' id='word_1_492' title='bbox 619 4117 1029 4174; x_wconf 86' lang='lat' dir='ltr'><strong>sanctissimum</strong></span> <span class='ocrx_word' id='word_1_493' title='bbox 1069 4132 1123 4178; x_wconf 92' lang='lat' dir='ltr'><strong>et</strong></span> <span class='ocrx_word' id='word_1_494' title='bbox 1161 4127 1510 4184; x_wconf 83' lang='lat' dir='ltr'><strong>verissimum</strong></span> <span class='ocrx_word' id='word_1_495' title='bbox 1536 4140 1639 4187; x_wconf 88' lang='lat' dir='ltr'><strong>est.</strong></span> <span class='ocrx_word' id='word_1_496' title='bbox 1694 4133 1912 4206; x_wconf 85' lang='lat' dir='ltr'><strong>Septem</strong></span> <span class='ocrx_word' id='word_1_497' title='bbox 1945 4153 2046 4193; x_wconf 86' lang='lat' dir='ltr'><strong>au-</strong></span> 
     </span>
    </p>
   </div>
   <div class='ocr_carea' id='block_1_73' title="bbox 456 4203 2055 4295">
    <p class='ocr_par' dir='ltr' id='par_1_73' title="bbox 456 4203 2055 4295">
     <span class='ocr_line' id='line_1_73' title="bbox 456 4203 2055 4295; baseline 0.019 -39"><span class='ocrx_word' id='word_1_498' title='bbox 456 4215 563 4257; x_wconf 87' lang='lat' dir='ltr'><strong>tem</strong></span> <span class='ocrx_word' id='word_1_499' title='bbox 597 4203 948 4266; x_wconf 71' lang='lat' dir='ltr'><strong>hebdomadze</strong></span> <span class='ocrx_word' id='word_1_500' title='bbox 981 4213 1194 4286; x_wconf 91' lang='lat' dir='ltr'><strong>absque</strong></span> <span class='ocrx_word' id='word_1_501' title='bbox 1226 4213 1482 4277; x_wconf 86' lang='lat' dir='ltr'><strong>Sabbatis</strong></span> <span class='ocrx_word' id='word_1_502' title='bbox 1513 4232 1568 4278; x_wconf 90' lang='lat' dir='ltr'><strong>et</strong></span> <span class='ocrx_word' id='word_1_503' title='bbox 1590 4203 1911 4295; x_wconf 81' lang='lat' dir='ltr'><strong>Dominicis,</strong></span> <span class='ocrx_word' id='word_1_504' title='bbox 1943 4225 2055 4285; x_wconf 53' lang='lat' dir='ltr'><strong>tri?</strong></span> 
     </span>
    </p>
   </div>
   <div class='ocr_carea' id='block_1_74' title="bbox 453 4295 2043 4388">
    <p class='ocr_par' dir='ltr' id='par_1_74' title="bbox 453 4295 2043 4388">
     <span class='ocr_line' id='line_1_74' title="bbox 453 4295 2043 4388; baseline 0.019 -40"><span class='ocrx_word' id='word_1_505' title='bbox 453 4295 604 4388; x_wconf 77' lang='lat' dir='ltr'><strong>ginta</strong></span> <span class='ocrx_word' id='word_1_506' title='bbox 624 4297 865 4371; x_wconf 89' lang='lat' dir='ltr'><strong>quinque</strong></span> <span class='ocrx_word' id='word_1_507' title='bbox 910 4304 1027 4360; x_wconf 89' lang='lat' dir='ltr'><strong>dies</strong></span> <span class='ocrx_word' id='word_1_508' title='bbox 1053 4308 1347 4378; x_wconf 84' lang='lat' dir='ltr'><strong>complent,</strong></span> <span class='ocrx_word' id='word_1_509' title='bbox 1375 4313 1578 4382; x_wconf 91' lang='lat' dir='ltr'><strong>quibus</strong></span> <span class='ocrx_word' id='word_1_510' title='bbox 1634 4317 1848 4388; x_wconf 89' lang='lat' dir='ltr'><strong>adjecto</strong></span> <span class='ocrx_word' id='word_1_511' title='bbox 1905 4321 2043 4378; x_wconf 80' lang='lat' dir='ltr'><strong>Sab-</strong></span> 
     </span>
    </p>
   </div>
   <div class='ocr_carea' id='block_1_75' title="bbox 453 4387 2040 4483">
    <p class='ocr_par' dir='ltr' id='par_1_75' title="bbox 453 4387 2040 4483">
     <span class='ocr_line' id='line_1_75' title="bbox 453 4387 2040 4483; baseline 0.019 -43"><span class='ocrx_word' id='word_1_512' title='bbox 453 4387 583 4442; x_wconf 80' lang='lat' dir='ltr'><strong>bato</strong></span> <span class='ocrx_word' id='word_1_513' title='bbox 599 4398 788 4446; x_wconf 87' lang='lat' dir='ltr'><strong>sancto</strong></span> <span class='ocrx_word' id='word_1_514' title='bbox 812 4401 866 4447; x_wconf 90' lang='lat' dir='ltr'><strong>et</strong></span> <span class='ocrx_word' id='word_1_515' title='bbox 886 4395 1064 4450; x_wconf 87' lang='lat' dir='ltr'><strong>media</strong></span> <span class='ocrx_word' id='word_1_516' title='bbox 1092 4406 1245 4467; x_wconf 90' lang='lat' dir='ltr'><strong>parte</strong></span> <span class='ocrx_word' id='word_1_517' title='bbox 1268 4397 1536 4461; x_wconf 87' lang='lat' dir='ltr'><strong>illustrius</strong></span> <span class='ocrx_word' id='word_1_518' title='bbox 1555 4387 1781 4465; x_wconf 15' lang='lat' dir='ltr'><strong>illiusiet</strong></span> <span class='ocrx_word' id='word_1_519' title='bbox 1801 4413 2040 4483; x_wconf 88' lang='lat' dir='ltr'><strong>splendi-</strong></span> 
     </span>
    </p>
   </div>
   <div class='ocr_carea' id='block_1_76' title="bbox 453 4475 2038 4573">
    <p class='ocr_par' dir='ltr' id='par_1_76' title="bbox 453 4475 2038 4573">
     <span class='ocr_line' id='line_1_76' title="bbox 453 4475 2038 4573; baseline 0.018 -41"><span class='ocrx_word' id='word_1_520' title='bbox 453 4475 697 4534; x_wconf 67' lang='lat' dir='ltr'><strong>dissimae</strong></span> <span class='ocrx_word' id='word_1_521' title='bbox 728 4481 907 4539; x_wconf 89' lang='lat' dir='ltr'><strong>noctis</strong></span> <span class='ocrx_word' id='word_1_522' title='bbox 924 4485 1143 4556; x_wconf 84' lang='lat' dir='ltr'><strong>triginta</strong></span> <span class='ocrx_word' id='word_1_523' title='bbox 1173 4504 1266 4544; x_wconf 80' lang='lat' dir='ltr'><strong>sex</strong></span> <span class='ocrx_word' id='word_1_524' title='bbox 1305 4508 1429 4548; x_wconf 91' lang='lat' dir='ltr'><strong>cum</strong></span> <span class='ocrx_word' id='word_1_525' title='bbox 1457 4496 1684 4554; x_wconf 92' lang='lat' dir='ltr'><strong>dimidio</strong></span> <span class='ocrx_word' id='word_1_526' title='bbox 1713 4475 2038 4573; x_wconf 74' lang='lat' dir='ltr'><strong>computan-</strong></span> 
     </span>
    </p>
   </div>
   <div class='ocr_carea' id='block_1_77' title="bbox 453 4568 2037 4661">
    <p class='ocr_par' dir='ltr' id='par_1_77' title="bbox 453 4568 2037 4661">
     <span class='ocr_line' id='line_1_77' title="bbox 453 4568 2037 4661; baseline 0.019 -39"><span class='ocrx_word' id='word_1_527' title='bbox 453 4577 544 4623; x_wconf 91' lang='lat' dir='ltr'><strong>tur</strong></span> <span class='ocrx_word' id='word_1_528' title='bbox 571 4568 688 4626; x_wconf 82' lang='lat' dir='ltr'><strong>dies</strong></span> <span class='ocrx_word' id='word_1_529' title='bbox 708 4588 723 4638; x_wconf 92' lang='lat'><strong>;</strong></span> <span class='ocrx_word' id='word_1_530' title='bbox 743 4587 865 4643; x_wconf 61' lang='lat' dir='ltr'><strong>qua!</strong></span> <span class='ocrx_word' id='word_1_531' title='bbox 887 4576 1096 4634; x_wconf 87' lang='lat' dir='ltr'><strong>decima</strong></span> <span class='ocrx_word' id='word_1_532' title='bbox 1115 4596 1242 4651; x_wconf 88' lang='lat' dir='ltr'><strong>pars</strong></span> <span class='ocrx_word' id='word_1_533' title='bbox 1260 4593 1362 4649; x_wconf 85' lang='lat' dir='ltr'><strong>est,</strong></span> <span class='ocrx_word' id='word_1_534' title='bbox 1388 4587 1433 4643; x_wconf 89' lang='lat' dir='ltr'><strong>si</strong></span> <span class='ocrx_word' id='word_1_535' title='bbox 1458 4601 1601 4646; x_wconf 90' lang='lat' dir='ltr'><strong>recte</strong></span> <span class='ocrx_word' id='word_1_536' title='bbox 1617 4608 1892 4661; x_wconf 89' lang='lat' dir='ltr'><strong>numeres,</strong></span> <span class='ocrx_word' id='word_1_537' title='bbox 1926 4605 2037 4652; x_wconf 89' lang='lat' dir='ltr'><strong>tre-</strong></span> 
     </span>
    </p>
   </div>
   <div class='ocr_carea' id='block_1_78' title="bbox 452 4669 2042 4747">
    <p class='ocr_par' dir='ltr' id='par_1_78' title="bbox 452 4669 2042 4747">
     <span class='ocr_line' id='line_1_78' title="bbox 452 4669 2042 4747; baseline 0.02 -34"><span class='ocrx_word' id='word_1_538' title='bbox 452 4669 734 4718; x_wconf 78' lang='lat' dir='ltr'><strong>centorum</strong></span> <span class='ocrx_word' id='word_1_539' title='bbox 755 4671 1033 4739; x_wconf 78' lang='lat' dir='ltr'><strong>sexaginta</strong></span> <span class='ocrx_word' id='word_1_540' title='bbox 1057 4675 1300 4747; x_wconf 89' lang='lat' dir='ltr'><strong>quinque</strong></span> <span class='ocrx_word' id='word_1_541' title='bbox 1319 4677 1530 4737; x_wconf 81' lang='lat' dir='ltr'><strong>dierum</strong></span> <span class='ocrx_word' id='word_1_542' title='bbox 1562 4685 1711 4738; x_wconf 88' lang='lat' dir='ltr'><strong>anni.</strong></span> <span class='ocrx_word' id='word_1_543' title='bbox 1745 4683 2042 4744; x_wconf 85' lang='lat' dir='ltr'><strong>Trecento-</strong></span> 
     </span>
    </p>
   </div>
   <div class='ocr_carea' id='block_1_79' title="bbox 450 4756 2042 4852">
    <p class='ocr_par' dir='ltr' id='par_1_79' title="bbox 450 4756 2042 4852">
     <span class='ocr_line' id='line_1_79' title="bbox 450 4756 2042 4852; baseline 0.02 -47"><span class='ocrx_word' id='word_1_544' title='bbox 450 4767 572 4807; x_wconf 87' lang='lat' dir='ltr'><strong>rum</strong></span> <span class='ocrx_word' id='word_1_545' title='bbox 594 4756 740 4810; x_wconf 91' lang='lat' dir='ltr'><strong>enim</strong></span> <span class='ocrx_word' id='word_1_546' title='bbox 762 4759 974 4816; x_wconf 88' lang='lat' dir='ltr'><strong>dierum</strong></span> <span class='ocrx_word' id='word_1_547' title='bbox 995 4763 1205 4823; x_wconf 90' lang='lat' dir='ltr'><strong>decima</strong></span> <span class='ocrx_word' id='word_1_548' title='bbox 1231 4785 1356 4840; x_wconf 90' lang='lat' dir='ltr'><strong>pars</strong></span> <span class='ocrx_word' id='word_1_549' title='bbox 1373 4784 1457 4829; x_wconf 87' lang='lat' dir='ltr'><strong>est</strong></span> <span class='ocrx_word' id='word_1_550' title='bbox 1476 4775 1718 4847; x_wconf 75' lang='lat' dir='ltr'><strong>triginta;</strong></span> <span class='ocrx_word' id='word_1_551' title='bbox 1743 4795 2042 4852; x_wconf 77' lang='lat' dir='ltr'><strong>sexagena-</strong></span> 
     </span>
    </p>
   </div>
   <div class='ocr_carea' id='block_1_80' title="bbox 450 4845 2039 4933">
    <p class='ocr_par' dir='ltr' id='par_1_80' title="bbox 450 4845 2039 4933">
     <span class='ocr_line' id='line_1_80' title="bbox 450 4845 2039 4933; baseline 0.018 -33"><span class='ocrx_word' id='word_1_552' title='bbox 450 4845 516 4900; x_wconf 85' lang='lat' dir='ltr'><strong>rii</strong></span> <span class='ocrx_word' id='word_1_553' title='bbox 545 4862 676 4902; x_wconf 81' lang='lat' dir='ltr'><strong>vero</strong></span> <span class='ocrx_word' id='word_1_554' title='bbox 705 4853 943 4918; x_wconf 91' lang='lat' dir='ltr'><strong>numeri,</strong></span> <span class='ocrx_word' id='word_1_555' title='bbox 978 4869 1070 4910; x_wconf 80' lang='lat' dir='ltr'><strong>sex</strong></span> <span class='ocrx_word' id='word_1_556' title='bbox 1097 4860 1523 4933; x_wconf 87' lang='lat' dir='ltr'><strong>;quinqucnarii</strong></span> <span class='ocrx_word' id='word_1_557' title='bbox 1567 4879 1748 4925; x_wconf 91' lang='lat' dir='ltr'><strong>autem</strong></span> <span class='ocrx_word' id='word_1_558' title='bbox 1775 4871 2039 4930; x_wconf 89' lang='lat' dir='ltr'><strong>dimidius</strong></span> 
     </span>
    </p>
   </div>
   <div class='ocr_carea' id='block_1_81' title="bbox 447 4937 2038 5030">
    <p class='ocr_par' dir='ltr' id='par_1_81' title="bbox 447 4937 2038 5030">
     <span class='ocr_line' id='line_1_81' title="bbox 447 4937 2038 5030; baseline 0.019 -40"><span class='ocrx_word' id='word_1_559' title='bbox 447 4937 589 4993; x_wconf 88' lang='lat' dir='ltr'><strong>dies.</strong></span> <span class='ocrx_word' id='word_1_560' title='bbox 621 4937 748 4996; x_wconf 73' lang='lat' dir='ltr'><strong>Haec</strong></span> <span class='ocrx_word' id='word_1_561' title='bbox 774 4951 859 4997; x_wconf 88' lang='lat' dir='ltr'><strong>est</strong></span> <span class='ocrx_word' id='word_1_562' title='bbox 876 4943 1195 5018; x_wconf 86' lang='lat' dir='ltr'><strong>decimatio,</strong></span> <span class='ocrx_word' id='word_1_563' title='bbox 1222 4967 1383 5023; x_wconf 91' lang='lat' dir='ltr'><strong>quam</strong></span> <span class='ocrx_word' id='word_1_564' title='bbox 1406 4956 1562 5013; x_wconf 88' lang='lat' dir='ltr'><strong>nobis</strong></span> <span class='ocrx_word' id='word_1_565' title='bbox 1585 4958 1638 5012; x_wconf 93' lang='lat' dir='ltr'><strong>in</strong></span> <span class='ocrx_word' id='word_1_566' title='bbox 1663 4963 2038 5030; x_wconf 55' lang='lat' dir='ltr'><strong>paenitentiam</strong></span> 
     </span>
    </p>
   </div>
   <div class='ocr_carea' id='block_1_82' title="bbox 447 5030 2036 5124">
    <p class='ocr_par' dir='ltr' id='par_1_82' title="bbox 447 5030 2036 5124">
     <span class='ocr_line' id='line_1_82' title="bbox 447 5030 2036 5124; baseline 0.019 -44"><span class='ocrx_word' id='word_1_567' title='bbox 447 5032 503 5080; x_wconf 84' lang='lat' dir='ltr'><strong>et</strong></span> <span class='ocrx_word' id='word_1_568' title='bbox 587 5030 964 5098; x_wconf 76' lang='lat' dir='ltr'><strong>purgationem</strong></span> <span class='ocrx_word' id='word_1_569' title='bbox 1026 5048 1374 5105; x_wconf 88' lang='lat' dir='ltr'><strong>peccatorum</strong></span> <span class='ocrx_word' id='word_1_570' title='bbox 1440 5055 1753 5104; x_wconf 86' lang='lat' dir='ltr'><strong>nostrorum</strong></span> <span class='ocrx_word' id='word_1_571' title='bbox 1806 5056 2036 5124; x_wconf 89' lang='lat' dir='ltr'><strong>apostoli</strong></span> 
     </span>
    </p>
   </div>
   <div class='ocr_carea' id='block_1_83' title="bbox 449 5117 2038 5210">
    <p class='ocr_par' dir='ltr' id='par_1_83' title="bbox 449 5117 2038 5210">
     <span class='ocr_line' id='line_1_83' title="bbox 449 5117 2038 5210; baseline 0.021 -42"><span class='ocrx_word' id='word_1_572' title='bbox 449 5117 623 5170; x_wconf 61' lang='lat' dir='ltr'><strong>aucti</strong></span> <span class='ocrx_word' id='word_1_573' title='bbox 641 5132 1052 5181; x_wconf 87' lang='lat' dir='ltr'><strong>consecrarunt.</strong></span> <span class='ocrx_word' id='word_1_574' title='bbox 1075 5125 1397 5202; x_wconf 85' lang='lat' dir='ltr'><strong>Quicunque</strong></span> <span class='ocrx_word' id='word_1_575' title='bbox 1415 5133 1579 5204; x_wconf 83' lang='lat' dir='ltr'><strong>igitur</strong></span> <span class='ocrx_word' id='word_1_576' title='bbox 1595 5154 1652 5193; x_wconf 91' lang='lat' dir='ltr'><strong>se</strong></span> <span class='ocrx_word' id='word_1_577' title='bbox 1669 5117 2038 5210; x_wconf 49' lang='lat' dir='ltr'><strong>ipsum-sacris</strong></span> 
     </span>
    </p>
   </div>
   <div class='ocr_carea' id='block_1_84' title="bbox 450 5206 2035 5302">
    <p class='ocr_par' dir='ltr' id='par_1_84' title="bbox 450 5206 2035 5302">
     <span class='ocr_line' id='line_1_84' title="bbox 450 5206 2035 5302; baseline 0.02 -43"><span class='ocrx_word' id='word_1_578' title='bbox 450 5206 537 5261; x_wconf 92' lang='lat' dir='ltr'><strong>his</strong></span> <span class='ocrx_word' id='word_1_579' title='bbox 561 5209 778 5277; x_wconf 86' lang='lat' dir='ltr'><strong>diebus,</strong></span> <span class='ocrx_word' id='word_1_580' title='bbox 799 5222 860 5268; x_wconf 90' lang='lat' dir='ltr'><strong>ut</strong></span> <span class='ocrx_word' id='word_1_581' title='bbox 891 5216 1065 5285; x_wconf 85' lang='lat' dir='ltr'><strong>decet,</strong></span> <span class='ocrx_word' id='word_1_582' title='bbox 1085 5223 1234 5276; x_wconf 92' lang='lat' dir='ltr'><strong>omni</strong></span> <span class='ocrx_word' id='word_1_583' title='bbox 1259 5223 1536 5294; x_wconf 84' lang='lat' dir='ltr'><strong>diligentia</strong></span> <span class='ocrx_word' id='word_1_584' title='bbox 1559 5206 1878 5302; x_wconf 75' lang='lat' dir='ltr'><strong>servaverit,</strong></span> <span class='ocrx_word' id='word_1_585' title='bbox 1904 5235 2035 5291; x_wconf 86' lang='lat' dir='ltr'><strong>bea-</strong></span> 
     </span>
    </p>
   </div>
   <div class='ocr_carea' id='block_1_85' title="bbox 448 5307 2036 5395">
    <p class='ocr_par' dir='ltr' id='par_1_85' title="bbox 448 5307 2036 5395">
     <span class='ocr_line' id='line_1_85' title="bbox 448 5307 2036 5395; baseline 0.02 -41"><span class='ocrx_word' id='word_1_586' title='bbox 448 5307 539 5356; x_wconf 87' lang='lat' dir='ltr'><strong>ttts</strong></span> <span class='ocrx_word' id='word_1_587' title='bbox 577 5310 699 5369; x_wconf 82' lang='lat' dir='ltr'><strong>ent,</strong></span> <span class='ocrx_word' id='word_1_588' title='bbox 735 5313 954 5372; x_wconf 80' lang='lat' dir='ltr'><strong>tratres,</strong></span> <span class='ocrx_word' id='word_1_589' title='bbox 999 5312 1217 5370; x_wconf 84' lang='lat' dir='ltr'><strong>etiamsi</strong></span> <span class='ocrx_word' id='word_1_590' title='bbox 1259 5315 1308 5370; x_wconf 89' lang='lat' dir='ltr'><strong>ei</strong></span> <span class='ocrx_word' id='word_1_591' title='bbox 1349 5326 1409 5372; x_wconf 92' lang='lat' dir='ltr'><strong>u-t</strong></span> <span class='ocrx_word' id='word_1_592' title='bbox 1444 5320 1652 5376; x_wconf 88' lang='lat' dir='ltr'><strong>homini</strong></span> <span class='ocrx_word' id='word_1_593' title='bbox 1689 5339 1912 5395; x_wconf 86' lang='lat' dir='ltr'><strong>peccare</strong></span> <span class='ocrx_word' id='word_1_594' title='bbox 1949 5329 2036 5384; x_wconf 91' lang='lat' dir='ltr'><strong>in-</strong></span> 
     </span>
    </p>
   </div>
   <div class='ocr_carea' id='block_1_86' title="bbox 519 5463 1626 5575">
    <p class='ocr_par' dir='ltr' id='par_1_86' title="bbox 519 5463 1626 5575">
     <span class='ocr_line' id='line_1_86' title="bbox 519 5463 1626 5575; baseline 0.029 -43"><span class='ocrx_word' id='word_1_595' title='bbox 519 5477 545 5517; x_wconf 72' lang='grc' dir='ltr'><strong>δ</strong></span> <span class='ocrx_word' id='word_1_596' title='bbox 577 5480 772 5541; x_wconf 83' lang='lat' dir='ltr'><strong>Matth.</strong></span> <span class='ocrx_word' id='word_1_597' title='bbox 798 5463 895 5558; x_wconf 65' lang='lat' dir='ltr'><strong>vit,</strong></span> <span class='ocrx_word' id='word_1_598' title='bbox 935 5492 1028 5548; x_wconf 73' lang='grc'><strong>24.</strong></span> <span class='ocrx_word' id='word_1_599' title='bbox 1110 5509 1133 5538; x_wconf 74' lang='grc' dir='ltr'><strong>ο</strong></span> <span class='ocrx_word' id='word_1_600' title='bbox 1169 5496 1334 5555; x_wconf 82' lang='lat' dir='ltr'><strong>Num.</strong></span> <span class='ocrx_word' id='word_1_601' title='bbox 1371 5517 1531 5575; x_wconf 82' lang='lat' dir='ltr'><strong>xvm,</strong></span> <span class='ocrx_word' id='word_1_602' title='bbox 1559 5504 1626 5566; x_wconf 72' lang='lat'><strong>2.</strong></span> 
     </span>
    </p>
   </div>
   <div class='ocr_carea' id='block_1_87' title="bbox 2158 3289 3754 3364">
    <p class='ocr_par' dir='ltr' id='par_1_87' title="bbox 2158 3289 3754 3364">
     <span class='ocr_line' id='line_1_87' title="bbox 2158 3289 3754 3364; baseline -0.001 -17"><span class='ocrx_word' id='word_1_603' title='bbox 2158 3292 2365 3356; x_wconf 87' lang='grc' dir='ltr'><strong>ταύτας</strong></span> <span class='ocrx_word' id='word_1_604' title='bbox 2417 3291 2560 3345; x_wconf 86' lang='grc' dir='ltr'><strong>ἑπτά</strong></span> <span class='ocrx_word' id='word_1_605' title='bbox 2605 3290 2906 3360; x_wconf 79' lang='grc' dir='ltr'><strong>ἑϐδομάδας</strong></span> <span class='ocrx_word' id='word_1_606' title='bbox 2945 3289 3056 3345; x_wconf 86' lang='grc' dir='ltr'><strong>τῶν</strong></span> <span class='ocrx_word' id='word_1_607' title='bbox 3103 3290 3401 3360; x_wconf 61' lang='grc' dir='ltr'><strong>νηστειῶν</strong></span> <span class='ocrx_word' id='word_1_608' title='bbox 3451 3290 3597 3346; x_wconf 76' lang='grc' dir='ltr'><strong>οὕτω</strong></span> <span class='ocrx_word' id='word_1_609' title='bbox 3643 3293 3754 3364; x_wconf 79' lang='grc' dir='ltr'><strong>γὰρ</strong></span> 
     </span>
    </p>
   </div>
   <div class='ocr_carea' id='block_1_88' title="bbox 2158 3380 3754 3456">
    <p class='ocr_par' dir='ltr' id='par_1_88' title="bbox 2158 3380 3754 3456">
     <span class='ocr_line' id='line_1_88' title="bbox 2158 3380 3754 3456; baseline -0.003 -16"><span class='ocrx_word' id='word_1_610' title='bbox 2158 3386 2449 3456; x_wconf 82' lang='grc' dir='ltr'><strong>ἀφώρισαν</strong></span> <span class='ocrx_word' id='word_1_611' title='bbox 2512 3383 2652 3437; x_wconf 81' lang='grc' dir='ltr'><strong>ἑπτὰ</strong></span> <span class='ocrx_word' id='word_1_612' title='bbox 2698 3380 3019 3451; x_wconf 79' lang='grc' dir='ltr'><strong>ἑϐδομάδας.</strong></span> <span class='ocrx_word' id='word_1_613' title='bbox 3059 3381 3225 3436; x_wconf 83' lang='grc' dir='ltr'><strong>Ἀλλὰ</strong></span> <span class='ocrx_word' id='word_1_614' title='bbox 3267 3384 3317 3436; x_wconf 81' lang='grc' dir='ltr'><strong>οἱ</strong></span> <span class='ocrx_word' id='word_1_615' title='bbox 3369 3384 3615 3455; x_wconf 82' lang='grc' dir='ltr'><strong>Πατέρες</strong></span> <span class='ocrx_word' id='word_1_616' title='bbox 3674 3385 3754 3455; x_wconf 81' lang='grc' dir='ltr'><strong>τῷ</strong></span> 
     </span>
    </p>
   </div>
   <div class='ocr_carea' id='block_1_89' title="bbox 2159 3473 3754 3546">
    <p class='ocr_par' dir='ltr' id='par_1_89' title="bbox 2159 3473 3754 3546">
     <span class='ocr_line' id='line_1_89' title="bbox 2159 3473 3754 3546; baseline 0.001 -18"><span class='ocrx_word' id='word_1_617' title='bbox 2159 3475 2336 3546; x_wconf 82' lang='grc' dir='ltr'><strong>χρόνῳ</strong></span> <span class='ocrx_word' id='word_1_618' title='bbox 2373 3474 2610 3528; x_wconf 76' lang='grc' dir='ltr'><strong>συνεῖδον</strong></span> <span class='ocrx_word' id='word_1_619' title='bbox 2642 3473 3020 3544; x_wconf 85' lang='grc' dir='ltr'><strong>προστεθεϊναι</strong></span> <span class='ocrx_word' id='word_1_620' title='bbox 3052 3473 3244 3537; x_wconf 79' lang='grc' dir='ltr'><strong>αὐταῖς</strong></span> <span class='ocrx_word' id='word_1_621' title='bbox 3275 3473 3370 3526; x_wconf 70' lang='grc' dir='ltr'><strong>καὶ</strong></span> <span class='ocrx_word' id='word_1_622' title='bbox 3403 3474 3572 3545; x_wconf 78' lang='grc' dir='ltr'><strong>ἀλλην</strong></span> <span class='ocrx_word' id='word_1_623' title='bbox 3621 3475 3754 3546; x_wconf 87' lang='grc' dir='ltr'><strong>μίαν</strong></span> 
     </span>
    </p>
   </div>
   <div class='ocr_carea' id='block_1_90' title="bbox 2157 3563 3754 3636">
    <p class='ocr_par' dir='ltr' id='par_1_90' title="bbox 2157 3563 3754 3636">
     <span class='ocr_line' id='line_1_90' title="bbox 2157 3563 3754 3636; baseline 0.002 -18"><span class='ocrx_word' id='word_1_624' title='bbox 2157 3564 2449 3636; x_wconf 85' lang='grc' dir='ltr'><strong>ἑϐδομάδα,</strong></span> <span class='ocrx_word' id='word_1_625' title='bbox 2484 3565 2602 3634; x_wconf 79' lang='grc' dir='ltr'><strong>ἅμα</strong></span> <span class='ocrx_word' id='word_1_626' title='bbox 2634 3564 2734 3636; x_wconf 80' lang='grc' dir='ltr'><strong>μὲν</strong></span> <span class='ocrx_word' id='word_1_627' title='bbox 2767 3563 2855 3618; x_wconf 87' lang='grc' dir='ltr'><strong>διὰ</strong></span> <span class='ocrx_word' id='word_1_628' title='bbox 2889 3564 2948 3618; x_wconf 82' lang='grc' dir='ltr'><strong>τὺ</strong></span> <span class='ocrx_word' id='word_1_629' title='bbox 2984 3564 3494 3636; x_wconf 84' lang='grc' dir='ltr'><strong>προγυμνάζεσθαι,</strong></span> <span class='ocrx_word' id='word_1_630' title='bbox 3517 3567 3613 3620; x_wconf 73' lang='grc' dir='ltr'><strong>καὶ</strong></span> <span class='ocrx_word' id='word_1_631' title='bbox 3637 3563 3754 3621; x_wconf 69' lang='grc' dir='ltr'><strong>οἷον</strong></span> 
     </span>
    </p>
   </div>
   <div class='ocr_carea' id='block_1_91' title="bbox 2157 3657 3755 3731">
    <p class='ocr_par' dir='ltr' id='par_1_91' title="bbox 2157 3657 3755 3731">
     <span class='ocr_line' id='line_1_91' title="bbox 2157 3657 3755 3731; baseline 0.003 -19"><span class='ocrx_word' id='word_1_632' title='bbox 2157 3657 2626 3731; x_wconf 77' lang='grc' dir='ltr'><strong>προομαλίζεσθαι</strong></span> <span class='ocrx_word' id='word_1_633' title='bbox 2671 3657 2800 3723; x_wconf 82' lang='grc' dir='ltr'><strong>τοὺς</strong></span> <span class='ocrx_word' id='word_1_634' title='bbox 2855 3658 3152 3729; x_wconf 82' lang='grc' dir='ltr'><strong>μέλλοντας</strong></span> <span class='ocrx_word' id='word_1_635' title='bbox 3200 3659 3465 3714; x_wconf 75' lang='grc' dir='ltr'><strong>εἰσελθεῖν</strong></span> <span class='ocrx_word' id='word_1_636' title='bbox 3517 3664 3600 3726; x_wconf 82' lang='grc' dir='ltr'><strong>εἰς</strong></span> <span class='ocrx_word' id='word_1_637' title='bbox 3655 3663 3755 3717; x_wconf 77' lang='grc' dir='ltr'><strong>τὸν</strong></span> 
     </span>
    </p>
   </div>
   <div class='ocr_carea' id='block_1_92' title="bbox 2156 3749 3751 3824">
    <p class='ocr_par' dir='ltr' id='par_1_92' title="bbox 2156 3749 3751 3824">
     <span class='ocr_line' id='line_1_92' title="bbox 2156 3749 3751 3824; baseline 0.001 -19"><span class='ocrx_word' id='word_1_638' title='bbox 2156 3750 2326 3805; x_wconf 79' lang='grc' dir='ltr'><strong>κόπον</strong></span> <span class='ocrx_word' id='word_1_639' title='bbox 2353 3750 2464 3804; x_wconf 91' lang='grc' dir='ltr'><strong>τῶν</strong></span> <span class='ocrx_word' id='word_1_640' title='bbox 2496 3749 2783 3821; x_wconf 86' lang='grc' dir='ltr'><strong>νηστειῶν,</strong></span> <span class='ocrx_word' id='word_1_641' title='bbox 2819 3750 2938 3820; x_wconf 77' lang='grc' dir='ltr'><strong>ἅμα</strong></span> <span class='ocrx_word' id='word_1_642' title='bbox 2989 3750 3045 3803; x_wconf 78' lang='grc' dir='ltr'><strong>δὲ</strong></span> <span class='ocrx_word' id='word_1_643' title='bbox 3093 3751 3188 3804; x_wconf 77' lang='grc' dir='ltr'><strong>καὶ</strong></span> <span class='ocrx_word' id='word_1_644' title='bbox 3217 3751 3491 3821; x_wconf 86' lang='grc' dir='ltr'><strong>τιμῶντες</strong></span> <span class='ocrx_word' id='word_1_645' title='bbox 3526 3752 3626 3818; x_wconf 83' lang='grc' dir='ltr'><strong>τάς</strong></span> <span class='ocrx_word' id='word_1_646' title='bbox 3652 3771 3751 3824; x_wconf 82' lang='grc' dir='ltr'><strong>νη-</strong></span> 
     </span>
    </p>
   </div>
   <div class='ocr_carea' id='block_1_93' title="bbox 2158 3839 3752 3915">
    <p class='ocr_par' dir='ltr' id='par_1_93' title="bbox 2158 3839 3752 3915">
     <span class='ocr_line' id='line_1_93' title="bbox 2158 3839 3752 3915; baseline 0.001 -19"><span class='ocrx_word' id='word_1_647' title='bbox 2158 3843 2344 3906; x_wconf 86' lang='grc' dir='ltr'><strong>στείας</strong></span> <span class='ocrx_word' id='word_1_648' title='bbox 2367 3841 2446 3914; x_wconf 84' lang='grc' dir='ltr'><strong>τῷ</strong></span> <span class='ocrx_word' id='word_1_649' title='bbox 2471 3839 2695 3914; x_wconf 81' lang='grc' dir='ltr'><strong>ἀριθμῷ</strong></span> <span class='ocrx_word' id='word_1_650' title='bbox 2723 3841 2824 3911; x_wconf 85' lang='grc' dir='ltr'><strong>τῆς</strong></span> <span class='ocrx_word' id='word_1_651' title='bbox 2855 3841 3014 3909; x_wconf 84' lang='grc' dir='ltr'><strong>ἁγίας</strong></span> <span class='ocrx_word' id='word_1_652' title='bbox 3032 3840 3595 3915; x_wconf 78' lang='grc' dir='ltr'><strong>Τεσσαρακοστῆς·ἡν</strong></span> <span class='ocrx_word' id='word_1_653' title='bbox 3617 3845 3752 3913; x_wconf 81' lang='grc' dir='ltr'><strong>ἑνή-</strong></span> 
     </span>
    </p>
   </div>
   <div class='ocr_carea' id='block_1_94' title="bbox 2155 3937 3753 4011">
    <p class='ocr_par' dir='ltr' id='par_1_94' title="bbox 2155 3937 3753 4011">
     <span class='ocr_line' id='line_1_94' title="bbox 2155 3937 3753 4011; baseline 0 -18"><span class='ocrx_word' id='word_1_654' title='bbox 2155 3955 2382 3993; x_wconf 87' lang='grc' dir='ltr'><strong>στευσεν</strong></span> <span class='ocrx_word' id='word_1_655' title='bbox 2427 3941 2454 3992; x_wconf 86' lang='grc' dir='ltr'>ὁ</span> <span class='ocrx_word' id='word_1_656' title='bbox 2500 3938 2705 4010; x_wconf 81' lang='grc' dir='ltr'><strong>Κύριος</strong></span> <span class='ocrx_word' id='word_1_657' title='bbox 2733 3937 2911 4010; x_wconf 83' lang='grc' dir='ltr'><strong>ἡμῶν.</strong></span> <span class='ocrx_word' id='word_1_658' title='bbox 2959 3938 3025 3991; x_wconf 81' lang='grc' dir='ltr'><strong>Αἱ</strong></span> <span class='ocrx_word' id='word_1_659' title='bbox 3059 3938 3168 4009; x_wconf 74' lang='grc' dir='ltr'><strong>γὰρ</strong></span> <span class='ocrx_word' id='word_1_660' title='bbox 3218 3937 3416 3993; x_wconf 79' lang='grc' dir='ltr'><strong>ἑπτὰ³³</strong></span> <span class='ocrx_word' id='word_1_661' title='bbox 3449 3939 3753 4011; x_wconf 84' lang='grc' dir='ltr'><strong>ὲϐδομάδες</strong></span> 
     </span>
    </p>
   </div>
   <div class='ocr_carea' id='block_1_95' title="bbox 2153 4029 3747 4104">
    <p class='ocr_par' dir='ltr' id='par_1_95' title="bbox 2153 4029 3747 4104">
     <span class='ocr_line' id='line_1_95' title="bbox 2153 4029 3747 4104; baseline -0.001 -17"><span class='ocrx_word' id='word_1_662' title='bbox 2153 4032 2576 4104; x_wconf 79' lang='grc' dir='ltr'><strong>ὑφαιρουμένων</strong></span> <span class='ocrx_word' id='word_1_663' title='bbox 2625 4030 2738 4085; x_wconf 86' lang='grc' dir='ltr'><strong>τῶν</strong></span> <span class='ocrx_word' id='word_1_664' title='bbox 2793 4029 3090 4086; x_wconf 77' lang='grc' dir='ltr'><strong>Σαϐϐάτων</strong></span> <span class='ocrx_word' id='word_1_665' title='bbox 3136 4031 3234 4085; x_wconf 76' lang='grc' dir='ltr'><strong>καὶ</strong></span> <span class='ocrx_word' id='word_1_666' title='bbox 3283 4030 3391 4084; x_wconf 89' lang='grc' dir='ltr'><strong>τῶν</strong></span> <span class='ocrx_word' id='word_1_667' title='bbox 3424 4031 3747 4102; x_wconf 84' lang='grc' dir='ltr'><strong>Κυριακῶν,</strong></span> 
     </span>
    </p>
   </div>
   <div class='ocr_carea' id='block_1_96' title="bbox 2151 4124 3750 4197">
    <p class='ocr_par' dir='ltr' id='par_1_96' title="bbox 2151 4124 3750 4197">
     <span class='ocr_line' id='line_1_96' title="bbox 2151 4124 3750 4197; baseline -0.001 -16"><span class='ocrx_word' id='word_1_668' title='bbox 2151 4127 2566 4197; x_wconf 85' lang='grc' dir='ltr'><strong>τεσσαράκοντα</strong></span> <span class='ocrx_word' id='word_1_669' title='bbox 2595 4126 2802 4196; x_wconf 81' lang='grc' dir='ltr'><strong>ἡμέραι</strong></span> <span class='ocrx_word' id='word_1_670' title='bbox 2832 4124 3096 4192; x_wconf 71' lang='grc' dir='ltr'><strong>γίνονται,</strong></span> <span class='ocrx_word' id='word_1_671' title='bbox 3117 4125 3440 4196; x_wconf 82' lang='grc' dir='ltr'><strong>τιμωμένης</strong></span> <span class='ocrx_word' id='word_1_672' title='bbox 3471 4125 3595 4178; x_wconf 75' lang='grc' dir='ltr'><strong>καθ’</strong></span> <span class='ocrx_word' id='word_1_673' title='bbox 3621 4127 3750 4180; x_wconf 78' lang='grc' dir='ltr'><strong>ἑαυ-</strong></span> 
     </span>
    </p>
   </div>
   <div class='ocr_carea' id='block_1_97' title="bbox 2147 4215 3747 4292">
    <p class='ocr_par' dir='ltr' id='par_1_97' title="bbox 2147 4215 3747 4292">
     <span class='ocr_line' id='line_1_97' title="bbox 2147 4215 3747 4292; baseline -0.001 -19"><span class='ocrx_word' id='word_1_674' title='bbox 2147 4221 2250 4292; x_wconf 83' lang='grc' dir='ltr'><strong>τὴν</strong></span> <span class='ocrx_word' id='word_1_675' title='bbox 2279 4223 2376 4290; x_wconf 80' lang='grc' dir='ltr'><strong>τῆς</strong></span> <span class='ocrx_word' id='word_1_676' title='bbox 2404 4217 2660 4289; x_wconf 82' lang='grc' dir='ltr'><strong>νηστείας</strong></span> <span class='ocrx_word' id='word_1_677' title='bbox 2692 4216 2787 4270; x_wconf 77' lang='grc' dir='ltr'><strong>τοῦ</strong></span> <span class='ocrx_word' id='word_1_678' title='bbox 2829 4217 2990 4286; x_wconf 84' lang='grc' dir='ltr'><strong>ἁγίου</strong></span> <span class='ocrx_word' id='word_1_679' title='bbox 3033 4216 3336 4282; x_wconf 79' lang='grc' dir='ltr'><strong>Σαϐϐἀτου,</strong></span> <span class='ocrx_word' id='word_1_680' title='bbox 3368 4215 3455 4271; x_wconf 78' lang='grc' dir='ltr'><strong>διὰ</strong></span> <span class='ocrx_word' id='word_1_681' title='bbox 3499 4219 3558 4272; x_wconf 81' lang='grc' dir='ltr'><strong>τὸ</strong></span> <span class='ocrx_word' id='word_1_682' title='bbox 3604 4215 3747 4273; x_wconf 78' lang='grc' dir='ltr'><strong>εἶναι</strong></span> 
     </span>
    </p>
   </div>
   <div class='ocr_carea' id='block_1_98' title="bbox 2150 4309 3746 4384">
    <p class='ocr_par' dir='ltr' id='par_1_98' title="bbox 2150 4309 3746 4384">
     <span class='ocr_line' id='line_1_98' title="bbox 2150 4309 3746 4384; baseline -0.001 -17"><span class='ocrx_word' id='word_1_683' title='bbox 2150 4311 2320 4384; x_wconf 79' lang='grc' dir='ltr'><strong>αὐτὴν</strong></span> <span class='ocrx_word' id='word_1_684' title='bbox 2358 4309 2664 4383; x_wconf 84' lang='grc' dir='ltr'><strong>ἱερωτάτην</strong></span> <span class='ocrx_word' id='word_1_685' title='bbox 2710 4311 2802 4364; x_wconf 79' lang='grc' dir='ltr'><strong>καὶ</strong></span> <span class='ocrx_word' id='word_1_686' title='bbox 2852 4310 3020 4380; x_wconf 86' lang='grc' dir='ltr'><strong>μόνην</strong></span> <span class='ocrx_word' id='word_1_687' title='bbox 3069 4310 3346 4380; x_wconf 78' lang='grc' dir='ltr'><strong>νηστείαν,</strong></span> <span class='ocrx_word' id='word_1_688' title='bbox 3381 4310 3489 4364; x_wconf 83' lang='grc' dir='ltr'><strong>ἀπὸ</strong></span> <span class='ocrx_word' id='word_1_689' title='bbox 3525 4312 3746 4366; x_wconf 81' lang='grc' dir='ltr'><strong>πάντων</strong></span> 
     </span>
    </p>
   </div>
   <div class='ocr_carea' id='block_1_99' title="bbox 2148 4401 3744 4474">
    <p class='ocr_par' dir='ltr' id='par_1_99' title="bbox 2148 4401 3744 4474">
     <span class='ocr_line' id='line_1_99' title="bbox 2148 4401 3744 4474; baseline -0.003 -15"><span class='ocrx_word' id='word_1_690' title='bbox 2148 4405 2256 4459; x_wconf 81' lang='grc' dir='ltr'><strong>τῶν</strong></span> <span class='ocrx_word' id='word_1_691' title='bbox 2288 4403 2585 4459; x_wconf 81' lang='grc' dir='ltr'><strong>Σαϐϐἀτων</strong></span> <span class='ocrx_word' id='word_1_692' title='bbox 2626 4402 2720 4456; x_wconf 80' lang='grc' dir='ltr'><strong>τοῦ</strong></span> <span class='ocrx_word' id='word_1_693' title='bbox 2767 4401 3038 4456; x_wconf 78' lang='grc' dir='ltr'><strong>ἐνιαυτοῦ.</strong></span> <span class='ocrx_word' id='word_1_694' title='bbox 3073 4401 3137 4453; x_wconf 82' lang='grc' dir='ltr'><strong>Αἱ</strong></span> <span class='ocrx_word' id='word_1_695' title='bbox 3172 4401 3227 4453; x_wconf 84' lang='grc' dir='ltr'><strong>δὲ</strong></span> <span class='ocrx_word' id='word_1_696' title='bbox 3258 4402 3398 4455; x_wconf 80' lang='grc' dir='ltr'><strong>ἑπτὰ</strong></span> <span class='ocrx_word' id='word_1_697' title='bbox 3443 4401 3744 4474; x_wconf 84' lang='grc' dir='ltr'><strong>ἑϐδομάδες</strong></span> 
     </span>
    </p>
   </div>
   <div class='ocr_carea' id='block_1_100' title="bbox 2148 4488 3740 4571">
    <p class='ocr_par' dir='ltr' id='par_1_100' title="bbox 2148 4488 3740 4571">
     <span class='ocr_line' id='line_1_100' title="bbox 2148 4488 3740 4571; baseline -0.002 -19"><span class='ocrx_word' id='word_1_698' title='bbox 2148 4499 2318 4571; x_wconf 69' lang='grc' dir='ltr'><strong>χωρὶς</strong></span> <span class='ocrx_word' id='word_1_699' title='bbox 2355 4497 2464 4552; x_wconf 85' lang='grc' dir='ltr'><strong>τῶν</strong></span> <span class='ocrx_word' id='word_1_700' title='bbox 2513 4495 2810 4552; x_wconf 74' lang='grc' dir='ltr'><strong>Σαϐϐἀτων</strong></span> <span class='ocrx_word' id='word_1_701' title='bbox 2855 4496 2951 4549; x_wconf 68' lang='grc' dir='ltr'><strong>καὶ</strong></span> <span class='ocrx_word' id='word_1_702' title='bbox 2999 4493 3109 4547; x_wconf 85' lang='grc' dir='ltr'><strong>τῶν</strong></span> <span class='ocrx_word' id='word_1_703' title='bbox 3158 4488 3458 4565; x_wconf 67' lang='grc' dir='ltr'><strong>ΚυριακιῖΝ</strong></span> <span class='ocrx_word' id='word_1_704' title='bbox 3497 4497 3740 4565; x_wconf 86' lang='grc' dir='ltr'><strong>γίνονται</strong></span> 
     </span>
    </p>
   </div>
   <div class='ocr_carea' id='block_1_101' title="bbox 2144 4577 3737 4664">
    <p class='ocr_par' dir='ltr' id='par_1_101' title="bbox 2144 4577 3737 4664">
     <span class='ocr_line' id='line_1_101' title="bbox 2144 4577 3737 4664; baseline -0.001 -18"><span class='ocrx_word' id='word_1_705' title='bbox 2144 4593 2440 4664; x_wconf 83' lang='grc' dir='ltr'><strong>τριάκοντα</strong></span> <span class='ocrx_word' id='word_1_706' title='bbox 2475 4589 2637 4645; x_wconf 80' lang='grc' dir='ltr'><strong>πέντε</strong></span> <span class='ocrx_word' id='word_1_707' title='bbox 2670 4591 2915 4661; x_wconf 83' lang='grc' dir='ltr'><strong>ἡμέραι·</strong></span> <span class='ocrx_word' id='word_1_708' title='bbox 2946 4577 3154 4654; x_wconf 71' lang='grc' dir='ltr'><strong>λοιπὸν,</strong></span> <span class='ocrx_word' id='word_1_709' title='bbox 3179 4588 3615 4660; x_wconf 81' lang='grc' dir='ltr'><strong>προστιθεμένου</strong></span> <span class='ocrx_word' id='word_1_710' title='bbox 3643 4589 3737 4644; x_wconf 76' lang='grc' dir='ltr'><strong>τοῦ</strong></span> 
     </span>
    </p>
   </div>
   <div class='ocr_carea' id='block_1_102' title="bbox 2142 4678 3738 4752">
    <p class='ocr_par' dir='ltr' id='par_1_102' title="bbox 2142 4678 3738 4752">
     <span class='ocr_line' id='line_1_102' title="bbox 2142 4678 3738 4752; baseline -0.002 -16"><span class='ocrx_word' id='word_1_711' title='bbox 2142 4681 2424 4738; x_wconf 85' lang='grc' dir='ltr'><strong>Σαϐϐἀτου</strong></span> <span class='ocrx_word' id='word_1_712' title='bbox 2476 4681 2570 4736; x_wconf 79' lang='grc' dir='ltr'><strong>τοῦ</strong></span> <span class='ocrx_word' id='word_1_713' title='bbox 2623 4679 2885 4752; x_wconf 83' lang='grc' dir='ltr'><strong>μεγάλου,</strong></span> <span class='ocrx_word' id='word_1_714' title='bbox 2925 4681 3019 4734; x_wconf 69' lang='grc' dir='ltr'><strong>καὶ</strong></span> <span class='ocrx_word' id='word_1_715' title='bbox 3049 4678 3142 4733; x_wconf 78' lang='grc' dir='ltr'><strong>τοῦ</strong></span> <span class='ocrx_word' id='word_1_716' title='bbox 3171 4679 3417 4749; x_wconf 81' lang='grc' dir='ltr'><strong>ἡμίσεως</strong></span> <span class='ocrx_word' id='word_1_717' title='bbox 3447 4681 3546 4752; x_wconf 76' lang='grc' dir='ltr'><strong>τῆς</strong></span> <span class='ocrx_word' id='word_1_718' title='bbox 3595 4679 3738 4751; x_wconf 78' lang='grc' dir='ltr'><strong>λαμ-</strong></span> 
     </span>
    </p>
   </div>
   <div class='ocr_carea' id='block_1_103' title="bbox 2142 4769 3734 4849">
    <p class='ocr_par' dir='ltr' id='par_1_103' title="bbox 2142 4769 3734 4849">
     <span class='ocr_line' id='line_1_103' title="bbox 2142 4769 3734 4849; baseline -0.003 -19"><span class='ocrx_word' id='word_1_719' title='bbox 2142 4779 2288 4849; x_wconf 75' lang='grc' dir='ltr'><strong>πρᾶς</strong></span> <span class='ocrx_word' id='word_1_720' title='bbox 2340 4775 2437 4829; x_wconf 70' lang='grc' dir='ltr'><strong>καὶ</strong></span> <span class='ocrx_word' id='word_1_721' title='bbox 2486 4771 2796 4844; x_wconf 76' lang='grc' dir='ltr'><strong>φωτοποιοῦ</strong></span> <span class='ocrx_word' id='word_1_722' title='bbox 2846 4771 3063 4838; x_wconf 78' lang='grc' dir='ltr'><strong>νυκτὸς,</strong></span> <span class='ocrx_word' id='word_1_723' title='bbox 3103 4771 3398 4842; x_wconf 83' lang='grc' dir='ltr'><strong>τριάκοντα</strong></span> <span class='ocrx_word' id='word_1_724' title='bbox 3453 4769 3514 4837; x_wconf 78' lang='grc' dir='ltr'><strong>ἒξ</strong></span> <span class='ocrx_word' id='word_1_725' title='bbox 3560 4773 3734 4842; x_wconf 76' lang='grc' dir='ltr'><strong>ἥμισυ</strong></span> 
     </span>
    </p>
   </div>
   <div class='ocr_carea' id='block_1_104' title="bbox 2139 4861 3734 4941">
    <p class='ocr_par' dir='ltr' id='par_1_104' title="bbox 2139 4861 3734 4941">
     <span class='ocr_line' id='line_1_104' title="bbox 2139 4861 3734 4941; baseline -0.008 -17"><span class='ocrx_word' id='word_1_726' title='bbox 2139 4871 2347 4941; x_wconf 81' lang='grc' dir='ltr'><strong>ἡμέραι</strong></span> <span class='ocrx_word' id='word_1_727' title='bbox 2374 4867 2511 4920; x_wconf 82' lang='grc' dir='ltr'><strong>εἰσίν</strong></span> <span class='ocrx_word' id='word_1_728' title='bbox 2533 4882 2546 4896; x_wconf 91' lang='grc'><strong>·</strong></span> <span class='ocrx_word' id='word_1_729' title='bbox 2581 4867 2719 4935; x_wconf 83' lang='grc' dir='ltr'><strong>ὅπερ</strong></span> <span class='ocrx_word' id='word_1_730' title='bbox 2750 4865 2868 4917; x_wconf 76' lang='grc' dir='ltr'><strong>ἐστὶ</strong></span> <span class='ocrx_word' id='word_1_731' title='bbox 2907 4863 2967 4916; x_wconf 83' lang='grc' dir='ltr'><strong>τδ</strong></span> <span class='ocrx_word' id='word_1_732' title='bbox 3001 4862 3226 4916; x_wconf 85' lang='grc' dir='ltr'><strong>δέκατον</strong></span> <span class='ocrx_word' id='word_1_733' title='bbox 3257 4861 3364 4914; x_wconf 87' lang='grc' dir='ltr'><strong>τῶν</strong></span> <span class='ocrx_word' id='word_1_734' title='bbox 3405 4863 3734 4932; x_wconf 78' lang='grc' dir='ltr'><strong>τριακοσίων</strong></span> 
     </span>
    </p>
   </div>
   <div class='ocr_carea' id='block_1_105' title="bbox 2140 4953 3732 5033">
    <p class='ocr_par' dir='ltr' id='par_1_105' title="bbox 2140 4953 3732 5033">
     <span class='ocr_line' id='line_1_105' title="bbox 2140 4953 3732 5033; baseline -0.006 -17"><span class='ocrx_word' id='word_1_735' title='bbox 2140 4962 2407 5033; x_wconf 76' lang='grc' dir='ltr'><strong>ἑξήκοντα</strong></span> <span class='ocrx_word' id='word_1_736' title='bbox 2458 4957 2620 5012; x_wconf 88' lang='grc' dir='ltr'><strong>πέντε</strong></span> <span class='ocrx_word' id='word_1_737' title='bbox 2667 4953 2892 5028; x_wconf 75' lang='grc' dir='ltr'><strong>ἡμερῶν</strong></span> <span class='ocrx_word' id='word_1_738' title='bbox 2923 4954 3020 5008; x_wconf 77' lang='grc' dir='ltr'><strong>τοῦ</strong></span> <span class='ocrx_word' id='word_1_739' title='bbox 3045 4954 3323 5020; x_wconf 75' lang='grc' dir='ltr'><strong>ἐνιαυτοῦ,</strong></span> <span class='ocrx_word' id='word_1_740' title='bbox 3355 4953 3494 5024; x_wconf 71' lang='grc' dir='ltr'><strong>μετὰ</strong></span> <span class='ocrx_word' id='word_1_741' title='bbox 3533 4954 3732 5025; x_wconf 78' lang='grc' dir='ltr'><strong>πολλῆς</strong></span> 
     </span>
    </p>
   </div>
   <div class='ocr_carea' id='block_1_106' title="bbox 2138 5048 3730 5122">
    <p class='ocr_par' dir='ltr' id='par_1_106' title="bbox 2138 5048 3730 5122">
     <span class='ocr_line' id='line_1_106' title="bbox 2138 5048 3730 5122; baseline -0.002 -17"><span class='ocrx_word' id='word_1_742' title='bbox 2138 5050 2446 5122; x_wconf 83' lang='grc' dir='ltr'><strong>ἀκριϐείας.</strong></span> <span class='ocrx_word' id='word_1_743' title='bbox 2497 5049 2620 5103; x_wconf 89' lang='grc' dir='ltr'><strong>Τῶν</strong></span> <span class='ocrx_word' id='word_1_744' title='bbox 2669 5049 2777 5119; x_wconf 74' lang='grc' dir='ltr'><strong>γὰρ</strong></span> <span class='ocrx_word' id='word_1_745' title='bbox 2832 5049 3170 5116; x_wconf 79' lang='grc' dir='ltr'><strong>τριακοσίων</strong></span> <span class='ocrx_word' id='word_1_746' title='bbox 3216 5048 3276 5102; x_wconf 86' lang='grc' dir='ltr'><strong>τὸ</strong></span> <span class='ocrx_word' id='word_1_747' title='bbox 3326 5048 3555 5104; x_wconf 67' lang='grc' dir='ltr'><strong>δέκατὸν</strong></span> <span class='ocrx_word' id='word_1_748' title='bbox 3617 5055 3730 5104; x_wconf 85' lang='grc' dir='ltr'><strong>ἐστι</strong></span> 
     </span>
    </p>
   </div>
   <div class='ocr_carea' id='block_1_107' title="bbox 2137 5137 3730 5214">
    <p class='ocr_par' dir='ltr' id='par_1_107' title="bbox 2137 5137 3730 5214">
     <span class='ocr_line' id='line_1_107' title="bbox 2137 5137 3730 5214; baseline 0.001 -18"><span class='ocrx_word' id='word_1_749' title='bbox 2137 5143 2456 5214; x_wconf 86' lang='grc' dir='ltr'><strong>τριάκοντα,</strong></span> <span class='ocrx_word' id='word_1_750' title='bbox 2503 5141 2598 5194; x_wconf 72' lang='grc' dir='ltr'><strong>καὶ</strong></span> <span class='ocrx_word' id='word_1_751' title='bbox 2639 5142 2748 5193; x_wconf 86' lang='grc' dir='ltr'><strong>τῶν</strong></span> <span class='ocrx_word' id='word_1_752' title='bbox 2771 5137 3037 5210; x_wconf 77' lang='grc' dir='ltr'><strong>ἑξήκοντα</strong></span> <span class='ocrx_word' id='word_1_753' title='bbox 3067 5139 3128 5192; x_wconf 77' lang='grc' dir='ltr'><strong>τὸ</strong></span> <span class='ocrx_word' id='word_1_754' title='bbox 3157 5139 3406 5206; x_wconf 85' lang='grc' dir='ltr'><strong>δέκατον,</strong></span> <span class='ocrx_word' id='word_1_755' title='bbox 3460 5145 3493 5213; x_wconf 88' lang='grc' dir='ltr'><strong>ἡ</strong></span> <span class='ocrx_word' id='word_1_756' title='bbox 3523 5150 3597 5208; x_wconf 77' lang='grc' dir='ltr'><strong>ς’,</strong></span> <span class='ocrx_word' id='word_1_757' title='bbox 3638 5147 3730 5197; x_wconf 70' lang='grc' dir='ltr'><strong>καὶ</strong></span> 
     </span>
    </p>
   </div>
   <div class='ocr_carea' id='block_1_108' title="bbox 2137 5229 3728 5308">
    <p class='ocr_par' dir='ltr' id='par_1_108' title="bbox 2137 5229 3728 5308">
     <span class='ocr_line' id='line_1_108' title="bbox 2137 5229 3728 5308; baseline 0 -19"><span class='ocrx_word' id='word_1_758' title='bbox 2137 5237 2245 5290; x_wconf 88' lang='grc' dir='ltr'><strong>τῶν</strong></span> <span class='ocrx_word' id='word_1_759' title='bbox 2279 5233 2466 5300; x_wconf 86' lang='grc' dir='ltr'><strong>πέντε,</strong></span> <span class='ocrx_word' id='word_1_760' title='bbox 2495 5233 2556 5286; x_wconf 84' lang='grc' dir='ltr'><strong>τὸ</strong></span> <span class='ocrx_word' id='word_1_761' title='bbox 2585 5234 2780 5304; x_wconf 83' lang='grc' dir='ltr'><strong>ἡμισυ.</strong></span> <span class='ocrx_word' id='word_1_762' title='bbox 2802 5231 2931 5287; x_wconf 79' lang='grc' dir='ltr'><strong>Ἰδοὺ</strong></span> <span class='ocrx_word' id='word_1_763' title='bbox 2965 5232 3260 5304; x_wconf 78' lang='grc' dir='ltr'><strong>τριάκοντα</strong></span> <span class='ocrx_word' id='word_1_764' title='bbox 3289 5229 3350 5297; x_wconf 75' lang='grc' dir='ltr'><strong>ἓξ</strong></span> <span class='ocrx_word' id='word_1_765' title='bbox 3383 5235 3555 5305; x_wconf 80' lang='grc' dir='ltr'><strong>ἥμισυ</strong></span> <span class='ocrx_word' id='word_1_766' title='bbox 3594 5239 3728 5308; x_wconf 71' lang='grc' dir='ltr'><strong>ἠμε-</strong></span> 
     </span>
    </p>
   </div>
   <div class='ocr_carea' id='block_1_109' title="bbox 2142 5323 3726 5401">
    <p class='ocr_par' dir='ltr' id='par_1_109' title="bbox 2142 5323 3726 5401">
     <span class='ocr_line' id='line_1_109' title="bbox 2142 5323 3726 5401; baseline -0.005 -18"><span class='ocrx_word' id='word_1_767' title='bbox 2142 5348 2252 5401; x_wconf 86' lang='grc' dir='ltr'><strong>ραι,</strong></span> <span class='ocrx_word' id='word_1_768' title='bbox 2287 5327 2467 5391; x_wconf 75' lang='grc' dir='ltr'><strong>καθὼς</strong></span> <span class='ocrx_word' id='word_1_769' title='bbox 2511 5329 2750 5398; x_wconf 74' lang='grc' dir='ltr'><strong>εἴπομεν·</strong></span> <span class='ocrx_word' id='word_1_770' title='bbox 2773 5343 2787 5360; x_wconf 87' lang='grc'><strong>·</strong></span> <span class='ocrx_word' id='word_1_771' title='bbox 2815 5323 2956 5397; x_wconf 74' lang='grc' dir='ltr'><strong>αὕτη</strong></span> <span class='ocrx_word' id='word_1_772' title='bbox 2979 5325 3126 5378; x_wconf 74' lang='grc' dir='ltr'><strong>ἐστὶν</strong></span> <span class='ocrx_word' id='word_1_773' title='bbox 3177 5326 3218 5378; x_wconf 69' lang='grc' dir='ltr'><strong>ἡ</strong></span> <span class='ocrx_word' id='word_1_774' title='bbox 3255 5325 3503 5394; x_wconf 78' lang='grc' dir='ltr'><strong>δεκατία,</strong></span> <span class='ocrx_word' id='word_1_775' title='bbox 3541 5328 3615 5394; x_wconf 80' lang='grc' dir='ltr'><strong>ὡς</strong></span> <span class='ocrx_word' id='word_1_776' title='bbox 3663 5331 3726 5385; x_wconf 68' lang='grc' dir='ltr'><strong>ἂν</strong></span> 
     </span>
    </p>
   </div>
   <div class='ocr_carea' id='block_1_110' title="bbox 1763 5661 2442 5720">
    <p class='ocr_par' dir='ltr' id='par_1_110' title="bbox 1763 5661 2442 5720">
     <span class='ocr_line' id='line_1_110' title="bbox 1763 5661 2442 5720; baseline 0.003 -2"><span class='ocrx_word' id='word_1_777' title='bbox 1763 5661 1996 5720; x_wconf 77' lang='lat' dir='ltr'><strong>VARle</strong></span> <span class='ocrx_word' id='word_1_778' title='bbox 2037 5661 2442 5720; x_wconf 73' lang='lat' dir='ltr'><strong>LECTIONES-</strong></span> 
     </span>
    </p>
   </div>
   <div class='ocr_carea' id='block_1_111' title="bbox 522 5791 770 5853">
    <p class='ocr_par' dir='ltr' id='par_1_111' title="bbox 522 5791 770 5853">
     <span class='ocr_line' id='line_1_111' title="bbox 522 5791 770 5853; baseline 0.024 -6"><span class='ocrx_word' id='word_1_779' title='bbox 522 5791 568 5825; x_wconf 83' lang='lat'><strong>&quot;</strong></span> <span class='ocrx_word' id='word_1_780' title='bbox 597 5794 770 5853; x_wconf 82' lang='grc' dir='ltr'><strong>ὀκτώ.</strong></span> 
     </span>
    </p>
   </div>
  </div>
