4062 6424
341 399 479 465 I789

1721 409 1911 471 DOC'I‘
1921 412 2102 473 RINA
2141 416 2270 480 XV.

3475 419 3612 486 1790

338 513 466 582 εἴπῃ
485 525 590 574 τις,
609 509 808 574 παντὸς
836 510 930 564 τοῦ
963 511 1230 580 ἐνιαυτοῦ,
1246 512 1312 584 ἢν
1335 513 1597 582 ύγείασαν
1613 515 1656 547 ⁸⁸
1684 509 1830 588 ἡμῖν
1848 520 1928 582 είς

2032 525 2244 579 terdum
2266 527 2578 598 contigerit,
2609 529 2693 585 vel
2719 543 2784 584 ex
2819 529 3130 601 fragilitate,
3163 531 3245 585 vel
3273 530 3607 588 infirmitate.

342 604 630 678 μετάνοιαν
668 604 716 656 oi
761 603 908 673 ἀγιοι
943 605 1254 670 ἀπόστολοι,
1285 606 1586 678 καθάρσιον
1609 605 1776 664 οὖσαν
1807 610 1917 664 τῶν

338 696 647 769 ἁμαρτιῶν,
677 697 752 762 ὡς
781 693 958 762 εἷπον,
985 699 1188 762 παντὸς
1215 697 1310 752 τοῦ
1338 701 1810 766 ἐνιαυτοῦ.⁹’οστις
1830 699 1924 756 οὖν

338 791 598 862 φυλάττει
647 790 842 844 ἑαυτὸν
892 791 1072 855 καλῶς
1106 793 1200 845 καὶ
1236 793 1313 857 ὡς
1358 793 1440 848 δεῖ
1475 795 1532 846 ἐν
1565 797 1686 860 ταῖς
1734 797 1924 864 ἁγίαις

336 883 570 955 ἡμέραις
602 883 850 950 ταύταις,
883 883 1154 955 μακάριός
1187 886 1360 951 ἐστιν,
1386 885 1642 957 ἀδελφοί·
1667 887 1772 942 κᾶν
1813 889 1924 960 γὰρ

334 975 548 1046 ἔτυχεν,
598 976 784 1040 αὐτὸν,
831 974 906 1040 ὡς
955 975 1267 1048 ἄνθρωπον,
1314 979 1655 1050 άμαρτῆσαι,
1704 981 1816 1034 εἴτε
1864 981 1925 1047 ἐξ

333 1066 640 1134 ἀσθενείας,
673 1065 706 1138 ἢ
733 1067 1015 1138 ἀμελείας.
1034 1069 1165 1123 Ἰδοὺ
1195 1069 1394 1126 ἔδωκεν
1423 1072 1452 1125 ὁ
1476 1072 1610 1136 Θεὸς
1631 1071 1734 1137 τὰς
1755 1074 1921 1142 ἁγίας

333 1161 545 1233 ἡμέρας
565 1159 792 1225 ταύτας,
825 1160 916 1215 ἵνα
945 1162 1042 1216 ἐὰν
1084 1163 1378 1218 σπουδάσει
1407 1181 1494 1229 τις
1536 1164 1675 1235 μετά
1704 1166 1922 1238 νήψεως

331 1253 429 1308 καὶ
465 1253 972 1324 ταπεινοφροσύνης
1015 1255 1302 1326 φροντίσαι
1347 1256 1567 1322 ἑαυτοῦ,
1604 1257 1701 1312 καὶ
1747 1275 1922 1328 μετα-

330 1347 524 1418 νοῆσαι
568 1349 627 1401 ὲν
674 1347 974 1413 ὲαυταίς³⁸,
1027 1348 1273 1420 καθαρθῇ
1325 1349 1433 1404 ἀπὸ
1479 1349 1591 1404 τῶν
1633 1352 1924 1424 ἁμαρτιῶν

328 1439 455 1495 ὃλου
499 1440 594 1495 τοῦ
640 1440 915 1508 ἐνιαυτοῦ,
947 1441 1040 1496 καὶ
1069 1441 1256 1498 λοιπὸν
1304 1441 1644 1497 ἀναπαύεται
1693 1447 1729 1515 ἡ·
1768 1444 1927 1517 ψυχὴ-

328 1531 502 1588 αὐτοῦ
523 1533 632 1588 ἀπὸ
661 1533 758 1587 τοῦ
791 1533 1011 1605 βάρους,
1042 1532 1140 1588 καὶ
1176 1534 1350 1599 οὕτως
1379 1534 1639 1606 καθαρῶς
1679 1537 1918 1609 προσέρ-

327 1641 485 1697 χεται
509 1629 575 1697 τῇ
603 1627 736 1698 ἁγία
760 1627 944 1699 ἡμέρᾳ
967 1629 1068 1699 τῆς
1098 1626 1476 1694 ἀναστάσεως,
1503 1629 1600 1683 καὶ
1629 1629 1914 1700 μεταλαμ-

2023 616 2102 671 Ad
2148 617 2252 674 hoc
2296 620 2442 674 enim
2484 620 2644 676 nobis
2689 622 2838 692 dedit
2889 621 3034 679 Deus
3081 623 3460 679 sanctissimos
3509 626 3610 682 hos

2022 708 2171 771 dies;
2203 718 2263 763 ut
2293 710 2348 765 in
2386 711 2467 766 eis
2505 712 2715 767 scilicet
2758 713 2973 769 studeat
3008 714 3392 785 unusquisque
3435 717 3609 786 poeni-

2022 800 2249 854 tentiam
2273 815 2456 872 agere,
2484 811 2540 858 et
2568 805 2790 876 purgari
2815 820 2843 859 a
2873 806 3115 875 peccatis
3143 815 3255 860 toto
3285 821 3431 861 anno
3460 822 3611 862 com-

2021 891 2247 959 missis;
2281 902 2341 948 ut
2374 894 2442 949 ita
2479 905 2706 966 purgata
2733 905 2788 952 et
2818 897 3053 953 relevata
3101 897 3172 953 ab
3201 913 3368 955 onere
3425 898 3610 953 anima

2022 983 2397 1039 sacratissimo
2421 984 2508 1040 die
2535 988 2965 1044 resurrectionis
2992 997 3266 1054 occurrat,
3291 997 3345 1043 et
3373 989 3612 1043 sanctis-

2021 1072 2161 1126 sima
2195 1073 2454 1143 mysteria
2495 1074 2548 1127 in
2583 1076 2755 1145 gratia
2780 1076 3008 1146 accipiat
3038 1092 3210 1131 novus
3235 1077 3401 1131 homo
3433 1075 3608 1130 factus

2018 1178 2116 1234 per
2141 1163 2518 1232 paenitentiam
2548 1173 2862 1221 sanctorum
2894 1167 3091 1220 horum
3109 1166 3468 1238 jejuniorum,
3498 1167 3607 1220 sic-

2018 1269 2125 1325 que
2159 1271 2284 1311 cum
2320 1256 2519 1327 gaudio
2541 1265 2594 1312 et
2622 1257 2810 1313 laetitia
2841 1259 3113 1328 spirituali
3154 1274 3276 1315 cum
3328 1257 3437 1314 Deo
3468 1259 3609 1314 cele-

2018 1347 2140 1402 bret
2172 1357 2415 1402 sanctam
2465 1363 2682 1404 omnem
2719 1347 3092 1405 Pentecosteu.
3119 1349 3436 1406 Pentecoste
3461 1351 3608 1405 enim

2022 1439 2220 1493 anima:
2237 1439 2567 1494 resurrectio
2595 1448 2699 1508 est,
2721 1451 2782 1495 ut
2803 1455 2834 1496 e
2865 1440 3169 1496 senioribus
3194 1456 3337 1496 unus
3383 1439 3558 1495 aiebat
3591 1482 3602 1494 .

2023 1529 2196 1601 Cujus
2229 1543 2366 1587 sane
2386 1530 2438 1586 in
2464 1531 2680 1601 signum
2709 1543 2792 1588 est
2814 1531 2956 1602 Quod
2983 1545 3158 1602 genua
3177 1532 3230 1586 in
3251 1531 3476 1588 ecclesia
3500 1545 3605 1584 non

2019 1624 2286 1683 ﬂectimus
2316 1641 2412 1696 per
2441 1638 2687 1682 sanctam
2717 1633 2934 1683 omnem
2965 1609 3344 1682 Pentecosten.

327 1719 490 1775 σάνει
554 1719 946 1790 ἀκατακρίτως
989 1719 1101 1772 τῶν
1145 1720 1317 1790 ἁγίων
1389 1721 1705 1794 μυστηρίων
1749 1722 1870 1787 νέος
1933 1718 2220 1790 ἄνθρωπος
2276 1717 2591 1790 γενόμενος,
2638 1719 2727 1773 διὰ
2769 1720 2872 1790 τῆς
2945 1720 3237 1791 μετανοίας
3285 1717 3394 1772 τῶν
3430 1716 3612 1786 ’ἁγίων

327 1811 849 1884 νηστειῶντούτων,
884 1813 984 1868 καὶ
1017 1811 1168 1885 μένει
1201 1813 1340 1886 μετά
1367 1808 1544 1886 χαράς
1606 1815 1703 1870 καὶ
1743 1814 2088 1886 εὐφροσύνης
2157 1814 2558 1884 πνευματικῆς,
2625 1811 2903 1883 ἑορτάζων
2945 1812 3043 1866 σὺν
3093 1808 3212 1882 Θεῷ
3263 1811 3442 1894 πάσαν
3509 1807 3612 1878 τὴν

327 1905 494 1974 ἀγίαν
536 1905 941 1977 Πεντηκοστήν.
974 1906 1322 1979 Πεντηκοστὴ
1393 1909 1503 1981 γάρ
1573 1910 1722 1964 ἐστιν
1780 1909 2078 1972 ἀνάστασις
2135 1899 2334 1978 ψυχῆς,
2361 1905 2439 1970 ὡς
2485 1905 2666 1977 λέγει·
2699 1904 2874 1988 τοῦτο¹
2899 1903 3009 1975 γάρ
3047 1903 3142 1959 καλ⁵
3178 1901 3442 1976 σύμϐολόν
3492 1901 3608 1956 ἐστι

323 1999 391 2054 τὸ
419 1998 497 2071 μὴ
523 1998 726 2053 κλίνειν
754 1999 902 2070 ἡμᾶς
921 1999 1050 2068 γόνυ
1076 2001 1136 2054 ὲν
1165 2003 1236 2073 τῇ
1264 2000 1398 2070 ἀγίᾳ
1426 2000 1694 2074 ἐκκλησίᾳ
1716 2002 1898 2056 πᾶσαν
1935 2000 2032 2074 τὴν
2060 1998 2472 2071 Πεντηκοστήν.

402 2113 482 2168 B'.
503 2112 780 2176 Ἕκαστος
803 2107 898 2167 οὖν
919 2111 1089 2166 θέλων
1109 2112 1452 2186 καθαρθῆναι
1476 2114 1585 2168 ἀπὸ
1606 2112 1716 2166 τῶν
1739 2114 1919 2186 ἀμαρ-

2095 2110 2160 2167 ll.
2196 2110 2470 2182 Quisquis"
2490 2107 2658 2181 igitur
2687 2108 2910 2180 purgari
2943 2107 3179 2163 voluerit
3206 2122 3238 2162 a
3263 2107 3500 2178 peccatis
3522 2115 3608 2161 to-

325 2206 468 2261 τιῶν
491 2204 657 2260 αὑτοῦ
685 2205 778 2259 τοῦ
809 2202 941 2259 ὅλου
967 2205 1243 2271 ἐνιαυτοῦ,
1271 2206 1364 2260 διὰ·
1403 2206 1512 2261 τῶν
1538 2205 1764 2277 ἡμερῶν
1790 2206 1918 2260 τού-

325 2316 463 2365 των,
497 2297 643 2352 θέλει
689 2297 920 2369 πρῶτον·
941 2297 1039 2369 μὲν
1069 2297 1358 2367 φυλάττειν
1398 2298 1590 2353 ἑαυτὸν
1627 2299 1736 2352 ἀπὸ
1763 2297 1920 2353 ἀδιαο

325 2393 534 2465 φορὶας
563 2389 889 2463 βρωμάτων.
907 2389 974 2445 Ἥ
995 2390 1104 2464 γὰρ
1138 2389 1432 2463 ἀδιαφορία
1459 2391 1567 2444 τῶν
1592 2391 1922 2463 βρωμάτων,

335 2477 530 2550 καθὼς·
562 2483 816 2552 λέγουσιν
847 2483 902 2537 οί
922 2479 1192 2555 Πατέρες,’
1215 2484 1381 2557 γεννᾷ
1412 2477 1490 2557 τῷ
1517 2484 1790 2556 ἀνθρώπῳ
1814 2487 1924 2539 πᾶν

327 2577 531 2631 κακόν.
563 2574 695 2632 Εἶτα
744 2576 886 2631 θέλει
931 2578 1136 2649 ὁμοίως
1175 2577 1466 2648 φυλάττειν
1509 2576 1571 2630 τό
1629 2576 1704 2650 μὴ
1753 2594 1925 2631 κατα-

326 2671 486 2724 λύειν
531 2670 637 2742 τὴν¹
678 2669 937 2741 νηστείαν
972 2671 1142 2742 χωρὶς
1180 2670 1425 2741 μεγάλης
1455 2670 1728 2744 ἀνάγκης,
1754 2669 1924 2742 τὺ-μὴ

326 2753 620 2832 ἐπιζητεῖν
647 2762 716 2816 τὰ
739 2762 872 2834 ἡδέα
906 2760 1195 2834 βρώματα,
1230 2748 1290 2816 τί)
1322 2763 1398 2834 μὴ
1430 2763 1762 2834 καταϐαρείν
1797 2763 1926 2817 ἐαυ-

324 2856 430 2910 τὸν
463 2858 530 2927 τῇ
567 2855 852 2927 πλησμονῇ
887 2855 997 2909 τῶν
1046 2855 1370 2928 βρωμάτων,
1418 2855 1451 2927 ἦ
1508 2857 1791 2926 πομάτων.
1822 2855 1928 2909 Δύο

327 2951 448 3022 γάρ
479 2951 585 3003 εἰσι
612 2949 872 3020 διαφοραὶ
893 2947 992 3021 τῆς
1013 2949 1680 3021 γαστριμαργίας.Ἔστιν
1707 2949 1796 3003 ὅτε
1827 2967 1940 3018 σιτο-¹

327 3043 392 3097 λε
403 3041 586 3115 μεῖταί
608 3057 692 3105 τις
719 3041 799 3105 είς
825 3039 923 3111 τὴν
954 3037 1215 3112 ήδύτητα,
1232 3042 1326 3094 καὶ
1346 3041 1449 3094 οὐκ
1475 3041 1561 3094 ἀεὶ
1589 3041 1732 3094 θέλει
1755 3041 1928 3095 πολλά

329 3137 569 3206 φαγεῖν·
602 3133 740 3188 ἀλλὰ
793 3132 937 3188 θέλει
993 3133 1059 3187 ἂν
1118 3133 1269 3206 ἡδέα.
1319 3133 1429 3187 Καὶ
1497 3132 1785 3204 συμϐαίνει
1844 3134 1929 3187 ὅτι

330 3225 513 3282 ε’σθίει
542 3227 571 3280 6
592 3223 835 3288 τοιοῦτος
863 3223 1060 3296 βρῶμα
1082 3224 1320 3296 ἀρέσκον
1347 3213 1516 3296 αύτῷ,
1551 3225 1646 3278 καὶ
1675 3222 1930 3279 τοσοῦτον

329 3317 572 3390 ἡττᾶται
600 3319 666 3389 τῇ
699 3317 862 3388 ἡδονῇ
889 3315 1078 3380 αὐτοῦ,
1102 3316 1184 3369 ὅτι
1219 3316 1373 3388 μένει
1397 3314 1616 3386 κρατῶν
1643 3315 1705 3368 τὸ
1729 3313 1931 3385 βρῶμα

333 3412 518 3466 ἐκεῖνο
545 3410 628 3474 είς
649 3409 711 3462 τὸ
742 3407 916 3478 στόμα
939 3407 1128 3474 αὑτοῦ,
1158 3407 1253 3462 καὶ
1287 3405 1651 3479 μασσὼμενος
1683 3407 1815 3460 αὐτὸ
1838 3406 1932 3459 ἐπὶ

337 3503 554 3567 ἱκανὸν,
576 3502 674 3557 καὶ
706 3501 782 3573 μὴ
811 3499 1061 3572 εύψυχῶν
1091 3502 1380 3554 καταπιεῖν
1403 3499 1534 3554 αὐτὸ
1571 3499 1660 3554 διὰ
1685 3498 1786 3570 τὴν
1810 3499 1934 3571 ἠδο-

334 3596 461 3666 νήν.
489 3591 638 3664 Αὕτη
691 3591 913 3662 λέγεται
960 3591 1556 3666 λαιμαργία³⁶.Ἀλλος
1612 3590 1936 3664 πολεμεῖται

337 3691 420 3754 τίς
466 3687 810 3760 πλησμονὴν,
850 3687 946 3742 καὶ
994 3687 1056 3741 οὓ
1107 3686 1254 3743 θέλει
1296 3685 1441 3741 καλά
1482 3684 1775 3758 βρώματα,
1813 3685 1936 3740 οὐδὲ

341 3780 499 3852 μέλει
530 3778 683 3851 αὐτῷ
714 3780 846 3852 περὶ
873 3777 1174 3851 ήδύτητος·
1203 3767 1340 3846 ἀλλά
1373 3769 1480 3834 κᾶν
1510 3767 1653 3834 καλά
1682 3780 1936 3844 elegidia

337 3871 512 3936 κακὰ,
540 3870 602 3925 οὐ
635 3869 783 3924 θέλει
817 3872 866 3925 εί
907 3868 994 3942 μὴ.
1027 3869 1190 3942 μόνον
1221 3861 1441 3940 φαγεῖν,
1474 3859 1580 3926 είτι
1610 3871 1816 3943 δήποτε
1839 3867 1937 3924 ἐὰν

336 3955 500 4028 ὦσιν,
530 3963 592 4018 ού
643 3962 797 4035 μέλει
829 3961 981 4034 αὕτῷ
1031 3953 1080 4016 εί
1131 3959 1409 4033 μὴμόνον
1443 3959 1538 4016 τοῦ
1568 3962 1796 4033 γεμίσαι
1835 3960 1936 4032 τὴν

335 4057 591 4128 γαστέρα
625 4055 816 4111 αὐτοῦ.
862 4053 1014 4124 Αὕτη
1063 4053 1283 4124 λέγεται
1337 4054 1774 4126 γαστριμαργία.
1823 4054 1938 4108 Καὶ

337 4147 492 4218 λέγω
524 4149 653 4220 ὑμῖν
683 4148 780 4204 καὶ
813 4146 912 4220 τὴν
958 4144 1141 4201 αἰτίαν
1191 4145 1300 4200 τῶν
1350 4145 1634 4218 ὀνομάτων
1683 4144 1889 4200 τούτων
1915 4161 1931 4176 ·

339 4241 714 4313 Μαργαίνειν
757 4239 978 4308 λέγεται
1011 4236 1166 4310 παρά
1213 4239 1324 4302 τοῖς
1372 4237 1478 4302 ἔξω
1511 4237 1574 4291 τὸ
1625 4236 1936 4309 μαίνεσθαι,

343 4335 446 4390 καὶ
481 4334 691 4406 μάργος
720 4330 940 4403 λέγεται
969 4332 997 4385 ὁ
1025 4330 1552 4402 μαινόμενος.”οταν
1586 4330 1685 4399 μὲν
1712 4324 1805 4384 οὖν
1849 4331 1939 4400 γί-

343 4443 501 4481 νεται
528 4428 561 4498 ἠ
598 4426 755 4490 νόσος
784 4425 967 4497 ἐκείνη
997 4424 1090 4478 καὶ
1117 4426 1150 4495 ἡ
1187 4424 1358 4494 μανία
1402 4422 1511 4476 τινὶ
1547 4423 1677 4494 περί
1708 4423 1769 4476 τὸ
1796 4423 1938 4495 πλη-

349 4518 579 4592 ροῢσθαι
614 4519 714 4593 τὴν
759 4518 1031 4590 γαστέρα,
1057 4518 1182 4572 τότε
1224 4517 1444 4585 λέγεται
1485 4516 1939 4588 γαστριμαργία,

348 4616 505 4688 παρά
534 4614 596 4668 τὸ
625 4613 951 4686 μαργαίνειν
972 4627 985 4642 ⁸
1010 4613 1038 4667 ὃ
1067 4615 1185 4667 εστι
1217 4610 1508 4682 μαίνεσθαι
1535 4609 1635 4683 τὴν
1671 4610 1938 4682 γαστέρα.

350 4709 525 4762 Ὅταν
567 4707 793 4778 γένηται
837 4705 968 4777 περὶ
1011 4704 1103 4759 τὸν
1132 4704 1327 4776 λαιμὸν
1355 4705 1451 4759 κατι⁹
1496 4703 1656 4776 μόνον
1683 4705 1717 4774 ἡ
1755 4702 1938 4775 ἡδονὴ,

2023 2205 2134 2264 tius
2161 2196 2311 2274 anni,
2341 2213 2531 2261 caveat
2557 2205 2792 2275 primum
2819 2218 2889 2259 ne
2938 2218 2999 2260 se
3033 2203 3206 2259 nimio
3239 2202 3362 2258 cibo
3393 2213 3488 2258 aut
3514 2218 3610 2273 po-

2024 2306 2079 2355 tu
2106 2298 2422 2371 ingurgitet.
2452 2297 2716 2353 Ciborum
2755 2296 2900 2351 enim
2933 2295 3100 2352 nimia
3143 2296 3514 2367 ingurgitatio,
3549 2305 3612 2352 ut

2023 2391 2214 2447 Patres
2255 2391 2426 2447 nostri
2453 2405 2696 2456 sensere,
2743 2389 2980 2460 plurima
3011 2389 3157 2444 mala
3200 2387 3604 2444 homini-aﬂ‘ert.

2024 2484 2226 2539 Caveat
2248 2498 2465 2553 quoque
2488 2497 2556 2538 ne
2579 2480 2850 2552 jejunium
2882 2480 3089 2551 absque
3131 2493 3326 2551 magna
3367 2479 3607 2536 necessi-

2027 2585 2138 2630 tate
2164 2573 2447 2638 dissolvat,
2476 2587 2583 2626 non
2623 2580 2834 2643 quaerat
2864 2572 3119 2641 opiparas
3170 2570 3358 2641 dapes,
3407 2585 3506 2625 nec
3549 2584 3609 2623 se

2027 2669 2095 2724 ad
2131 2664 2629 2736 vomitumexpleat
2659 2682 2673 2719 :
2699 2677 2807 2720 non
2835 2662 3102 2720 sollicitus
3129 2662 3202 2718 sit
3223 2662 3291 2717 de
3317 2660 3612 2733 generibus

2028 2762 2162 2826 viui,
2197 2776 2304 2816 non
2336 2760 2404 2815 de
2433 2759 2696 2814 varietate
2724 2757 2993 2812 ciborum.
3019 2755 3150 2811 Duae
3176 2755 3321 2811 enim
3353 2753 3611 2810 diﬂeren-

2030 2854 2118 2908 tiae
2149 2852 2292 2920 gulae
2344 2859 2496 2906 sunt.
2533 2849 2714 2905 Prima
2744 2857 2829 2904 est
2877 2863 3003 2903 eum
3035 2846 3294 2903 homo-ad
3345 2845 3525 2902 dulcia
3559 2853 3614 2900 et

2031 2954 2200 3016 gustu
2250 2943 2444 2998 suavia
2487 2941 2744 3008 trahitur,
2780 2956 2884 2996 nec
2931 2941 3093 2996 edere
3135 2940 3362 2996 multum
3422 2949 3610 3010 optat;

2029 3037 2196 3110 ξω
2221 3037 2316 3092 sed
2349 3034 2402 3090 id
2431 3034 2734 3105 pauxillum
2761 3041 2815 3088 et
2853 3032 3132 3088 modicum
3161 3031 3308 3102 quod
3339 3030 3614 3087 edendum

2029 3142 2134 3197 est,
2192 3140 2252 3186 ut
2288 3142 2455 3199 quam
2493 3125 2978 3197 apparatissimum
3020 3124 3094 3180 sit
3137 3132 3193 3180 et
3223 3124 3615 3179 suavissimum

2032 3231 2165 3285 vult.
2211 3229 2278 3284 Et
2323 3227 2455 3283 huic
2487 3233 2546 3280 ut
2591 3225 2888 3296 plurimum
2917 3222 3120 3288 evenit,
3169 3236 3293 3277 cum
3337 3221 3617 3292 quidpiam

2034 3321 2142 3376 sibi
2182 3326 2398 3390 gratum
2430 3316 2752 3381 comederit,
2791 3327 2854 3371 ut
2882 3331 2910 3370 a
2945 3315 3224 3384 voluptate
3259 3314 3477 3368 tandem
3521 3329 3617 3368 su-

2034 3417 2279 3480 peretur,
2315 3408 2458 3478 quod
2488 3408 2670 3463 cibum
2705 3421 2802 3476 per
2842 3419 2905 3462 os
2947 3420 3091 3475 saepe
3123 3405 3432 3475 szepiusque
3464 3404 3622 3459 volu-

2040 3511 2138 3567 tat,
2161 3511 2214 3556 et
2235 3500 2535 3556 contritum
2560 3499 2815 3555 dentibus
2846 3497 2980 3553 satis
3013 3512 3283 3568 superque
3307 3497 3394 3550 vix
3419 3497 3623 3567 patitur

2037 3593 2308 3666 deglutire
2335 3593 2410 3648 ob
2442 3591 2668 3646 nimiam
2699 3605 2862 3662 quam
2902 3590 2956 3644 in
2985 3604 3053 3645 eo
3089 3590 3236 3660 capit
3280 3588 3622 3644 dulcedinem

2037 3695 2093 3742 et
2121 3688 2475 3756 voluptatem.
2503 3681 2922 3755 Hmclaemargia-
2942 3683 3163 3749 dicitur,
3201 3682 3253 3736 id
3277 3688 3359 3736 est
3388 3681 3622 3750 gutturis

2039 3791 2137 3832 seu
2172 3775 2342 3846 palati
2373 3774 2496 3829 volu
2515 3783 2659 3843 ptas.
2688 3773 2871 3827 Altera
2897 3778 2980 3826 est
3007 3783 3128 3840 qua:
3167 3768 3233 3822 ad
3285 3769 3625 3822 saturitatem

2039 3869 2258 3938 explere
2287 3882 2346 3922 se
2374 3867 2544 3936 cupit,
2575 3880 2753 3934 neque
2769 3871 2921 3933 optat
2949 3869 3240 3933 apparatas
3263 3875 3501 3924 mensas,
3531 3867 3628 3914 aut

2042 3957 2144 4028 ipsi
2199 3971 2347 4012 curae
2375 3963 2458 4011 est
2485 3955 2718 4009 varietas
2747 3954 3032 4020 ciborum,
3081 3953 3172 4008 sed
3215 3951 3627 4021 qualescunque

2041 4050 2172 4116 sint,
2199 4062 2309 4104 non
2338 4047 2620 4114 discernit,
2645 4059 2762 4101 non'
2781 4054 2969 4112 curat;
3007 4044 3224 4114 explere
3249 4043 3628 4098 tantummodo

2041 4153 2103 4194 se
2123 4147 2180 4194 et
2228 4135 2564 4206 ingurgitare
2606 4134 2778 4205 cupit.
2826 4131 2953 4188 Haec
2981 4132 3183 4187 dicitur
3218 4131 3624 4202 gastrimargia,

2042 4231 2096 4287 id
2133 4239 2236 4295 est,
2285 4227 2493 4284 ventris
2544 4227 2832 4299 ingluvies.
2869 4226 3113 4294 Quorum
3166 4224 3451 4280 nominum
3501 4223 3631 4279 libet

2042 4321 2200 4379 vobis
2229 4321 2496 4375 rationem
2530 4319 2724 4375 aﬂ‘erre
2752 4327 2808 4374 et
2832 4318 3060 4389 aperire.
3094 4313 3440 4388 Μαργαίνειν
3462 4328 3633 4384 expo-

2043 4421 2182 4469 nunt
2213 4411 2425 4484 profani
2467 4405 2776 4483 μαίνεσθαι,
2804 4410 2856 4465 id
2884 4418 2988 4476 est,
3038 4407 3239 4473 furere,
3263 4408 3505 4464 insanire
3532 4423 3546 4474 ;
3576 4415 3634 4463 et

2046 4507 2276 4580 μάργος,
2307 4505 2487 4573 idest,
2514 4503 2865 4576 μαινόμενος,
2889 4503 2995 4558 hoc
3033 4511 3118 4557 est
3141 4499 3349 4567 furens,
3377 4501 3628 4556 insanus.

2042 4600 2181 4657 Cum
2215 4599 2379 4670 igitur
2411 4598 2465 4652 in
2500 4597 2721 4652 homine
2752 4595 2813 4651 ﬁt
2842 4595 2889 4652 is
2909 4594 3064 4650 furor
3086 4603 3140 4649 et
3166 4593 3381 4650 insania
3415 4601 3475 4647 ut
3499 4608 3633 4647 ven-

2045 4701 2182 4747 trem
2230 4687 2612 4745 immodestius
2659 4687 2904 4758 impleat,
2947 4685 3388 4758 γαστριμαργία,
3431 4684 3485 4739 id
3528 4693 3634 4748 est,

352 4800 608 4855 καλεῖται
639 4777 984 4870 λαιμαργία,
1018 4797 1174 4870 παρὰ
1218 4797 1279 4851 τὸ
1325 4797 1647 4871 μαργαίνειν
1691 4796 1782 4851 τὸν
1827 4797 1930 4851 λαι·

2047 4784 2255 4840 vcntris
2293 4782 2562 4853 ingluvies
2587 4780 2672 4836 vel
2710 4777 2923 4835 insania
2955 4797 2968 4833 :
3009 4779 3162 4848 παρὰ
3191 4778 3252 4832 τὸ
3285 4777 3643 4850 μαργαίνειν,

355 4892 481 4964 μόν.
502 4889 691 4948 Ταῦτα
737 4885 830 4946 οὖν
874 4889 982 4962 χρὴ
1030 4889 1344 4960 φυλάττειν,
1381 4890 1476 4943 καὶ
1520 4888 1745 4958 φεύγειν
1797 4887 1939 4958 μετὰ

2037 4878 2236 4932 ὅέστιν
2273 4874 2574 4947 μαίνεσθαι
2603 4873 2704 4942 τὴν
2749 4871 3015 4944 γαστέρα,
3054 4871 3106 4927 id
3136 4879 3240 4937 εει,
3273 4870 3419 4940 quod
3451 4878 3638 4923 venter

352 4959 540 5057 ἐπάσης
587 4983 804 5056 νήψεως
850 4959 943 5036 σεε
969 4959 1219 5035 *θέλοντα
1271 4978 1614 5052 καθαρθῆναι
1661 4976 1770 5032 ἀπδ
1829 4976 1930 5030 τῶν

2038 4969 2296 5025 insaniat.
2328 4967 2466 5024 Cum
2499 4983 2630 5023 vero
2657 4967 2729 5023 sit
2775 4966 2922 5022 circa
2965 4963 3137 5021 solam
3193 4962 3432 5034 gutturis
3479 4959 3638 5016 volu-

350 5075 646 5150 ἀμαρτιῶν
673 5072 861 5130 αὐτοῦ.
883 5074 1004 5128 Οὐκ
1032 5073 1144 5126 εἰσὶ
1169 5071 1279 5142 γὰρ
1309 5071 1452 5126 κατά
1477 5071 1666 5142 χρείαν
1703 5069 1800 5124 τοῦ
1831 5069 1938 5123 σώ-

360 5185 556 5241 ματος,
583 5167 722 5222 ἀλλὰ
755 5165 898 5221 κατά
932 5165 1133 5229 πάθος·
1162 5165 1256 5219 καί⁹
1271 5164 1366 5218 ἐὰν
1394 5163 1703 5234 άνάσχηται
1736 5163 1937 5227 αὐτῶν,

355 5260 602 5330 γίνονται
629 5258 780 5329 αὐτῷ
808 5259 892 5322 είς-
909 5255 1430 5328 ἅμαρτίαν.⁹Ὢσπερ
1460 5255 1580 5309 ἐστὶ
1605 5254 1666 5308 τὸ
1691 5253 1940 5326 νομίμως

362 5352 558 5424 βιῶσαι
589 5350 684 5406 καὶ
717 5349 782 5406 τὸ
800 5348 1127 5422 πορνεῦσαι·
1162 5348 1302 5420 ὁτιή
1334 5347 1436 5418 μὲν
1468 5347 1668 5418 πρᾶξις
1699 5348 1734 5417 ὴ
1771 5345 1938 5416 αὐτὴ,

363 5450 392 5500 ὁ
424 5443 484 5501 δὲ
515 5443 717 5508 σκοπός
760 5443 912 5496 ἐστιν
947 5443 977 5496 ό
1009 5440 1179 5496 ποιῶν
1207 5438 1309 5511 τὴν
1339 5438 1609 5511 διαφορὰν.
1653 5436 1749 5492 τοῦ
1797 5437 1942 5509 πρά-

2037 5070 2264 5134 ptatem,
2292 5069 2521 5117 vocatur
2542 5059 2852 5132 λαιμαργία
2879 5057 3032 5130 παρὰ
3075 5056 3138 5110 τὸ
3177 5054 3510 5126 μαργαίνειν
3541 5053 3638 5109 τὸν

2036 5153 2328 5225 λαιμὸν,ῥά
2353 5161 2462 5221 εει,
2496 5153 2643 5224 quod
2667 5160 2854 5222 guttur
2882 5149 3137 5204 insaniat.
3167 5147 3278 5203 Has
3305 5147 3470 5219 igitur
3499 5147 3643 5217 gulte

2047 5247 2259 5318 species
2305 5247 2582 5303 declinare
2629 5253 2777 5316 opus
2819 5252 2903 5300 est
2939 5244 2988 5299 ei
3021 5241 3114 5314 qui
3163 5257 3194 5296 a
3235 5239 3474 5311 peccatis
3521 5239 3642 5293 suis

2050 5342 2269 5413 purgari
2322 5342 2574 5397 voluerit.
2617 5337 2736 5395 Non
2790 5338 2935 5395 enim
2985 5344 3114 5392 sunt
3154 5335 3221 5390 ad
3256 5333 3642 5389 necessitatem

2050 5435 2318 5506 corporis,
2365 5435 2470 5493 sed
2495 5434 2561 5491 ad
2591 5433 2782 5491 vitium
2833 5430 3029 5503 ipsius,
3085 5428 3329 5500 ﬁentque
3357 5427 3410 5482 iu
3444 5437 3639 5496 pecca-

1673 5639 1909 5696 VARIA‘I
1952 5635 2357 5697 LECTIONES.

416 5819 461 5851 ³⁸
489 5828 745 5902 ἡγίασαν.
819 5827 863 5859 ³⁵
895 5827 1104 5890 αὐταῖς.
1187 5825 1232 5857 ³⁸
1273 5822 1594 5896 λαιμαργία.
