4062 6442
401 386 422 448 ι
442 391 456 448 .‘
467 385 533 450 91
1599 389 1658 448 S.
1709 384 2097 448 DOROTHEI
2169 386 2489 446 ABBATIS
3532 388 3651 459 1792

399 508 521 555 tum
548 499 850 570 unicuique
884 500 979 571 qui
1003 516 1098 558 eas
1134 501 1188 556 iu
1229 516 1287 558 se
1312 517 1540 574 regnare
1563 501 1818 572 patietur.
1854 497 1991 554 Nam
2021 549 2030 563 ,

2137 517 2325 570 ματος.
2343 499 2404 554 '0
2433 499 2534 569 μὲν
2559 499 2669 570 γάρ
2705 497 2792 554 διὰ
2829 498 3173 552 παιδοποιίαν
3205 498 3588 568 συμμίγνυταιο
3629 505 3653 557 ὁ

399 600 462 646 ιιι
494 590 678 646 όίίΐοιι
709 591 950 662 legitimo
973 593 1322 647 matrimonio
1343 593 1444 658 uti,
1469 603 1524 648 et
1548 589 1834 654 fornicari,
1861 604 1989 644 cum

2135 591 2272 644 ὲδιά
2304 591 2364 644 τδ
2401 590 2691 661 πληρῶσαι
2745 590 2884 645 ίδίαν
2927 589 3272 661 φιληδονίαν·
3317 590 3484 656 οὕτως
3525 594 3658 650 ἔστιν

399 681 596 738 eadem
626 680 744 754 ipsa
773 685 917 739 actio
949 684 1042 750 sit,
1083 685 1312 739 intentio
1340 700 1472 740 vero
1511 683 1683 778 ipsius
1719 682 1796 737 rei
1835 680 1996 737 diﬂ‘e-

2135 683 2282 752 ὑρείν
2310 683 2406 735 καὶ
2436 683 2531 737 ἐπὶ
2567 683 2668 754 τῆς
2703 681 2984 755 βρώσεως,
3016 682 3096 736 ὅτι
3128 682 3186 734 ἓν
3217 683 3446 754 πρᾶγμά
3473 687 3580 740 ὲστι
3605 687 3659 742 τὸ

407 775 644 831 rentiam
672 784 728 830 et
770 774 1182 830 distinctionem
1231 775 1414 842 faciat,
1447 773 1709 830 hic‘enim
1751 781 1811 828 ut
1853 773 1998 829 ﬁlios

2135 777 2298 844 μαγεῖν
2342 775 2487 830 κατὰ
2530 775 2724 847 χρείαν
2753 775 2853 829 καὶ
2893 775 2956 828 τὸ
2990 776 3190 844 φαγεῖν
3219 773 3307 828 διὰ
3333 775 3432 844 τὴν
3461 777 3660 849 ἡδονήν·

399 873 640 936 generet,
681 865 1066 922 commiscetur
1095 874 1153 921 et
1197 867 1324 932 coit,
1360 866 1450 922 ille
1485 874 1670 922 autem
1702 876 1762 920 ut
1810 864 1994 920 libidi-

2155 868 2216 922 δὲ
2256 869 2462 933 σκοπός
2485 871 2636 922 ἐστιν
2660 869 2690 922 ὀ
2714 867 2886 923 ποιῶν
2915 868 3017 938 τὴν
3051 866 3346 938 ἁμαρτίαν.
3366 867 3439 922 Th
3464 869 3519 923 δὲ
3537 873 3668 926 κατὰ

403 973 531 1013 nem
559 953 772 1028 expleat
800 976 815 1012 :
841 955 892 1012 id
923 957 1102 1028 ipsum
1126 956 1180 1012 in
1199 958 1323 1014 cibo
1339 959 1522 1014 dicere
1542 967 1596 1013 et
1624 958 1869 1014 invenire
1893 964 1997 1022 est,

2141 959 2292 1031 ρείαν
2311 962 2508 1030 φαγεῖν
2525 960 2694 1026 ἐστιν,
2722 960 2853 1014 ὅταν
2883 958 3059 1030 ὁρίζει
3090 975 3173 1022 τις
3199 957 3377 1028 ἑαυτῷ
3405 959 3564 1012 πόσον
3581 961 3671 1014 λα-

402 1047 666 1120 quoniam
708 1049 760 1105 id
788 1059 874 1105 est
897 1049 1064 1105 edere
1105 1049 1177 1106 ob
1219 1050 1624 1115 necessitatem,
1655 1058 1711 1105 et
1742 1048 1904 1104 edere
1928 1047 2000 1104 ob

2137 1053 2219 1106 εῖν
2269 1051 2372 1122 τῆς
2421 1050 2658 1122 ἡμέρας,
2708 1051 2804 1104 καὶ
2851 1049 3062 1121 βλέπει,
3111 1051 3160 1102 εί
3201 1048 3470 1119 ὲϐάρησεν
3523 1051 3674 1105 αὑτὸν

400 1141 758 1212 voluptatem.
803 1139 1038 1198 Intentio
1075 1149 1255 1198 autem
1307 1153 1593 1213 peccatum
1634 1139 1787 1198 facit.
1823 1139 1992 1197 Com-

2138 1144 2290 1196 κεῖνο
2322 1142 2351 1196 ὃ
2375 1141 2569 1214 ὥρισε,
2601 1141 2697 1196 καὶ
2721 1139 2914 1213 χρῄζει
2941 1141 3146 1211 ἐπᾶραι
3181 1139 3378 1211 μικρὸν
3411 1138 3469 1204 ὲξ
3496 1140 3677 1204 αὐτοῦ,

403 1231 568 1287 edere
587 1241 770 1286 autem
798 1231 869 1288 ob
906 1231 1314 1300 necessitatem,
1360 1242 1446 1290 est
1470 1232 1692 1305 quando
1716 1232 1849 1304 quis
1895 1230 2003 1287 sibi

2135 1233 2200 1288 ιαὶ
2223 1233 2430 1307 ἐπάρῃ,
2455 1232 2490 1304 ἢ
2517 1233 2622 1286 οὐκ
2647 1232 2922 1304 ἒΰάρησεν
2949 1232 3136 1294 αὐτὸν,
3163 1231 3264 1284 οὐκ
3295 1229 3498 1301 ἐστάθη
3521 1230 3578 1283 δὲ
3600 1232 3680 1283 ἐπ’

403 1321 509 1394 ipsi
543 1324 734 1380 statuit
756 1325 950 1396 quavis
977 1325 1065 1380 die
1093 1331 1308 1382 tantum
1358 1325 1490 1391 cibi,
1540 1332 1808 1398 quantum
1836 1337 2003 1393 expe-

2135 1325 2276 1382 ιύτοῦ
2306 1327 2366 1381 τδ
2397 1326 2582 1398 σῶμα,
2612 1325 2711 1382 καὶ
2738 1324 2931 1397 χρῄζει
2959 1322 3278 1396 προσθεῖναι
3311 1321 3442 1376 ἀλλο
3477 1323 3680 1393 μικρὸν,

411 1414 496 1471 dit
523 1423 578 1472 et
611 1417 750 1473 satis
781 1426 886 1484 est,
909 1416 1076 1474 vesci.
1108 1416 1214 1486 Qui
1253 1418 1299 1474 si
1325 1428 1512 1490 postea
1537 1434 1602 1474 ea
1635 1432 1893 1475 mensura
1913 1431 2005 1473 se—

2135 1421 2204 1474 ιαὶ
2252 1419 2585 1492 προστίθησι
2615 1420 2834 1492 μικρὸν,
2863 1415 2964 1473 καὶ
2990 1417 3166 1482 οὓτως
3190 1414 3480 1486 δοκιμάζει
3512 1415 3684 1480 καλῶς

406 1523 466 1564 se
505 1516 860 1580 aggravatum
895 1510 1151 1575 senserit.
1195 1510 1596 1582 aliquantulum
1625 1525 1692 1567 ex
1715 1523 1783 1566 ea
1810 1507 2003 1573 demit,

2139 1511 2208 1583 ὴν
2243 1511 2435 1583 χρείαν
2468 1511 2658 1578 αὐτοῦ,
2690 1511 2786 1566 καὶ
2815 1512 3022 1582 στοιχεῖ
3047 1508 3234 1563 λοιπὸν
3266 1507 3346 1579 τῷ
3372 1506 3686 1580 ὡρισμένῳ,

409 1611 506 1656 aut
535 1599 582 1656 si
619 1600 832 1658 modica
887 1601 1054 1658 fuerit
1097 1603 1166 1660 ad
1209 1619 1532 1675 corpoream
1577 1604 1999 1670 necessitatem,

2135 1600 2206 1656 Lati.
2248 1601 2310 1655 οὐ
2357 1601 2447 1656 διὰ
2483 1601 2583 1673 τὴν
2608 1601 2828 1672 ἡδονὴν,
2857 1600 2998 1656 ἀλλὰ
3027 1598 3219 1670 σκοπῷ
3241 1598 3340 1652 τοῦ
3369 1598 3568 1667 στῆσαι
3596 1597 3691 1668 τὴν

411 1691 602 1764 adjicit
630 1701 895 1764 quantum
922 1695 1058 1751 satis
1079 1710 1201 1751 esse
1218 1695 1430 1763 iudicat
1456 1714 1470 1750 :
1501 1695 1592 1752 hic
1627 1710 1761 1752 sane
1786 1708 1898 1750 non
1923 1693 2007 1748 in-

2135 1694 2340 1762 ῐύναμιν
2362 1692 2459 1748 τοῦ
2490 1692 2748 1766 σώματος
2775 1691 2966 1748 αὐτοῦ.
2990 1692 3106 1746 Καὶ
3125 1690 3261 1746 αὐτὸ
3284 1689 3345 1744 δὲ
3375 1689 3406 1742 ὁ
3432 1688 3696 1759 λαμϐάνει

411 1781 563 1855 juria
615 1785 1058 1854 commendatur,
1092 1787 1246 1858 quod
1295 1789 1512 1858 corpori
1561 1803 1666 1844 suo
1696 1785 2006 1844 necessaria

2135 1804 2226 1852 τις,
2257 1785 2398 1856 μετά
2426 1785 2597 1858 εὐχῆς
2629 1784 2954 1856 λαμϐάνειν,
2983 1785 3081 1840 καὶ
3113 1782 3475 1854 κατακρίνειν
3509 1779 3699 1834 ἑαυτὸν

414 1875 620 1932 tribuat
649 1887 706 1933 et
724 1887 1002 1948 procuret,
1029 1893 1140 1934 non
1176 1879 1512 1951 voluptatem
1555 1879 1798 1937 inducat.
1826 1878 2010 1935 luteu-

2135 1894 2170 1931 ην
2215 1877 2295 1950 τῷ
2346 1877 2614 1950 λογισμῷ,
2649 1877 2748 1931 καὶ
2791 1877 2870 1942 ὡς
2911 1875 3132 1942 ἀνάξιον
3169 1876 3302 1931 δντα
3335 1873 3460 1936 οῖας
3506 1872 3700 1943 δήποτε

410 1968 494 2026 tio
518 1969 666 2027 enim
691 1970 817 2044 eius
857 1984 1078 2042 semper
1106 1980 1193 2029 est
1223 1971 1291 2028 ad
1330 1987 1653 2038 corpoream
1705 1972 2007 2030 necessita-

2135 1970 2540 2043 παρακλήσεως,
2571 1969 2669 2026 καὶ
2704 1969 2782 2042 μὴ
2809 1969 3103 2042 προσέχειν
3135 1967 3234 2024 ἑάν
3261 1983 3415 2031 τινες
3442 1966 3588 2020 κατά
3621 1983 3702 2020 τι·

414 2069 523 2116 tem
551 2101 568 2128 ,
603 2075 716 2117 non
751 2061 822 2118 ad
868 2063 1200 2134 voluptatem
1240 2072 1336 2120 aut
1389 2065 1593 2134 gulam.
1640 2063 1811 2120 Debet
1853 2072 1910 2119 et
1959 2064 2008 2120 is

2135 2078 2202 2125 ὀς
2222 2061 2434 2132 χρείας.
2465 2061 2542 2123 ὥς
2577 2061 2750 2124 εἰκὸς.
2790 2060 2826 2132 ἢ
2858 2060 3110 2130 ἀνάγκης
3146 2057 3590 2130 θεραπεύωνται,
3620 2055 3706 2107 ῖνα

415 2159 681 2218 ρτωιετει
697 2151 791 2222 qui
817 2150 1077 2214 comedit,
1103 2149 1288 2207 cibum
1315 2166 1440 2207 cum
1459 2154 1764 2222 gratiarum
1791 2153 2009 2208 actione

2135 2150 2198 2224 ιὴ
2229 2148 2326 2205 καὶ
2359 2151 2525 2217 αὐτὸς
2560 2150 2702 2224 ζητῇ
2733 2152 3067 2216 ἀνάπαυσιν,
3095 2151 3130 2221 ἢ
3179 2149 3430 2219 νομίζειν
3480 2148 3565 2201 ὅτι
3590 2145 3710 2201 ὲλα-

413 2241 684 2312 recipere,
724 2253 780 2299 et
805 2257 926 2300 sese
972 2245 1130 2315 quasi
1183 2245 1471 2316 indignum
1508 2245 1829 2301 existimare
1862 2244 2008 2302 tel'e-

2135 2243 2254 2317 ρρόν
2281 2243 2398 2298 ἐστι
2430 2246 2497 2317 τῇ
2527 2245 2675 2317 ψυχῇ
2711 2245 2771 2300 τὸ
2804 2244 3210 2300 ἀναπαύεσθαι.

412 2335 600 2391 ctione
651 2335 1058 2406 hujuscemodi,
1098 2351 1277 2406 neque
1324 2336 1528 2391 imitari
1581 2335 1872 2407 quosdam,
1917 2335 2013 2408 qui
2053 2336 2138 2391 vel
2195 2351 2260 2392 ex
2303 2335 2703 2394 consuetudine
2768 2337 2841 2392 ob
2884 2351 3079 2393 eorum
3125 2334 3482 2407 dignitatem,
3528 2333 3610 2388 vel
3650 2348 3714 2388 ex

417 2427 751 2486 necessitate
796 2428 1018 2484 servitia
1059 2431 1434 2486 ministrorum
1462 2429 1726 2485 adhibent
1777 2429 1882 2486 sibi
1947 2429 2276 2500 frequentia,
2323 2438 2379 2487 et
2409 2429 2462 2485 in
2500 2445 2690 2488 mensa
2753 2430 2959 2489 diutius
3025 2430 3376 2489 recumbunt.
3422 2427 3566 2486 Nam
3623 2429 3722 2484 hu-

418 2521 728 2597 iuscemodi
771 2522 1115 2580 caeremoniae
1173 2523 1374 2580 anima:
1432 2523 1658 2580 inutiles
1715 2522 2012 2580 admodum
2048 2533 2197 2581 sunt.

486 2678 576 2736 lli.
610 2678 748 2738 Dum
799 2664 978 2738 essein
1024 2682 1324 2753 aliquando
1360 2681 1416 2737 in
1454 2681 1732 2745 eoenobio,
1766 2693 1938 2736 unum
1986 2694 2018 2735 e

2191 2681 2268 2737 l".
2311 2683 2450 2738 Ποτὲ
2479 2681 2634 2749 ὄντος
2661 2701 2764 2756 μου
2801 2684 2868 2740 ὲν
2897 2684 2978 2757 τῷ
3007 2685 3282 2759 κοινοϐίῳ,
3315 2685 3584 2758 ἀπῆλθον
3612 2685 3727 2740 ἔπι-

417 2771 730 2828 senioribus
751 2773 962 2830 visendi
984 2773 1156 2844 gratia
1185 2773 1295 2830 adii
1337 2772 1494 2844 (tunc
1513 2772 1660 2828 enim
1690 2771 1764 2826 ibi
1790 2771 2020 2826 aderant

2135 2773 2430 2844 τκέψασθαι
2459 2775 2556 2831 ἕνα
2577 2775 2686 2830 τῶν
2719 2778 2992 2850 γερόντων
3024 2785 3042 2851 (
3067 2771 3210 2851 ἦσαν
3247 2779 3358 2852 γάρ
3385 2781 3524 2834 ἐκεῖ
3549 2779 3730 2832 πολλοὶ

416 2864 606 2936 plures
626 2864 727 2920 viri
753 2880 950 2938 graves
973 2872 1029 2921 et
1049 2867 1255 2935 senes),
1297 2863 1594 2935 iuvenique
1615 2863 2018 2920 adolescentem

2135 2867 2354 2938 μεγάλοι
2399 2867 2724 2940 γέροντες),
2756 2870 2854 2924 καὶ
2904 2870 3148 2943 εὑρίσκω
3197 2871 3292 2927 τὸν
3337 2872 3733 2946 ὑπηρετοῦντα

418 2971 545 3012 cum
569 2971 635 3012 eo
656 2955 1056 3024 comedentetn,
1084 2967 1250 3030 atque
1270 2957 1350 3012 illi
1369 2955 2017 3028 pariter-deservientem.

2135 2958 2274 3031 κὺτῷ
2308 2959 2539 3030 ἀδελφὸν
2566 2959 2849 3034 τρώγοντα
2888 2963 3007 3035 μετ’
3036 2963 3228 3032 αὐτοῦ,
3265 2965 3361 3019 καὶ⁵
3405 2965 3566 3034 λέγω
3592 2964 3736 3036 αὖ·ιῷ

423 3047 687 3106 Seorsum
727 3050 894 3120 igitur
921 3059 1150 3107 evocato
1203 3050 1574 3114 adolescente,
1603 3047 1720 3104 dixi
1762 3047 1834 3115 ei,
1879 3065 1900 3100 ι
1931 3045 2020 3102 ln-

2135 3054 2249 3107 κατ’
2278 3052 2435 3108 ἰδίαν·
2459 3072 2478 3107 ι
2497 3050 2680 3123 Οἶδας,
2703 3055 2920 3126 άδελφὲ,
2939 3048 3088 3111 οὗτοι
3115 3059 3164 3111 οἱ
3187 3059 3464 3131 γέροντες
3494 3058 3592 3123 οὓς
3619 3059 3738 3130 βλέ-

420 3141 735 3212 telligisne,
789 3141 976 3208 frater,
1027 3145 1278 3200 seniores
1319 3143 1421 3199 hos
1469 3141 1826 3199 convivantes
1853 3154 2021 3212 quam

2135 3165 2253 3213 πεις
2303 3146 2618 3221 τρώγοντας
2665 3150 2760 3204 καὶ
2816 3149 3045 3222 ἔχοντας
3109 3153 3316 3225 μικρὰν
3371 3154 3740 3229 θεραπείαν,

421 3229 751 3301 parcissime
782 3237 839 3288 et
863 3231 1286 3298 modestissime,
1308 3229 1518 3286 similes
1546 3244 1740 3285 eorum
1775 3242 1899 3284 esse
1928 3227 2025 3296 qui

2135 3241 2306 3314 ΰμοιοί
2347 3243 2488 3296 είσιν
2531 3241 2844 3314 ἀνθρώποις
2886 3244 3087 3310 οἵτινες
3137 3227 3499 3318 κτησάμενοι
3549 3245 3747 3318 βαλάν-

427 3315 648 3372 loculos
709 3324 898 3372 tenent
936 3326 990 3374 et
1040 3319 1230 3374 tandiu
1277 3325 1574 3388 operantur
1621 3316 1869 3388 quandiu
1904 3316 2029 3372 illos

2135 3352 2264 3398 τιον,
2295 3335 2519 3406 ἔμειναν
2549 3336 2911 3408 ἐργαζόμενοι
2960 3337 3057 3392 καὶ
3090 3315 3382 3408 βάλλοντες
3430 3341 3516 3405 είς
3549 3315 3614 3393 τὸ
3653 3341 3745 3411 βα-

424 3409 694 3480 repleant,
727 3419 782 3465 et
816 3425 1148 3480 congregare
1181 3410 1235 3466 in
1270 3425 1337 3466 eo
1377 3410 1599 3465 student
1631 3409 1768 3465 varii
1809 3408 2025 3480 generis

2135 3425 2340 3482 λάντιον
2372 3428 2571 3492 ἐκεῖνο,
2601 3428 2707 3492 ἕως
2751 3423 2812 3484 οὗ
2863 3430 3132 3502 ἐγέμισαν
3163 3433 3318 3496 αὐτὸ,
3361 3435 3478 3488 καὶ
3519 3408 3665 3504 μετά
3693 3434 3750 3486 τὸ

427 3499 714 3567 pecunias,
746 3507 800 3554 et
831 3514 1086 3555 nummos
1123 3498 1179 3553 in
1226 3498 1577 3557 necessitatis
1605 3507 1852 3568 tempore
1897 3511 2026 3568 pro.-

2135 3521 2433 3592 σφραγῖσαι
2475 3481 2629 3586 αὐτὸ,
2659 3481 2822 3576 πάλιν
2851 3481 3179 3594 εἰργάσαντο
3205 3481 3598 3596 καὶνσυνῆέάν
3625 3529 3750 3580 ἐαυ-

427 3591 654 3647 ferant?
681 3590 907 3662 Operati
946 3605 1080 3646 sane
1129 3599 1260 3646 sunt
1287 3589 1343 3645 hi
1382 3599 1437 3644 et
1480 3589 1872 3644 laboraverunt
1903 3588 2029 3644 dili-

2135 3588 2240 3674 τοῖς
2275 3588 2413 3680 πρὸς
2459 3609 2598 3664 ἀλλα
2633 3611 2781 3682 χίλια
2807 3588 3146 3684 νομίσματα,
3185 3615 3273 3670 ἵνα
3318 3618 3376 3670 ὲν
3441 3588 3633 3688 καιρῷ
3663 3618 3755 3670 ἀν-

429 3692 622 3756 genter
647 3725 664 3752 ,
713 3691 770 3740 et
807 3683 1098 3738 thesauros
1140 3681 1463 3738 innumeros
1515 3681 1620 3737 sibi
1660 3689 2022 3752 paraverunt,

2135 3702 2310 3772 άγκης
2361 3701 2565 3774 εὕρωσι
2614 3681 2779 3759 ποθεν
2811 3681 3088 3773 ἐκϐαλεῖν,
3113 3707 3210 3761 καὶ
3244 3681 3562 3779 φυλάξωσί
3592 3681 3662 3764 τὰ
3696 3711 3753 3762 ὲν

430 3788 667 3844 quorum
695 3781 907 3844 partem
936 3770 1368 3842 obsignaverunt
1387 3779 1444 3825 et
1465 3768 1878 3838 concluserunt,
1900 3785 2029 3840 par-

2135 3768 2207 3866 τῷ
2241 3768 2533 3867 βαλαντίῳ.
2561 3796 2752 3862 Οὕτως
2779 3798 2874 3852 καὶ
2901 3793 3048 3854 οὗτοι
3073 3768 3308 3872 ⁷ἔμεινάν
3337 3768 3758 3874 ἐρηαζόμενοι,

2130 3885 2226 3940 καὶ
2272 3885 2702 3958 θησαυρίζοντες
2751 3889 2990 3955 ἑαυτοῖς,
3025 3891 3122 3945 καὶ
3173 3891 3315 3962 μετὰ
3365 3892 3444 3946 τὸ
3484 3897 3758 3964 σφαγῖσαι

2129 3977 2257 4042 τοὺς
2296 3977 2604 4050 θησαυροὺς
2641 3979 2841 4046 αὐτῶν,
2872 3982 3201 4052 εἰργάσαντο
3236 3982 3374 4037 ἄλλα
3406 3983 3626 4054 ὀλίγα,
3667 3985 3764 4038 καὶ

2132 4068 2352 4141 ἔχουσιν
2375 4069 2515 4123 αὐτὰ
2547 4071 2608 4124 ὲν
2630 4073 2810 4144 καιρῷ
2839 4072 3153 4141 ἀσθενείας,
3188 4074 3221 4146 ἦ
3255 4076 3478 4147 γήρως,
3524 4077 3619 4131 ἵνα
3649 4077 3762 4130 ἀπ’

2134 4161 2317 4218 αὐτῶν
2341 4161 2685 4218 ὲκϐάλλωσιν
2705 4180 2718 4195 ·
2743 4163 2931 4219 ἐκεῖνα
2952 4165 3009 4219 δὲ
3032 4165 3199 4236 ἔχωσι
3223 4165 3761 4240 τεθησαυρισμένα.

2145 4252 2340 4324 Ἡμεῖς
2373 4254 2452 4320 δὲ,
2483 4255 2606 4310 οὐδὲ
2636 4255 2772 4312 αὐτὸ
2809 4257 2869 4311 τὸ
2911 4257 3196 4329 βαλάντιον
3221 4260 3626 4332 ἐκτησάμεθα,
3659 4260 3764 4315 πό-

2135 4344 2229 4399 θεν
2257 4344 2626 4418 ἀναλίσκομεν
2641 4366 2655 4415 ;
2671 4366 2688 4398 ι
2705 4347 2805 4401 Διά
2824 4348 3089 4414 τοῦτο,ὼς
3109 4346 3284 4415 εἷπον,
3303 4351 3643 4423 ὀφείλομεν,
3661 4352 3770 4407 κᾶν

2135 4439 2217 4502 εἰς
2268 4437 2460 4511 χρείαν
2495 4439 2887 4513 λαμϐάνωμεν,
2941 4443 3297 4516 κατακρίνειν
3341 4445 3619 4514 ἑαυτοὺς,
3671 4447 3770 4502 καὶ

2138 4531 2399 4597 ἀναξίους
2427 4532 2741 4603 λογίζεσθαι
2766 4537 3028 4603 παντοίας
3061 4539 3387 4611 θεραπείας,
3421 4543 3532 4596 καὶ
3586 4543 3774 4614 αὐτῆς

2013 4596 2034 4645 ι
2064 4643 2109 4701 D
2136 4623 2194 4678 δὲ
2224 4627 2324 4698 τῆς
2349 4596 2646 4700 μοναδικῆς
2680 4628 2844 4702 ζωῆς,
2877 4631 2971 4684 καὶ
3119 4596 3259 4703 μετά
3289 4596 3488 4699 ἀδείας
3535 4596 3772 4706 λαμϐάί

2139 4732 2275 4771 νειν.
2303 4717 2414 4770 Καὶ
2441 4717 2616 4782 οὕτως
2645 4720 2706 4772 οὐ
2737 4721 2948 4789 γίνεται
2979 4722 3109 4793 ἡμῖν
3142 4723 3222 4786 είς
3255 4724 3630 4796 κατάκριμα.
3659 4724 3778 4778 Καὶ

2139 4809 2320 4866 ταῦτα
2350 4812 2449 4883 μὲν
2479 4813 2608 4885 περὶ
2640 4813 2741 4885 τῆς
2773 4815 3106 4885 ἐγκρατείας
3135 4816 3236 4886 τῆς
3267 4818 3550 4888 γαστρός.

433 3873 542 3918 tem
592 3863 660 3918 ad
706 3862 1091 3918 necessitatem
1143 3875 1334 3916 eorum
1375 3868 1941 3930 servaveruntzqnos
1972 3860 2055 3916 in-

431 3963 680 4024 tempore
704 3951 1042 4008 inﬁrmitatis
1064 3961 1119 4006 et
1131 3950 1432 4007 senectutis
1458 3950 1764 4020 proferunt,
1788 3952 2030 4023 reliquos

432 4055 614 4101 autem
642 4045 863 4101 clausos
892 4054 946 4101 et
975 4045 1296 4116 obsignatos
1330 4053 1571 4100 servant.
1600 4043 1712 4100 Nos
1741 4059 1873 4101 vero
1900 4059 2027 4100 cum

431 4137 643 4193 loculos
664 4137 842 4192 nullos
870 4137 1192 4202 habeamus,
1230 4136 1374 4192 unde
1395 4136 1782 4193 absumimus?
1805 4155 1827 4189 ι
1852 4135 2017 4209 447

435 4227 510 4284 Ut
536 4228 702 4300 igitur
733 4225 872 4293 dixi,
915 4227 1081 4282 etiam
1118 4226 1174 4280 in
1218 4226 1305 4282 his
1359 4242 1483 4297 quae
1529 4226 1598 4281 ad
1646 4226 2032 4283 necessitatem

438 4328 685 4376 nostram
730 4318 1026 4390 pertinent,
1066 4317 1350 4388 indignum
1391 4325 1477 4374 est
1497 4333 1688 4374 curam
1725 4327 1782 4374 et
1805 4318 2035 4390 diligen-

437 4412 572 4466 tiam
606 4420 882 4480 expetere,
917 4423 1043 4464 cum
1071 4407 1235 4464 etiam
1263 4407 1380 4478 ipsa
1407 4408 1516 4469 vita
1551 4408 1797 4464 solitaria
1831 4411 1921 4464 vix
1943 4407 2031 4464 di-

440 4502 534 4573 gni
575 4502 794 4559 simus:
821 4511 879 4556 et
923 4501 996 4556 ita
1021 4501 1209 4555 omnia
1241 4514 1368 4555 cum
1403 4501 1599 4556 timore
1630 4499 1849 4557 Domini
1884 4501 2034 4558 acci-

440 4604 571 4660 pere
597 4589 752 4644 decet
786 4605 800 4643 :
838 4587 1028 4658 sicque
1064 4587 1199 4642 nihil
1237 4588 1396 4644 nobis
1437 4587 1528 4644 ﬁet
1558 4590 1614 4644 in
1645 4589 1937 4660 judicium.
1965 4587 2010 4644 E

439 4681 553 4752 jam
583 4679 718 4736 satis
745 4677 950 4735 dictum
987 4687 1072 4735 est
1102 4677 1170 4736 de
1194 4679 1403 4735 ventris
1437 4679 1798 4736 continentia.

516 4975 608 5032 iV.
640 4973 711 5030 At
732 4989 841 5030 non
873 4975 1052 5032 solum
1079 4975 1254 5034 diaetae
1283 4984 1487 5033 nostrae
1515 4993 1547 5032 ιι
1579 4976 1740 5034 nobis
1768 4978 1909 5035 ratio
1939 4978 2030 5036 ha-

2214 4965 2290 5019 A'.
2332 4963 2626 5036 Χρῂζομεν
2656 4965 2716 5019 δὲ
2745 4965 2823 5038 μὴ
2855 4966 3018 5037 μόνον
3042 4968 3141 5039 τὴν
3163 4968 3376 5022 δίαιταν
3395 4969 3644 5024 ἑαυτῶν
3679 4989 3786 5040 φυ-

448 5069 622 5125 benda
653 5078 758 5135 est,
804 5069 900 5126 sed
940 5069 1105 5125 etiam
1133 5072 1204 5126 ab
1231 5069 1382 5126 omni
1431 5070 1540 5125 alio
1590 5072 1797 5141 peccati
1841 5087 2030 5142 genere

2144 5057 2384 5122 λάττειν,
2407 5058 2546 5112 ἀλλά
2569 5057 2666 5112 καὶ
2686 5059 2870 5130 πάσης
2897 5059 3068 5131 ἄλλης
3100 5061 3378 5132 ἁμαρτίας
3404 5061 3786 5134 ἀπέχεσθαι,

450 5160 834 5216 abstinendum
860 5201 877 5226 ,
903 5167 962 5215 ut
981 5161 1442 5231 quemadmodum
1459 5175 1689 5230 corpore
1697 5160 2030 5231 jejunamus,

2147 5147 2237 5200 ἵνα
2263 5145 2458 5218 ὥσπερ
2485 5149 2824 5222 νηστεύομεν
2844 5153 2909 5223 τῇ
2934 5151 3136 5224 κοιλίᾳ,
3160 5151 3336 5216 οὕτως
3364 5154 3792 5226 νηστεύσομεν

450 5253 525 5309 ita
550 5267 770 5324 quoque
790 5252 1032 5324 linguam
1065 5268 1096 5308 a
1139 5252 1576 5308 murmuratione
1601 5267 1975 5322 coerceamus,
2006 5269 2030 5309 ε

2146 5239 2241 5294 καὶ
2285 5243 2352 5312 τῇ
2407 5241 2657 5314 γλώττῃ,
2704 5243 3042 5316 ἀπεχόμενοι
3075 5245 3186 5300 ἀπὸ
3226 5246 3615 5314 καταλαλιᾶς,
3669 5250 3794 5305 ἀπὸ

450 5344 759 5410 mendacio,
786 5344 856 5400 ab
885 5344 986 5409 ira,
1019 5358 1051 5398 a
1081 5344 1364 5409 conviciis,
1394 5343 1574 5401 otioso
1616 5359 1893 5412 sermone,
1925 5357 1980 5402 et
2003 5362 2030 5402 a

2154 5333 2404 5402 ψεύδους,
2436 5336 2546 5390 ἀπὸ
2571 5338 2918 5408 ἀργολογίας,
2950 5340 3061 5394 ἀπὸ
3092 5339 3380 5411 λοιδορίας,
3407 5339 3535 5393 ἀπὸ
3567 5342 3791 5413 ὀργῆς,

447 5439 643 5510 quovis
671 5437 910 5508 denique
956 5437 1164 5506 peccati
1207 5450 1424 5508 genere,
1457 5437 1603 5509 quod
1633 5452 1666 5492 a
1700 5437 1882 5502 lingua
1911 5452 2030 5507 pro-

2145 5429 2257 5484 ἀπὸ
2287 5430 2469 5502 πάσης
2497 5432 2686 5497 ἁπλῶς
2711 5433 2992 5506 ἁμαρτίας
3012 5435 3306 5505 γινομένης
3331 5433 3416 5488 διὰ
3442 5433 3567 5506 τῆς
3600 5436 3808 5505 γλώσ-

450 5532 609 5585 ccdit.
645 5531 913 5586 Debemus
929 5528 1094 5585 etiam
1120 5527 1297 5584 oculis
1315 5527 1585 5598 jejunare,
1614 5543 1682 5584 ne
1709 5528 1916 5583 scilicet
1940 5545 2030 5584 va-

2147 5537 2276 5591 σηςο
2325 5521 2527 5592 ὁμοίως
2557 5524 2841 5594 νηστεύειν
2875 5527 2985 5591 τοῖς
3019 5525 3344 5596 ὀφθαλμοῖς,
3373 5524 3434 5578 τὸ
3505 5526 3597 5598 μὴ
3657 5527 3787 5597 βλέ-

453 5639 522 5677 na
554 5623 931 5692 inspiciamus,
963 5635 1032 5679 ne
1061 5619 1437 5677 discurramus
1463 5619 1584 5691 vagi
1625 5628 1681 5675 ct
1707 5619 1936 5687 curiosi,
1971 5636 2030 5676 ne

2149 5631 2274 5669 πειν
2299 5615 2528 5687 μάταια,
2552 5617 2615 5670 τὸ
2644 5617 2721 5689 μὴ
2765 5618 3245 5690 παρρησιάζεσθαι
3278 5619 3368 5673 διὰ
3395 5617 3520 5674 τῶν
3556 5619 3796 5690 seen-

454 5715 647 5770 oculos
689 5714 982 5786 aliquando
1033 5713 1100 5769 ad
1153 5713 1441 5770 inhonesta
1495 5713 1674 5784 aliqua
1707 5723 1762 5768 et
1793 5713 2030 5783 pudenda

2155 5707 2294 5777 μῶν,
2330 5710 2404 5779 μὴ
2456 5709 2745 5781 προσέχειν
2788 5711 2899 5765 τινὶ
2939 5711 3192 5776 ἀναιδῶς.
3211 5711 3446 5783 Ὁμοίως
3505 5712 3624 5766 καὶ
3680 5711 3795 5775 τὰς

459 5805 828 5864 inﬂectamus.
870 5805 1132 5862 Similiter
1159 5820 1357 5862 manus
1395 5815 1446 5862 et
1479 5805 1639 5877 pedes
1667 5805 1735 5862 ab
1765 5805 1913 5861 omni
1947 5820 2030 5863 ue-

2150 5800 2337 5873 χεῖρας
2371 5802 2464 5856 καὶ
2503 5803 2628 5869 τοὺς
2663 5803 2828 5868 πόδας
2858 5802 3087 5859 κωλύειν
3124 5803 3234 5859 ἀπὸ
3268 5802 3472 5867 παντὸς
3511 5803 3796 5876 πονηροῦ

2556 5957 2588 5975 ς
