4062 6416
471 302 607 405 ms

1689 329 1748 389 S-
1797 323 2191 387 DOROTHEI
2249 323 2570 385 ABBATIS

3621 325 3743 392 1796

473 460 683 508 mutum
703 439 1209 520 uitentusjiursum
1221 455 1343 500 cum
1354 439 1550 496 exierit
1565 439 1632 494 ad
1649 437 1897 494 homines
1912 436 2077 490 intue-

2184 435 2344 505 μένος
2375 437 2457 501 είς
2501 434 2574 489 τά
2620 433 2833 506 πρῶτα,
2868 435 2902 505 ἢ
2954 435 3034 500 εἰς
3077 435 3234 501 ἄλλα,
3274 436 3372 492 καὶ
3397 438 3573 504 οὕτως
3597 443 3746 498 πάλιν

469 541 619 595 bitur
639 551 904 606 seipsum,
919 535 1064 591 sitne
1093 543 1384 602 superatus
1405 540 1461 586 et
1475 532 1649 586 victus
1669 531 1724 584 in
1739 529 1941 596 quibus
1960 527 2074 597 pri-

468 646 642 696 mum,
663 646 734 686 an
759 629 812 684 in
838 627 960 683 aliis
983 634 1038 682 et
1059 625 1311 693 diversis,
1333 638 1663 694 rursumque
1685 623 1738 676 in
1765 621 1956 677 cellam
1989 635 2074 675 re-

467 723 624 776 diens
647 720 810 775 faciat
831 734 951 788 quae
975 719 1173 790 prito.
1193 717 1573 774 Paenitentiam
1589 723 1732 785 agat,
1756 713 1968 780 deﬂeat,
1987 727 2077 767 ro-

471 823 664 883 getque
682 812 848 867 Deum
878 826 978 866 suo
1003 826 1102 880 pro
1124 818 1289 865 statu.
1315 809 1464 864 Cella
1484 809 1628 864 enim
1647 806 1873 870 attollit,
1895 804 2075 864 homi-

469 920 568 960 nes
600 913 781 959 autem
805 904 1058 974 probant.
1090 901 1275 968 Quare
1306 901 1473 971 probe
1499 900 1706 958 dictum
1732 907 1818 956 est
1841 913 1873 954 α
1893 897 2074 953 Patri-

473 993 595 1060 bus,
617 1003 670 1048 et
697 994 886 1048 sedere
927 993 985 1046 in
1012 992 1147 1046 cella
1173 991 1456 1048 dimidium
1481 990 1612 1060 quid
1633 1005 1777 1053 esse.
1815 997 1869 1046 et
1897 988 1964 1044 ad
1991 1002 2077 1044 se-

467 1085 657 1140 niores
705 1083 986 1140 advertere
1021 1084 1253 1139 alterum
1285 1082 1588 1139 dimidium.

547 1217 612 1274 Η.
658 1220 724 1274 Et
753 1233 854 1274 nos
895 1218 1064 1289 igitur
1093 1233 1123 1274 e
1154 1219 1291 1274 cella
1315 1233 1442 1274 cum
1474 1217 1804 1288 egredimur,
1831 1215 2076 1271 adverta-

474 1328 600 1368 tuus
644 1326 816 1382 quare
868 1311 1233 1381 egrediantur,
1278 1326 1454 1380 neque
1501 1311 1555 1365 id
1593 1309 1814 1374 frustra,
1861 1319 1915 1364 et
1955 1309 2074 1364 sine

472 1419 646 1459 causa
676 1405 787 1458 iiat.
823 1402 927 1469 Qui
961 1401 1107 1456 enim
1148 1402 1251 1457 iter
1295 1402 1607 1472 aggreditur
1650 1404 1768 1458 sine
1796 1416 1982 1466 causa,
2014 1408 2074 1455 ut

473 1492 678 1548 Patres
734 1493 909 1559 aiunt,
952 1491 1160 1547 frustra
1197 1492 1432 1547 laborat.
1475 1492 1798 1563 Quicunque
1827 1489 2072 1546 facturus

470 1590 561 1637 est
605 1581 852 1652 aliquid,
905 1581 1184 1648 advertat,
1233 1591 1673 1652 pracc0gnoscat,
1723 1581 2067 1646 consideret,

478 1687 654 1742 quare
716 1672 769 1727 id
813 1679 959 1742 agat,
1015 1685 1193 1742 quove
1245 1672 1372 1726 fine.
1421 1669 1557 1726 Nam
1611 1671 1666 1725 in
1717 1671 1952 1738 cunctis,
2011 1679 2070 1725 ut

2179 527 2511 599 ὑποστρέφει
2545 529 2626 592 εἰς
2671 529 2735 582 τὸ
2780 528 2993 584 κελλίον
3021 529 3210 598 αὐτοῦ,
3247 530 3452 601 ὁμοίως
3502 532 3574 586 τά
3620 533 3750 590 αὑτά

2177 620 2372 687 ποιῶν,
2405 621 2627 688 κλαίων,
2658 621 2972 692 μετανοῶν·
3001 621 3256 690 δεόμενος
3285 625 3416 696 περὶ
3449 625 3552 697 τῆς
3593 643 3751 682 κατα-

2179 715 2423 777 στάσεως
2451 713 2616 769 αὐτοῦ
2643 713 2739 768 τοῦ
2771 713 2930 768 Θεοῦ.
2951 715 3026 770 Τὸ
3058 715 3270 770 κελλίον
3299 719 3408 789 γὰρ
3448 717 3596 788 ὗψοῖ,
3620 721 3670 772 οἱ
3698 717 3750 772 δὲ

2173 804 2455 876 ἄνθρωποι
2479 803 3062 875 δοκιμάζουσιν.”αστε
3093 807 3463 872 καλῶςίεῖπον
3496 812 3547 864 οι
3576 811 3750 866 Πατί-

2177 913 2292 968 ρες,
2323 897 2494 951 ὅτιτὸ
2533 897 2754 954 καθίσαι
2797 899 2879 962 είς
2917 898 2980 954 τὸ
3016 899 3249 964 κελλίον,
3289 900 3464 972 ἥμισύ
3496 904 3634 970 ἐστι,
3661 905 3754 960 καὶ

2175 988 2234 1042 τὸ
2259 987 2636 1059 παραὸάλλειν
2664 987 2939 1060 γέρουσιν,
2969 990 3143 1063 ἧμισύ
3171 992 3310 1044 εστι.

2243 1213 2319 1270 B'.
2360 1213 2472 1269 Καὶ
2495 1214 2654 1285 ὑμεῖς
2677 1207 2773 1270 οὖν
2793 1214 2883 1269 ὅτε
2903 1214 3280 1285 παραϐάλλετε
3305 1213 3580 1288 ἀλλήλοις,
3609 1214 3756 1286 ὀφεί-

2172 1305 2294 1359 λετε
2329 1305 2528 1360 εἰδέναι
2567 1307 2656 1361 διὰ
2698 1306 2754 1361 τί
2797 1306 3087 1380 ἐξέρχεσθε
3132 1307 3228 1363 τοῦ
3272 1309 3510 1373 κελλίου,
3554 1309 3752 1381 καὶμὴ

2173 1397 2375 1468 ἀφαρεὶ
2426 1397 2736 1470 ἀπέρχεσθε
2788 1399 3034 1454 πώποτε.
3076 1397 3136 1451 '0
3166 1399 3275 1468 γὰρ
3311 1399 3574 1463 ἀσκόπως
3620 1399 3753 1452 ὁδοι-

2171 1491 2393 1561 πορῶν,
2446 1489 2633 1555 καθὼς
2687 1484 2841 1545 εἶπον
2895 1493 2944 1545 οἱ
2995 1489 3266 1560 Πατέρες,
3307 1493 3752 1563 ματαιοπονήσει.

2173 1579 2446 1647 Ἕκαστος
2479 1580 2574 1637 οὖν
2625 1583 2795 1637 ποιῶν
2837 1586 3091 1656 πρᾶγμα,
3127 1581 3334 1655 ὀφείλει
3367 1583 3514 1656 ἔχειν
3558 1585 3755 1639 σκοπὸν

2173 1676 2392 1740 πάντως
2415 1677 2511 1730 καὶ
2539 1677 2736 1730 εἰδέναι
2763 1676 2853 1731 διά
2875 1677 2929 1730 τί
2960 1679 3107 1731 ποιεῖ
3130 1676 3284 1731 αὐτό.
3307 1667 3414 1742 Τίς
3435 1673 3532 1732 οὖν
3558 1679 3706 1732 ἐστιν
3730 1680 3758 1733 ό

481 1780 650 1834 quam
675 1764 973 1834 sarpissime
994 1763 1128 1828 dixi,
1162 1777 1362 1832 scopus
1387 1774 1442 1816 et
1469 1762 1698 1817 intentio
1723 1769 1909 1818 nostra
1935 1778 2072 1832 pne-

2184 1767 2379 1832 σκοπὸς
2423 1766 2484 1821 δν
2525 1767 2816 1838 ὀφείλομεν
2849 1768 3012 1840 ἡμεῖς
3037 1767 3204 1838 ἔχειν,
3233 1767 3362 1822 ὅταν
3404 1767 3758 1840 ἁπερχόμεθα.

477 1856 744 1912 mittenda
761 1865 862 1923 est,
885 1865 941 1912 et
961 1856 1028 1909 ad
1049 1870 1171 1910 eam
1199 1869 1393 1910 omnes
1409 1864 1564 1910 actus
1582 1855 1755 1911 nostri
1778 1854 2065 1926 dirigendi.

482 1950 540 2004 Si
570 1949 925 2005 convenimus
977 1949 1274 2014 interdum,
1305 1938 1544 2018 primum
1577 1948 1971 2005 conveniamus
1999 1948 2071 2004 ob

480 2052 726 2097 mutuam
775 2041 1119 2096 charitatem.
1172 2041 1264 2094 Ait
1310 2041 1500 2095 enim:
1540 2057 1560 2092 ι
1596 2039 1732 2095 Cum
1776 2041 1930 2095 vides
1963 2039 2072 2094 fra-

477 2141 620 2186 trem
643 2138 822 2195 tuum,
841 2130 992 2184 vides
1018 2130 1307 2184 Dominum
1333 2128 1502 2184 Deum
1530 2137 1706 2185 tuum.
1747 2147 1765 2182 ι
1795 2129 2068 2195 Secundo,

477 2223 880 2278 eonveniamus
909 2231 968 2277 ut
1011 2236 1320 2278 sermonem
1368 2220 1463 2276 Dei
1510 2223 1821 2278 audiamus.
1850 2220 1908 2276 In
1939 2237 2072 2278 con-

482 2326 652 2372 ventu
699 2316 843 2371 enim
870 2324 930 2370 ut
961 2316 1254 2386 plurimum
1289 2317 1495 2371 moveri
1542 2316 1681 2372 solet
1727 2331 1906 2373 sermo
1936 2314 2068 2373 Dei:

479 2421 614 2463 cum
655 2408 814 2462 multi
848 2409 1165 2478 ignorantes
1217 2408 1350 2474 sint,
1379 2408 1777 2480 interrogantes
1801 2410 2072 2468 doctiores

481 2500 738 2556 ediscunt
761 2509 966 2556 statum
1021 2516 1203 2556 suum.
1235 2499 1571 2558 Refectionis
1595 2504 1728 2557 hora
1759 2518 1860 2559 nos
1889 2511 2091 2572 vocat,-

484 2601 542 2648 ει
584 2593 980 2648 comedendum
1026 2601 1152 2648 est:
1187 2593 1500 2648 consideret
1538 2595 1779 2665 seipsum
1815 2596 2070 2666 quisque,

483 2697 540 2739 et
561 2685 740 2740 videat
761 2701 884 2740 cum
920 2686 1059 2756 grati
1093 2692 1147 2740 et
1199 2685 1395 2756 optimi
1441 2686 1548 2741 cibi
1585 2689 1813 2757 appositi
1845 2688 2070 2755 fuerint,

485 2778 538 2833 si
569 2785 742 2846 potest
772 2779 1051 2832 continere
1073 2777 1396 2848 appetitum,
1427 2793 1605 2849 neque
1640 2780 1782 2836 ultro
1803 2783 2071 2852 accipere,

483 2879 582 2924 aut
624 2868 882 2936 majorem
916 2879 970 2924 et
1020 2869 1395 2926 delicatiorem
1442 2880 1646 2942 partem
1679 2882 1898 2944 optare,
1945 2889 2072 2930 cum

488 2963 671 3017 omnia
706 2977 802 3032 per
824 2971 1008 3034 partes
1031 2963 1248 3033 cuique,
1281 2972 1343 3018 ut
1373 2963 1549 3032 scitis,
1572 2965 1900 3022 dividantur.
1937 2967 2077 3023 Sunt

487 3057 735 3112 nonnulli
765 3057 858 3128 qui
901 3073 1009 3114 non
1045 3057 1378 3115 erubescunt
1409 3073 1632 3117 manum
1667 3062 1977 3126 extendere.
2022 3071 2078 3118 et

2177 1859 2317 1931 πρὸς
2343 1859 2645 1931 ἀλλήλουςς
2671 1859 2891 1930 Πρῶτον
2915 1857 3007 1912 διὰ
3033 1859 3132 1930 τὴν
3161 1859 3417 1931 ἀγάπην·
3445 1859 3597 1928 λέγει
3624 1861 3758 1930 γάρ’

2184 1972 2202 2005 ι
2231 1949 2386 2017 Εἶδες
2405 1951 2498 2006 τὸν
2528 1940 2757 2021 ἀδελφόν
2786 1967 2879 2005 σου
2902 1969 2915 1982 ·
2946 1946 3086 2016 εἶδες
3108 1951 3313 2023 Κύριον
3343 1953 3434 2006 τδν
3454 1952 3587 2006 Θεὸν
3613 1969 3756 2006 σου.»

2177 2045 2459 2117 Δεύτερον,
2501 2045 2588 2100 διὰ
2617 2045 2677 2100 τὸ
2703 2045 2935 2100 ἀκοῦσαι
2979 2044 3138 2113 λόγον
3181 2043 3352 2099 Θεοῦ*
3403 2045 3623 2109 πάντως
3657 2046 3762 2116 γὰρ

2175 2139 2237 2193 ὲν
2283 2137 2364 2210 τῷ
2403 2138 2598 2210 πλήθει
2651 2138 2835 2192 πλεῖον
2867 2139 3098 2192 κινεῖται
3143 2139 3171 2192 ό
3216 2137 3374 2208 λόγος
3399 2137 3495 2192 τοῦ
3527 2137 3665 2192 Θεοῦ
3689 2154 3702 2166 °
3737 2137 3764 2192 ὃ

2178 2233 2286 2304 γὰρ
2307 2228 2459 2296 οὗτος
2485 2232 2748 2295 πολλάκις
2766 2231 2866 2284 οὐκ
2894 2226 3054 2296 οἶδεν,
3076 2230 3236 2296 ἄλλος
3257 2230 3446 2304 ὲρωτῷ
3459 2232 3600 2284 ⁸⁷·⁸⁸.
3626 2232 3763 2286 Ἐπ-

2178 2342 2298 2378 ειτα
2325 2324 2420 2378 καὶ
2449 2323 2539 2376 διὰ
2585 2323 2648 2376 τὸ
2686 2321 2901 2392 μαθεῖν,
2935 2322 3010 2386 ὡς
3039 2325 3324 2395 προεῖπον,
3366 2323 3466 2393 τὴν
3499 2322 3639 2376 ἰδίαν
3669 2339 3764 2376 κα-

2177 2417 2462 2472 τάστασιν.
2501 2410 2630 2471 Οἷόν
2663 2433 2714 2469 τι
2758 2415 2922 2484 λέγωο
2962 2415 3364 2488 Ἀπερχόμενός
3400 2433 3507 2483 τις,
3538 2416 3760 2482 ὑπόθου,

2176 2511 2260 2575 είς
2288 2510 2350 2564 τὸ
2375 2511 2568 2580 φαγεῖν
2605 2509 2745 2580 μετὰ
2771 2508 2879 2562 τῶν
2909 2508 3440 2582 συνευρισκομένων,
3476 2512 3762 2563 κατανοεῖν

2180 2602 2344 2656 αὑτὸν
2371 2602 2468 2655 καὶ
2511 2601 2752 2672 βλέπειν,
2790 2601 2885 2655 ἐὰν
2913 2600 3207 2674 παραποθῇ
3242 2599 3440 2672 βρῶμα
3468 2599 3634 2654 καλὸν
3667 2599 3758 2654 καὶ

2181 2695 2354 2766 ἀρέσῃ
2381 2693 2560 2764 αὐτῷ·
2597 2696 2647 2747 εἰ
2673 2693 2898 2748 δύναται
2932 2693 3408 2766 ἑγκρατεύσασθαι
3438 2694 3532 2747 καὶ
3561 2692 3639 2765 μὴ
3668 2692 3764 2746 λα-
3880 2709 3884 2714 '

2181 2786 2296 2841 δεῖν
2340 2785 2438 2841 ἀπ’
2468 2785 2662 2852 αὐτοῦ,
2709 2785 2742 2858 ἢ
2781 2785 3071 2851 σπουδάζει
3116 2785 3192 2858 μὴ
3236 2785 3636 2856 πλεονεκτῆσαι
3677 2785 3765 2840 τὸν

2183 2877 2410 2948 ἀδελφὸν
2438 2876 2628 2942 αὐτοῦ,
2654 2879 2748 2933 καὶ
2791 2877 2978 2933 λαϐεῖν
3019 2878 3385 2950 περισσότερα
3429 2877 3621 2943 αὑτοῦ,
3647 2878 3681 2948 ἦ
3714 2894 3766 2933 τι

2184 2973 2279 3026 ἑὰν
2309 2971 2452 3026 κατὰ
2483 2971 2709 3044 μερίδας
2731 2970 3038 3043 παρατεθῇ,
3061 2971 3094 3042 ἢ
3129 2969 3453 3036 σπουδάζειν
3480 2971 3555 3044 μὴ
3583 2969 3768 3025 λαϐεῖν

2185 3065 2246 3122 τὸ
2280 3067 2671 3140 περισσότερον
2707 3068 2894 3138 μέρος,
2926 3066 3019 3120 καὶ
3048 3066 3315 3137 ἀφῆναι⁸⁹
3341 3064 3509 3120 αὑτοῦ
3562 3064 3624 3118 τὸ
3671 3083 3762 3136 μι-

488 3151 758 3206 minorem
789 3151 1095 3221 portionem
1132 3162 1262 3208 ante
1296 3150 1522 3208 fratrem
1553 3169 1773 3225 ponere,
1809 3155 2074 3226 majorem

2184 3159 2628 3232 κρότερον.Ἐστι
2657 3159 2765 3230 γὰρ
2798 3159 2888 3212 ὅτε
2934 3158 3060 3212 οὐδὲ
3093 3159 3194 3230 τὴν
3244 3159 3406 3229 χεῖρα
3452 3156 3770 3227 αἰσχύνεται

491 3245 560 3300 ad
585 3260 644 3300 se
668 3245 903 3301 trahere.
933 3243 1002 3301 Ut
1025 3245 1156 3316 quid
1185 3247 1331 3302 enim
1360 3247 1467 3319 maj
1480 3262 1630 3304 orem
1659 3251 1923 3306 aminore
1945 3266 2077 3322 par-

497 3349 550 3392 te
585 3337 990 3395 discernimus?
1047 3337 1388 3404 Quantulum
1441 3340 1576 3397 illud
1619 3351 1702 3398 est
1746 3343 1893 3413 quod
1937 3344 2081 3399 inter

493 3431 632 3485 duas
659 3442 840 3500 partes
880 3441 1122 3500 superat,
1157 3439 1217 3488 ut
1249 3433 1370 3503 quis
1409 3442 1520 3489 tam
1560 3433 1652 3489 vili
1689 3443 1746 3490 et
1771 3436 1985 3492 modica
2021 3452 2080 3492 re

491 3539 694 3579 avarus
755 3539 884 3595 erga
931 3522 1159 3580 fratrem
1212 3540 1374 3581 suum
1427 3527 1765 3598 reperiatur?
1821 3529 2082 3585 Adverlat

493 3632 740 3682 rursum,
773 3618 816 3672 si
857 3630 917 3672 se
953 3617 1235 3673 continere
1267 3627 1444 3689 potest
1484 3635 1514 3675 a
1545 3621 1783 3691 plurimo
1805 3623 1950 3691 cibo,
1981 3637 2080 3678 ne-

495 3725 609 3781 que
659 3709 808 3782 quod
863 3709 1091 3765 minime
1122 3709 1297 3777 decet,
1342 3721 1552 3782 quaerat
1583 3713 1800 3770 diversa
1835 3715 2079 3783 fercula,

498 3818 670 3872 seque
707 3803 782 3859 ad
829 3803 1092 3859 vomitum
1141 3805 1376 3874 expleat.
1433 3805 1721 3863 Custodiat
1763 3823 1985 3880 quoque
2023 3825 2085 3867 se

496 3899 684 3968 ipsum.
719 3897 793 3953 ab
825 3897 1114 3953 insolentia
1151 3906 1208 3953 et
1232 3900 1686 3970 praesumptione.
1725 3900 1928 3960 Videns
1971 3903 2084 3959 fra-

497 4000 638 4046 trem
661 4007 830 4048 .suum
861 3991 1259 4061 prabonorari,
1296 3991 1441 4047 ferat
1468 3993 1521 4047 id
1553 4009 1713 4066 aequo
1737 3996 1944 4051 animo.
1989 3995 2085 4052 Vi-

497 4085 634 4139 dens
669 4084 903 4139 alterum
960 4083 1378 4140 insolescentem
1403 4124 1419 4147 ,
1468 4087 1885 4155 inclamantem,
1926 4090 2084 4146 oblo-

495 4184 786 4246 quentem,
809 4174 1235 4241 eonviciantem,
1271 4178 1462 4233 turbas
1495 4179 1836 4246 miscentem,
1864 4196 1972 4236 non
2001 4191 2085 4237 at-

499 4270 688 4324 tendat
724 4270 823 4336 illi,
847 4285 963 4324 non
1001 4270 1207 4340 judieet
1239 4271 1440 4341 ipsum,
1473 4275 1567 4329 sed
1611 4284 1897 4331 convertat
1932 4292 2085 4332 men-

497 4370 608 4415 tem
625 4361 880 4416 etoeulos
898 4361 952 4415 in
971 4362 1200 4416 alterum
1223 4365 1673 4421 venerabiliorem
1690 4377 1742 4422 et
1764 4369 2042 4423 meliorem
2065 4390 2080 4426 :

500 4453 826 4522 studeatque
871 4452 1053 4508 facere
1093 4456 1240 4524 quod
1275 4457 1342 4510 de
1372 4458 1532 4512 beato
1584 4460 1824 4516 Antonio
1866 4462 2080 4533 legitur.

498 4541 606 4608 Qui
649 4556 774 4597 cum
807 4541 1074 4611 plurimos
1106 4542 1303 4600 fratres
1345 4544 1520 4600 adiret
1559 4547 1767 4602 visendi
1813 4549 2007 4616 gratia,
2031 4559 2085 4604 et

502 4636 652 4690 hunc
695 4645 858 4705 atque
901 4635 1055 4689 illum
1087 4637 1293 4692 videret
1325 4638 1453 4692 boui
1482 4639 1688 4710 aliquid
1719 4651 1990 4711 agentem,
2030 4645 2081 4700 id

502 4727 686 4784 statim
710 4737 972 4797 tanquam
1009 4727 1295 4786 ﬂosculum
1333 4731 1643 4803 colligebat,
1686 4747 1741 4789 et
1771 4735 1824 4788 in
1866 4744 2085 4806 pectore

503 4822 852 4889 recondebat,
885 4823 960 4895 ab.
985 4823 1094 4877 hoc
1125 4823 1344 4893 quidem
1372 4829 1872 4895 mansuetudinem,
1897 4830 1965 4885 ab
1991 4831 2084 4887 illo

503 4915 892 4983 humilitatem,
925 4917 996 4973 ab
1027 4918 1134 4974 alio
1156 4919 1392 4988 quietem
1427 4920 1704 4990 accipiens
1734 4940 1746 4974 :
1775 4930 1830 4977 et
1869 4923 1943 4978 ita
1968 4938 2088 4979 sese

505 5010 685 5078 ipsum
711 5013 877 5082 quasi
905 5014 1169 5069 virtutum
1207 5013 1454 5069 omnium
1481 5015 1760 5085 exemplar
1787 5017 2088 5073 constitue-

506 5103 619 5158 bat.

577 5235 665 5292 lli.
702 5235 778 5293 Ita
809 5237 1070 5297 debemus
1109 5249 1162 5297 et
1193 5256 1291 5297 nos
1343 5241 1542 5308 facere,
1579 5254 1743 5316 atque
1775 5245 1843 5301 ad
1876 5245 2086 5317 singula

506 5331 752 5384 animum
785 5331 1085 5400 advertere,
1113 5341 1167 5388 et
1187 5336 1271 5403 (ut
1290 5332 1426 5404 dixi)
1447 5348 1570 5388 cum
1594 5334 1661 5390 ad
1681 5334 1851 5392 cellas
1873 5345 2088 5393 nostras

509 5421 857 5488 redierimus,
883 5425 1216 5495 perscrutari
1240 5438 1341 5481 nos
1381 5423 1548 5495 ipsos,
1565 5435 1618 5482 et
1638 5425 1851 5486 discere
1875 5427 2088 5484 lucrum

2180 3271 2265 3318 τις
2293 3254 2534 3321 ἐκτεῖναι
2562 3252 2659 3306 καὶ
2685 3252 2764 3324 τῷ
2798 3251 2961 3324 θῆσαι
2993 3250 3055 3304 τὸ
3087 3250 3286 3322 μικρὸν
3321 3249 3642 3322 ἔμπροσθεν
3673 3249 3770 3303 τοῦ

2181 3344 2413 3415 ἀδελφοῦ
2444 3343 2612 3399 αὐτοῦ
2633 3361 2647 3376 ·
2693 3343 2788 3397 καὶ
2829 3341 3015 3396 λαϐεῖν
3041 3341 3103 3396 τὸ
3134 3343 3281 3411 μέγα
3325 3340 3642 3413 ἔμπροσθεν
3682 3341 3774 3399 αὐ·

2181 3436 2449 3507 τοῦ.Ἀρα
2473 3435 2526 3489 τί
2559 3435 2672 3506 ἔχει
2705 3429 2848 3487 εἶναι
2876 3435 2910 3506 ἡ
2939 3433 3175 3506 διαφορά
3198 3432 3294 3486 τοῦ
3327 3431 3646 3505 μειζοτέρου
3673 3431 3769 3503 μέ-

2182 3547 2313 3603 ρους
2339 3529 2478 3599 πρὸς
2506 3527 2568 3581 τὺ
2601 3528 2961 3599 μικρότερον;
2995 3527 3169 3581 Πόσον
3197 3528 3315 3583 ἐστὶ
3339 3527 3401 3580 τὸ
3433 3526 3641 3596 μεταξὺ
3659 3526 3768 3580 τῶν

2179 3623 2274 3679 δύο
2298 3622 2554 3694 μερίδων,
2586 3623 2668 3676 ὅτι
2694 3621 2784 3676 διὰ
2811 3621 2882 3677 τά
2909 3621 3134 3677 τοιαῦτα
3162 3623 3255 3676 καὶ
3281 3620 3474 3692 εὐτελῆ
3504 3621 3767 3693 πράγμα⁹

2181 3737 2250 3775 τα
2303 3717 2620 3789 εὑρίσκεται
2655 3715 2996 3770 πλεονεκτῶν
3035 3713 3129 3769 τὸν
3177 3713 3408 3783 άδελφδν
3442 3712 3638 3779 αὐτοῦ,
3673 3711 3769 3766 καὶ

2185 3810 2553 3884 ἁμαρτάνων;
2586 3796 2755 3862 Πάλιν
2791 3807 3050 3879 προσέχει
3081 3806 3176 3860 ἐὰν
3204 3805 3432 3860 δύναται
3456 3805 3623 3859 αὐτὸν
3643 3821 3775 3877 κραα

2181 3904 2348 3976 στῆσαι
2379 3903 2487 3957 ἀπὸ
2511 3901 2722 3957 πολλῶν
2753 3900 3080 3972 βρωμάτων,
3103 3900 3201 3953 καὶ
3236 3898 3332 3970 μὴ,
3364 3897 3440 3962 ὡς
3470 3897 3644 3965 εἰκὸς,
3679 3897 3771 3950 εὐ-

2187 3998 2389 4068 ρίσκων
2419 3995 2650 4067 διάφορα
2675 3992 2964 4066 βρώματα,
2996 3991 3280 4047 ἐκδίδωσιν
3312 3989 3506 4045 ἑαυτὸν
3537 3991 3616 4052 είς
3642 4005 3775 4060 χορο

2183 4086 2403 4142 τασίαν-
2440 4085 2491 4138 εἰ
2540 4083 2799 4154 φυλάττει
2835 4082 3030 4137 ἑαυτὸν
3058 4081 3168 4136 άπὸ
3197 4079 3534 4155 παρρησίας,
3565 4081 3615 4133 εἰ
3651 4079 3780 4150 βλέ-

2187 4197 2280 4232 πει
2305 4179 2396 4234 τὸν
2427 4177 2656 4247 ἀδελφὸν
2683 4171 2854 4230 αὐτοῦ
2887 4173 3330 4248 προτιμώμενον,
3357 4173 3390 4245 ἢ
3418 4172 3780 4244 ἀναπαυόμε-

2187 4289 2278 4328 νον
2304 4272 2468 4326 πλὲον
2495 4269 2658 4325 αὐτοῦ
2679 4267 2770 4324 κατ
2797 4268 2859 4322 οὐ
2888 4269 3109 4338 πάσχει,
3142 4269 3192 4320 εἰ
3225 4265 3417 4338 βλέπει
3445 4265 3605 4321 ἄλλον
3633 4265 3781 4338 παρ·

2190 4363 2588 4437 ρησιαζόμενον
2637 4362 2774 4434 μετὰ
2807 4360 2994 4424 άλλου,
3033 4359 3066 4432 ἢ
3119 4357 3388 4412 λαλοῦντα
3437 4356 3633 4423 πολλὰ,
3662 4356 3780 4410 εἴτε

2185 4455 2387 4526 δήποτε
2415 4451 2880 4528 άσυστροφοῦντα,
2915 4450 3011 4504 καὶ
3051 4450 3115 4504 οὺ
3163 4449 3426 4521 προσέχει
3455 4447 3628 4519 αὐτῷ,
3653 4445 3782 4500 οὐδὲ

2191 4547 2513 4620 κατακρίνει
2567 4546 2730 4601 αὐτὸν
2753 4585 2769 4611 ,
2819 4544 2960 4600 ἀλλὰ
3007 4543 3210 4616 μᾶλλον
3262 4541 3342 4613 τῷ
3390 4541 3784 4610 εὑλαδεστάτῳ

2193 4642 2472 4714 προσέχει,
2501 4640 2596 4694 καὶ¹
2626 4637 2920 4703 σπουδάζει
2949 4637 3194 4707 ποιῆσαι,
3228 4637 3305 4700 ὡς
3340 4634 3486 4703 λέγει
3513 4634 3648 4703 περὶ
3679 4629 3783 4684 τοῦ

2191 4734 2339 4788 άϐὁᾶ
2370 4732 2678 4796 Ἀντωνίου,
2713 4730 2798 4784 ὅτι
2847 4729 3224 4801 ἀπερχόμενος
3271 4727 3409 4798 πρός
3453 4741 3633 4791 τινας,
3671 4723 3785 4778 εἴτι

2191 4825 2388 4880 ἔϐλεπε
2433 4825 2599 4879 καλὸν
2645 4824 2837 4894 ἔχοντα
2883 4823 3116 4876 ἕκαστον
3161 4819 3360 4885 αὐτῶν,
3395 4818 3574 4870 ἐκεῖνο
3603 4814 3786 4885 ἐλάμ-

2193 4916 2326 4971 ϐανε
2379 4916 2474 4971 καὶ
2523 4915 2766 4987 ἐκράτει,
2799 4911 2894 4966 τοῦ
2929 4913 3028 4983 μὲν
3076 4911 3138 4966 τὸ
3192 4911 3449 4982 πρᾶγμα,
3481 4906 3576 4962 τοῦ
3607 4907 3687 4973 δὲ,
3720 4906 3789 4960 τὸ

2193 5011 2473 5074 ταπεινὸν,
2520 5007 2612 5062 τοῦ
2658 5007 2737 5074 δὲ,
2771 5007 2831 5061 τὸ
2862 5008 3089 5079 ἥσυχον,
3133 5007 3228 5060 καὶ
3273 5006 3564 5078 εὑρίσκετο
3614 5002 3789 5068 αὐτὸς

2195 5104 2334 5175 ἔχων
2357 5103 2426 5156 τὰ
2450 5101 2682 5155 ἑκάστου
2711 5102 2768 5154 ὲν
2802 5099 3002 5170 ἐαυτῷ.

2266 5242 2341 5299 I".
2381 5243 2511 5296 Ἰδοὺ
2556 5240 2730 5305 οὕτως
2773 5238 3066 5310 ὀφείλομεν
3101 5238 3298 5302 ποιεῖν,
3343 5235 3441 5290 καὶ
3484 5233 3576 5290 διά
3606 5233 3795 5287 ταῦτα

2198 5335 2597 5408 παραόάλλεινο
2630 5334 2727 5390 καὶ
2765 5334 2855 5387 ὅτε
2899 5331 3320 5402 άποστρέφομεν
3368 5330 3450 5392 είς
3485 5326 3557 5381 τὰ
3592 5323 3795 5382 κελλία

2198 5428 2377 5502 ἡμῶν»
2410 5429 2640 5501 ἐρευνᾷν
2669 5426 2900 5491 ἑαυτοὺς
2930 5423 3024 5481 καὶ
3062 5422 3359 5496 μανθάνειν
3381 5423 3462 5487 εἰς
3487 5418 3542 5474 τί
3561 5417 3794 5492 ὠφελῇ,

1813 5627 2043 5685 VABIE
2067 5627 2476 5687 LECTIONES.

592 5799 710 5834 ιτιη
738 5802 932 5872 ἐρωτᾷ.
1015 5804 1057 5837 ³⁵
1099 5805 1340 5875 ἀφεῖναι.
