4062 6410
507 317 646 384 1199

1705 313 1766 374 S.
1822 310 2213 376 DOROTITEI
2270 310 2590 373 ABBATIS

3646 307 3774 375 19m

500 441 636 482 sane
679 421 896 493 dignam
943 421 1270 478 imitatione.
1317 414 1461 488 Quia
1507 419 1738 486 scilicet,
1784 423 1831 476 si
1876 417 2096 492 quando

2204 439 2304 476 τινι
2350 422 2459 476 τῶν
2490 420 2757 491 ἀδελφῶν,
2793 422 2844 477 ei
2886 420 3084 476 ἔϐλεπε
3114 420 3177 476 τὸ
3204 419 3416 476 κελλίον
3445 421 3614 476 αὐτου
3654 422 3778 478 dmi-

501 515 731 570 alterius
775 514 962 568 fratris
991 515 1183 570 cellam
1219 514 1446 568 vidisset
1488 513 1852 577 immundam,
1886 514 2095 568 incom-

501 608 766 678 positam,
808 605 1094 672 incultam,
1139 605 1324 660 statim
1367 605 1509 659 intra
1554 619 1618 684 se
1649 603 1868 659 aiebat:
1918 603 2096 671 Quam

502 700 697 756 beatus
731 707 818 756 est
841 697 1014 754 frater
1039 698 1175 753 iste!
1203 697 1287 752 ‘En
1322 703 1384 752 ut
1414 697 1746 762 abstractus,
1781 705 1843 753 ut
1883 697 2098 754 alienus

500 799 588 848 est
617 790 688 846 ab
716 790 803 846 bis
837 790 1072 845 terrenis
1100 799 1155 844 et
1195 789 1552 856 transitoriis,
1605 796 1662 844 et
1705 803 1765 844 se
1804 796 1978 844 totum
2028 789 2098 845 ad

501 883 755 940 mlestia
801 893 856 937 et
903 882 1093 937 divina
1123 871 1548 952 contemplanda
1592 881 1910 936 transtulit:
1968 895 2096 935 nam

500 991 684 1046 neque
711 975 947 1046 propriae
971 975 1118 1029 cellae
1145 977 1486 1028 exornandaa
1516 973 1592 1028 illi
1610 987 1748 1028 cura
1776 982 1863 1030 est
1887 972 2096 1043 aliqua.

501 1068 566 1122 Si
599 1068 828 1122 alterius
860 1067 992 1123 item
1028 1065 1260 1121 fratrum
1294 1066 1489 1122 cellam
1523 1066 1908 1137 compositam,
1939 1081 2100 1121 mun-

502 1161 654 1224 dam,
683 1168 957 1226 ornatam,
1005 1159 1394 1230 excultamque
1433 1157 1684 1222 vidisset,
1741 1158 1959 1214 dicebat
2005 1172 2099 1213 se-

502 1267 631 1308 cum
661 1271 675 1306 :
714 1249 794 1306 Eu
824 1267 989 1322 quam
1015 1266 1156 1322 pura
1181 1261 1242 1308 et
1273 1251 1626 1306 immaculata
1663 1259 1742 1306 est
1775 1249 1966 1306 lratris
1995 1250 2100 1305 hu-

495 1345 594 1415 jus
619 1343 832 1398 aniinal
875 1343 956 1398 Ad
982 1343 1186 1399 anima).
1220 1358 1457 1414 namque
1487 1353 1715 1408 statum,
1751 1344 1902 1400 cellze
1948 1344 2101 1416 puri-

505 1447 673 1492 tatem
705 1437 931 1502 direxit,
963 1445 1023 1490 ut
1051 1449 1161 1490 una
1187 1451 1313 1490 cum
1343 1436 1528 1490 anima
1557 1435 1694 1491 cella
1719 1452 1883 1507 quam
1910 1436 2101 1492 incolit

507 1530 807 1602 purissima
837 1530 929 1586 sit.
965 1527 1146 1600 Neque
1175 1528 1508 1601 quandoque
1533 1530 1619 1585 vel
1644 1529 1792 1586 illum
1820 1531 2098 1604 negligen—

509 1634 620 1678 tem
667 1631 723 1678 et
759 1621 1029 1688 desidem,
1078 1620 1162 1676 vel
1211 1622 1357 1676 hunc
1393 1637 1593 1676 vanum
1640 1632 1697 1678 et
1743 1622 2098 1680 ambitiosum

501 1713 674 1787 450
717 1714 877 1781 dixit,
922 1715 1016 1769 sed
1051 1729 1118 1768 ex
1165 1713 1375 1783 optimo
1423 1715 1625 1770 mentis
1669 1730 1782 1770 suae
1831 1725 1979 1772 statu
2030 1716 2100 1773 de

507 1774 740 1874 5.7031":
763 1845 778 1870 ,
822 1774 1169 1858 commodum
1201 1774 1258 1856 et
1290 1801 1578 1858 utilitatem
1615 1802 1797 1858 traxit.
1837 1800 1982 1860 Deus
2010 1803 2102 1859 det
2131 1774 2174 1830 Β

505 1897 668 1952 nobis
697 1897 970 1967 optimum
1002 1905 1226 1962 statum,
1261 1901 1318 1950 ut
1347 1894 1627 1965 possimus
1661 1903 1715 1950 et
1746 1909 1846 1951 nos
1887 1910 1918 1950 a
1961 1910 2102 1966 quo-

498 2003 722 2058 cunque
751 1987 1041 2044 utilitatem
1070 2001 1309 2054 sumere,
1340 2002 1514 2058 neque
1535 1987 1813 2058 suspicari
1845 1988 2101 2060 aliquan-

502 2080 577 2134 do
615 2078 896 2150 quidpiam
929 2077 1056 2133 mali
1091 2086 1184 2133 aut
1223 2077 1432 2134 sinistri
1465 2077 1535 2134 de
1561 2079 1816 2149 proximo
1854 2098 1868 2134 :
1921 2080 2004 2136 vel
2053 2079 2100 2135 si

499 2172 838 2243 quandoque
881 2171 1311 2242 cogitaverimus
1355 2179 1451 2226 aut
1489 2171 1750 2240 suspicati
1806 2169 2100 2239 fuerimus,

501 2263 694 2319 statim
727 2263 1114 2334 cogitationem
1149 2272 1393 2318 nostram
1431 2263 1485 2316 in
1512 2262 1710 2318 melius
1741 2263 2097 2322 invertamus.

505 2353 626 2409 Non
667 2355 982 2410 discernere
1015 2354 1162 2410 enim
1209 2365 1304 2410 aut
1333 2368 1670 2425 cognoscere
1699 2354 1936 2425 proximi
1982 2371 2100 2410 ma-

501 2444 642 2513 lum,
680 2446 877 2500 miram
913 2445 966 2500 in
1016 2444 1175 2501 nobis
1225 2444 1371 2516 parit
1414 2443 1740 2510 bonitatem,
1786 2460 1882 2516 per
1933 2461 2098 2516 quam

506 2533 622 2615 Deo
661 2551 994 2609 magnopere
1023 2536 1327 2603 placemus.
1368 2534 1448 2592 Illi
1478 2535 1655 2608 gloria
1686 2536 1740 2592 in
1771 2536 1970 2594 satcula
1997 2552 2102 2596 sa:-

503 2626 779 2686 culorum.
819 2629 1017 2686 Amen.

1017 2741 1371 2800 DOCTRINA
1408 2743 1576 2802 XVII.

501 2835 584 2891 De
634 2835 968 2892 institutione
1018 2836 1250 2906 fratrum
1297 2838 1356 2891 in
1412 2836 1790 2908 monasteriis,
1835 2839 2100 2908 quomodo

575 2908 848 2977 prwpositi
883 2921 1110 2978 prmus
1149 2907 1444 3032 Ῑιέιιὲίὺιιῖ,
1489 2917 1540 2964 et
1581 2907 1638 2964 hi
1676 2907 1786 2964 illis
1823 2907 2033 2967 subesse

1225 2996 1250 3033 e
1285 2994 1383 3033 ean
1415 3019 1430 3034 .

570 3067 618 3121 Ι.
663 3065 802 3122 Dum
841 3065 1016 3123 fueris
1056 3065 1292 3124 fratrum
1337 3067 1623 3125 institutor
1658 3076 1714 3126 et
1752 3077 1954 3138 rector,
2003 3084 2102 3127 eos

501 3156 855 3226 potissimum
881 3174 1014 3215 cura
1044 3159 1228 3216 cordis
1256 3161 1548 3218 severitate
1576 3171 1630 3219 et
1660 3163 1964 3221 visceribus
1999 3165 2102 3218 mi-

504 3249 821 3305 sericordiae
873 3250 1180 3318 instruere,
1227 3251 1332 3310 hos
1378 3253 1548 3310 verbo
1576 3263 1632 3310 et
1681 3257 1932 3329 exemplo
1981 3273 2104 3328 qua:

504 3340 716 3408 agenda
769 3351 936 3408 sunt,
990 3343 1263 3410 edocens,
1313 3354 1477 3416 atque
1513 3349 1764 3419 exemplo
1818 3350 1993 3420 magis
2049 3360 2106 3406 et

502 3435 691 3490 opere,
747 3439 874 3478 cum
927 3427 1101 3496 magis
1155 3437 1452 3496 operentur
1497 3432 1748 3502 exempla
1803 3441 1860 3487 et
1908 3433 2103 3490 fortius

505 3526 786 3572 moveant.
823 3516 892 3573 Et
927 3519 977 3576 si
1011 3534 1242 3590 corpore
1271 3521 1487 3579 validus
1516 3523 1711 3592 fueris,
1739 3527 1794 3582 in
1827 3528 1912 3586 his
1937 3529 2101 3585 etiam

503 3623 633 3679 quae
662 3609 728 3663 ad
763 3624 966 3680 corpus
996 3611 1293 3681 pertinent,
1339 3613 1464 3670 illos
1494 3616 1700 3686 pariter
1747 3633 2006 3675 exerceas
2049 3629 2105 3677 et

505 3699 771 3755 instruas.
803 3700 962 3767 Quod
995 3701 1043 3758 si
1074 3702 1330 3760 infirmus
1359 3712 1414 3760 et
1455 3705 1764 3774 imbecillis,
1799 3709 1853 3765 in
1899 3711 2102 3769 animae

505 3799 651 3846 statu
685 3792 916 3862 optimo,
947 3800 1004 3848 et
1035 3793 1089 3848 in
1117 3794 1356 3864 Spiritus
1388 3799 1566 3854 sancti
1611 3798 1881 3858 fructibus
1909 3804 2004 3874 qui
2033 3805 2102 3861 ab

502 3883 768 3951 Apostolo
798 3892 1160 3940 numerantur
1189 3887 1206 3927 ί
1237 3923 1254 3952 ,
1305 3885 1566 3946 instituas
1602 3907 1616 3946 :
1647 3892 1917 3950 charitate
1947 3894 2103 3951 vide-

503 3973 654 4041 licet,
688 3974 910 4044 gaudio,
953 3989 1109 4043 pace,
1153 3981 1485 4046 constantia,
1533 3982 1798 4049 bonitate,
1853 3986 1979 4054 ilde,
2012 4004 2100 4043 re-

504 4063 798 4131 ctitudiuc,
831 4067 1272 4134 mansuetudine,
1321 4073 1660 4130 continentia
1691 4076 1948 4132 vitiorum
1979 4096 2101 4134 om-

504 4157 684 4212 nium.
727 4154 824 4211 Sin
857 4165 1044 4214 autem
1071 4173 1168 4216 eos
1191 4163 1486 4234 contigerit
1513 4167 1787 4223 interdum
1831 4185 2019 4226 errare
2047 4183 2110 4228 et-

505 4247 850 4320 delinquere,
883 4265 992 4304 nou
1027 4251 1322 4308 admodum
1357 4256 1554 4311 anxius
1578 4259 1656 4313 sis
1687 4275 1823 4314 neve
1855 4261 2102 4332 indigne-

506 4341 606 4408 ris,
636 4342 732 4398 sed
757 4357 884 4398 cum
917 4342 1068 4398 omni
1103 4347 1526 4402 mansuetudine
1555 4359 1610 4403 et
1639 4349 1926 4406 clementia
1973 4368 2100 4422 pee-

2199 527 2450 582 στροφον,
2481 511 2902 582 άφιλοκάλητον,
2945 511 3133 581 ἔλεγεν
3165 511 3224 565 ὲν
3255 510 3464 582 ἑαυτῷ·
3498 511 3780 583 Μακάριός

2197 605 2349 658 ἐστιν
2377 596 2532 668 οὗτος
2578 606 2608 658 ὁ
2652 603 2913 674 ἀδελφός·
2950 603 3067 668 πῶς
3097 603 3478 675 ἡμερίμνησιν
3504 603 3618 658 άπὸ
3660 605 3783 659 πολ-

2197 693 2327 758 λῶν,
2360 695 2396 765 ἢ
2426 695 2627 766 μᾶλλον
2651 695 2761 750 άπὸ
2785 694 2924 750 ὅλων
2949 694 3059 749 τῶν
3078 694 3306 765 γηῑνων,
3342 694 3439 749 καὶ
3461 693 3636 758 οὕτως
3665 695 3782 748 ὅλον

2197 785 2288 839 τὸν
2313 784 2439 842 νοῦν
2463 785 2628 840 αὐτοῦ
2657 785 2849 841 ἔλαϐεν
2873 784 2986 840 ἄνω
3001 803 3017 818 ·
3039 787 3124 840 ὅτι
3150 785 3274 840 οὐδὲ
3293 784 3356 840 τὸ
3379 783 3592 840 κελλίον
3620 784 3782 838 αὑτοῦ

2200 878 2450 950 σχολάζει
2483 880 2842 950 καταστῆσαι.
2873 878 3072 946 Πάλιν,
3103 882 3154 934 εί
3185 880 3471 952 άπήρχετο
3500 881 3640 952 πρδς
3687 881 3783 936 άλ-

2199 971 2310 1039 λον,
2345 972 2440 1028 καὶ
2470 973 2668 1027 ἐϐλεπε
2711 973 2775 1027 τὸ
2817 972 3029 1028 κελλίον
3060 972 3228 1028 αὐτοῦ
3276 975 3784 1046 καταστησάμενον,

2199 1065 2460 1139 καθαρὸν,
2497 1065 3022 1138 πεφιλοκαλημένον,
3052 1065 3209 1136 ελεγι
3260 1065 3425 1122 πάλιν
3466 1067 3526 1121 ἐν
3567 1067 3747 1138 ἑαυτῷ
3768 1082 3783 1099 ο

2201 1159 2414 1232 Ὠσπερ
2443 1160 2598 1214 ἐστὶν
2631 1160 2665 1230 ἡ
2711 1159 2860 1232 ψυχὴ
2907 1159 3002 1215 τοῦ
3041 1158 3273 1227 ἀδελφοῦ
3316 1158 3510 1213 τούτου
3546 1158 3782 1231 καθαρά,

2198 1249 2373 1316 οὕτως
2397 1252 2518 1307 ἐστὶ
2543 1251 2638 1306 καὶ
2665 1251 2726 1306 τὸ
2765 1251 2976 1306 κελλίον
3017 1250 3188 1306 αὑτοῦ
3221 1251 3498 1324 καθαρόν·
3531 1251 3627 1305 καὶ
3652 1250 3787 1321 πρὸς

2198 1344 2299 1414 τὴν
2328 1345 2666 1399 κατάστασιν
2704 1345 2803 1416 τῆς
2830 1345 3011 1416 ψυχῆς
3037 1344 3205 1399 αὐτοῦ
3233 1345 3353 1399 ἔστι
3393 1345 3492 1398 καὶ
3537 1347 3572 1417 ἡ
3619 1345 3790 1398 κατά-

2202 1451 2394 1500 στασις
2422 1434 2515 1488 τοῦ
2543 1435 2756 1491 κελλίου
2777 1436 2968 1492 αὐτοῦ.
3001 1437 3114 1492 Καὶ
3153 1433 3412 1492 οὐδέποτε
3455 1435 3613 1504 ἔλεγε
3662 1437 3788 1506 πρε

2199 1543 2363 1591 τινος,
2393 1527 2474 1582 ὅτι
2501 1521 2656 1594 οὗτος
2684 1527 3048 1600 άσύστροφος,
3076 1528 3110 1601 ἢ
3141 1521 3296 1593 οὗτος
3321 1528 3601 1600 πᾶρπερος
3619 1545 3634 1559 ο
3664 1527 3792 1586 ἀλλ’

2200 1617 2266 1670 ὲκ
2306 1617 2408 1690 τῆς
2453 1617 2626 1690 καλῆς
2654 1618 2822 1675 αὐτοῦ
2852 1620 3262 1686 καταστάσεως,
3301 1617 3508 1690 ὠφελεῖ
3534 1618 3650 1674 τὸδ’
3684 1619 3795 1676 dum

2201 1708 2457 1767 ἑκάστου.
2475 1711 2534 1764 '0
2564 1711 2696 1776 Θεὸς
2724 1711 2754 1765 ὁ
2788 1712 2992 1782 άγαθδς
3025 1713 3138 1785 δῴη
3162 1715 3296 1784 ἡμῖν
3327 1711 3499 1785 καλὴν
3525 1714 3798 1771 κατάστα-

2205 1816 2310 1867 σιν,
2343 1799 2427 1855 ἵνα
2456 1801 2759 1872 δυναίμεθα
2787 1803 2885 1857 καὶ
2912 1804 3075 1874 ἡμεῖς
3104 1804 3216 1857 ἀπὸ
3241 1803 3474 1858 ἑκάστου
3504 1803 3798 1876 ὠφεληθῆ-

2202 1907 2314 1955 ναι,
2354 1890 2448 1944 καὶ
2483 1891 2756 1964 μηδέποτε
2787 1893 2977 1964 νοῆσαι
3022 1891 3120 1964 τὴν
3167 1893 3370 1949 κακίαν
3402 1892 3498 1951 τοῦ
3536 1893 3796 1964 πλησίου.

2203 1982 2268 2037 Εἰ
2297 1981 2356 2036 δὲ
2395 1982 2489 2036 καὶ
2520 1984 2824 2056 νοήσωμεν,
2851 1984 2884 2056 ἢ
2913 1984 3010 2039 καὶ
3039 1985 3432 2056 ὑπονοήσωμεν
3460 1985 3526 2038 ὲκ
3555 1984 3659 2055 τῆς
3689 2001 3798 2038 κα-

2202 2072 2326 2138 κίας
2352 2074 2534 2145 ἡμῶν,
2556 2075 2758 2139 εὐθέως
2773 2075 3206 2148 ὑποστρέψωμεν
3233 2075 3324 2130 τὸν
3347 2075 3610 2146 λογισμὸν
3636 2077 3670 2146 ἡ
3679 2075 3800 2145 μῶν

2201 2167 2280 2230 είς
2327 2167 2708 2239 καλονοησίαν.
2742 2168 2816 2222 Τὸ
2843 2168 2954 2241 γὰρ
3000 2170 3076 2242 μὴ
3105 2169 3304 2224 ειδέναι
3333 2169 3435 2240 τὴν
3464 2169 3668 2225 κακίαν
3698 2168 3796 2227 τοῦ

2203 2259 2460 2330 πλησίου,
2493 2262 2670 2316 τίκτει
2718 2263 2817 2318 σὺν
2863 2263 2984 2334 Θεῷ
3017 2263 3332 2333 άγαθότητα
3379 2263 3447 2318 δι’
3477 2258 3546 2335 ἧς
3594 2263 3797 2335 εὐαρεο

2203 2353 2411 2406 στεῖται
2455 2356 2483 2410 ὁ
2529 2353 2684 2423 Θεὸς,
2717 2355 2799 2412 ὅτι
2845 2354 2996 2429 αὑτῷ
3037 2357 3070 2427 ἡ
3122 2356 3250 2424 δόξα
3281 2357 3364 2423 είς
3395 2357 3524 2424 τοὺς
3571 2357 3795 2421 αἰῶνας.

2215 2443 2407 2517 ’Δμήν.

2721 2747 3135 2802 ΔιΑΑΣκΑΑιΑ
3175 2724 3292 2806 iz'.

2201 2836 2360 2911 Πρὸς
2386 2837 2528 2911 τοὺς
2564 2837 2636 2911 ἐν
2651 2839 3085 2911 μοναστηριοις
3105 2839 3443 2911 ,ἐπιστάτας
3479 2839 3796 2911 mimor-

2272 2908 2398 2980 τὰς,
2418 2909 2548 2976 πῶς
2572 2908 2670 2980 δεῖ
2685 2909 3031 2980 ἐπιστατεῖν
3048 2909 3353 2980 ἀδελφῶν,
3381 2912 3482 2966 καί
3517 2908 3649 2978 πῶς
3675 2912 3797 2980 τοῖς

2273 2979 2711 3034 ἐπιστατοῦσαν·
2737 2979 3222 3036 ὑποτάσσεσθαι,

2275 3071 2355 3126 A'.
2391 3069 2520 3124 Ἐάν
2550 3065 2604 3124 εἴ
2643 3071 2890 3144 ἀδελφῶν
2937 3071 3258 3144 ἐπιστάτης,
3287 3072 3579 3145 φρόντισον
3619 3073 3798 3130 αὐτῶν

2204 3162 2264 3215 ὲν
2299 3162 2662 3235 στρυφνότητι
2707 3163 2936 3236 καρδίας
2983 3166 3078 3220 καὶ
3129 3165 3423 3240 σπλάχνοις
3462 3167 3753 3242 οἰκτιρμοῦ
3777 3185 3793 3201 ο

2204 3253 2478 3307 παιδεύων
2514 3254 2714 3319 αὐτοὺς
2757 3253 2906 3328 ἔργῳ
2960 3258 3059 3312 καὶ
3105 3257 3250 3330 λόγῳ
3303 3259 3372 3314 τά
3415 3261 3701 3333 πρακτέα,
3735 3261 3794 3314 τά

2203 3339 2376 3394 πλείω
2420 3340 2477 3394 δὲ
2517 3340 2598 3412 τῷ
2633 3342 2810 3415 ἔργῳο
2842 3344 3031 3417 ἐπειδὴ
3078 3345 3148 3401 τὰ
3192 3347 3567 3421 ὑποδείγματα
3601 3349 3801 3420 μᾶλλον

2204 3429 2572 3502 ἐνεργέστερά
2593 3434 2755 3487 είσιν.
2785 3434 2850 3488 Εί
2880 3434 2982 3506 μὲν
3011 3435 3165 3508 δύνῃ,
3197 3437 3292 3491 καὶ
3321 3438 3380 3492 ὲν
3411 3441 3526 3502 τοῖς
3555 3455 3801 3510 σωματι-

2205 3525 2323 3586 κοῖς
2345 3524 2536 3578 τυπῶν
2565 3525 2796 3590 αὐτούς·
2837 3529 2886 3582 εί
2931 3528 2989 3582 δὲ
3024 3529 3259 3602 ἀσθενὴς
3288 3527 3358 3599 εἷ,
3391 3535 3458 3605 τῇ
3492 3531 3595 3603 τῆς
3623 3533 3802 3604 ψυχῆς

2204 3614 2342 3688 καλῇ
2373 3619 2727 3685 καταστάσει,
2763 3620 2859 3674 καὶ
2894 3623 3006 3686 τοῖς
3029 3623 3179 3693 παρὰ
3206 3623 3283 3696 τῷ
3325 3625 3636 3698 ’Δποστόλῳ
3674 3627 3800 3696 ἠρι-

2203 3706 2508 3780 θμημένοις
2537 3713 2772 3783 καρποῖς
2800 3711 2893 3766 τοῦ
2920 3713 3240 3784 Πνεῦματος
3267 3717 3483 3789 ἀγάπῃ,
3520 3718 3799 3791 μακροθυ-

2207 3801 2330 3872 μίᾳ,
2355 3804 2523 3874 χαρᾷ,
2556 3805 2772 3877 εἰρήνῃ,
2807 3808 3160 3881 χρηστότητι,
3193 3809 3547 3882 ἀγαθωσύνῃ,
3590 3811 3797 3878 πίστει,

2203 3897 2498 3967 πραΰτητι,
2531 3898 2625 3952 καὶ
2665 3901 2732 3972 τῇ
2765 3902 2906 3955 κατὰ
2933 3902 3152 3956 πάντων
3201 3903 3314 3958 τῶν
3363 3905 3556 3961 παθῶν
3589 3907 3798 3981 ἐγκρα-

2201 3985 2344 4057 uia.
2360 3987 2484 4040 Ἐπὶ
2514 3987 2572 4041 δὲ
2597 3991 2710 4052 τοῖς
2737 3990 3096 4061 συμϐαίνουσι
3128 3993 3432 4064 σφάλμασι,
3466 3995 3544 4068 μὴ
3592 3996 3800 4066 σφόδρα

2201 4085 2522 4156 ἀγανάκτει,
2561 4086 2700 4143 ἀλλὰ
2727 4088 3021 4162 ἀταράχως
3047 4089 3259 4146 δείκνυε
3290 4092 3386 4146 καὶ
3433 4092 3537 4166 τὴν
3591 4092 3799 4166 βλάὸην

2201 4179 2301 4252 τὴν
2331 4179 2440 4234 ἀπὸ
2466 4178 2562 4233 τοῦ
2595 4179 2933 4252 σφάλματος,
2963 4181 3068 4236 κᾶν
3102 4182 3426 4259 ἐπιτιμῆσαι
3473 4183 3585 4241 δέοι
3628 4187 3799 4258 πρόσ-

2201 4287 2351 4326 ωπον
2373 4271 2557 4343 τηρῶν
2584 4273 2680 4326 καὶ
2703 4273 2896 4343 καιρὸν
2924 4273 3255 4344 ἐπιτήδειον.
3281 4275 3372 4348 Μὴ
3399 4275 3710 4350 άκριὸἀζου
3739 4276 3797 4330 δὲ

2205 4363 2342 4435 μηδὲ
2372 4363 2440 4420 τὰ
2481 4365 2652 4437 μικρὰ
2695 4365 3008 4436 σφάλματα,
3037 4366 3115 4430 ὡς
3158 4367 3566 4442 ἀκριϐοδίκαιος
3608 4370 3794 4434 αὐτὸς.

507 4433 618 4490 cati
653 4434 913 4489 damnum
947 4436 1198 4492 ostende.
1239 4435 1306 4490 Et
1335 4437 1382 4493 si
1412 4438 1784 4511 increpatione
1811 4458 1952 4514 opus
1981 4444 2097 4502 fue-

2207 4433 2342 4525 lmlat
2376 4433 2617 4527 συνέχῶξ
2658 4433 2884 4532 ἔλεγχε-ο
2933 4459 3189 4530 φορτικὸν
3220 4433 3331 4534 γὰρ
3360 4460 3541 4526 τοῦτο,
3573 4461 3673 4516 καὶ
3708 4433 3800 4515 διά

510 4525 604 4590 rit,
652 4539 810 4581 serva
839 4541 1154 4595 personam,
1184 4529 1407 4584 modum
1437 4539 1490 4586 et
1520 4541 1736 4603 tempus
1767 4550 2098 4606 congruum.

508 4610 694 4680 Neque
727 4613 781 4666 iu
811 4615 1009 4684 quovis
1051 4616 1215 4671 etiam
1253 4633 1424 4689 parvo
1451 4632 1636 4677 errato
1663 4639 1889 4681 severus
1935 4627 2102 4684 nimis

508 4717 635 4757 esse
669 4703 827 4769 velis,
875 4714 1134 4775 tanquam
1185 4722 1254 4764 ex
1305 4711 1519 4768 amussi
1570 4727 1765 4783 aequus
1810 4724 1866 4770 et
1913 4715 2100 4786 justus

510 4797 613 4858 sis,
660 4795 744 4851 vel
775 4796 958 4851 statim
990 4797 1255 4856 inclames
1281 4810 1337 4857 et
1367 4803 1770 4873 reprehendas:
1816 4807 1922 4864 hoc
1949 4810 2098 4865 enim

509 4888 654 4960 apud
682 4904 875 4945 omnes
905 4890 1192 4946 molestum
1225 4902 1280 4948 et
1315 4894 1514 4950 durum
1541 4912 1758 4968 semper
1789 4909 1899 4965 est,
1941 4911 1996 4957 et
2030 4917 2098 4958 ex

508 4979 908 5035 consuetudine
933 4979 1038 5036 bac
1065 4983 1501 5052 reprehendendi
1533 4997 1585 5042 et
1615 4986 1953 5058 increpandi,
1985 4993 2098 5062 ple-

510 5085 745 5140 rumque
773 5071 957 5127 minus
985 5073 1218 5129 sentitur
1244 5075 1617 5145 reprehensio,
1646 5089 1700 5136 et
1726 5085 2102 5142 contemnitur

510 5185 906 5242 nonnunquam
935 5172 1031 5243 qui
1076 5175 1452 5245 reprehendit.
1501 5175 1688 5250 Neque
1720 5185 1954 5253 superbe
1995 5188 2101 5242 im-

512 5284 668 5343 peres
700 5282 796 5326 aut
831 5273 1252 5340 contumeliose,
1303 5276 1398 5333 sed
1430 5291 1554 5333 cum
1600 5280 1749 5336 omni
1786 5295 2104 5343 mansuetu-

589 5447 606 5486 ι
640 5445 762 5502 Gal.
794 5461 848 5512 v,
877 5445 970 5517 ss,
992 5448 1080 5506 εδ.

2201 4548 2302 4619 τῆς
2331 4549 2618 4621 συνηθείας
2646 4550 2741 4606 τοῦ
2775 4552 3023 4625 ἐλέγχου,
3045 4553 3128 4617 είς
3156 4553 3521 4627 ἀναισθησίαν
3547 4557 3677 4625 ἄγει
3704 4556 3798 4608 καὶ

2201 4641 2646 4714 καταφρόνησιν·
2691 4643 2767 4717 μὴ
2802 4645 3222 4716 προστακτικῶς
3267 4645 3604 4713 ἐπιτάσσων,
3659 4646 3800 4700 ἀλλὰ

2205 4737 2345 4809 μετά
2371 4738 2755 4803 ταπεινώσεως
2787 4740 3291 4814 συμϐουλευόμενος
3326 4741 3469 4813 μετὰ
3495 4741 3594 4796 τοῦ
3640 4741 3801 4798 άόελσ

2202 4829 2339 4900 φοῦ’
2389 4831 2793 4904 προτρεπτικὸς
2835 4832 2946 4906 γὰρ
2988 4826 3142 4898 οὗτος
3173 4835 3202 4887 ὁ
3239 4833 3398 4903 λόγος
3425 4834 3666 4904 γίνεται,
3706 4837 3800 4890 καὶ

2202 4923 2378 4978 πείθει
2413 4923 2616 4995 μᾶλλον
2664 4925 2762 4979 καὶ
2805 4925 2897 4979 τὸν
2942 4926 3170 4998 πλησίον
3195 4927 3489 4992 ἀναπαύει,
3519 4930 3578 4981 ἐν
3613 4929 3800 5001 καιρῴ

2200 5013 2258 5066 δὲ
2287 5016 2532 5086 ταραχῆς
2568 5015 2798 5089 ἀδελφοῦ
2848 5033 2931 5070 σοι
2975 5017 3396 5090 άνθισταμένου,
3431 5019 3676 5090 φύλαξον
3705 5022 3800 5092 τὴν

2200 5103 2456 5172 γλῶσσάν
2491 5122 2586 5160 σου
2619 5107 2695 5180 μὴ
2721 5107 2957 5175 λαλῆσαί
2990 5110 3124 5164 τιτὸ
3151 5111 3371 5166 σύνολον
3399 5113 3457 5165 ὲν
3492 5115 3662 5186 ὀργῇ,
3709 5116 3803 5170 καὶ

2203 5194 2279 5266 μὴ
2329 5197 2498 5270 ἐάσῃς
2543 5199 2642 5272 τὴν
2693 5200 2922 5272 καρδίαν
2965 5219 3058 5256 σου
3092 5203 3399 5276 ἐπαρθῆναι
3431 5206 3553 5260 κατ’
3585 5207 3797 5262 αὑτοῦ·

2201 5287 2337 5343 ἀλλὰ
2361 5290 2631 5362 μνήσθητι
2655 5292 2735 5347 ὃτι
2754 5295 2783 5348 ό
2809 5293 3039 5365 ἀδελφός
3063 5313 3153 5350 σου
3177 5296 3272 5351 καὶ
3293 5297 3458 5369 μέλος
3484 5300 3542 5353 ἐν
3570 5297 3803 5372 Χριστῷ

1822 5624 2058 5685 VARUS
2095 5631 2502 5694 LECTIONES.

582 5763 630 5799 “
645 5763 948 5833 ὠφελείτω,
