4062 6452
333 379 467 447 1801

1624 340 1633 349 “
1676 366 2062 428 DOCTRINA
2125 365 2313 428 XVII.

3493 325 3655 425 1302'

329 498 424 556 καὶ
452 497 618 554 είκὼν
646 493 784 551 Θεοῦ
810 491 1232 565 ἐπηρεαζομένη
1256 487 1361 544 ὑπὸ
1392 486 1485 542 τοῦ
1515 486 1697 541 κοινοῦ
1728 482 1924 558 ἐχθροῦ

2043 484 2160 538 ιΙῘηθ
2200 496 2327 537 cum
2384 478 2552 535 fratre
2583 478 2836 536 consulta
2887 483 3116 534 :movet
3152 476 3298 533 enim
3349 476 3524 549 niagis
3574 489 3632 534 et

330 591 510 663 ἡμῶν,
546 589 641 645 καὶ
687 583 1119 657 σπλαγχνίσθητι
1149 583 1235 636 ἐπ’
1268 582 1430 652 αὐτῇ,
1466 580 1541 651 μή
1578 595 1697 641 πως
1726 579 1928 647 αἰχμαο

328 680 562 744 λωτίσας
598 678 768 750 αὐτὴν
798 679 827 731 ὁ
857 673 1101 738 διάϐολος
1144 670 1254 726 ἀπὸ
1301 670 1401 741 τῆς
1447 666 1664 739 πληγῆς
1693 665 1785 721 τοῦ
1833 664 1927 718 θυ-

333 771 458 843 μοῦ,
491 766 779 839 θανατὼσῃ
812 768 893 829 είς
921 762 1314 836 μνησικακίας,
1344 760 1439 813 καὶ
1471 756 1925 827 ἀπολεῖταιψυχὴ

331 863 393 927 ἐξ
445 858 777 932 άπροσεξίας
824 856 984 929 ήμῶν
1036 854 1180 924 ὑπὲρ
1228 847 1297 924 ἧς
1350 850 1587 922 Χριστὸς
1645 847 1924 901 ἀπέθανε’

336 953 609 1026 μνήσθητι
636 952 693 1005 δὲ
723 952 803 1004 ὅτι
828 950 925 1004 καὶ
959 948 1025 1002 σὺ
1073 946 1365 1000 ὑπόκεισαι
1390 943 1469 1014 τῷ
1499 942 1651 1014 αὐτῷ
1698 941 1928 1012 κρίματι

331 1045 431 1114 τῆς
477 1044 670 1116 ὀργῆς,
701 1042 798 1095 καὶ
842 1042 908 1093 ἐκ
957 1040 1057 1110 σῆς
1102 1037 1385 1101 ἀσθενείας
1439 1036 1803 1106 συμπάθησον
1851 1033 1930 1105 τῷ

333 1133 547 1203 ἀδελφῷ
576 1150 692 1197 σου,
717 1132 814 1186 καὶ¹
837 1130 1153 1201 εὐχαρίστει
1184 1129 1265 1181 ὅτι
1291 1118 1451 1198 εὗρες
1476 1125 1732 1196 ἀφορμὴν
1761 1124 1841 1186 εἰς
1868 1124 1951 1177 τὸ’

336 1226 712 1296 συγχωρῆσαι,
742 1223 828 1276 ἵνα
856 1223 949 1275 καὶ
973 1222 1036 1275 σὺ
1059 1222 1130 1274 τά
1160 1220 1383 1292 μείζονα
1410 1218 1503 1271 καὶ
1521 1217 1751 1270 πλείονα
1778 1216 1933 1287 παρὰ

333 1316 429 1371 τοῦ
463 1314 600 1369 Θεοῦ
635 1311 1238 1384 συγχωρηθῇς.Ἄφετε
1274 1307 1407 1380 γὰρ,
1437 1306 1538 1361 καὶ
1562 1307 1931 1375 ἀφεθήσεται

334 1407 500 1478 ὑμῖν.
530 1406 692 1460 Ἀλλὰ
724 1404 968 1475 νομίζεις
996 1401 1334 1474 βλάπτεσθαι
1367 1399 1460 1453 τὸν
1492 1399 1717 1468 ἀδελφόν
1751 1412 1845 1450 σου
1870 1400 1935 1450 ἐκ

334 1505 433 1573 τῆς
465 1504 563 1574 σῆς
597 1500 1015 1573 μακροθυμίας;
1057 1492 1171 1552 dli?
1198 1500 1226 1551 ὁ
1269 1495 1592 1556 Ἀπόστολος
1618 1492 1935 1564 παραγγέλ-

2033 574 2308 630 ellicacior
2340 572 2407 628 ad
2438 571 2875 645 persuadendum
2912 585 3097 627 sermo
3140 569 3545 640 hujuscemodi,
3576 584 3631 626 et

2037 665 2285 720 turbatos
2311 664 2529 718 animos
2558 664 2732 717 sedat.
2771 662 2830 717 In
2868 672 3115 731 tempore
3145 670 3328 715 autem
3375 658 3633 716 fraternzu

2036 755 2367 812 turbationis
2396 757 2444 812 si
2483 764 2674 812 contra
2706 754 2921 823 nititur,
2954 763 3012 809 tu
3052 754 3294 824 linguam
3342 762 3493 808 tuam
3537 769 3634 809 co-

2039 852 2165 906 bibe
2193 859 2248 906 et
2272 850 2580 915 moderare,
2615 865 2683 904 ne
2710 849 2840 920 quid
2871 848 3106 905 fortasse
3132 847 3409 919 perditum
3437 847 3636 918 loqua-

2038 955 2131 1000 tur
2172 943 2334 1009 irata,
2380 958 2559 1013 neque
2587 943 2739 998 sinas
2769 940 2948 997 efferri
2996 956 3091 998 cor
3140 949 3295 997 tuum
3340 940 3395 997 in
3430 941 3633 1012 ipsum.

2043 1036 2151 1092 Sed
2185 1037 2504 1091 memineris
2537 1035 2762 1091 fratrem
2804 1044 2957 1089 tuum
2991 1050 3114 1091 esse
3141 1043 3197 1090 et
3231 1035 3539 1091 membrum
3581 1036 3636 1090 in

2042 1129 2297 1197 Domino,
2329 1137 2384 1183 et
2410 1129 2706 1198 imaginem
2738 1127 2830 1184 Dei
2856 1130 2926 1185 ab
2945 1128 3104 1184 hoste
3132 1132 3634 1214 nostroyommuni

2042 1231 2308 1279 tentatam
2338 1231 2393 1277 et
2420 1230 2800 1293 provocatam,
2829 1221 3076 1291 velisque
3105 1221 3283 1292 potius
3314 1222 3368 1277 in
3397 1236 3461 1277 ea
3485 1237 3645 1277 man-

2043 1328 2300 1371 suescere
2327 1353 2341 1378 ,
2391 1312 2730 1383 benignitate
2777 1326 2904 1383 erga
2938 1326 3060 1366 eam
3111 1313 3191 1367 uti
3243 1313 3429 1382 potius
3471 1328 3637 1384 quam

2038 1408 2252 1472 saevire,
2288 1420 2359 1461 ne
2391 1406 2663 1475 captivam
2700 1404 2849 1458 illam
2878 1414 3004 1476 agat
3035 1405 3288 1461 diabolus
3316 1421 3381 1462 ex
3410 1406 3640 1461 vulnere

2035 1497 2537 1558 excandescentia,
2602 1503 2658 1550 et
2708 1502 2887 1550 morte
2932 1493 3131 1548 afﬁciat
3176 1496 3526 1565 postmodum
3581 1495 3637 1550 in

335 1596 440 1664 λει,
462 1598 617 1668 νικᾷν
646 1599 703 1650 ἐν
724 1593 803 1666 τῷ
831 1593 1021 1664 ἀγαθῷ
1041 1592 1105 1646 τὸ
1130 1590 1320 1657 κακὸν,
1346 1591 1440 1643 καὶ
1467 1589 1567 1641 οὐκ
1592 1589 1650 1640 ἐν
1679 1585 1757 1657 τῷ
1780 1583 1937 1655 κακῷ

2043 1589 2267 1644 vulnere
2297 1588 2616 1651 iracundiae,
2655 1586 2846 1657 sicque
2875 1595 3063 1657 pereat
3092 1588 3276 1643 anima
3313 1588 3638 1658 negligentia

335 1685 400 1741 τὸ
423 1686 650 1754 ἀγαθόν.
2038 1689 2249 1744 nostra,
2276 1694 2381 1749 pro
2411 1694 2519 1749 qua
2570 1687 2825 1733 mortuus
2872 1686 2958 1733 est
2998 1677 3274 1735 Christus.
3327 1676 3643 1734 Memineris

336 1781 502 1836 etiam
534 1778 710 1834 eidem
737 1776 947 1848 judicio
974 1775 1069 1830 irae
1135 1782 1187 1829 te
1251 1772 1481 1829 subesse
1507 1789 1522 1827 :
1577 1781 1632 1828 et
1672 1787 1736 1827 ex
1791 1770 2009 1843 propria
2050 1769 2366 1825 inﬁrmitate
2397 1770 2551 1825 fratri
2581 1779 2675 1825 tuo
2704 1778 3039 1840 compatere,
3065 1778 3119 1825 et
3141 1785 3241 1842 age
3267 1772 3472 1843 gratias
3496 1774 3641 1843 quod

338 1873 574 1929 facultas
602 1871 696 1926 tibi
727 1872 854 1926 data
883 1870 957 1924 sit
982 1868 1325 1938 ignoscendi,
1351 1876 1415 1922 ut
1440 1867 1540 1922 tibi
1569 1878 1756 1937 postea
1783 1869 1937 1936 plura
1977 1874 2031 1920 et
2059 1864 2274 1935 majora
2334 1866 2693 1936 ignoscantur
2720 1873 2775 1920 et
2802 1864 3151 1920 dimittantur
3177 1880 3208 1919 a
3234 1864 3346 1922 Deo
3397 1884 3410 1921 :
3444 1865 3644 1920 Dimit-

338 1966 436 2022 tite
462 1965 632 2028 enim,
677 1964 776 2030 ait,
848 1973 899 2017 et
939 1962 1246 2016 dimittetur
1309 1960 1520 2017 robisi.
1554 1960 1691 2028 Quia
1727 1961 1770 2016 si
1805 1963 2015 2032 cogitas
2053 1975 2256 2016 nocere
2289 1959 2444 2015 fratri
2470 1960 2735 2032 patientia
2768 1968 2823 2015 et
2850 1959 3156 2014 constantia
3188 1969 3300 2028 tua,
3326 1960 3642 2019 memineris

333 2064 406 2121 ab
446 2060 714 2132 Apostolo
743 2059 953 2116 dictum
973 2059 1027 2126 κ,
1066 2068 1125 2113 ut
1153 2059 1296 2115 bono
1326 2058 1533 2114 malum
1568 2058 1782 2123 vincas,
1825 2072 1937 2112 non
1974 2057 2122 2113 malo
2165 2057 2394 2116 bonum.
2455 2105 2460 2110 .

407 2230 487 2286 Β.
524 2231 640 2285 Καὶ
666 2229 715 2282 οἱ
749 2227 987 2301 Πατέρες
1012 2222 1070 2283 δέ
1104 2229 1383 2298 λέγουσιν·
1427 2229 1556 2284 Ἐὰν
1594 2228 1767 2300 ἐτέρρ
1812 2230 1935 2284 ἐπι-

2062 2304 2067 2309 .
2108 2229 2172 2285 ll.
2214 2228 2453 2285 Aiebant
2484 2242 2669 2284 autem
2703 2242 2942 2299 majores
2969 2242 3024 2288 et
3052 2226 3244 2283 Patres
3270 2227 3465 2294 nosti,
3496 2230 3642 2300 quod

332 2324 514 2394 τιμῶν
560 2323 641 2385 είς
678 2321 857 2393 ὀργὴν
889 2321 1143 2393 κινηθῇς,
1184 2321 1315 2376 ἴδιον
1368 2321 1543 2384 πάθος
1584 2319 1934 2391 ἐπλήρωσας,

335 2412 436 2470 καὶ
471 2411 647 2474 οὐδεὶς
681 2411 900 2475 συνετὸς
948 2411 1066 2465 λύει
1113 2410 1215 2482 τὴν
1257 2409 1455 2465 ἐαυτοῦ
1480 2411 1685 2478 οἰκίαν,
1714 2412 1800 2465 ἵνα
1838 2409 1937 2465 τοῦ

337 2504 568 2575 πλησίον
607 2502 1383 2576 οἱκοδομήσῃ.Ἐπιμενούσης
1424 2503 1483 2556 δέ
1518 2502 1620 2574 τῆς
1663 2502 1935 2575 ταραχῆς,

339 2593 525 2665 βίασαι
543 2595 642 2663 τὴν
660 2593 888 2664 καρδίαν
905 2610 1024 2658 σου,
1039 2593 1132 2647 καὶ
1148 2588 1304 2657 εὖξαι
1319 2592 1494 2660 λέγων
1509 2590 1703 2654 οὕτως·
1735 2590 1792 2644 '0
1806 2591 1942 2655 θεὸς

336 2691 369 2742 ὁ
399 2687 785 2759 φιλάνθρωπος
811 2688 905 2740 καὶ
936 2686 1252 2757 φιλόψυχος,
1287 2688 1316 2740 ὁ
1347 2688 1413 2756 τῇ
1443 2686 1635 2757 ἀφάτῳ
1681 2701 1776 2739 σου
1808 2685 1943 2754 ἀγα⁸

338 2779 528 2849 θότητι
560 2783 623 2832 ἐκ
650 2779 745 2833 τοῦ
778 2778 854 2850 μὴ
880 2779 1034 2842 ὅντος
1070 2781 1305 2849 ποιήσας
1336 2778 1487 2848 ἡμᾶς
1517 2778 1610 2831 ἐπὶ
1636 2776 1940 2849 μεταλήψει

337 2871 451 2926 τῶν
487 2872 594 2924 σῶν
625 2870 869 2940 ἀγαθῶν,
900 2871 994 2923 καὶ
1025 2871 1444 2942 ἁποστήσαντας
1476 2871 1629 2940 ἡμᾶς
1674 2871 1783 2926 ἀπὸ
1831 2872 1941 2928 τῶν

337 2963 574 3017 ἐντολῶν
605 2980 699 3017 σου
731 2962 1073 3026 ἀνακαλέσας
1093 2961 1184 3016 διὰ
1209 2960 1305 3015 τοῦ
1331 2961 1563 3033 αἵματος
1588 2960 1684 3014 τοῦ
1713 2978 1940 3033 μονογε-

338 3056 468 3122 νοῦς
501 3074 594 3111 σου
616 3056 749 3110 Υίοῦ
780 3056 1034 3128 Σωτῆρος
1062 3058 1094 3126 ή
1104 3055 1253 3126 μῶν·
1285 3055 1380 3109 καὶ
1405 3055 1501 3109 νῦν
1529 3054 1844 3126 παράστηθι
1870 3058 1937 3128 τῇ

339 3149 603 3221 ἀσθενείᾳ
659 3148 837 3220 ἡμῶν,
869 3149 966 3202 καὶ
1015 3147 1345 3219 ἐπιτίμησον
1372 3146 1564 3218 ὥσπερ
1594 3146 1725 3200 ποτὲ
1758 3164 1940 3218 κυμα-

338 3241 583 3312 τουλμένῃ
615 3242 681 3312 τῇ
714 3239 981 3311 Θαλάσσῃ,
1012 3237 1184 3303 οὕτως
1214 3238 1312 3293 νῦν
1335 3240 1402 3310 τῇ
1432 3241 1646 3310 ταραχῇ
1681 3239 1779 3309 τῆς
1802 3256 1939 3310 καρ-

338 3334 463 3398 δίας
492 3332 672 3406 ἡμῶν,
705 3334 800 3387 καὶ
842 3334 916 3404 μὴ
949 3331 1270 3403 ἀτεκνωθῇς
1305 3333 1364 3384 ἐν
1390 3331 1490 3402 μιᾷ
1519 3330 1640 3403 ὥρᾳ
1669 3330 1728 3395 ἐξ
1762 3331 1941 3400 ἀμφο-

337 3428 517 3497 τέρων
555 3428 588 3495 ἡ
598 3424 713 3496 μῶν
739 3425 1158 3479 θανατωθέντων
1181 3426 1248 3495 τῇ
1272 3422 1649 3495 ἁμαρτίᾳ,καὶ
1678 3421 1754 3493 μὴ
1779 3423 1942 3493 εἴπῃς

338 3521 509 3593 ἡμῖντ
545 3521 641 3585 Τίς
668 3519 924 3588 ὠφέλεια
951 3518 1021 3571 ἐν
1051 3516 1132 3583 τῷ
1156 3517 1362 3587 αἵματί
1383 3534 1525 3586 μου,
1557 3516 1630 3569 ἐν
1654 3514 1735 3579 τῷ
1767 3531 1944 3569 κατα-

2042 2322 2088 2378 si
2119 2322 2243 2393 quis
2270 2322 2503 2377 alterum
2536 2321 2833 2392 increpans
2860 2319 3230 2375 excandescat
3255 2327 3312 2375 et
3336 2320 3645 2376 concitetur

2042 2414 2097 2470 in
2127 2416 2289 2481 iram,
2322 2413 2706 2485 hujuscemodi
2739 2413 3018 2468 hominem
3053 2413 3243 2469 vitium
3273 2429 3435 2470 suum
3467 2415 3642 2483 palam

2042 2504 2285 2562 fecisse:
2336 2516 2391 2562 et
2427 2505 2640 2560 nullum
2672 2505 2767 2576 qui
2815 2504 2887 2560 sit
2929 2503 3197 2574 prudens,
3244 2505 3643 2562 dissoluturum

2042 2601 2385 2665 domicilium
2420 2615 2606 2667 suum,
2641 2612 2702 2655 ut
2739 2600 2872 2655 illud
2905 2600 3139 2671 proximi
3181 2600 3392 2657 reficiat
3423 2612 3479 2658 et
3522 2617 3644 2658 sar-

2042 2696 2170 2751 ciat.
2189 2695 2245 2751 Si
2266 2695 2561 2767 porrexerit
2587 2695 2826 2750 turbatio
2841 2703 2893 2749 et
2914 2695 3014 2763 ira,
3033 2694 3336 2766 comprime
3350 2703 3640 2765 cortuum,

2041 2788 2202 2861 45],
2239 2798 2296 2844 et
2336 2803 2432 2844 ora
2482 2789 2776 2844 Dominum
2822 2789 2874 2843 in
2909 2788 3025 2845 haec
3059 2789 3265 2845 verba:
3317 2789 3646 2848 Clementis-

2044 2882 2185 2938 sime
2216 2879 2360 2936 Deus
2387 2888 2443 2935 et
2474 2890 2688 2936 amator
2728 2879 3060 2946 animarum,
3112 2881 3207 2950 qui
3249 2880 3497 2937 bonitate
3550 2890 3645 2938 tua

2044 2972 2306 3028 ineffabili
2330 2987 2455 3039 nos,
2485 2988 2612 3035 cum
2642 2987 2750 3026 non
2778 2987 3050 3039 essemus,
3080 2971 3260 3029 fecisti
3283 2980 3345 3029 ut
3367 2988 3640 3041 essemus,

2043 3063 2462 3119 communicans
2492 3064 2780 3120 nobiscum
2812 3064 2957 3120 bona
2994 3074 3109 3131 tua,
3160 3065 3368 3136 quique
3416 3077 3641 3138 aposta-

2043 3162 2226 3210 tantes
2257 3156 2608 3225 postmodum
2641 3172 2670 3210 a
2703 3156 2993 3227 praeceptis
3037 3158 3147 3215 tuis
3195 3159 3468 3213 revocasti
3514 3174 3643 3230 pre-

2044 3248 2186 3304 tioso
2230 3249 2499 3319 sanguine
2525 3250 2792 3322 unigeniti
2829 3251 2951 3307 Filii
2990 3250 3067 3306 tui
3110 3249 3419 3307 Servatoris
3444 3252 3642 3318 nostri;

2042 3345 2098 3391 et
2125 3352 2271 3392 nunc
2299 3338 2533 3394 obsecro
2565 3339 2761 3395 adesse
2797 3339 3043 3410 digneris
3072 3339 3376 3395 infirmitati
3412 3347 3641 3398 nostrae.

2044 3434 2102 3480 et
2126 3437 2189 3480 ut
2215 3426 2492 3495 quondam
2519 3429 2772 3483 aestuanti
2807 3429 3022 3501 pelago,
3058 3431 3141 3484 sic
3169 3444 3319 3484 nunc
3347 3428 3645 3486 turbationi

2045 3518 2228 3574 cordis
2276 3520 2451 3574 nostri
2504 3519 2736 3590 impera,
2791 3536 2893 3576 nec
2935 3522 3075 3577 velis
3125 3522 3315 3577 eodem
3366 3531 3647 3578 momento

343 3586 570 3667 dolrem
579 3628 656 3681 με
679 3586 768 3677 είς
782 3609 1076 3680 διαφοράν
1093 3609 1137 3642 ⁸³
1159 3618 1175 3677 ;
1206 3586 1315 3662 Καί
1333 3624 1348 3639 ο
1383 3607 1572 3678 Ἀμὴν
1590 3606 1748 3676 λέγω
1772 3608 1938 3675 ἡμῖν,

2047 3608 2234 3664 orbari
2264 3610 2482 3666 duobus
2515 3586 2663 3677 filiis,
2698 3611 2793 3682 qui
2830 3621 3007 3667 morte
3046 3613 3259 3683 peccati
3311 3612 3642 3669 afﬁciuntur.

344 3704 458 3757 οὐκ
513 3695 648 3756 οἶδα
694 3699 871 3770 ὑμᾶς,
920 3700 1008 3753 διὰ
1054 3700 1116 3754 τὸ
1162 3698 1457 3771 σϐεσθῆναι
1506 3699 1605 3761 τὰς
1649 3697 1939 3768 λαμπάδας

347 3793 502 3863 ὑμῶν
540 3792 723 3845 ἐλαίου
741 3778 1055 3859 ’λείψαντοφ
1093 3791 1203 3843 Καὶ
1236 3789 1376 3860 μετὰ
1406 3788 1505 3859 τὴν
1539 3788 1703 3860 εὐχὴν
1737 3789 1943 3862 ταύτην

347 3882 720 3953 πραῦνθείσης
749 3897 864 3932 σου.
885 3882 986 3951 τῆς
1017 3880 1264 3950 καρδίας,
1291 3880 1515 3935 δύνασαι
1564 3880 1750 3935 λοιπὸν
1804 3882 1943 3952 μετὰ

350 3975 620 4037 συνέσεως
646 3971 895 4043 καρδίας,
919 3970 1060 4024 κατὰ
1085 3972 1146 4024 τὸ
1169 3971 1532 4025 άποστολικὸν
1568 3972 1944 4044 παράγγελμα

348 4065 567 4135 ἐλέγξαι
608 4065 704 4119 καὶ
755 4065 1102 4134 ἐπιτιμῆσαι,
1133 4062 1229 4117 καὶ
1279 4063 1425 4135 μετὰ
1470 4064 1840 4135 συμπαθείας,
1867 4066 1944 4129 ὡς

326 4156 516 4229 ’μέλος
564 4153 791 4219 ἀσθενὲς
839 4146 1178 4223 θεραπεῦσαι
1208 4154 1306 4209 καὶ
1350 4155 1772 4227 διορθώσασθαι.
1807 4158 1943 4213 Τότε

349 4250 459 4322 γὰρ
489 4249 582 4301 καὶ
616 4249 644 4300 ὁ
676 4246 903 4316 ἁδελφὸς
949 4246 1306 4316 καταδέχεται
1339 4247 1440 4318 τὴν
1485 4247 1769 4320 διόρθωσιν
1806 4252 1944 4321 μετὰ

350 4342 747 4415 πληροφορίας,
779 4340 1087 4410 καταγνοὺς
1113 4338 1310 4393 ἑαυτοῦ
1345 4341 1440 4394 ἐπὶ
1468 4344 1534 4413 τῇ
1569 4342 1939 4415 σκληρότητι·

350 4438 447 4491 καὶ
463 4435 660 4506 διὰτῆς
677 4431 1251 4507 είρήνηςείρηνεύσεις
1267 4432 1366 4504 τὴν
1379 4434 1544 4487 αὐτοῦ
1562 4434 1808 4507 καρδίαν.
1824 4438 1914 4509 Μη
1929 4468 1947 4478 --

349 4529 439 4584 δέν
457 4529 638 4584 τοίνυν
658 4527 941 4600 χωριζέτω
962 4544 1020 4579 σε
1032 4526 1132 4596 τῆς
1156 4525 1316 4595 ἁγίας
1336 4527 1430 4579 τοῦ
1449 4528 1688 4598 Χριστοῦ
1710 4530 1946 4601 παραδὸ-

353 4640 490 4685 σεως
506 4641 520 4654 ο
547 4621 780 4677 Μάθετε
802 4619 904 4675 ἀπ’
922 4618 1070 4689 ἐμοῦ
1090 4619 1180 4672 ὅτι
1195 4617 1387 4687 πρᾶός
1404 4624 1519 4690 ειμι
1542 4619 1641 4675 καὶ
1666 4615 1946 4688 ταπειίθὸς

348 4714 427 4784 τῇ
457 4713 690 4783 καρδίᾳ.
709 4712 1118 4783 Ἐπιμελεϊσθαι
1147 4711 1258 4783 γὰρ
1285 4711 1393 4782 χρὴ
1424 4711 1640 4784 πρῶτον
1661 4714 1947 4785 εἰρηνικῆς

350 4805 766 4868 καταστάσεως,
785 4804 927 4858 ὥστε
959 4804 1096 4875 μηδέ
1134 4805 1226 4857 ἐπὶ
1244 4803 1482 4868 δικαίαις
1523 4805 1882 4877 προφάσεσιν,
1911 4807 1944 4877 ἢ

350 4897 572 4969 ἐντολῆς
589 4896 751 4968 δῆθεν
768 4897 929 4968 χάριν
946 4897 1048 4968 τὴν
1068 4898 1298 4970 καρδίαν
1319 4897 1527 4965 θολοῦν,
1543 4899 1945 4970 πεπεισμένους

2043 3699 2125 3757 Ne
2150 3701 2303 3758 dicas
2335 3704 2495 3760 nobis
2523 3723 2536 3758 :
2569 3705 2705 3773 Qua:
2732 3705 2943 3760 utilitas
2974 3706 3029 3760 in
3057 3707 3318 3777 sanguine
3346 3724 3483 3773 meo,
3517 3708 3644 3762 dum

2045 3794 2302 3850 descendo
2335 3797 2390 3850 in
2440 3796 2897 3867 corruptionem‘?
2954 3797 3021 3852 Et
3057 3815 3072 3853 ι
3110 3798 3275 3853 Amen
3324 3800 3444 3854 dico
3476 3799 3641 3866 vobis,

2046 3888 2220 3943 nescio
2254 3900 2429 3946 vosn:
2467 3890 2536 3945 ob
2560 3890 2841 3961 lampades
2866 3890 3075 3945 scilicet
3104 3899 3318 3947 vestras
3341 3891 3645 3949 exstinctas

2046 3981 2170 4037 oleo
2208 3981 2515 4039 deﬁciente.
2565 3985 2697 4040 Post
2738 3984 3118 4054 hujuscemodi
3159 3986 3464 4042 orationem
3510 3988 3645 4044 red-

2043 4083 2208 4130 eunte
2252 4076 2647 4147 tranquillitate
2696 4086 2752 4133 et
2802 4084 3225 4134 mansuescente
3274 4078 3441 4136 corde
3484 4088 3644 4152 potes

2046 4167 2307 4238 deinceps
2340 4184 2467 4224 cum
2499 4169 2789 4241 prudentia
2824 4179 2882 4227 et
2908 4170 3221 4226 humilitate
3250 4171 3460 4241 cordis,
3485 4172 3643 4240 juxta

2045 4270 2379 4331 praeceptum
2415 4263 2778 4332 apostolicum
2799 4273 2827 4302 ι’
2867 4279 3119 4335 arguere,
3147 4265 3456 4336 increpare,
3487 4264 3648 4323 obse-

2046 4366 2222 4419 crare,
2254 4362 2309 4407 et
2338 4368 2464 4408 cum
2500 4354 2876 4411 misericordia
2914 4365 2976 4410 ut
3012 4355 3291 4411 infirmum
3329 4357 3643 4413 membrum

2047 4458 2243 4498 curare
2271 4455 2325 4498 et
2351 4444 2585 4516 erigere.
2615 4444 2769 4500 Tunc
2792 4446 2938 4500 enim
2967 4456 3022 4500 et
3044 4444 3214 4503 frater
3240 4448 3644 4519 correptionem

2049 4539 2197 4585 tuam
2231 4531 2484 4587 admittet
2517 4548 2644 4588 cum
2676 4532 2876 4589 fiducia
2911 4544 2961 4588 ct
2996 4535 3356 4605 persuasione
3388 4544 3562 4606 certa,
3595 4547 3650 4592 et

2049 4623 2290 4693 seipsum
2324 4640 2448 4679 cum
2479 4626 2775 4695 asperitate
2808 4636 3087 4697 coarguct,
3137 4627 3329 4697 sicque
3375 4644 3512 4698 pace
3555 4637 3644 4685 tua

2048 4728 2235 4784 pacem
2267 4714 2424 4770 dabis
2449 4713 2605 4770 fratri
2632 4727 2686 4771 et
2708 4732 2807 4771 cor
2826 4716 2943 4783 ejus
2968 4717 3322 4774 exbilarabis.
3349 4717 3644 4790 Nunquam

2036 4824 2078 4900 ξι
2108 4817 2161 4862 te
2189 4807 2657 4900 discedatsancta
2685 4809 2775 4864 illa
2814 4811 3022 4867 Christi
3055 4811 3306 4866 doctrina
3335 4830 3350 4868 :
3381 4810 3586 4867 Discite
3612 4829 3645 4865 α

2051 4899 2131 4953 me
2179 4901 2307 4969 quia
2340 4899 2486 4953 mitis
2513 4916 2631 4953 sum
2660 4910 2710 4955 et
2740 4901 2958 4955 humilis
2990 4904 3147 4957 corde
3167 4911 3215 4957 θ.
3251 4901 3310 4958 In
3340 4902 3642 4973 primisque

348 4989 428 5055 ὡς
458 4990 639 5053 πάσας
659 4989 755 5053 τὰς
777 4989 996 5054 ἐντολὰς
1023 4991 1418 5062 ἐπιτηδεύομεν
1446 4992 1668 5062 ἀγάπης
1686 4992 1851 5047 ἕνεκα
1870 5006 1939 5047 κα

2051 4990 2146 5046 tibi
2178 4989 2283 5059 ipsi
2314 5004 2553 5059 procura
2603 4991 2850 5061 quietum
2893 4998 3095 5049 statum
3141 5001 3197 5049 et
3227 4993 3537 5064 paciﬁcum,
3584 5000 3645 5074 ut

348 5083 455 5153 τῆς
480 5083 856 5156 καθαρότητος
875 5083 975 5152 τῆς
1000 5083 1250 5151 καρδίας
1278 5082 1421 5138 οὕτω
1439 5084 1532 5139 τὸν
1553 5084 1785 5154 ἀδελφὺν
1813 5083 1945 5138 διοι-

352 5175 491 5246 κῶν,
520 5176 774 5241 ἁκούσεις
815 5174 914 5246 τῆς
952 5173 1219 5244 λεγούσης
1262 5175 1479 5247 φωνῆς’
1538 5175 1682 5231 Ἐὰν
1728 5174 1943 5246 ἐξαγά-

2050 5083 2260 5139 scilicet
2291 5098 2573 5154 nunquam
2604 5099 2713 5140 non
2738 5085 2907 5154 justis
2940 5086 3345 5152 occasionibus,
3392 5100 3505 5141 non
3538 5084 3645 5140 im-

2052 5175 2275 5246 perandi
2323 5176 2538 5244 gratia,
2588 5176 2887 5248 aliquando
2936 5179 2991 5233 in
3046 5177 3411 5235 turbationem
3459 5174 3643 5233 cordis

428 5310 830 5399 tLuc.VI,37.
908 5329 1121 5385 ἰΙὶοιτι.
1183 5344 1300 5395 xu,
1341 5328 1430 5384 ει.
1518 5328 1715 5386 ιΡεειΙ.
1789 5346 1943 5395 xxix,
1984 5329 2073 5384 9.0.
2155 5329 2419 5386 mMatth.
2485 5347 2610 5397 xxv,
2664 5331 2751 5387 15.
2828 5330 3058 5388 IlGalat.
3100 5347 3177 5398 vr,
3245 5349 3284 5388 ι.
3362 5340 3388 5369 ο
3448 5330 3640 5391 Matth.

351 5424 432 5474 ιι,
479 5405 566 5460 29.

1666 5607 1751 5661 VA
1763 5607 1901 5664 ΜΕ
1925 5607 2332 5667 LECTIONES.

430 5752 475 5787 “
502 5726 820 5821 διαφθοράν.

645 5928 919 5990 Ριτιιοι..
962 5924 1079 5989 Gn.
1110 5925 1313 5988 LXXX
1328 5924 1487 6003 Vill,

3194 5932 3271 5999 57
