4062 6424
440 393 595 461 έ1803
1653 395 1709 453 S.
1768 393 2034 454 DOROT.

2141 395 2166 455 ι
2215 398 2536 457 ABBATIS
2719 480 2724 483 η
3601 404 3718 470 tsot

456 526 784 594 inducaris;
847 527 942 584 sed
994 528 1199 598 impera
1263 527 1446 582 omnia
1475 527 1668 584 ellertu
1733 529 2017 584 eharitatis

2136 555 2277 605 ,γῃς
2331 535 2528 604 τίμιον
2578 532 2647 598 ἐξ
2685 533 2962 600 ἀναξίου,

3093 556 3124 600 ς
3183 533 3377 603 στόμα
3429 550 3549 602 μου
3596 539 3719 606 ἔσῃ.

455 621 683 688 amor-is,
736 621 1129 678 benevolentia:
1182 631 1236 677 et
1293 621 1576 675 munditiae
1643 621 1813 676 animi
1881 637 2070 682 causa.
2113 629 2204 684 Sic
2244 630 2466 684 fratrem
2502 627 2794 683 aedificabis
2835 639 2889 682 et
2931 629 3191 693 instrves,
3249 637 3310 683 ει·
3346 629 3541 684 audies
3587 641 3722 698 post-

457 715 678 771 modum
706 731 826 771 eam
859 731 1043 772 vocem
1071 731 1191 786 quae
1212 715 1319 771 ait:
1347 714 1408 770 Si
1435 717 1728 770 extraxeris
1757 717 2041 782 pretiosum
2072 724 2138 776 ab
2169 725 2459 792 immundo,
2490 736 2545 778 ut
2574 741 2633 780 os
2664 741 2838 779 meum
2877 726 2983 779 eris
3007 735 3056 780 ιο.

511 806 614 862 ξω.
659 809 717 865 Si
748 817 928 864 autem
966 807 1136 864 fueris
1169 809 1274 864 sub
1325 808 1634 864 obedientia
1684 809 1932 877 alterius,
1987 820 2044 867 tu

433 915 739 970 .znunquam
767 900 918 956 cordi
953 909 1048 956 tuo
1082 901 1276 957 credas
1307 919 1321 955 :
1360 903 1656 958 exercearis
1689 903 1834 958 enim
1871 918 1901 958 a
1930 903 2043 974 pri-

433 991 614 1048 stinis
671 991 1072 1048 affectionibus.
1145 992 1333 1064 Neque
1388 995 1684 1066 aliquando
1743 997 2044 1054 secundum

447 1086 718 1154 judicium
746 1084 827 1142 vel
854 1086 1140 1142 scientiam
1172 1095 1321 1142 tuam
1352 1096 1404 1143 te
1433 1088 1613 1160 ipsum
1643 1088 1696 1143 in
1735 1089 1918 1161 aliquo
1958 1091 2045 1148 in-

370 1180 376 1185 '
437 1177 668 1245 .stituas,
691 1187 785 1234 aut
805 1179 1109 1234 constituas
1137 1179 1420 1250 quidpiam
1446 1182 1592 1252 apud
1621 1190 1672 1238 te
1700 1182 1906 1254 absque
1931 1199 2046 1239 mac

442 1274 628 1343 jorum
679 1275 1079 1331 consultatione
1125 1285 1180 1331 et
1228 1279 1523 1346 sententia,
1577 1294 1712 1336 neve
1760 1282 2044 1342 existimes

447 1373 541 1420 aut
564 1376 720 1437 putes
746 1367 1155 1422 rationabiliora
1185 1377 1238 1423 et
1261 1369 1496 1440 justiora
1521 1386 1642 1428 esse
1662 1389 1782 1442 quae
1808 1374 2038 1446 cogitas,

439 1473 612 1528 quam
643 1473 767 1528 quae
803 1468 930 1516 tuus
956 1459 1292 1530 gubernator
1317 1470 1372 1516 et
1400 1473 1600 1517 reetor.
1630 1460 1818 1534 Neque
1846 1479 2043 1521 censor

447 1558 501 1602 et
525 1549 699 1621 judex
725 1549 824 1607 fias
863 1567 1090 1623 operum
1134 1561 1188 1608 et
1236 1554 1510 1609 actionum
1560 1555 1703 1624 ejus,
1754 1555 2041 1626 decipieris

431 1643 591 1696 .enim
627 1641 952 1715 plerumque
1000 1653 1092 1700 tua
1123 1645 1448 1715 probatione
1491 1665 1504 1700 :
1547 1659 1600 1702 et
1635 1645 1796 1703 dolus
1839 1647 2040 1704 diaboli

444 1743 548 1800 est,
579 1743 639 1790 ut
673 1735 898 1794 insidias
933 1737 1018 1793 his
1077 1747 1244 1808 ponat
1271 1739 1364 1810 qui
1395 1754 1516 1795 sese
1546 1740 1598 1794 in
1627 1741 1886 1797 omnibus
1913 1757 2038 1798 cum

444 1828 595 1880 omni
628 1825 732 1880 fide
759 1837 811 1882 et
839 1836 985 1884 certa
1017 1828 1209 1900 salutis
1247 1843 1344 1899 spe
1385 1827 1690 1898 majoribus
1733 1844 2038 1901 supposue-

447 1918 574 1974 rint.
615 1917 880 1975 Subditus
915 1929 1095 1976 autem
1137 1929 1256 1976 esto
1292 1921 1346 1976 in
1379 1921 1658 1984 erunibus,
1710 1931 1765 1977 et
1799 1923 1880 1979 sic
1909 1938 2036 1978 cum

445 2026 579 2080 pace
625 2022 678 2067 et
718 2012 835 2066 sine
865 2011 1107 2082 periculo
1146 2019 1200 2066 et
1233 2025 1421 2068 errore
1466 2012 1609 2067 viam
1655 2012 1878 2068 Patrum
1932 2028 2036 2068 no-

441 2109 682 2156 strorum
717 2100 840 2157 ibis.
875 2099 1021 2172 Coge
1065 2111 1117 2158 te
1144 2105 1322 2172 ipsum
1352 2102 1406 2156 in
1439 2103 1652 2158 cunctis
1677 2113 1732 2159 et
1779 2104 1956 2172 vince,
1985 2113 2038 2159 et

2224 818 2300 872 I".
2349 817 2436 871 Ἐν
2465 819 2709 888 ὑποταγῇ
2751 817 2809 871 δέ
2846 815 2942 885 ὢν,
3001 813 3274 889 μηδέποτε
3321 817 3621 888 πιστεύσῃς
3661 821 3720 889 τῇ

2145 908 2342 981 καρδίᾳ
2384 925 2510 962 σου·
2535 908 2820 980 τυφλώττῃ
2849 908 2956 980 γὰρ
2991 909 3099 963 ἀπὸ
3135 907 3244 961 τῶν
3283 908 3534 961 παλαιῶν
3558 925 3721 977 προσ-

2144 1001 2408 1056 παθειῶν.
2449 1003 2560 1056 Καὶ
2592 1002 2670 1074 μὴ
2709 1001 3001 1074 στοιχήσῃς
3044 1001 3101 1053 ἔν
3150 1016 3259 1053 τινι
3293 1002 3358 1068 τῇ
3388 998 3496 1069 ἰδίᾳ
3525 999 3722 1066 κρίσει,

2145 1094 2238 1148 καὶ
2263 1093 2338 1166 μὴ
2362 1094 2566 1167 στήσῃς
2585 1093 2738 1166 παρὰ
2759 1093 2972 1162 σεαυτῷ
3011 1091 3178 1163 μηδὲν
3205 1093 3378 1163 χωρὶς
3403 1091 3724 1162 ἐρωτήσεως

2145 1187 2245 1240 καὶ
2277 1185 2527 1257 γ-νώμης,
2555 1187 2652 1241 καὶ
2707 1187 2782 1257 μὴ
2821 1185 3041 1253 λογίζου
3072 1185 3107 1255 ἢ
3155 1183 3343 1254 νόμιζε
3387 1182 3726 1253 εὐλογώτερα

2144 1279 2239 1333 καὶ
2267 1278 2583 1350 δικαιότερα
2641 1277 2735 1332 τοῦ
2786 1276 3118 1340 διοικοῦντός
3151 1293 3233 1340 σε,
3271 1275 3407 1346 μηδὲ
3451 1273 3606 1344 γίνου
3642 1276 3724 1342 ἐξ-

2144 1368 2376 1441 εταστὴς
2401 1368 2512 1422 τῶν
2533 1368 2711 1440 ἔργων
2731 1366 2913 1434 αὐτοῦ,
2943 1367 3041 1421 καὶ⁸
3071 1365 3494 1436 πεπλανημένος
3524 1364 3723 1420 πολλά-

2143 1477 2232 1522 κις
2257 1459 2580 1531 δοκιμάσῃς.
2618 1458 2825 1529 ’Δπὰτη
2856 1458 2964 1529 γᾶρ
2993 1458 3134 1530 αὕτη
3172 1456 3269 1511 τοῦ
3305 1458 3550 1529 πονηροῦ
3590 1458 3722 1529 πρὸς

2141 1551 2202 1604 τὸ
2233 1550 2528 1622 ἐμποδίσαι
2551 1553 2618 1622 τῇ
2649 1551 2787 1622 μετὰ
2803 1551 3044 1614 πίστεως
3070 1551 3214 1605 κατὰ
3242 1552 3420 1606 πάντα
3451 1553 3721 1624 ὑποταγῇ,

2144 1643 2236 1698 καὶ
2262 1645 2330 1715 τῇ
2352 1644 2470 1697 κατ’
2494 1641 2664 1714 αὐτὴν
2709 1644 2945 1712 ἀσφαλεῖ
2991 1645 3256 1716 σωτηρίᾳ,
3304 1643 3398 1698 καὶ
3442 1645 3728 1717 ὑποτάσσῃ

2143 1736 2285 1807 μετὰ
2339 1733 2717 1801 ἀναπαύσεως,
2751 1737 2846 1790 καὶ
2884 1735 3183 1800 ἀκινδύνως
3205 1736 3410 1800 ὁδεύεις
3435 1737 3532 1790 καὶ
3554 1738 3727 1792 ἁπλα-

2141 1828 2244 1892 νῶς
2276 1829 2374 1900 τὴν
2407 1829 2527 1884 ὁδὸν
2559 1827 2670 1884 τῶν
2706 1831 2985 1900 Πατέρων.
3042 1827 3236 1894 Βιαζου
3280 1829 3338 1882 δέ
3386 1829 3618 1883 σεαυτὸν
3647 1831 3729 1892 si;

2141 1922 2341 1986 πάντα,
2367 1923 2459 1976 καὶ
2482 1923 2649 1976 κόπτε
2675 1924 2735 1976 τὸ
2760 1922 2973 1994 θέλημά
3004 1940 3121 1989 σου,
3155 1922 3249 1976 καὶ
3273 1923 3462 1995 χάριτι
3486 1921 3733 1992 Χριστοῦ

2139 2013 2230 2068 διὰ,
2283 2015 2382 2084 τῆς
2435 2001 2723 2083 συνηθείας
2767 2013 2824 2067 ἐν
2878 2013 2989 2081 ἐξει
3045 2012 3140 2068 τοῦ
3183 2012 3411 2068 κόπτειν
3435 2015 3733 2085 γενόμενος

2140 2104 2418 2170 ἁδιάστως
2446 2105 2543 2159 τοῦ
2578 2105 2773 2160 λοιποῦ
2804 2105 2899 2160 καὶ
2927 2105 3204 2170 ἀθλίπτως
3242 2106 3377 2160 αὐτὸ
3415 2108 3612 2170 ποιεῖς,
3649 2105 3729 2169 ὡς

441 2193 776 2250 voluntatem
805 2169 1041 2248 tuam—in
1077 2169 1272 2264 primis
1306 2193 1584 2249 abscinde.
1623 2193 1680 2250 Si
1721 2193 1869 2250 enim
1901 2169 2034 2250 con-

2141 2193 2462 2265 συμϐαίνειν
2490 2195 2553 2248 τὸ
2575 2193 2668 2251 σὺν
2689 2193 2921 2249 πάντοτε
2947 2169 3214 2264 γίνεσθαι,
3236 2195 3313 2258 ὡς
3333 2193 3528 2257 θέλεις.
3563 2169 3731 2247 Ἆλλά

440 2286 685 2342 sueveris
714 2285 991 2356 propriam
1017 2286 1352 2342 voluntatem
1378 2294 1685 2357 amputare,
1713 2301 1810 2357 per
1832 2287 2035 2344 Christi

439 2379 668 2450 gratiam
719 2387 774 2434 et
833 2377 1267 2435 misericordiam
1327 2379 1569 2434 habitum
1631 2379 1918 2449 acquircs,
1976 2390 2037 2436 ut

437 2471 620 2527 omnia
652 2473 769 2528 sine
797 2474 1070 2539 molestia,
1111 2475 1231 2532 sine
1262 2475 1634 2532 controversia
1675 2475 1866 2543 facias,
1903 2475 2034 2532 ﬁas-

438 2579 546 2633 que
586 2565 812 2622 omnino
866 2568 940 2622 tui
984 2566 1146 2637 juris.
1193 2566 1269 2623 Nc
1321 2577 1476 2638 optes
1527 2566 1596 2623 ad
1643 2576 1768 2624 vota
1809 2576 1902 2624 tua
1945 2584 2037 2626 res

435 2657 675 2724 evenire,
708 2659 803 2715 sed
835 2660 1088 2716 easvclis
1115 2670 1169 2716 et
1214 2671 1390 2731 optes,
1430 2670 1490 2715 ut
1515 2660 1770 2716 eveniunt
1800 2679 1815 2729 ;
1859 2669 1912 2716 et
1953 2662 2036 2718 sic

433 2751 492 2805 in
524 2752 778 2809 omnibus
808 2769 996 2825 pacem
1039 2754 1229 2809 habes.
1264 2752 1390 2809 Ησςο
1430 2763 1610 2808 autem
1650 2753 1776 2808 dico
1825 2753 1891 2808 de
1939 2752 2031 2810 his

438 2845 491 2899 in
521 2845 724 2916 quibus
756 2863 863 2902 non
892 2858 976 2904 est
1002 2849 1364 2918 transgressio
1387 2855 1781 2917 praeceptorum
1813 2845 1910 2901 Dei
1939 2856 2035 2902 aut

436 2936 684 2994 Patrum.
731 2937 877 2995 lnter
914 2955 1106 2996 omnes
1155 2939 1423 2995 contende
1472 2947 1533 2995 ut
1589 2938 1766 3008 ipsum
1817 2953 2034 3008 semper

435 3045 685 3096 accuses,
719 3043 772 3086 et
801 3032 1072 3103 suspende
1102 3033 1248 3104 quod
1273 3047 1379 3088 non
1412 3042 1496 3087 est
1516 3031 1882 3088 deliberatum
1906 3048 2044 3090 cum

435 3123 767 3192 cognitione.
835 3124 1057 3182 Certum
1114 3127 1289 3194 habe,
1351 3139 1692 3199 quaecunque
1751 3125 1804 3182 in
1873 3129 2033 3184 nobis

435 3218 574 3273 fiunt
598 3227 694 3274 aut
720 3218 998 3285 eveniunt,
1028 3220 1242 3276 etiamsi
1272 3220 1501 3276 minima
1530 3229 1585 3276 et
1610 3221 1874 3277 vilissima
1909 3219 2028 3278 fue-

435 3312 568 3376 rint,
602 3326 669 3367 ex
703 3311 888 3368 divina
919 3311 1266 3369 Providentia
1296 3314 1534 3380 evenire,
1571 3322 1626 3370 et
1673 3315 1858 3370 omnia
1905 3331 2034 3385 per-

437 3403 583 3460 feras
611 3405 1057 3461 constantissime
1083 3424 1094 3459 :
1137 3406 1470 3476 persuadeas
1500 3405 1595 3461 tibi
1643 3405 1746 3476 ipsi
1775 3421 1896 3463 esse
1927 3423 2031 3462 an-

2139 2285 2316 2351 Θέλεις
2359 2286 2434 2351 ὼς
2483 2288 2717 2356 γίνεται,
2772 2288 2870 2341 καὶ⁵
2919 2285 3226 2358 εἰρηνεύεις
3299 2287 3440 2357 μετὰ
3481 2287 3723 2343 πάντων.

2137 2380 2322 2435 Ταῦτα
2364 2378 2546 2450 μέντοι
2597 2381 2656 2433 ἐν
2710 2373 2793 2444 οἷς
2850 2380 2952 2434 οὐκ
2986 2379 3104 2433 ἐστι
3147 2379 3464 2452 παράϐασις
3504 2379 3728 2450 ἐντολῆς

2136 2471 2356 2543 Θεοῦ,ἥ
2401 2472 2682 2544 Πατέρων.
2748 2471 3038 2542 Ἀγωνίζου
3063 2473 3339 2544 εὑρίσκειν
3368 2473 3430 2525 ἐν
3471 2473 3637 2526 παντὶ
3665 2473 3732 2526 τὸ

2139 2562 2450 2635 μέμφεσθαι
2483 2564 2696 2630 ἑαυτὸν,
2723 2565 2817 2617 καὶ
2842 2564 3037 2635 κράτει
3069 2563 3131 2618 τὸ
3170 2563 3478 2634 ἀψήφιστον
3500 2565 3559 2618 ἐν
3585 2562 3728 2632 γνὼ-

2138 2678 2258 2715 σειο
2309 2661 2405 2716 καὶ
2451 2661 2674 2715 πίστευε
2711 2661 2795 2715 ὅτι
2835 2660 2942 2714 ὑπὸ
2984 2660 3245 2731 πρόνοιαν
3298 2661 3436 2715 Θεοῦ
3482 2663 3602 2714 ἐστι
3632 2663 3726 2715 καὶ

2139 2755 2299 2826 μέχρι
2331 2754 2441 2808 τῶν
2473 2754 2876 2809 εὐτελεστάτων
2907 2755 2974 2808 τὰ
3018 2755 3142 2808 καθ’
3183 2757 3353 2826 ἡμᾶς,
3399 2757 3496 2810 καὶ
3538 2755 3728 2827 φέρεις

2135 2845 2204 2900 τὰ
2234 2846 2582 2918 ἐπερχόμενὰ
2609 2863 2692 2900 σοι
2724 2845 3018 2918 ἀταράχως
3039 2863 3053 2877 ο
3085 2847 3308 2901 πίστευε
3347 2847 3430 2900 ὅτι
3451 2846 3726 2919 φάρμακά

2135 2939 2273 2990 εἰσιν
2314 2939 2534 3008 ἰατρικὰ
2567 2938 2666 3009 τῆς
2705 2937 3086 3010 ὑπερηφανίας
3122 2939 3222 3010 τῆς
3285 2939 3466 3010 ψυχῆς
3505 2955 3626 3003 σου,
3669 2942 3731 2993 αἱ

2134 3031 2356 3104 ἀτιμίαι
2387 3033 2484 3087 καὶ
2499 3030 2710 3106 ὑϐρεις,
2741 3031 2836 3087 καὶ
2857 3031 3163 3103 ὐπερεύχου
3184 3031 3294 3086 τῶν
3313 3031 3726 3104 λοιδορούντων,

2134 3124 2210 3187 ὡς
2248 3123 2452 3195 ἰατρῶν
2481 3124 2757 3195 ἀληθινῶν
2778 3141 2794 3154 ⁵
2823 3125 3195 3196 πεπεισμένος
3227 3125 3304 3188 ὡς
3327 3127 3356 3179 ὁ
3385 3124 3560 3196 μισῶν
3605 3125 3728 3180 ἀτι-

2137 3215 2290 3287 μίαν,
2330 3217 2481 3287 μισεῖ
2509 3216 2868 3282 ταπείνωσιν,
2907 3216 3053 3270 καὶό
3099 3215 3318 3286 φεύγων
3356 3215 3731 3288 ἐρεθίζοντας,

2135 3309 2326 3380 φεύγει
2353 3310 2667 3382 πραΰτητα.
2695 3310 2790 3380 Μὴ
2829 3308 2951 3364 θέλε
2999 3309 3200 3364 ειδέναι
3243 3309 3343 3381 τὴν
3392 3310 3592 3362 κακίαν
3631 3310 3728 3363 τοῦ

2135 3402 2363 3474 πλησίον
2399 3419 2514 3469 σου,
2553 3405 2650 3456 καὶ
2685 3402 2760 3475 μὴ
2791 3402 3095 3474 προσδέχου
3118 3402 3218 3466 τὰς
3250 3403 3373 3456 κατ’
3397 3401 3568 3455 αὐτοῦ
3592 3401 3728 3456 ὐπο-

437 3496 607 3550 tidota
644 3505 698 3551 et
740 3497 1043 3553 medicinas
1084 3505 1277 3552 contra
1313 3497 1623 3568 superbiam
1657 3498 1856 3554 animae
1901 3506 2031 3567 tuae,

2136 3497 2284 3559 νοίας
2301 3514 2313 3526 ·
2347 3498 2397 3550 εἰ
2424 3495 2479 3549 δὲ
2497 3496 2592 3549 καὶ
2617 3495 2868 3567 σπαρῶσι
2890 3494 2978 3548 διὰ
2999 3495 3098 3565 τὴν
3117 3495 3323 3548 κακίαν
3345 3493 3522 3565 ἡμῶν,
3555 3493 3725 3547 σπού-

435 3587 704 3658 quidquid
737 3587 992 3654 convicii,
1021 3589 1366 3644 contumeliae
1389 3597 1445 3644 et
1470 3588 1748 3659 opprobrii
1779 3590 1872 3645 tibi
1900 3606 2034 3646 con-

2136 3589 2260 3656 δαζε
2281 3588 2639 3660 μεταϐάλλειν
2663 3589 2834 3652 αὐτὰς
2851 3589 2931 3651 είς
2953 3587 3332 3658 καλονοησίαν,
3370 3586 3465 3640 καὶ
3481 3588 3540 3639 ἐν
3562 3587 3724 3640 παντὶ

440 3679 623 3750 tigerit
649 3695 664 3746 ;
694 3687 746 3734 et
770 3687 925 3734 orato
957 3693 1056 3750 pro
1091 3679 1178 3735 his
1221 3679 1313 3749 qui
1344 3678 1441 3734 tibi
1467 3679 1867 3747 conviciantur,
1907 3689 2029 3736 tan-

2136 3686 2463 3757 εὐχαρίστει,
2489 3683 2757 3739 καὶκατὰ
2793 3684 2894 3754 τὴν
2940 3683 3255 3753 ἀγαθάτητα
3295 3681 3392 3736 καὶ
3432 3680 3532 3753 τὴν
3563 3681 3724 3750 ἁγίαν

443 3787 601 3842 quam
635 3787 734 3841 pro
767 3772 910 3829 veris
937 3772 1185 3828 medicis.
1219 3771 1323 3840 Qui
1351 3771 1496 3827 enim
1532 3772 1728 3842 probra
1755 3783 1810 3828 et
1836 3785 2028 3831 contu-

2136 3782 2371 3852 ἀγάπην.
2407 3780 2522 3851 Πρὸ
2548 3779 2606 3833 δὲ
2636 3779 2852 3834 πάντων
2880 3777 3211 3849 φυλάξωμεν
3251 3775 3452 3839 πάντες
3469 3775 3570 3846 τὴν
3605 3791 3724 3827 συνο

437 3866 628 3921 melias
659 3865 786 3921 odio
827 3865 1008 3932 habet,
1050 3864 1178 3920 odio
1211 3865 1373 3920 habet
1397 3865 1807 3934 humilitatem;
1847 3876 1902 3922 et
1932 3868 2026 3937 qui

433 3967 797 4029 provocantes
827 3973 906 4023 se,
938 3959 1175 4014 declinat
1206 3968 1260 4014 ct
1299 3957 1459 4030 fugit,
1515 3958 1652 4028 fugit
1704 3969 2024 4016 mansuetu-

429 4051 639 4116 dinem.
658 4047 730 4104 Ut
748 4048 895 4106 enim
920 4049 1044 4119 quis
1068 4047 1268 4119 probro
1287 4047 1515 4104 affectus
1541 4046 1599 4101 fit
1624 4046 1870 4114 humilis,
1885 4047 1958 4101 ita
1975 4056 2030 4102 et

398 4197 400 4200 τ
434 4141 548 4211 qui
571 4140 838 4207 irritatur,
867 4124 1032 4214 452
1064 4141 1110 4196 si
1147 4139 1414 4210 patienter
1442 4138 1568 4205 fert,
1595 4138 1655 4194 fit
1689 4146 2026 4194 mansuetus.

435 4221 554 4286 Noli
586 4246 917 4303 cognoscere
966 4231 1168 4286 malum
1217 4231 1452 4303 proximi
1485 4231 1588 4298 tui,
1640 4246 1818 4302 neque
1847 4231 2027 4301 suspi-

433 4325 621 4396 ciosus
671 4325 745 4380 sis
786 4324 840 4379 in
881 4324 1080 4394 ipsum.
1129 4323 1286 4390 Quod
1334 4325 1383 4380 si
1419 4323 1756 4395 malignitate
1786 4323 2020 4378 aliorum

433 4403 614 4484 aiiqua
651 4411 1102 4478 disseminantur,
1138 4410 1292 4467 stude
1325 4410 1415 4465 illa
1447 4417 1785 4466 commutare
1813 4407 1869 4462 in
1905 4423 2019 4464 me-

2125 3873 2334 3943 ειδησιν
2392 3871 2548 3943 ἡμῶν
2592 3873 2650 3925 ἐν
2694 3873 2852 3938 πᾶσι,
2909 3872 3021 3931 τοῖς
3054 3887 3113 3922 τε
3153 3868 3288 3940 πρὸς
3331 3867 3422 3922 τὸν
3458 3866 3593 3920 Θεὸν
3629 3864 3722 3919 καὶ

2129 3974 2220 4028 τὸν
2261 3971 2494 4045 πλησίον
2548 3973 2643 4026 καὶ
2681 3971 2739 4026 ἐν
2778 3973 2900 4035 ταῖς
2933 3969 3088 4034 ὕλαις
3113 3987 3126 4000 ο
3165 3970 3255 4023 καὶ
3296 3968 3428 4040 πρὶν
3477 3969 3652 4022 εἰπεῖν
3686 3966 3718 4036 ἢ

2131 4075 2353 4147 ποιῆσαί
2391 4093 2464 4140 τι,
2524 4074 2875 4143 ἐξετάσωμεν
2915 4073 2964 4125 εί
3009 4069 3152 4125 κατὰ
3207 4069 3420 4142 θέλημά
3467 4070 3586 4123 ἐστι
3625 4066 3720 4121 τοῦ

2125 4175 2297 4229 Θεοῦ·
2331 4177 2426 4231 καὶ
2460 4174 2634 4239 οὕτως
2676 4173 2989 4246 εὐξάμενοι,
3032 4173 3278 4244 εἴπωμεν
3309 4170 3344 4242 ἢ
3381 4171 3721 4243 ποιήσωμεν,

2127 4283 2221 4336 καὶ
2264 4279 2658 4353 προρρίψωμεν
2695 4277 2795 4349 τὴν
2821 4276 3128 4347 ἀδυναμίαν
3156 4275 3315 4347 ἡμῶν
3357 4272 3594 4329 ἐνώπιον
3624 4271 3720 4326 τοῦ

2125 4384 2263 4437 Θεού
2289 4401 2302 4414 ⁸
2360 4384 2453 4437 καὶ
2497 4384 2532 4452 ὴ
2575 4378 2848 4450 ἀγαθότης
2890 4376 3057 4432 αὐτοῦ
3118 4375 3443 4449 συνέρχεται
3485 4375 3622 4446 ἡμῖν
3663 4374 3720 4427 ἐν

2125 4494 2310 4547 πᾶσιν.

435 4505 626 4560 liorem
656 4517 900 4560 sensum.
930 4502 987 4557 In
1022 4503 1278 4559 omnibus
1310 4503 1513 4575 gratias
1545 4517 1664 4573 age,
1699 4509 1753 4556 et
1795 4499 2017 4571 posside

435 4597 734 4652 bonitatem
765 4608 818 4651 et
848 4603 1094 4651 sanctam
1138 4568 1481 4650 charitatem.
1518 4568 1659 4648 Ante
1684 4568 1866 4647 omnia
1909 4606 2043 4647 vero
2090 4581 2464 4643 custodiamus
2525 4573 2711 4630 cuncti
2748 4570 3141 4628 conscientiam
3171 4577 3441 4634 nostram,
3469 4577 3524 4624 et
3550 4569 3604 4624 in
3635 4568 3725 4624 his

433 4706 558 4762 quae
583 4691 652 4746 ad
682 4689 870 4756 Deum,
904 4705 1026 4761 qua:
1055 4687 1121 4744 ad
1147 4687 1482 4758 proximum,
1520 4701 1645 4758 quae
1677 4684 1744 4741 ad
1774 4699 1861 4760 res
1894 4682 2190 4755 pertinent.
2225 4675 2290 4730 Et
2355 4681 2650 4739 antequam
2691 4666 2942 4762 dicamus
3005 4662 3353 4762 faciamus-ve
3410 4662 3720 4762 quidpiam,

435 4740 746 4847 scrutemur
769 4789 815 4844 si
852 4740 1172 4842 secundumr
1187 4740 1651 4841 voluntatem‘Dei
1678 4755 1798 4847 est,
1821 4788 1876 4836 et
1902 4791 2127 4835 oremus
2186 4783 2402 4841 semper
2438 4780 2564 4821 cum
2638 4762 2688 4817 id
2723 4760 2803 4817 vel
2832 4758 3068 4816 dicimus
3098 4755 3184 4812 vel
3249 4755 3504 4822 facimus,
3549 4755 3720 4826 fragi-

437 4881 755 4950 litatemque
787 4887 1026 4934 nostram
1047 4875 1318 4949 jaciamus
1353 4883 1482 4930 ante
1503 4881 1858 4944 conspectum
1885 4870 1977 4926 Dei
2005 4889 2017 4926 :
2059 4877 2111 4924 et
2136 4865 2258 4935 ejus
2286 4859 2500 4916 bonitas
2533 4866 2586 4913 et
2616 4853 2902 4912 Clemenlia
2943 4850 2997 4905 ίη
3032 4847 3246 4905 “uncus
3310 4847 3476 4904 ηοδίε
3544 4848 3722 4904 adem

437 4982 493 5030 et
527 4987 684 5045 opem
729 4971 887 5028 feret.
933 4968 1041 5042 Ipsi
1089 4968 1261 5040 gloria
1317 4967 1374 5023 in
1424 4967 1624 5023 saecula
1673 4963 2021 5021 saeculorum.
2064 4959 2259 5014 Amen.

931 5081 1276 5139 DOCTRINA
1335 5081 1380 5136 X
1393 5079 1519 5135 VIII.
2052 5066 2095 5119 Ι)

575 5192 835 5265 Dialogus
883 5193 952 5248 ad
998 5210 1116 5248 sum
1147 5193 1238 5264 qui
1283 5207 1474 5261 penum
1517 5190 1878 5244 administrat.

2681 5062 3089 5118 ΔΙΔΔΣΚΑΛΙΛ
3114 5064 3217 5116 ιιι».

2123 5188 2262 5258 Περὶ
2323 5185 2431 5241 τοῦ
2480 5185 2730 5253 ἔχοντος
2795 5180 2912 5304 rip;
2959 5177 3277 5233 διακονίαν
3321 5175 3431 5232 τοῦ
3492 5175 3718 5230 χελλα-

2851 5269 2885 5304 ο
2912 5268 3003 5304 ου.

2844 5268 3003 5320 ριου.

510 5349 570 5411 Si
593 5356 647 5410 in
678 5355 814 5411 iram
845 5363 900 5411 et
939 5355 993 5408 in
1021 5352 1454 5409 recordationem
1485 5350 1813 5421 injuriarum
1853 5351 2025 5406 relabi

2211 5350 2296 5403 Ἑν
2315 5346 2473 5418 θυμῷ
2505 5347 2600 5400 καὶ
2629 5341 2963 5417 μνησικακίᾳ
3005 5341 3361 5413 περιπίπτειν
3404 5339 3465 5392 οὐ
3499 5338 3673 5402 θέλεις
3701 5355 3716 5403 ;

442 5463 550 5503 non
601 5448 704 5513 vis,
759 5463 828 5504 ne
874 5446 1105 5502 nimium
1142 5443 1395 5501 aﬂiciaris
1441 5443 1605 5499 rebus
1651 5442 2027 5499 materialihus

2136 5437 2510 5511 Προσπάθειαν
2533 5435 2596 5489 τδ
2615 5434 2843 5490 καθόλον
2879 5435 2953 5504 μὴ
2979 5432 3068 5503 ἔχε
3100 5432 3229 5504 περὶ
3258 5431 3357 5501 τὴν
3393 5429 3548 5501 ὓλην,
3581 5430 3718 5501 μηδέ

441 5540 807 5607 monasterii,
863 5553 1040 5610 neque
1095 5554 1194 5594 vas
1247 5536 1466 5606 aliquod
1519 5534 1685 5590 etiam
1737 5534 2023 5589 minimum

2136 5528 2412 5586 ἀντιποιοῦ
2471 5527 2704 5589 σκεύους
2753 5525 3094 5595 οἱουδήποτε,
3155 5523 3290 5594 μήτε
3338 5521 3394 5576 δὲ
3426 5521 3610 5587 πάλιν,
3640 5521 3720 5581 ὼς

443 5631 663 5687 aﬂ‘ectes
692 5609 1071 5696 immoderate,
1113 5644 1288 5701 neque
1311 5643 1509 5684 rursus
1545 5638 1603 5683 ut
1631 5625 1834 5684 nullius
1864 5625 2024 5696 pretii

2136 5623 2418 5695 ἐλαχίστου
2453 5620 2821 5692 καταφρόνει·
2847 5617 2982 5672 ἀλλὰ
3023 5616 3128 5671 κᾶν
3163 5614 3306 5670 θέλει
3353 5629 3438 5676 τις
3464 5610 3574 5666 ἀπὺ
3597 5609 3717 5672 σοῦ,

441 5733 752 5788 contemne,
786 5722 880 5778 sed
919 5722 1186 5794 quidquid
1217 5721 1448 5778 voluerit
1471 5731 1568 5776 aut
1595 5718 1814 5792 petierit
1839 5717 1939 5774 abs
1972 5726 2026 5772 te

2136 5715 2296 5782 δίδου,
2347 5714 2447 5769 κᾶν
2496 5714 2553 5768 δὲ
2599 5713 2707 5766 ἀπὸ
2745 5709 3136 5782 ἀσυστροφίας,
3178 5707 3210 5779 ἢ
3253 5702 3717 5777 καταφρονήσεως

517 5877 543 5911 ι’
564 5875 765 5935 Jerem.
793 5889 884 5946 xv,
915 5874 1006 5933 29.
