4062 6428
346 371 482 435 1805

1650 371 2033 432 DOCTRINA

2098 371 2320 432 XVIII.
2405 403 2417 414 --
3497 366 3633 432 1806

342 481 618 554 κλασθῇ,ἢ
642 481 963 548 ἀπόλλυται,
991 482 1067 554 μὴ
1091 484 1459 556 μεριμνήσῃς.
1483 484 1658 539 Τοῦτο
1675 485 1732 540 δὲ
1764 487 1941 542 ποιεῖν

2055 481 2233 551 Frater,
2264 482 2411 540 dato.
2469 479 2527 537 Si
2556 481 2688 553 quid
2735 480 2972 538 fractum
3005 481 3088 545 vel
3133 449 3396 543 amissum
3444 479 3632 548 fuerit,

339 570 599 641 ὀφείλεις,
651 573 750 644 οὐχ
795 573 872 640 ὡς
920 573 1283 644 καταφρονῶν
1333 574 1444 636 τῶν
1465 575 1672 630 σκευῶν
1710 574 1805 629 τοῦ
1840 593 1939 646 μο-

345 664 660 737 ναστηρίου·
689 668 988 737 χρεωστεϊς
1021 665 1132 738 γὰρ
1184 666 1336 740 πάσῃ
1383 668 1612 740 δυνάμει
1659 669 1758 723 καὶ
1787 668 1942 742 πάσῃ

349 755 549 829 σπουδῇ
579 758 889 829 φροντίζειν
915 759 1096 814 αὐτῶν
1117 775 1132 792 ο
1165 761 1282 816 ἀλλ’
1312 761 1390 826 ὡς
1434 760 1607 818 θέλων
1636 761 1698 816 τὸ
1728 763 1940 835 ἀτάραο

345 867 438 919 χον
464 849 561 902 καὶ
595 848 864 921 ἀθόρυὸον
895 851 1091 905 ἑαυτοῦ
1114 851 1424 922 φυλάττειν·
1463 854 1725 912 δεικνύων
1751 856 1838 911 ἀεὶ
1864 856 1943 928 τῷ

345 941 466 1012 θεῷ
487 941 548 995 τὸ
577 944 721 997 κατὰ
751 944 1003 1015 δύναμιν.
1037 945 1210 1001 Τοῦτο
1251 947 1308 1000 δὲ
1332 949 1679 1021 κατορθῶσαι
1710 949 1939 1023 δυνήσῃ,

347 1033 441 1087 ἐὰν
473 1033 551 1106 μὴ
579 1033 656 1098 ὡς
678 1035 788 1090 ἴδια
823 1037 980 1108 οἰκῇς
1007 1036 1078 1091 τὰ
1111 1039 1437 1111 πράγματα,
1473 1041 1591 1096 ἀλλ’
1612 1043 1786 1115 ὡςτῷ
1822 1044 1944 1116 θεῷ

346 1125 703 1198 ἀνακείμενα,
747 1130 844 1182 καὶ
879 1130 1043 1200 μόνον
1061 1131 1268 1186 τούτων
1302 1134 1616 1200 πιστευθεὶς
1639 1135 1739 1208 τὴν
1782 1153 1946 1208 φρον-

347 1217 487 1272 τίδα.
517 1218 593 1271 Τὸ
633 1219 732 1290 μὲν
770 1221 880 1294 γάρ
911 1223 1050 1292 ἐστι,
1099 1225 1174 1297 μὴ
1211 1226 1612 1298 προσπάσχειν,
1654 1227 1838 1294 καθὼς
1861 1225 1942 1284 εἴ·

353 1327 475 1374 πον,
500 1309 561 1364 τὸ
589 1310 667 1378 δὲ,
694 1312 769 1382 μὴ
793 1319 1166 1386 καταφρονεῖν
1195 1317 1631 1390 παρασκευάζει.
1656 1319 1720 1373 Εἰ
1739 1320 1797 1374 δὲ
1822 1320 1945 1375 τοῦ-

351 1419 442 1455 τον
470 1402 571 1456 οὐκ
610 1401 741 1476 ἔχῃς
769 1403 858 1458 τὸν
887 1406 1112 1474 σκοπὸν,
1158 1405 1378 1476 θάρσει,
1421 1409 1482 1462 οὐ
1525 1409 1605 1480 μὴ
1636 1409 1822 1484 παύσῃ
1846 1429 1944 1465 τα-

354 1494 689 1566 ρασσόμενος
749 1496 846 1550 καλ⁵
871 1497 1182 1570 ταράσσων.

1035 1778 1373 1851 Ἐρώτησις.

2045 585 2140 638 aut
2175 590 2242 636 ex
2283 575 2634 647 negligentia,
2685 584 2781 632 aut
2837 591 2902 632 ex
2969 575 3278 635 inversione
3323 572 3637 644 supellecti-

2045 665 2200 734 lium,
2232 680 2302 722 ne
2326 681 2490 722 cures
2534 675 2593 731 et
2618 665 2860 738 angaris.
2899 666 3076 727 Debes
3107 673 3290 728 autem
3321 663 3428 726 hoe
3455 662 3640 725 facere

2045 773 2156 824 non
2185 766 2246 813 ut
2278 768 2628 830 contemptor
2675 773 2862 816 rerum
2907 757 3250 823 monasterii,
3301 771 3444 828 quas
3489 755 3640 813 omni

2043 864 2178 910 cura
2203 857 2262 906 et
2288 850 2470 907 studio
2501 864 2700 905 curare
2731 865 2830 920 per
2857 859 2964 915 est,
2996 849 3092 908 sed
3122 859 3184 909 ut
3211 848 3447 917 teipsutn
3489 856 3640 908 tran.

2043 943 2278 1015 quillum
2323 952 2378 999 et
2417 942 2537 999 sine
2562 943 2802 1000 tumultu
2850 952 2947 1000 aut
2990 941 3407 1013 perturbatione
3457 939 3642 1010 aliqua

2047 1035 2272 1100 habeas.
2328 1033 2656 1099 Demonstra
2697 1042 2917 1105 semper
2952 1033 3074 1095 Deo
3122 1033 3392 1104 quidquid
3441 1039 3639 1108 potes:

2045 1126 2151 1182 hoc
2176 1133 2360 1187 autem
2397 1135 2542 1182 recte
2584 1125 2788 1197 poteris
2819 1125 3020 1192 facere,
3069 1124 3118 1181 si
3163 1139 3253 1182 res
3284 1121 3644 1183 administris-

2045 1224 2190 1280 veris
2223 1237 2332 1280 non
2355 1232 2620 1293 tanquam
2647 1221 2920 1293 proprias.
2950 1221 3048 1278 sed
3078 1221 3158 1276 uti
3187 1219 3302 1278 Deo
3325 1218 3608 1290 subiectas
3627 1259 3640 1272 .

2044 1324 2102 1370 et
2122 1323 2277 1370 certo
2301 1315 2495 1374 credas
2519 1314 2720 1372 harum
2748 1323 2962 1372 tantum
2987 1328 3175 1371 veram
3206 1328 3240 1370 a
3265 1311 3426 1370 nobis
3450 1324 3642 1368 curam

2047 1407 2378 1466 habendam.
2421 1405 2540 1463 Hoc
2571 1403 2720 1470 enim
2763 1405 2871 1477 (ut
2901 1404 3057 1474 dixi)
3093 1403 3246 1468 facit,
3273 1417 3345 1460 ne
3390 1403 3477 1457 his
3527 1399 3643 1455 alli-

2046 1496 2237 1564 ciaris,
2261 1512 2441 1569 neque
2465 1507 2817 1554 contemnas:
2850 1496 2999 1568 quod
3028 1495 3077 1553 si
3100 1493 3483 1566 hujuscemodi
3516 1506 3646 1548 con-

2048 1589 2435 1651 siderationem
2471 1603 2583 1648 non
2642 1587 2923 1655 habueris.
2969 1598 3179 1646 eertum
3229 1584 3374 1642 habe
3418 1583 3548 1656 quia
3595 1591 3648 1641 et

2048 1691 2106 1738 tu
2137 1683 2275 1740 alios
2324 1691 2378 1738 et
2411 1691 2464 1738 te
2492 1681 2588 1737 alii
2615 1682 2869 1754 pluribus
2917 1679 3158 1738 afﬁcient
3186 1677 3479 1736 molestiis.

2660 1775 3045 1847 Interrogatio.

423 1860 533 1914 Τοῦ
580 1862 848 1936 λογισμοῦ
898 1869 1182 1940 χαίροντος
1231 1850 1294 1927 ἐν
1336 1875 1451 1940 τοῖς
1501 1877 1682 1948 λόγοις
1711 1877 1945 1946 τούτοις,

2123 1871 2276 1928 Mens
2322 1885 2445 1927 mea
2474 1871 2530 1926 in
2575 1869 2662 1932 his
2706 1869 2890 1925 verbis
2926 1868 3038 1924 tuis
3081 1865 3343 1935 exsultat,
3390 1871 3446 1919 et
3497 1869 3650 1933 optat

353 1954 450 2008 καὶ
483 1953 734 2021 θέλοντος
771 1954 913 2014 εἶναι
949 1963 1156 2030 οὕτως,
1196 1965 1364 2022 πόθεν
1390 1969 1490 2040 οὐχ
1513 1970 1842 2042 εὑρίσκομαι
1867 1975 1949 2038 είς

350 2043 451 2115 τὴν
477 2041 629 2117 ὥραν
665 2046 761 2101 τοῦ
793 2051 1121 2123 πράγματος
1162 2055 1381 2129 ἕτοιμος
1413 2079 1428 2127 ;

995 2145 1353 2218 Ἀπόκρισις.

435 2233 749 2308 Ἐπειδὴού
805 2237 1038 2311 μελετᾷς
1077 2241 1218 2296 αὐτὰ
1267 2246 1520 2304 πάντοτε.
1572 2251 1635 2305 Εί
1675 2251 1734 2306 δὲ
1775 2251 1950 2317 θέλεις

347 2325 497 2396 ἔχειν
544 2325 688 2381 αὐτὰ
729 2328 789 2382 ὲν
827 2329 1030 2401 καιρῷ,
1069 2331 1304 2386 πάντοτε
1334 2335 1479 2390 αὐτὰ
1527 2338 1730 2410 μελέτα
1761 2341 1856 2395 καὶ
1891 2342 1950 2394 ὲν

350 2417 564 2482 τούτοις
596 2418 706 2474 ἴσθι
737 2435 751 2449 ·
793 2420 887 2475 καὶ
905 2424 1147 2478 πιστεύω
1183 2425 1262 2496 τῷ
1288 2427 1430 2499 Θεῷ,
1454 2431 1536 2482 ὅτι
1569 2430 1786 2502 μέλλεις
1810 2450 1950 2504 προ-

351 2512 596 2566 κόπτειν.
633 2511 744 2584 Τὴν
776 2515 1088 2588 προσευχὴν
1126 2517 1388 2590 σύγκρινε
1429 2523 1494 2592 τῇ
1555 2521 1756 2596 μελέτῃ
1783 2539 1797 2552 “
1825 2527 1951 2590 τοὺς

353 2602 602 2668 ἀσθενεῖς
630 2603 908 2676 θεράπευε
937 2624 952 2637 ο
988 2609 1207 2679 πρῶτον
1241 2612 1360 2682 μὲν,
1406 2614 1495 2668 ἵνα
1531 2617 1710 2689 κτήσῃ
1741 2619 1805 2671 ἐκ
1827 2619 1953 2672 τού-

353 2711 450 2748 του
485 2695 854 2765 συμπάθειαν,
894 2699 972 2762 ὠς
1007 2701 1270 2767 πολλάκις
1318 2699 1496 2773 εἷπον,
1527 2705 1721 2765 ἔπειτα
1747 2709 1828 2777 δὲ,
1865 2710 1952 2780 ἵνα

355 2789 452 2842 καὶ
477 2789 542 2843 σὺ
574 2790 664 2844 ὅτε
699 2791 901 2863 δήποτε
928 2793 1272 2866 ἀσθενήσεις,
1314 2798 1506 2871 ἐγείρῃ
1535 2801 1561 2853 ὁ
1593 2799 1728 2865 Θεὸς
1757 2801 1849 2855 τὸν
1873 2802 1954 2857 θε-

355 2883 671 2954 ραπεύοντά
693 2903 773 2940 σε.
814 2887 911 2940 Ἐν
952 2881 1000 2955 ᾧ
1026 2889 1135 2960 γὰρ
1179 2891 1396 2960 μέτρῳ,
1469 2895 1624 2966 φησι,
1660 2897 1952 2972 μετρεῖτε,

351 2979 927 3049 ἀντιμετρηθήσεται
941 2983 1237 3051 ὑμῖν.⁹Εὰν
1257 2985 1506 3058 σπεύσῃς
1527 2992 1702 3043 ποιεῖν
1717 2994 1953 3066 πρᾶγμα

357 3071 501 3141 μετὰ
537 3072 638 3143 τῆς
662 3073 1026 3148 συνειδήσεως
1067 3076 1205 3148 πρὸς
1235 3077 1336 3150 τὴν
1388 3078 1621 3154 δύναμίν
1655 3100 1774 3151 σου,
1813 3085 1951 3139 είδέ-

355 3164 849 3261 ναιᾹόφε-ίλειςῌκαὶ
899 3167 1096 3261 εαυτὸν
1132 3168 1520 3244 πληροφορετν,
1569 3173 1651 3227 ὅτι
1681 3175 1778 3248 τὴν
1820 3176 1952 3248 ἁλη-
1975 3204 2020 3261 C

357 3257 514 3328 θινὴν
536 3259 650 3312 ὁδὸν
680 3258 834 3313 οὔπω
868 3255 1041 3329 οἶδας,
1089 3263 1184 3316 καὶ
1232 3263 1472 3338 ὀφείλεις
1509 3269 1806 3340 ἀταράχως
1855 3274 1951 3330 καὶ

353 3349 640 3414 ἀθλίπτως
680 3351 776 3404 καὶ
820 3354 960 3423 μετά
999 3355 1176 3430 χαρᾶς
1211 3354 1490 3426 δέχεσθαι,
1539 3357 1628 3411 ὅτε
1672 3359 1950 3426 ἁκούσεις,

321 3439 326 3443 ’
355 3439 440 3490 ὅτι
476 3439 722 3510 ἐσφάλης
757 3443 838 3505 είς
877 3444 1056 3496 ἐκεῖνο
1084 3443 1112 3496 ὃ
1133 3445 1394 3515 ἐνόμισας
1422 3450 1599 3502 ποιεῖν
1650 3450 1792 3522 μετὰ
1824 3469 1953 3504 συν-

356 3531 642 3602 ειδήσεως.
674 3533 754 3606 Τῇ
789 3534 898 3605 γὰρ
931 3536 1114 3607 κρίσει
1145 3536 1254 3591 τῶν
1285 3539 1626 3610 συνεταίρων
1662 3558 1779 3608 σου,
1822 3543 1953 3597 πάν-

354 3621 526 3692 τω;ἢ
577 3621 641 3674 τδ
695 3623 1132 3695 ἀπολειπόμενον
1200 3625 1532 3699 διορθοῦται,
1585 3627 1619 3700 ἢ
1664 3629 1726 3682 τὸ
1771 3631 1955 3695 καλῶς

354 3713 646 3784 γινόμενον
683 3713 1092 3786 ἀσφαλέστερον
1138 3717 1373 3786 γίνεται.
1417 3719 1699 3787 Σπούδαζε
1752 3725 1956 3794 προκό-

353 3805 478 3874 om,
512 3804 600 3856 ἵνα
631 3803 731 3857 ἐὰν
763 3806 948 3877 συμϐῇ
981 3824 1063 3861 σοι
1082 3808 1338 3882 θλίψις,ἢ
1375 3812 1709 3882 σωματικῶς
1729 3813 1762 3884 ἢ
1786 3832 1956 3868 πνευ-

356 3893 628 3966 ματικῶς,
690 3895 967 3959 ἀθλίπτως
1027 3899 1124 3952 καὶ
1171 3899 1395 3970 ἁϐαρῶς
1453 3902 1548 3955 καὶ
1591 3902 1715 3972 μεθ’
1749 3904 1954 3974 ὑπομο-

358 3989 456 4058 νῆς
478 3985 715 4058 δυνηθῇς
752 3985 1044 4059 βαστάσαι.
1099 3988 1226 4042 Ἐὰν
1257 3991 1500 4062 ἀκούσῃς
1554 3992 1640 4048 ὅτι
1687 3994 1955 4064 ἐποίησας

359 4079 594 4150 πρᾶγμα
622 4078 760 4148 ὅπερ
789 4078 891 4132 οὐκ
916 4080 1205 4151 ἐποίησας,
1243 4083 1319 4159 μὴ
1353 4081 1595 4155 θροηθῇς
1638 4083 1778 4148 ὅλως
1816 4084 1953 4155 μηδὲ

359 4173 542 4242 πυρῇς
569 4187 581 4202 ’
618 4170 733 4226 ἀλλ’
767 4171 971 4236 εὐθέως
1002 4171 1134 4244 βάλε
1162 4174 1458 4244 μετάνοιαν
1493 4174 1574 4246 τῷ
1607 4177 1818 4231 εἰπόντι
1846 4194 1952 4243 σοι,

364 4262 504 4332 μετὰ
541 4264 929 4330 ταπεινώσεως
970 4263 1146 4334 λέγων
1196 4265 1350 4338 αὐτῷ
1377 4285 1391 4299 ο
1418 4267 1786 4339 Συγχώρῃσόν
1836 4286 1949 4340 μοι,

361 4354 457 4407 καὶ
482 4349 634 4418 εὖξαι
657 4354 802 4426 ὑπὲρ
841 4353 1000 4426 ἐμοῦ,
1034 4357 1132 4411 καὶ
1165 4355 1349 4420 σιώπα
1377 4359 1547 4430 μέχρι
1591 4359 1815 4418 τούτου·
1854 4377 1952 4415 κα-

364 4443 472 4508 θὼς
509 4446 603 4498 καὶ
640 4447 691 4498 οἱ
723 4445 970 4518 Πατέρες
1010 4442 1187 4503 εἶπον.
1248 4449 1374 4502 Ἐὰν
1409 4448 1467 4502 δὲ
1509 4451 1808 4522 ἐρωτηθεὶς
1856 4451 1990 4506 ὑπ’.

2053 1963 2179 2020 talis
2207 1976 2333 2019 esse
2363 1961 2583 2032 qualem
2629 1961 2903 2028 instruis;
2947 1960 3184 2015 miratur
3225 1967 3415 2013 autem
3451 1969 3550 2012 cur
3595 1955 3648 2009 in

2052 2057 2185 2112 hora
2224 2054 2400 2124 ipsius
2432 2053 2510 2108 rei
2543 2068 2650 2107 non
2684 2054 2757 2108 sit
2786 2063 3036 2122 prompta
3068 2061 3124 2106 et
3151 2057 3364 2120 parata.

2691 2143 2978 2215 Responsio
2992 2185 3006 2198 .

2123 2240 2200 2296 Ea
2237 2255 2403 2296 causa
2450 2248 2536 2295 est
2564 2237 2709 2309 quod
2747 2237 2840 2291 illa
2883 2235 3145 2291 continue
3183 2248 3294 2288 non
3325 2231 3646 2288 meditaris:

2054 2349 2181 2390 nam
2209 2334 2255 2390 si
2286 2334 2404 2390 haec
2431 2343 2623 2404 parata
2655 2329 2895 2386 volueris
2925 2328 2982 2382 in
3016 2336 3262 2397 tempore
3291 2339 3393 2381 suo
3424 2324 3648 2387 habere,

2057 2439 2114 2482 ut
2137 2427 2532 2499 praemediteris
2561 2425 2650 2478 illa
2675 2437 2899 2479 necesse
2918 2429 3027 2486 est,
3050 2430 3105 2476 et
3132 2420 3189 2475 in
3221 2420 3311 2475 his
3333 2433 3648 2490 persevera.

2053 2519 2277 2576 Certum
2311 2519 2488 2574 habeo
2512 2527 2569 2573 et
2599 2517 2766 2573 credo
2810 2517 2924 2572 Deo
2968 2523 3022 2570 te
3069 2511 3466 2584 profecturum.
3514 2509 3651 2567 Ora-

2055 2614 2259 2668 tionem
2300 2610 2639 2668 meditationi
2674 2620 2926 2665 annecte.
2962 2607 3217 2664 Inﬁrmos
3249 2620 3386 2662 cura
3415 2602 3650 2675 diligen-

2057 2717 2156 2772 ter,
2203 2714 2259 2761 et
2301 2703 2388 2760 his
2417 2713 2731 2775 competere
2774 2711 2830 2766 et
2862 2701 3144 2766 miserere,
3198 2707 3258 2768 ut
3305 2713 3448 2770 saepe
3491 2696 3647 2766 dixi;

2055 2814 2165 2867 quo
2205 2808 2260 2854 te
2293 2806 2481 2869 postea
2510 2796 2765 2852 fortassis
2800 2802 3098 2865 aegrotante
3125 2792 3326 2849 excitet
3369 2790 3515 2848 Deus
3545 2791 3650 2846 ali-

2055 2907 2219 2964 quem
2251 2893 2348 2964 qui
2390 2891 2487 2948 tibi
2534 2890 2809 2954 ministret
2853 2899 2908 2944 et
2962 2887 3202 2949 serviat:
3245 2885 3314 2941 In
3347 2903 3452 2960 qua
3503 2885 3648 2953 enim

2057 3003 2326 3056 mensura,
2358 2987 2454 3055 ait,
2489 2989 2655 3042 mensi
2701 2986 2934 3056 fueritis,
2967 2983 3272 3044 remetiatur
3303 2991 3356 3048 et
3402 2981 3546 3044 vobis
3568 2997 3602 3047 q
3633 3016 3651 3036 .

2058 3080 2229 3136 Stude
2259 3082 2448 3146 omnia
2489 3096 2615 3138 cum
2664 3077 3000 3142 conscientia
3053 3075 3279 3142 facere,
3326 3082 3381 3131 et
3437 3083 3646 3130 certum

2057 3173 2201 3231 habe
2244 3184 2296 3230 te
2337 3173 2584 3238 nondum
2623 3173 2766 3236 viam
2818 3186 2987 3242 quam
3035 3168 3304 3236 ambules,
3358 3166 3650 3236 reperisse,

2053 3281 2178 3322 cum
2211 3265 2453 3326 audieris
2481 3266 2536 3320 in
2569 3265 2624 3319 id
2667 3263 2990 3334 collapsum,
3033 3260 3181 3338 quod
3218 3271 3268 3316 le
3298 3258 3651 3315 existimaras

2057 3358 2234 3414 facere
2256 3374 2381 3414 cum
2411 3359 2769 3415 conscientia.
2798 3355 2990 3412 Omnia
3014 3355 3133 3410 sine
3160 3353 3497 3416 turbatione,
3529 3351 3652 3408 sine

2059 3451 2330 3515 molestia,
2361 3465 2488 3504 eum
2520 3449 2722 3520 gaudio
2749 3447 2989 3518 suscipe.
3029 3443 3247 3502 iudicio
3285 3443 3650 3515 coaequalium

2055 3552 2109 3598 te
2138 3541 2320 3607 crede,
2354 3557 2480 3596 cum
2509 3541 2613 3596 vel'
2634 3543 2780 3611 quod
2821 3539 3005 3595 minus
3044 3537 3357 3603 videbatur,
3406 3534 3648 3600 additur,

2056 3632 2141 3687 vel
2170 3632 2318 3703 quod
2343 3632 2486 3688 bene
2515 3639 2698 3688 actum
2742 3629 2942 3697 fuerat,
2975 3628 3174 3684 melius
3206 3637 3262 3684 et
3294 3627 3498 3683 rectius
3543 3627 3649 3680 ite-

2055 3731 2230 3778 ratur.
2266 3721 2340 3776 Da
2371 3738 2595 3791 operam
2623 3732 2684 3779 ut
2713 3721 2973 3792 proﬁcias
3001 3739 3015 3775 :
3048 3729 3110 3775 ut
3151 3735 3278 3776 cum
3308 3720 3405 3774 tibi
3430 3718 3650 3775 aﬂlictio

2056 3814 2239 3883 aliqua
2269 3815 2355 3868 vel
2380 3814 2685 3884 Spiritualis
2711 3813 2798 3869 vel
2819 3812 3128 3882 corporalis
3157 3811 3472 3883 contigerit,
3501 3811 3648 3866 illam

2054 3919 2182 3959 cum
2230 3903 2384 3957 omni
2438 3903 2700 3973 patientia
2741 3902 2886 3960 ferre
2924 3912 2981 3957 et
3021 3903 3298 3959 sustinere
3341 3917 3536 3973 queas.
3591 3901 3649 3958 Si

2055 3995 2298 4052 audieris
2323 3995 2432 4055 dici
2461 3995 2659 4056 fecisse
2681 4006 2736 4050 te
2754 4009 2873 4050 rem
2899 3994 3067 4049 ullam
3097 4009 3263 4065 quam
3289 4008 3399 4049 non
3431 3992 3646 4062 feceris,

2056 4103 2125 4143 ne
2152 4085 2412 4151 tut-beris,
2443 4101 2514 4142 no
2539 4085 2964 4150 commovearis,
2994 4085 3091 4140 sed
3117 4084 3264 4140 illico
3293 4084 3651 4140 inclinatione

2055 4179 2305 4251 corporis
2333 4179 2600 4235 honorem
2611 4179 2898 4244 exhibens,
2920 4178 3074 4232 illum
3097 4176 3193 4248 qui
3223 4177 3323 4232 tibi
3351 4175 3405 4231 id
3425 4176 3647 4242 dixerit,

2055 4280 2118 4327 ut
2145 4271 2244 4328 tibi
2272 4271 2511 4327 dimittat
2536 4281 2593 4327 et
2623 4280 2743 4328 oret
2775 4285 2876 4342 pro
2909 4279 2960 4326 te
2994 4285 3120 4327 cum
3155 4269 3474 4326 humilitate
3495 4285 3646 4341 roga,

2055 4369 2262 4430 et-post
2285 4359 2405 4414 haec
2431 4361 2659 4414 omnino
2687 4359 2966 4414 silentium
2991 4358 3160 4429 agito.
3195 4357 3291 4413 Sin
3317 4372 3449 4413 vero
3477 4358 3648 4413 inter-

2056 4462 2282 4524 rogatus
2328 4451 2500 4506 fueris
2546 4466 2812 4514 verumne
2859 4451 2932 4507 sit
2974 4451 3121 4522 quod
3169 4449 3365 4508 fecisse
3400 4451 3648 4517 diceris;

365 4536 555 4601 αὐτοῦ,
591 4539 640 4590 εί
671 4536 874 4608 ἀληθές
915 4539 1034 4592 ἐστι
1073 4539 1137 4592 τὸ
1186 4541 1441 4611 πρᾶγμα,
1481 4540 1629 4614 ἥοῦ,
1669 4543 1793 4596 τότε
1828 4543 1952 4614 βάλε

2064 4555 2186 4616 post
2232 4545 2645 4600 inclinationem
2701 4546 2954 4616 corporis
2997 4560 3124 4601 eum
3184 4545 3649 4610 mansuetudine,

369 4627 661 4699 μετάνοιαν
693 4628 833 4700 μετὰ
853 4629 1264 4698 ταπεινώσεως,
1286 4631 1465 4702 λέγων
1515 4634 1658 4703 μετὰ
1691 4634 1954 4706 ἀληθείας

364 4720 485 4784 πῶς
505 4717 574 4789 ἦν
596 4722 657 4774 τὸ
688 4722 947 4794 πρᾶγμα.
974 4724 1086 4778 Καὶ
1117 4725 1236 4794 μεθ’
1259 4725 1287 4778 ὃ
1308 4725 1490 4796 λέγειν
1522 4727 1686 4782 πάλιν
1705 4726 1836 4797 βάλε
1860 4747 1956 4801 με-

362 4814 584 4877 τάνοιαν
631 4816 776 4925 μετὰ
846 4817 1255 4888 ταπεινώσεως,
1329 4819 1530 4889 λέγων,
1579 4821 1956 4925 zman

362 4924 458 4980 μοι
478 4911 584 4976 ,καὶ
605 4905 760 4976 εὖξαι
794 4910 946 4979 μένοι
976 4910 1043 4966 δ’.

1011 5003 1353 5073 Ἐρώτησις·

435 5093 500 5147 Τί
535 5095 769 5166 ποιήσω,
800 5097 884 5149 ὅτι
912 5097 974 5149 οὐ
1015 5095 1116 5168 τὴν
1145 5098 1316 5170 αὐτὴν
1362 5099 1471 5169 ἔχω
1516 5100 1856 5157 κατάστασιν
1899 5104 1958 5155 ὲν

363 5188 431 5255 τῇ
473 5181 781 5259 ἀπαντήσει
808 5187 918 5246 τῶν
943 5188 1194 5257 ἀδελφῶν
1221 5209 1236 5256 ;

1009 5374 1373 5445 Ἀπόκρισις.

439 5462 551 5530 Τὴν
585 5463 683 5532 μὲν
717 5465 888 5535 αὐτὴν
923 5467 1258 5521 κατάστασιν
1305 5470 1364 5522 ὲν
1398 5471 1464 5541 τῇ
1511 5471 1814 5542 ἀπαντήσει
1849 5471 1954 5524 τῶν

435 5597 678 5655 qMatth.
720 5615 814 5665 vn,
865 5603 919 5654 ιι.

2060 4637 2223 4710 453
2258 4653 2374 4693 rem
2420 4653 2638 4693 omnem
2673 4636 2868 4696 ordine
2907 4653 3010 4695 suo
3041 4653 3165 4697 cum
3210 4638 3440 4694 veritate
3469 4639 3653 4693 mani-

2062 4733 2224 4788 festa.
2251 4730 2316 4786 Et
2347 4732 2459 4787 hoc
2485 4732 2654 4795 dicto,
2687 4746 2906 4785 rursum
2940 4746 3175 4802 corpore
3204 4731 3468 4788 inclinato
3495 4748 3652 4787 reve-

2064 4823 2295 4878 rentiam
2329 4823 2620 4889 exhibens,
2652 4832 2712 4877 ut
2747 4837 2846 4894 pro
2877 4831 2928 4876 te
2972 4823 3244 4894 supplicet
3284 4824 3570 4886 altissimo,
3599 4835 3653 4878 et

2066 4917 2282 4970 veniam
2311 4916 2423 4982 det,
2451 4924 2662 4986 rogato.

2664 5007 3040 5078 Interrogatio.

2139 5101 2276 5168 Quid
2313 5101 2556 5156 faciam?
2583 5099 2702 5154 Nnn
2732 5100 2878 5155 enim
2918 5101 2970 5157 id
3019 5100 3150 5154 mihi
3186 5107 3272 5155 est
3313 5098 3481 5154 animi
3523 5114 3650 5155 cum

2065 5196 2265 5250 fratres
2295 5194 2489 5250 obvios
2514 5195 2779 5259 habuero,
2806 5203 2901 5250 ant
2928 5194 2994 5248 ad
3031 5194 3134 5246 hoc
3159 5208 3244 5247 me
3267 5203 3574 5264 promptum
3597 5205 3654 5250 et

2062 5293 2310 5354 paratum
2343 5285 2578 5341 offendo.

2701 5379 3011 5449 Responsio.

2135 5475 2188 5528 In
2219 5474 2410 5529 eodem
2443 5483 2585 5529 statu
2620 5488 2738 5528 esse
2762 5488 2979 5542 semper
3010 5472 3151 5528 haud
3182 5482 3355 5552 potes,
3389 5471 3518 5526 dum
3541 5468 3652 5526 fra-

1670 5715 1906 5773 VARIE
1940 5717 2350 5778 LECTIONES.

425 5821 470 5852 "
520 5827 712 5883 Μένοι.
753 5827 890 5896 ὑπὲρ
920 5830 1073 5893 ἐμοῦ.
1121 5848 1124 5849 ⁷
