4062 6414
414 380 562 447 ἔξω

1743 377 2132 439 DARO’I‘HEI
2176 377 2493 441 ABBATIS

3575 386 3709 455 i808

408 496 597 550 tribus
627 490 739 548 tuis
762 490 962 547 obvias
988 508 1001 544 :
1032 490 1129 546 sed
1157 488 1375 544 interim
1408 487 1475 543 da
1499 502 1720 560 operam
1752 503 1822 545 ne
1848 503 2001 544 scan-

2134 488 2359 558 ιδελφῶν
2400 489 2554 544 οὔπω
2585 490 2813 547 δύνασαι
2846 493 2992 564 ἔχειν
3013 511 3027 524 '
3077 495 3214 552 ἀλλὰ
3244 498 3383 562 τέως
3419 498 3686 568 σπούδαζε
3710 546 3723 564 ,

418 586 677 642 dalizeris
710 583 767 639 in
796 582 1004 654 aliquo,
1047 596 1226 651 neque
1265 578 1481 650 judices
1526 594 1882 651 quemquam,
1914 587 2010 634 aut

412 674 738 746 obloquaris
782 673 852 729 de
900 672 1102 742 aliquo.
1156 669 1304 726 Neve
1348 672 1602 726 advertas
1649 670 1892 725 animum
1941 671 2008 725 ad

417 778 752 831 sermonem,
794 772 889 817 aut
915 776 1074 831 opus,
1108 768 1203 815 aut
1236 767 1446 814 motum
1478 758 1652 813 ullum
1680 756 2008 822 fraternum,

419 860 720 931 quominus
751 854 1075 921 aediﬁeeris;
1122 853 1217 909 sed
1246 862 1304 908 ιιι
1345 862 1396 910 te
1435 851 1611 923 magis
1650 853 1705 906 in
1753 850 2012 906 omnibus

420 966 552 1006 cura
577 960 926 1019 componere.
965 942 1155 1015 Neque
1182 944 1318 1000 velis
1351 943 1626 1015 gloriosus
1655 942 1850 1009 videri,
1878 942 2010 997 dum

417 1044 664 1115 loqueris
687 1085 703 1110 ,
733 1041 864 1097 dum
892 1039 1030 1095 facis
1059 1038 1361 1109 quidpiam.
1407 1037 1739 1093 Libertatem
1787 1036 1842 1091 in
1872 1051 2011 1092 cun-

420 1135 523 1191 ctis
551 1134 791 1206 posside,
822 1132 880 1187 in
901 1132 1339 1197 conversatione,
1368 1130 1422 1184 in
1446 1144 1700 1184 sermone
1721 1136 1777 1183 et
1802 1128 1855 1182 in
1876 1142 2013 1182 una-

418 1241 638 1297 quaquc
670 1241 732 1281 re
773 1224 1101 1281 tenuissima
1142 1232 1198 1278 et
1235 1222 1485 1276 minima.
1518 1220 1657 1276 Cum
1697 1220 1845 1276 enim
1886 1220 2011 1289 quis

417 1328 767 1392 Oppugnatur
790 1318 880 1373 vel
925 1315 1182 1387 afﬂigitur
1225 1315 1296 1369 ab
1336 1313 1523 1383 aliqua
1561 1313 1756 1368 vitiosa
1807 1313 2013 1384 cogita-

419 1408 588 1473 tione,
620 1415 676 1462 et
707 1422 830 1462 eam
869 1406 938 1461 ad
973 1416 1156 1462 actum
1186 1404 1478 1474 perducit,
1508 1403 1794 1460 invalescit
1817 1403 2010 1457 vitium

418 1500 476 1554 in
514 1499 693 1570 ipsum
723 1516 737 1554 :
769 1506 826 1553 et
865 1497 981 1569 ipse
1008 1497 1060 1554 ei
1086 1496 1462 1553 fortitudinem
1498 1495 1640 1551 hanc
1662 1503 1910 1565 prazstat,
1953 1503 2013 1549 ut

416 1592 679 1663 deinceps
717 1590 918 1646 fortius
958 1598 1310 1661 oppugnetur
1346 1597 1402 1644 et
1441 1588 1734 1659 aﬂligalur.
1780 1586 1923 1654 Quia
1964 1586 2010 1643 si

417 1698 520 1755 pro
552 1682 697 1738 virili
727 1691 881 1753 parte
913 1680 1231 1752 cogitationi
1272 1678 1680 1749 repugnaverit,
1709 1685 1764 1732 et
1792 1686 2012 1733 contra-

2121 578 2198 650 μὴ
2240 581 2701 654 σκανδαλισθῆναι
2734 582 2794 638 ἐν
2827 600 2961 651 τινι,
2997 584 3137 657 μηδὲ
3185 587 3543 655 κατακρίνειν
3571 593 3708 655 τινὰ,

2116 669 2253 741 μηδὲ
2276 672 2602 729 κατακαλεῖν
2628 692 2796 740 τινος,
2819 676 2956 747 μηδὲ
2980 672 3273 748 προσέχειν
3294 676 3463 749 λόγῳ,
3486 678 3521 750 ἢ
3545 679 3711 751 ἔργῳ,

2112 759 2146 831 ἢ
2168 761 2437 832 κινῆματι
2461 762 2707 833 ἀδελφῶν
2740 764 2817 837 μὴ
2837 764 3179 834 ὠφελοῦντός
3213 766 3259 799 ⁸³
3284 785 3343 821 σε
3364 783 3397 837 κ
3420 767 3558 823 ἀλλὰ
3581 769 3712 839 μᾶλ-

2112 852 2203 906 λον
2252 854 2523 920 σπούδαζε
2567 859 2626 911 ἐν
2676 858 2845 911 πᾶσιν
2886 859 3199 930 οίκοδομεῖν
3245 858 3466 923 ἑαυτὸν,
3508 859 3605 913 καὶ
3640 860 3714 933 μὴ

2113 944 2235 999 θέλε
2267 949 2541 1019 φανητιᾷν
2565 950 2622 1004 ὲν
2648 949 2815 1022 λόγῳ,
2840 949 2871 1021 ἢ
2897 949 3066 1022 ἔργῳ,
3090 951 3187 1005 καὶ
3213 951 3541 1018 κενοδοξεῖν.
3571 951 3716 1019 Kst-

2114 1053 2205 1089 σαι
2233 1037 2554 1109 ἐλευθερίαν
2594 1043 2675 1104 εἰς
2701 1040 2800 1112 τὴν
2828 1041 3044 1097 διαίταν
3083 1057 3202 1109 σου,
3247 1043 3343 1096 καὶ
3375 1045 3459 1105 εἰς
3498 1042 3591 1095 τὸν
3624 1041 3713 1095 λό-

2111 1145 2208 1197 γον
2235 1145 2351 1195 σου,
2383 1130 2489 1194 ἕως
2510 1130 2711 1185 λεπτοῦ
2736 1134 3089 1204 πράγματος.
3115 1133 3359 1188 Γίνωσκε
3382 1132 3493 1201 ὅτι,
3509 1133 3606 1188 ἐὰν
3625 1150 3719 1187 πο-

2113 1217 2347 1290 λεμῆταὶ
2373 1237 2479 1284 τις,
2521 1221 2553 1293 ἢ
2591 1220 2838 1275 Θλίὸεται
2887 1223 2991 1276 ὑπό
3029 1239 3176 1286 τινος
3221 1220 3513 1293 ἐμπαθοῦς
3555 1222 3707 1291 λογι-

2116 1312 2279 1382 σμοῦ,
2317 1314 2409 1365 καὶ
2432 1312 2739 1386 ἐξαγορεύῃ
2770 1315 2955 1381 αὑτὸν,
2985 1314 3151 1380 αὐτὸς
3189 1317 3534 1387 ἰσχυροποιεῖ
3560 1313 3721 1369 αὐτὸν

2115 1401 2241 1455 καθ’
2273 1403 2473 1458 ἑαυτοῦ
2498 1421 2511 1435 ·
2544 1405 2716 1459 oio-vel
2764 1404 2997 1477 δύναμιν
3045 1408 3306 1478 παρέχων
3350 1405 3512 1476 αὐτῷ,
3548 1405 3631 1469 είς
3659 1405 3721 1458 τὸ

2123 1494 2288 1548 πλέον
2349 1496 2606 1567 πολεμεῖν
2647 1497 2744 1551 καὶ
2786 1496 2996 1551 θλίϐειν
3044 1498 3233 1551 αὐτόν.
3285 1497 3411 1551 Ἐὰν
3453 1497 3511 1550 δὲ
3559 1497 3719 1551 πάλιν

2121 1585 2485 1658 ἀγωνίσηται,
2522 1587 2622 1642 καὶ
2673 1588 2973 1661 ἐναντιωθῇ
3007 1589 3085 1660 τῷ
3112 1588 3361 1660 λογισμῷ
3402 1588 3594 1655 αὐτοῦ,
3630 1589 3720 1643 καὶ

2116 1682 2390 1757 ἑνεργήσῃ
2424 1682 2494 1735 τὰ
2546 1681 2938 1753 ἐναντιούμενα
2995 1681 3147 1753 αὐτῷ
3173 1723 3189 1748 ,
3221 1682 3409 1747 καθὼς
3460 1683 3719 1748 πολλάκις

418 1775 503 1831 ria
534 1775 614 1831 illi
646 1772 985 1845 opposuerit,
1030 1772 1349 1827 debilitatur
1377 1771 1596 1834 vitium,
1637 1778 1694 1825 et
1735 1770 2011 1839 impotens

2134 1774 2365 1843 ιῖπομεν,
2402 1772 2687 1837 ἐξασθενεῖ
2714 1774 2777 1826 τὸ
2809 1774 3002 1838 πάθος,
3038 1774 3137 1827 καὶ
3161 1774 3458 1845 ἀνίσχυρον
3501 1774 3715 1844 γίνεται

419 1867 483 1922 ﬁt
510 1842 699 1923 denuo
717 1842 784 1919 ad
815 1862 1241 1935 oppugnandum
1272 1876 1401 1918 eum
1429 1878 1445 1928 ;
1486 1861 1678 1932 sicque
1711 1869 1932 1916 certans
1961 1869 2016 1915 et

2134 1866 2196 1928 Li;
2224 1864 2285 1917 τὸ
2314 1864 2578 1935 πολεμεῖν
2611 1864 2705 1917 καὶ
2756 1864 2962 1918 θλίϐειν
2997 1864 3161 1919 αὐτόν
3184 1882 3198 1896 υ
3238 1842 3335 1919 καλ
3365 1842 3549 1930 οὕτως
3580 1865 3723 1919 κατὰ

422 1973 454 2013 a
499 1957 611 2013 Deo
649 1956 871 2028 adjutus
913 1955 971 2009 in
1005 1952 1325 2019 certamine,
1365 1952 1573 2009 sensim
1611 1952 1804 2007 vitium
1833 1951 2014 2022 ipsum

2134 1954 2316 2026 ιικρὸν
2338 1955 2764 2025 ἀγωνιζόμενος,
2798 1957 2895 2009 καὶ
2920 1956 3119 2027 βοηθού
3127 1973 3289 2028 μενος
3310 1956 3417 2010 ὑπὸ
3438 1956 3534 2010 τοῦ
3556 1955 3718 2023 Θεοῦ,

421 2051 650 2107 omnino
684 2057 904 2121 superat
934 2057 993 2103 et
1018 2046 1272 2103 conterit.
1308 2044 1453 2101 Deus
1487 2059 1588 2100 nos
1615 2051 1868 2116 protegat
1892 2058 2018 2116 pre-

2134 2046 2464 2119 περιγίνεται
2500 2047 2597 2100 καὶ
2623 2046 2791 2101 αὖτοῦ
2832 2048 2925 2101 τοῦ
2958 2048 3187 2113 πάθους.
3232 2048 3291 2102 Ὀ
3347 2048 3483 2113 Θεὸς
3515 2049 3723 2105 σκεπά-

421 2142 581 2197 cibus
618 2141 865 2196 omnium
905 2145 1247 2194 sanctorum.
1286 2134 1480 2190 Amen.

2134 2156 2205 2193 rei
2241 2139 2390 2211 ἡμᾶς
2405 2139 2593 2211 εὐχαῖς
2616 2140 2839 2215 πάντων
2876 2140 2987 2194 τῶν
3011 2141 3212 2211 -ἁγίων,
3261 2141 3454 2214 Ἀμήν.

878 2245 907 2264 Γ
936 2250 953 2290 λ
1885 2266 2262 2342 Interrogatio.

492 2363 567 2420 Ut
595 2364 726 2434 quid
757 2364 927 2418 abbas
964 2361 1159 2419 i’aStor
1178 2363 1361 2419 dixit:
1394 2360 1522 2417 Tria
1551 2373 1673 2417 esse
1692 2358 1993 2431 principia,
2036 2362 2230 2420 timere
2261 2361 2576 2432 Dominum,
2606 2365 2916 2437 supplicare
2950 2365 3084 2435 Deo,
3114 2374 3168 2423 et
3198 2367 3252 2423 in
3282 2367 3595 2439 proximum
3639 2368 3720 2422 fa-

421 2474 547 2515 cere
580 2457 1012 2514 misericordiam
1036 2457 1061 2511 ?

684 2558 713 2569 σι’

1052 2592 1057 2598 ,
1902 2550 2211 2622 Responsio.

496 2648 823 2703 Timendum
857 2661 980 2703 esse
1012 2644 1305 2701 Dominum
1337 2643 1475 2700 dixit
1526 2656 1690 2699 senex
1716 2682 1733 2711 ,
1776 2641 1909 2714 quia
1944 2643 2107 2699 timor
2154 2643 2250 2699 Dei
2290 2645 2548 2701 virtutem
2586 2660 2806 2704 omnem
2855 2649 3134 2720 praecedit.
3174 2649 3523 2723 Principium
3566 2649 3717 2705 enim

423 2744 702 2831 rapientia:
731 2754 805 2797 est
843 2744 1002 2796 timor
1034 2739 1340 2805 Domini";
1375 2746 1430 2794 et
1470 2738 1658 2792 nullus
1702 2736 1913 2807 absque
1946 2736 2144 2792 timore
2190 2735 2288 2793 Dei
2319 2738 2575 2794 virtutem
2605 2736 2809 2812 dirigit,
2862 2755 2955 2799 aut
3005 2744 3212 2800 bonum
3262 2744 3487 2816 aliquod
3530 2760 3545 2798 :
3594 2757 3721 2799 cum

426 2828 626 2894 timore
655 2835 750 2890 Dei
778 2833 1015 2890 declinet
1039 2832 1219 2904 quivis
1247 2847 1278 2887 a
1326 2831 1488 2887 malo.
1539 2828 1972 2901 Supplicandum
2014 2838 2197 2885 autem
2244 2844 2369 2887 esse
2406 2831 2638 2887 Domino
2670 2833 2843 2901 dixit,
2880 2834 3009 2905 quia
3042 2851 3220 2907 neque
3257 2837 3516 2891 virtutem
3545 2842 3725 2904 potest

424 2929 709 3001 possidere
742 2927 928 2993 homo,
956 2939 1133 2995 neque
1156 2922 1391 2994 quodvis
1423 2922 1571 2977 aliud
1602 2921 1807 2977 bonum
1847 2919 2029 2977 facere
2054 2921 2137 2990 (ut
2166 2919 2327 2991 dixi),
2355 2923 2568 2979 etiamsi
2600 2924 2657 2979 id
2686 2926 2816 2981 velit
2842 2935 2898 2982 et
2923 2937 3142 2999 appetat
3166 2945 3265 3000 per
3318 2929 3577 2984 timorem
3600 2926 3718 2993 Dei,

426 3021 638 3091 absque
667 3032 769 3089 ope
804 3024 858 3073 et
886 3016 1092 3072 auxilio
1124 3014 1331 3071 divino.
1372 3012 1532 3084 Opus
1578 3013 1725 3069 enim
1754 3024 1838 3067 εει
1861 3012 2156 3083 diligentiae
2190 3022 2247 3069 et
2289 3015 2476 3070 studio
2507 3025 2696 3073 nostro
2726 3018 2894 3074 etiam
2935 3021 3180 3076 divinum
3217 3022 3514 3077 auxilium.
3546 3017 3726 3085 Quare

426 3129 651 3171 necesse
679 3121 763 3168 est
798 3112 992 3183 Quavis
1022 3111 1077 3165 in
1118 3124 1179 3166 re
1211 3110 1376 3166 etiam
1409 3108 1636 3163 minima
1677 3107 1991 3179 supplicare
2020 3115 2076 3161 et
2119 3122 2280 3163 orare
2311 3107 2629 3179 Dominum,
2660 3119 2721 3166 ut
2764 3112 3076 3183 cuicunque
3114 3114 3318 3169 actioni
3347 3124 3552 3171 nostras
3572 3117 3727 3173 adsit
3804 3094 3811 3099 ’

426 3216 482 3264 et
509 3220 666 3278 opem
705 3201 867 3260 ferat.
903 3202 1236 3260 Benefacere
1264 3210 1446 3257 autem
1492 3201 1766 3272 proximo,
1797 3199 1903 3255 hoc
1946 3198 2231 3256 charitatis
2254 3212 2339 3256 est
2363 3209 2417 3256 et
2447 3202 2673 3259 amoris.
2712 3203 2984 3270 Quoniam
3030 3204 3200 3276 igitur
3229 3205 3323 3276 qui
3359 3205 3526 3261 Deum
3568 3208 3725 3265 timet

425 3311 481 3358 et
511 3300 746 3356 Domino
780 3298 1071 3370 supplicat,
1107 3296 1212 3352 sibi
1247 3297 1351 3351 soli
1395 3293 1639 3365 prodest,
1672 3301 1729 3349 et
1754 3293 1932 3348 virtus
1962 3292 2145 3347 omnis
2188 3306 2291 3363 per
2335 3294 2662 3350 cliaritatem
2707 3310 2837 3367 erga
2871 3296 3186 3367 proximum
3232 3297 3562 3370 perﬁcitur;
3604 3300 3725 3356 ideo

426 3395 566 3452 dixit
610 3410 775 3450 senex
811 3394 974 3449 etiam
1029 3393 1280 3463 proximo
1317 3389 1792 3446 benefaciendum.
1849 3385 1986 3441 Nam
2026 3387 2123 3457 qui
2166 3385 2337 3443 Deum
2386 3389 2540 3445 timet
2585 3398 2641 3445 et
2687 3389 2866 3446 eidem
2923 3381 3215 3462 supplicat,
3270 3392 3434 3447 debet
3480 3391 3573 3447 hic
3620 3392 3726 3447 uti-

426 3506 535 3561 que
566 3488 816 3560 proximo
850 3487 1108 3558 prodesse
1134 3494 1188 3542 et
1229 3484 1572 3541 benefacere.
1615 3481 1732 3538 Hoc
1757 3491 1839 3539 est
1867 3480 2013 3553 enim
2058 3482 2160 3552 (ut
2199 3481 2355 3555 dixi)
2405 3483 2696 3540 charitatis
2741 3492 2797 3540 et
2834 3485 3044 3541 amoris
3088 3484 3395 3556 proprium.
3440 3481 3569 3541 Haec
3596 3499 3723 3555 per-

429 3588 597 3646 fectio
628 3589 890 3644 virtutum
925 3596 1045 3654 est,
1079 3598 1141 3642 ut
1183 3586 1259 3642 ait
1305 3592 1529 3643 sanctus
1577 3582 1875 3655 Apostolus
1907 3594 1954 3637 ⁸.
1990 3580 2176 3639 Gloria
2209 3586 2283 3642 sit
2326 3583 2438 3642 Deo
2477 3594 2693 3647 nostro,
2740 3596 2891 3639 nunc
2924 3588 2980 3637 et
3023 3580 3076 3635 in
3117 3577 3319 3635 srecula
3372 3580 3719 3633 surculorum.

429 3686 626 3741 Amen.

964 3798 1315 3856 DOCTRINA
1344 3798 1485 3855 ΧΙΧ.

2608 3795 3025 3853 ΔΙΔᾹΣΚΑΛΙΑ
3081 3792 3183 3847 ιθν.

575 3896 832 3968 Ejusdem
872 3896 1045 3951 breves
1078 3906 1127 3950 et
1156 3894 1553 3965 compendiose
1581 3890 1879 3947 sententiae.

504 3987 700 4043 Aiebat
732 3985 905 4043 abbas
932 3984 1245 4041 Dorotheus
1273 4000 1401 4042 eum
1447 3984 1543 4055 qui
1578 3982 1786 4055 preprii
1826 3995 2024 4038 sensus

431 4087 487 4134 et
516 4076 820 4134 voluntatis
852 4086 1019 4142 esset,
1054 4076 1201 4131 haud
1245 4090 1491 4148 unquam
1525 4090 1715 4144 parere
1747 4087 1910 4144 posse
1942 4073 2026 4128 vel

433 4170 716 4225 adbarere
744 4167 979 4237 proximi
1015 4167 1257 4223 utilitati.

506 4260 700 4316 Aiebat
724 4260 912 4325 etiam,
946 4275 1072 4316 cum
1112 4260 1287 4316 simus
1323 4273 1516 4316 omnes
1544 4266 1885 4329 peccatores,
1916 4273 2029 4314 non

433 4354 633 4409 debere
673 4369 777 4409 nos
808 4367 1025 4422 semper
1050 4361 1105 4408 et
1147 4354 1202 4408 in
1230 4352 1444 4407 cunctis
1473 4351 1644 4407 menti
1672 4359 1874 4407 nostra!
1906 4366 2025 4406 cre-

434 4448 598 4503 dere:
629 4447 909 4518 obliquam
934 4446 1082 4503 enim
1110 4446 1355 4518 regulam
1380 4460 1500 4515 quis
1527 4458 1674 4500 recta
1707 4453 1913 4511 essent,
1942 4443 2029 4499 in-

435 4540 658 4596 ﬂectere
687 4547 743 4594 et
776 4538 1113 4609 intorquere.

506 4629 666 4686 ilaud
708 4645 831 4686 esse
871 4644 1131 4701 maguum
1176 4643 1287 4704 non
1317 4628 1567 4700 judicare
1593 4670 1610 4695 ,
1650 4640 1749 4684 aut
1793 4631 2032 4699 compati

440 4723 641 4780 afﬂicto
661 4731 715 4779 et
742 4722 960 4779 subdito
985 4723 1120 4789 tibi;
1156 4722 1255 4778 sed
1280 4736 1539 4793 magnum
1575 4736 1686 4776 non
1720 4722 1909 4789 irasci,
1938 4728 2034 4776 aut

439 4814 680 4872 conferri
725 4813 774 4869 ei
817 4814 912 4884 qui
960 4813 1033 4868 ob
1069 4812 1261 4867 vitium
1300 4827 1464 4868 suum
1509 4812 1606 4867 tibi
1649 4812 1835 4884 aliqua
1875 4812 1931 4867 in
1975 4826 2035 4867 re

439 4907 873 4973 contradixerit,
916 4921 1094 4976 neque
1135 4909 1427 4962 convenire
1466 4921 1593 4961 cum
1640 4920 1708 4961 eo
1738 4905 1834 4977 qui
1879 4905 2034 4961 illum

435 5000 784 5074 iudicaverit,
819 4999 903 5054 vel
935 4998 1309 5069 congratulari
1364 4998 1442 5054 illi
1481 4998 1578 5069 qui
1644 5004 1698 5053 te
1760 4999 1810 5053 ei
1878 5004 2035 5053 ante-

441 5093 650 5157 tulerit,
684 5093 789 5148 hoc
823 5091 1013 5161 utique
1041 5105 1328 5161 magnum.

512 5186 679 5261 454
727 5186 833 5254 Qui
876 5201 985 5243 non
1028 5168 1653 5255 eunteinpserit'mundi
1684 5180 1922 5252 gloriam
1966 5192 2024 5237 et

443 5281 694 5350 corporis
720 5281 979 5351 quietem,
1019 5290 1074 5334 et
1099 5278 1345 5349 justitias
1368 5275 1607 5346 denique
1638 5289 1860 5340 omnes,
1890 5274 2039 5332 haud

446 5390 611 5447 posse
638 5390 882 5445 unquam
915 5374 1193 5446 propriam
1223 5372 1564 5429 voluntatem
1596 5385 1626 5425 a
1648 5384 1708 5426 se
1734 5382 2042 5435 removere,

526 5526 722 5610 tl‘sal.
774 5568 864 5615 cx,
921 5550 1005 5607 i0.
1040 5563 1061 5591 ι
1106 5550 1265 5607 Rom.
1293 5564 1414 5615 xm,
1446 5550 1534 5605 10.

2240 3890 2352 3947 Τοῦ
2391 3890 2581 3946 αὐτοῦ
2616 3890 2858 3962 ῥήματα
2888 3886 3165 3957 διάφορα,
3208 3884 3278 3937 ἐν
3307 3883 3613 3951 συντόμῳ.

2209 3985 2269 4039 '0
2291 3984 2466 4048 ἀϐσᾶς
2495 3983 2777 4056 Δωρόθεος
2819 3981 3006 4049 ἔλεγεν
3048 3981 3132 4033 ὅτι
3162 3976 3428 4032 ἀδύνατόν
3479 3978 3599 4029 ἐστι
3637 3976 3727 4030 τὸν

2127 4078 2321 4149 ἔχοντα
2365 4078 2505 4133 ἰδίαν
2536 4077 2781 4142 σύνεσιν,
2813 4075 2847 4146 ἢ
2892 4074 3032 4127 ἴδιον
3062 4069 3351 4142 λογισμὸν,
3383 4069 3728 4140 ὑποταγῆναι

2130 4175 2226 4229 καὶ
2252 4172 2619 4244 ἀκολουθῆσαι
2637 4172 2702 4227 τὸ
2725 4170 2892 4225 καλὸν
2920 4168 3019 4223 τοῦ
3052 4166 3307 4238 πλησίον.

2201 4264 2397 4333 Ἔλεγε
2428 4262 2613 4329 πάλιν,
2642 4264 2728 4318 ὅτι
2778 4260 3052 4333 ἐμπαθεῖς
3080 4259 3258 4323 ὅντες,
3293 4258 3397 4311 οὐκ
3426 4258 3729 4328 -ὀφείλομεν

2130 4358 2266 4419 ὅλως
2300 4355 2581 4411 πιστεύειν
2606 4355 2816 4428 τῇ.ῑδίᾳ
2855 4353 3056 4426 καρδίᾳ
3083 4370 3097 4385 ·
3133 4352 3379 4424 σκαμσὸς
3413 4352 3523 4423 γὰρ
3552 4346 3734 4404 κανὼν

2132 4449 2226 4505 καὶ
2250 4449 2322 4503 τὰ
2349 4448 2488 4520 ὀρθὰ
2519 4447 2747 4519 σκαμσά
2772 4449 2937 4500 ποιεῖ.

2208 4634 2404 4711 Ἔλεγε
2455 4634 2643 4701 πάλιν,
2689 4634 2773 4687 ὅτι
2801 4632 2904 4686 οὐκ
2933 4630 3047 4683 ἔστι
3073 4630 3215 4701 μέγα
3246 4628 3308 4682 τὺ
3351 4627 3427 4699 μὴ
3456 4629 3666 4699 κρῖναι,
3700 4627 3736 4699 ἢ

2134 4728 2230 4783 καὶ
2258 4726 2620 4798 συμπαθῆσαι
2649 4725 2725 4795 τῷ
2763 4726 2823 4778 ὲν
2847 4723 3024 4794 θλίψει
3070 4721 3185 4775 ὄντι
3217 4721 3316 4775 καὶ
3366 4719 3740 4774 ὑποπίπτοντί

2138 4836 2221 4917 σοι
2250 4818 2437 4917 vtem
2465 4817 2523 4917 ξε
2562 4819 2678 4917 ἐστι
2725 4815 2908 4917 ⁸’δίκμὴ
2940 4816 3148 4917 κρῖναι,
3179 4811 3214 4883 ἢ
3234 4813 3640 4917 ἔντιπατῆσαιι.
3658 4810 3743 4881 τῷ

2136 4912 2224 4965 διὰ
2259 4902 2440 4975 ἶτάθος
2470 4911 2604 4965 ἴδιον
2630 4906 2974 4978 ἀντιλέγοντί
3006 4923 3111 4971 σοι,
3151 4904 3289 4977 μηδὲ
3330 4902 3744 4975 συμπεισθῆναι

2142 4999 2281 5073 μετὰ
2297 5000 2392 5054 τοῦ
2423 4999 2710 5072 κρίναντος
2732 4998 2917 5064 αὐτὸν,
2932 4997 3037 5050 ικαὶ
3066 4992 3130 5050 τὸ
3153 4997 3501 5067 ωγχαρῆναι
3516 4993 3594 5066 τῷ
3613 4990 3749 5066 προ-

2058 5134 2109 5197 D
2139 5091 2441 5165 τιμωμένῳ
2483 5107 2586 5147 σοι.
2636 5120 2646 5135 ι

2222 5186 2422 5255 Ἔλεγε
2454 5185 2638 5248 πάλιν,
2674 5186 2757 5239 ὅτι
2786 5186 2813 5237 ὁ
2855 5182 2933 5253 μὴ
2982 5179 3346 5251 καταφρονῶν
3392 5177 3579 5248 πάσης
3612 5176 3745 5245 ὕλης

2144 5280 2239 5334 καὶ
2296 5278 2480 5348 δόξης,
2541 5277 2637 5331 καὶ
2688 5273 3010 5347 σωματικῆς
3068 5270 3453 5337 ἀναπαύσεως,
3504 5268 3585 5321 ἔτι
3639 5268 3749 5338 μὴν

2146 5369 2378 5424 καὶτῶν
2411 5369 2825 5439 δικαιωμάτων,
2872 5366 2937 5421 οὐ
2996 5363 3222 5419 δύναται
3273 5361 3441 5434 κόψαι
3479 5359 3550 5416 τὰ
3590 5358 3758 5429 θελή·

1764 5704 1996 5760 VABIE
2026 5702 2438 5762 LECTIONES.

537 5864 969 5937 ⁸³Ὠφελοῦντος.
1012 5864 1338 5938 ὠφελοῦν-ει.
