  <div class='ocr_page' id='page_1' title='image "/cluster/home/n/w/nwhite01/storage/ocr_20150623/88/coo.31924054869924/922.png"; bbox 0 0 4062 6406; ppageno 0'>
   <div class='ocr_carea' id='block_1_1' title="bbox 303 348 529 468">
    <p class='ocr_par' dir='ltr' id='par_1_1' title="bbox 303 348 529 468">
     <span class='ocr_line' id='line_1_1' title="bbox 303 348 529 468; baseline 0.013 -3"><span class='ocrx_word' id='word_1_1' title='bbox 303 395 445 468; x_wconf 80' lang='grc'><strong>1809</strong></span> <span class='ocrx_word' id='word_1_2' title='bbox 522 348 529 355; x_wconf 61' lang='grc'><strong>’</strong></span> 
     </span>
    </p>
   </div>
   <div class='ocr_carea' id='block_1_2' title="bbox 1643 394 2238 461">
    <p class='ocr_par' dir='ltr' id='par_1_2' title="bbox 1643 394 2238 461">
     <span class='ocr_line' id='line_1_2' title="bbox 1643 394 2238 461; baseline -0.013 1"><span class='ocrx_word' id='word_1_3' title='bbox 1643 394 2041 461; x_wconf 78' lang='lat' dir='ltr'><strong>DOCTRINA~</strong></span> <span class='ocrx_word' id='word_1_4' title='bbox 2078 394 2238 455; x_wconf 66' lang='lat' dir='ltr'><strong>XIX.</strong></span> 
     </span>
    </p>
   </div>
   <div class='ocr_carea' id='block_1_3' title="bbox 3441 383 3583 451">
    <p class='ocr_par' dir='ltr' id='par_1_3' title="bbox 3441 383 3583 451">
     <span class='ocr_line' id='line_1_3' title="bbox 3441 383 3583 451; baseline -0.021 -1"><span class='ocrx_word' id='word_1_5' title='bbox 3441 383 3583 451; x_wconf 75' lang='lat'><strong>181‘)</strong></span> 
     </span>
    </p>
   </div>
   <div class='ocr_carea' id='block_1_4' title="bbox 305 502 1919 593">
    <p class='ocr_par' dir='ltr' id='par_1_4' title="bbox 305 514 1899 593">
     <span class='ocr_line' id='line_1_4' title="bbox 305 514 1899 593; baseline -0.002 -19"><span class='ocrx_word' id='word_1_6' title='bbox 305 538 453 593; x_wconf 88' lang='grc' dir='ltr'>ματα</span> <span class='ocrx_word' id='word_1_7' title='bbox 485 518 676 585; x_wconf 77' lang='grc' dir='ltr'>αὐτοῦ,</span> <span class='ocrx_word' id='word_1_8' title='bbox 713 514 848 574; x_wconf 67' lang='grc' dir='ltr'>,οὐδὲ</span> <span class='ocrx_word' id='word_1_9' title='bbox 899 516 1310 574; x_wconf 71' lang='grc' dir='ltr'><strong>ἀπαλλάσσεται</strong></span> <span class='ocrx_word' id='word_1_10' title='bbox 1349 516 1519 589; x_wconf 82' lang='grc' dir='ltr'>ὀργῆς</span> <span class='ocrx_word' id='word_1_11' title='bbox 1571 520 1667 573; x_wconf 77' lang='grc' dir='ltr'><strong>καὶ</strong></span> <span class='ocrx_word' id='word_1_12' title='bbox 1698 518 1899 589; x_wconf 71' lang='grc' dir='ltr'>λύπης,</span> 
     </span>
    </p>
   </div>
   <div class='ocr_carea' id='block_1_5' title="bbox 2023 502 3584 593">
    <p class='ocr_par' dir='ltr' id='par_1_5' title="bbox 2023 502 3584 590">
     <span class='ocr_line' id='line_1_5' title="bbox 2023 502 3584 590; baseline -0.006 -25"><span class='ocrx_word' id='word_1_13' title='bbox 2023 508 2093 567; x_wconf 68' lang='lat' dir='ltr'><strong>rel</strong></span> <span class='ocrx_word' id='word_1_14' title='bbox 2120 510 2339 567; x_wconf 83' lang='lat' dir='ltr'><strong>liberari</strong></span> <span class='ocrx_word' id='word_1_15' title='bbox 2372 510 2441 567; x_wconf 84' lang='lat' dir='ltr'><strong>ab</strong></span> <span class='ocrx_word' id='word_1_16' title='bbox 2479 509 2558 565; x_wconf 84' lang='lat' dir='ltr'><strong>ira</strong></span> <span class='ocrx_word' id='word_1_17' title='bbox 2584 518 2636 565; x_wconf 82' lang='lat' dir='ltr'><strong>et</strong></span> <span class='ocrx_word' id='word_1_18' title='bbox 2664 506 2908 575; x_wconf 88' lang='lat' dir='ltr'><strong>tristitia,</strong></span> <span class='ocrx_word' id='word_1_19' title='bbox 2941 520 3037 561; x_wconf 77' lang='lat' dir='ltr'><strong>aut</strong></span> <span class='ocrx_word' id='word_1_20' title='bbox 3068 503 3317 590; x_wconf 79' lang='lat' dir='ltr'><strong>proximo</strong></span> <span class='ocrx_word' id='word_1_21' title='bbox 3348 502 3584 574; x_wconf 85' lang='lat' dir='ltr'><strong>quietem</strong></span> 
     </span>
    </p>
   </div>
   <div class='ocr_carea' id='block_1_6' title="bbox 300 609 1148 685">
    <p class='ocr_par' dir='ltr' id='par_1_6' title="bbox 300 609 1148 685">
     <span class='ocr_line' id='line_1_6' title="bbox 300 609 1148 685; baseline -0.002 -19"><span class='ocrx_word' id='word_1_22' title='bbox 300 612 427 667; x_wconf 78' lang='grc' dir='ltr'>οὐδὲ</span> <span class='ocrx_word' id='word_1_23' title='bbox 457 609 733 666; x_wconf 75' lang='grc' dir='ltr'><strong>ἀναπαύει</strong></span> <span class='ocrx_word' id='word_1_24' title='bbox 765 610 855 664; x_wconf 84' lang='grc' dir='ltr'>τὸν</span> <span class='ocrx_word' id='word_1_25' title='bbox 892 609 1148 685; x_wconf 83' lang='grc' dir='ltr'>πλησίον.</span> 
     </span>
    </p>
   </div>
   <div class='ocr_carea' id='block_1_7' title="bbox 374 698 1902 775">
    <p class='ocr_par' dir='ltr' id='par_1_7' title="bbox 374 698 1902 775">
     <span class='ocr_line' id='line_1_7' title="bbox 374 698 1902 775; baseline -0.003 -16"><span class='ocrx_word' id='word_1_26' title='bbox 374 704 547 760; x_wconf 85' lang='grc' dir='ltr'>Πάλιν</span> <span class='ocrx_word' id='word_1_27' title='bbox 607 698 754 768; x_wconf 75' lang='grc' dir='ltr'>εἷπε,</span> <span class='ocrx_word' id='word_1_28' title='bbox 793 704 888 775; x_wconf 78' lang='grc' dir='ltr'><strong>Μὴ</strong></span> <span class='ocrx_word' id='word_1_29' title='bbox 935 702 1159 758; x_wconf 84' lang='grc' dir='ltr'>ἀπαίτει</span> <span class='ocrx_word' id='word_1_30' title='bbox 1206 702 1429 774; x_wconf 81' lang='grc' dir='ltr'>ἀγάπην</span> <span class='ocrx_word' id='word_1_31' title='bbox 1463 705 1615 775; x_wconf 87' lang='grc' dir='ltr'><strong>παρά</strong></span> <span class='ocrx_word' id='word_1_32' title='bbox 1641 702 1735 757; x_wconf 76' lang='grc' dir='ltr'><strong>τοῦ</strong></span> <span class='ocrx_word' id='word_1_33' title='bbox 1761 702 1902 775; x_wconf 83' lang='grc' dir='ltr'>πλη-</span> 
     </span>
    </p>
   </div>
   <div class='ocr_carea' id='block_1_8' title="bbox 305 795 1900 870">
    <p class='ocr_par' dir='ltr' id='par_1_8' title="bbox 305 795 1900 870">
     <span class='ocr_line' id='line_1_8' title="bbox 305 795 1900 870; baseline -0.001 -18"><span class='ocrx_word' id='word_1_34' title='bbox 305 797 441 853; x_wconf 77' lang='grc' dir='ltr'>σίον.</span> <span class='ocrx_word' id='word_1_35' title='bbox 485 796 543 851; x_wconf 91' lang='lat'><strong>&#39;0</strong></span> <span class='ocrx_word' id='word_1_36' title='bbox 569 797 678 868; x_wconf 84' lang='grc' dir='ltr'><strong>γὰρ</strong></span> <span class='ocrx_word' id='word_1_37' title='bbox 698 795 948 851; x_wconf 81' lang='grc' dir='ltr'>ἀπαιτῶν</span> <span class='ocrx_word' id='word_1_38' title='bbox 970 795 1326 867; x_wconf 83' lang='grc' dir='ltr'><strong>ταράσσεται,</strong></span> <span class='ocrx_word' id='word_1_39' title='bbox 1351 796 1448 850; x_wconf 80' lang='grc' dir='ltr'>ὲάν</span> <span class='ocrx_word' id='word_1_40' title='bbox 1477 796 1551 869; x_wconf 81' lang='grc' dir='ltr'><strong>μὴ</strong></span> <span class='ocrx_word' id='word_1_41' title='bbox 1576 797 1865 870; x_wconf 81' lang='grc' dir='ltr'><strong>ἀπαντήσῃ</strong></span> <span class='ocrx_word' id='word_1_42' title='bbox 1884 812 1900 829; x_wconf 73' lang='grc' dir='ltr'><strong>ο</strong></span> 
     </span>
    </p>
   </div>
   <div class='ocr_carea' id='block_1_9' title="bbox 305 890 1905 963">
    <p class='ocr_par' dir='ltr' id='par_1_9' title="bbox 305 890 1905 963">
     <span class='ocr_line' id='line_1_9' title="bbox 305 890 1905 963; baseline -0.001 -18"><span class='ocrx_word' id='word_1_43' title='bbox 305 891 444 947; x_wconf 87' lang='grc' dir='ltr'><strong>ἀλλά</strong></span> <span class='ocrx_word' id='word_1_44' title='bbox 478 890 681 963; x_wconf 80' lang='grc' dir='ltr'>μᾶλλον</span> <span class='ocrx_word' id='word_1_45' title='bbox 696 892 770 945; x_wconf 84' lang='grc' dir='ltr'><strong>σὺ</strong></span> <span class='ocrx_word' id='word_1_46' title='bbox 809 890 982 959; x_wconf 80' lang='grc' dir='ltr'>δεῖξον</span> <span class='ocrx_word' id='word_1_47' title='bbox 1007 891 1106 961; x_wconf 79' lang='grc' dir='ltr'>τὴν</span> <span class='ocrx_word' id='word_1_48' title='bbox 1144 891 1369 962; x_wconf 81' lang='grc' dir='ltr'><strong>ἀγάπην</strong></span> <span class='ocrx_word' id='word_1_49' title='bbox 1412 890 1492 962; x_wconf 82' lang='grc' dir='ltr'>τῷ</span> <span class='ocrx_word' id='word_1_50' title='bbox 1520 891 1773 963; x_wconf 82' lang='grc' dir='ltr'><strong>πλησίον,</strong></span> <span class='ocrx_word' id='word_1_51' title='bbox 1808 891 1905 945; x_wconf 68' lang='grc' dir='ltr'><strong>καὶ</strong></span> 
     </span>
    </p>
   </div>
   <div class='ocr_carea' id='block_1_10' title="bbox 2006 601 2219 660">
    <p class='ocr_par' dir='ltr' id='par_1_10' title="bbox 2006 601 2219 660">
     <span class='ocr_line' id='line_1_10' title="bbox 2006 601 2219 660; baseline -0.009 0"><span class='ocrx_word' id='word_1_52' title='bbox 2006 601 2219 660; x_wconf 76' lang='lat' dir='ltr'><strong>afferre.</strong></span> 
     </span>
    </p>
   </div>
   <div class='ocr_carea' id='block_1_11' title="bbox 2082 680 3593 765">
    <p class='ocr_par' dir='ltr' id='par_1_11' title="bbox 2082 680 3593 765">
     <span class='ocr_line' id='line_1_11' title="bbox 2082 680 3593 765; baseline -0.008 -12"><span class='ocrx_word' id='word_1_53' title='bbox 2082 697 2198 753; x_wconf 84' lang='lat' dir='ltr'><strong>Non</strong></span> <span class='ocrx_word' id='word_1_54' title='bbox 2224 711 2346 752; x_wconf 88' lang='lat' dir='ltr'><strong>esse</strong></span> <span class='ocrx_word' id='word_1_55' title='bbox 2380 695 2704 765; x_wconf 84' lang='lat' dir='ltr'><strong>poscendam</strong></span> <span class='ocrx_word' id='word_1_56' title='bbox 2733 710 2761 749; x_wconf 89' lang='lat' dir='ltr'><strong>a</strong></span> <span class='ocrx_word' id='word_1_57' title='bbox 2806 693 3059 765; x_wconf 79' lang='lat' dir='ltr'><strong>proximo</strong></span> <span class='ocrx_word' id='word_1_58' title='bbox 3090 680 3416 746; x_wconf 80' lang='lat' dir='ltr'><strong>charitatem</strong></span> <span class='ocrx_word' id='word_1_59' title='bbox 3447 706 3463 757; x_wconf 89' lang='lat'><strong>;</strong></span> <span class='ocrx_word' id='word_1_60' title='bbox 3505 687 3593 742; x_wconf 81' lang='lat' dir='ltr'><strong>fu-</strong></span> 
     </span>
    </p>
   </div>
   <div class='ocr_carea' id='block_1_12' title="bbox 2011 780 3590 855">
    <p class='ocr_par' dir='ltr' id='par_1_12' title="bbox 2011 780 3590 855">
     <span class='ocr_line' id='line_1_12' title="bbox 2011 780 3590 855; baseline -0.004 -14"><span class='ocrx_word' id='word_1_61' title='bbox 2011 798 2191 845; x_wconf 87' lang='lat' dir='ltr'><strong>turum</strong></span> <span class='ocrx_word' id='word_1_62' title='bbox 2219 789 2367 844; x_wconf 89' lang='lat' dir='ltr'><strong>enim</strong></span> <span class='ocrx_word' id='word_1_63' title='bbox 2396 788 2708 854; x_wconf 69' lang='lat' dir='ltr'><strong>molesutm,</strong></span> <span class='ocrx_word' id='word_1_64' title='bbox 2742 786 2798 842; x_wconf 91' lang='lat' dir='ltr'><strong>ni</strong></span> <span class='ocrx_word' id='word_1_65' title='bbox 2825 786 3074 842; x_wconf 88' lang='lat' dir='ltr'><strong>eamdem</strong></span> <span class='ocrx_word' id='word_1_66' title='bbox 3096 782 3414 855; x_wconf 84' lang='lat' dir='ltr'><strong>rependeris</strong></span> <span class='ocrx_word' id='word_1_67' title='bbox 3445 798 3460 836; x_wconf 90' lang='lat'><strong>:</strong></span> <span class='ocrx_word' id='word_1_68' title='bbox 3495 780 3590 836; x_wconf 85' lang='lat' dir='ltr'><strong>sed</strong></span> 
     </span>
    </p>
   </div>
   <div class='ocr_carea' id='block_1_13' title="bbox 2009 874 3596 952">
    <p class='ocr_par' dir='ltr' id='par_1_13' title="bbox 2009 874 3596 952">
     <span class='ocr_line' id='line_1_13' title="bbox 2009 874 3596 952; baseline -0.007 -16"><span class='ocrx_word' id='word_1_69' title='bbox 2009 881 2206 936; x_wconf 86' lang='lat' dir='ltr'><strong>debere</strong></span> <span class='ocrx_word' id='word_1_70' title='bbox 2230 895 2328 937; x_wconf 91' lang='lat' dir='ltr'><strong>nos</strong></span> <span class='ocrx_word' id='word_1_71' title='bbox 2353 880 2527 952; x_wconf 81' lang='lat' dir='ltr'><strong>magis</strong></span> <span class='ocrx_word' id='word_1_72' title='bbox 2547 878 2601 933; x_wconf 93' lang='lat' dir='ltr'><strong>in</strong></span> <span class='ocrx_word' id='word_1_73' title='bbox 2627 880 2933 949; x_wconf 85' lang='lat' dir='ltr'><strong>proximum</strong></span> <span class='ocrx_word' id='word_1_74' title='bbox 2956 874 3393 931; x_wconf 74' lang='lat' dir='ltr'><strong>benevolentiam</strong></span> <span class='ocrx_word' id='word_1_75' title='bbox 3417 879 3596 927; x_wconf 78' lang='lat' dir='ltr'><strong>osten-</strong></span> 
     </span>
    </p>
   </div>
   <div class='ocr_carea' id='block_1_14' title="bbox 305 963 1919 1054">
    <p class='ocr_par' dir='ltr' id='par_1_14' title="bbox 305 979 1908 1054">
     <span class='ocr_line' id='line_1_14' title="bbox 305 979 1908 1054; baseline -0.001 -18"><span class='ocrx_word' id='word_1_76' title='bbox 305 980 600 1051; x_wconf 86' lang='grc' dir='ltr'>ἀναπαύει,</span> <span class='ocrx_word' id='word_1_77' title='bbox 655 980 754 1034; x_wconf 77' lang='grc' dir='ltr'><strong>καὶ</strong></span> <span class='ocrx_word' id='word_1_78' title='bbox 797 979 973 1044; x_wconf 80' lang='grc' dir='ltr'>οὕτως</span> <span class='ocrx_word' id='word_1_79' title='bbox 1033 980 1220 1051; x_wconf 78' lang='grc' dir='ltr'><strong>φέρεις</strong></span> <span class='ocrx_word' id='word_1_80' title='bbox 1274 980 1368 1034; x_wconf 80' lang='grc' dir='ltr'>καὶ</span> <span class='ocrx_word' id='word_1_81' title='bbox 1405 979 1499 1034; x_wconf 82' lang='grc' dir='ltr'>τὸν</span> <span class='ocrx_word' id='word_1_82' title='bbox 1551 980 1781 1054; x_wconf 83' lang='grc' dir='ltr'><strong>πλησίον</strong></span> <span class='ocrx_word' id='word_1_83' title='bbox 1825 982 1908 1044; x_wconf 78' lang='grc' dir='ltr'><strong>εἰς</strong></span> 
     </span>
    </p>
   </div>
   <div class='ocr_carea' id='block_1_15' title="bbox 2023 963 3594 1054">
    <p class='ocr_par' dir='ltr' id='par_1_15' title="bbox 2023 963 3594 1040">
     <span class='ocr_line' id='line_1_15' title="bbox 2023 963 3594 1040; baseline -0.006 -14"><span class='ocrx_word' id='word_1_84' title='bbox 2023 972 2158 1037; x_wconf 78' lang='lat' dir='ltr'><strong>iere,</strong></span> <span class='ocrx_word' id='word_1_85' title='bbox 2190 981 2245 1027; x_wconf 88' lang='lat' dir='ltr'><strong>et</strong></span> <span class='ocrx_word' id='word_1_86' title='bbox 2265 972 2608 1040; x_wconf 70' lang='lat' dir='ltr'><strong>postmodum</strong></span> <span class='ocrx_word' id='word_1_87' title='bbox 2641 971 2971 1026; x_wconf 74' lang='lat' dir='ltr'><strong>destitui-os:</strong></span> <span class='ocrx_word' id='word_1_88' title='bbox 3003 968 3077 1024; x_wconf 85' lang='lat' dir='ltr'><strong>ita</strong></span> <span class='ocrx_word' id='word_1_89' title='bbox 3108 967 3253 1023; x_wconf 88' lang='lat' dir='ltr'><strong>enim</strong></span> <span class='ocrx_word' id='word_1_90' title='bbox 3284 963 3594 1038; x_wconf 83' lang='lat' dir='ltr'><strong>proximum</strong></span> 
     </span>
    </p>
   </div>
   <div class='ocr_carea' id='block_1_16' title="bbox 304 1076 551 1145">
    <p class='ocr_par' dir='ltr' id='par_1_16' title="bbox 304 1076 551 1145">
     <span class='ocr_line' id='line_1_16' title="bbox 304 1076 551 1145; baseline -0.012 -15"><span class='ocrx_word' id='word_1_91' title='bbox 304 1076 551 1145; x_wconf 81' lang='grc' dir='ltr'>ἀγάπην.</span> 
     </span>
    </p>
   </div>
   <div class='ocr_carea' id='block_1_17' title="bbox 380 1162 1905 1242">
    <p class='ocr_par' dir='ltr' id='par_1_17' title="bbox 380 1162 1905 1242">
     <span class='ocr_line' id='line_1_17' title="bbox 380 1162 1905 1242; baseline 0.001 -22"><span class='ocrx_word' id='word_1_92' title='bbox 380 1166 550 1221; x_wconf 86' lang='grc' dir='ltr'>Πάλιν</span> <span class='ocrx_word' id='word_1_93' title='bbox 573 1162 746 1231; x_wconf 82' lang='grc' dir='ltr'>εἶπεν,</span> <span class='ocrx_word' id='word_1_94' title='bbox 768 1166 851 1220; x_wconf 86' lang='grc' dir='ltr'>ὅτι</span> <span class='ocrx_word' id='word_1_95' title='bbox 868 1166 963 1221; x_wconf 82' lang='grc' dir='ltr'><strong>ὲάν</strong></span> <span class='ocrx_word' id='word_1_96' title='bbox 981 1168 1186 1242; x_wconf 79' lang='grc' dir='ltr'><strong>ποιήσῃ</strong></span> <span class='ocrx_word' id='word_1_97' title='bbox 1216 1187 1300 1233; x_wconf 84' lang='grc' dir='ltr'><strong>τις</strong></span> <span class='ocrx_word' id='word_1_98' title='bbox 1321 1169 1559 1241; x_wconf 80' lang='grc' dir='ltr'>πρᾶγμα</span> <span class='ocrx_word' id='word_1_99' title='bbox 1581 1167 1724 1223; x_wconf 83' lang='grc' dir='ltr'>κατά</span> <span class='ocrx_word' id='word_1_100' title='bbox 1749 1167 1905 1233; x_wconf 78' lang='grc' dir='ltr'>Θεὸν,</span> 
     </span>
    </p>
   </div>
   <div class='ocr_carea' id='block_1_18' title="bbox 308 1260 1905 1334">
    <p class='ocr_par' dir='ltr' id='par_1_18' title="bbox 308 1260 1905 1334">
     <span class='ocr_line' id='line_1_18' title="bbox 308 1260 1905 1334; baseline -0.002 -19"><span class='ocrx_word' id='word_1_101' title='bbox 308 1260 526 1324; x_wconf 80' lang='grc' dir='ltr'>πάντως</span> <span class='ocrx_word' id='word_1_102' title='bbox 554 1261 777 1332; x_wconf 79' lang='grc' dir='ltr'>ἔρχεται</span> <span class='ocrx_word' id='word_1_103' title='bbox 807 1261 956 1332; x_wconf 78' lang='grc' dir='ltr'><strong>αὐτῷ</strong></span> <span class='ocrx_word' id='word_1_104' title='bbox 978 1262 1287 1333; x_wconf 81' lang='grc' dir='ltr'>πειρασμός</span> <span class='ocrx_word' id='word_1_105' title='bbox 1311 1280 1326 1295; x_wconf 77' lang='grc' dir='ltr'><strong><em>ο</em></strong></span> <span class='ocrx_word' id='word_1_106' title='bbox 1357 1263 1521 1318; x_wconf 81' lang='grc' dir='ltr'>παντὶ</span> <span class='ocrx_word' id='word_1_107' title='bbox 1536 1261 1658 1334; x_wconf 85' lang='grc' dir='ltr'>-γάρ</span> <span class='ocrx_word' id='word_1_108' title='bbox 1688 1260 1905 1331; x_wconf 83' lang='grc' dir='ltr'>ἀγαθῷ,</span> 
     </span>
    </p>
   </div>
   <div class='ocr_carea' id='block_1_19' title="bbox 305 1349 1910 1427">
    <p class='ocr_par' dir='ltr' id='par_1_19' title="bbox 305 1349 1910 1427">
     <span class='ocr_line' id='line_1_19' title="bbox 305 1349 1910 1427; baseline -0.001 -23"><span class='ocrx_word' id='word_1_109' title='bbox 305 1351 721 1427; x_wconf 56' lang='grc' dir='ltr'><strong>⁴νῖν-ιεροηγεῖται,</strong></span> <span class='ocrx_word' id='word_1_110' title='bbox 769 1349 802 1422; x_wconf 73' lang='grc' dir='ltr'>ἢ</span> <span class='ocrx_word' id='word_1_111' title='bbox 850 1350 1217 1405; x_wconf 69' lang='grc' dir='ltr'>ἐπακολουθεῖ</span> <span class='ocrx_word' id='word_1_112' title='bbox 1271 1351 1578 1423; x_wconf 79' lang='grc' dir='ltr'>πειρασμός</span> <span class='ocrx_word' id='word_1_113' title='bbox 1606 1364 1620 1379; x_wconf 84' lang='lat'>&#39;</span> <span class='ocrx_word' id='word_1_114' title='bbox 1676 1350 1801 1404; x_wconf 73' lang='grc' dir='ltr'>οὔτε</span> <span class='ocrx_word' id='word_1_115' title='bbox 1851 1349 1910 1403; x_wconf 80' lang='grc' dir='ltr'>δὲ</span> 
     </span>
    </p>
   </div>
   <div class='ocr_carea' id='block_1_20' title="bbox 309 1443 1905 1518">
    <p class='ocr_par' dir='ltr' id='par_1_20' title="bbox 309 1443 1905 1518">
     <span class='ocr_line' id='line_1_20' title="bbox 309 1443 1905 1518; baseline -0.001 -21"><span class='ocrx_word' id='word_1_116' title='bbox 309 1444 528 1518; x_wconf 68' lang='grc' dir='ltr'><strong>βέϐαιόν</strong></span> <span class='ocrx_word' id='word_1_117' title='bbox 562 1446 683 1499; x_wconf 76' lang='grc' dir='ltr'>ἐστι</span> <span class='ocrx_word' id='word_1_118' title='bbox 706 1443 768 1496; x_wconf 81' lang='grc' dir='ltr'>τὸ</span> <span class='ocrx_word' id='word_1_119' title='bbox 802 1444 948 1496; x_wconf 80' lang='grc' dir='ltr'><strong>κατά</strong></span> <span class='ocrx_word' id='word_1_120' title='bbox 978 1443 1112 1497; x_wconf 85' lang='grc' dir='ltr'><strong>Θεὸν</strong></span> <span class='ocrx_word' id='word_1_121' title='bbox 1140 1445 1452 1517; x_wconf 81' lang='grc' dir='ltr'>γινόμενον,</span> <span class='ocrx_word' id='word_1_122' title='bbox 1487 1446 1536 1497; x_wconf 91' lang='grc' dir='ltr'><strong>εἰ</strong></span> <span class='ocrx_word' id='word_1_123' title='bbox 1565 1444 1641 1515; x_wconf 82' lang='grc' dir='ltr'><strong>μὴ</strong></span> <span class='ocrx_word' id='word_1_124' title='bbox 1675 1444 1792 1497; x_wconf 89' lang='grc' dir='ltr'>δοκι</span> <span class='ocrx_word' id='word_1_125' title='bbox 1803 1461 1905 1515; x_wconf 81' lang='grc' dir='ltr'><strong>μα-</strong></span> 
     </span>
    </p>
   </div>
   <div class='ocr_carea' id='block_1_21' title="bbox 306 1532 892 1610">
    <p class='ocr_par' dir='ltr' id='par_1_21' title="bbox 306 1532 892 1610">
     <span class='ocr_line' id='line_1_21' title="bbox 306 1532 892 1610; baseline -0.007 -18"><span class='ocrx_word' id='word_1_126' title='bbox 306 1537 409 1610; x_wconf 78' lang='grc' dir='ltr'><strong>σθῇ</strong></span> <span class='ocrx_word' id='word_1_127' title='bbox 433 1535 524 1592; x_wconf 81' lang='grc' dir='ltr'><strong>διὰ</strong></span> <span class='ocrx_word' id='word_1_128' title='bbox 558 1532 892 1608; x_wconf 76' lang='grc' dir='ltr'>πειρασμοῦζ</span> 
     </span>
    </p>
   </div>
   <div class='ocr_carea' id='block_1_22' title="bbox 379 1626 1911 1716">
    <p class='ocr_par' dir='ltr' id='par_1_22' title="bbox 379 1626 1911 1716">
     <span class='ocr_line' id='line_1_22' title="bbox 379 1626 1911 1716; baseline 0.003 -33"><span class='ocrx_word' id='word_1_129' title='bbox 379 1630 551 1716; x_wconf 80' lang='grc' dir='ltr'>Πάλιν</span> <span class='ocrx_word' id='word_1_130' title='bbox 610 1626 765 1690; x_wconf 71' lang='grc' dir='ltr'>εἶπεν</span> <span class='ocrx_word' id='word_1_131' title='bbox 793 1649 806 1663; x_wconf 89' lang='grc'><strong>·</strong></span> <span class='ocrx_word' id='word_1_132' title='bbox 834 1633 1002 1687; x_wconf 81' lang='grc' dir='ltr'>Οὐδὲν</span> <span class='ocrx_word' id='word_1_133' title='bbox 1056 1631 1231 1697; x_wconf 72' lang='grc' dir='ltr'>οὕτως</span> <span class='ocrx_word' id='word_1_134' title='bbox 1282 1635 1429 1687; x_wconf 86' lang='grc' dir='ltr'>ποιεῖ</span> <span class='ocrx_word' id='word_1_135' title='bbox 1475 1632 1693 1698; x_wconf 72' lang='grc' dir='ltr'>ἕνωσιν,</span> <span class='ocrx_word' id='word_1_136' title='bbox 1742 1632 1817 1695; x_wconf 81' lang='grc' dir='ltr'><strong>ὡς</strong></span> <span class='ocrx_word' id='word_1_137' title='bbox 1849 1630 1911 1687; x_wconf 85' lang='grc' dir='ltr'><strong>τδ</strong></span> 
     </span>
    </p>
   </div>
   <div class='ocr_carea' id='block_1_23' title="bbox 303 1722 1575 1799">
    <p class='ocr_par' dir='ltr' id='par_1_23' title="bbox 303 1722 1575 1799">
     <span class='ocr_line' id='line_1_23' title="bbox 303 1722 1575 1799; baseline 0.003 -24"><span class='ocrx_word' id='word_1_138' title='bbox 303 1725 417 1787; x_wconf 76' lang='grc' dir='ltr'>τοῖς</span> <span class='ocrx_word' id='word_1_139' title='bbox 450 1722 635 1787; x_wconf 82' lang='grc' dir='ltr'>αὐτοῖς</span> <span class='ocrx_word' id='word_1_140' title='bbox 667 1724 902 1795; x_wconf 85' lang='grc' dir='ltr'><strong>χαίρειν,</strong></span> <span class='ocrx_word' id='word_1_141' title='bbox 934 1727 1032 1780; x_wconf 78' lang='grc' dir='ltr'><strong>κα).</strong></span> <span class='ocrx_word' id='word_1_142' title='bbox 1061 1726 1130 1780; x_wconf 80' lang='grc' dir='ltr'>τὰ</span> <span class='ocrx_word' id='word_1_143' title='bbox 1154 1724 1295 1782; x_wconf 78' lang='grc' dir='ltr'>αὑτά</span> <span class='ocrx_word' id='word_1_144' title='bbox 1331 1727 1575 1799; x_wconf 82' lang='grc' dir='ltr'>φρονεῖν.</span> 
     </span>
    </p>
   </div>
   <div class='ocr_carea' id='block_1_24' title="bbox 376 1811 1908 1891">
    <p class='ocr_par' dir='ltr' id='par_1_24' title="bbox 376 1811 1908 1891">
     <span class='ocr_line' id='line_1_24' title="bbox 376 1811 1908 1891; baseline 0 -21"><span class='ocrx_word' id='word_1_145' title='bbox 376 1816 548 1870; x_wconf 87' lang='grc' dir='ltr'>Πάλιν</span> <span class='ocrx_word' id='word_1_146' title='bbox 577 1811 701 1870; x_wconf 81' lang='grc' dir='ltr'>εἶπε</span> <span class='ocrx_word' id='word_1_147' title='bbox 726 1834 739 1847; x_wconf 88' lang='grc'><strong>·</strong></span> <span class='ocrx_word' id='word_1_148' title='bbox 772 1817 846 1875; x_wconf 84' lang='grc' dir='ltr'>Τὸ</span> <span class='ocrx_word' id='word_1_149' title='bbox 888 1818 963 1891; x_wconf 82' lang='grc' dir='ltr'><strong>μὴ</strong></span> <span class='ocrx_word' id='word_1_150' title='bbox 1001 1818 1361 1884; x_wconf 80' lang='grc' dir='ltr'>ὲξουδενῶσαί</span> <span class='ocrx_word' id='word_1_151' title='bbox 1417 1836 1542 1872; x_wconf 91' lang='grc' dir='ltr'>τινα</span> <span class='ocrx_word' id='word_1_152' title='bbox 1598 1817 1699 1891; x_wconf 81' lang='grc' dir='ltr'>τὴν</span> <span class='ocrx_word' id='word_1_153' title='bbox 1745 1819 1908 1890; x_wconf 86' lang='grc' dir='ltr'><strong>χάριν</strong></span> 
     </span>
    </p>
   </div>
   <div class='ocr_carea' id='block_1_25' title="bbox 2012 1059 3058 1118">
    <p class='ocr_par' dir='ltr' id='par_1_25' title="bbox 2012 1059 3058 1118">
     <span class='ocr_line' id='line_1_25' title="bbox 2012 1059 3058 1118; baseline -0.005 0"><span class='ocrx_word' id='word_1_154' title='bbox 2012 1064 2080 1118; x_wconf 86' lang='lat' dir='ltr'><strong>ad</strong></span> <span class='ocrx_word' id='word_1_155' title='bbox 2113 1071 2362 1116; x_wconf 88' lang='lat' dir='ltr'><strong>mutuum</strong></span> <span class='ocrx_word' id='word_1_156' title='bbox 2393 1077 2636 1116; x_wconf 87' lang='lat' dir='ltr'><strong>amorem</strong></span> <span class='ocrx_word' id='word_1_157' title='bbox 2670 1059 3058 1115; x_wconf 87' lang='lat' dir='ltr'><strong>inducendum.</strong></span> 
     </span>
    </p>
   </div>
   <div class='ocr_carea' id='block_1_26' title="bbox 2083 1145 3597 1224">
    <p class='ocr_par' dir='ltr' id='par_1_26' title="bbox 2083 1145 3597 1224">
     <span class='ocr_line' id='line_1_26' title="bbox 2083 1145 3597 1224; baseline -0.007 -17"><span class='ocrx_word' id='word_1_158' title='bbox 2083 1152 2150 1207; x_wconf 81' lang='lat' dir='ltr'><strong>Et</strong></span> <span class='ocrx_word' id='word_1_159' title='bbox 2176 1154 2269 1224; x_wconf 86' lang='lat' dir='ltr'><strong>qui</strong></span> <span class='ocrx_word' id='word_1_160' title='bbox 2302 1158 2441 1221; x_wconf 84' lang='lat' dir='ltr'><strong>opus</strong></span> <span class='ocrx_word' id='word_1_161' title='bbox 2471 1150 2689 1221; x_wconf 83' lang='lat' dir='ltr'><strong>aliquod</strong></span> <span class='ocrx_word' id='word_1_162' title='bbox 2721 1149 2910 1205; x_wconf 85' lang='lat' dir='ltr'><strong>l‘ecerit</strong></span> <span class='ocrx_word' id='word_1_163' title='bbox 2924 1147 3231 1202; x_wconf 77' lang='lat' dir='ltr'><strong>secundum</strong></span> <span class='ocrx_word' id='word_1_164' title='bbox 3262 1145 3454 1208; x_wconf 89' lang='lat' dir='ltr'><strong>Deum,</strong></span> <span class='ocrx_word' id='word_1_165' title='bbox 3478 1158 3597 1198; x_wconf 86' lang='lat' dir='ltr'><strong>om-</strong></span> 
     </span>
    </p>
   </div>
   <div class='ocr_carea' id='block_1_27' title="bbox 2014 1237 3599 1312">
    <p class='ocr_par' dir='ltr' id='par_1_27' title="bbox 2014 1237 3599 1312">
     <span class='ocr_line' id='line_1_27' title="bbox 2014 1237 3599 1312; baseline -0.005 -14"><span class='ocrx_word' id='word_1_166' title='bbox 2014 1244 2148 1298; x_wconf 90' lang='lat' dir='ltr'><strong>nino</strong></span> <span class='ocrx_word' id='word_1_167' title='bbox 2176 1241 2531 1312; x_wconf 85' lang='lat' dir='ltr'><strong>superveni-re</strong></span> <span class='ocrx_word' id='word_1_168' title='bbox 2565 1239 2919 1296; x_wconf 88' lang='lat' dir='ltr'><strong>tentationem</strong></span> <span class='ocrx_word' id='word_1_169' title='bbox 2953 1240 3212 1308; x_wconf 76' lang='lat' dir='ltr'><strong>aliquam,</strong></span> <span class='ocrx_word' id='word_1_170' title='bbox 3243 1237 3372 1307; x_wconf 84' lang='lat' dir='ltr'><strong>quia</strong></span> <span class='ocrx_word' id='word_1_171' title='bbox 3406 1250 3599 1291; x_wconf 82' lang='lat' dir='ltr'><strong>neces-</strong></span> 
     </span>
    </p>
   </div>
   <div class='ocr_carea' id='block_1_28' title="bbox 2013 1328 3609 1403">
    <p class='ocr_par' dir='ltr' id='par_1_28' title="bbox 2013 1328 3609 1403">
     <span class='ocr_line' id='line_1_28' title="bbox 2013 1328 3609 1403; baseline -0.006 -13"><span class='ocrx_word' id='word_1_172' title='bbox 2013 1335 2161 1391; x_wconf 84' lang='lat' dir='ltr'><strong>sario</strong></span> <span class='ocrx_word' id='word_1_173' title='bbox 2186 1335 2392 1390; x_wconf 86' lang='lat' dir='ltr'><strong>bonum</strong></span> <span class='ocrx_word' id='word_1_174' title='bbox 2431 1348 2598 1388; x_wconf 89' lang='lat' dir='ltr'><strong>omne</strong></span> <span class='ocrx_word' id='word_1_175' title='bbox 2628 1331 2886 1403; x_wconf 80' lang='lat' dir='ltr'><strong>praecedit</strong></span> <span class='ocrx_word' id='word_1_176' title='bbox 2915 1339 3009 1385; x_wconf 86' lang='lat' dir='ltr'><strong>aut</strong></span> <span class='ocrx_word' id='word_1_177' title='bbox 3039 1330 3290 1399; x_wconf 84' lang='lat' dir='ltr'><strong>sequitur</strong></span> <span class='ocrx_word' id='word_1_178' title='bbox 3321 1328 3554 1383; x_wconf 83' lang='lat' dir='ltr'><strong>tentatio</strong></span> <span class='ocrx_word' id='word_1_179' title='bbox 3579 1344 3609 1380; x_wconf 90' lang='lat'><strong>:-</strong></span> 
     </span>
    </p>
   </div>
   <div class='ocr_carea' id='block_1_29' title="bbox 2012 1418 3597 1500">
    <p class='ocr_par' dir='ltr' id='par_1_29' title="bbox 2012 1418 3597 1500">
     <span class='ocr_line' id='line_1_29' title="bbox 2012 1418 3597 1500; baseline -0.007 -16"><span class='ocrx_word' id='word_1_180' title='bbox 2012 1444 2193 1500; x_wconf 86' lang='lat' dir='ltr'><strong>neque</strong></span> <span class='ocrx_word' id='word_1_181' title='bbox 2225 1429 2430 1483; x_wconf 80' lang='lat' dir='ltr'><strong>bonum</strong></span> <span class='ocrx_word' id='word_1_182' title='bbox 2462 1426 2568 1482; x_wconf 89' lang='lat' dir='ltr'><strong>dici</strong></span> <span class='ocrx_word' id='word_1_183' title='bbox 2596 1438 2761 1496; x_wconf 86' lang='lat' dir='ltr'><strong>posse</strong></span> <span class='ocrx_word' id='word_1_184' title='bbox 2788 1431 2883 1478; x_wconf 88' lang='lat' dir='ltr'><strong>aut</strong></span> <span class='ocrx_word' id='word_1_185' title='bbox 2911 1423 3212 1479; x_wconf 85' lang='lat' dir='ltr'><strong>secundum</strong></span> <span class='ocrx_word' id='word_1_186' title='bbox 3251 1421 3463 1489; x_wconf 57' lang='lat' dir='ltr'><strong>Deum,</strong></span> <span class='ocrx_word' id='word_1_187' title='bbox 3489 1418 3597 1474; x_wconf 80' lang='lat' dir='ltr'><strong>nisi</strong></span> 
     </span>
    </p>
   </div>
   <div class='ocr_carea' id='block_1_30' title="bbox 2013 1521 3215 1595">
    <p class='ocr_par' dir='ltr' id='par_1_30' title="bbox 2013 1521 3215 1595">
     <span class='ocr_line' id='line_1_30' title="bbox 2013 1521 3215 1595; baseline -0.005 -17"><span class='ocrx_word' id='word_1_188' title='bbox 2013 1521 2348 1595; x_wconf 87' lang='lat' dir='ltr'><strong>approbetur</strong></span> <span class='ocrx_word' id='word_1_189' title='bbox 2384 1521 2706 1575; x_wconf 87' lang='lat' dir='ltr'><strong>tentatione.</strong></span> <span class='ocrx_word' id='word_1_190' title='bbox 3208 1568 3215 1573; x_wconf 85' lang='lat'><strong>.</strong></span> 
     </span>
    </p>
   </div>
   <div class='ocr_carea' id='block_1_31' title="bbox 2084 1604 3603 1671">
    <p class='ocr_par' dir='ltr' id='par_1_31' title="bbox 2084 1604 3603 1671">
     <span class='ocr_line' id='line_1_31' title="bbox 2084 1604 3603 1671; baseline -0.006 -3"><span class='ocrx_word' id='word_1_191' title='bbox 2084 1612 2238 1668; x_wconf 86' lang='lat' dir='ltr'><strong>Nihil</strong></span> <span class='ocrx_word' id='word_1_192' title='bbox 2281 1611 2419 1667; x_wconf 87' lang='lat' dir='ltr'><strong>adeo</strong></span> <span class='ocrx_word' id='word_1_193' title='bbox 2445 1610 2805 1667; x_wconf 81' lang='lat' dir='ltr'><strong>concordiam</strong></span> <span class='ocrx_word' id='word_1_194' title='bbox 2831 1617 2887 1664; x_wconf 87' lang='lat' dir='ltr'><strong>et</strong></span> <span class='ocrx_word' id='word_1_195' title='bbox 2916 1608 3192 1663; x_wconf 83' lang='lat' dir='ltr'><strong>unitatem</strong></span> <span class='ocrx_word' id='word_1_196' title='bbox 3212 1604 3426 1671; x_wconf 80' lang='lat' dir='ltr'><strong>ati‘erre,</strong></span> <span class='ocrx_word' id='word_1_197' title='bbox 3457 1605 3603 1661; x_wconf 86' lang='lat' dir='ltr'><strong>sicut</strong></span> 
     </span>
    </p>
   </div>
   <div class='ocr_carea' id='block_1_32' title="bbox 2012 1702 3175 1776">
    <p class='ocr_par' dir='ltr' id='par_1_32' title="bbox 2012 1702 3175 1776">
     <span class='ocr_line' id='line_1_32' title="bbox 2012 1702 3175 1776; baseline -0.007 -13"><span class='ocrx_word' id='word_1_198' title='bbox 2012 1708 2202 1763; x_wconf 87' lang='lat' dir='ltr'><strong>eadem</strong></span> <span class='ocrx_word' id='word_1_199' title='bbox 2239 1720 2451 1776; x_wconf 81' lang='lat' dir='ltr'><strong>sapere,</strong></span> <span class='ocrx_word' id='word_1_200' title='bbox 2482 1712 2538 1759; x_wconf 87' lang='lat' dir='ltr'><strong>et</strong></span> <span class='ocrx_word' id='word_1_201' title='bbox 2565 1704 2771 1760; x_wconf 89' lang='lat' dir='ltr'><strong>eisdem</strong></span> <span class='ocrx_word' id='word_1_202' title='bbox 2807 1702 3175 1773; x_wconf 86' lang='lat' dir='ltr'><strong>congauderc.</strong></span> 
     </span>
    </p>
   </div>
   <div class='ocr_carea' id='block_1_33' title="bbox 2082 1788 3605 1868">
    <p class='ocr_par' dir='ltr' id='par_1_33' title="bbox 2082 1788 3605 1868">
     <span class='ocr_line' id='line_1_33' title="bbox 2082 1788 3605 1868; baseline -0.006 -15"><span class='ocrx_word' id='word_1_203' title='bbox 2082 1797 2301 1853; x_wconf 88' lang='lat' dir='ltr'><strong>Nullam</strong></span> <span class='ocrx_word' id='word_1_204' title='bbox 2361 1795 2597 1867; x_wconf 80' lang='lat' dir='ltr'><strong>proximi</strong></span> <span class='ocrx_word' id='word_1_205' title='bbox 2646 1796 2881 1868; x_wconf 78' lang='lat' dir='ltr'><strong>gratiam</strong></span> <span class='ocrx_word' id='word_1_206' title='bbox 2930 1805 3226 1865; x_wconf 84' lang='lat' dir='ltr'><strong>spernere,</strong></span> <span class='ocrx_word' id='word_1_207' title='bbox 3278 1788 3605 1845; x_wconf 74' lang='lat' dir='ltr'><strong>humilitatis</strong></span> 
     </span>
    </p>
   </div>
   <div class='ocr_carea' id='block_1_34' title="bbox 304 1883 1919 1990">
    <p class='ocr_par' dir='ltr' id='par_1_34' title="bbox 304 1908 1909 1990">
     <span class='ocr_line' id='line_1_34' title="bbox 304 1908 1909 1990; baseline 0.002 -24"><span class='ocrx_word' id='word_1_208' title='bbox 304 1908 403 1966; x_wconf 72' lang='grc' dir='ltr'><strong>τοῦ</strong></span> <span class='ocrx_word' id='word_1_209' title='bbox 438 1912 688 1985; x_wconf 79' lang='grc' dir='ltr'>πλησίον,</span> <span class='ocrx_word' id='word_1_210' title='bbox 736 1916 1244 1990; x_wconf 83' lang='grc' dir='ltr'>ταπεινοφροσύνης</span> <span class='ocrx_word' id='word_1_211' title='bbox 1278 1916 1429 1974; x_wconf 81' lang='grc' dir='ltr'>ἐστί’</span> <span class='ocrx_word' id='word_1_212' title='bbox 1479 1916 1561 1970; x_wconf 89' lang='grc' dir='ltr'><strong>δεῖ</strong></span> <span class='ocrx_word' id='word_1_213' title='bbox 1589 1915 1699 1988; x_wconf 88' lang='grc' dir='ltr'>γὰρ</span> <span class='ocrx_word' id='word_1_214' title='bbox 1738 1933 1909 1970; x_wconf 84' lang='grc' dir='ltr'>κατα-</span> 
     </span>
    </p>
   </div>
   <div class='ocr_carea' id='block_1_35' title="bbox 2023 1883 3606 1990">
    <p class='ocr_par' dir='ltr' id='par_1_35' title="bbox 2023 1883 3606 1958">
     <span class='ocr_line' id='line_1_35' title="bbox 2023 1883 3606 1958; baseline -0.007 -12"><span class='ocrx_word' id='word_1_215' title='bbox 2023 1905 2249 1947; x_wconf 76' lang='lat' dir='ltr'><strong>summae</strong></span> <span class='ocrx_word' id='word_1_216' title='bbox 2275 1903 2437 1954; x_wconf 90' lang='lat' dir='ltr'><strong>esse;</strong></span> <span class='ocrx_word' id='word_1_217' title='bbox 2483 1896 2844 1958; x_wconf 88' lang='lat' dir='ltr'><strong>oportereque</strong></span> <span class='ocrx_word' id='word_1_218' title='bbox 2873 1900 3039 1956; x_wconf 89' lang='lat' dir='ltr'><strong>quam</strong></span> <span class='ocrx_word' id='word_1_219' title='bbox 3087 1883 3318 1939; x_wconf 85' lang='lat' dir='ltr'><strong>libenter</strong></span> <span class='ocrx_word' id='word_1_220' title='bbox 3344 1893 3606 1950; x_wconf 81' lang='lat' dir='ltr'><strong>suscepe-</strong></span> 
     </span>
    </p>
   </div>
   <div class='ocr_carea' id='block_1_36' title="bbox 308 2003 1913 2084">
    <p class='ocr_par' dir='ltr' id='par_1_36' title="bbox 308 2003 1913 2084">
     <span class='ocr_line' id='line_1_36' title="bbox 308 2003 1913 2084; baseline 0 -21"><span class='ocrx_word' id='word_1_221' title='bbox 308 2003 568 2080; x_wconf 69' lang='grc' dir='ltr'>δέχεσθαι</span> <span class='ocrx_word' id='word_1_222' title='bbox 618 2007 793 2084; x_wconf 80' lang='grc' dir='ltr'>αὐτὴν</span> <span class='ocrx_word' id='word_1_223' title='bbox 838 2010 980 2081; x_wconf 80' lang='grc' dir='ltr'>μετά</span> <span class='ocrx_word' id='word_1_224' title='bbox 1033 2009 1440 2082; x_wconf 82' lang='grc' dir='ltr'>εὐχαριστείας,</span> <span class='ocrx_word' id='word_1_225' title='bbox 1481 2009 1586 2064; x_wconf 78' lang='grc' dir='ltr'>κᾶν</span> <span class='ocrx_word' id='word_1_226' title='bbox 1614 2009 1790 2081; x_wconf 82' lang='grc' dir='ltr'>μικρά</span> <span class='ocrx_word' id='word_1_227' title='bbox 1819 2011 1913 2065; x_wconf 71' lang='grc' dir='ltr'><strong>καὶ</strong></span> 
     </span>
    </p>
   </div>
   <div class='ocr_carea' id='block_1_37' title="bbox 308 2099 795 2171">
    <p class='ocr_par' dir='ltr' id='par_1_37' title="bbox 308 2099 795 2171">
     <span class='ocr_line' id='line_1_37' title="bbox 308 2099 795 2171; baseline 0.008 -19"><span class='ocrx_word' id='word_1_228' title='bbox 308 2099 568 2171; x_wconf 74' lang='grc' dir='ltr'>ἐλαχίστη</span> <span class='ocrx_word' id='word_1_229' title='bbox 610 2101 795 2156; x_wconf 74' lang='grc' dir='ltr'><strong>¹ἐστίν.</strong></span> 
     </span>
    </p>
   </div>
   <div class='ocr_carea' id='block_1_38' title="bbox 382 2187 1912 2265">
    <p class='ocr_par' dir='ltr' id='par_1_38' title="bbox 382 2187 1912 2265">
     <span class='ocr_line' id='line_1_38' title="bbox 382 2187 1912 2265; baseline 0.003 -22"><span class='ocrx_word' id='word_1_230' title='bbox 382 2190 497 2247; x_wconf 66' lang='grc' dir='ltr'><strong>Καὶ</strong></span> <span class='ocrx_word' id='word_1_231' title='bbox 525 2190 687 2247; x_wconf 85' lang='grc' dir='ltr'>πάλιν</span> <span class='ocrx_word' id='word_1_232' title='bbox 717 2187 871 2245; x_wconf 78' lang='grc' dir='ltr'>εἶπεν</span> <span class='ocrx_word' id='word_1_233' title='bbox 899 2209 912 2222; x_wconf 92' lang='grc'><strong>·</strong></span> <span class='ocrx_word' id='word_1_234' title='bbox 956 2191 1121 2261; x_wconf 87' lang='grc' dir='ltr'>Ἐγὼ,</span> <span class='ocrx_word' id='word_1_235' title='bbox 1161 2192 1259 2248; x_wconf 56' lang='lat' dir='ltr'><strong>saw</strong></span> <span class='ocrx_word' id='word_1_236' title='bbox 1309 2190 1503 2265; x_wconf 24' lang='grc' dir='ltr'>συμϐῇ,</span> <span class='ocrx_word' id='word_1_237' title='bbox 1525 2209 1616 2264; x_wconf 88' lang='grc' dir='ltr'>μοι</span> <span class='ocrx_word' id='word_1_238' title='bbox 1656 2193 1912 2265; x_wconf 79' lang='grc' dir='ltr'>πρᾶγμα,</span> 
     </span>
    </p>
   </div>
   <div class='ocr_carea' id='block_1_39' title="bbox 307 2280 1953 2359">
    <p class='ocr_par' dir='ltr' id='par_1_39' title="bbox 307 2280 1953 2359">
     <span class='ocr_line' id='line_1_39' title="bbox 307 2280 1953 2359; baseline 0.004 -24"><span class='ocrx_word' id='word_1_239' title='bbox 307 2281 483 2354; x_wconf 62' lang='lat' dir='ltr'><strong>155a»,-</strong></span> <span class='ocrx_word' id='word_1_240' title='bbox 498 2281 620 2353; x_wconf 76' lang='grc' dir='ltr'>,ἔχῳ</span> <span class='ocrx_word' id='word_1_241' title='bbox 645 2282 895 2353; x_wconf 76' lang='grc' dir='ltr'>γίνεσθαι</span> <span class='ocrx_word' id='word_1_242' title='bbox 923 2280 1120 2357; x_wconf 75' lang='grc' dir='ltr'>γνώμῃ</span> <span class='ocrx_word' id='word_1_243' title='bbox 1142 2282 1238 2358; x_wconf 82' lang='grc' dir='ltr'><strong>τοῦ</strong></span> <span class='ocrx_word' id='word_1_244' title='bbox 1275 2285 1506 2356; x_wconf 80' lang='grc' dir='ltr'>πλησίον</span> <span class='ocrx_word' id='word_1_245' title='bbox 1540 2285 1634 2340; x_wconf 74' lang='grc' dir='ltr'><strong>καὶ</strong></span> <span class='ocrx_word' id='word_1_246' title='bbox 1655 2286 1918 2359; x_wconf 89' lang='grc' dir='ltr'>ἀσυστρο·</span> <span class='ocrx_word' id='word_1_247' title='bbox 1950 2322 1953 2325; x_wconf 67' lang='grc'><strong>»</strong></span> 
     </span>
    </p>
   </div>
   <div class='ocr_carea' id='block_1_40' title="bbox 307 2372 1917 2451">
    <p class='ocr_par' dir='ltr' id='par_1_40' title="bbox 307 2372 1917 2451">
     <span class='ocr_line' id='line_1_40' title="bbox 307 2372 1917 2451; baseline 0.003 -24"><span class='ocrx_word' id='word_1_248' title='bbox 307 2372 503 2445; x_wconf 65' lang='grc' dir='ltr'>φῆσαι.</span> <span class='ocrx_word' id='word_1_249' title='bbox 543 2374 684 2446; x_wconf 84' lang='grc' dir='ltr'>μετά</span> <span class='ocrx_word' id='word_1_250' title='bbox 722 2372 953 2447; x_wconf 80' lang='grc' dir='ltr'>γνώμης</span> <span class='ocrx_word' id='word_1_251' title='bbox 1005 2376 1197 2443; x_wconf 82' lang='grc' dir='ltr'>αὐτοῦ,</span> <span class='ocrx_word' id='word_1_252' title='bbox 1250 2376 1347 2431; x_wconf 76' lang='grc' dir='ltr'><strong>ἐὰν</strong></span> <span class='ocrx_word' id='word_1_253' title='bbox 1392 2378 1691 2451; x_wconf 76' lang='grc' dir='ltr'><strong>ἀπαντήσῃ</strong></span> <span class='ocrx_word' id='word_1_254' title='bbox 1733 2377 1767 2450; x_wconf 81' lang='grc' dir='ltr'><strong>ἦ</strong></span> <span class='ocrx_word' id='word_1_255' title='bbox 1821 2378 1917 2432; x_wconf 71' lang='grc' dir='ltr'><strong>καὶ</strong></span> 
     </span>
    </p>
   </div>
   <div class='ocr_carea' id='block_1_41' title="bbox 311 2466 1712 2542">
    <p class='ocr_par' dir='ltr' id='par_1_41' title="bbox 311 2466 1712 2542">
     <span class='ocr_line' id='line_1_41' title="bbox 311 2466 1712 2542; baseline 0.005 -25"><span class='ocrx_word' id='word_1_256' title='bbox 311 2466 602 2536; x_wconf 81' lang='grc' dir='ltr'>στοιχῆσαι</span> <span class='ocrx_word' id='word_1_257' title='bbox 638 2468 705 2539; x_wconf 70' lang='grc' dir='ltr'><strong>τῇ</strong></span> <span class='ocrx_word' id='word_1_258' title='bbox 745 2467 851 2540; x_wconf 75' lang='grc' dir='ltr'>ἰδίᾳ</span> <span class='ocrx_word' id='word_1_259' title='bbox 882 2466 1079 2541; x_wconf 83' lang='grc' dir='ltr'><strong>γνώμῃ</strong></span> <span class='ocrx_word' id='word_1_260' title='bbox 1113 2468 1210 2522; x_wconf 75' lang='grc' dir='ltr'><strong>καὶ</strong></span> <span class='ocrx_word' id='word_1_261' title='bbox 1240 2468 1712 2542; x_wconf 78' lang='grc' dir='ltr'>εύσυστροφῆσαι.</span> 
     </span>
    </p>
   </div>
   <div class='ocr_carea' id='block_1_42' title="bbox 381 2554 1917 2630">
    <p class='ocr_par' dir='ltr' id='par_1_42' title="bbox 381 2554 1917 2630">
     <span class='ocr_line' id='line_1_42' title="bbox 381 2554 1917 2630; baseline 0.001 -21"><span class='ocrx_word' id='word_1_262' title='bbox 381 2555 553 2610; x_wconf 87' lang='grc' dir='ltr'>Πάλιν</span> <span class='ocrx_word' id='word_1_263' title='bbox 584 2554 729 2624; x_wconf 74' lang='grc' dir='ltr'>εἷπε,</span> <span class='ocrx_word' id='word_1_264' title='bbox 765 2557 948 2612; x_wconf 79' lang='grc' dir='ltr'>Καλόν,</span> <span class='ocrx_word' id='word_1_265' title='bbox 982 2560 1137 2611; x_wconf 79' lang='grc' dir='ltr'>ἐστιν</span> <span class='ocrx_word' id='word_1_266' title='bbox 1171 2559 1229 2612; x_wconf 85' lang='grc' dir='ltr'><strong>ὲν</strong></span> <span class='ocrx_word' id='word_1_267' title='bbox 1252 2556 1474 2630; x_wconf 80' lang='grc' dir='ltr'>ἑκάστῳ</span> <span class='ocrx_word' id='word_1_268' title='bbox 1514 2559 1807 2630; x_wconf 77' lang='grc' dir='ltr'>πράγματι</span> <span class='ocrx_word' id='word_1_269' title='bbox 1855 2557 1917 2612; x_wconf 81' lang='grc' dir='ltr'>τὸ</span> 
     </span>
    </p>
   </div>
   <div class='ocr_carea' id='block_1_43' title="bbox 312 2645 1917 2724">
    <p class='ocr_par' dir='ltr' id='par_1_43' title="bbox 312 2645 1917 2724">
     <span class='ocr_line' id='line_1_43' title="bbox 312 2645 1917 2724; baseline 0.002 -22"><span class='ocrx_word' id='word_1_270' title='bbox 312 2645 466 2718; x_wconf 83' lang='grc' dir='ltr'>παρὰ</span> <span class='ocrx_word' id='word_1_271' title='bbox 489 2649 692 2719; x_wconf 74' lang='grc' dir='ltr'>μικρὸν</span> <span class='ocrx_word' id='word_1_272' title='bbox 714 2649 814 2719; x_wconf 84' lang='grc' dir='ltr'><strong>τῆς</strong></span> <span class='ocrx_word' id='word_1_273' title='bbox 837 2650 1031 2721; x_wconf 77' lang='grc' dir='ltr'><strong>χρείας</strong></span> <span class='ocrx_word' id='word_1_274' title='bbox 1054 2650 1402 2723; x_wconf 76' lang='grc' dir='ltr'>ἐπιτηδεύειν</span> <span class='ocrx_word' id='word_1_275' title='bbox 1430 2652 1663 2715; x_wconf 79' lang='grc' dir='ltr'>ἑαυτοῖς.</span> <span class='ocrx_word' id='word_1_276' title='bbox 1698 2651 1774 2706; x_wconf 69' lang='lat' dir='ltr'><strong>oo</strong></span> <span class='ocrx_word' id='word_1_277' title='bbox 1807 2650 1917 2724; x_wconf 85' lang='grc' dir='ltr'><strong>γὰρ</strong></span> 
     </span>
    </p>
   </div>
   <div class='ocr_carea' id='block_1_44' title="bbox 312 2739 1491 2822">
    <p class='ocr_par' dir='ltr' id='par_1_44' title="bbox 312 2739 1491 2822">
     <span class='ocr_line' id='line_1_44' title="bbox 312 2739 1491 2822; baseline 0.006 -31"><span class='ocrx_word' id='word_1_278' title='bbox 312 2739 593 2811; x_wconf 79' lang='grc' dir='ltr'><strong>συμφέρει</strong></span> <span class='ocrx_word' id='word_1_279' title='bbox 628 2740 735 2822; x_wconf 75' lang='grc' dir='ltr'>τινὶ</span> <span class='ocrx_word' id='word_1_280' title='bbox 771 2742 915 2797; x_wconf 73' lang='grc' dir='ltr'>κατὰ</span> <span class='ocrx_word' id='word_1_281' title='bbox 948 2742 1131 2797; x_wconf 86' lang='grc' dir='ltr'>πάντα</span> <span class='ocrx_word' id='word_1_282' title='bbox 1151 2742 1491 2799; x_wconf 81' lang='grc' dir='ltr'>ἀναπαῦσαι.</span> 
     </span>
    </p>
   </div>
   <div class='ocr_carea' id='block_1_45' title="bbox 382 2829 1918 2906">
    <p class='ocr_par' dir='ltr' id='par_1_45' title="bbox 382 2829 1918 2906">
     <span class='ocr_line' id='line_1_45' title="bbox 382 2829 1918 2906; baseline 0.004 -21"><span class='ocrx_word' id='word_1_283' title='bbox 382 2831 554 2891; x_wconf 80' lang='grc' dir='ltr'>Πάλιν</span> <span class='ocrx_word' id='word_1_284' title='bbox 580 2829 727 2895; x_wconf 72' lang='grc' dir='ltr'>εἷπε,</span> <span class='ocrx_word' id='word_1_285' title='bbox 763 2832 854 2889; x_wconf 86' lang='grc' dir='ltr'><strong>Ἐν</strong></span> <span class='ocrx_word' id='word_1_286' title='bbox 887 2834 1055 2888; x_wconf 70' lang='grc' dir='ltr'>παντὶ</span> <span class='ocrx_word' id='word_1_287' title='bbox 1085 2836 1391 2906; x_wconf 77' lang='grc' dir='ltr'>πράγματι</span> <span class='ocrx_word' id='word_1_288' title='bbox 1416 2832 1774 2906; x_wconf 75' lang='grc' dir='ltr'>συμϐαίνοντί</span> <span class='ocrx_word' id='word_1_289' title='bbox 1802 2854 1918 2906; x_wconf 88' lang='grc' dir='ltr'>μοι,</span> 
     </span>
    </p>
   </div>
   <div class='ocr_carea' id='block_1_46' title="bbox 311 2923 1918 3001">
    <p class='ocr_par' dir='ltr' id='par_1_46' title="bbox 311 2923 1918 3001">
     <span class='ocr_line' id='line_1_46' title="bbox 311 2923 1918 3001; baseline -0.001 -18"><span class='ocrx_word' id='word_1_290' title='bbox 311 2923 574 2983; x_wconf 69' lang='grc' dir='ltr'>αὗδὲποτε</span> <span class='ocrx_word' id='word_1_291' title='bbox 600 2925 848 2999; x_wconf 75' lang='grc' dir='ltr'>ἠθέλησα</span> <span class='ocrx_word' id='word_1_292' title='bbox 869 2925 1195 3001; x_wconf 77' lang='grc' dir='ltr'><strong>ἀνθρωπίνῃ</strong></span> <span class='ocrx_word' id='word_1_293' title='bbox 1220 2929 1503 3000; x_wconf 15' lang='grc' dir='ltr'>»φρονήσει</span> <span class='ocrx_word' id='word_1_294' title='bbox 1552 2929 1918 3000; x_wconf 81' lang='grc' dir='ltr'>περιδραμεῖν</span> 
     </span>
    </p>
   </div>
   <div class='ocr_carea' id='block_1_47' title="bbox 311 3016 1920 3092">
    <p class='ocr_par' dir='ltr' id='par_1_47' title="bbox 311 3016 1920 3092">
     <span class='ocr_line' id='line_1_47' title="bbox 311 3016 1920 3092; baseline 0.003 -22"><span class='ocrx_word' id='word_1_295' title='bbox 311 3016 538 3089; x_wconf 68' lang='grc' dir='ltr'>δμαυτῷ</span> <span class='ocrx_word' id='word_1_296' title='bbox 564 3032 580 3047; x_wconf 84' lang='lat'>&#39;</span> <span class='ocrx_word' id='word_1_297' title='bbox 616 3017 732 3072; x_wconf 79' lang='grc' dir='ltr'>ἀλλ’</span> <span class='ocrx_word' id='word_1_298' title='bbox 756 3019 849 3073; x_wconf 76' lang='grc' dir='ltr'>ἀεὶ</span> <span class='ocrx_word' id='word_1_299' title='bbox 870 3019 1015 3077; x_wconf 80' lang='grc' dir='ltr'>ποιῶ</span> <span class='ocrx_word' id='word_1_300' title='bbox 1039 3019 1370 3091; x_wconf 70' lang='grc' dir='ltr'>μικρρν.τὴν</span> <span class='ocrx_word' id='word_1_301' title='bbox 1415 3018 1647 3091; x_wconf 82' lang='grc' dir='ltr'>δύναμίν</span> <span class='ocrx_word' id='word_1_302' title='bbox 1684 3038 1810 3092; x_wconf 85' lang='grc' dir='ltr'>μου,</span> <span class='ocrx_word' id='word_1_303' title='bbox 1837 3022 1920 3086; x_wconf 72' lang='grc' dir='ltr'><strong>εἰς</strong></span> 
     </span>
    </p>
   </div>
   <div class='ocr_carea' id='block_1_48' title="bbox 312 3107 1442 3183">
    <p class='ocr_par' dir='ltr' id='par_1_48' title="bbox 312 3107 1442 3183">
     <span class='ocr_line' id='line_1_48' title="bbox 312 3107 1442 3183; baseline 0.002 -18"><span class='ocrx_word' id='word_1_304' title='bbox 312 3107 417 3165; x_wconf 71' lang='grc' dir='ltr'>εἴτι</span> <span class='ocrx_word' id='word_1_305' title='bbox 439 3109 660 3182; x_wconf 84' lang='grc' dir='ltr'>δήποτε,</span> <span class='ocrx_word' id='word_1_306' title='bbox 694 3112 799 3169; x_wconf 49' lang='grc' dir='ltr'><strong>καὶ.</strong></span> <span class='ocrx_word' id='word_1_307' title='bbox 816 3111 942 3180; x_wconf 82' lang='grc' dir='ltr'><strong>ἀφῶ</strong></span> <span class='ocrx_word' id='word_1_308' title='bbox 968 3112 1030 3166; x_wconf 78' lang='grc' dir='ltr'>τὸ</span> <span class='ocrx_word' id='word_1_309' title='bbox 1062 3113 1170 3167; x_wconf 77' lang='grc' dir='ltr'><strong>πᾶν</strong></span> <span class='ocrx_word' id='word_1_310' title='bbox 1195 3110 1273 3183; x_wconf 79' lang='grc' dir='ltr'>τῷ</span> <span class='ocrx_word' id='word_1_311' title='bbox 1303 3111 1442 3183; x_wconf 76' lang='grc' dir='ltr'>Θεῷ.</span> 
     </span>
    </p>
   </div>
   <div class='ocr_carea' id='block_1_49' title="bbox 386 3196 1919 3277">
    <p class='ocr_par' dir='ltr' id='par_1_49' title="bbox 386 3196 1919 3277">
     <span class='ocr_line' id='line_1_49' title="bbox 386 3196 1919 3277; baseline 0.003 -22"><span class='ocrx_word' id='word_1_312' title='bbox 386 3201 560 3261; x_wconf 85' lang='grc' dir='ltr'>Πάλιν</span> <span class='ocrx_word' id='word_1_313' title='bbox 588 3196 778 3259; x_wconf 54' lang='grc' dir='ltr'>εἶπεν</span> <span class='ocrx_word' id='word_1_314' title='bbox 825 3202 885 3257; x_wconf 85' lang='grc' dir='ltr'>Ὀ</span> <span class='ocrx_word' id='word_1_315' title='bbox 923 3206 998 3275; x_wconf 64' lang='grc' dir='ltr'><strong>μὴ</strong></span> <span class='ocrx_word' id='word_1_316' title='bbox 1047 3203 1188 3276; x_wconf 72' lang='grc' dir='ltr'>ἔχων</span> <span class='ocrx_word' id='word_1_317' title='bbox 1229 3204 1361 3259; x_wconf 81' lang='grc' dir='ltr'>ἴδιον</span> <span class='ocrx_word' id='word_1_318' title='bbox 1402 3205 1635 3277; x_wconf 78' lang='grc' dir='ltr'>θέλημα,</span> <span class='ocrx_word' id='word_1_319' title='bbox 1688 3207 1919 3261; x_wconf 85' lang='grc' dir='ltr'>πάντοτε</span> 
     </span>
    </p>
   </div>
   <div class='ocr_carea' id='block_1_50' title="bbox 2015 1972 3608 2051">
    <p class='ocr_par' dir='ltr' id='par_1_50' title="bbox 2015 1972 3608 2051">
     <span class='ocr_line' id='line_1_50' title="bbox 2015 1972 3608 2051; baseline -0.006 -14"><span class='ocrx_word' id='word_1_320' title='bbox 2015 1983 2114 2048; x_wconf 87' lang='lat' dir='ltr'><strong>ris,</strong></span> <span class='ocrx_word' id='word_1_321' title='bbox 2146 1981 2313 2037; x_wconf 87' lang='lat' dir='ltr'><strong>etiam</strong></span> <span class='ocrx_word' id='word_1_322' title='bbox 2348 1990 2597 2051; x_wconf 88' lang='lat' dir='ltr'><strong>prompte</strong></span> <span class='ocrx_word' id='word_1_323' title='bbox 2635 1977 2863 2044; x_wconf 79' lang='lat' dir='ltr'><strong>referre,</strong></span> <span class='ocrx_word' id='word_1_324' title='bbox 2895 1977 3111 2033; x_wconf 89' lang='lat' dir='ltr'><strong>etiamsi</strong></span> <span class='ocrx_word' id='word_1_325' title='bbox 3140 1988 3309 2046; x_wconf 89' lang='lat' dir='ltr'><strong>prava</strong></span> <span class='ocrx_word' id='word_1_326' title='bbox 3337 1981 3388 2029; x_wconf 85' lang='lat' dir='ltr'><strong>et</strong></span> <span class='ocrx_word' id='word_1_327' title='bbox 3423 1972 3608 2027; x_wconf 83' lang='lat' dir='ltr'><strong>tenuis</strong></span> 
     </span>
    </p>
   </div>
   <div class='ocr_carea' id='block_1_51' title="bbox 2016 2073 2200 2129">
    <p class='ocr_par' dir='ltr' id='par_1_51' title="bbox 2016 2073 2200 2129">
     <span class='ocr_line' id='line_1_51' title="bbox 2016 2073 2200 2129; baseline 0 -1"><span class='ocrx_word' id='word_1_328' title='bbox 2016 2073 2200 2129; x_wconf 84' lang='lat' dir='ltr'><strong>fuerit.</strong></span> 
     </span>
    </p>
   </div>
   <div class='ocr_carea' id='block_1_52' title="bbox 2086 2159 3608 2237">
    <p class='ocr_par' dir='ltr' id='par_1_52' title="bbox 2086 2159 3608 2237">
     <span class='ocr_line' id='line_1_52' title="bbox 2086 2159 3608 2237; baseline -0.005 -16"><span class='ocrx_word' id='word_1_329' title='bbox 2086 2165 2315 2222; x_wconf 78' lang='lat' dir='ltr'><strong>Dicebat</strong></span> <span class='ocrx_word' id='word_1_330' title='bbox 2359 2180 2579 2237; x_wconf 90' lang='lat' dir='ltr'><strong>quoque</strong></span> <span class='ocrx_word' id='word_1_331' title='bbox 2645 2180 2704 2221; x_wconf 88' lang='lat' dir='ltr'><strong>se</strong></span> <span class='ocrx_word' id='word_1_332' title='bbox 2756 2164 2825 2220; x_wconf 90' lang='lat' dir='ltr'><strong>de</strong></span> <span class='ocrx_word' id='word_1_333' title='bbox 2880 2175 3215 2234; x_wconf 85' lang='lat' dir='ltr'><strong>unaquaque</strong></span> <span class='ocrx_word' id='word_1_334' title='bbox 3268 2159 3608 2216; x_wconf 75' lang='lat' dir='ltr'><strong>re‘libenter</strong></span> 
     </span>
    </p>
   </div>
   <div class='ocr_carea' id='block_1_53' title="bbox 2016 2252 3605 2328">
    <p class='ocr_par' dir='ltr' id='par_1_53' title="bbox 2016 2252 3605 2328">
     <span class='ocr_line' id='line_1_53' title="bbox 2016 2252 3605 2328; baseline -0.006 -14"><span class='ocrx_word' id='word_1_335' title='bbox 2016 2258 2332 2315; x_wconf 81' lang='lat' dir='ltr'><strong>consultare</strong></span> <span class='ocrx_word' id='word_1_336' title='bbox 2374 2273 2497 2314; x_wconf 92' lang='lat' dir='ltr'><strong>cum</strong></span> <span class='ocrx_word' id='word_1_337' title='bbox 2529 2258 2802 2328; x_wconf 88' lang='lat' dir='ltr'><strong>proximo,</strong></span> <span class='ocrx_word' id='word_1_338' title='bbox 2843 2263 2897 2312; x_wconf 91' lang='lat' dir='ltr'><strong>et</strong></span> <span class='ocrx_word' id='word_1_339' title='bbox 2940 2252 3409 2311; x_wconf 69' lang='lat' dir='ltr'><strong>illius-sententiae</strong></span> <span class='ocrx_word' id='word_1_340' title='bbox 3449 2265 3605 2306; x_wconf 84' lang='lat' dir='ltr'><strong>suam</strong></span> 
     </span>
    </p>
   </div>
   <div class='ocr_carea' id='block_1_54' title="bbox 2018 2342 3608 2417">
    <p class='ocr_par' dir='ltr' id='par_1_54' title="bbox 2018 2342 3608 2417">
     <span class='ocr_line' id='line_1_54' title="bbox 2018 2342 3608 2417; baseline -0.007 -9"><span class='ocrx_word' id='word_1_341' title='bbox 2018 2350 2461 2417; x_wconf 88' lang='lat' dir='ltr'><strong>accommodare,</strong></span> <span class='ocrx_word' id='word_1_342' title='bbox 2490 2350 2710 2407; x_wconf 88' lang='lat' dir='ltr'><strong>etiamsi</strong></span> <span class='ocrx_word' id='word_1_343' title='bbox 2743 2348 3019 2406; x_wconf 91' lang='lat' dir='ltr'><strong>contraria</strong></span> <span class='ocrx_word' id='word_1_344' title='bbox 3051 2353 3106 2402; x_wconf 90' lang='lat' dir='ltr'><strong>et</strong></span> <span class='ocrx_word' id='word_1_345' title='bbox 3138 2344 3366 2401; x_wconf 82' lang='lat' dir='ltr'><strong>adversa</strong></span> <span class='ocrx_word' id='word_1_346' title='bbox 3394 2342 3608 2399; x_wconf 56' lang='lat' dir='ltr'><strong>videre.</strong></span> 
     </span>
    </p>
   </div>
   <div class='ocr_carea' id='block_1_55' title="bbox 2020 2453 2131 2500">
    <p class='ocr_par' dir='ltr' id='par_1_55' title="bbox 2020 2453 2131 2500">
     <span class='ocr_line' id='line_1_55' title="bbox 2020 2453 2131 2500; baseline -0.009 0"><span class='ocrx_word' id='word_1_347' title='bbox 2020 2453 2131 2500; x_wconf 90' lang='lat' dir='ltr'><strong>tttr.</strong></span> 
     </span>
    </p>
   </div>
   <div class='ocr_carea' id='block_1_56' title="bbox 2090 2536 3609 2610">
    <p class='ocr_par' dir='ltr' id='par_1_56' title="bbox 2090 2536 3609 2610">
     <span class='ocr_line' id='line_1_56' title="bbox 2090 2536 3609 2610; baseline -0.008 -17"><span class='ocrx_word' id='word_1_348' title='bbox 2090 2536 2367 2610; x_wconf 90' lang='lat' dir='ltr'><strong>Optimum</strong></span> <span class='ocrx_word' id='word_1_349' title='bbox 2400 2553 2523 2596; x_wconf 88' lang='lat' dir='ltr'><strong>esse</strong></span> <span class='ocrx_word' id='word_1_350' title='bbox 2552 2548 3002 2605; x_wconf 86' lang='lat' dir='ltr'><strong>unamquamque</strong></span> <span class='ocrx_word' id='word_1_351' title='bbox 3028 2546 3141 2588; x_wconf 88' lang='lat' dir='ltr'><strong>rem</strong></span> <span class='ocrx_word' id='word_1_352' title='bbox 3172 2545 3269 2601; x_wconf 89' lang='lat' dir='ltr'><strong>pro</strong></span> <span class='ocrx_word' id='word_1_353' title='bbox 3296 2545 3400 2585; x_wconf 89' lang='lat' dir='ltr'><strong>usu</strong></span> <span class='ocrx_word' id='word_1_354' title='bbox 3425 2538 3482 2584; x_wconf 89' lang='lat' dir='ltr'><strong>et</strong></span> <span class='ocrx_word' id='word_1_355' title='bbox 3510 2542 3609 2582; x_wconf 58' lang='lat' dir='ltr'><strong>nec</strong></span> 
     </span>
    </p>
   </div>
   <div class='ocr_carea' id='block_1_57' title="bbox 2019 2622 3632 2695">
    <p class='ocr_par' dir='ltr' id='par_1_57' title="bbox 2019 2622 3632 2695">
     <span class='ocr_line' id='line_1_57' title="bbox 2019 2622 3632 2695; baseline -0.007 -9"><span class='ocrx_word' id='word_1_356' title='bbox 2019 2631 2274 2687; x_wconf 84' lang='lat' dir='ltr'><strong>cessitate</strong></span> <span class='ocrx_word' id='word_1_357' title='bbox 2307 2639 2498 2687; x_wconf 86' lang='lat' dir='ltr'><strong>nostra</strong></span> <span class='ocrx_word' id='word_1_358' title='bbox 2529 2630 2825 2695; x_wconf 79' lang='lat' dir='ltr'><strong>aﬂ&#39;ectare;</strong></span> <span class='ocrx_word' id='word_1_359' title='bbox 2879 2626 3083 2680; x_wconf 87' lang='lat' dir='ltr'><strong>malum</strong></span> <span class='ocrx_word' id='word_1_360' title='bbox 3129 2632 3309 2679; x_wconf 91' lang='lat' dir='ltr'><strong>autem</strong></span> <span class='ocrx_word' id='word_1_361' title='bbox 3352 2622 3419 2675; x_wconf 91' lang='lat' dir='ltr'><strong>ad</strong></span> <span class='ocrx_word' id='word_1_362' title='bbox 3459 2630 3632 2692; x_wconf 68' lang='grc' dir='ltr'>ηοω-ι·</span> 
     </span>
    </p>
   </div>
   <div class='ocr_carea' id='block_1_58' title="bbox 2020 2716 3324 2794">
    <p class='ocr_par' dir='ltr' id='par_1_58' title="bbox 2020 2716 3324 2794">
     <span class='ocr_line' id='line_1_58' title="bbox 2020 2716 3324 2794; baseline -0.006 -16"><span class='ocrx_word' id='word_1_363' title='bbox 2020 2736 2237 2794; x_wconf 89' lang='lat' dir='ltr'><strong>cunque</strong></span> <span class='ocrx_word' id='word_1_364' title='bbox 2267 2722 2579 2778; x_wconf 87' lang='lat' dir='ltr'><strong>discurrere</strong></span> <span class='ocrx_word' id='word_1_365' title='bbox 2615 2735 2716 2777; x_wconf 90' lang='lat' dir='ltr'><strong>nec</strong></span> <span class='ocrx_word' id='word_1_366' title='bbox 2747 2733 2994 2790; x_wconf 87' lang='lat' dir='ltr'><strong>unquam</strong></span> <span class='ocrx_word' id='word_1_367' title='bbox 3017 2716 3324 2788; x_wconf 88' lang='lat' dir='ltr'><strong>quiescere.</strong></span> 
     </span>
    </p>
   </div>
   <div class='ocr_carea' id='block_1_59' title="bbox 2091 2802 3611 2882">
    <p class='ocr_par' dir='ltr' id='par_1_59' title="bbox 2091 2802 3611 2882">
     <span class='ocr_line' id='line_1_59' title="bbox 2091 2802 3611 2882; baseline -0.007 -15"><span class='ocrx_word' id='word_1_368' title='bbox 2091 2811 2371 2882; x_wconf 85' lang='lat' dir='ltr'><strong>Quidquid</strong></span> <span class='ocrx_word' id='word_1_369' title='bbox 2416 2811 2520 2868; x_wconf 92' lang='lat' dir='ltr'><strong>sibi</strong></span> <span class='ocrx_word' id='word_1_370' title='bbox 2553 2809 2896 2881; x_wconf 83' lang='lat' dir='ltr'><strong>contigisset,</strong></span> <span class='ocrx_word' id='word_1_371' title='bbox 2931 2820 3214 2877; x_wconf 88' lang='lat' dir='ltr'><strong>nunquam</strong></span> <span class='ocrx_word' id='word_1_372' title='bbox 3258 2818 3379 2861; x_wconf 88' lang='lat' dir='ltr'><strong>sese</strong></span> <span class='ocrx_word' id='word_1_373' title='bbox 3420 2802 3472 2858; x_wconf 84' lang='lat' dir='ltr'><strong>id</strong></span> <span class='ocrx_word' id='word_1_374' title='bbox 3512 2816 3611 2858; x_wconf 88' lang='lat' dir='ltr'><strong>vo-</strong></span> 
     </span>
    </p>
   </div>
   <div class='ocr_carea' id='block_1_60' title="bbox 1957 2895 3615 2965">
    <p class='ocr_par' dir='ltr' id='par_1_60' title="bbox 1957 2895 3615 2965">
     <span class='ocr_line' id='line_1_60' title="bbox 1957 2895 3615 2965; baseline -0.006 -4"><span class='ocrx_word' id='word_1_375' title='bbox 1957 2902 1966 2912; x_wconf 89' lang='grc'><em>’</em></span> <span class='ocrx_word' id='word_1_376' title='bbox 2020 2905 2191 2961; x_wconf 89' lang='lat' dir='ltr'><strong>luisse</strong></span> <span class='ocrx_word' id='word_1_377' title='bbox 2238 2905 2481 2960; x_wconf 90' lang='lat' dir='ltr'><strong>humano</strong></span> <span class='ocrx_word' id='word_1_378' title='bbox 2522 2919 2688 2959; x_wconf 88' lang='lat' dir='ltr'><strong>sensu</strong></span> <span class='ocrx_word' id='word_1_379' title='bbox 2722 2902 3038 2965; x_wconf 88' lang='lat' dir='ltr'><strong>discutere;</strong></span> <span class='ocrx_word' id='word_1_380' title='bbox 3087 2898 3205 2956; x_wconf 65' lang='lat' dir='ltr'><strong>sed</strong></span> <span class='ocrx_word' id='word_1_381' title='bbox 3228 2912 3355 2954; x_wconf 92' lang='lat' dir='ltr'><strong>cum</strong></span> <span class='ocrx_word' id='word_1_382' title='bbox 3394 2895 3615 2951; x_wconf 81' lang='lat' dir='ltr'><strong>fecisset</strong></span> 
     </span>
    </p>
   </div>
   <div class='ocr_carea' id='block_1_61' title="bbox 2020 2989 3615 3067">
    <p class='ocr_par' dir='ltr' id='par_1_61' title="bbox 2020 2989 3615 3067">
     <span class='ocr_line' id='line_1_61' title="bbox 2020 2989 3615 3067; baseline -0.006 -16"><span class='ocrx_word' id='word_1_383' title='bbox 2020 3011 2122 3067; x_wconf 90' lang='lat' dir='ltr'><strong>pro</strong></span> <span class='ocrx_word' id='word_1_384' title='bbox 2177 2997 2375 3052; x_wconf 86' lang='lat' dir='ltr'><strong>virtute</strong></span> <span class='ocrx_word' id='word_1_385' title='bbox 2426 3011 2528 3053; x_wconf 87' lang='lat' dir='ltr'><strong>sua</strong></span> <span class='ocrx_word' id='word_1_386' title='bbox 2558 3036 2574 3062; x_wconf 91' lang='lat'><strong>,</strong></span> <span class='ocrx_word' id='word_1_387' title='bbox 2622 3010 2799 3053; x_wconf 88' lang='lat' dir='ltr'><strong>omne</strong></span> <span class='ocrx_word' id='word_1_388' title='bbox 2857 2991 3209 3064; x_wconf 81' lang='lat' dir='ltr'><strong>postmodum</strong></span> <span class='ocrx_word' id='word_1_389' title='bbox 3266 2989 3615 3045; x_wconf 86' lang='lat' dir='ltr'><strong>commisisse</strong></span> 
     </span>
    </p>
   </div>
   <div class='ocr_carea' id='block_1_62' title="bbox 2021 3086 2151 3142">
    <p class='ocr_par' dir='ltr' id='par_1_62' title="bbox 2021 3086 2151 3142">
     <span class='ocr_line' id='line_1_62' title="bbox 2021 3086 2151 3142; baseline 0.015 -2"><span class='ocrx_word' id='word_1_390' title='bbox 2021 3086 2151 3142; x_wconf 87' lang='lat' dir='ltr'><strong>Deo.</strong></span> 
     </span>
    </p>
   </div>
   <div class='ocr_carea' id='block_1_63' title="bbox 2096 3171 3617 3249">
    <p class='ocr_par' dir='ltr' id='par_1_63' title="bbox 2096 3171 3617 3249">
     <span class='ocr_line' id='line_1_63' title="bbox 2096 3171 3617 3249; baseline -0.004 -15"><span class='ocrx_word' id='word_1_391' title='bbox 2096 3178 2234 3234; x_wconf 84' lang='lat' dir='ltr'><strong>Eum</strong></span> <span class='ocrx_word' id='word_1_392' title='bbox 2265 3178 2360 3249; x_wconf 91' lang='lat' dir='ltr'><strong>qui</strong></span> <span class='ocrx_word' id='word_1_393' title='bbox 2392 3193 2501 3233; x_wconf 89' lang='lat' dir='ltr'><strong>non</strong></span> <span class='ocrx_word' id='word_1_394' title='bbox 2546 3176 2802 3233; x_wconf 84' lang='lat' dir='ltr'><strong>habuerit</strong></span> <span class='ocrx_word' id='word_1_395' title='bbox 2847 3175 3123 3247; x_wconf 83' lang='lat' dir='ltr'><strong>propriam</strong></span> <span class='ocrx_word' id='word_1_396' title='bbox 3159 3174 3517 3238; x_wconf 81' lang='lat' dir='ltr'><strong>voluntatem,</strong></span> <span class='ocrx_word' id='word_1_397' title='bbox 3548 3171 3617 3228; x_wconf 79' lang='lat' dir='ltr'><strong>ii-</strong></span> 
     </span>
    </p>
   </div>
   <div class='ocr_carea' id='block_1_64' title="bbox 313 3259 1919 3369">
    <p class='ocr_par' dir='ltr' id='par_1_64' title="bbox 313 3292 1917 3369">
     <span class='ocr_line' id='line_1_64' title="bbox 313 3292 1917 3369; baseline 0.001 -21"><span class='ocrx_word' id='word_1_398' title='bbox 313 3293 375 3351; x_wconf 77' lang='grc' dir='ltr'>τὸ</span> <span class='ocrx_word' id='word_1_399' title='bbox 397 3292 530 3348; x_wconf 71' lang='grc' dir='ltr'>ἴδιον</span> <span class='ocrx_word' id='word_1_400' title='bbox 565 3298 739 3349; x_wconf 58' lang='grc' dir='ltr'>ποιεῖθ</span> <span class='ocrx_word' id='word_1_401' title='bbox 789 3294 1060 3369; x_wconf 65' lang='grc' dir='ltr'>ἐξώτερον</span> <span class='ocrx_word' id='word_1_402' title='bbox 1097 3297 1206 3369; x_wconf 78' lang='grc' dir='ltr'><strong>γὰρ</strong></span> <span class='ocrx_word' id='word_1_403' title='bbox 1238 3298 1370 3351; x_wconf 74' lang='grc' dir='ltr'>ἴδιον</span> <span class='ocrx_word' id='word_1_404' title='bbox 1408 3297 1508 3351; x_wconf 80' lang='grc' dir='ltr'><strong>οὐκ</strong></span> <span class='ocrx_word' id='word_1_405' title='bbox 1550 3297 1663 3369; x_wconf 79' lang='grc' dir='ltr'>ἔχει</span> <span class='ocrx_word' id='word_1_406' title='bbox 1689 3313 1703 3329; x_wconf 74' lang='grc' dir='ltr'><strong><em>ο</em></strong></span> <span class='ocrx_word' id='word_1_407' title='bbox 1738 3300 1843 3353; x_wconf 85' lang='grc' dir='ltr'>εῖτι</span> <span class='ocrx_word' id='word_1_408' title='bbox 1873 3297 1917 3350; x_wconf 82' lang='grc' dir='ltr'>δ’</span> 
     </span>
    </p>
   </div>
   <div class='ocr_carea' id='block_1_65' title="bbox 2023 3259 3617 3369">
    <p class='ocr_par' dir='ltr' id='par_1_65' title="bbox 2024 3266 3617 3339">
     <span class='ocr_line' id='line_1_65' title="bbox 2024 3266 3617 3339; baseline -0.006 -14"><span class='ocrx_word' id='word_1_409' title='bbox 2024 3271 2139 3326; x_wconf 92' lang='lat' dir='ltr'><strong>lum</strong></span> <span class='ocrx_word' id='word_1_410' title='bbox 2168 3271 2332 3326; x_wconf 85' lang='lat' dir='ltr'><strong>etiam</strong></span> <span class='ocrx_word' id='word_1_411' title='bbox 2378 3270 2514 3325; x_wconf 87' lang='lat' dir='ltr'><strong>nihil</strong></span> <span class='ocrx_word' id='word_1_412' title='bbox 2546 3269 2787 3325; x_wconf 82' lang='lat' dir='ltr'><strong>exterius</strong></span> <span class='ocrx_word' id='word_1_413' title='bbox 2822 3267 3107 3339; x_wconf 85' lang='lat' dir='ltr'><strong>proprium</strong></span> <span class='ocrx_word' id='word_1_414' title='bbox 3140 3266 3363 3331; x_wconf 89' lang='lat' dir='ltr'><strong>habere,</strong></span> <span class='ocrx_word' id='word_1_415' title='bbox 3396 3274 3453 3321; x_wconf 89' lang='lat' dir='ltr'><strong>et</strong></span> <span class='ocrx_word' id='word_1_416' title='bbox 3484 3279 3617 3319; x_wconf 82' lang='lat' dir='ltr'><strong>con-</strong></span> 
     </span>
    </p>
   </div>
   <div class='ocr_carea' id='block_1_66' title="bbox 317 3383 1923 3464">
    <p class='ocr_par' dir='ltr' id='par_1_66' title="bbox 317 3383 1923 3464">
     <span class='ocr_line' id='line_1_66' title="bbox 317 3383 1923 3464; baseline 0.001 -23"><span class='ocrx_word' id='word_1_417' title='bbox 317 3383 385 3441; x_wconf 81' lang='grc' dir='ltr'>ἂν</span> <span class='ocrx_word' id='word_1_418' title='bbox 438 3384 535 3439; x_wconf 76' lang='grc' dir='ltr'><strong>καὶ</strong></span> <span class='ocrx_word' id='word_1_419' title='bbox 591 3385 841 3457; x_wconf 80' lang='grc' dir='ltr'>γένηται,</span> <span class='ocrx_word' id='word_1_420' title='bbox 887 3388 1162 3442; x_wconf 78' lang='grc' dir='ltr'>ἀναπαύει</span> <span class='ocrx_word' id='word_1_421' title='bbox 1221 3389 1407 3456; x_wconf 73' lang='grc' dir='ltr'>αὑτὸν,</span> <span class='ocrx_word' id='word_1_422' title='bbox 1462 3389 1557 3443; x_wconf 76' lang='grc' dir='ltr'><strong>καὶ</strong></span> <span class='ocrx_word' id='word_1_423' title='bbox 1604 3388 1923 3464; x_wconf 60' lang='grc' dir='ltr'>εὑρίσῖξεται</span> 
     </span>
    </p>
   </div>
   <div class='ocr_carea' id='block_1_67' title="bbox 315 3475 1925 3555">
    <p class='ocr_par' dir='ltr' id='par_1_67' title="bbox 315 3475 1925 3555">
     <span class='ocr_line' id='line_1_67' title="bbox 315 3475 1925 3555; baseline 0.003 -25"><span class='ocrx_word' id='word_1_424' title='bbox 315 3475 800 3533; x_wconf 39' lang='grc' dir='ltr'>πάντοτετὸςῑδιον</span> <span class='ocrx_word' id='word_1_425' title='bbox 838 3480 1031 3535; x_wconf 82' lang='grc' dir='ltr'>ποιῶν.</span> <span class='ocrx_word' id='word_1_426' title='bbox 1073 3480 1149 3535; x_wconf 81' lang='grc' dir='ltr'><strong>Οὐ</strong></span> <span class='ocrx_word' id='word_1_427' title='bbox 1175 3480 1286 3553; x_wconf 85' lang='grc' dir='ltr'>γὰρ</span> <span class='ocrx_word' id='word_1_428' title='bbox 1329 3480 1478 3535; x_wconf 82' lang='grc' dir='ltr'>θέλει</span> <span class='ocrx_word' id='word_1_429' title='bbox 1507 3481 1579 3537; x_wconf 85' lang='grc' dir='ltr'>τὰ</span> <span class='ocrx_word' id='word_1_430' title='bbox 1620 3481 1925 3555; x_wconf 85' lang='grc' dir='ltr'>πράγματα</span> 
     </span>
    </p>
   </div>
   <div class='ocr_carea' id='block_1_68' title="bbox 317 3568 1638 3642">
    <p class='ocr_par' dir='ltr' id='par_1_68' title="bbox 317 3568 1638 3642">
     <span class='ocr_line' id='line_1_68' title="bbox 317 3568 1638 3642; baseline 0.003 -18"><span class='ocrx_word' id='word_1_431' title='bbox 317 3568 697 3641; x_wconf 28' lang='grc' dir='ltr'><strong>’ίκίνεσθαιιὼς</strong></span> <span class='ocrx_word' id='word_1_432' title='bbox 729 3569 898 3638; x_wconf 80' lang='grc' dir='ltr'>θέλει,</span> <span class='ocrx_word' id='word_1_433' title='bbox 932 3572 1070 3626; x_wconf 86' lang='grc' dir='ltr'><strong>ἀλλά</strong></span> <span class='ocrx_word' id='word_1_434' title='bbox 1104 3572 1271 3638; x_wconf 78' lang='grc' dir='ltr'>θέλει,</span> <span class='ocrx_word' id='word_1_435' title='bbox 1299 3572 1376 3638; x_wconf 85' lang='grc' dir='ltr'><strong>ὡς</strong></span> <span class='ocrx_word' id='word_1_436' title='bbox 1405 3573 1638 3642; x_wconf 84' lang='grc' dir='ltr'>γίνεται.</span> 
     </span>
    </p>
   </div>
   <div class='ocr_carea' id='block_1_69' title="bbox 391 3657 1927 3738">
    <p class='ocr_par' dir='ltr' id='par_1_69' title="bbox 391 3657 1927 3738">
     <span class='ocr_line' id='line_1_69' title="bbox 391 3657 1927 3738; baseline 0 -19"><span class='ocrx_word' id='word_1_437' title='bbox 391 3657 762 3729; x_wconf 73' lang='grc' dir='ltr'>Πάλινεῐπεν,</span> <span class='ocrx_word' id='word_1_438' title='bbox 796 3664 872 3717; x_wconf 88' lang='grc' dir='ltr'><strong>Οὐ</strong></span> <span class='ocrx_word' id='word_1_439' title='bbox 913 3664 997 3719; x_wconf 88' lang='grc' dir='ltr'><strong>δεῖ</strong></span> <span class='ocrx_word' id='word_1_440' title='bbox 1027 3683 1149 3719; x_wconf 87' lang='grc' dir='ltr'>τινα</span> <span class='ocrx_word' id='word_1_441' title='bbox 1176 3666 1235 3719; x_wconf 81' lang='grc' dir='ltr'>ἐν</span> <span class='ocrx_word' id='word_1_442' title='bbox 1266 3664 1416 3737; x_wconf 86' lang='grc' dir='ltr'><strong>αύτῷ</strong></span> <span class='ocrx_word' id='word_1_443' title='bbox 1447 3665 1527 3738; x_wconf 84' lang='grc' dir='ltr'>τῷ</span> <span class='ocrx_word' id='word_1_444' title='bbox 1573 3664 1751 3738; x_wconf 87' lang='grc' dir='ltr'><strong>καιρῷ</strong></span> <span class='ocrx_word' id='word_1_445' title='bbox 1797 3667 1853 3719; x_wconf 84' lang='grc' dir='ltr'>ἐν</span> <span class='ocrx_word' id='word_1_446' title='bbox 1880 3658 1927 3736; x_wconf 82' lang='grc' dir='ltr'>ᾧ</span> 
     </span>
    </p>
   </div>
   <div class='ocr_carea' id='block_1_70' title="bbox 321 3753 1922 3829">
    <p class='ocr_par' dir='ltr' id='par_1_70' title="bbox 321 3753 1922 3829">
     <span class='ocr_line' id='line_1_70' title="bbox 321 3753 1922 3829; baseline 0.004 -23"><span class='ocrx_word' id='word_1_447' title='bbox 321 3753 631 3824; x_wconf 74' lang='grc' dir='ltr'>ἁμαρτάνει</span> <span class='ocrx_word' id='word_1_448' title='bbox 663 3756 693 3808; x_wconf 86' lang='grc' dir='ltr'>ὁ</span> <span class='ocrx_word' id='word_1_449' title='bbox 730 3754 982 3823; x_wconf 83' lang='grc' dir='ltr'>ἀδελφὸς,</span> <span class='ocrx_word' id='word_1_450' title='bbox 1026 3759 1150 3810; x_wconf 65' lang='grc' dir='ltr'>κατ)</span> <span class='ocrx_word' id='word_1_451' title='bbox 1193 3756 1361 3812; x_wconf 82' lang='grc' dir='ltr'>αὐτοῦ</span> <span class='ocrx_word' id='word_1_452' title='bbox 1399 3757 1697 3829; x_wconf 69' lang='grc' dir='ltr'>διορθῶσαι</span> <span class='ocrx_word' id='word_1_453' title='bbox 1738 3759 1922 3825; x_wconf 77' lang='grc' dir='ltr'>αὐτὸν,</span> 
     </span>
    </p>
   </div>
   <div class='ocr_carea' id='block_1_71' title="bbox 322 3842 1924 3921">
    <p class='ocr_par' dir='ltr' id='par_1_71' title="bbox 322 3842 1924 3921">
     <span class='ocr_line' id='line_1_71' title="bbox 322 3842 1924 3921; baseline 0.004 -22"><span class='ocrx_word' id='word_1_454' title='bbox 322 3843 448 3899; x_wconf 77' lang='grc' dir='ltr'>ἀλλ’,</span> <span class='ocrx_word' id='word_1_455' title='bbox 488 3842 611 3897; x_wconf 82' lang='grc' dir='ltr'>οὐδὲ</span> <span class='ocrx_word' id='word_1_456' title='bbox 652 3844 711 3898; x_wconf 81' lang='grc' dir='ltr'>ὲν</span> <span class='ocrx_word' id='word_1_457' title='bbox 755 3844 901 3914; x_wconf 82' lang='grc' dir='ltr'>ἄλλῳ</span> <span class='ocrx_word' id='word_1_458' title='bbox 942 3847 1123 3918; x_wconf 73' lang='grc' dir='ltr'>καιρῷ</span> <span class='ocrx_word' id='word_1_459' title='bbox 1180 3849 1344 3920; x_wconf 85' lang='grc' dir='ltr'>χάριν</span> <span class='ocrx_word' id='word_1_460' title='bbox 1382 3849 1481 3921; x_wconf 81' lang='grc' dir='ltr'><strong>τῆς</strong></span> <span class='ocrx_word' id='word_1_461' title='bbox 1528 3850 1663 3915; x_wconf 77' lang='grc' dir='ltr'>ἰδίας</span> <span class='ocrx_word' id='word_1_462' title='bbox 1701 3849 1924 3921; x_wconf 70' lang='grc' dir='ltr'><strong>ἐκδική-</strong></span> 
     </span>
    </p>
   </div>
   <div class='ocr_carea' id='block_1_72' title="bbox 329 3952 491 3999">
    <p class='ocr_par' dir='ltr' id='par_1_72' title="bbox 329 3952 491 3999">
     <span class='ocr_line' id='line_1_72' title="bbox 329 3952 491 3999; baseline 0.025 -13"><span class='ocrx_word' id='word_1_463' title='bbox 329 3952 491 3999; x_wconf 77' lang='grc' dir='ltr'><strong>σεως.</strong></span> 
     </span>
    </p>
   </div>
   <div class='ocr_carea' id='block_1_73' title="bbox 396 4030 1920 4107">
    <p class='ocr_par' dir='ltr' id='par_1_73' title="bbox 396 4030 1920 4107">
     <span class='ocr_line' id='line_1_73' title="bbox 396 4030 1920 4107; baseline 0.003 -22"><span class='ocrx_word' id='word_1_464' title='bbox 396 4030 592 4101; x_wconf 84' lang='grc' dir='ltr'>Ἔλεγε</span> <span class='ocrx_word' id='word_1_465' title='bbox 665 4031 856 4097; x_wconf 89' lang='grc' dir='ltr'>πάλιν,</span> <span class='ocrx_word' id='word_1_466' title='bbox 898 4033 1045 4104; x_wconf 84' lang='grc' dir='ltr'><strong>ὄτιή</strong></span> <span class='ocrx_word' id='word_1_467' title='bbox 1080 4033 1221 4089; x_wconf 86' lang='grc' dir='ltr'>κατά</span> <span class='ocrx_word' id='word_1_468' title='bbox 1269 4034 1404 4089; x_wconf 79' lang='grc' dir='ltr'>Θεὸν</span> <span class='ocrx_word' id='word_1_469' title='bbox 1453 4036 1646 4107; x_wconf 80' lang='grc' dir='ltr'>ἀγάπη</span> <span class='ocrx_word' id='word_1_470' title='bbox 1678 4034 1920 4095; x_wconf 75' lang='grc' dir='ltr'>δυνατω-</span> 
     </span>
    </p>
   </div>
   <div class='ocr_carea' id='block_1_74' title="bbox 323 4122 1160 4195">
    <p class='ocr_par' dir='ltr' id='par_1_74' title="bbox 323 4122 1160 4195">
     <span class='ocr_line' id='line_1_74' title="bbox 323 4122 1160 4195; baseline 0.002 -17"><span class='ocrx_word' id='word_1_471' title='bbox 323 4122 459 4194; x_wconf 77' lang='grc' dir='ltr'>τέρα</span> <span class='ocrx_word' id='word_1_472' title='bbox 489 4122 612 4176; x_wconf 71' lang='grc' dir='ltr'>ἐστὶ</span> <span class='ocrx_word' id='word_1_473' title='bbox 642 4123 736 4177; x_wconf 57' lang='grc' dir='ltr'><strong>καὶ⁸</strong></span> <span class='ocrx_word' id='word_1_474' title='bbox 765 4124 868 4195; x_wconf 81' lang='grc' dir='ltr'><strong>τῆς</strong></span> <span class='ocrx_word' id='word_1_475' title='bbox 898 4125 1160 4195; x_wconf 77' lang='grc' dir='ltr'><strong>φυσικῆς.</strong></span> 
     </span>
    </p>
   </div>
   <div class='ocr_carea' id='block_1_75' title="bbox 400 4211 1920 4289">
    <p class='ocr_par' dir='ltr' id='par_1_75' title="bbox 400 4211 1920 4289">
     <span class='ocr_line' id='line_1_75' title="bbox 400 4211 1920 4289; baseline 0.004 -23"><span class='ocrx_word' id='word_1_476' title='bbox 400 4211 596 4283; x_wconf 84' lang='grc' dir='ltr'>Ἔλεγε</span> <span class='ocrx_word' id='word_1_477' title='bbox 636 4214 824 4281; x_wconf 86' lang='grc' dir='ltr'>πάλιν,</span> <span class='ocrx_word' id='word_1_478' title='bbox 877 4216 1032 4287; x_wconf 81' lang='grc' dir='ltr'>Μηδὲ</span> <span class='ocrx_word' id='word_1_479' title='bbox 1095 4218 1154 4270; x_wconf 80' lang='grc' dir='ltr'>ἐν</span> <span class='ocrx_word' id='word_1_480' title='bbox 1211 4217 1405 4289; x_wconf 74' lang='grc' dir='ltr'>γελοίῳ</span> <span class='ocrx_word' id='word_1_481' title='bbox 1460 4218 1521 4272; x_wconf 79' lang='grc' dir='ltr'>τὸ</span> <span class='ocrx_word' id='word_1_482' title='bbox 1548 4219 1738 4274; x_wconf 72' lang='grc' dir='ltr'><strong>κακόν.</strong></span> <span class='ocrx_word' id='word_1_483' title='bbox 1770 4218 1920 4289; x_wconf 83' lang='grc' dir='ltr'>Συμ-</span> 
     </span>
    </p>
   </div>
   <div class='ocr_carea' id='block_1_76' title="bbox 325 4303 1955 4383">
    <p class='ocr_par' dir='ltr' id='par_1_76' title="bbox 325 4303 1955 4383">
     <span class='ocr_line' id='line_1_76' title="bbox 325 4303 1955 4383; baseline 0.006 -25"><span class='ocrx_word' id='word_1_484' title='bbox 325 4303 530 4373; x_wconf 80' lang='grc' dir='ltr'>6αἱνει,</span> <span class='ocrx_word' id='word_1_485' title='bbox 558 4306 644 4360; x_wconf 83' lang='grc' dir='ltr'>ὅτι</span> <span class='ocrx_word' id='word_1_486' title='bbox 676 4307 737 4372; x_wconf 79' lang='grc' dir='ltr'>ἐξ</span> <span class='ocrx_word' id='word_1_487' title='bbox 772 4308 947 4379; x_wconf 80' lang='grc' dir='ltr'>ἀρχῆς</span> <span class='ocrx_word' id='word_1_488' title='bbox 1000 4308 1100 4380; x_wconf 78' lang='grc' dir='ltr'><strong>μὲν</strong></span> <span class='ocrx_word' id='word_1_489' title='bbox 1140 4312 1289 4362; x_wconf 84' lang='grc' dir='ltr'>ποιεῖ</span> <span class='ocrx_word' id='word_1_490' title='bbox 1318 4329 1402 4375; x_wconf 70' lang='grc' dir='ltr'><strong>τις</strong></span> <span class='ocrx_word' id='word_1_491' title='bbox 1437 4311 1606 4367; x_wconf 72' lang='grc' dir='ltr'><strong>κακὸν</strong></span> <span class='ocrx_word' id='word_1_492' title='bbox 1656 4311 1796 4383; x_wconf 83' lang='grc' dir='ltr'>μετά</span> <span class='ocrx_word' id='word_1_493' title='bbox 1826 4311 1921 4381; x_wconf 87' lang='grc' dir='ltr'><strong>γέ-</strong></span> <span class='ocrx_word' id='word_1_494' title='bbox 1950 4356 1955 4359; x_wconf 88' lang='grc'>.</span> 
     </span>
    </p>
   </div>
   <div class='ocr_carea' id='block_1_77' title="bbox 327 4398 1921 4479">
    <p class='ocr_par' dir='ltr' id='par_1_77' title="bbox 327 4398 1921 4479">
     <span class='ocr_line' id='line_1_77' title="bbox 327 4398 1921 4479; baseline 0.007 -28"><span class='ocrx_word' id='word_1_495' title='bbox 327 4398 501 4463; x_wconf 84' lang='grc' dir='ltr'>λωτος</span> <span class='ocrx_word' id='word_1_496' title='bbox 533 4414 548 4429; x_wconf 76' lang='grc'><strong><em>⁸</em></strong></span> <span class='ocrx_word' id='word_1_497' title='bbox 600 4398 832 4472; x_wconf 77' lang='grc' dir='ltr'>ὓστερον</span> <span class='ocrx_word' id='word_1_498' title='bbox 884 4401 943 4455; x_wconf 85' lang='grc' dir='ltr'>δὲ</span> <span class='ocrx_word' id='word_1_499' title='bbox 1007 4402 1102 4456; x_wconf 72' lang='grc' dir='ltr'><strong>καὶ</strong></span> <span class='ocrx_word' id='word_1_500' title='bbox 1156 4402 1233 4476; x_wconf 85' lang='grc' dir='ltr'><strong>μὴ</strong></span> <span class='ocrx_word' id='word_1_501' title='bbox 1288 4403 1462 4459; x_wconf 82' lang='grc' dir='ltr'>θέλων</span> <span class='ocrx_word' id='word_1_502' title='bbox 1510 4407 1786 4479; x_wconf 72' lang='grc' dir='ltr'>πήγνυται</span> <span class='ocrx_word' id='word_1_503' title='bbox 1839 4408 1921 4471; x_wconf 76' lang='grc' dir='ltr'><strong>εἰς</strong></span> 
     </span>
    </p>
   </div>
   <div class='ocr_carea' id='block_1_78' title="bbox 326 4489 482 4546">
    <p class='ocr_par' dir='ltr' id='par_1_78' title="bbox 326 4489 482 4546">
     <span class='ocr_line' id='line_1_78' title="bbox 326 4489 482 4546; baseline 0.013 -2"><span class='ocrx_word' id='word_1_504' title='bbox 326 4489 482 4546; x_wconf 80' lang='grc' dir='ltr'>αὑτό.</span> 
     </span>
    </p>
   </div>
   <div class='ocr_carea' id='block_1_79' title="bbox 2028 3355 3619 3433">
    <p class='ocr_par' dir='ltr' id='par_1_79' title="bbox 2028 3355 3619 3433">
     <span class='ocr_line' id='line_1_79' title="bbox 2028 3355 3619 3433; baseline -0.005 -16"><span class='ocrx_word' id='word_1_505' title='bbox 2028 3371 2237 3418; x_wconf 88' lang='lat' dir='ltr'><strong>tentum</strong></span> <span class='ocrx_word' id='word_1_506' title='bbox 2270 3377 2392 3418; x_wconf 88' lang='lat' dir='ltr'><strong>esse</strong></span> <span class='ocrx_word' id='word_1_507' title='bbox 2419 3375 2748 3433; x_wconf 87' lang='lat' dir='ltr'><strong>quacunque</strong></span> <span class='ocrx_word' id='word_1_508' title='bbox 2776 3375 2869 3427; x_wconf 91' lang='lat' dir='ltr'><strong>re;</strong></span> <span class='ocrx_word' id='word_1_509' title='bbox 2898 3368 2952 3413; x_wconf 92' lang='lat' dir='ltr'><strong>et</strong></span> <span class='ocrx_word' id='word_1_510' title='bbox 2986 3360 3059 3414; x_wconf 85' lang='lat' dir='ltr'><strong>ita</strong></span> <span class='ocrx_word' id='word_1_511' title='bbox 3087 3371 3306 3428; x_wconf 89' lang='lat' dir='ltr'><strong>semper</strong></span> <span class='ocrx_word' id='word_1_512' title='bbox 3339 3355 3619 3426; x_wconf 87' lang='lat' dir='ltr'><strong>propriam</strong></span> 
     </span>
    </p>
   </div>
   <div class='ocr_carea' id='block_1_80' title="bbox 2026 3443 3621 3523">
    <p class='ocr_par' dir='ltr' id='par_1_80' title="bbox 2026 3443 3621 3523">
     <span class='ocr_line' id='line_1_80' title="bbox 2026 3443 3621 3523; baseline -0.008 -12"><span class='ocrx_word' id='word_1_513' title='bbox 2026 3457 2359 3513; x_wconf 85' lang='lat' dir='ltr'><strong>voluntatem</strong></span> <span class='ocrx_word' id='word_1_514' title='bbox 2392 3453 2613 3517; x_wconf 78' lang='lat' dir='ltr'><strong>facere;</strong></span> <span class='ocrx_word' id='word_1_515' title='bbox 2650 3467 2828 3523; x_wconf 84' lang='lat' dir='ltr'><strong>neque</strong></span> <span class='ocrx_word' id='word_1_516' title='bbox 2854 3450 2993 3506; x_wconf 81' lang='lat' dir='ltr'><strong>velle</strong></span> <span class='ocrx_word' id='word_1_517' title='bbox 3034 3464 3125 3506; x_wconf 88' lang='lat' dir='ltr'><strong>res</strong></span> <span class='ocrx_word' id='word_1_518' title='bbox 3153 3447 3375 3505; x_wconf 86' lang='lat' dir='ltr'><strong>evenire</strong></span> <span class='ocrx_word' id='word_1_519' title='bbox 3411 3444 3516 3501; x_wconf 84' lang='lat' dir='ltr'><strong>sibi</strong></span> <span class='ocrx_word' id='word_1_520' title='bbox 3552 3443 3621 3500; x_wconf 91' lang='lat' dir='ltr'><strong>ad</strong></span> 
     </span>
    </p>
   </div>
   <div class='ocr_carea' id='block_1_81' title="bbox 2028 3544 3293 3613">
    <p class='ocr_par' dir='ltr' id='par_1_81' title="bbox 2028 3544 3293 3613">
     <span class='ocr_line' id='line_1_81' title="bbox 2028 3544 3293 3613; baseline -0.008 -7"><span class='ocrx_word' id='word_1_521' title='bbox 2028 3557 2181 3613; x_wconf 82' lang='lat' dir='ltr'><strong>vota,</strong></span> <span class='ocrx_word' id='word_1_522' title='bbox 2208 3547 2305 3605; x_wconf 90' lang='lat' dir='ltr'><strong>sed</strong></span> <span class='ocrx_word' id='word_1_523' title='bbox 2335 3562 2430 3603; x_wconf 89' lang='lat' dir='ltr'><strong>cas</strong></span> <span class='ocrx_word' id='word_1_524' title='bbox 2460 3546 2599 3602; x_wconf 86' lang='lat' dir='ltr'><strong>velle</strong></span> <span class='ocrx_word' id='word_1_525' title='bbox 2632 3553 2694 3600; x_wconf 94' lang='lat' dir='ltr'><strong>ut</strong></span> <span class='ocrx_word' id='word_1_526' title='bbox 2721 3544 3021 3600; x_wconf 87' lang='lat' dir='ltr'><strong>evenerint.</strong></span> <span class='ocrx_word' id='word_1_527' title='bbox 3290 3554 3293 3555; x_wconf 70' lang='lat'><strong><em>&#39;</em></strong></span> 
     </span>
    </p>
   </div>
   <div class='ocr_carea' id='block_1_82' title="bbox 2008 3627 3623 3711">
    <p class='ocr_par' dir='ltr' id='par_1_82' title="bbox 2008 3627 3623 3711">
     <span class='ocr_line' id='line_1_82' title="bbox 2008 3627 3623 3711; baseline -0.007 -15"><span class='ocrx_word' id='word_1_528' title='bbox 2008 3638 2013 3641; x_wconf 78' lang='grc'><em>’</em></span> <span class='ocrx_word' id='word_1_529' title='bbox 2098 3638 2218 3702; x_wconf 85' lang='lat' dir='ltr'><strong>Non</strong></span> <span class='ocrx_word' id='word_1_530' title='bbox 2254 3648 2510 3711; x_wconf 86' lang='lat' dir='ltr'><strong>oportere</strong></span> <span class='ocrx_word' id='word_1_531' title='bbox 2549 3639 2603 3691; x_wconf 92' lang='lat' dir='ltr'><strong>in</strong></span> <span class='ocrx_word' id='word_1_532' title='bbox 2637 3636 2752 3707; x_wconf 87' lang='lat' dir='ltr'><strong>ipsa</strong></span> <span class='ocrx_word' id='word_1_533' title='bbox 2800 3635 2929 3691; x_wconf 84' lang='lat' dir='ltr'><strong>hora</strong></span> <span class='ocrx_word' id='word_1_534' title='bbox 2973 3649 3081 3707; x_wconf 80' lang='lat' dir='ltr'><strong>qua</strong></span> <span class='ocrx_word' id='word_1_535' title='bbox 3126 3631 3469 3703; x_wconf 84' lang='lat' dir='ltr'><strong>peccaverit,</strong></span> <span class='ocrx_word' id='word_1_536' title='bbox 3510 3627 3623 3684; x_wconf 78' lang='lat' dir='ltr'><strong>fra-</strong></span> 
     </span>
    </p>
   </div>
   <div class='ocr_carea' id='block_1_83' title="bbox 2030 3722 3623 3803">
    <p class='ocr_par' dir='ltr' id='par_1_83' title="bbox 2030 3722 3623 3803">
     <span class='ocr_line' id='line_1_83' title="bbox 2030 3722 3623 3803; baseline -0.008 -14"><span class='ocrx_word' id='word_1_537' title='bbox 2030 3743 2168 3789; x_wconf 90' lang='lat' dir='ltr'><strong>trem</strong></span> <span class='ocrx_word' id='word_1_538' title='bbox 2221 3731 2540 3803; x_wconf 76' lang='lat' dir='ltr'><strong>corrigere,</strong></span> <span class='ocrx_word' id='word_1_539' title='bbox 2587 3744 2766 3797; x_wconf 90' lang='lat' dir='ltr'><strong>neque</strong></span> <span class='ocrx_word' id='word_1_540' title='bbox 2805 3728 2917 3793; x_wconf 86' lang='lat' dir='ltr'><strong>ullo</strong></span> <span class='ocrx_word' id='word_1_541' title='bbox 2966 3727 3072 3781; x_wconf 87' lang='lat' dir='ltr'><strong>alio</strong></span> <span class='ocrx_word' id='word_1_542' title='bbox 3123 3735 3365 3801; x_wconf 87' lang='lat' dir='ltr'><strong>tempore</strong></span> <span class='ocrx_word' id='word_1_543' title='bbox 3399 3722 3623 3779; x_wconf 84' lang='lat' dir='ltr'><strong>ultionis</strong></span> 
     </span>
    </p>
   </div>
   <div class='ocr_carea' id='block_1_84' title="bbox 2027 3826 2221 3896">
    <p class='ocr_par' dir='ltr' id='par_1_84' title="bbox 2027 3826 2221 3896">
     <span class='ocr_line' id='line_1_84' title="bbox 2027 3826 2221 3896; baseline 0 -18"><span class='ocrx_word' id='word_1_544' title='bbox 2027 3826 2221 3896; x_wconf 85' lang='lat' dir='ltr'><strong>gratia.</strong></span> 
     </span>
    </p>
   </div>
   <div class='ocr_carea' id='block_1_85' title="bbox 2095 3908 3622 3982">
    <p class='ocr_par' dir='ltr' id='par_1_85' title="bbox 2095 3908 3622 3982">
     <span class='ocr_line' id='line_1_85' title="bbox 2095 3908 3622 3982; baseline -0.007 -11"><span class='ocrx_word' id='word_1_545' title='bbox 2095 3915 2198 3981; x_wconf 87' lang='lat' dir='ltr'><strong>Qui</strong></span> <span class='ocrx_word' id='word_1_546' title='bbox 2223 3912 2525 3970; x_wconf 85' lang='lat' dir='ltr'><strong>secundum</strong></span> <span class='ocrx_word' id='word_1_547' title='bbox 2550 3913 2719 3967; x_wconf 88' lang='lat' dir='ltr'><strong>Deum</strong></span> <span class='ocrx_word' id='word_1_548' title='bbox 2748 3920 2892 3968; x_wconf 86' lang='lat' dir='ltr'><strong>esset</strong></span> <span class='ocrx_word' id='word_1_549' title='bbox 2917 3926 3091 3977; x_wconf 86' lang='lat' dir='ltr'><strong>amor,</strong></span> <span class='ocrx_word' id='word_1_550' title='bbox 3118 3908 3474 3982; x_wconf 81' lang='lat' dir='ltr'><strong>potentiorem</strong></span> <span class='ocrx_word' id='word_1_551' title='bbox 3497 3919 3622 3962; x_wconf 83' lang='lat' dir='ltr'><strong>esse</strong></span> 
     </span>
    </p>
   </div>
   <div class='ocr_carea' id='block_1_86' title="bbox 2023 3992 2976 4078">
    <p class='ocr_par' dir='ltr' id='par_1_86' title="bbox 2023 3992 2976 4078">
     <span class='ocr_line' id='line_1_86' title="bbox 2023 3992 2976 4078; baseline -0.005 -18"><span class='ocrx_word' id='word_1_552' title='bbox 2023 4020 2089 4060; x_wconf 83' lang='lat' dir='ltr'><strong>eo</strong></span> <span class='ocrx_word' id='word_1_553' title='bbox 2118 4006 2211 4078; x_wconf 91' lang='lat' dir='ltr'><strong>qui</strong></span> <span class='ocrx_word' id='word_1_554' title='bbox 2249 3992 2549 4065; x_wconf 81' lang='lat' dir='ltr'><strong>secundum</strong></span> <span class='ocrx_word' id='word_1_555' title='bbox 2586 4013 2837 4065; x_wconf 86' lang='lat' dir='ltr'><strong>naturam</strong></span> <span class='ocrx_word' id='word_1_556' title='bbox 2873 4010 2976 4061; x_wconf 78' lang='lat' dir='ltr'><strong>est.</strong></span> 
     </span>
    </p>
   </div>
   <div class='ocr_carea' id='block_1_87' title="bbox 2101 4213 3621 4287">
    <p class='ocr_par' dir='ltr' id='par_1_87' title="bbox 2101 4213 3621 4287">
     <span class='ocr_line' id='line_1_87' title="bbox 2101 4213 3621 4287; baseline -0.002 -14"><span class='ocrx_word' id='word_1_557' title='bbox 2101 4218 2218 4273; x_wconf 84' lang='lat' dir='ltr'><strong>Non</strong></span> <span class='ocrx_word' id='word_1_558' title='bbox 2243 4233 2367 4275; x_wconf 88' lang='lat' dir='ltr'><strong>esse</strong></span> <span class='ocrx_word' id='word_1_559' title='bbox 2395 4219 2598 4273; x_wconf 89' lang='lat' dir='ltr'><strong>malum</strong></span> <span class='ocrx_word' id='word_1_560' title='bbox 2627 4233 2750 4273; x_wconf 90' lang='lat' dir='ltr'><strong>cum</strong></span> <span class='ocrx_word' id='word_1_561' title='bbox 2779 4218 2888 4273; x_wconf 88' lang='lat' dir='ltr'><strong>risu</strong></span> <span class='ocrx_word' id='word_1_562' title='bbox 2918 4213 3340 4287; x_wconf 65' lang='lat' dir='ltr'><strong>perpetrandum</strong></span> <span class='ocrx_word' id='word_1_563' title='bbox 3364 4232 3377 4268; x_wconf 87' lang='lat'>:</span> <span class='ocrx_word' id='word_1_564' title='bbox 3402 4214 3621 4270; x_wconf 87' lang='lat' dir='ltr'><strong>evenire</strong></span> 
     </span>
    </p>
   </div>
   <div class='ocr_carea' id='block_1_88' title="bbox 2022 4304 3620 4380">
    <p class='ocr_par' dir='ltr' id='par_1_88' title="bbox 2022 4304 3620 4380">
     <span class='ocr_line' id='line_1_88' title="bbox 2022 4304 3620 4380; baseline -0.004 -14"><span class='ocrx_word' id='word_1_565' title='bbox 2022 4311 2171 4366; x_wconf 91' lang='lat' dir='ltr'><strong>enim</strong></span> <span class='ocrx_word' id='word_1_566' title='bbox 2201 4321 2283 4375; x_wconf 91' lang='lat' dir='ltr'><strong>ut,</strong></span> <span class='ocrx_word' id='word_1_567' title='bbox 2309 4326 2431 4366; x_wconf 90' lang='lat' dir='ltr'><strong>cum</strong></span> <span class='ocrx_word' id='word_1_568' title='bbox 2458 4310 2584 4380; x_wconf 86' lang='lat' dir='ltr'><strong>quis</strong></span> <span class='ocrx_word' id='word_1_569' title='bbox 2613 4308 2818 4365; x_wconf 85' lang='lat' dir='ltr'><strong>malum</strong></span> <span class='ocrx_word' id='word_1_570' title='bbox 2848 4308 3030 4362; x_wconf 89' lang='lat' dir='ltr'><strong>ridens</strong></span> <span class='ocrx_word' id='word_1_571' title='bbox 3054 4305 3243 4377; x_wconf 80' lang='lat' dir='ltr'><strong>egerit,</strong></span> <span class='ocrx_word' id='word_1_572' title='bbox 3275 4313 3397 4374; x_wconf 89' lang='lat' dir='ltr'><strong>post</strong></span> <span class='ocrx_word' id='word_1_573' title='bbox 3427 4304 3620 4359; x_wconf 85' lang='lat' dir='ltr'><strong>nolens</strong></span> 
     </span>
    </p>
   </div>
   <div class='ocr_carea' id='block_1_89' title="bbox 2028 4403 2623 4476">
    <p class='ocr_par' dir='ltr' id='par_1_89' title="bbox 2028 4403 2623 4476">
     <span class='ocr_line' id='line_1_89' title="bbox 2028 4403 2623 4476; baseline -0.003 -16"><span class='ocrx_word' id='word_1_574' title='bbox 2028 4406 2085 4460; x_wconf 90' lang='lat' dir='ltr'><strong>in</strong></span> <span class='ocrx_word' id='word_1_575' title='bbox 2121 4408 2300 4476; x_wconf 87' lang='lat' dir='ltr'><strong>ipsum</strong></span> <span class='ocrx_word' id='word_1_576' title='bbox 2335 4403 2623 4475; x_wconf 76' lang='lat' dir='ltr'><strong>deligatur.</strong></span> 
     </span>
    </p>
   </div>
   <div class='ocr_carea' id='block_1_90' title="bbox 403 4583 1919 4665">
    <p class='ocr_par' dir='ltr' id='par_1_90' title="bbox 403 4583 1919 4665">
     <span class='ocr_line' id='line_1_90' title="bbox 403 4583 1919 4665; baseline 0.006 -28"><span class='ocrx_word' id='word_1_577' title='bbox 403 4583 602 4652; x_wconf 84' lang='grc' dir='ltr'>Ἔλεγε</span> <span class='ocrx_word' id='word_1_578' title='bbox 626 4584 811 4653; x_wconf 89' lang='grc' dir='ltr'>πάλιν,</span> <span class='ocrx_word' id='word_1_579' title='bbox 843 4587 926 4641; x_wconf 82' lang='grc' dir='ltr'><strong>ὅτι</strong></span> <span class='ocrx_word' id='word_1_580' title='bbox 958 4587 1018 4640; x_wconf 85' lang='grc' dir='ltr'><strong>ού</strong></span> <span class='ocrx_word' id='word_1_581' title='bbox 1050 4587 1133 4642; x_wconf 84' lang='grc' dir='ltr'><strong>δεῖ</strong></span> <span class='ocrx_word' id='word_1_582' title='bbox 1179 4587 1403 4660; x_wconf 74' lang='grc' dir='ltr'>θελῆσαε</span> <span class='ocrx_word' id='word_1_583' title='bbox 1449 4608 1572 4645; x_wconf 84' lang='grc' dir='ltr'>τινα</span> <span class='ocrx_word' id='word_1_584' title='bbox 1604 4591 1919 4665; x_wconf 82' lang='grc' dir='ltr'>ἀπαλλαγῆ-</span> 
     </span>
    </p>
   </div>
   <div class='ocr_carea' id='block_1_91' title="bbox 2023 4583 3622 4665">
    <p class='ocr_par' dir='ltr' id='par_1_91' title="bbox 2099 4587 3622 4662">
     <span class='ocr_line' id='line_1_91' title="bbox 2099 4587 3622 4662; baseline -0.003 -15"><span class='ocrx_word' id='word_1_585' title='bbox 2099 4591 2253 4647; x_wconf 85' lang='lat' dir='ltr'><strong>Haud</strong></span> <span class='ocrx_word' id='word_1_586' title='bbox 2303 4591 2602 4662; x_wconf 88' lang='lat' dir='ltr'><strong>optandum</strong></span> <span class='ocrx_word' id='word_1_587' title='bbox 2649 4590 2813 4645; x_wconf 87' lang='lat' dir='ltr'><strong>alicui</strong></span> <span class='ocrx_word' id='word_1_588' title='bbox 2839 4628 2854 4653; x_wconf 86' lang='lat'><strong>,</strong></span> <span class='ocrx_word' id='word_1_589' title='bbox 2886 4599 2944 4643; x_wconf 91' lang='lat' dir='ltr'><strong>ut</strong></span> <span class='ocrx_word' id='word_1_590' title='bbox 2972 4605 3001 4643; x_wconf 89' lang='lat' dir='ltr'><strong>a</strong></span> <span class='ocrx_word' id='word_1_591' title='bbox 3034 4589 3165 4642; x_wconf 67' lang='lat' dir='ltr'><strong>vitio</strong></span> <span class='ocrx_word' id='word_1_592' title='bbox 3198 4587 3479 4653; x_wconf 87' lang='lat' dir='ltr'><strong>liberetur,</strong></span> <span class='ocrx_word' id='word_1_593' title='bbox 3511 4602 3622 4656; x_wconf 89' lang='lat' dir='ltr'><strong>quo</strong></span> 
     </span>
    </p>
   </div>
   <div class='ocr_carea' id='block_1_92' title="bbox 325 4675 1923 4763">
    <p class='ocr_par' dir='ltr' id='par_1_92' title="bbox 325 4675 1923 4763">
     <span class='ocr_line' id='line_1_92' title="bbox 325 4675 1923 4763; baseline 0.006 -34"><span class='ocrx_word' id='word_1_594' title='bbox 325 4693 417 4729; x_wconf 85' lang='grc' dir='ltr'>ναι</span> <span class='ocrx_word' id='word_1_595' title='bbox 466 4675 696 4741; x_wconf 82' lang='grc' dir='ltr'>πάθους,</span> <span class='ocrx_word' id='word_1_596' title='bbox 753 4679 828 4743; x_wconf 87' lang='grc' dir='ltr'><strong>ὡς</strong></span> <span class='ocrx_word' id='word_1_597' title='bbox 876 4678 1050 4734; x_wconf 77' lang='grc' dir='ltr'>θέλων</span> <span class='ocrx_word' id='word_1_598' title='bbox 1095 4685 1293 4751; x_wconf 74' lang='grc' dir='ltr'>φυγεῖν</span> <span class='ocrx_word' id='word_1_599' title='bbox 1327 4684 1428 4753; x_wconf 81' lang='grc' dir='ltr'>τὴν</span> <span class='ocrx_word' id='word_1_600' title='bbox 1464 4683 1662 4763; x_wconf 56' lang='grc' dir='ltr'>θλίψιν</span> <span class='ocrx_word' id='word_1_601' title='bbox 1714 4685 1881 4739; x_wconf 73' lang='grc' dir='ltr'>αύτοῢ</span> <span class='ocrx_word' id='word_1_602' title='bbox 1909 4702 1923 4716; x_wconf 73' lang='grc'><strong><em>⁸</em></strong></span> 
     </span>
    </p>
   </div>
   <div class='ocr_carea' id='block_1_93' title="bbox 326 4768 1926 4845">
    <p class='ocr_par' dir='ltr' id='par_1_93' title="bbox 326 4768 1926 4845">
     <span class='ocr_line' id='line_1_93' title="bbox 326 4768 1926 4845; baseline 0.006 -24"><span class='ocrx_word' id='word_1_603' title='bbox 326 4768 466 4823; x_wconf 84' lang='grc' dir='ltr'><strong>ἀλλά</strong></span> <span class='ocrx_word' id='word_1_604' title='bbox 527 4769 775 4842; x_wconf 75' lang='grc' dir='ltr'>ἀκριϐῶς</span> <span class='ocrx_word' id='word_1_605' title='bbox 839 4772 1107 4842; x_wconf 73' lang='grc' dir='ltr'>μισοῦντα</span> <span class='ocrx_word' id='word_1_606' title='bbox 1164 4774 1320 4839; x_wconf 84' lang='grc' dir='ltr'>αὐτὸ,</span> <span class='ocrx_word' id='word_1_607' title='bbox 1369 4776 1447 4840; x_wconf 84' lang='grc' dir='ltr'><strong>ὡς</strong></span> <span class='ocrx_word' id='word_1_608' title='bbox 1477 4775 1646 4845; x_wconf 79' lang='grc' dir='ltr'>λέγει,</span> <span class='ocrx_word' id='word_1_609' title='bbox 1689 4776 1926 4831; x_wconf 75' lang='grc' dir='ltr'><strong>Τέλειον</strong></span> 
     </span>
    </p>
   </div>
   <div class='ocr_carea' id='block_1_94' title="bbox 320 4862 1928 4939">
    <p class='ocr_par' dir='ltr' id='par_1_94' title="bbox 320 4862 1928 4939">
     <span class='ocr_line' id='line_1_94' title="bbox 320 4862 1928 4939; baseline 0.001 -24"><span class='ocrx_word' id='word_1_610' title='bbox 320 4862 510 4931; x_wconf 79' lang='grc' dir='ltr'>μῖσος</span> <span class='ocrx_word' id='word_1_611' title='bbox 557 4862 821 4931; x_wconf 61' lang='grc' dir='ltr'><strong>ἐμίσουν</strong></span> <span class='ocrx_word' id='word_1_612' title='bbox 884 4864 1131 4932; x_wconf 78' lang='grc' dir='ltr'>αὐτοὺς,</span> <span class='ocrx_word' id='word_1_613' title='bbox 1183 4869 1272 4933; x_wconf 79' lang='grc' dir='ltr'><strong>εὶς</strong></span> <span class='ocrx_word' id='word_1_614' title='bbox 1338 4868 1593 4938; x_wconf 71' lang='grc' dir='ltr'>ἐχθροὺς</span> <span class='ocrx_word' id='word_1_615' title='bbox 1643 4866 1928 4939; x_wconf 72' lang='grc' dir='ltr'><strong>ἐγένοντό</strong></span> 
     </span>
    </p>
   </div>
   <div class='ocr_carea' id='block_1_95' title="bbox 320 4971 448 5023">
    <p class='ocr_par' dir='ltr' id='par_1_95' title="bbox 320 4971 448 5023">
     <span class='ocr_line' id='line_1_95' title="bbox 320 4971 448 5023; baseline 0.016 -16"><span class='ocrx_word' id='word_1_616' title='bbox 320 4971 448 5023; x_wconf 78' lang='grc' dir='ltr'><strong>μοι.</strong></span> 
     </span>
    </p>
   </div>
   <div class='ocr_carea' id='block_1_96' title="bbox 408 5061 1924 5159">
    <p class='ocr_par' dir='ltr' id='par_1_96' title="bbox 408 5061 1924 5159">
     <span class='ocr_line' id='line_1_96' title="bbox 408 5061 1924 5159; baseline 0.007 -33"><span class='ocrx_word' id='word_1_617' title='bbox 408 5073 613 5144; x_wconf 38' lang='grc' dir='ltr'>Ἔλεγε.</span> <span class='ocrx_word' id='word_1_618' title='bbox 630 5075 816 5159; x_wconf 78' lang='grc' dir='ltr'>πάλιν,</span> <span class='ocrx_word' id='word_1_619' title='bbox 849 5061 932 5159; x_wconf 53' lang='grc' dir='ltr'>ἔτι</span> <span class='ocrx_word' id='word_1_620' title='bbox 957 5078 1225 5132; x_wconf 85' lang='grc' dir='ltr'>ἀδύνατόν</span> <span class='ocrx_word' id='word_1_621' title='bbox 1252 5081 1405 5133; x_wconf 77' lang='grc' dir='ltr'>ἐστιν</span> <span class='ocrx_word' id='word_1_622' title='bbox 1436 5080 1764 5153; x_wconf 77' lang='grc' dir='ltr'>ὀργισθῆναί</span> <span class='ocrx_word' id='word_1_623' title='bbox 1801 5099 1924 5136; x_wconf 87' lang='grc' dir='ltr'>τινα</span> 
     </span>
    </p>
   </div>
   <div class='ocr_carea' id='block_1_97' title="bbox 327 5154 1928 5245">
    <p class='ocr_par' dir='ltr' id='par_1_97' title="bbox 327 5154 1928 5245">
     <span class='ocr_line' id='line_1_97' title="bbox 327 5154 1928 5245; baseline 0.007 -28"><span class='ocrx_word' id='word_1_624' title='bbox 327 5164 472 5218; x_wconf 83' lang='grc' dir='ltr'>κατὰ</span> <span class='ocrx_word' id='word_1_625' title='bbox 500 5165 595 5218; x_wconf 82' lang='grc' dir='ltr'>τοῦ</span> <span class='ocrx_word' id='word_1_626' title='bbox 624 5154 947 5236; x_wconf 36' lang='grc' dir='ltr'>πλησίονξδὲἱ</span> <span class='ocrx_word' id='word_1_627' title='bbox 1003 5170 1078 5240; x_wconf 85' lang='grc' dir='ltr'><strong>μὴ</strong></span> <span class='ocrx_word' id='word_1_628' title='bbox 1120 5171 1337 5240; x_wconf 82' lang='grc' dir='ltr'>πρῶτον</span> <span class='ocrx_word' id='word_1_629' title='bbox 1385 5172 1602 5245; x_wconf 79' lang='grc' dir='ltr'>ἐπαρθῇ</span> <span class='ocrx_word' id='word_1_630' title='bbox 1654 5174 1689 5244; x_wconf 80' lang='grc' dir='ltr'><strong>ἡ</strong></span> <span class='ocrx_word' id='word_1_631' title='bbox 1729 5174 1928 5245; x_wconf 85' lang='grc' dir='ltr'>καρδία</span> 
     </span>
    </p>
   </div>
   <div class='ocr_carea' id='block_1_98' title="bbox 327 5255 1928 5337">
    <p class='ocr_par' dir='ltr' id='par_1_98' title="bbox 327 5255 1928 5337">
     <span class='ocr_line' id='line_1_98' title="bbox 327 5255 1928 5337; baseline 0.008 -29"><span class='ocrx_word' id='word_1_632' title='bbox 327 5255 497 5310; x_wconf 76' lang='grc' dir='ltr'>αὐτοῦ</span> <span class='ocrx_word' id='word_1_633' title='bbox 521 5258 642 5311; x_wconf 83' lang='grc' dir='ltr'>κατ’</span> <span class='ocrx_word' id='word_1_634' title='bbox 680 5258 871 5323; x_wconf 76' lang='grc' dir='ltr'>αὑτοῦ,</span> <span class='ocrx_word' id='word_1_635' title='bbox 907 5260 1000 5315; x_wconf 71' lang='grc' dir='ltr'><strong>καὶ</strong></span> <span class='ocrx_word' id='word_1_636' title='bbox 1037 5261 1389 5326; x_wconf 76' lang='grc' dir='ltr'>ὲξουδενὼσει</span> <span class='ocrx_word' id='word_1_637' title='bbox 1438 5264 1623 5329; x_wconf 66' lang='grc' dir='ltr'>αὐτὸν,</span> <span class='ocrx_word' id='word_1_638' title='bbox 1663 5266 1758 5320; x_wconf 77' lang='grc' dir='ltr'><strong>καὶ</strong></span> <span class='ocrx_word' id='word_1_639' title='bbox 1814 5266 1928 5337; x_wconf 84' lang='grc' dir='ltr'>ἔχει</span> 
     </span>
    </p>
   </div>
   <div class='ocr_carea' id='block_1_99' title="bbox 328 5348 1110 5423">
    <p class='ocr_par' dir='ltr' id='par_1_99' title="bbox 328 5348 1110 5423">
     <span class='ocr_line' id='line_1_99' title="bbox 328 5348 1110 5423; baseline 0.008 -21"><span class='ocrx_word' id='word_1_640' title='bbox 328 5348 524 5404; x_wconf 72' lang='grc' dir='ltr'>ἑαυτὸν</span> <span class='ocrx_word' id='word_1_641' title='bbox 549 5350 892 5423; x_wconf 79' lang='grc' dir='ltr'>ὑπερέχοντα</span> <span class='ocrx_word' id='word_1_642' title='bbox 918 5352 1110 5408; x_wconf 77' lang='grc' dir='ltr'>αὑτοῦ.</span> 
     </span>
    </p>
   </div>
   <div class='ocr_carea' id='block_1_100' title="bbox 405 5465 1924 5546">
    <p class='ocr_par' dir='ltr' id='par_1_100' title="bbox 405 5465 1924 5546">
     <span class='ocr_line' id='line_1_100' title="bbox 405 5465 1924 5546; baseline 0.007 -28"><span class='ocrx_word' id='word_1_643' title='bbox 405 5465 604 5534; x_wconf 84' lang='grc' dir='ltr'>Ἔλεγε</span> <span class='ocrx_word' id='word_1_644' title='bbox 641 5466 828 5532; x_wconf 85' lang='grc' dir='ltr'>πάλιν,</span> <span class='ocrx_word' id='word_1_645' title='bbox 866 5468 1106 5538; x_wconf 80' lang='grc' dir='ltr'><strong>Σημεῖόν</strong></span> <span class='ocrx_word' id='word_1_646' title='bbox 1154 5487 1303 5524; x_wconf 84' lang='grc' dir='ltr'>εστιν</span> <span class='ocrx_word' id='word_1_647' title='bbox 1349 5472 1433 5525; x_wconf 81' lang='grc' dir='ltr'>ὅτι</span> <span class='ocrx_word' id='word_1_648' title='bbox 1464 5472 1734 5538; x_wconf 82' lang='grc' dir='ltr'><strong>ἑκουσίως</strong></span> <span class='ocrx_word' id='word_1_649' title='bbox 1768 5475 1924 5546; x_wconf 79' lang='grc' dir='ltr'>ἐνερ-</span> 
     </span>
    </p>
   </div>
   <div class='ocr_carea' id='block_1_101' title="bbox 331 5559 1927 5638">
    <p class='ocr_par' dir='ltr' id='par_1_101' title="bbox 331 5559 1927 5638">
     <span class='ocr_line' id='line_1_101' title="bbox 331 5559 1927 5638; baseline 0.008 -28"><span class='ocrx_word' id='word_1_650' title='bbox 331 5560 421 5624; x_wconf 88' lang='grc' dir='ltr'><strong>γεῖ</strong></span> <span class='ocrx_word' id='word_1_651' title='bbox 439 5576 526 5624; x_wconf 85' lang='grc' dir='ltr'>τις</span> <span class='ocrx_word' id='word_1_652' title='bbox 555 5559 753 5628; x_wconf 87' lang='grc' dir='ltr'>πάθος,</span> <span class='ocrx_word' id='word_1_653' title='bbox 782 5561 872 5615; x_wconf 79' lang='grc' dir='ltr'>ὅτε</span> <span class='ocrx_word' id='word_1_654' title='bbox 902 5562 1282 5634; x_wconf 77' lang='grc' dir='ltr'>ἐλεγχόμενος,</span> <span class='ocrx_word' id='word_1_655' title='bbox 1321 5564 1367 5636; x_wconf 66' lang='grc' dir='ltr'>ἢν</span> <span class='ocrx_word' id='word_1_656' title='bbox 1387 5565 1771 5638; x_wconf 85' lang='grc' dir='ltr'>διορθούμενος</span> <span class='ocrx_word' id='word_1_657' title='bbox 1798 5568 1927 5638; x_wconf 76' lang='grc' dir='ltr'>περὶ</span> 
     </span>
    </p>
   </div>
   <div class='ocr_carea' id='block_1_102' title="bbox 330 5650 1921 5730">
    <p class='ocr_par' dir='ltr' id='par_1_102' title="bbox 330 5650 1921 5730">
     <span class='ocr_line' id='line_1_102' title="bbox 330 5650 1921 5730; baseline 0.008 -26"><span class='ocrx_word' id='word_1_658' title='bbox 330 5650 908 5724; x_wconf 52' lang='grc' dir='ltr'>αὐτοῢλταράσσεται.</span> <span class='ocrx_word' id='word_1_659' title='bbox 950 5656 1023 5709; x_wconf 85' lang='grc' dir='ltr'>Τὸ</span> <span class='ocrx_word' id='word_1_660' title='bbox 1070 5656 1136 5710; x_wconf 81' lang='grc' dir='ltr'><strong>δὲ.</strong></span> <span class='ocrx_word' id='word_1_661' title='bbox 1155 5656 1451 5730; x_wconf 73' lang='grc' dir='ltr'>ἀταράχως</span> <span class='ocrx_word' id='word_1_662' title='bbox 1504 5659 1796 5730; x_wconf 81' lang='grc' dir='ltr'>βαστάζειν</span> <span class='ocrx_word' id='word_1_663' title='bbox 1830 5662 1921 5716; x_wconf 74' lang='grc' dir='ltr'><strong>τὸν</strong></span> 
     </span>
    </p>
   </div>
   <div class='ocr_carea' id='block_1_103' title="bbox 406 5856 1033 5935">
    <p class='ocr_par' dir='ltr' id='par_1_103' title="bbox 406 5856 1033 5935">
     <span class='ocr_line' id='line_1_103' title="bbox 406 5856 1033 5935; baseline 0.011 -20"><span class='ocrx_word' id='word_1_664' title='bbox 406 5856 430 5897; x_wconf 69' lang='grc'><strong><em>⁸</em></strong></span> <span class='ocrx_word' id='word_1_665' title='bbox 461 5856 595 5921; x_wconf 73' lang='lat' dir='ltr'><strong>Psal</strong></span> <span class='ocrx_word' id='word_1_666' title='bbox 647 5877 910 5935; x_wconf 73' lang='lat' dir='ltr'><strong>cxxxvm,</strong></span> <span class='ocrx_word' id='word_1_667' title='bbox 945 5867 1033 5922; x_wconf 73' lang='lat'><strong>22.</strong></span> 
     </span>
    </p>
   </div>
   <div class='ocr_carea' id='block_1_104' title="bbox 2028 4679 3622 4756">
    <p class='ocr_par' dir='ltr' id='par_1_104' title="bbox 2028 4679 3622 4756">
     <span class='ocr_line' id='line_1_104' title="bbox 2028 4679 3622 4756; baseline -0.003 -15"><span class='ocrx_word' id='word_1_668' title='bbox 2028 4687 2149 4756; x_wconf 74' lang='lat' dir='ltr'><strong>ejus</strong></span> <span class='ocrx_word' id='word_1_669' title='bbox 2176 4684 2525 4742; x_wconf 75' lang='lat' dir='ltr'><strong>alﬂietioncm</strong></span> <span class='ocrx_word' id='word_1_670' title='bbox 2556 4684 2950 4739; x_wconf 70' lang='lat' dir='ltr'><strong>et~mulestiam</strong></span> <span class='ocrx_word' id='word_1_671' title='bbox 2981 4682 3174 4753; x_wconf 80' lang='lat' dir='ltr'><strong>fugiat,</strong></span> <span class='ocrx_word' id='word_1_672' title='bbox 3205 4681 3300 4737; x_wconf 92' lang='lat' dir='ltr'><strong>sed</strong></span> <span class='ocrx_word' id='word_1_673' title='bbox 3332 4682 3461 4751; x_wconf 90' lang='lat' dir='ltr'><strong>quia</strong></span> <span class='ocrx_word' id='word_1_674' title='bbox 3490 4679 3622 4736; x_wconf 89' lang='lat' dir='ltr'><strong>illud</strong></span> 
     </span>
    </p>
   </div>
   <div class='ocr_carea' id='block_1_105' title="bbox 2029 4772 3619 4848">
    <p class='ocr_par' dir='ltr' id='par_1_105' title="bbox 2029 4772 3619 4848">
     <span class='ocr_line' id='line_1_105' title="bbox 2029 4772 3619 4848; baseline -0.004 -13"><span class='ocrx_word' id='word_1_675' title='bbox 2029 4781 2268 4836; x_wconf 83' lang='lat' dir='ltr'><strong>maxime</strong></span> <span class='ocrx_word' id='word_1_676' title='bbox 2301 4778 2500 4843; x_wconf 88' lang='lat' dir='ltr'><strong>oderit,</strong></span> <span class='ocrx_word' id='word_1_677' title='bbox 2525 4777 2682 4847; x_wconf 86' lang='lat' dir='ltr'><strong>juxta</strong></span> <span class='ocrx_word' id='word_1_678' title='bbox 2720 4776 2868 4848; x_wconf 86' lang='lat' dir='ltr'><strong>quod</strong></span> <span class='ocrx_word' id='word_1_679' title='bbox 2903 4778 3166 4847; x_wconf 90' lang='lat' dir='ltr'><strong>scriptum</strong></span> <span class='ocrx_word' id='word_1_680' title='bbox 3212 4784 3337 4830; x_wconf 91' lang='lat' dir='ltr'><strong>cst:</strong></span> <span class='ocrx_word' id='word_1_681' title='bbox 3378 4772 3619 4845; x_wconf 80' lang='lat' dir='ltr'><strong>Perfecto</strong></span> 
     </span>
    </p>
   </div>
   <div class='ocr_carea' id='block_1_106' title="bbox 2027 4871 3378 4940">
    <p class='ocr_par' dir='ltr' id='par_1_106' title="bbox 2027 4871 3378 4940">
     <span class='ocr_line' id='line_1_106' title="bbox 2027 4871 3378 4940; baseline -0.001 -13"><span class='ocrx_word' id='word_1_682' title='bbox 2027 4873 2150 4928; x_wconf 81' lang='lat' dir='ltr'><strong>odio</strong></span> <span class='ocrx_word' id='word_1_683' title='bbox 2175 4873 2394 4928; x_wconf 80' lang='lat' dir='ltr'><strong>oderam</strong></span> <span class='ocrx_word' id='word_1_684' title='bbox 2427 4871 2547 4926; x_wconf 75' lang='lat' dir='ltr'><strong>illos</strong></span> <span class='ocrx_word' id='word_1_685' title='bbox 2574 4887 2593 4926; x_wconf 91' lang='lat'><strong><em>:</em></strong></span> <span class='ocrx_word' id='word_1_686' title='bbox 2624 4872 2833 4925; x_wconf 77' lang='lat' dir='ltr'><strong>inimici</strong></span> <span class='ocrx_word' id='word_1_687' title='bbox 2854 4871 2996 4940; x_wconf 69' lang='lat' dir='ltr'><strong>facti</strong></span> <span class='ocrx_word' id='word_1_688' title='bbox 3022 4882 3152 4927; x_wconf 70' lang='lat' dir='ltr'><strong>sunt</strong></span> <span class='ocrx_word' id='word_1_689' title='bbox 3178 4871 3308 4926; x_wconf 79' lang='lat' dir='ltr'><strong>mihi</strong></span> <span class='ocrx_word' id='word_1_690' title='bbox 3337 4872 3378 4926; x_wconf 80' lang='grc'>¹.</span> 
     </span>
    </p>
   </div>
   <div class='ocr_carea' id='block_1_107' title="bbox 2100 5074 3616 5149">
    <p class='ocr_par' dir='ltr' id='par_1_107' title="bbox 2100 5074 3616 5149">
     <span class='ocr_line' id='line_1_107' title="bbox 2100 5074 3616 5149; baseline -0.002 -17"><span class='ocrx_word' id='word_1_691' title='bbox 2100 5078 2442 5149; x_wconf 75' lang='lat' dir='ltr'><strong>[inpossibile</strong></span> <span class='ocrx_word' id='word_1_692' title='bbox 2470 5092 2611 5133; x_wconf 77' lang='lat' dir='ltr'><strong>esse.</strong></span> <span class='ocrx_word' id='word_1_693' title='bbox 2625 5078 2863 5147; x_wconf 85' lang='lat' dir='ltr'><strong>aliquem</strong></span> <span class='ocrx_word' id='word_1_694' title='bbox 2890 5077 2944 5131; x_wconf 92' lang='lat' dir='ltr'><strong>in</strong></span> <span class='ocrx_word' id='word_1_695' title='bbox 2977 5078 3288 5147; x_wconf 82' lang='lat' dir='ltr'><strong>proximum</strong></span> <span class='ocrx_word' id='word_1_696' title='bbox 3314 5089 3474 5128; x_wconf 91' lang='lat' dir='ltr'><strong>suum</strong></span> <span class='ocrx_word' id='word_1_697' title='bbox 3504 5074 3616 5129; x_wconf 86' lang='lat' dir='ltr'><strong>ira-</strong></span> 
     </span>
    </p>
   </div>
   <div class='ocr_carea' id='block_1_108' title="bbox 2026 5162 3618 5239">
    <p class='ocr_par' dir='ltr' id='par_1_108' title="bbox 2026 5162 3618 5239">
     <span class='ocr_line' id='line_1_108' title="bbox 2026 5162 3618 5239; baseline -0.003 -11"><span class='ocrx_word' id='word_1_698' title='bbox 2026 5172 2107 5228; x_wconf 91' lang='lat' dir='ltr'><strong>sci</strong></span> <span class='ocrx_word' id='word_1_699' title='bbox 2145 5171 2233 5226; x_wconf 85' lang='lat' dir='ltr'><strong>vel</strong></span> <span class='ocrx_word' id='word_1_700' title='bbox 2273 5169 2695 5237; x_wconf 77' lang='lat' dir='ltr'><strong>excandescere,</strong></span> <span class='ocrx_word' id='word_1_701' title='bbox 2724 5170 2830 5226; x_wconf 87' lang='lat' dir='ltr'><strong>nisi</strong></span> <span class='ocrx_word' id='word_1_702' title='bbox 2864 5171 3017 5239; x_wconf 90' lang='lat' dir='ltr'><strong>prius</strong></span> <span class='ocrx_word' id='word_1_703' title='bbox 3048 5169 3228 5224; x_wconf 84' lang='lat' dir='ltr'><strong>elatus</strong></span> <span class='ocrx_word' id='word_1_704' title='bbox 3260 5162 3423 5222; x_wconf 79' lang='lat' dir='ltr'><strong>fuerit</strong></span> <span class='ocrx_word' id='word_1_705' title='bbox 3453 5168 3618 5224; x_wconf 87' lang='lat' dir='ltr'><strong>corde</strong></span> 
     </span>
    </p>
   </div>
   <div class='ocr_carea' id='block_1_109' title="bbox 2026 5257 3618 5341">
    <p class='ocr_par' dir='ltr' id='par_1_109' title="bbox 2026 5257 3618 5341">
     <span class='ocr_line' id='line_1_109' title="bbox 2026 5257 3618 5341; baseline -0.003 -23"><span class='ocrx_word' id='word_1_706' title='bbox 2026 5272 2081 5318; x_wconf 90' lang='lat' dir='ltr'><strong>et</strong></span> <span class='ocrx_word' id='word_1_707' title='bbox 2117 5263 2512 5341; x_wconf 62' lang='lat' dir='ltr'><strong>contempserit</strong></span> <span class='ocrx_word' id='word_1_708' title='bbox 2545 5278 2694 5329; x_wconf 86' lang='lat' dir='ltr'><strong>eum,</strong></span> <span class='ocrx_word' id='word_1_709' title='bbox 2737 5271 2790 5316; x_wconf 93' lang='lat' dir='ltr'><strong>et</strong></span> <span class='ocrx_word' id='word_1_710' title='bbox 2824 5260 2915 5315; x_wconf 89' lang='lat' dir='ltr'><strong>illo</strong></span> <span class='ocrx_word' id='word_1_711' title='bbox 2947 5275 3007 5316; x_wconf 92' lang='lat' dir='ltr'><strong>sc</strong></span> <span class='ocrx_word' id='word_1_712' title='bbox 3038 5260 3304 5330; x_wconf 83' lang='lat' dir='ltr'><strong>potiorem</strong></span> <span class='ocrx_word' id='word_1_713' title='bbox 3334 5257 3618 5313; x_wconf 76' lang='lat' dir='ltr'><strong>existima-</strong></span> 
     </span>
    </p>
   </div>
   <div class='ocr_carea' id='block_1_110' title="bbox 2027 5357 3228 5413">
    <p class='ocr_par' dir='ltr' id='par_1_110' title="bbox 2027 5357 3228 5413">
     <span class='ocr_line' id='line_1_110' title="bbox 2027 5357 3228 5413; baseline 0 -5"><span class='ocrx_word' id='word_1_714' title='bbox 2027 5357 2184 5413; x_wconf 77' lang='lat' dir='ltr'><strong>verit.</strong></span> <span class='ocrx_word' id='word_1_715' title='bbox 3216 5360 3228 5373; x_wconf 80' lang='grc'>⁴</span> 
     </span>
    </p>
   </div>
   <div class='ocr_carea' id='block_1_111' title="bbox 2107 5467 3620 5545">
    <p class='ocr_par' dir='ltr' id='par_1_111' title="bbox 2107 5467 3620 5545">
     <span class='ocr_line' id='line_1_111' title="bbox 2107 5467 3620 5545; baseline -0.006 -14"><span class='ocrx_word' id='word_1_716' title='bbox 2107 5473 2335 5545; x_wconf 79' lang='lat' dir='ltr'><strong>Signum</strong></span> <span class='ocrx_word' id='word_1_717' title='bbox 2386 5487 2510 5529; x_wconf 90' lang='lat' dir='ltr'><strong>esse</strong></span> <span class='ocrx_word' id='word_1_718' title='bbox 2541 5469 2889 5542; x_wconf 85' lang='lat' dir='ltr'><strong>potissimum</strong></span> <span class='ocrx_word' id='word_1_719' title='bbox 2919 5467 3155 5539; x_wconf 88' lang='lat' dir='ltr'><strong>aliquem</strong></span> <span class='ocrx_word' id='word_1_720' title='bbox 3187 5475 3381 5536; x_wconf 87' lang='lat' dir='ltr'><strong>sponte</strong></span> <span class='ocrx_word' id='word_1_721' title='bbox 3414 5467 3620 5522; x_wconf 86' lang='lat' dir='ltr'><strong>malum</strong></span> 
     </span>
    </p>
   </div>
   <div class='ocr_carea' id='block_1_112' title="bbox 2034 5557 3620 5639">
    <p class='ocr_par' dir='ltr' id='par_1_112' title="bbox 2034 5557 3620 5639">
     <span class='ocr_line' id='line_1_112' title="bbox 2034 5557 3620 5639; baseline -0.004 -18"><span class='ocrx_word' id='word_1_722' title='bbox 2034 5567 2233 5639; x_wconf 84' lang='lat' dir='ltr'><strong>egisse,</strong></span> <span class='ocrx_word' id='word_1_723' title='bbox 2264 5582 2391 5621; x_wconf 89' lang='lat' dir='ltr'><strong>cum</strong></span> <span class='ocrx_word' id='word_1_724' title='bbox 2420 5572 2704 5621; x_wconf 86' lang='lat' dir='ltr'><strong>correctos</strong></span> <span class='ocrx_word' id='word_1_725' title='bbox 2729 5569 2785 5618; x_wconf 90' lang='lat' dir='ltr'><strong>et</strong></span> <span class='ocrx_word' id='word_1_726' title='bbox 2811 5560 3189 5632; x_wconf 87' lang='lat' dir='ltr'><strong>deprehensus</strong></span> <span class='ocrx_word' id='word_1_727' title='bbox 3219 5558 3469 5615; x_wconf 87' lang='lat' dir='ltr'><strong>turbatus</strong></span> <span class='ocrx_word' id='word_1_728' title='bbox 3499 5557 3620 5614; x_wconf 82' lang='lat' dir='ltr'><strong>fuc-</strong></span> 
     </span>
    </p>
   </div>
   <div class='ocr_carea' id='block_1_113' title="bbox 2033 5650 3623 5724">
    <p class='ocr_par' dir='ltr' id='par_1_113' title="bbox 2033 5650 3623 5724">
     <span class='ocr_line' id='line_1_113' title="bbox 2033 5650 3623 5724; baseline -0.005 -9"><span class='ocrx_word' id='word_1_729' title='bbox 2033 5662 2122 5716; x_wconf 88' lang='lat' dir='ltr'><strong>rit.</strong></span> <span class='ocrx_word' id='word_1_730' title='bbox 2175 5658 2580 5715; x_wconf 86' lang='lat' dir='ltr'><strong>Corrcctioncm</strong></span> <span class='ocrx_word' id='word_1_731' title='bbox 2626 5664 2807 5713; x_wconf 85' lang='lat' dir='ltr'><strong>autem</strong></span> <span class='ocrx_word' id='word_1_732' title='bbox 2852 5664 2903 5709; x_wconf 85' lang='lat' dir='ltr'><strong>et</strong></span> <span class='ocrx_word' id='word_1_733' title='bbox 2946 5652 3427 5724; x_wconf 62' lang='lat' dir='ltr'><strong>reprehensionem</strong></span> <span class='ocrx_word' id='word_1_734' title='bbox 3481 5650 3623 5708; x_wconf 78' lang='lat' dir='ltr'><strong>ferre</strong></span> 
     </span>
    </p>
   </div>
  </div>
