4062 6430
465 398 600 473 1815

1488 393 1555 471 ”>
1662 405 1723 465 s.
1779 400 2179 465 DOBOTHEI
2234 400 2555 465 ABBATIS

3613 400 3736 472 1816

457 512 606 569 enim
640 511 698 566 in
721 511 963 582 seipsum
992 509 1197 567 frustra
1225 510 1304 577 fit,
1333 518 1387 567 et
1419 509 1487 567 ad
1513 510 1748 568 nihilum
1773 513 1935 569 valet.
1961 511 2055 568 Di-

2168 513 2227 567 ‘O
2260 513 2371 586 γὰρ
2397 512 2519 567 καθ’
2563 510 2755 566 ἑαυτὸν
2800 511 2968 576 κόπος
3011 511 3093 575 εἰς
3129 512 3307 585 μάτην
3348 513 3491 583 ἐστὶ,
3531 512 3626 569 καί
3665 499 3762 577 εἰς’

457 607 538 663 cit
563 604 709 662 enim
737 623 750 661 :
794 602 926 659 Vide
950 604 1307 659 humilitatem
1332 619 1503 658 meam
1522 612 1574 658 et
1597 602 1831 659 laborem
1856 620 2051 671 meum,

453 708 505 753 ct
536 699 750 753 dimitte
779 698 1027 753 universa
1056 696 1253 750 delicta
1284 711 1422 750 mea.
1457 694 1584 752 Ha‘c
1617 695 1786 768 igitur
1827 696 1922 766 qui
1954 698 2053 753 ha-

457 792 568 858 bet,
600 790 851 846 celeriter
879 789 1128 860 pervenit
1166 791 1234 846 ad
1277 790 1508 848 salutem
1536 807 1552 857 ;
1594 788 1845 845 similiter
1877 800 1931 847 et
1958 791 2053 861 qui

458 881 825 937 humilitatem
877 882 1045 937 habet
1092 896 1217 936 cum
1266 889 1582 952 contemptu
1622 897 1640 936 :
1703 890 2051 953 contemptus

455 974 606 1030 enim
648 974 852 1030 laboris
887 974 1070 1030 locum
1102 982 1265 1031 tenet.
1306 975 1413 1042 Qui
1454 983 1635 1030 autem
1682 975 2049 1031 humilitatem

457 1065 712 1121 habuerit
742 1066 798 1121 in
829 1066 1095 1137 seipsum,
1125 1067 1431 1137 ingreditur
1460 1067 1682 1138 quidem
1715 1069 1769 1123 in
1791 1068 2047 1135 salutem,

456 1157 550 1212 scd
575 1156 749 1212 tarde.
782 1154 964 1223 Quare
1004 1158 1097 1228 qui
1128 1172 1311 1221 veram
1350 1158 1719 1213 humilitatem
1767 1158 2053 1228 possidere

454 1248 711 1315 voluerit,
740 1263 849 1302 non
879 1248 1189 1304 blandiatur
1222 1249 1325 1305 sibi
1359 1249 1462 1319 ipsi
1485 1249 1594 1304 ulla
1622 1250 1678 1304 in
1707 1265 1769 1305 re
1800 1250 2047 1306 omnino.

453 1338 584 1395 llaec
620 1347 707 1396 est
742 1354 871 1395 vera
904 1341 1211 1396 humilitas.
1246 1341 1429 1411 Ignem
1460 1343 1671 1414 accepit
1711 1342 1975 1399 Dominus
2000 1351 2056 1399 et

454 1433 627 1489 misit.
663 1432 768 1502 Qui
814 1432 1016 1505 excipit
1062 1434 1244 1505 ignem
1281 1451 1443 1506 quem
1488 1436 1642 1491 venit
1676 1435 1945 1494 Dominus
1992 1435 2050 1492 in

457 1533 659 1580 terram
703 1524 1015 1594 mitterea,
1044 1525 1377 1582 oblivionem
1425 1536 1480 1582 et
1526 1527 1894 1595 captivitatem
1939 1543 2050 1584 non

456 1615 726 1686 susclpit,
784 1615 912 1687 quia
962 1616 1130 1672 habet
1177 1631 1402 1674 sensum
1457 1617 1620 1688 ignis.
1679 1617 2051 1688 Subjiciamus

454 1707 802 1779 exemplum:
840 1707 1075 1764 Moritur
1100 1708 1300 1776 homo;
1337 1708 1481 1779 ignis
1512 1709 1560 1765 ei
1587 1710 1914 1780 apponitur;
1943 1720 2055 1768 sta-

457 1801 554 1857 tim
607 1801 854 1858 dolorem
898 1801 1097 1857 sentit-
1128 1799 1196 1857 Et
1228 1817 1561 1873 quocunque
1604 1802 1715 1858 alio
1760 1803 1926 1859 modo
1957 1819 2053 1861 ca-

2158 606 2311 661 ούδὲν
2328 605 2622 674 λογίζεται.
2640 604 2779 677 Φησὶ
2795 605 2923 678 γάρ·
2946 604 3069 660 Ἴδε
3088 604 3203 675 τὴν
3246 606 3617 661 ταπείνωσιν
3630 625 3739 678 μου

2160 699 2261 754 καί
2297 697 2404 753 τὸν
2428 700 2618 752 κόπον
2632 716 2773 769 μου,
2801 697 2901 753 καί
2920 697 3072 768 ἄφες
3099 698 3306 766 πάσας
3325 700 3431 764 τὰς
3460 701 3740 769 ἁμαρτίας

2153 807 2295 861 μου.
2355 790 2413 844 '0
2456 785 2549 845 οὖν
2590 790 2729 861 ἔχων
2770 789 2995 861 ταύτην,
3040 789 3130 845 διὰ
3161 791 3359 861 τάχους
3394 791 3612 860 φθάνει,
3655 793 3740 846 καὶ

2111 882 2119 897 "
2158 883 2188 934 6
2230 880 2369 952 ἔχων
2413 881 2739 935 ταπείνωσιν
2780 898 2884 953 μου
2911 882 2958 914 ⁸⁵
2993 881 3431 950 ἑξουδενώσεως,
3467 884 3563 937 καὶ
3591 885 3742 948 αὐτὸς

2156 973 2218 1028 τὺ
2244 975 2432 1045 ὅμοιον
2460 974 2596 1046 ἔχει.
2634 973 2699 1028 Ἦ
2747 974 3100 1041 ὲξουδένωσις
3120 975 3213 1029 τὸν
3245 976 3413 1029 τόπον
3446 976 3632 1045 ἐπέχει
3654 972 3742 1029 τοῦ

2158 1065 2329 1118 κόπου
2353 1084 2364 1097 ·
2391 1066 2420 1118 6
2445 1064 2503 1119 δὲ
2534 1064 2675 1136 ἔχων
2697 1064 2800 1135 τὴν
2818 1065 3149 1119 ταπείνωσιν
3173 1065 3298 1120 καθ’
3333 1066 3550 1131 ἑαυτὸν,
3582 1066 3746 1138 είσέρ·
3838 1112 3841 1113 ν

2157 1173 2315 1226 χεται
2344 1155 2463 1226 μὲν,
2512 1156 2863 1228 βραδυτέρως
2901 1157 2980 1211 δέ.
3022 1156 3172 1220 Εῖτις
3197 1157 3257 1210 δὲ
3295 1157 3441 1211 θέλει
3479 1158 3746 1229 κρατῆσαι

2157 1249 2256 1322 τὴν
2289 1249 2554 1320 ἀληθινὴν
2584 1249 2938 1313 ταπείνωσιν,
2968 1249 3042 1320 μὴ
3067 1249 3287 1321 ψηφίσῃ
3325 1249 3518 1303 ἑαυτὸν
3550 1249 3607 1303 ἔν
3647 1267 3747 1303 τινι

2157 1341 2445 1414 πράγματι
2471 1342 2628 1406 ὅλως,
2666 1342 2761 1396 καὶ
2794 1341 2932 1412 αὕτη
2964 1342 3111 1395 ἐστὶν
3143 1344 3176 1413 ἡ
3211 1331 3442 1414 ἀληθινὴ
3484 1342 3750 1396 ταπείνω-

2157 1447 2263 1495 σις.
2311 1431 2371 1485 '0
2398 1430 2690 1501 δεχόμενος
2734 1429 2798 1483 τὸ
2835 1430 2946 1501 πῦρ
2975 1430 3005 1484 ὃ
3030 1427 3195 1502 ἦλθεν
3241 1434 3272 1486 6
3310 1430 3519 1503 Κύριος
3569 1431 3749 1501 βαλεῖν

2154 1528 2251 1583 ἐπὶ
2303 1527 2404 1597 τὴν
2461 1527 2586 1598 γῆν,
2627 1525 2799 1597 λήθην
2842 1526 2938 1579 καὶ
2967 1525 3347 1597 αἰχμαλωσίαν
3395 1526 3457 1580 οὐ
3495 1526 3747 1596 δέχεται,

2155 1620 2297 1693 ἔχων
2341 1620 2572 1676 πάντοτε
2629 1620 2730 1692 τὴν
2777 1619 3031 1691 αἴσθησιν
3067 1618 3162 1672 τοῦ
3212 1620 3404 1690 πυρός.
3457 1618 3610 1673 Λάῦε
3659 1614 3751 1673 οὖν

2154 1714 2486 1784 ὑπόδειγμα·
2527 1713 2653 1767 Ἐὰν
2683 1711 2883 1786 εὐρεθῇ
2916 1711 3208 1784 ἄνθρωπος
3230 1713 3313 1776 είς
3340 1710 3403 1765 τὸ
3427 1711 3751 1776 ἀποθανεῖν,

2153 1808 2253 1863 καὶ
2279 1807 2624 1879 προσεγγίσῃ
2665 1804 2816 1876 αὐτῷ
2846 1805 2981 1878 πῦρ,
3023 1805 3230 1868 εὐθέως
3273 1804 3595 1859 αἰσθάνεται
3645 1805 3757 1859 ἀπὸ

456 1896 640 1963 ptivus
671 1895 797 1965 quis
840 1893 1026 1962 fuerit,
1061 1894 1317 1949 inciderit
1352 1903 1536 1950 autem
1572 1894 1627 1950 in
1673 1894 1854 1966 ipsum
1882 1890 2049 1953 carbo

2162 1901 2248 1955 τοῦ
2288 1878 2453 1955 πονου
2477 1914 2492 1929 ⁸
2538 1900 2635 1955 καὶ
2674 1900 2759 1963 είς
2786 1893 2901 1954 οἷον
2928 1898 3127 1970 δήποτε
3159 1900 3396 1970 πρᾶγμα
3423 1897 3520 1952 ἐὰν
3553 1899 3758 1969 αἰχμα-

459 1986 621 2057 ignis.
654 1986 721 2041 Et
752 1996 808 2042 tu
842 1986 1011 2058 igitur
1041 1986 1088 2042 si
1127 1985 1349 2041 liberari
1382 1985 1621 2045 volueris
1653 2002 1684 2042 a
1711 1986 2049 2057 captivitate,

457 2093 567 2135 non
596 2089 753 2151 potes
799 2078 998 2145 aliter,
1046 2079 1152 2135 nisi
1196 2077 1290 2133 tibi
1346 2078 1641 2150 specialem
1689 2078 1840 2134 hunc
1872 2080 2051 2150 ignem

458 2172 779 2241 paraveris:
835 2187 867 2227 a
920 2171 1103 2228 calore
1148 2171 1295 2227 enim
1346 2171 1496 2227 illius
1543 2171 1649 2227 ista
1687 2170 1972 2242 disparent
1999 2178 2055 2225 et

458 2272 820 2319 evanescunt.
855 2261 1107 2320 Possidet
1147 2269 1331 2319 autem
1358 2262 1485 2330 quis
1520 2263 1701 2335 ignem
1731 2262 1899 2329 hunc,
1926 2276 2053 2317 eum

462 2352 633 2410 Deum
660 2354 957 2411 desiderat.
1001 2354 1216 2410 Bonum
1251 2362 1336 2410 est
1374 2351 1539 2426 457
1573 2362 1755 2409 autem
1801 2368 1911 2408 non
1959 2352 2057 2408 ad-

461 2446 684 2501 modum
718 2446 853 2502 atlici
884 2462 1014 2518 erga
1047 2455 1385 2503 coaetaneum
1417 2462 1430 2498 :
1476 2445 1861 2516 hujuscemodi
1904 2446 2050 2500 enim

460 2541 803 2596 consuetudo
822 2551 878 2595 et
898 2540 1066 2595 nimia
1093 2539 1441 2595 familiaritas
1463 2538 1649 2594 ﬂetum
1668 2537 1845 2593 aﬁert.
1871 2538 2053 2606 Quare

462 2633 513 2688 is
541 2648 647 2689 non
669 2640 755 2689 est
782 2632 1014 2689 multum
1038 2632 1370 2703 diligendus,
1399 2631 1673 2702 quiobest
1695 2631 1869 2704 magis
1888 2646 2053 2703 quam

462 2724 656 2794 prosit.
697 2722 870 2779 Nemo
904 2734 1085 2795 poteSt
1129 2724 1199 2780 ad
1240 2724 1499 2779 virtutem
1534 2722 1904 2778 conscendere
1931 2723 2059 2778 abs-

460 2832 570 2888 que
597 2833 798 2889 maguo
826 2817 1035 2873 labore.
1061 2817 1376 2874 Consuesce
1403 2833 1515 2872 non
1539 2814 1900 2873 circumferre
1921 2800 2057 2871 ocu-

463 2911 548 2966 los
578 2917 702 2966 tuos
745 2909 813 2965 ad
853 2909 1035 2965 aliena
1058 2918 1111 2964 et
1141 2925 1282 2965 vana
1310 2927 1326 2977 ;
1356 2908 1474 2964 haec
1501 2909 1647 2963 enim
1677 2909 1925 2978 deperire
1975 2909 2058 2964 fa-

461 3003 621 3059 ciunt
654 3002 874 3059 labores
904 3016 1097 3060 omnes
1126 3003 1484 3059 monasticos.
1524 3002 1729 3071 Quare,
1761 3002 1836 3057 mi
1868 3001 2055 3067 frater,

463 3099 571 3156 nisi
597 3099 684 3155 die
715 3108 992 3172 noctuque
1020 3099 1387 3160 elaboraverit
1410 3100 1600 3164 homo,
1633 3099 1778 3153 haud
1813 3113 2058 3169 unquam

461 3193 533 3248 ad
562 3193 862 3269 eabpoterit
886 3194 1214 3265 pertingere.
1247 3197 1319 3248 At
1351 3192 1397 3247 si
1420 3200 1534 3249 toto
1565 3192 1731 3248 corde
1763 3190 2058 3247 Dominum

462 3299 740 3355 quarens,
777 3293 833 3341 te
877 3285 1067 3341 sedulo
1103 3285 1439 3351 exercueris,
1484 3285 1593 3340 cito
1626 3283 1934 3355 pervenies.
1970 3283 2062 3338 Ait

462 3378 613 3434 enim
639 3396 653 3433 :
699 3376 897 3432 Vacate
920 3378 950 3418 δ
977 3396 993 3445 ;
1023 3385 1079 3432 et
1104 3393 1229 3448 quae
1258 3385 1585 3448 sequuntur.
1617 3373 1718 3430 Det
1742 3375 1840 3430 tibi
1868 3373 2059 3430 Domi-

464 3484 574 3526 nus
600 3478 662 3524 ut
697 3469 815 3524 haec
847 3468 1142 3539 intelligas.

2152 1992 2390 2065 λωτισθῇ
2441 1993 2753 2065 ἄνθρωπος,
2804 1992 3043 2064 ἐπιπέσῃ
3097 1992 3154 2046 δὲ
3198 1992 3287 2045 ἐπ’
3328 1992 3493 2046 αὐτὸν
3548 1989 3761 2061 ἄνθραξ

2156 2086 2350 2157 πυρός.
2382 2085 2518 2140 Οὐδὲ
2548 2084 2719 2151 θίξειν
2751 2084 2903 2156 μένει
2935 2086 2994 2138 ὲν
3025 2087 3095 2157 τῇ
3134 2082 3488 2156 αίχμαλωσίᾳ
3522 2085 3582 2138 τὸ
3618 2083 3758 2155 πῦρ,

2156 2179 2377 2248 ἀδελφέ,
2406 2179 2543 2233 ἀλλὰ
2579 2178 2866 2233 σϐέννυται
2891 2194 2905 2208 '
2935 2177 3060 2231 ἐπεὶ
3087 2177 3207 2231 οὐδὲ
3253 2175 3366 2248 πῦρ
3389 2177 3507 2230 ἐστι
3546 2175 3758 2231 λοιπόν.

2158 2272 2222 2325 El
2244 2271 2632 2341 ἀπαλλαγῆναι
2663 2269 2837 2335 θέλεις
2877 2264 2976 2324 καὶ
3009 2272 3110 2341 τῆς
3135 2267 3539 2340 αἰχμαλωσίας,
3577 2268 3760 2333 ἄλλως

2156 2360 2218 2415 ού
2241 2360 2490 2425 δύνασαι,
2517 2361 2612 2415 ἐὰν
2639 2360 2714 2432 μὴ
2740 2360 2917 2431 κτήσῃ
2950 2357 3130 2429 ἑαυτῷ
3158 2358 3220 2411 τδ
3242 2357 3511 2430 πατρικὸν
3528 2356 3762 2412 δ’τοῦτο

2163 2453 2276 2524 πῦρ
2302 2471 2317 2486 ·
2348 2452 2458 2508 ἀπὸ
2495 2453 2605 2525 γὰρ
2640 2453 2742 2522 τῆς
2783 2451 2949 2507 αὐτοῦ
2979 2450 3314 2524 θερμότητος
3343 2452 3529 2505 ἐκεῖνα
3557 2450 3759 2519 ἀφανί-

2162 2549 2350 2615 ζονται
2386 2563 2402 2578 ⁸
2431 2548 2630 2601 κτᾶσαι
2687 2546 2747 2600 δέ
2774 2564 2859 2610 τις
2886 2546 2947 2600 τὸ
2969 2545 3081 2618 πῦρ
3110 2544 3290 2610 τοῦτο,
3332 2544 3412 2618 τῷ
3442 2543 3587 2599 κατὰ
3625 2543 3769 2599 Θεὸν

2160 2640 2332 2712 πόθῳ.
2377 2637 2454 2692 Τὸ
2482 2637 2539 2692 δὲ
2571 2637 2647 2709 μὴ
2694 2637 2856 2691 πάνυ.
2884 2635 3250 2707 φιλίανὶέχειν
3291 2635 3428 2706 πρός
3470 2652 3594 2689 τινα
3633 2651 3769 2688 συν-

2160 2731 2486 2807 ηλικιὼτην,
2517 2729 2682 2784 καλόν
2711 2731 2862 2783 ἐστιν
2886 2745 2900 2760 ο
2926 2730 2963 2800 ή
2991 2727 3051 2781 δὲ
3090 2727 3314 2799 τοιαύτη
3356 2726 3618 2797 συνήθεια
3654 2727 3767 2780 οὐκ

2162 2820 2438 2892 ἁμφίησιν
2487 2818 2664 2872 ἐλθεῖν
2694 2816 2756 2872 τὸ
2797 2817 3015 2881 πένθος.
3057 2816 3211 2888 Μηδὲ
3253 2816 3390 2885 πρὸς
3435 2814 3599 2868 ἄλλον
3638 2814 3768 2867 τινὰ

2159 2911 2501 2984 ἀφαιροῦντα
2521 2911 2630 2964 ἀπὸ
2670 2908 2765 2963 σοῦ
2804 2909 2866 2963 τὸ
2905 2908 3134 2974 πένθος,
3167 2908 3259 2979 ἔχε
3286 2907 3470 2977 φιλίαν
3494 2924 3509 2939 ’
3540 2907 3605 2959 οὺ
3647 2904 3768 2977 γὰρ

2162 3004 2365 3075 ὠφελεῖ
2387 3021 2467 3070 σε,
2500 3002 2639 3071 ἀλλά
2669 3002 2870 3075 μᾶλλον
2896 3003 2992 3056 καὶ
3031 3000 3280 3073 βλάπτει.
3313 3001 3507 3064 Οὐδεὶς
3534 2998 3768 3054 δύναται

2163 3096 2476 3168 κτήσασθαί
2502 3114 2558 3150 τι
2590 3095 2818 3164 ἀγαθὸν,
2841 3097 2890 3148 εἰ
2920 3094 2996 3166 μὴ
3032 3095 3092 3147 ὲν
3115 3092 3295 3164 πολλῷ
3323 3093 3499 3163 κόπῳ.
3531 3092 3770 3145 Παιδευ-

2166 3207 2258 3244 σον
2282 3184 2377 3244 οῦν
2399 3191 2528 3253 τοὺς
2566 3186 2883 3260 ὀφθαλμούς
2904 3203 2999 3241 σου
3025 3185 3120 3240 τοῦ
3149 3187 3223 3258 μὴ
3262 3184 3485 3256 βλέπειν
3506 3183 3638 3249 τινὶ,
3666 3183 3771 3238 καὶ

2166 3284 2229 3337 οὐ
2256 3281 2526 3354 πληροῦσί
2561 3298 2655 3334 σου
2685 3280 2784 3351 τὴν
2812 3279 3042 3350 καρδίαν
3066 3278 3167 3349 τῆς
3195 3278 3377 3349 δεινῆς
3408 3275 3769 3350 παρρησίας,

2169 3375 2251 3438 είς
2314 3373 2596 3429 ἀπώλειαν
2673 3371 2948 3444 φερούσης
3027 3369 3166 3433 ὅλως
3216 3368 3344 3434 τοὺς
3400 3368 3607 3432 κόπους
3666 3366 3767 3421 τοῦ

2172 3462 2428 3533 μοναχοῦ.
2458 3462 2524 3515 Εἰ
2561 3460 2735 3516 ταῦτα
2759 3462 2958 3526 πάντα,
2987 3458 3206 3530 ἁδελφὲ,
3232 3457 3331 3512 ἐὰν
3384 3458 3463 3530 μὴ
3488 3459 3697 3533 ποιήσῃ
3731 3459 3767 3527 ή

464 3558 687 3631 καρδία,
736 3559 937 3630 νυκτὴν
986 3559 1081 3612 καὶ
1144 3558 1357 3630 ἡμέραν
1408 3556 1651 3630 ζητοῦσα
1694 3556 1787 3611 τὸν
1836 3554 2064 3627 Κύριον,
2109 3552 2380 3626 προκόψαι
2421 3552 2709 3624 ἄνθρωπος
2754 3550 2816 3605 οὐ
2858 3550 3104 3606 δύναται.
3151 3548 3278 3603 Ἐὰν
3360 3547 3635 3622 σχολάσῃς
3705 3551 3769 3605 δν

463 3653 699 3722 τούτοις,
761 3654 897 3726 ἔρχῃ
948 3655 1031 3719 εἰς
1059 3654 1203 3709 αὐτά.
1236 3671 1251 3686 ·
1297 3656 1434 3727 φησι
1492 3657 1624 3726 γάρ’
1685 3654 2061 3723 Σχολάσάτε,
2102 3651 2198 3705 καὶ
2258 3649 2328 3704 τὰ
2360 3648 2507 3715 ἑξῆς.
2536 3647 2661 3721 Δῷη
2698 3665 2781 3703 σοι
2814 3647 3020 3720 Κύριος
3071 3646 3169 3718 τοῦ
3195 3645 3436 3701 συνιέναι
3464 3643 3659 3701 ταῦτα.

1037 3815 1398 3888 Interrogatio
1445 3815 1498 3872 5.

539 3946 681 4017 Quid
707 3956 790 4005 est
820 3955 1177 4018 contemptus
1220 3948 1287 4004 ad
1315 3948 1681 4004 humilitatem
1695 3949 1733 4003 ἲν
1768 3945 1911 4015 Quid
1938 3960 2063 4001 rur-

465 4053 591 4095 sum
618 4036 877 4093 contritio
915 4035 1133 4093 cordis?
1175 4035 1311 4092 Etsi
1341 4036 1466 4108 quis
1493 4042 1865 4107 contemptum
1888 4035 2067 4108 possi-

469 4127 617 4189 deat,
653 4124 897 4195 seipsum
956 4140 1084 4181 vere
1132 4124 1431 4183 bumilians
1486 4127 1544 4182 in
1571 4127 1737 4183 corde
1775 4140 1899 4195 suo,
1931 4126 2066 4198 quid

466 4231 609 4288 opus
638 4217 709 4274 sit
733 4218 898 4274 etiam
921 4218 1161 4274 exterius
1193 4218 1262 4275 ab
1287 4219 1606 4277 hominibus
1620 4221 1822 4292 probra
1851 4229 1907 4278 et
1932 4236 2068 4278 eon-

468 4311 726 4367 tnmelias
770 4310 903 4383 pati,
957 4312 1091 4380 quid
1146 4327 1288 4383 opus
1329 4313 1461 4369 item
1492 4313 1695 4371 vilibus
1715 4312 2066 4371 actionibus?

2803 3806 3147 3876 Ἐρώτησις.

2239 3942 2305 3998 Τί
2342 3945 2489 3997 ἐστιν
2556 3943 2590 4014 ἡ
2628 3941 2979 4007 ἐξουδένωσις
3025 3940 3182 4015 παρὰ
3225 3940 3328 4013 τὴν
3386 3941 3761 4007 ταπείνωσιν;

2165 4036 2278 4091 Καὶ
2303 4035 2357 4089 τί
2389 4033 2552 4088 πάλιν
2581 4035 2614 4105 ή
2637 4033 2899 4105 συντριϐὴ
2922 4033 3024 4104 τῆς
3050 4033 3316 4106 καρδίας;
3344 4033 3456 4087 Καὶ
3473 4033 3523 4087 εί
3551 4032 3764 4088 κτᾶσαί

2165 4143 2250 4191 τις
2285 4123 2652 4191 ὲξουδένωσιν,
2684 4123 2850 4186 αὐτὸς
2896 4120 3090 4175 ἑαυτὸν
3139 4120 3200 4175 ὲν
3225 4121 3292 4193 τῇ
3330 4119 3529 4192 καρδίᾳ
3556 4135 3767 4175 ταπειο

2165 4218 2534 4292 νῶν,ἢχρεία
2564 4216 2788 4274 καὶτῶν
2837 4214 3037 4282 ἔξωθεν
3093 4214 3203 4270 ἀπὸ
3243 4215 3355 4269 τῶν
3420 4213 3771 4285 ἀνθρώπων..

2166 4311 2487 4383 ὀνειδισμῶν
2510 4313 2607 4367 καὶ
2654 4309 2888 4383 ῦσρεων,
2942 4309 3039 4363 καὶ
3080 4308 3486 4392 εὐτελεστέρων
3520 4307 3578 4361 δὲ
3607 4308 3761 4378 πρά-

473 4407 533 4461 Si
573 4404 772 4461 debeat
808 4403 974 4460 etiam
997 4405 1228 4461 humilia
1273 4406 1552 4474 affectare,
1587 4400 1827 4467 humiles
1870 4423 2056 4480 opera-

2168 4404 2326 4474 ξεωνς
2353 4404 2496 4469 Ἔτι,
2520 4404 2569 4457 εί
2594 4402 2828 4473 ὁφείλειε
2854 4403 2883 4456 6
2902 4401 3287 4473 ταπεινόφρων
3308 4399 3616 4471 πράγματα
3636 4400 3771 4455 ἑπι-

450 4497 653 4555 .tiones
680 4507 737 4553 et
758 4496 1040 4552 humiliter
1062 4497 1339 4569 cogitare?

1109 4627 1419 4700 Responsio.

545 4762 904 4834 Contemptus
959 4765 1092 4822 duos
1125 4766 1318 4823 modos
1365 4764 1551 4833 habet,
1590 4780 1760 4821 unum
1791 4780 1823 4820 a
1877 4764 2060 4832 corde,

478 4860 711 4917 alterum
733 4856 803 4912 ab
826 4856 1162 4913 hominibus.
1205 4857 1381 4928 Major
1404 4865 1587 4914 autem
1621 4858 1715 4929 qui
1746 4866 1832 4913 est
1867 4857 1935 4912 ab
1964 4858 2065 4913 bo-

480 4952 719 5008 minibus
774 4965 940 5021 quam
966 4959 1106 5007 esta
1158 4953 1341 5009 corde.
1389 4950 1578 5023 Neque
1625 4952 1762 5007 adeo
1812 4952 2065 5008 laborare

481 5058 582 5097 nos
609 5041 742 5097 facit
766 5042 911 5113 quia
938 5043 1105 5101 corde
1126 5053 1231 5110 est.
1263 5052 1325 5099 ut
1344 5045 1440 5114 qui
1464 5044 1533 5099 ab
1563 5043 1909 5102 hominibus:
1966 5061 2063 5101 cor

479 5130 625 5186 enim
659 5136 730 5189 ad
754 5132 861 5191 hoc
891 5135 1184 5192 admodum
1214 5138 1436 5208 patitur.
1486 5134 1719 5193 Currere
1750 5147 1932 5193 autem
1963 5153 2063 5193 sua

480 5232 677 5297 sponte
727 5226 797 5282 ad
845 5226 975 5283 vilia
1021 5227 1305 5293 exercitia,
1351 5226 1559 5283 nullius
1614 5226 1895 5299 profectus
1954 5237 2058 5296 est,

555 5419 582 5449 ι
607 5406 742 5465 Luc.
765 5425 866 5477 xu,
894 5410 982 5466 49.
1060 5410 1257 5467 stal.
1281 5425 1414 5479 σειν,
1434 5425 1498 5466 ιι.

2168 4497 2414 4569 τηδεύειν
2439 4495 2696 4563 ταπεινὰ,
2721 4494 2755 4567 ἢ
2784 4495 2884 4550 καὶ
2915 4495 3362 4561 ταπεινολογεῖν;

2796 4628 3146 4697 Ἀπόκρισις.

2247 4769 2321 4823 Ἢ
2351 4767 2700 4834 ὲξουδένωσις
2757 4765 2851 4818 δύο
2904 4763 3141 4835 τρόπους
3197 4761 3334 4834 ἔχει,
3393 4760 3492 4816 ἕνα
3528 4761 3621 4815 τὸν
3653 4760 3771 4814 ἀπὺ

2171 4858 2423 4932 καρδίας,
2457 4858 2554 4911 καὶ
2582 4857 2770 4926 ἕτερον
2797 4855 2888 4908 τὸν
2919 4854 3030 4910 ἀπὸ
3067 4854 3176 4908 τῶν
3230 4852 3539 4925 ἀνθρώπων
3571 4853 3772 4922 ἐπιφε-

2173 4953 2414 5026 ρόμενον.
2456 4947 2676 5013 Μείζων
2708 4946 2764 5000 δέ
2791 4948 2942 5001 ἐστιν
2968 4948 3001 5019 ή
3035 4946 3145 5000 ἀπὸ
3171 4945 3281 4999 τῶν
3324 4942 3636 5017 ἀνθρώπων
3670 4942 3763 5008 ἑξ-

2173 5045 2464 5106 ουδένωσις
2489 5041 2591 5112 τῆς
2622 5039 3007 5111 άπὸ-καρδίας.
3037 5040 3113 5094 Οὐ
3140 5036 3250 5109 γὰρ
3297 5036 3444 5093 πάνυ
3500 5038 3615 5108 ἔχει
3671 5036 3771 5091 κό-

2173 5154 2276 5193 πον
2302 5138 2337 5208 ή
2367 5133 2476 5189 ἀπὸ
2496 5132 2598 5203 τῆς
2627 5131 2877 5203 καρδίας,
2930 5131 3056 5185 ὅσον
3081 5132 3114 5203 ή
3148 5130 3258 5184 ἀπὸ
3287 5129 3396 5184 τῶν
3426 5128 3764 5201 ἀνθρώπων.

2170 5229 2320 5286 Πάνυ
2351 5225 2461 5295 γὰρ
2488 5225 2702 5296 πονεϊή
2735 5221 2957 5293 καρδία,
2986 5224 3068 5287 είς
3121 5223 3222 5293 τὴν
3266 5220 3469 5287 ἔξωθεν
3505 5224 3767 5293 ἐπιφερο-

1779 5571 2015 5630 unus
2047 5542 2455 5631 LECTIONES.

440 5712 445 5717 ’
647 5723 772 5778 Μου
826 5721 968 5781 forte
1013 5726 1175 5801 ὁμοῦ.

1277 5728 1324 5763 ³⁸⁸
1368 5730 1665 5805 Πατρικόν.
1744 5731 2057 5805 Legendum
2119 5727 2558 5805 msupett3c_6w_
2598 5729 2680 5805 hae
2740 5741 2977 5805 namque
3025 5735 3211 5805 “voces
3246 5724 3408 5782 codd.
3472 5724 3629 5781 miss.
3674 5720 3760 5805 3b

487 5790 791 5873 litterarth
813 5864 827 5873 _
860 5789 1243 5871 compendium
1321 5816 1463 5873 sepe
1494 5789 1504 5804 ’
1535 5803 1795 5860 confundi
1825 5789 2068 5861 “solent.
2094 5848 2107 5855 -
2132 5789 2344 5860 Videsis
2409 5799 2739 5857 Cotelerium
2797 5789 2945 5852 Ecél.
3016 5796 3109 5853 Gr.
3153 5793 3395 5873 planum.
3471 5804 3605 5852 tom.
3637 5835 3641 5839 .
3674 5789 3720 5845 11
3739 5829 3754 5854 ν

487 5876 613 5935 pag.
651 5863 753 5923 0'09
813 5864 868 5924 ι).
