4062 6410
355 405 494 476 1817

1682 399 2071 472 DOCTRINA
2128 410 2273 472 XXI

3493 402 3635 470 1818

353 522 542 591 μὲνην.
596 515 660 572 τὸ
714 515 774 572 δὲ
806 515 1024 589 τρέχειν
1065 515 1160 587 ἀφ’
1188 516 1387 572 ἑαυτοῦ
1418 518 1518 581 είς
1546 518 1649 582 τὰς
1687 520 1929 581 εὐτελεῖς

2050 522 2167 592 ιυῑη
2213 521 2399 592 potius
2426 508 2609 574 inanis
2642 514 2836 589 gloria.
2869 514 2976 572 Sed
3002 527 3133 570 cum
3160 512 3259 570 tibi
3286 511 3393 568 vile
3421 512 3632 585 aliquid

351 608 604 681 πράξεις,
626 608 690 663 οὐ
722 607 881 680 φέρει
906 610 1027 663 τινά
1066 610 1149 673 εις
1178 607 1488 682 προκοπὴν,
1538 610 1679 681 τάχα
1706 609 1766 664 δῖ
1796 612 1932 681 μᾶλ-

2031 613 2365 685 praecipitur,
2428 626 2611 683 neque
2637 619 2696 666 tu
2742 609 3101 674 conn-adicis,
3166 607 3262 665 sed
3287 608 3444 679 jnssa
3495 606 3633 664 facis

350 698 441 754 λον
493 702 587 764 είς.
614 684 920 765 κενοδοξίαν
945 717 958 730 °
1016 698 1159 756 ἀλλὰ
1208 700 1269 755 τὸ
1294 699 1664 772 κελευσθῆναι
1715 702 1814 756 καὶ⁴
1854 702 1929 775 μή

2050 720 2158 760 :um
2186 704 2337 760 omni
2367 700 2790 759 mansuetudine
2824 709 2879 756 et
2902 698 3252 767 obedientia;
3279 706 3410 754 tunc
3436 696 3495 752 ﬁt
3529 697 3634 752 hoc

348 791 648 860 ἀντιλέξαι,
668 792 805 847 ἀλλὰ
836 794 1014 846 ποιεῖν
1047 792 1193 863 μετὰ
1223 792 1492 864 ὑπακοῆς,
1523 792 1699 847 τοῦτο·
1719 793 1931 862 γίνεται

349 888 431 952 είς
464 886 774 957 προκοπὴν,
836 887 932 940 καὶ
984 885 1046 939 τδ
1099 885 1407 958 κτήσασθαι
1453 886 1823 952 ὲξουδένωσιν.
1868 888 1935 940 Ἡ

351 978 611 1051 σσντριϐὴ
635 980 736 1050 τῆς
755 978 992 1048 καρδίας
1020 978 1159 1042 ἐστὶ,
1196 978 1258 1032 τὸ
1294 978 1369 1050 μὴ
1394 980 1555 1033 ἐᾶσαι
1585 978 1758 1050 αὐτὴν
1800 978 1945 1050 aea-

347 1073 542 1126 ϐεσθαι
594 1072 736 1143 μετὰ
790 1070 1091 1143 ἀλλοτρίων
1129 1070 1431 1142 λαγισμῶν.
1481 1070 1546 1124 Ἦ
1600 1070 1935 1135 ταπείνωσίς

350 1167 493 1230 ἐστι,
527 1164 589 1218 τὸ
621 1163 697 1235 μὴ
720 1163 984 1234 ψηφίζειν
1015 1163 1204 1217 ἑαυτὸν
1238 1163 1293 1217 ἐν
1321 1181 1428 1217 τινι
1456 1162 1945 1234 πράγματιὸλως,.

347 1252 442 1307 καὶ
472 1251 535 1306 τὸ
575 1253 753 1320 κόψαι.
773 1252 831 1305 τὸ
868 1252 996 1307 ἴδιον
1023 1253 1232 1323 θέλημα
1257 1254 1401 1307 κατὰ
1425 1253 1637 1307 πάνταο
1673 1252 1816 1306 ὥστε
1874 1252 1937 1306 τὸ

350 1347 695 1418 ὑποταγῆναι
726 1348 883 1409 πᾶσι,
917 1346 1015 1401 καὶ
1035 1346 1304 1417 βαστάσαι
1347 1347 1641 1417 ἀταράχως
1667 1346 1738 1400 τὰ
1768 1347 1939 1418 ἐπερ-

349 1437 555 1509 χόμενα
583 1436 689 1491 ὑπὸ
722 1435 899 1493 ἄλλων
921 1477 938 1503 ,
965 1436 1122 1492 τοῦτό
1150 1439 1298 1492 ἐστιν
1331 1440 1365 1510 ή
1403 1438 1631 1509 ἀληθινὴ
1665 1438 1940 1492 ταπείνω-

354 1545 437 1592 σις
462 1544 475 1557 ’
498 1529 582 1593 είς
608 1529 685 1600 ἢν,
725 1531 826 1602 οὐχ
858 1531 1106 1602 εὑρίσκει
1153 1532 1211 1585 ὲν
1254 1530 1394 1602 αὐτῇ
1447 1529 1639 1601 χώραν
1658 1531 1693 1601 ή
1722 1530 1939 1586 κενοδο-

354 1619 458 1686 ξία.
1046 1664 1075 1673 κ

421 1708 497 1765 Τὸ
521 1707 577 1763 δὲ
599 1709 1025 1781 ταπεινολογεῖν,
1060 1712 1369 1778 κενοδοξίαν
1417 1713 1597 1786 φέρει,
1641 1716 1739 1771 καὶ
1765 1713 1954 1771 κακὸν-

355 1798 809 1874 μᾶλλόν,ὲστιν,ἢ
844 1802 1121 1874 ὠφέλιμον
1142 1819 1158 1836 ο
1187 1804 1323 1859 ἀλλὰ
1364 1805 1535 1875 ἀρκεῖν
1553 1806 1754 1877 λέγειν,
1798 1808 1938 1878 Συγ-

351 1888 623 1964 χώρησον,
655 1892 752 1947 καὶ
777 1890 931 1960 εὖξαι
955 1895 1097 1968 ὑπὲρ
1130 1897 1301 1968 ἐμοῦ.
1500 1944 1503 1947 .
1667 1922 1675 1928 -

930 2030 1257 2102 Ἐρώτησις
1283 2041 1355 2101 9;".

419 2164 484 2219 Εί
508 2165 567 2219 ὲν
593 2166 708 2229 τοῖς
758 2165 966 2232 καλοῖς,
1001 2166 1033 2239 ἢ
1061 2168 1121 2224 ὲν
1149 2171 1265 2233 τοῖς
1296 2171 1486 2241 μέσοις
1508 2172 1593 2226 δεῖ
1615 2171 1844 2227 κόπτειν
1876 2173 1941 2228 τδ

349 2253 585 2327 θέλημα,
616 2255 649 2328 ἢ
679 2255 773 2309 καὶ
802 2257 861 2309 ὲν
905 2251 989 2322 οἷς
1043 2260 1358 2331 παράϐασις
1417 2261 1611 2329 φθάνει
1667 2263 1937 2334 ἑντολῆςς

347 2347 459 2401 Καὶ
488 2346 631 2419 ὑπὲρ
658 2348 758 2421 τὴν
785 2349 1120 2405 κατάστασίν
1159 2368 1262 2423 μου
1307 2353 1403 2407 ἐὰν
1441 2355 1641 2427 εὑρεθῇ
1678 2356 1936 2430 ὲπιταγὴ,

347 2443 398 2495 εί
435 2440 639 2513 ὀφείλω
664 2443 1137 2516 παραιτήσασθαι,
1171 2447 1259 2499 ἵνα
1290 2448 1368 2519 μὴ
1398 2448 1579 2521 λύπην
1629 2451 1727 2505 καὶ
1768 2469 1942 2522 ταρα-

347 2534 452 2606 χὴν
503 2533 733 2608 ὕστερον
790 2538 1114 2611 ὲνέγκοιμι;
1167 2541 1293 2595 Ἔτι
1343 2541 1400 2596 δὲ
1461 2544 1558 2598 ὲάν
1612 2561 1695 2609 τις
1741 2545 1940 2619 εὑρεθῇ

347 2626 537 2702 χρείαν
564 2627 706 2700 ἔχων
764 2630 902 2701 πρὸς
927 2631 1025 2685 τὸν.
1062 2631 1257 2699 ἀϐϐᾶν,
1297 2634 1385 2689 ἵνα
1418 2636 1619 2709 αἰτήσῃ
1664 2654 1718 2692 τι
1749 2638 1955 2705 nam,

349 2722 445 2779 καὶ
468 2721 599 2795 είπῃ
634 2740 728 2794 μοι
756 2721 1022 2797 βοηθῆναι
1049 2728 1204 2799 αὐτῷ
1232 2730 1314 2793 είς
1344 2729 1406 2783 τὸ
1441 2732 1706 2802 πρᾶγμα,
1739 2733 1789 2786 εί
1810 2733 1944 2789 ἀνά-

350 2833 589 2905 σχωμαι,
632 2819 684 2871 εί
712 2818 788 2890 μὴ
847 2819 1004 2891 φέρει
1036 2838 1128 2892 μοι
1157 2823 1348 2894 τιμὴν,
1387 2823 1472 2877 ὅτι
1519 2824 1658 2888 ὅλως
1704 2824 1941 2895 ψηφίζο-

351 2926 484 2981 μαι;
511 2911 632 2964 Ἔτι
652 2909 711 2964 δὲ
736 2910 833 2967 ἐὰν
858 2913 1059 2985 αἰτήσῃ
1089 2914 1158 2983 μέ
1188 2932 1274 2976 τις
1294 2915 1526 2986 ποιῆσαι
1556 2916 1742 2988 εὐχὴν,
1781 2916 1943 2989 θελή-

350 3018 432 3059 σω
458 3003 644 3076 βαλεῖν
671 3007 832 3077 χεῖρα
854 3006 951 3060 καὶ
990 3004 1255 3078 βοηθῆσαί
1287 3025 1427 3076 τινι;
1450 3009 1625 3081 Μέχρι
1673 3010 1821 3075 τίνος
1863 3010 1944 3064 δεῖ

351 3097 805 3170 παραιτήσασθαι
837 3095 1225 3170 ἢφιλονεικεῖν
1287 3098 1419 3155 ἔνθα
1461 3101 1579 3155 ἐστὶ
1626 3102 1943 3172 παράϐασις

352 3188 575 3260 ἐντολῆς
603 3205 619 3256 ;

968 3324 1336 3394 Ἀπόκρισις.

438 3456 681 3526 Ἀδελφὲ,
708 3458 736 3511 ὁ
764 3455 934 3512 θέλων
968 3455 1110 3513 εῖναι
1137 3459 1206 3526 ⁸⁸,
1238 3459 1340 3516 οὐκ
1377 3459 1588 3532 ὀφείλει
1618 3460 1759 3526 ὅλως
1779 3460 1953 3532 θέλῃ-

356 3565 433 3620 μα
456 3546 603 3620 ἔχειν
634 3548 695 3602 ἐν
736 3565 845 3602 τινι
897 3549 1210 3621 πράγματι,
1250 3551 1348 3605 καὶ
1402 3551 1565 3606 τοῦτο
1614 3551 1885 3607 διδάσκων
1917 3553 1947 3607 ὀ

353 3640 561 3713 Κύριος
588 3636 768 3695 εἷπενο
798 3636 1026 3699 Ἦλθον
1055 3644 1143 3709 είς
1173 3644 1279 3699 τὸν
1312 3645 1569 3716 κόσμον,
1612 3647 1686 3702 οὐ
1715 3646 1782 3700 τὸ
1797 3646 1949 3717 ἐμὸν

355 3734 589 3804 θέλημα
619 3732 874 3800 ποιῆσαι
898 3750 912 3766 ο
950 3735 1043 3787 καὶ
1084 3734 1154 3788 τά
1197 3735 1343 3806 ἑξῆς.
1385 3735 1445 3790 '0
1479 3734 1652 3797 θέλων
1688 3737 1799 3809 γὰρ
1827 3738 1947 3792 τόδε

356 3828 530 3881 ποιεῖν
558 3825 653 3879 καὶ
689 3826 808 3879 τόδε
839 3825 908 3879 δι’
936 3826 973 3881 ἃ.
996 3827 1424 3899 παραιτεῖται,ἢ
1464 3828 1948 3900 διακριτικώτερον

353 3917 547 3977 ἑαυτὸν
576 3917 817 3971 δείκνυσι
850 3917 945 3972 τοῦ
970 3918 1362 3991 ἐπιτάσσοντος
1401 3919 1575 3990 αὐτῷ,
1613 3921 1646 3991 ἢ
1701 3921 1805 3974 ὑπὸ
1826 3922 1948 3975 δαι-

359 4010 534 4082 μόνων
570 4008 930 4082 χλευάζεται*
960 4010 1104 4083 άπερ
1130 4010 1420 4083 ἀμφότερα
1448 4011 1595 4065 κακά
1624 4011 1721 4066 καὶ
1755 4012 1946 4083 δαιμο-

357 4100 522 4174 νιὼδη
550 4117 563 4131 ⁸
598 4099 743 4155 ὥστε
787 4103 846 4155 ὲν
896 4101 1065 4154 πᾶσιν
1119 4100 1356 4171 ὀφείλεις
1394 4100 1715 4156 ὑπακούειν.
1757 4101 1816 4156 Ὃ
1837 4101 1947 4175 γὰρ

358 4195 671 4255 ἐπιτάσσων
726 4194 903 4259 άϐϐἄς
944 4211 1061 4261 σου,
1105 4194 1367 4266 βαστάζει
1418 4212 1513 4249 σου
1556 4196 1616 4250 τὸ
1648 4194 1844 4267 κρίμα,
1872 4195 1949 4260 ὡς

358 4288 759 4360 ἀπαιτούμενος
775 4288 933 4356 λόγον
961 4286 1104 4359 ὑπὲρ
1133 4287 1251 4342 σοῦ.
1286 4288 1418 4346 Ἐὰν
1442 4287 1707 4361 φαίνηταί
1738 4305 1821 4343 σοι
1853 4287 1951 4359 βα-

362 4381 427 4453 ρὺ
451 4381 513 4436 τὸ
533 4380 995 4455 ἐπιτασσόμενον,
1025 4379 1191 4435 αὑτὸν
1222 4379 1524 4452 ἐρώτησον,
1566 4385 1662 4437 καὶ
1690 4384 1756 4453 τῇ
1780 4380 1949 4436 αὐτοῦ

357 4475 633 4546 διακρίσει
668 4473 888 4545 άφεςτὸ
949 4474 1203 4546 πρᾶγμα.
1248 4475 1375 4528 Ἐὰν
1398 4475 1463 4533 δὲ,
1489 4474 1713 4544 ἀδελφοὶ
1730 4469 1865 4529 ὦσιν
1898 4476 1947 4529 οἱ

1970 3223 2030 3283 G-

2035 800 2103 853 ad
2127 797 2428 867 perlectum
2459 813 2473 850 :
2504 804 2561 851 et
2609 794 2717 851 hoc
2763 802 2848 849 est
2876 798 3255 862 contemptum
3308 791 3392 846 sui
3459 788 3634 859 ipsius

2035 891 2257 947 habere.
2312 888 2580 945 Contritio
2613 902 2741 943 vero
2772 886 2955 941 cordis
2984 892 3090 951 est,
3141 884 3188 939 si
3220 882 3274 937 id
3303 881 3491 952 vagari
3522 896 3633 935 non

2035 983 2318 1055 permittas
2340 980 2395 1035 in
2428 979 2621 1035 alienis
2652 986 2707 1034 et
2734 978 2894 1033 vanis
2934 976 3388 1047 cogitationibus.-
3438 971 3634 1028 Humi-

2037 1077 2164 1131 litas
2188 1082 2294 1141 est,
2325 1073 2530 1127 nullius
2554 1071 2714 1142 pretii
2750 1070 2992 1139 seipsum
3049 1066 3389 1129 existimare,
3421 1074 3476 1120 et
3505 1079 3635 1134 pro-

2036 1167 2214 1238 priam
2249 1168 2586 1220 voluntatem
2622 1163 2677 1216 in
2711 1161 2924 1217 cunctis
2951 1169 3234 1230 amputare
3256 1177 3269 1213 :
3295 1159 3366 1213 ita
3386 1165 3446 1211 ut
3468 1157 3544 1212 sis
3577 1156 3634 1210 in

2040 1262 2252 1318 cunctis
2285 1259 2588 1329 subjectus,
2616 1264 2679 1313 et
2705 1256 2978 1325 intrepide
3033 1270 3099 1309 ac
3119 1264 3438 1309 constanter
3489 1250 3635 1308 feras

2038 1354 2313 1427 quidquid
2332 1351 2597 1407 evenerit.
2664 1349 2789 1403 Haec
2814 1357 2900 1403 est
2934 1362 3064 1402 vera
3095 1347 3395 1411 humilitas,
3444 1343 3498 1400 iu
3525 1358 3633 1415 qua

2038 1445 2384 1504 nou-invenit
2403 1444 2584 1501 locum
2610 1442 2792 1498 inanis
2822 1440 3012 1511 gloria.

2066 1738 2071 1743 '
2113 1725 2220 1785 Sed
2251 1724 2535 1781 humiliter
2563 1722 2737 1793 loqui,
2787 1718 3160 1790 arrogantiam
3193 1730 3305 1786 pra:
3346 1728 3404 1770 se
3427 1711 3551 1773 fert.
3581 1720 3637 1770 et

2042 1823 2217 1893 magis
2273 1826 2451 1885 nocet,
2493 1831 2657 1888 quam
2720 1813 2988 1885 prodest:
3046 1811 3141 1868 sed
3171 1807 3370 1866 sullicit
3419 1806 3631 1863 dicere:

1968 1874 2019 1934 BI
2042 1914 2289 1987 Ignosce,
2325 1922 2380 1969 et
2408 1926 2504 1966 ora
2535 1923 2632 1980 pro
2662 1923 2771 1962 me.

2607 2042 2967 2113 Interrogatio
2998 2041 3054 2095 6.

2110 2188 2268 2247 Anne
2311 2189 2367 2243 in
2406 2184 2589 2253 bonis,
2632 2172 2743 2238 'aut
2797 2179 2999 2237 mediis
3029 2185 3244 2250 oportet
3273 2174 3513 2231 incidere
3541 2188 3638 2229 vo-

2039 2281 2329 2344 luntatem,
2365 2284 2462 2332 aut
2505 2275 2559 2329 in
2609 2273 2678 2328 iis
2705 2271 2802 2327 ubi
2840 2267 3209 2341 tranSgressio
3230 2265 3286 2320 in
3305 2271 3636 2335 praeceptum

2042 2372 2330 2444 impingit?
2380 2369 2469 2434 Et,
2502 2368 2549 2423 si
2567 2367 2785 2438 iussum
2814 2361 3242 2419 exeedat'meam
3268 2356 3637 2444 vocationem,

2040 2443 2283 2523 debeone
2330 2461 2620 2530 denegare,
2654 2470 2723 2510 ne
2743 2451 2994 2509 molestia
3018 2457 3113 2504 aut
3135 2447 3343 2519 pudore
3366 2443 3594 2500 alliciam
3614 2443 3640 2496 ?

2041 2560 2333 2622 Praeterea,
2373 2553 2422 2610 si
2464 2551 2552 2608 cui
2606 2561 2834 2604 necesse
2867 2545 2937 2601 sit
2984 2551 3042 2598 ut
3081 2538 3286 2611 aliquid
3318 2537 3387 2593 ab
3440 2536 3639 2592 abbate

2043 2658 2211 2723 petat,
2231 2658 2286 2705 et
2309 2646 2458 2705 dicat
2486 2641 2622 2699 mihi
2646 2648 2786 2696 utse
2811 2638 2864 2693 iu
2894 2635 3111 2707 negotio
3155 2633 3432 2704 adjuvem,
3466 2629 3641 2685 susti-

2043 2721 2275 2800 neamne
2306 2780 2323 2806 ,
2354 2749 2450 2794 aut
2485 2751 2596 2791 non
2624 2734 2794 2789 feram
2838 2724 3294 2796 bonorem,quod
3322 2731 3473 2778 totus
3502 2721 3639 2775 mihi

2043 2834 2336 2910 placeam?
2378 2830 2531 2887 Adde
2580 2829 2628 2884 si
2683 2826 2808 2897 quis
2851 2832 3027 2894 roget,
3068 2829 3129 2874 ut
3172 2833 3349 2878 orem,
3382 2816 3647 2870 tollamne

2044 2943 2241 2984 manus
2286 2933 2341 2980 et
2390 2922 2642 2995 adjuvcm
2689 2916 2907 2988 ipsum?
2961 2915 3070 2968 Aut
3094 2925 3382 2983 quousque
3422 2914 3640 2978 oportet

2044 3020 2314 3091 denegare
2381 3006 2483 3071 aut
2549 3009 2920 3076 contendere,
2997 3006 3091 3062 ubi
3144 3006 3220 3062 sit
3270 2999 3641 3073 transgressio

2043 3110 2300 3185 praecepti
2317 3109 2340 3165 i

2584 3321 3091 3398 ﬁs'ﬂesponsio.

2122 3464 2337 3531 Frater,
2371 3460 2562 3517 volens
2616 3472 2760 3522 esse,
2805 3470 2918 3511 non
2949 3452 3110 3509 debet
3131 3448 3357 3505 omnino
3394 3445 3644 3502 volunta-

2051 3570 2158 3616 tem
2187 3557 2391 3612 habere
2437 3553 2494 3608 in
2533 3549 2683 3607 omni
2712 3565 2775 3604 re
2805 3567 2819 3603 :
2855 3554 2911 3603 et
2936 3547 3041 3601 hoe
3090 3544 3327 3598 innuens
3361 3538 3647 3593 Dominus

2050 3651 2207 3709 dixit:
2275 3647 2405 3703 Veni
2438 3647 2495 3700 in
2526 3644 2783 3699 mundum
2806 3657 2910 3695 non
2940 3647 2998 3693 ut
3026 3637 3228 3707 faciam
3247 3649 3416 3689 meam
3458 3630 3648 3686 volun-

2055 3726 2212 3798 tatem
2246 3752 2312 3795 c:
2365 3746 2420 3793 et
2452 3751 2574 3807 qua:
2600 3740 2927 3804 sequuntur.
3006 3726 3206 3782 Volens
3249 3725 3395 3779 enim
3443 3724 3550 3777 hoc
3592 3729 3648 3776 et

2051 3828 2184 3885 illud
2219 3824 2398 3881 facere
2427 3833 2649 3894 prepter
2677 3836 2799 3892 qua:
2831 3824 3078 3889 rogatur,
3110 3823 3206 3868 aut
3236 3811 3643 3883 prudentiorem

2051 3935 2112 3977 se
2139 3919 2382 3974 declarat
2411 3931 2477 3970 eo
2505 3914 2600 3984 qui
2630 3911 2885 3983 injungit,
2934 3917 3030 3964 aut
3064 3923 3094 3962 a
3145 3904 3486 3960 daemonibus
3518 3902 3644 3956 illu-

2050 4013 2198 4069 ditur
2229 4028 2242 4065 :
2290 4009 2437 4080 quod
2467 4015 2756 4075 utrumque
2774 4002 2976 4056 malum
3004 4008 3057 4053 et
3081 3997 3434 4055 diabolicum.
3464 3994 3647 4062 Quare

2051 4106 2107 4162 in
2143 4101 2402 4159 omnibus
2441 4098 2664 4156 obedire
2691 4096 2878 4153 debes.
2929 4092 3034 4160 Qui
3064 4092 3211 4147 enim
3260 4090 3496 4159 imperat
3549 4086 3647 4142 tibi

2052 4198 2224 4254 abbas
2280 4204 2431 4261 tuus,
2485 4202 2639 4248 tuum
2665 4189 2932 4260 judicium
2983 4192 3186 4255 portat,
3239 4182 3332 4252 qui
3377 4181 3645 4236 rationem

2053 4289 2204 4347 dabit
2222 4301 2320 4359 pro
2344 4294 2394 4341 te
2427 4307 2439 4342 :
2471 4285 2517 4341 si
2549 4282 2714 4356 grave
2742 4280 2839 4335 tibi
2871 4277 3140 4333 videbitur
3156 4274 3304 4345 quod
3328 4272 3647 4344 impositum

2052 4389 2160 4445 est,
2179 4358 2359 4450 ipsum
2391 4375 2696 4445 interroga,
2720 4368 2952 4441 ejusque
2974 4364 3185 4437 judicio
3205 4358 3455 4431 relinque
3479 4374 3649 4430 nego-

2056 4476 2216 4530 tium.
2274 4470 2334 4527 Si
2379 4477 2561 4525 autem
2618 4466 2817 4520 fratres
2845 4461 2958 4516 sint
3002 4457 3096 4528 qui
3161 4454 3367 4524 aliquid
3426 4451 3524 4506 tibi
3563 4450 3651 4506 in-

366 4566 747 4634 ὲπιτάξαντες,
780 4566 876 4620 καὶ
906 4564 1186 4638 βλέπεις-ἣ
1210 4566 1454 4637 νομίζεις
1481 4567 1565 4623 ὅτι
1598 4566 1809 4638 βλάϐην
1832 4566 1944 4637 ἔχει

2050 4568 2306 4639 jungant,
2353 4573 2408 4617 et
2452 4561 2603 4616 vides
2637 4566 2732 4613 aut
2770 4552 3054 4610 existimas
3101 4548 3307 4621 aliquid
3342 4547 3475 4603 mali
3524 4560 3649 4601 cum

360 4658 423 4713 τὸ
448 4648 758 4731 πράγμαίῆ
777 4657 918 4729 ὑπὲρ
948 4658 1048 4729 τὴν
1065 4658 1294 4729 δύναμίν
1316 4676 1444 4725 σου,
1460 4658 1622 4715 πάλιν
1652 4658 1746 4713 τὸν
1773 4658 1952 4713 άὸϐᾶν

362 4749 663 4823 ἐρώτησον,
694 4750 791 4803 καὶ
815 4747 852 4803 ἃ
881 4748 1032 4818 λέγει
1074 4766 1178 4816 σοι,
1214 4749 1441 4820 ποίησον
1462 4766 1475 4779 ⁸
1510 4749 1577 4804 ἂν
1619 4750 1730 4823 γὰρ
1761 4750 1947 4813 θέλεις

360 4844 425 4898 οὐ
464 4843 628 4915 μόνον
656 4842 727 4896 τά
762 4842 1088 4914 πράγματα,
1118 4843 1257 4897 ἀλλὰ
1305 4844 1399 4899 καὶ
1447 4844 1577 4908 τοὺς
1622 4843 1953 4915 ἀνθρώπους

362 4935 687 5008 διακρίνειν,
718 4934 899 5005 θλίψιν
955 4934 1171 5006 σεαυτῷ
1223 4936 1575 5001 έπισπάσεις.
1643 4936 1951 4992 Ἀλλ’ὂπου

364 5030 516 5083 δοκεῖ
544 5028 709 5084 καλὸν
737 5024 879 5083 εἷναι
911 5028 974 5083 τὸ
1004 5031 1264 5100 πρᾶγμα,
1314 5030 1432 5083 ἐκεῖ
1477 5028 1651 5095 δεῖξον
1716 5029 1816 5101 τὴν
1846 5030 1953 5083 ὐπ-

366 5122 541 5196 ακοὴν
568 5124 683 5188 τοῖς
706 5121 958 5192 ἀδελφοῖς
977 5138 1001 5156 ἐ
1023 5123 1169 5177 ὅπου,
1188 5122 1245 5176 δὲ
1299 5122 1542 5187 διστάζει
1594 5122 1635 5176 ὰ
1668 5122 1949 5194 λογισμὸς,

367 5216 569 5290 ῆύπὲρ
617 5215 717 5287 τὴν
771 5215 1003 5286 δύναμίν
1059 5214 1154 5269 σού
1205 5217 1379 5281 ἐστιν,
1424 5215 1458 5287 ἢ
1521 5215 1644 5287 ἔχον
1704 5215 1953 5287 βλάϐην,

367 5309 569 5371 ἀνάθου
594 5308 672 5381 τῷ
706 5308 852 5381 άϐϐᾷ
884 5326 1003 5377 σου,
1038 5309 1136 5364 καὶ
1161 5308 1511 5382 δδιακρίνει,
1562 5310 1815 5382 ποίησον.
1844 5312 1954 5366 Αὐ-

367 5402 460 5467 τὸς
486 5402 597 5474 γάρ
618 5397 727 5456 οἶδε
752 5401 805 5455 τί
839 5403 1007 5470 ποιεῖ,
1042 5401 1139 5456 καὶ
1199 5401 1318 5467 πῶς
1368 5400 1654 5473 φροντίζει
1706 5420 1801 5457 σου
1850 5403 1952 5472 τῆς

384 5652 396 5668 ἱ
442 5590 465 5620 ε
488 5576 645 5635 Joan.
672 5594 745 5643 \‘l,
776 5579 865 5633 58.

2059 4638 2278 4729 negotio
2308 4654 2688 4726 coniunctum,
2752 4658 2848 4704 aut
2886 4645 3032 4717 quod
3055 4643 3284 4698 excedat
3323 4650 3444 4695 tuas
3474 4638 3651 4702 vires;

2056 4728 2282 4808 rursum
2313 4747 2565 4802 abbatem
2598 4751 2754 4796 tuum
2796 4741 3097 4807 interroga,
3129 4744 3184 4790 et
3212 4748 3334 4805 quae
3371 4731 3504 4787 dicit
3531 4728 3652 4793 tibi,

2058 4844 2200 4899 lac:
2253 4840 2300 4895 si
2365 4836 2509 4893 enim
2559 4834 2697 4889 velis
2759 4846 2869 4886 non
2918 4829 3096 4883 solum
3150 4841 3262 4890 res,
3325 4823 3421 4880 sed
3483 4823 3649 4875 etiam

2057 4935 2309 4992 homines
2336 4932 2609 5002 judicare,
2664 4923 3079 4980 tribulationem
3114 4917 3210 4973 tibi
3243 4916 3347 4986 ipsi
3378 4927 3651 4969 accerses.

2064 5027 2170 5084 Sed
2197 5025 2291 5081 ubi
2318 5022 2588 5078 videbitur
2606 5019 2811 5073 bonum
2842 5027 2964 5069 esse
2992 5009 3293 5082 negotium,
3326 5006 3401 5060 ibi
3428 5004 3655 5058 ostende

2064 5118 2434 5177 obedientiam
2483 5112 2749 5168 fratribus
2799 5109 2931 5165 tuis.
2994 5104 3101 5162 Sed
3138 5103 3230 5159 ubi
3271 5098 3530 5171 cogitatio
3559 5105 3654 5151 tua

2064 5212 2412 5276 distrahitur,
2459 5215 2556 5262 aut
2595 5205 2742 5259 vires
2802 5211 2923 5256 tuas
2977 5194 3216 5260 excedit,
3260 5201 3356 5247 aut
3388 5191 3652 5245 damnum

2065 5310 2240 5374 aliert,
2271 5301 2617 5362 communica
2653 5312 2780 5355 cum
2805 5295 3000 5350 abbate
3030 5299 3147 5354 tuo,
3189 5296 3243 5342 et
3277 5283 3420 5356 quod
3454 5280 3655 5374 dijudi:

2069 5369 2237 5467 cabit,
2282 5399 2469 5455 facito.
2531 5393 2651 5466 Ipse
2678 5391 2824 5449 enim
2857 5386 2960 5445 scit
3018 5380 3150 5453 quid
3177 5376 3361 5444 faciat,
3409 5369 3655 5447 etquid

1680 5720 1916 5777 VARI/IS
1949 5718 2351 5777 ιΕεΤιοδΕε.

444 5856 489 5891 ⁸⁸
518 5859 731 5916 Dictum
778 5856 1078 5916 Platonice.
