4062 6452
375 442 508 510 1821
532 471 534 474 ν

1681 441 2065 514 BOCTRINA
2123 452 2320 514 XXII.

3517 441 3652 504 18%;!

371 579 467 618 σου
501 563 537 634 ἡ
572 561 753 632 χρεία,
804 561 898 616 καὶ
943 561 1006 616 οὐ
1046 561 1273 618 δύνασαι
1324 563 1550 618 καθίσαι
1597 565 1672 637 μὴ
1705 566 1951 638 τρώγων,

2061 576 2116 626 et
2140 584 2249 624 non
2287 574 2443 638 potes
2477 563 2823 622 ‘scdere’non
2847 562 3162 628 comedens,
3195 573 3376 630 surge.
3417 559 3526 613 Sed
3561 574 3650 613 se—

370 653 601 708 ἀνάστω
626 651 691 706 τδ
715 653 775 706 δὲ
799 652 1023 708 καθίσαι
1062 653 1156 707 καὶ
1203 654 1279 725 μὴ
1314 655 1544 723 φαγεῖν,
1578 655 1766 727 μεῖζον
1793 656 1958 711 αὐτοῦ

370 745 510 797 ἐστι·
550 745 612 796 τὸ
641 743 699 797 δὲ
727 745 1048 798 ἅπεκτεῖναι
1093 743 1153 798 τὸ
1199 744 1416 814 βουκίον
1434 745 1490 779 ³⁷
1522 739 1618 799 σου
1651 746 1862 810 εἰς’ὅλνα
1890 747 1960 802 τὰ

369 835 573 908 tonsa,
600 835 820 890 κάλλιον
851 836 960 890 τῶν
981 835 1085 890 ’δύο
1103 837 1284 890 ἐστίν.

963 972 1289 1043 Ἐρώτησις
1317 973 1382 1028 θ’.

441 1105 512 1160 Τί
533 1106 746 1178 ποιήσω
769 1105 850 1160 ὅτι
876 1105 1147 1178 φοϐοῦμαι
1173 1106 1270 1176 τὴν
1296 1104 1562 1177 αἰσχύνην
1587 1106 1689 1177 τῆς
1708 1106 1954 1176 ἀτιμίας,

371 1196 465 1252 καὶ
498 1199 578 1261 είς
607 1197 898 1268 συντυχίαν
935 1197 993 1251 δὲ
1039 1196 1106 1251 ἂν
1138 1196 1364 1268 ἐμπέσω
1403 1197 1543 1268 μετά
1584 1213 1771 1264 τινων,
1813 1196 1957 1250 πάνυ

370 1289 605 1360 ἕλκομαι
647 1291 728 1353 είς
766 1288 957 1361 αὐτὴν,
1000 1288 1094 1343 καὶ
1131 1287 1627 1361 αίχμαλωτίξομαι,
1663 1288 1739 1352 ὡς
1770 1288 1957 1358 σχεδὸν

369 1380 821 1436 ἐπιλανθάνεσθαι
867 1381 1128 1452 ἐμαυτοῦ,
1171 1383 1258 1437 ἀεὶ
1282 1381 1350 1436 δὲ
1377 1382 1472 1436 καὶ
1503 1382 1586 1446 ὡς
1625 1381 1957 1452 αίσχύνομαι

367 1472 584 1540 ἀφεῖναι
616 1469 816 1534 αὐτούς
837 1488 852 1538 ;

1043 1608 1400 1679 Ἀπόκρισις.

449 1745 576 1800 Ἐὰν
615 1744 866 1818 συντείνῃ
914 1746 994 1810 εἰς
1025 1747 1338 1818 οἰκοδομὴν,
1371 1747 1468 1802 καὶ
1505 1747 1568 1802 οὐ
1610 1747 1822 1818 γίνεται
1864 1748 1956 1812 bt-

367 1837 512 1908 κοπὴ
541 1837 972 1909 ἁναγκαιοτέρου
1001 1837 1351 1910 πράγματος,
1389 1838 1549 1909 στῆθι
1587 1839 1700 1904 ἕως
1747 1832 1808 1894 οῦ
1832 1841 1956 1895 δια-

2064 661 2192 716 dere
2235 669 2296 715 et
2327 673 2438 714 non
2469 656 2778 722 cemede're,
2832 655 3013 725 majus
3049 660 3154 708 est.
3223 651 3330 706 Sed
3386 649 3653 722 inti-agere

2062 751 2365 808 buccellam
2399 759 2547 806 tuam
2577 749 2632 804 in
2666 749 2860 804 omnia
2894 745 3151 810 obsonia,
3177 742 3264 799 his
3293 741 3508 798 duobus
3537 755 3654 797 me-

2062 843 2170 900 lius
2200 853 2303 900 est.

2645 969 3004 1042 Interrogatio
3034 968 3089 1024 9.

2129 1109 2528 1182 Quid‘faciam,
2584 1110 2711 1181 quia
2753 1111 2918 1163 timeo
2959 1105 3224 1178 pudorem
3251 1099 3650 1169 contemptus!

2059 1215 2115 1262 et
2163 1206 2211 1262 si
2261 1207 2483 1276 quando
2534 1217 2662 1260 cum
2728 1201 3007 1272 aliquibus
3071 1209 3402 1268 congressus
3453 1193 3640 1255 inero,

2060 1311 2287 1368 prorsus
2341 1296 2520 1352 incido
2578 1293 2635 1348 in
2663 1307 2786 1348 eum
2825 1300 2879 1345 et
2907 1290 3154 1359 captivus
3206 1287 3296 1351 ﬁo,
3358 1294 3417 1341 ut
3475 1284 3645 1339 ferme

2059 1387 2354 1444 obliviscar
2404 1386 2510 1442 mei
2542 1383 2740 1456 ipsius,
2787 1390 2843 1436 et
2878 1391 3055 1436 tamen
3091 1394 3283 1436 vereor
3313 1394 3408 1435 eos
3453 1376 3642 1433 dimit-

2060 1477 2212 1533 tere?

2699 1605 3008 1675 Responsio.

2129 1744 2191 1800 Si
2218 1744 2284 1800 ad
2306 1741 2720 1800 mdilicationem
2759 1739 2893 1796 facit
2930 1747 2986 1795 et
3015 1751 3124 1793 non
3160 1733 3452 1805 impeditur
3473 1731 3646 1801 magis

2057 1835 2432 1892 necessarium
2508 1831 2787 1904 negotium
2813 1873 2830 1899 ,
2883 1844 3047 1884 mane
3091 1823 3341 1897 quandiu
3375 1820 3648 1890 colloqui-

365 1928 604 1998 λέγεται’
653 1931 700 1982 εί
731 1928 788 1982 δὲ
837 1909 1094 2001 ἀνόνητός
1147 1932 1316 1998 ἐστιν,
1362 1932 1513 1986 εἰπέ·
1568 1931 1950 2005 Συγχώρησον,

2057 1935 2174 1982 tur:
2211 1925 2258 1982 si
2288 1939 2418 1980 vero
2445 1922 2764 1993 imprudens
2817 1929 2903 1974 est
2963 1916 3296 1987 colloquium
3321 1955 3337 1982 ,
3369 1913 3458 1967 die
3485 1930 3498 1965 :
3545 1909 3650 1978 ,οἰ-

364 2021 478 2092 ἐγὼ
528 2011 669 2086 τέως
711 2023 950 2095 ἀσθενής
993 2026 1128 2096 είμι.
1165 2025 1304 2095 Περὶ
1345 2024 1402 2077 δὲ
1435 2024 1536 2096 τῆς
1565 2024 1831 2098 αἰσχύνης
1869 2027 1956 2080 ὲν-

365 2113 476 2168 νόει
500 2113 898 2185 προπάνδημον
921 2113 1013 2168 ἐπὶ
1041 2114 1136 2169 τοῦ
1170 2116 1378 2188 Κυρίου
1406 2116 1708 2188 μέλλουσαν
1725 2119 1955 2176 ἔσεσθαι

363 2208 480 2271 τοῖς
519 2207 886 2280 ἁμαρτωλοῖς,
934 2209 1030 2263 καὶ
1069 2210 1171 2282 τὴν
1215 2211 1550 2285 πρόσκαιρον
1572 2213 1705 2269 ἀντ’
1742 2213 1955 2278 οὒδενὸς

363 2300 591 2371 ἥγησαι·

871 2433 1292 2490 ΔΙΔΑΣΚΑΛΙΑ
1321 2436 1454 2491 KB’.

365 2548 480 2606 Τοῦ
503 2548 691 2620 αὑτοῦ
709 2548 884 2620 ἁγίου
907 2549 1227 2619 Δωροθέου,
1247 2551 1536 2619 ἑρμηνεία
1551 2549 1734 2606 τινῶν
1751 2551 1954 2620 ῥητῶν

431 2620 539 2675 τοῦ
566 2615 1139 2693 αγίουΤρηγορίου,
1177 2615 1594 2693 Δψαξλζιίομὲνων
1625 2615 1781 2693 μετᾶ
1817 2615 1952 2692 τρο-

429 2690 662 2758 «cpitur
692 2691 780 2756 εἰς
805 2689 872 2744 τὸ
903 2691 1080 2760 ἅγιον
1099 2690 1340 2761 Πάσχα.

428 2805 511 2859 A'.
556 2804 762 2870 Ἦδέως
795 2805 1021 2860 ἐλάλουν
1070 2805 1200 2877 ὑμῖν
1243 2805 1400 2876 ὀλίγα
1424 2805 1553 2879 περὶ
1583 2807 1692 2861 τῶν
1719 2805 1951 2878 ψαλμῶν

357 2889 436 2952 ὧν
461 2894 759 2968 ψάλλομεν,
795 2897 884 2952 ἵνα
915 2896 990 2969 μὴ
1024 2898 1572 2969 ἀπομετεωρίζεσθαι
1596 2899 1733 2970 πρὸς
1761 2897 1822 2951 τὸ
1850 2896 1950 2968 μέ-

357 2991 471 3055 )ος,
497 2989 612 3042 ἀλλ’
639 2989 727 3043 ἵνα
757 2990 855 3044 καὶ
884 2989 1051 3053 αὐτὸς
1085 2991 1113 3044 ὁ
1143 2990 1268 3056 νοῦς
1297 2992 1452 3061 ὑμῶν
1487 2990 1630 3046 κατὰ
1659 2989 1952 3058 ἀναλογίαν

359 3079 799 3153 συμπεπύρωται
829 3083 897 3154 τῇ
927 3081 1158 3154 δυνάμει
1189 3083 1298 3138 τῶν
1327 3083 1522 3152 λόγων.
1549 3082 1614 3136 Τί
1643 3081 1950 3152 ἐψάλλομεν

357 3171 521 3242 ἄρτις
567 3167 947 3238 Ἀναστάσεως
993 3173 1199 3246 hut-Sper
1235 3175 1754 3246 καρποφορήσωμεν
1801 3173 1949 3244 ἡμᾶς

356 3265 573 3329 αὐτούς.
615 3266 835 3338 Ἐπειδὴ
863 3267 925 3321 τὺ
954 3267 1185 3323 παλαιὸν
1214 3269 1263 3321 οἱ
1285 3267 1392 3321 υἱοὶ
1427 3265 1641 3338 Ἰσραὴλ
1666 3267 1881 3337 ἑορταῖς
1913 3265 1945 3336 ἦ
1976 3293 2018 3350 C

355 3360 478 3423 ταῖς
507 3358 846 3430 πανηγύρεσι
891 3359 1232 3430 προσέφερον
1283 3359 1431 3430 δῶρα
1472 3356 1552 3428 τῷ
1582 3356 1773 3428 Κυρίῳ
1806 3355 1950 3410 κατὰ

355 3449 541 3521 νόμον,
564 3444 697 3516 οἷον,
723 3449 937 3519 θυσίας,
959 3447 1398 3517 ὁλοκαυτώματα,
1421 3449 1702 3521 ἀπαρχὰς,
1730 3448 1824 3501 καὶ
1849 3448 1949 3499 ὅσα

355 3542 602 3596 τοιαῦτα*
635 3543 897 3613 παραινεῖ
927 3543 1056 3614 ὑμῖν
1091 3543 1120 3596 ὁ
1151 3541 1306 3613 ἅγιος
1343 3541 1645 3613 Γρηγόριος
1690 3540 1946 3609 ἑορτάσαι

355 3629 545 3701 ὥσπερ
572 3632 771 3684 ἐκεῖνοι
800 3630 879 3702 τῷ
906 3630 1122 3702 Κυρίῳ,
1154 3632 1247 3684 καὶ
1278 3629 1717 3702 παρακελεύεται
1751 3629 1945 3697 λέγων·

367 3721 746 3784 Ἀναστάσεως
770 3720 973 3792 ἡμέρα’
1022 3721 1164 3789 ἀντὶ,
1193 3722 1290 3792 τῆς
1330 3722 1496 3790 ἁγίας
1523 3721 1716 3790 ἑορτῆς
1747 3721 1948 3790 ἡμέρα,

355 3812 508 3875 θείας
550 3812 913 3882 πανηγύρεως
957 3813 1160 3882 ἡμέρα,
1211 3812 1304 3864 τοῦ
1341 3810 1538 3882 Πάσχα
1582 3811 1675 3863 τοῦ
1708 3811 1946 3880 Χριστοῦ

353 3900 558 3973 ἡμέρα.
589 3901 656 3954 Τί
686 3904 804 3973 ἐστι
833 3901 1024 3969 Πάσχα
1042 3899 1287 3972 ’Χριστοῦ
1313 3919 1328 3966 ;
1363 3902 1437 3954 Τὸ
1469 3901 1649 3970 Φασὲχ
1683 3901 1947 3967 ἐποίησαν

355 3970 479 4046 ύίοὶν
497 3991 734 4063 Ἰσραὴλ,
771 3970 860 4045 bere
894 3970 1116 4062 ἐξῆλθον
1146 3993 1211 4046 ἐκ
1234 3993 1335 4059 τῆς
1359 3993 1658 4062 Αἰγύπτου·
1684 3993 1744 4046 τὸ
1770 3993 1826 4046 δὲ
1852 3993 1948 4046 νῦν

355 4084 549 4155 Πάσχα
591 4084 619 4137 ὃ
649 4084 1022 4156 προτρέπεται
1050 4085 1200 4154 ἡμᾶς
1245 4086 1273 4137 ὁ
1306 4084 1463 4152 ἅγιος
1491 4084 1797 4155 Γρηγὸριος
1827 4086 1947 4156 ἑορ-

355 4175 540 4241 τάσαι,
574 4177 606 4248 ἡ
632 4175 776 4248 ψυχὴ
812 4175 1070 4241 ἐπιτελεῖ,
1097 4177 1129 4250 ἢ
1158 4175 1440 4248 ἐξέρχεται
1478 4176 1586 4230 ἀπὸ
1618 4177 1718 4247 τῆς
1747 4177 1948 4248 νοητῆς

356 4268 653 4338 Αἰγύπτου,
693 4268 837 4322 τοῦτ’
873 4268 1010 4333 ἐστι,
1046 4269 1146 4339 τῆς
1186 4269 1482 4340 ἁμαρτίας.
1517 4269 1651 4323 Ὅτε
1681 4270 1796 4338 γὰρ
1831 4269 1947 4323 δια-

357 4359 532 4413 ϐαίνει
559 4360 593 4430 ἡ
623 4358 767 4431 ψυχὴ
799 4359 908 4414 ἀπὸ
944 4358 1044 4429 τῆς
1070 4359 1349 4432 ἁμαρτίας
1398 4360 1534 4431 πρὸς
1573 4361 1674 4432 τὴν
1722 4361 1944 4434 ἀρετὴν,

354 4449 478 4505 τότε
515 4452 661 4505 ποιεῖ
689 4450 750 4505 τὸ
770 4450 949 4521 Φασὲχ
985 4450 1066 4522 τῷ
1108 4451 1324 4523 Κυρίῳ,
1357 4452 1434 4516 ὡς
1469 4450 1623 4507 εἷπεν
1652 4452 1944 4530 Εύάγριος.

357 4543 550 4614 Πάσχα
593 4541 825 4615 Κυρίου,
867 4540 1118 4608 διάϐασις
1160 4543 1269 4597 ἀπὸ
1303 4545 1524 4610 κακίας.
1572 4547 1822 4620 Σήμερον
1855 4543 1947 4600 οὖν

2055 2014 2212 2071 mitte
2267 2029 2375 2080 me,
2424 2027 2526 2085 ego
2561 2009 2850 2066 imbecillis
2896 2023 3041 2063 sum.
3092 2005 3400 2076 De-pudore
3435 2010 3641 2065 autem,

2057 2106 2237 2178 cogita
2266 2117 2618 2161 communem
2642 2103 2697 2157 in
2721 2100 2976 2164 Domino,
3008 2099 3105 2168 qui
3135 2097 3239 2151 erit
3267 2096 3322 2149 in
3352 2089 3650 2165 peccatori~

2055 2199 2196 2256 bus:
2220 2207 2276 2255 et
2303 2196 2663 2268 temporalem
2696 2195 2852 2251 illum
2885 2200 3200 2250 contemne.

2580 2411 2931 2472 noenum
2962 2367 3160 2467 xxu.

2055 2533 2338 2602 Expositio
2368 2533 2601 2603 ejusdem
2645 2531 2817 2586 sancti
2847 2529 3102 2584 Dorothei
3141 2528 3197 2582 in
3219 2527 3462 2597 quwdam
3499 2527 3647 2603 dicta

2127 2597 2367 2674 Gregorii
2388 2597 2729 2657 Nazianzeni
2765 2616 2957 2674 :_qua:_
2978 2607 3230 2654 cantatur
3258 2614 3364 2667 ’ρον
3397 2597 3646 2652 modulos

2003 2697 2012 2704 ι
2127 2671 2384 2745 quosdam
2413 2675 2482 2728 ad
2518 2684 2762 2728 sanctum
2799 2671 3026 2725 Pascha.

2114 2773 2169 2842 ³1.
2220 2788 2370 2845 Libet
2395 2788 2548 2856 mihi,
2586 2787 2804 2852 fratres,
2831 2802 3005 2858 pauca
3038 2783 3290 2858 quaedam
3323 2783 3390 2838 de
3407 2781 3647 2839 Psalmis

2057 2898 2164 2938 non
2195 2882 2460 2938 inutiliter
2509 2882 2667 2937 vobis
2696 2880 2911 2944 afferre,
2943 2887 3002 2935 ut
3031 2894 3141 2934 non
3175 2878 3297 2934 sitis
3339 2886 3550 2932 tantum
3579 2878 3648 2932 ad

2054 2984 2249 3031 cantus
2275 2976 2599 3031 suavitatem
2619 2973 2836 3036 intenti,
2865 2971 2958 3028 sed
2986 2980 3039 3028 et
3058 2972 3242 3027 omnis
3258 2987 3412 3028 mens
3428 2987 3650 3043 quoque

2052 3079 2253 3134 vestra,
2289 3078 2351 3124 ut
2376 3084 2474 3140 par
2505 3077 2608 3133 est,
2642 3068 2940 3122 incalescat
2966 3067 3019 3122 in
3071 3067 3274 3123 virtute
3306 3082 3645 3123 sermonum.

2055 3161 2196 3228 Quid
2235 3163 2402 3233 igitur
2431 3162 2485 3217 id
2539 3170 2624 3218 est
2650 3161 2797 3234 quod
2832 3176 2977 3216 nunc
3009 3160 3330 3232 psallimus?
3381 3159 3648 3216 Resurre-

2053 3254 2250 3310 ctionis
2283 3255 2448 3311 hodie
2498 3255 2616 3310 dies
2668 3265 2752 3311 est
2793 3274 2807 3311 :
2858 3253 3169 3310 Otferamus
3208 3269 3312 3310 nos
3352 3254 3504 3324 ipsos
3535 3255 3650 3325 pri-

2052 3348 2237 3403 mitias
2273 3347 2405 3404 Deo.
2464 3349 2941 3415 Quemadmodum
2967 3348 3110 3417 apud
3141 3347 3381 3417 majores
3425 3357 3649 3401 nostros

2052 3440 2148 3494 ﬁlii
2175 3440 2342 3497 Israel
2374 3441 2427 3496 in
2460 3433 2906 3498 solemnitatibus
2935 3443 3022 3496 vel
3067 3438 3414 3512 panegyricis
3455 3439 3650 3496 oti’ere-

2053 3534 2184 3590 bant
2239 3533 2385 3590 dona
2434 3533 2668 3591 Domino
2699 3535 3002 3590 secundum
3029 3534 3226 3604 legem,
3265 3541 3453 3603 utpote
3478 3533 3650 3589 sacri-

2053 3627 2195 3692 ﬁcia,
2236 3626 2580 3691 holocausta,
2653 3626 2928 3697 primitias
2976 3634 3030 3681 et
3083 3627 3188 3681 alia
3235 3625 3646 3694 hujuscemodi:

2052 3719 2128 3774 ita
2157 3727 2261 3774 nos
2292 3719 2455 3774 hodie
2504 3720 2871 3775 admonemur
2907 3733 2938 3773 ιι
2981 3719 3143 3774 beato
3181 3717 3448 3790 Gregorio
3491 3718 3647 3788 juxta

2051 3826 2243 3866 eorum
2310 3827 2543 3875 morem,
2581 3812 2985 3868 solemnitatem
3045 3825 3206 3881 agerc
3261 3809 3546 3865 Domino:
3596 3824 3649 3862 ιιι

2051 3903 2350 3970 generatim
2410 3903 2671 3957 omnibus
2724 3902 3126 3958 solemnitatem
3185 3902 3400 3967 indicit,
3458 3911 3514 3956 et
3538 3903 3640 3954 ait:

2050 3991 2497 4049 Resurrectionis
2535 3995 2652 4049 dies
2679 4003 2784 4060 est,
2806 3994 2911 4047 hoc
2934 4002 3037 4058 est,
3070 3993 3184 4048 dies
3210 4001 3414 4048 sanctae
3440 3993 3645 4048 solem-

2050 4085 2260 4150 nitatis,
2304 4085 2420 4140 dies
2451 4085 2650 4140 divinm
2681 4085 3057 4150 mercationis,
3087 4085 3202 4140 dies
3238 4085 3484 4152 Paschaa,
3526 4086 3644 4144 dies
3683 4083 3711 4111 ’

2049 4175 2275 4232 Christi.
2325 4176 2465 4242 Quid
2502 4185 2586 4232 est
2618 4177 2820 4246 pascha
2850 4174 3094 4233 Christi?
3157 4175 3335 4232 Pbase
3394 4177 3645 4234 fecerunt

2049 4268 2146 4322 ﬁlii
2173 4267 2361 4334 Israel,
2394 4285 2520 4325 cum
2548 4269 2758 4324 exirent
2789 4284 2856 4325 ex
2891 4267 3150 4342 Egypto.
3183 4268 3434 4326 Praesens
3459 4280 3644 4326 autem

2051 4361 2267 4417 Pascha
2339 4361 2485 4433 quod
2559 4376 2661 4418 nos
2725 4361 2976 4417 hortatur
3049 4371 3272 4418 sanctus
3345 4361 3646 4435 Gregorius

2050 4454 2326 4510 celebrare
2352 4496 2368 4521 ,
2411 4455 2598 4510 anima
2650 4464 2800 4510 recte
2861 4453 3102 4510 celebrat
3155 4465 3211 4512 et
3248 4455 3482 4525 perlicit,
3518 4470 3642 4512 cum

2049 4547 2326 4618 egreditur
2349 4562 2379 4602 a
2397 4547 2820 4619 cogitationibus
2837 4547 3082 4619 Egypti,
3111 4550 3216 4604 hoc
3232 4561 3314 4607 est
3344 4565 3373 4604 a
3395 4558 3644 4620 peccato.

354 4633 547 4705 Πάσχα
568 4635 802 4706 Κυρίου,
830 4634 1094 4707 λαμπρᾶς
1123 4635 1318 4708 ἑορτῆς
1343 4637 1551 4708 ἡμέρα,
1580 4640 1682 4709 τῆς
1709 4640 1948 4710 Χριστοῦ

2056 4636 2286 4705 Quoties
2329 4640 2480 4695 enim
2539 4640 2846 4710 digreditur
2889 4643 3074 4697 anima
3122 4659 3153 4697 a
3184 4642 3498 4714 peccatoad
3527 4642 3645 4698 vir-

354 4727 709 4790 ἀναστάσεως
757 4727 967 4799 ἡμέρα,
1006 4726 1101 4781 τοῦ
1137 4727 1240 4799 τὴν
1271 4729 1550 4800 ἁμαρτίαν
1589 4730 1947 4804 ἀνασταυρώ-

357 4831 573 4885 σαντος,
597 4817 692 4873 καὶ
727 4818 867 4889 ὑπὲρ
889 4817 1048 4889 ἡμῶν
1066 4817 1442 4884 ἀποθανόντος
1473 4821 1569 4874 καὶ
1587 4823 1944 4887 ἀναστάντος.

354 4911 822 4986 Προσενέγκωμεν
839 4903 934 4965 οῦν
956 4911 1051 4966 καὶ
1071 4912 1234 4982 ἡμεῖς
1254 4910 1406 4984 δῶρα
1424 4912 1502 4983 τῷ
1519 4914 1711 4986 Κυρίῳ
1729 4913 1944 4980 θυσίας,

355 5003 748 5068 ὁλοκαυτώσεις
770 5042 788 5068 ,
834 5001 910 5074 μὴ
961 5001 1176 5071 ἀλόγων
1230 5001 1418 5070 ζώων,
1472 4994 1548 5057 ὧν
1597 5006 1835 5076 Χριστὸς
1885 5008 1945 5060 οὐ

359 5092 630 5164 βούλεταιο
678 5090 870 5145 θυσίαν
916 5090 1028 5161 γὰρ
1073 5091 1175 5145 καὶ
1217 5093 1539 5165 προσφορὰν
1581 5094 1800 5165 ἀλόγων
1847 5097 1950 5151 οὐκ

356 5182 606 5254 ἐθέλησε,
641 5183 738 5235 καὶ
784 5179 1214 5251 ὁλοκαυτώματα
1255 5181 1476 5252 μόσχων
1523 5183 1618 5237 καὶ
1661 5187 1950 5257 προϐάτων

2053 4738 2249 4798 tutem,
2307 4731 2468 4788 toties
2517 4732 2752 4788 Domino
2809 4732 3057 4790 celebrat
3093 4732 3272 4791 Pbase
3340 4736 3424 4807 (at
3454 4735 3646 4791 aiebat

2054 4822 2371 4896 Evagrius).
2434 4824 2648 4881 Pascha
2683 4825 2903 4881 Domini
2931 4829 3157 4899 proprie
3193 4829 3466 4899 digressio
3493 4838 3579 4884 est
3611 4845 3644 4882 a

2054 4917 2222 4990 m
2247 4916 2414 4972 malo.
2441 4917 2623 4974 Hodie
2642 4918 3044 4990 igitur-Pascha
3084 4919 3301 4977 Domini
3331 4931 3435 4986 est,
3453 4920 3646 4991 splen-

2055 5007 2201 5063 didae
2215 5007 2585 5084 εοιοιιιιιὶιιιὶε
2617 5009 2760 5078 dies,
2806 5009 3253 5068 Resurrectionis
3267 5011 3475 5066 Christi
3498 5011 3642 5074 dies,

2047 5099 2142 5170 qui
2169 5107 2458 5170 peccatum
2511 5110 2766 5156 nostrum
2819 5103 3192 5168 crucitaﬂixit,
3241 5111 3302 5158 et
3342 5117 3451 5173 pro
3481 5102 3646 5158 nobis

2048 5202 2300 5247 mortuus
2325 5200 2408 5247 est
2422 5203 2479 5248 et
2510 5194 2838 5249 resurrexit.
2871 5194 3178 5252 Oﬁeramus
3211 5195 3381 5266 igitur
3408 5194 3648 5250 Domino

355 5277 460 5329 οὐκ
497 5273 784 5344 εύδόκησε.
836 5273 951 5327 Καὶ
983 5273 1216 5336 Ἡσαΐας
1255 5269 1425 5343 λέγει’
1478 5275 1542 5329 Τί
1578 5295 1683 5346 μοι
1716 5279 1951 5347 πλῆθος

2055 5290 2104 5338 et
2157 5298 2260 5339 nos
2309 5284 2604 5349 sacriﬁcia,
2661 5285 2984 5342 botocausta
3020 5301 3131 5342 non
3177 5285 3639 5343 irrationabilium

356 5363 476 5418 τῶν
497 5363 724 5418 θυσιῶν
745 5360 951 5433 ῠμῶν;
974 5362 1139 5431 λέγει
1162 5362 1396 5431 Κύριος,
1429 5365 1522 5419 καὶ
1553 5366 1622 5421 τὰ
1643 5367 1790 5439 ἑξῆς,
1811 5370 1949 5424 Ἀλλ’

356 5457 485 5511 ἐπεὶ
510 5457 540 5512 6
564 5455 785 5528 -Ἂμνδς
809 5454 901 5509 τοῦ
927 5454 1066 5509 Θεοῦ
1087 5454 1254 5527 ἐτύθη
1291 5456 1434 5528 ὑπὲρ
1470 5457 1649 5529 ημῶν,
1685 5460 1830 5514 κατὰ
1855 5461 1948 5516 τὸν

360 5549 684 5606 Ἀπόστολον
703 5549 954 5619 λέγοντα·
974 5549 1086 5604 Καὶ
1111 5547 1224 5619 γὰρ
1249 5549 1316 5604 τὸ
1336 5549 1556 5621 Πάσχα
1579 5551 1751 5621 ἡμῶν
1764 5555 1946 5624 ἐτύθη

2055 5375 2380 5430 animalium
2406 5414 2423 5440 ,
2475 5377 2664 5446 qualia
2721 5393 2834 5433 non
2892 5379 3097 5449 appetit
3159 5378 3304 5434 Deus
3354 5394 3393 5433 .a
3455 5377 3637 5434 nobis.

2059 5465 2400 5522 Sacriﬁcium
2431 5468 2584 5522 enim
2620 5478 2674 5523 et
2727 5469 3061 5526 oblationem
3118 5471 3402 5527 beatorum
3464 5471 3642 5526 notuit

2056 5558 2358 5626 Dominus,
2388 5570 2443 5615 et
2486 5560 2807 5619 holocausta
2840 5563 3136 5619 vitulorum
3173 5573 3229 5620 et
3281 5563 3473 5619 ovium
3527 5577 3644 5617 nou

1651 5731 1888 5787 VARle
1947 5732 2357 5798 LECTIONES.

433 5908 482 5944 “'
507 5909 755 5967 Βουκίον.
794 5909 928 5970 Vide
957 5927 1127 5984 supra
1165 5921 1349 5971 notam
1379 5915 1446 5972 ad
1472 5911 1658 5968 Dom.
1695 5911 1788 5983 Xl,
1817 5914 1850 5984 ξ
1879 5915 1930 5971 8.
