4062 6406
453 358 594 426 1823

1650 377 1714 442 S.
1785 380 2177 446 DOROTHEI
2214 389 2534 457 ABBATIS

3599 406 3718 477 182i

446 472 724 543 probavit,
756 484 821 532 ut
848 477 925 533 ait
948 475 1150 537 Isaias:
1207 481 1350 548 Quid
1394 486 1523 541 mihi
1562 489 1854 545 multitudo
1877 495 2035 547 sacri-

2146 500 2424 570 Χριστὸς,
2477 506 2564 561 ῖνα
2603 507 2712 580 ἄρῃ
2750 507 3166 584 τὴνρμαρτίαν
3204 515 3296 570 τοῦ
3336 517 3571 589 κόσμου,
3598 521 3704 576 xal'

437 566 699 647 ‘ficiorum
731 579 1022 627 uestrarum
1053 574 1117 628 οἳ
1156 575 1234 631 ait
1260 575 1545 637 Dominus.
1618 580 1727 639 Sed
1777 587 2044 656 quoniam

442 660 839 719 'immaculatus
866 663 961 721 Dei
999 666 1188 738 Agnus
1225 670 1566 730 sacriﬁcatus
1604 689 1707 745 pro
1743 677 1905 733 nobis
1942 688 2047 745 est,

453 758 516 807 ut
539 752 617 808 ait
646 753 940 825 Apostolus
965 776 979 814 :
1010 757 1224 814 Etenim
1247 758 1458 818 Pascha
1476 774 1716 820 nostrum
1739 768 2047 826 immolatus

442 855 520 901 est
557 844 802 901 Christus
832 846 1132 915 f,uttollat
1158 864 1448 922 peccatum
1480 856 1673 911 mundi
1697 874 1723 925 ;.
1745 867 1839 915 et:
1874 860 2047 916 Male-

448 937 653 992 dictum
673 955 768 1008 pro
793 932 942 994 nobis
973 943 1151 1011 factus
1184 956 1282 1011 est,
1305 947 1469 1017 juxta
1490 949 1629 1017 quod
1654 954 1909 1022 scriptum
1924 964 2039 1009 est:

451 1028 778 1086 Haledictus
803 1036 1077 1108 omnisqui
1085 1037 1274 1106 pendet
1298 1041 1353 1094 in
1373 1041 1558 1112 ligno:
1592 1051 1761 1099 ulnos
1789 1046 2038 1104 liberaret

2147 590 2389 661 Κατάρα
2408 594 2562 666 ὑπὲρ
2586 597 2756 668 ἡμῶν
2783 601 3014 672 γέγονε,
3040 605 3193 659 κατὰ
3216 606 3281 660 τὸ
3305 608 3720 679 γεγραμμένοι-ο

2160 681 2628 757 Ἐπικατάρατος
2684 692 2807 760 πᾶς
2864 697 2899 749 ὁ
2956 697 3327 768 κρεμάμενος
3370 700 3472 754 ἐπὶ
3520 700 3719 763 ξύλον·

2146 772 2248 828 ἵνα
2283 776 2445 847 ἡμᾶς
2474 780 2817 855 ἐξαγοράσῃ
2847 787 2919 841 ἐκ
2947 787 3057 858 τῆς
3088 791 3355 862 κατάρας
3383 792 3491 847 τοῦ
3520 791 3720 864 νόμον,

2147 866 2263 933 καὶ,
2319 870 2422 924 ἵνα
2480 874 2790 932 υἱοθεσίαν
2826 879 3246 952 ἀπολάϐωμεν·
3301 885 3594 955 ὀφείλομεν
3636 887 3722 942 καὶ

2145 959 2309 1030 ἡμεῖς
2358 963 2414 1017 τί
2482 982 2613 1021 ποτε
2667 969 2905 1041 ἀρέσκον
2957 974 3110 1045 αὑτῷ
3151 978 3518 1048 προσενέγκαι
3561 978 3723 1049 δῶρον

2143 1051 2333 1122 ήμῶν-

448 1136 482 1174 α
512 1123 794 1235 ηιαίεαίοιο
818 1124 1023 1235 legitis,
1052 1137 1107 1184 et
1140 1146 1156 1185 :
1194 1128 1265 1185 Ut
1304 1134 1545 1203 ﬁliorum
1581 1135 1922 1208 adoptionem
1953 1144 2302 1214 reciperemus
2332 1148 2401 1202 ιιι
2438 1151 2705 1212 debemus
2754 1166 2810 1213 et
2840 1173 2943 1215 nos
2971 1159 3051 1216 illi
3101 1160 3215 1232 jam
3272 1176 3474 1216 munus
3515 1162 3735 1235 aliquod

444 1212 593 1282 quod
619 1214 851 1284 placeat,
887 1217 1105 1276 oli‘erre.

519 1305 584 1359 ll.
646 1306 754 1362 Sed
782 1324 908 1364 cum
957 1311 1253 1369 brutornm.
1299 1316 1571 1372 sacriﬁcia
1616 1327 1864 1389 spernat,
1898 1321 2045 1390 quod

443 1413 671 1465 munus,
701 1401 848 1471 quod
872 1403 1077 1459 donum
1100 1407 1317 1476 placere
1349 1409 1427 1464 illi
1454 1412 1687 1479 poterit?
1751 1412 2046 1471 Docetnos

445 1491 611 1548 divus
651 1492 950 1565 Gregorius
982 1499 1145 1568 quale
1170 1500 1466 1558 oll‘eramus
1489 1503 1716 1569 donum,
1748 1515 1803 1560 et
1835 1507 1947 1561 ait:
1985 1507 2043 1563 In

444 1584 537 1639 die
570 1591 998 1648 resurrectionis
1050 1607 1154 1648 nos
1182 1594 1332 1665 ipsos
1366 1597 1599 1651 Domino
1628 1599 1901 1668 primitias
1932 1599 2045 1657 Do-

448 1678 601 1734 mino
635 1680 952 1739 oﬂ‘eramus.
1018 1687 1177 1753 Quod
1233 1690 1526 1745 conﬁrmat
1564 1691 1879 1762 Apostolus,
1915 1710 2040 1749 cum

446 1771 584 1828 dicit
640 1792 654 1829 :

445 1868 675 1922 hostiam
704 1879 967 1935 sanctam,
987 1872 1220 1928 hostiam
1243 1875 1666 1941 immaculatum,
1690 1878 1797 1934 Deo
1823 1879 2037 1948 placen-

446 1974 576 2028 tem,
621 1963 887 2017 rationale
918 1963 1224 2035 obsequium
1278 1977 1509 2021 vestrum
1544 1969 1587 2023 ί.
1620 1969 1908 2036 Quomodo
1938 1973 2040 2044 igi-

445 2070 537 2114 tur
551 2058 1087 2121 debemusexhibere
1101 2074 1332 2130 corpora
1361 2071 1550 2117 nostra
1573 2063 1809 2118 hostiam
1828 2065 2029 2128 vivam.

443 2164 715 2223 sanctam,
742 2154 1137 2225 beneplaeitam
1158 2154 1430 2210 Domino?
1464 2156 1543 2211 Νο
1572 2158 1779 2214 scilicet
1799 2161 2043 2231 amplius

442 2247 713 2302 faciamus
734 2247 1071 2303 voluntatem
1104 2247 1286 2303 carnis
1309 2256 1364 2303 et
1394 2248 1759 2321 cogitationes
1792 2262 2037 2318 nostras,

441 2336 540 2392 sed
568 2345 629 2392 ut
661 2338 855 2407 spiritu
907 2336 1259 2409 ambulemus,
1294 2348 1346 2393 et
1392 2339 1661 2394 desideria
1707 2344 1887 2398 carnis
1934 2360 2040 2399 non

439 2430 812 2500 perﬁciamusl
858 2449 871 2487 :
905 2438 979 2497 et,
1015 2428 1258 2485 Membra
1296 2441 1477 2486 nostra
1498 2434 1876 2504 mortiﬁcemus
1920 2453 2039 2501 qua:

436 2533 562 2578 sunt
580 2539 738 2594 super
768 2531 968 2579 terram
997 2523 1049 2580 ι.
1108 2523 1238 2580 Haac
1269 2534 1353 2581 est
1402 2527 1549 2581 enim
1577 2527 1754 2583 hostia
1799 2529 2033 2587 vivens:

438 2631 568 2671 nam
601 2616 822 2671 victima
877 2616 944 2671 ad
975 2615 1315 2673 sacrificium
1342 2617 1531 2683 ducta,
1580 2618 1727 2674 illico
1761 2630 2038 2676 mactatur

436 2717 494 2763 et
526 2707 784 2763 moritur.
813 2707 1000 2764 Sancti
1032 2716 1215 2764 autem
1242 2710 1342 2764 viri
1372 2712 1503 2765 dum
1541 2712 1815 2782 primitias
1849 2716 2040 2772 viven-

437 2812 521 2857 tes
578 2802 795 2872 seipsos
833 2801 1090 2870 offerunt,
1134 2804 1380 2873 quotidie
1418 2803 1652 2861 Domino
1696 2807 2034 2867 sacriﬁcant.

437 2894 596 2952 Unde
647 2896 724 2951 ait
756 2893 924 2950 David
961 2914 975 2951 :
1021 2895 1288 2963 Quoniam
1326 2894 1545 2969 propter
1571 2908 1619 2954 te
1649 2902 2040 2971 mortiﬁcamur

440 2999 555 3043 tota
591 2989 713 3055 die,
761 2990 1017 3044 teslbnati
1075 3006 1257 3045 sumus
1292 2993 1429 3045 sicut
1488 3009 1604 3047 oves
1662 2995 1947 3048 occisionis
1985 2992 2030 3051 1.

434 3081 505 3137 Et
558 3082 721 3138 divus
754 3081 846 3138 hic
877 3082 1173 3154 Gregorius
1210 3103 1222 3138 :
1276 3083 1556 3141 Primitias
1604 3084 1898 3142 otl‘eramus
1934 3104 2037 3145 nos

435 3174 589 3244 ipsos
623 3174 773 3241 Deo;
809 3174 915 3231 hoc
945 3184 1048 3241 est,
1080 3176 1453 3234 sacriﬁcemus
1476 3193 1575 3233 nos
1606 3179 1758 3248 ipsos
1800 3187 1919 3235 tota
1945 3180 2034 3236 die

432 3268 655 3323 Christo
685 3276 901 3334 nostro,
929 3269 1021 3339 qui
1053 3284 1153 3347 pro
1173 3269 1330 3325 nobis
1355 3282 1604 3326 mortuus
1632 3280 1740 3338 est,
1770 3279 1830 3326 ut
1855 3274 2032 3328 sanati

432 3359 540 3415 viri
572 3376 674 3416 nos
720 3375 821 3416 suo
871 3362 1121 3431 exemplo
1180 3361 1416 3416 invitant
1458 3371 1511 3417 et
1539 3374 1855 3432 provocant.
1907 3363 2030 3431 Quo

428 3462 596 3527 pacto
637 3464 820 3508 autem
871 3469 994 3509 sese
1036 3455 1201 3508 morti
1237 3453 1545 3511 addixere?
1591 3472 1700 3512 non
1750 3457 2030 3528 diligentes

432 3543 641 3600 scilicet
678 3541 956 3609 mundum,
987 3558 1149 3612 neque
1175 3560 1236 3597 ea
1265 3559 1383 3614 qua:
1413 3547 1466 3598 in
1500 3544 1697 3598 mundo
1732 3557 1851 3600 sunt
1874 3557 1935 3613 ³³³,
1971 3556 2033 3604 ut

429 3636 490 3692 in
536 3634 821 3705 catholicis
862 3634 1121 3705 Epistolis
1146 3635 1364 3702 dicitur,
1398 3638 1492 3692 sed
1527 3638 1905 3695 renuntiantes
1937 3639 2031 3695 de-

424 3704 878 3812 sideriiswcarnis,
918 3718 1197 3782 desideriis
1237 3728 1511 3784 oculorum
1555 3741 1604 3785 et
1654 3731 1911 3799 superbia:
1953 3735 2032 3788 vi-

435 3800 554 3878 ιαίηιι
579 3840 596 3890 ;
618 3800 731 3877 Ἰῖοο
757 3833 840 3878 εει
870 3822 1120 3888 luxui-hc,
1151 3822 1397 3877 avarithe
1420 3833 1474 3877 et
1504 3822 1653 3877 inani
1679 3826 1887 3896 gloriae,
1925 3826 2030 3881 tol-

432 3915 609 3970 lentes
645 3930 863 3970 cruccm
892 3923 946 3968 et
990 3912 1266 3971 imitantes
1306 3914 1607 3979 Christum,
1647 3916 2030 3988 cruciﬁgentes

434 4007 542 4063 sibi
589 4006 725 4078 ipsis
764 4006 1027 4061 mundum
1086 4015 1141 4061 et
1184 4007 1396 4078 seipsos
1440 4009 1667 4063 mundo.
1714 4007 1790 4064 De
1833 4010 2032 4080 quibus

431 4104 511 4157 ait
540 4088 835 4172 Apostolus
864 4121 877 4157 :
929 4101 1037 4168 Qui
1063 4111 1241 4156 autem
1268 4110 1391 4156 sunt
1425 4100 1558 4156 Iesu
1586 4100 1808 4167 Christi,
1843 4103 2019 4157 cruci-

431 4192 667 4263 ﬁxerunt
689 4192 793 4247 sibi
822 4208 1034 4247 carnem
1057 4208 1178 4246 cum
1199 4192 1428 4262 peccatis
1454 4201 1505 4246 et
1534 4192 1815 4248 desideriis
1847 4194 1957 4249 suis
1980 4201 2029 4249 ο.

429 4283 512 4339 En
538 4300 649 4356 quo
679 4294 840 4355 pacto
870 4288 930 4339 Se
967 4282 1434 4338 mortiﬁcaverunt
1464 4284 1641 4339 sancti
1678 4283 1804 4339 viri.

2219 1328 2295 1382 A'.
2337 1329 2500 1384 Ποῖον
2542 1326 2636 1386 οὖν
2686 1331 2878 1406 δῶρον,
2924 1336 2964 1407 ἢ
3001 1337 3163 1391 ποίαν
3206 1338 3398 1392 θυσίαν
3450 1341 3730 1413 ὀφείλομεν

2149 1423 2517 1491 προσενέγκαι
2537 1424 2615 1495 τῷ
2631 1427 2874 1498 Χριστῷ,
2890 1430 2947 1482 ὲν
2966 1433 3030 1501 τῇ
3054 1431 3151 1501 τῆς
3167 1433 3516 1497 ἀναστάσεως
3532 1435 3564 1504 ἡ
3574 1435 3728 1507 μέρᾳ.

2148 1510 2237 1564 ἴνα
2272 1514 2443 1586 ἀρέσῃ
2487 1517 2656 1588 αὐτῷ,
2710 1519 2899 1590 ἐπειδὴ
2944 1521 3005 1573 οὐ
3042 1522 3292 1592 βούλεται
3334 1524 3546 1594 ἀλόγων
3580 1526 3731 1592 ζώων

2148 1602 2372 1674 θυσίας;
2428 1609 2605 1676 Αὐτὸς
2659 1612 2822 1668 πάλιν
2870 1614 2913 1667 δ’
2946 1614 3103 1682 ἅγιος
3150 1621 3246 1672 καὶ
3286 1618 3448 1672 τοῦτο
3495 1620 3732 1676 διδάσκει

2146 1697 2316 1768 ἡμᾶς’
2376 1700 2550 1756 είπὼν
2605 1703 2735 1776 γάρ·
2794 1706 3172 1773 Ἀναστάσεως
3219 1711 3426 1781 ἡμέρα,
3464 1713 3729 1782 ἐπήγαγε,

724 1775 983 1832 Exhibete
1045 1795 1268 1849 corpora
1332 1793 1510 1837 vestra
1569 1783 1799 1840 hostiam
1843 1788 2035 1853 vivant,

2149 1768 2667 1866 καρποφορήσωμεν
2682 1768 2842 1868 ’ἡμᾶς
2859 1798 3080 1863 αὐτούς·
3403 1768 3501 1857 ναὶ
3519 1768 3735 1857 ὁἹΔττόί

2145 1885 2353 1950 στολος·
2403 1889 2844 1958 Παραστήσατε
2885 1892 2958 1946 τὰ
3002 1894 3252 1962 σώματα
3300 1895 3473 1966 ὑμῶν
3516 1898 3735 1954 θυσίαν

2143 1977 2363 2043 ζῶσαν,
2388 1980 2587 2051 ἁγίαν,
2618 1983 2952 2052 εὐάρεστον
2980 1984 3062 2052 τῷ
3090 1989 3307 2056 Κυρίῳ,
3342 1988 3460 2058 τὴν
3481 1992 3735 2060 ,λογικὴν

2140 2073 2429 2141 λατρείαν
2456 2073 2641 2143 ὑμῶν.
2674 2075 2801 2141 Πῶς
2826 2074 2920 2132 οὖν
2952 2079 3246 2150 ὀφείλομεν
3277 2083 3631 2153 παραστῆσαι
3662 2083 3735 2138 τὰ

2143 2164 2376 2237 σώματα
2404 2168 2562 2238 ἡμῶν
2588 2168 2782 2224 θυσίαν
2815 2170 3019 2240 ζῶσαν,
3047 2154 3209 2242 ἁγίαν
3239 2174 3320 2245 τῷ
3346 2174 3494 2247 Θεῷ;
3517 2174 3607 2247 Τῷ
3625 2193 3732 2247 μη-

2143 2257 2263 2312 κέτι
2288 2262 2462 2313 ποιεῖν
2486 2261 2555 2316 τὰ
2585 2262 2867 2335 θελήματα
2894 2264 2995 2336 τῆς
3019 2267 3223 2339 σαρκὸς
3247 2267 3341 2321 καὶ
3361 2268 3469 2323 τῶν
3488 2268 3736 2327 διανοιῶν

2141 2351 2321 2423 ήμῶνο
2348 2352 2485 2407 ἀλλὰ
2517 2356 2812 2426 πνεύματι
2853 2360 3224 2426 περιπατεῖν,
3267 2359 3369 2415 καὶ
3413 2361 3732 2431 ἐπιθυμίαν

2141 2443 2370 2511 σαρκὸς
2402 2445 2490 2524 μὴ
2513 2446 2807 2502 ἐκτελεῖν.
2843 2449 3013 2503 Τοῦτο
3045 2452 3153 2523 γάρ
3183 2454 3300 2507 ἐστι
3341 2452 3403 2507 τὺ
3435 2453 3730 2524 νεκρῶσαι

2139 2534 2213 2587 τὰ
2236 2534 2395 2605 μέλη
2423 2521 2496 2593 τὰ
2523 2540 2620 2593 ἐπὶ
2652 2541 2763 2610 τῆς
2778 2541 2911 2612 γῆς.
2936 2544 3085 2615 Αὕτη
3112 2521 3333 2615 λέγεται
3365 2546 3526 2601 θυσία
3543 2521 3748 2613 -ζῶσαοε

2140 2627 2329 2698 ἐπειδὴ
2362 2629 2424 2683 τὸ
2450 2630 2644 2700 ἄλογον
2670 2633 2729 2686 τὸ
2757 2636 2837 2697 είς
2869 2635 3059 2691 Θυσίαν
3090 2638 3464 2710 ἀπαγόμενον,
3499 2642 3732 2714 ἐνιαυτῷ

2141 2721 2455 2787 θυσιάζεται
2490 2724 2584 2778 καὶ
2613 2725 2970 2797 ἀποθνήσκει.
3000 2732 3061 2783 Ol
3087 2731 3245 2800 ἅγιοι,
3261 2735 3489 2798 ἑαυτοὺς
3521 2752 3731 2810 χαριτο-

2142 2814 2437 2884 φοροῦντες
2474 2815 2552 2887 τῷ
2584 2816 2726 2887 Θεῷ,
2758 2818 2962 2884 ζῶντες
2995 2821 3315 2889 Θυσιάζουσι
3345 2824 3429 2899 τῷ
3451 2823 3570 2897 Θεῷ
3605 2828 3734 2882 ἐαυ-

2140 2906 2267 2969 τοὺς
2319 2907 2444 2960 καθ’
2497 2909 2737 2981 ἑκάστην
2790 2912 3027 2983 ἡμέραν,
3082 2914 3160 2979 ὡς
3208 2915 3353 2986 λέγει
3389 2917 3580 2985 Δαϐιδ,
3615 2919 3734 2972 Ὀτι

2139 2996 2318 3051 ἕνεκα
2350 2999 2466 3053 σοῦ
2492 3002 2910 3072 θανατούμεθα
2937 3004 3092 3073 ὅλην
3117 3006 3233 3075 τὴν
3262 3009 3511 3078 ἡμέραν,
3540 3010 3736 3080 elori-

2140 3091 2391 3158 σθημεν,
2413 3091 2494 3158 ὡς
2520 3093 2784 3161 πρόϐατα
2804 3097 3068 3167 σφαγῆς.
3097 3099 3270 3154 Τοῦτὸ
3293 3102 3440 3155 ἐστιν
3474 3102 3507 3156 ὃ
3532 3103 3678 3173 λέγει
3708 3106 3736 3157 ὁ

2141 3181 2294 3251 ἅγιος
2315 3183 2634 3259 Γρηγὸριος·
2653 3186 3180 3263 Καρποφορήσωμεν
3197 3194 3342 3265 ἡμᾶς
3356 3194 3734 3260 αὐτοὺς,τοῦτ’

2139 3274 2277 3336 ἐστι,
2312 3273 2668 3348 θυσιάσωμεν
2698 3280 2850 3352 ἡμᾶς
2880 3283 3127 3348 ἑαυτοὺς,
3152 3285 3555 3358 θανατώσωμεν
3587 3270 3735 3358 ἡμᾶς

2139 3367 2368 3430 ἑαυτοὺς
2397 3366 2527 3438 ὅλην
2557 3368 2655 3439 τὴν
2686 3371 2921 3445 ἡμέραν,
2965 3374 3152 3438 καθὼς
3190 3375 3284 3431 καὶ
3318 3377 3367 3430 οί
3403 3378 3553 3446 ἅγιοι
3595 3380 3735 3432 πάν-

2136 3473 2228 3521 τες
2255 3458 2441 3513 ἕνεκεν
2470 3460 2709 3532 Χριστοῦ
2746 3463 2837 3517 τοῦ
2870 3465 3006 3519 Θεοῦ
3038 3465 3215 3538 ἡμῶν,
3248 3469 3439 3523 ἕνεκεν
3467 3469 3562 3524 τοῦ
3596 3470 3735 3545 ὑπὲρ

2138 3552 2170 3621 ή
2180 3551 2296 3621 μῶν
2315 3552 2705 3619 ἀποθανόντος.
2738 3557 2863 3622 Πῶς
2885 3557 2942 3611 δὲ
2966 3560 3320 3617 ἐθανάτωσαν
3349 3564 3607 3633 ἑαυτούςς
3635 3569 3731 3636 Μὴ

2135 3642 2567 3713 ἀγαπήσαντες
2615 3649 2724 3703 τὸν
2767 3651 3003 3721 κόσμον
3051 3652 3210 3723 μηδέ
3271 3655 3346 3709 τὰ
3386 3657 3459 3710 ἐν
3503 3658 3733 3727 κόσμῳ,

2135 3734 2315 3800 καθὼς
2337 3735 2488 3806 λέγει
2514 3740 2572 3793 ὲν
2588 3742 2710 3805 ταῖς
2733 3742 3049 3810 καθολικαῖς
3066 3746 3432 3812 Ἐπιστολαῖς⁸
3457 3748 3737 3806 ἀλλ’ἁπο-

2134 3827 2457 3898 ταξάμενοι
2486 3830 2560 3900 τῇ
2589 3833 2872 3906 ἐπιθυμίᾳ
2920 3835 3033 3906 τῆς
3059 3840 3291 3908 σαρκὸς
3317 3843 3414 3897 καί
3449 3845 3741 3913 ἐπιθυμίᾳ

2133 3919 2255 3974 τῶν
2283 3924 2629 3995 ὀφθαλμῶν,
2662 3927 2762 3981 καὶ
2791 3927 2867 3998 τῇ
2894 3930 3212 4002 ἀλαζονείᾳ
3241 3935 3346 3990 τοῦ
3372 3935 3544 4001 ,ϐίου’
3582 3936 3735 3992 τοῦτ’

2131 4011 2248 4066 ἔστι
2279 4014 2616 4086 φιληδονίας,
2655 4018 3045 4091 φιλαργυρίας,
3080 4022 3408 4091 κενοδοξίας,
3443 4027 3540 4080 καὶ
3560 4026 3737 4099 ἄραν-

2130 4120 2224 4167 τες
2248 4104 2340 4157 τὸν
2372 4107 2608 4180 σταυρὸν
2636 4109 2731 4163 καὶ
2764 4108 3235 4184 ἀκολουθήσαντες
3264 4114 3343 4187 τῷ
3373 4116 3617 4188 Χριστῷ,
3637 4119 3739 4174 καὶ

2129 4196 2223 4250 τὸν
2255 4196 2460 4269 κόσμον
2505 4200 2721 4266 ἑαυτοῖς
2766 4201 3207 4276 σταυρώσαντες,
3250 4208 3348 4262 καὶ
3380 4210 3611 4275 ἑαυτοὺς
3654 4211 3739 4283 τῷ

2132 4287 2347 4361 κόσμῳ.
2372 4291 2511 4365 Περὶ
2543 4292 2752 4350 τούτων
2781 4295 2929 4365 λέγει
2957 4297 2986 4349 ὀ
3022 4298 3368 4364 Ἀι-ιόστολος⁹
3405 4304 3470 4357 Οἱ
3514 4302 3584 4357 δὲ
3624 4302 3739 4358 τοῦ

430 4376 692 4447 Χριστοῦ
745 4375 940 4444 Ἰησοῦ
973 4373 1086 4444 τὴν
1108 4374 1307 4445 σάρκα
1337 4375 1736 4444 ἐσταύρωσαν
1763 4374 1886 4430 σὺν
1912 4375 2041 4445 τοῖς
2079 4379 2534 4452 παθήμασι.καὶ
2590 4387 2723 4457 ταῖς
2760 4388 3122 4461 ἐπιθυμίαις.
3167 4391 3297 4447 Ἰδοὺ
3323 4393 3499 4460 οὕτως
3531 4394 3738 4451 ἐθανά-

429 4486 612 4525 τωσαν
648 4469 877 4532 ἑαυτοὺς
907 4470 958 4522 οἱ
987 4470 1157 4539 ἆγιοι.

505 4583 594 4639 lll.
624 4581 911 4648 Quomodo
945 4591 1128 4638 autem
1159 4582 1483 4639 obtulerunt
1511 4586 1724 4658 seipsos
1756 4589 2030 4660 primitias

2205 4592 2281 4648 I".
2316 4592 2444 4657 Πῶς
2485 4591 2542 4646 δὲ
2580 4593 2675 4647 καὶ
2709 4566 3174 4664 ὲὸίαρποφόρησαν
3205 4594 3470 4662 έαυτούς;
3500 4594 3595 4667 Μὴ
3630 4593 3740 4667 ζή-

429 4676 586 4735 Deo?
613 4690 724 4732 non
756 4675 1001 4731 viventes
1035 4675 1140 4732 sibi
1172 4675 1327 4747 ipsis,
1363 4678 1456 4733 sed
1482 4683 1767 4752 praeceptis
1802 4684 1898 4740 Dei
1930 4686 2029 4742 de-

429 4769 765 4834 servientes,
809 4782 977 4839 seque
1020 4770 1170 4839 ipsos
1207 4768 1261 4824 in
1309 4772 1635 4828 servitutem
1680 4775 2022 4848 redigentes,

428 4867 805 4939 relinquentes
828 4866 1048 4935 propria
1076 4879 1200 4921 vota
1226 4878 1282 4923 et
1306 4866 1583 4925 desideria
1607 4886 1796 4928 amore
1820 4883 1876 4930 et
1895 4874 2029 4930 cha-

427 4963 590 5016 ritate
611 4958 995 5016 mandatorum
1028 4959 1123 5017 Dei
1155 4970 1211 5016 et
1242 4961 1518 5031 proximi;
1551 4972 1614 5019 ut
1636 4963 1776 5021 dixit
1801 4978 2031 5026 sanctus

426 5055 519 5111 ille
553 5052 791 5110 Petrus:
837 5051 975 5107 Ecce
1020 5068 1117 5107 nos
1157 5053 1471 5124 reliquimus
1515 5058 1696 5112 omnia
1721 5098 1737 5122 ,
1768 5068 1820 5114 et
1863 5064 2028 5117 secuti

425 5161 609 5200 sumus
645 5153 694 5199 te
716 5154 765 5198 P.
795 5142 937 5210 Quid
971 5144 1274 5214 reliquerat
1312 5145 1494 5201 bonus
1528 5147 1628 5203 ille
1648 5153 1866 5207 senex?
1903 5154 2025 5210 Non

2131 4702 2324 4749 σαντες
2350 4685 2585 4750 ἑαυτοῖς,
2613 4682 2749 4737 ἀλλὰ
2770 4687 2888 4748 ταῖς
2914 4685 3160 4750 ἐντολαῖς
3181 4685 3276 4742 τοῦ
3306 4686 3465 4753 Θεοῦ,
3499 4688 3741 4750 ἑαυτοὺς

2130 4777 2664 4842 καταδουλώσαντες,
2683 4779 2778 4833 καὶ
2804 4779 3037 4855 ἀφέντες
3064 4779 3133 4833 τὰ
3160 4780 3441 4852 θελήματα
3459 4782 3643 4836 αὐτῶν
3674 4783 3741 4837 ἐν

2128 4874 2197 4944 τῇ
2226 4870 2412 4943 ἐντολῇ
2462 4871 2560 4925 καὶ
2598 4874 2665 4943 τῇ
2697 4872 2888 4943 ἀγάπῃ
2920 4872 3014 4926 τοῦ
3053 4871 3188 4925 Θεοῦ
3218 4876 3319 4928 καὶ
3346 4873 3441 4928 τοῦ
3473 4874 3739 4945 πλησίον,

2128 4963 2315 5028 καθὼς
2340 4959 2495 5018 εἷπεν
2517 4965 2545 5017 ὁ
2577 4962 2735 5033 ἅγιος
2760 4965 2990 5037 Πέτροςο
3029 4964 3175 5019 Ἰδοὺ
3208 4965 3383 5036 ἡμεῖς
3402 4966 3741 5037 ἀφήκαμεν
3788 5038 3799 5045 δ

2128 5056 2329 5111 πάντα
2358 5056 2458 5110 καὶ
2483 5053 2992 5124 ἀκολουθήσαμέν
3011 5070 3134 5110 σοι.
3168 5054 3234 5108 Τί
3255 5055 3477 5126 dicique;
3498 5055 3593 5127 Μὴ
3617 5057 3748 5126 γὰρ

2127 5147 2391 5219 χρήματα
2451 5140 2622 5215 εἶχεν,
2665 5145 2699 5217 ἦ
2737 5146 3017 5217 κτήματα,
3048 5146 3082 5218 ἦ
3113 5145 3335 5217 χρυσὸν,
3380 5146 3415 5218 ἢ
3456 5147 3749 5219 ἄργυρονι.

424 5253 587 5309 agros
617 5247 716 5294 aut
751 5239 1016 5309 pecunias
1045 5238 1304 5305 habebat,
1341 5254 1449 5294 non
1478 5255 1699 5310 aurum,
1730 5260 1909 5315 neque
1937 5263 2026 5302 ar—

2138 5242 2378 5311 σαγήνην
2412 5234 2528 5309 εἶχε
2558 5239 2654 5291 καὶ
2681 5238 2854 5310 αὐτὴν
2885 5238 3369 5310 πεπαλαιωμένην,
3405 5240 3483 5305 ῶς
3514 5237 3670 5294 εἶπεν
3703 5243 3753 5301 ὁ,

425 5336 673 5400 gentum,
692 5341 947 5399 sagenam
975 5336 1185 5383 tantum
1211 5328 1420 5396 habuit,
1440 5345 1670 5402 eamque
1686 5344 2016 5403 perveterem

2138 5333 2286 5402 ἅγιος
2317 5331 2572 5401 Ἰωάννης
2594 5334 2623 5385 ὀ
2650 5332 2695 5385 Χ
2703 5332 3059 5403 ρυσὸστομος,
3092 5333 3185 5385 καὶ
3208 5333 3442 5403 ἀφῆκεν,
3472 5334 3549 5398 ὡς
3576 5331 3734 5397 εἷπε,

424 5421 869 5490 διειπειαοετειη
898 5461 914 5486 ,
944 5429 1004 5475 ιιι
1032 5430 1258 5478 sanctus
1302 5423 1380 5478 ait
1421 5422 1889 5497 Chrysostomus;
1920 5432 2017 5485 sed

2138 5423 2308 5477 πάντα
2338 5423 2407 5477 τὰ
2437 5423 2725 5495 Θελήματα
2762 5423 2949 5488 αὐτοῦ,
2983 5425 3164 5478 πᾶσαν
3204 5425 3585 5496 προσπάθειαν
3621 5425 3736 5479 τοῦ

426 5512 725 5582 reliquerat
753 5525 947 5568 omnes
977 5512 1290 5570 voluntates
1316 5528 1466 5581 suas,
1493 5529 1712 5572 omnem
1759 5517 2014 5576 allectum

2138 5515 2319 5581 ιίῶνος
2350 5515 2566 5582 τούτου,
2597 5517 2674 5581 ὡς
2697 5512 2838 5570 εἶναι
2856 5516 3019 5587 δῇλον
3048 5518 3132 5571 ὅτι
3162 5517 3253 5581 καὶ
3276 5519 3540 5589 χρήματα
3564 5521 3617 5573 εὶ
3644 5514 3741 5572 εἷ-

3176 5710 3190 5755 i
3263 5705 3441 5761 Galat.
3510 5720 3564 5771 v,
3629 5705 3731 5764 ω.

499 5700 522 5727 ε
553 5689 656 5747 lsa.
687 5693 842 5758 ι,11.
904 5714 915 5723 ’
952 5692 972 5734 ί
1001 5695 1020 5750 l
1050 5698 1177 5755 Cor.
1215 5718 1270 5768 v,
1302 5702 1353 5760 7.
1440 5705 1464 5743 ⁸
1500 5702 1675 5759 Galat.
1709 5721 1785 5768 ιιι,
1838 5705 1925 5760 15.

499 5761 709 5833 Coloss.
761 5779 842 5830 ιιι,
883 5765 936 5821 5.
1022 5766 1039 5805 1
1085 5769 1231 5828 Psal.
1272 5775 1563 5833 “111,22;
1642 5773 1799 5830 Rom.
1838 5792 1956 5833 vni,
1995 5775 2035 5830 5|

2138 5705 2276 5758 ualui.
2324 5706 2483 5771 Iv,5.
2597 5709 2813 5764 illom.
2866 5723 2964 5771 sn,
3031 5724 3068 5762 I.
3176 5710 3190 5755 Ξ
3263 5705 3441 5761 Galat.
3510 5720 3564 5771 v,
3629 5705 3728 5764 ω.

2138 5787 2157 5813 η
2193 5773 2207 5826 l
2237 5773 2397 5830 Joau.
2436 5794 2497 5833 ιι.
2532 5780 2614 5833 l5.
2695 5790 2721 5818 ι’
2757 5780 2931 5833 Galat.
2980 5796 3051 5833 ιἰ.
3084 5775 3155 5833 Mt
3249 5774 3476 5833 °Galut.
3541 5792 3593 5833 ν.
3621 5775 3728 5829 εει.

3463 5815 3476 5831 ο
3547 5815 3593 5843 V,

431 5758 709 5845 ﬁgulo-ss.
761 5779 842 5830 ιιι,
883 5765 951 5845 §._
1022 5766 1039 5805 1
1085 5769 1231 5828 Psal.
1257 5758 1426 5830 ’ψη
1455 5758 1563 5839 22;
1642 5758 1799 5830 Roni.
1838 5758 1956 5841 vni,
1995 5775 2083 5831 56.
2116 5758 2157 5814 tn
2193 5773 2207 5826 l
2237 5758 2397 5830 Joau:
2436 5758 2497 5845 ιι,
2532 5780 2614 5837 l5.
3084 5775 3155 5833 ιι

428 5830 675 5887 PMatth.
729 5850 841 5900 xu,
882 5837 971 5891 27.
