4062 6408
326 377 483 445 ’Ῑΐὲ5

1685 373 2071 437 DOCTRINA
2106 373 2300 434 XXII.

3489 377 3627 446 1820

338 516 457 570 χεν,
488 497 522 568 ἢ
554 495 895 568 περιουσίαν,
945 493 1215 549 κάκείνων
1264 487 1614 563 κατεφρόνει,
1648 487 1743 545 καὶ
1791 490 1933 561 ἄρας

2042 482 2090 542 et
2110 501 2352 541 amorem
2375 485 2668 556 praesentis
2703 485 2911 543 saeculi.
2942 484 3161 544 Certum
3183 496 3267 545 est
3289 496 3471 547 autem
3495 506 3632 562 quo—

339 590 432 643 τὸν
467 589 721 659 σταυρὸν,
769 585 1106 658 ἠκολούθησε
1149 583 1229 656 τῷ
1260 582 1504 655 Χριστῷ,
1540 582 1631 636 καὶ
1676 582 1817 636 κατά
1845 582 1928 635 τό·

341 681 434 734 Ζῶ
458 678 547 746 δὲ,
588 681 702 734 οὐκ
738 679 827 733 ἔτι
852 677 985 748 ἐγὼ,
1017 674 1085 745 ζῇ
1116 674 1184 729 δὲ
1207 674 1278 729 ἐν
1313 673 1443 745 ἐμοι
1484 672 1761 743 Χριστός.
1800 671 1929 725 Ἰδοὺ

341 771 514 837 οὕτως
539 770 999 843 ὲκαρποφόρησαν
1023 768 1270 833 ἑαυτοὺς,
1304 767 1353 820 oi
1385 765 1530 835 ἆγιοι
1557 765 1934 836 νεκρώσαντες

344 860 593 927 ἑαυτοὺς,
640 858 717 922 ὡς
747 858 998 930 εἴπομεν,
1031 857 1140 911 ἀπὸ
1187 858 1370 928 πάσης
1409 856 1786 928 προσπαθείας
1836 856 1932 910 καὶ

345 952 479 1007 ιδίου
507 952 830 1025 θελήματος,
865 952 960 1006 ml.
986 950 1133 1023 μόνῳ
1162 951 1386 1023 Χριστῷ
1418 951 1512 1005 καὶ
1537 954 1659 1016 ταῖς
1691 949 1933 1014 ἐντολαῖς

341 1044 507 1100 αὐτοῦ
539 1046 826 1117 ζήσαντες.
856 1043 1046 1105 Οὕτως
1079 1044 1175 1097 καὶ
1205 1045 1370 1115 ἡμεῖς
1414 1045 1931 1117 καρποφορήσωμεν

342 1135 540 1198 αὐτοὺς
569 1136 738 1206 ἡμᾶς,
766 1133 844 1199 ὡς
884 1134 1127 1190 διδάσκει
1173 1137 1200 1191 6
1243 1136 1399 1206 ἅγιος
1425 1136 1747 1208 Γρηγόριος·
1786 1137 1934 1208 ἡμᾶς

340 1226 452 1298 γὰρ
480 1225 623 1281 θέλει
676 1226 737 1280 τὸ
780 1224 1111 1299 τιμιώτατον
1142 1227 1237 1282 τοῦ
1259 1227 1396 1282 Θεοῦ
1438 1230 1642 1300 κτῆμα.
1690 1227 1932 1300 Ἀληθῶς

343 1317 562 1371 πάντων
599 1317 709 1373 τῶν
731 1319 1029 1392 ὁρωμένων
1053 1321 1375 1392 κτισμάτων
1401 1320 1628 1393 τιμιὼτε
1638 1338 1731 1392 ρον
1777 1323 1806 1375 6
1834 1322 1932 1377 ἀν-

343 1413 583 1486 θρωπος.
623 1415 836 1470 Ἐκεῖνα
879 1416 979 1485 μὲν
1012 1417 1121 1489 γὰρ
1159 1416 1304 1488 λόγῳ
1334 1418 1657 1488 παρήγαγεν
1697 1418 1725 1469 6
1771 1416 1933 1487 δημι-

339 1507 559 1579 ουργὸς,
606 1506 798 1562 εἰπών·
833 1508 1160 1578 Γενηθήτω
1210 1508 1366 1577 τόδε,
1404 1510 1502 1564 καὶ
1538 1508 1796 1578 ἐγένετο·
1838 1509 1933 1562 καὶ

340 1598 526 1653 πάλιν·
577 1599 949 1672 Ἐξαγαγέτω
986 1602 1026 1670 ἡ
1072 1600 1152 1671 γῆ
1204 1601 1346 1666 τόδε,
1393 1601 1490 1655 καὶ
1534 1601 1772 1671 ἐγένετο·
1813 1600 1928 1654 καί·

353 1690 718 1762 Ἐξαγαγέτω
747 1690 820 1745 τὰ
846 1691 1056 1746 ὕδατα·
1091 1692 1187 1746 καὶ
1215 1691 1315 1745 ὅσα
1336 1690 1579 1746 τοιαῦτα.
1622 1691 1727 1745 Τὸν
1756 1690 1814 1745 δὲ
1838 1689 1933 1747 ἄν·

342 1783 560 1855 θρωπον
605 1783 765 1847 ἰδίαις
798 1783 987 1855 χερσὶν
1020 1783 1225 1837 ἔπλασε
1261 1783 1355 1837 καὶ
1389 1784 1795 1856 κατεκόσμησε,
1839 1783 1934 1838 καὶ

342 1876 521 1929 πάντα
568 1874 667 1946 μὲν
702 1877 886 1929 ἐκεῖνα
919 1877 999 1939 είς
1025 1874 1330 1948 ὑπηρεσίαν
1360 1875 1455 1929 καὶ
1484 1875 1797 1930 ἀνάπαυσιν
1836 1874 1932 1930 τοῦ

339 1964 631 2039 ἀνθρώπου
665 1965 875 2033 ἔταξεν·
906 1966 1069 2020 αὑτὸν
1094 1966 1151 2019 δὲ
1182 1967 1275 2020 καὶ
1310 1966 1537 2037 βασιλέα
1564 1967 1770 2021 τούτων
1797 1969 1935 2022 πάν-

340 2076 450 2112 των
475 2058 801 2128 κατέστησε,
830 2059 926 2113 καὶ
954 2061 1055 2130 τῇς
1078 2062 1291 2132 τρυφῆς
1318 2060 1413 2114 τοῦ
1440 2061 1773 2134 παραδείσου
1801 2064 1937 2117 ἀπο-

341 2149 529 2205 λαύειν
559 2150 807 2221 ἐποίησε.
845 2151 958 2205 Καὶ
985 2150 1048 2204 τὸ
1077 2151 1552 2223 θαυμασιώτερον,
1590 2155 1673 2209 ὅτι
1716 2155 1812 2209 καὶ
1838 2156 1934 2211 ὲκ-

341 2242 602 2308 πεσόντος
647 2241 814 2299 αὐτοῦ
859 2242 1069 2298 ἐκεῖθεν
1104 2244 1195 2300 διὰ
1242 2245 1379 2310 ἰδίας
1414 2247 1716 2319 ἁμαρτίας,
1769 2248 1934 2303 πάλιν

340 2334 429 2390 διὰ
453 2333 546 2390 τοῦ
574 2335 807 2407 αἵματος
841 2334 936 2390 τοῦ
973 2336 1301 2407 μονογενοῦς
1322 2337 1453 2391 Υἱοῦ
1481 2339 1647 2393 αὑτοῦ
1674 2339 1935 2395 ἀνεκαλιὲ⁴

343 2443 503 2481 σατο·
557 2426 700 2481 ὥστε
764 2429 986 2483 πάντων
1054 2427 1164 2483 τῶν
1243 2429 1541 2501 ὁρωμένων
1599 2431 1935 2501 τιμιώτατον

341 2519 533 2590 κτῆμα
557 2518 677 2591 Θεῷ
700 2521 729 2574 6
750 2520 847 2576 ἀνθ
857 2538 1061 2593 ρωπος,
1087 2523 1183 2577 καὶ
1204 2524 1264 2578 ού
1299 2526 1461 2596 μόνον
1482 2527 1833 2597 τιμιώτατον,
1857 2529 1936 2592 ῶς

342 2605 495 2662 εἶπεν
523 2610 551 2662 6
575 2609 753 2678 ἆγιος,
770 2609 908 2665 ἀλλά
934 2612 1030 2666 καὶ
1057 2612 1414 2680 οἰκειότατον,
1442 2616 1798 2686 Ποιήσωμεν
1825 2621 1935 2693 γὰρ

341 2700 660 2770 ἄνθρωπον
686 2703 818 2755 κατ’
844 2703 1051 2758 εἰκόνα
1079 2703 1396 2775 ἡμετέραν,
1429 2706 1529 2761 καὶ
1563 2708 1696 2764 καθ’
1727 2709 1936 2778 ὁμοίω-

341 2784 468 2847 σιν.
491 2793 602 2847 Καὶ
629 2794 809 2847 πάλιν·
854 2795 1180 2865 Ἐποίησεν
1209 2800 1243 2853 ὁ
1274 2797 1420 2865 Θεὸς
1456 2799 1563 2854 τὸν
1592 2799 1929 2872 ἄνθρωπον·

340 2886 413 2941 ἑν
435 2888 627 2942 εικόνι
665 2886 814 2941 Θεοῦ
852 2888 1144 2958 ἐποίησεν
1171 2891 1384 2959 αὐτὸν,
1408 2892 1509 2946 καὶ
1545 2893 1935 2964 ἐνεφύσησεν

339 2982 429 3047 εἰς
456 2978 523 3032 τὸ
554 2981 881 3048 πρόσωπον
925 2980 1113 3036 αὐτοῦ
1159 2982 1360 3052 πνοὴν
1399 2983 1568 3054 ζωῆς.
1596 2986 1769 3052 Αὐτὸς
1807 2988 1866 3042 δὲ
1903 2990 1933 3041 6

343 3073 550 3145 Κύριος
604 3071 764 3144 ἡμῶν
802 3072 1146 3145 ἐπιδημήσας
1207 3075 1346 3146 πρὸς
1390 3078 1577 3148 ήμᾶς,
1640 3080 1931 3151 ἀνθρώπου

345 3164 561 3237 μορφὴν
591 3165 846 3232 ἀνέλαϐε,
868 3165 1048 3238 σάρκα
1073 3166 1386 3238 ἀνθρώπου,
1404 3169 1595 3224 καινοῦ
1616 3170 1930 3244 ἀνθρώπου,

345 3254 441 3309 καὶ
470 3255 657 3311 ἁπλῶς
686 3258 884 3311 εἰπεῖν.
914 3258 1094 3311 πάντα
1116 3259 1347 3311 γίνεται.
1371 3260 1513 3311 πλὴν
1538 3262 1638 3311 τῆς
1660 3264 1936 3311 ἁμαρτιας

2042 3164 2263 3229 spiravit
2295 3164 2348 3214 in
2393 3164 2585 3231 faciem
2628 3164 2743 3229 ejus
2789 3164 3121 3230 spiraculum
3159 3164 3277 3216 vim
3302 3170 3350 3213 ν.
3406 3164 3474 3216 Et
3521 3164 3640 3232 ipse

2042 3251 2309 3309 Dominus
2344 3262 2531 3307 noster
2563 3255 2721 3308 exsul
2766 3254 2832 3308 ad
2872 3268 2975 3311 nos
3018 3254 3261 3311 veniens.
3306 3252 3541 3308 formam
3584 3267 3640 3310 et

334 3254 441 3331 ,καὶ
470 3255 657 3322 ἁπλῶς
686 3258 884 3325 εἰπεῖν,
914 3258 1094 3314 πάντα
1116 3259 1347 3329 γίνεται,
1371 3260 1513 3335 πλὴν
1538 3262 1638 3335 τῆς
1660 3264 1936 3336 ἁμαρτίας

342 3348 375 3402 6
404 3345 502 3401 ἀνθ
511 3365 716 3419 ρωπος.

418 3618 493 3670 Δ’.
517 3615 1033 3689 Προσῳκειώσαμεν
1067 3617 1161 3671 καὶ
1188 3617 1277 3672 διά
1312 3616 1473 3673 τοῦτο
1502 3617 1595 3672 τὸν
1628 3618 1939 3691 ἄνθρωπον,

346 3702 459 3762 οἷον
493 3708 689 3773 εἰπεῖν,
724 3707 1161 3779 ίδιοποιήσαμεν.
1190 3709 1390 3774 Καλῶς
1414 3706 1509 3771 οὖν
1538 3711 1635 3765 καὶ
1662 3711 1943 3784 ἁρμοδίως

344 3794 502 3852 εἶπεν
523 3801 552 3850 6
576 3798 750 3866 ἅγιος,
776 3796 850 3852 Τὸ
873 3798 1205 3869 τιμιώτατον
1228 3800 1415 3871 κτῆμα
1436 3804 1464 3855 6
1487 3801 1795 3872 ἄνθρωπος·
1823 3798 1944 3856 εἶτα

347 3888 431 3941 ἔτι
484 3887 821 3958 σαφέστερον
874 3888 1150 3959 ἐπιφέρει·
1194 3889 1514 3960 Ἀποδιῖψεν
1559 3894 1625 3962 τῇ
1666 3893 1838 3946 εἰκόνι
1881 3892 1942 3944 τὸ

349 3979 472 4033 κατ’
500 3978 705 4034 εἰκόνα·
755 3978 872 4043 πῶς
912 3976 1008 4034 καὶ
1037 3978 1230 4048 τοῦτο;
1278 3981 1441 4052 Παρά
1481 3982 1576 4035 τοῦ
1615 3982 1941 4036 Ἀποστόλου

353 4069 619 4141 μάθωμεν
681 4069 952 4140 λέγοντος·
1019 4071 1448 4142 Καθαρίσωμεν
1512 4072 1768 4139 ἑαυτοὺς
1819 4072 1942 4126 ἀπὸ

345 4163 578 4231 παντὸς
605 4163 930 4234 μολυσμοῦ
969 4163 1198 4233 σαρκὸς
1229 4164 1332 4218 καὶ
1376 4163 1739 4234 πνεύματος·
1775 4163 1942 4236 ποιή-

353 4270 536 4324 σωμεν
569 4252 818 4325 καθαρὰν
860 4251 960 4324 τὴν
1006 4251 1191 4306 εἰκόνα
1230 4252 1411 4324 ἡμῶν,
1447 4252 1633 4318 καθὼς
1676 4253 1943 4325 ἐλάϐομεν

351 4345 543 4417 αὐτήν·
574 4344 981 4418 ἀποσμύξωμεν
1003 4347 1174 4417 αὐτὴν
1199 4346 1293 4400 τοῦ
1321 4346 1495 4417 ῥύπου
1520 4347 1621 4418 τῆς
1646 4346 1942 4418 ἁμαρτίας,

346 4439 441 4493 ἶνα
495 4441 637 4510 φανῇ
694 4440 757 4492 τὸ
813 4438 1013 4503 κάλλος
1045 4439 1217 4509 αὐτῆς
1260 4438 1349 4492 διὰ
1390 4438 1501 4493 τῶν
1539 4438 1773 4511 ἀρετῶν.
1809 4441 1945 4513 Περὶ

2035 579 2183 634 niam
2215 579 2317 634 etsi
2380 580 2641 649 pecunias
2673 588 2734 634 ut
2767 579 2872 635 alia
2914 579 3056 635 bona
3100 580 3385 638 habuisset
3408 622 3425 648 ,
3466 581 3628 657 561

2034 669 2219 724 omnia
2249 670 2691 740 contempsisset,
2718 682 2772 725 et
2804 671 3002 727 tollens
3030 686 3250 727 crucem
3284 681 3506 730 secutus
3540 687 3631 731 es-

2034 768 2115 815 set
2146 759 2422 816 Christum
2451 779 2466 829 ;
2493 762 2648 833 juxta
2678 765 2825 833 quod
2851 764 2928 819 ait
2958 781 2974 814 :
3008 763 3137 818 Vivo
3164 774 3361 830 autem,
3384 764 3504 834 jam
3527 782 3635 822 non

2032 868 2147 923 ego,
2178 855 2270 907 sed
2303 853 2422 907 vivit
2454 853 2509 907 in
2537 870 2616 909 me
2649 854 2776 910 Chri
2808 864 2892 910 tus
2916 866 2966 909 ιι.
3022 854 3101 910 lta
3135 856 3347 926 seipsos
3378 856 3487 913 Deo
3517 857 3634 929 pri-

2035 944 2218 1000 mitias
2265 944 2513 1001 obtulere
2552 947 2726 1002 sancti
2753 986 2769 1013 ,
2807 947 3199 1004 mortiﬁcantes
3227 989 3242 1016 ,
3274 956 3336 1004 ut
3379 948 3533 1018 dixi,
3574 963 3634 1006 se

2034 1036 2183 1106 ipsos
2210 1038 2278 1091 ab
2319 1038 2469 1092 omni
2510 1038 2796 1095 all‘eetione
2819 1049 2875 1096 et
2908 1042 3128 1112 propria
3162 1042 3465 1107 voluntate,
3497 1042 3632 1098 soli-

2034 1142 2142 1199 que
2170 1126 2393 1184 Christo
2423 1138 2476 1183 ct
2514 1132 2801 1201 praeceptis
2850 1132 2970 1201 ejus
3013 1133 3280 1191 viventes.
3332 1132 3424 1190 Sic
3467 1135 3634 1205 igitur

2032 1228 2089 1271 et
2115 1234 2218 1272 nos
2247 1218 2358 1273 Deo
2384 1220 2655 1289 primitias
2685 1220 3001 1289 oll‘eramus,
3036 1231 3094 1276 ut
3128 1232 3352 1279 sanctus
3381 1222 3543 1280 docet
3575 1232 3632 1279 et

2035 1318 2219 1365 monet
2244 1309 2570 1380 Gregorius,
2603 1326 2705 1368 nos
2734 1312 2882 1382 ipsos
2907 1313 3157 1369 videlicet
3182 1332 3195 1369 :
3222 1330 3325 1370 nos
3349 1316 3496 1369 enim
3518 1315 3635 1371 vult

2036 1399 2303 1456 Dominus
2338 1401 2794 1472 pretiosissimam
2824 1403 3071 1457 omnium
3101 1407 3525 1473 possessionem.
3565 1404 3634 1461 Et

2034 1508 2162 1548 vere
2197 1503 2573 1549 creaturarum
2600 1495 2847 1550 omnium
2889 1510 3010 1564 quae
3038 1496 3312 1562 videntur,
3346 1498 3634 1567 pretiosis-

2035 1584 2210 1641 simus
2238 1587 2404 1643 homo
2440 1597 2542 1644 est.
2575 1586 2701 1642 Illas
2733 1587 2879 1641 enim
2921 1596 3136 1643 creator
3167 1589 3413 1644 omnium
3444 1587 3635 1645 condi-

2036 1680 2117 1736 dit
2144 1683 2330 1749 verbo,
2355 1683 2574 1739 dicens:
2602 1681 2729 1736 Fiat
2754 1684 2871 1750 hoc,
2901 1692 2951 1738 et
2977 1684 3182 1753 factum
3210 1693 3286 1739 est
3308 1693 3355 1747 τ,
3377 1694 3432 1741 et
3454 1688 3581 1742 item
3613 1702 3632 1743 :

2037 1771 2309 1830 Producat
2335 1786 2478 1830 terra
2501 1782 2524 1812 '
2559 1777 2686 1843 hoc,
2709 1785 2763 1831 et
2786 1776 3076 1845 produxit:
3105 1775 3383 1833 Producat
3408 1798 3551 1853 aqua
3569 1779 3591 1819 ί
3615 1796 3633 1835 :

2042 1873 2095 1920 et
2121 1865 2226 1920 alia
2257 1865 2661 1935 hujuscemodi.
2699 1864 2990 1921 Hominem
3019 1876 3203 1922 autem
3234 1869 3351 1925 suis
3377 1870 3637 1926 manibus

2042 1958 2303 2014 formavit
2332 1960 2677 2029 ornavitque.
2713 1958 2781 2014 Et
2814 1960 2905 2014 illa
2932 1960 3150 2030 quidem
3177 1961 3244 2017 ad
3271 1962 3556 2019 servitium
3579 1972 3637 2021 et

2042 2051 2458 2108 delectationem
2492 2052 2734 2109 hominis
2767 2054 2994 2121 statuit;
3033 2054 3212 2124 ipsum
3242 2066 3424 2110 autem
3458 2055 3639 2110 homi-

2042 2158 2168 2199 nem
2200 2145 2396 2200 horum
2436 2147 2684 2201 omnium
2724 2162 2905 2217 regem
2944 2157 2998 2202 et
3026 2149 3330 2220 principem
3366 2148 3515 2213 fecit,
3550 2159 3639 2205 ut-

2043 2251 2151 2307 que
2172 2237 2384 2293 deliciis
2412 2238 2654 2308 paradisi
2684 2236 2981 2304 irueretur,
3002 2239 3194 2295 voluit.
3226 2238 3379 2297 Fecit
3407 2250 3462 2297 et
3486 2240 3636 2299 aliud

2041 2330 2190 2401 quod
2229 2329 2402 2400 magis
2437 2331 2639 2385 mirum
2674 2339 2775 2387 est.
2804 2329 2942 2385 Nam
2974 2331 3129 2386 illum
3171 2332 3456 2388 cadentem
3480 2348 3511 2388 a
3544 2349 3640 2403 pa-

2041 2421 2227 2476 radiso
2256 2421 2325 2476 ob
2354 2431 2664 2493 peccatum,
2711 2439 2929 2479 rursum
2962 2438 3060 2494 per
3096 2425 3417 2496 sanguinem
3448 2426 3639 2499 unige-

2041 2512 2141 2567 niti
2190 2511 2314 2568 Filii
2354 2513 2440 2569 sui
2492 2514 2725 2570 redemit
2768 2524 2825 2570 et
2864 2515 3180 2571 revocavit:
3225 2517 3297 2571 ita
3335 2525 3393 2572 ut
3429 2517 3643 2588 absque

2042 2592 2219 2661 dubio
2251 2606 2498 2661 omnium
2532 2622 2654 2677 quae
2682 2607 2957 2672 videntur,
2990 2608 3383 2678 pretiosissima
3410 2609 3481 2666 sit
3507 2624 3640 2680 pos-

2043 2700 2217 2755 sessio
2249 2699 2359 2755 Deo
2402 2699 2589 2755 homo.
2627 2698 2814 2770 Neque
2843 2701 3022 2756 solum
3068 2700 3466 2771 pretiosissima
3492 2741 3510 2769 ,
3540 2703 3639 2758 sed

2042 2791 2208 2847 etiam
2240 2802 2435 2864 praeter
2467 2807 2682 2859 omnes,
2731 2794 3031 2849 domestica
3076 2802 3132 2849 et
3168 2792 3456 2850 familiaris
3484 2810 3639 2851 crea-

2040 2890 2185 2938 tura.
2234 2882 2525 2936 Faciamus
2553 2924 2567 2950 ,
2601 2883 2819 2952 inquit,
2851 2884 3115 2936 hominem
3158 2883 3227 2936 ad
3263 2884 3546 2954 imaginem
3586 2893 3642 2937 et

2040 2974 2451 3030 similitudinem
2479 2985 2726 3030 nostram
2751 2987 2801 3030 ιι.
2829 2974 2895 3030 Ει
2928 2975 3125 3030 iterum
3154 2994 3169 3031 :
3202 2973 3354 3029 Fecit
3379 2974 3518 3030 Deus
3540 2974 3640 3030 Ito-

2040 3068 2229 3121 minem
2253 3084 2274 3133 ;
2307 3068 2376 3122 ad
2406 3069 2694 3139 imaginem
2725 3069 2914 3139 quippe
2955 3068 3049 3123 Dei
3094 3069 3218 3139 fecit
3250 3067 3407 3122 illum
3430 3110 3444 3136 ,
3474 3077 3527 3125 et
3557 3070 3642 3124 in-

2040 3160 2263 3229 spiravit
2295 3161 2348 3214 in
2393 3161 2585 3231 faciem
2628 3161 2743 3229 ejus
2789 3160 3121 3230 spiraculum
3159 3162 3277 3216 vim
3302 3170 3350 3213 ν.
3406 3160 3474 3216 Et
3521 3160 3643 3232 ipse

2041 3360 2279 3400 mentem
2328 3346 2567 3400 hominis
2594 3344 2913 3415 assumpsit,
2942 3344 3070 3425 novi
3112 3346 3354 3401 hominis
3392 3361 3639 3414 carnem,

2042 3443 2117 3501 et,
2152 3444 2213 3490 ut
2241 3435 2421 3492 dicam
2449 3438 2707 3504 breviter,
2736 3437 3005 3508 quidquid
3030 3447 3148 3493 erat
3173 3439 3227 3493 in
3257 3439 3477 3495 homine
3496 3453 3638 3509 prae—

2043 3536 2127 3583 ter
2152 3528 2463 3598 peccatum.

2116 3615 2207 3672 IV.
2236 3619 2420 3685 Quare
2444 3625 2593 3673 recte
2615 3617 2858 3674 diximus
2884 3618 3095 3677 nullum
3116 3634 3238 3676 esse
3262 3619 3465 3676 animal
3490 3620 3639 3692 quod

2044 3706 2158 3764 Deo
2187 3721 2337 3765 esset
2366 3710 2543 3780 magis
2592 3712 3069 3767 accommodatum
3094 3751 3110 3777 ,
3161 3712 3337 3783 magis
3371 3714 3647 3770 domesti-

2045 3812 2215 3864 cum,
2279 3800 2459 3871 magis
2508 3799 2783 3857 familiare
2829 3800 2951 3871 ipso
3002 3800 3247 3856 homine.
3297 3801 3363 3858 Et
3413 3812 3639 3860 sanctus

2046 3897 2236 3944 noster
2266 3890 2477 3944 nullam
2505 3901 2816 3945 creaturam
2847 3892 3232 3962 pretiosiorem
3258 3893 3393 3947 dixit
3422 3911 3437 3947 :
3469 3909 3640 3965 quare

2046 3979 2341 4036 manifeste
2388 3981 2700 4047 snbintulit,
2749 3989 2811 4036 ut
2859 3983 3066 4039 scilicet
3103 3982 3458 4041 redderemus
3499 3985 3640 4041 ima-

2046 4071 2183 4142 gini,
2220 4071 2365 4142 quod
2393 4079 2541 4126 esset
2574 4072 2880 4128 secundum
2917 4072 3235 4143 imaginem.
3279 4072 3437 4140 Quod
3475 4075 3641 4146 quale

2047 4163 2140 4227 sit,
2169 4162 2452 4218 discamus
2479 4163 2548 4219 ab
2574 4163 2838 4235 Apostolo
2885 4164 2981 4236 qui
3025 4164 3141 4219 ait:
3174 4163 3493 4221 Mundemus
3541 4183 3638 4227 nos

2046 4253 2188 4322 ipsos
2241 4253 2305 4307 ab
2366 4254 2510 4308 omni
2558 4254 2958 4325 inquinamento
3012 4258 3189 4312 carnis
3235 4268 3284 4327 et
3340 4259 3638 4328 spiritus‘.

2048 4344 2413 4402 Purilicemus
2438 4348 2731 4415 imaginem
2769 4357 3040 4417 nostram,
3078 4359 3137 4405 ut
3174 4350 3396 4421 qualem
3422 4353 3640 4423 accepi-

2050 4455 2195 4505 mus,
2229 4438 2393 4494 talem
2423 4439 2742 4495 reddamus.
2782 4439 3179 4512 Abstergamus
3206 4442 3385 4513 ipsqu
3416 4445 3640 4515 squalo-

351 4531 542 4586 τούτου
591 4530 687 4585 τοῦ
727 4532 960 4595 κάλλους
990 4529 1209 4602 εὔχεται
1240 4533 1269 4585 6
1310 4531 1478 4585 Δαὸὶδ
1506 4530 1701 4601 λέγων·
1739 4534 1938 4603 Κύριε,

2049 4546 2165 4587 rem
2195 4530 2431 4601 peccati,
2465 4539 2522 4584 ut
2554 4529 2737 4585 omnis
2765 4530 2887 4601 ejus
2912 4531 3266 4601 pulchritudo
3291 4547 3388 4603 per
3408 4534 3639 4592 virtutes

352 4621 425 4676 ἐν
442 4621 523 4688 τῷ
542 4622 834 4692 θελήματί
863 4640 981 4678 σου
1008 4622 1329 4694 παράσχου
1356 4624 1436 4691 τῷ
1463 4623 1681 4681 κάλλει
1693 4643 1815 4695 μου
1835 4625 1942 4680 δύ-

352 4732 555 4786 ναμιν.
586 4714 1021 4789 Ἐκκαθάρωμεν
1042 4712 1136 4773 οὖν
1152 4718 1215 4774 τὸ
1230 4718 1554 4773 κατέίκόνα
1581 4722 1614 4792 ή
1623 4719 1760 4790 μῶν·
1796 4720 1941 4774 θέλει

354 4806 465 4876 γὰρ
482 4805 631 4877 αὐτῷ
651 4804 696 4838 δ’
717 4808 848 4877 παρ’
865 4807 1025 4879 ἡμῶν
1040 4810 1068 4862 6
1086 4807 1240 4878 Θεὸς,
1265 4809 1358 4862 καὶ
1382 4808 1551 4864 ἔδωκε
1574 4809 1650 4882 μὴ
1671 4809 1793 4881 ἔχον
1815 4813 1942 4863 σπῖ-

347 4897 470 4978 ιλον,
499 4897 532 4969 ἢ
566 4898 788 4970 ῥυπιδα,
820 4898 856 4971 ἦ
890 4918 940 4953 τι
969 4898 1080 4953 τῶν
1106 4900 1387 4954 τοιούτων.
1429 4899 1744 4972 Ἀποδῶμεν
1773 4904 1840 4973 τῇ
1862 4903 1941 4956 εί-

355 4990 473 5046 κόνι
498 4990 576 5063 τῷ
595 4989 641 5023 "
664 4992 783 5044 κατ’
810 4991 1013 5047 εἰκόνα.
1042 4992 1405 5063 Γνωρίσωμεν
1436 4994 1595 5065 ήμῶν
1620 4993 1681 5048 τὸ
1700 4991 1940 5065 ἀξίωμα·

359 5081 625 5154 μάθωμεν
657 5082 827 5137 ποίων
850 5084 1105 5155 μεγάλων
1136 5084 1359 5155 ἀγαθῶν
1385 5084 1720 5156 ἠξιώθημεν·
1757 5084 1944 5155 μάθω-

361 5193 464 5248 μεν
490 5177 610 5230 κατ’
641 5176 825 5231 εἰκόνα
845 5177 989 5242 τίνος
1021 5178 1349 5249 γεγόναμεν·
1381 5178 1458 5249 μὴ
1482 5179 1843 5250 ἀγνοήσωμεν
1875 5178 1943 5231 τὰ

336 5250 573 5337 ,μεγάλα
615 5268 685 5321 τὰ
731 5267 862 5341 παρ’
898 5267 1062 5322 αὐτοῦ
1098 5268 1411 5340 δωρηθέντα
1452 5272 1610 5340 ἡμῖν,
1647 5269 1739 5323 διὰ
1774 5270 1945 5341 μόνην

357 5360 459 5432 τὴν
511 5361 677 5415 αὑτοῦ
726 5359 1059 5434 ἀγαθότητα,
1099 5362 1161 5415 οὐ
1192 5361 1281 5417 διὰ
1309 5363 1409 5435 τὴν
1451 5363 1732 5435 ήμετέραν
1763 5363 1942 5430 ἀξίαν·

430 5550 459 5591 ιι
485 5539 662 5598 Galat.
690 5542 864 5608 11,20.
940 5549 962 5578 τ
1001 5539 1139 5597 Gen.
1173 5557 1212 5611 ι,
1237 5543 1293 5599 3.
1370 5552 1394 5582 '
1428 5542 1671 5603 ibid.ll.
1732 5546 1751 5581 ‘
1786 5544 1920 5599 ibid.
1949 5544 2041 5599 20.

365 5626 511 5667 xxix.
569 5612 623 5667 8.

2043 4632 2323 4694 appareat.
2374 4621 2451 4679 De
2500 4638 2609 4693 qua
2641 4638 2775 4678 sane
2821 4623 3231 4693 pulchritudine
3280 4626 3484 4696 gratias
3525 4628 3637 4699 agit

2045 4717 2218 4772 David
2250 4716 2443 4772 dicens
2479 4735 2492 4771 :
2536 4715 2783 4782 Domine,
2823 4717 2877 4770 in
2912 4716 3184 4773 voluntate
3214 4729 3305 4773 tua
3333 4721 3638 4789 prastitisti

2045 4811 2226 4865 decori
2256 4826 2371 4864 meo
2404 4811 2654 4864 virtutem
2680 4818 2731 4864 I.
2779 4808 3085 4881 Purgemus
3131 4814 3296 4884 igitur
3343 4814 3636 4887 imaginem

2048 4908 2327 4967 nostram;
2362 4899 2478 4954 vult
2510 4899 2658 4955 enim
2690 4899 2841 4954 illam
2869 4915 2899 4954 a
2927 4901 3088 4957 nobis
3121 4901 3266 4957 Deus
3296 4902 3501 4973 absque
3524 4917 3639 4958 nia-

2048 4990 2173 5046 cula
2205 4998 2261 5045 et
2292 5006 2451 5061 ruga,
2483 4999 2578 5046 aut
2624 4991 2806 5062 aliqua
2852 4991 3240 5063 hujuscemodi
3278 4992 3636 5064 turpitudine.

2048 5082 2365 5139 Reddamus
2394 5082 2621 5154 imagini
2651 5083 2799 5155 quod
2826 5094 2911 5141 est
2939 5085 3007 5140 ad
3050 5085 3368 5157 imaginem.
3418 5084 3640 5158 Cogno-

2048 5190 2270 5231 scamus
2287 5175 2607 5247 dignitatem
2630 5185 2899 5232 nostram.
2922 5176 3210 5234 Discamus
3234 5194 3397 5250 quam
3425 5181 3641 5253 magnis

2047 5271 2209 5325 bonis
2235 5269 2385 5341 digni
2425 5269 2748 5326 habeamur.
2801 5270 3089 5328 Discamus
3125 5272 3193 5327 ad
3234 5272 3399 5344 cujus
3443 5273 3640 5345 imagi-

2052 5378 2173 5417 nem
2209 5361 2418 5418 conditi
2448 5377 2667 5419 sumus.
2695 5358 2774 5419 Ne
2804 5362 3124 5434 ignoremus
3172 5380 3402 5421 munera
3446 5375 3639 5423 nostra

2118 5555 2146 5582 ιι
2173 5542 2304 5599 ibid.
2335 5541 2429 5597 26.
2506 5551 2533 5580 '
2560 5543 2695 5601 ibid.
2722 5542 2814 5598 27.
2892 5548 2921 5581 ι
2950 5541 2995 5599 ll
3023 5542 3152 5602 Cor.
3183 5559 3282 5615 vn,
3316 5559 3356 5602 ι.
3428 5551 3461 5597 1
3487 5542 3637 5603 Psal.

1649 5722 1892 5781 VARIE
1924 5723 2225 5784 LECTION
2239 5726 2347 5786 ES.

434 5834 481 5874 ’⁵³
512 5848 695 5921 Αὐτῷ.
724 5848 915 5920 αὐτήν.
993 5848 1039 5881 ⁸⁸
1068 5845 1180 5920 Τῷ.
1212 5846 1294 5902 τό.
