4062 6442
468 322 602 392 1827

1663 320 1725 383 S.
1777 315 2170 378 DOBOTHEI
2235 317 2552 382 ABBATIS

3582 325 3694 398 1823

464 437 628 495 nobis
656 435 875 494 coalitus
905 449 936 490 a
967 434 1077 492 Deo
1101 433 1228 490 data
1263 448 1362 488 sua
1393 431 1684 489 clementia
1711 440 1767 487 et
1787 431 2049 499 bonitate,

2160 431 2382 502 γνῶμεν
2407 431 2488 485 ὅτι
2515 431 2637 506 κατέ
2669 430 2854 485 εἰκόνα
2885 430 3190 502 γεγόναμεν
3211 429 3348 486 Θεοῦ
3368 433 3455 488 τοῦ
3477 443 3703 515 ποιήσειν,
3731 481 3740 485 η

460 546 576 592 non
595 528 812 586 meritis
838 529 1062 584 nostris.
1091 526 1508 598 Cognoscamus
1531 525 1792 596 quoniam
1821 523 1888 579 ad
1915 524 2054 578 ima-

463 623 648 698 ginem
698 621 796 678 Dei
841 619 973 676 facti
1021 633 1216 676 sumus
1264 635 1278 673 :
1321 615 1444 686 Ipse
1497 618 1636 670 enim
1687 608 1809 684 fecit
1858 623 1999 668 nos'
2039 631 2052 668 :

463 715 730 770 honorem
808 712 1168 769 exbibeamus
1222 710 1540 783 archetypo.
1609 706 1690 764 Ne
1751 705 2055 762 adiciamus

461 803 794 862 contumelia
829 803 1121 875 imaginem
1161 801 1282 869 Dei,
1320 802 1389 858 ad
1442 815 1606 874 quam
1659 798 1791 855 facti
1837 813 2052 854 sumus.

461 898 600 966 Quis
646 898 793 953 enim
828 897 1030 968 regiam
1070 895 1368 966 imaginem
1406 893 1728 964 depicturus
1751 931 1768 958 ,
1811 892 2053 947 colorem

460 991 724 1064 pallidum
750 999 803 1046 et
834 998 1050 1061 turpem
1077 989 1274 1045 audeat
1299 987 1525 1060 imagini
1550 988 1854 1057 imponere,
1885 992 1939 1040 et
1962 997 2054 1040 re-

462 1100 584 1155 gem
623 1090 978 1139 contemnere
1009 1096 1041 1136 a
1090 1097 1202 1154 quo
1232 1082 1306 1137 sit.
1335 1079 1690 1152 postmodum
1721 1092 1917 1149 poenas
1959 1092 2054 1132 ac-

462 1172 772 1244 cepturus?
815 1172 1012 1230 Annon
1043 1171 1230 1241 potius
1268 1171 1486 1226 colores
1516 1168 1809 1240 pretiosos,
1845 1166 2054 1237 perspi-

471 1277 606 1319 cuos
633 1270 686 1318 et
712 1261 892 1318 claros
918 1260 1218 1328 adhibebit,
1242 1270 1298 1316 et
1319 1260 1516 1332 dignos
1541 1259 1694 1331 regia
1723 1257 2056 1330 majestate?

458 1357 719 1415 Laminas
759 1371 954 1412 aureas
996 1356 1264 1427 imponet,
1312 1363 1494 1412 vestes
1517 1369 1708 1410 omnes
1736 1355 1754 1427 (
1778 1361 1836 1408 ut
1867 1367 2052 1424 regem

454 1448 649 1520 decet)
675 1447 973 1520 adaptabit,
1001 1455 1062 1502 ut
1090 1462 1216 1502 cum
1247 1446 1396 1501 illam
1428 1444 1594 1500 fuerit
1615 1443 1890 1515 quispiam
1917 1457 2052 1498 con-

460 1542 655 1609 tuitus,
682 1549 738 1595 et
765 1555 985 1614 omnem
1013 1541 1226 1612 regium
1249 1539 1621 1595 characterem
1646 1537 1864 1603 viderit,
1899 1544 2052 1607 putet

457 1647 584 1689 sese
632 1648 816 1705 regem
849 1635 1053 1704 ipsum,
1101 1648 1211 1688 non
1262 1632 1556 1704 imaginem
1602 1629 1840 1696 intueri,
1885 1638 2052 1700 atque

459 1722 641 1792 ipsum
676 1724 1032 1796 archetypum
1081 1722 1244 1796 462
1287 1723 1640 1779 considerare
1678 1741 1691 1778 :
1734 1730 1922 1779 tantus
1964 1723 2050 1779 ni-

2163 541 2256 588 τος
2279 524 2448 595 ἡμᾶς.
2486 523 2823 595 Τιμήσωμεν
2885 523 2946 576 τδ
2986 521 3314 592 ἀρχέτυπον.
3350 523 3435 597 Μὴ
3469 529 3700 604 καθυδρί.

2167 631 2353 686 σωμεν
2387 613 2481 668 τοῦ
2510 613 2646 668 Θεοῦ
2674 613 2774 686 τὴν
2808 614 2996 669 εἰκόνα
3035 613 3160 667 καθ’
3188 615 3256 686 ἣν
3287 618 3590 690 γεγόναμεν.
3623 627 3706 694 Τίς

2166 705 2492 778 βουλόμενος
2540 707 2725 768 εἰκόνα
2762 707 2972 778 γράψαι
3003 707 3291 779 βασιλικὴν
3329 707 3490 782 τολμᾷ
3521 713 3707 784 βάλλειν

2163 800 2366 872 χρῶμα
2395 801 2606 871 σαπρὸν
2636 801 2694 853 ἐν
2720 802 2789 871 τῇ
2819 800 3010 865 εἰκόνι,
3042 799 3138 853 καὶ
3170 799 3435 871 ἀτιμάσαι
3468 804 3554 861 τδν
3578 807 3714 878 βασι.

2163 891 2260 950 λέα
2287 891 2384 946 καὶ
2412 891 2824 964 τιμωρηθῆναι;
2861 890 3021 946 Ἀλλά
3046 889 3262 961 βάλλειν
3287 893 3458 946 πάντα
3477 897 3712 969 χρώματα

2162 985 2359 1056 ἔντιμα
2401 985 2496 1039 καὶ
2534 985 2763 1058 λαμπρᾷ
2794 984 2923 1050 ἄξια
2960 985 3060 1056 τῆς
3090 985 3187 1042 τοῦ
3221 984 3481 1054 βασιλέως
3511 993 3716 1059 εἰκόνος.

2166 1075 2322 1130 Ἐσθ’
2350 1076 2439 1130 ὅτε
2466 1077 2524 1131 δὲ
2557 1077 2654 1140 καὶ
2683 1077 2892 1138 πέταλα
2913 1078 3093 1150 χρυσᾶ
3123 1077 3393 1137 ὲντίθεται
3425 1081 3539 1144 ταῖς
3567 1085 3719 1140 εἰκόσι

2160 1167 2270 1222 τῶν
2318 1168 2606 1240 βασιλέων,
2640 1171 2736 1227 καὶ
2771 1170 3062 1236 σπουδάζει
3101 1170 3283 1234 πάσας
3337 1169 3436 1235 τὰς
3480 1174 3721 1247 αἰσθητὰς

2160 1258 2254 1312 τοῦ
2292 1258 2582 1329 βασιλέως,
2618 1259 2752 1314 καθδ
2778 1261 3074 1332 ἐνδέχεται,
3102 1261 3335 1316 ἐνθεῖναι
3365 1265 3431 1334 τῇ
3454 1263 3630 1330 εἰκόνι,
3649 1267 3724 1323 ῖνα

2162 1349 2338 1424 βλέπῃ
2367 1369 2454 1414 τις
2489 1352 2590 1422 τὴν
2620 1352 2827 1416 εἰκόνα,
2865 1351 3230 1424 περιέχουσαν
3256 1352 3378 1407 ὅλον
3418 1353 3507 1410 τὸν
3538 1355 3727 1426 βασιλιο

2160 1441 2256 1495 κδν
2282 1443 2630 1514 χαρακτῆρα,
2663 1444 2758 1496 καί
2787 1444 2986 1516 νομίζῃ
3017 1445 3098 1497 ὅτι
3132 1444 3321 1516 σχεδὸν
3349 1443 3510 1500 αὐτὸν
3529 1447 3615 1514 τὸν
3643 1447 3727 1519 βα-

2161 1534 2317 1588 σιλέα
2363 1534 2574 1604 βλέπει,
2610 1535 2746 1590 αὐτὸ
2774 1535 2836 1588 τὸ
2867 1535 3195 1606 ἀρχέτυπον.
3235 1537 3395 1590 Ἔστι
3435 1539 3541 1610 γὰρ
3582 1542 3617 1612 ἡ
3664 1543 3730 1596 εἰ-

2159 1623 2271 1680 κὼν
2318 1625 2529 1692 ἔνδοξος
2559 1627 2655 1680 καὶ
2687 1627 2939 1698 λαμπρά.
2969 1627 3078 1680 Καὶ
3109 1628 3272 1700 ἡμεῖς
3303 1625 3402 1682 οῦν
3432 1629 3508 1700 μὴ
3546 1631 3731 1701 ἀτιμά-

2160 1733 2344 1787 σωμεν
2367 1717 2430 1770 τὸ
2461 1717 2768 1790 ἀρχέτυπον
2796 1716 2976 1788 ἡμῶν·
3010 1717 3146 1771 Θεοῦ
3180 1718 3302 1771 κατ’
3328 1718 3515 1774 εἰκόνα
3533 1721 3735 1789 γεγόνα-

458 1817 662 1872 mirum
698 1817 957 1888 splendor
991 1822 1076 1870 est
1107 1814 1482 1886 maiestasque
1522 1814 1802 1887 imaginis.
1845 1813 1914 1869 Et
1951 1828 2049 1870 nos

2159 1824 2280 1877 μεν
2317 1807 2457 1862 ἀλλά
2478 1809 2574 1862 καὶ
2603 1807 2855 1879 καθαρὰν
2885 1808 2979 1862 καὶ
3008 1807 3228 1879 ἔντιμον
3263 1809 3369 1879 τὴν
3400 1809 3538 1866 ἰδίαν
3568 1811 3737 1866 εἰκόνα

457 1907 627 1976 igitur
647 1907 1004 1979 archetypum
1035 1914 1284 1961 nostrum
1311 1922 1380 1961 ne
1399 1914 1822 1962 contemnamus
1851 1903 2049 1972 Deum,

457 1998 526 2053 ad
562 1999 722 2069 cujus
753 1998 1050 2071 imaginem
1077 1995 1208 2053 facti
1249 2013 1466 2054 sumus.
1515 1997 1624 2053 Sed
1662 2013 1884 2069 puram,
1921 1997 2054 2056 niti-

454 2090 608 2156 dam,
651 2089 962 2157 honestam,
997 2089 1278 2160 propriam
1323 2089 1618 2161 imaginem
1667 2087 1959 2153 faciamus,
1999 2097 2054 2144 et

454 2182 680 2256 dignam
708 2183 1028 2254 archetypo.
1067 2179 1123 2236 Si
1155 2183 1303 2240 enim
1330 2181 1627 2253 imaginem
1660 2180 1966 2246 sensibilis,
1997 2189 2053 2236 et

453 2275 712 2332 similiter
731 2283 792 2330 ut
817 2290 919 2331 nos
950 2274 1119 2348 geniti
1148 2274 1292 2346 regis
1315 2273 1782 2330 commacuiantes
1807 2273 2050 2344 puniun-

453 2375 586 2438 tur,
617 2367 748 2438 quid
785 2382 889 2424 nos
936 2381 1202 2438 passuros
1247 2365 1546 2432 credimus,
1593 2366 1689 2436 qui
1736 2366 2051 2438 spernimus

348 2487 350 2490 ν
449 2474 579 2533 quae
607 2461 664 2515 in
691 2461 856 2518 nobis
897 2467 1003 2525 est,
1044 2459 1288 2515 divinam
1319 2457 1640 2529 imaginem,
1686 2471 1867 2528 neque
1897 2457 2046 2515 illam

451 2554 517 2601 ut
544 2561 644 2618 par
677 2556 782 2614 est,
815 2562 1010 2618 puram
1045 2556 1100 2602 et
1136 2547 1547 2602 immaculatam
1582 2545 1908 2602 reddimus?

525 2636 593 2693 Ὗ.
613 2637 958 2696 Honoremus
974 2640 1161 2710 igitur,
1180 2637 1398 2705 fratres,
1420 2637 1802 2710 archetypum.
1826 2637 2047 2709 Cogno-

450 2745 680 2789 scamus
716 2732 966 2804 mysterii
1009 2732 1268 2788 virtutem
1291 2772 1306 2797 ,
1359 2744 1765 2802 cognoscamus
1799 2743 1900 2800 pro
1939 2745 2047 2800 qua

452 2836 625 2878 causa
655 2821 911 2878 Christus
941 2828 1198 2877 mortuus
1227 2829 1312 2876 est
1343 2836 1358 2875 :
1395 2821 1516 2890 ipsa
1541 2819 1691 2874 enim
1723 2827 1808 2875 est
1839 2819 2038 2884 virtus,

445 2909 574 2987 ipsa
619 2915 946 2986 mysterium
977 2921 1063 2968 est
1107 2913 1301 2969 mortis
1351 2911 1579 2968 Christi.
1618 2909 1722 2967 Per
1759 2921 2046 2983 peccatum

451 3023 694 3078 namque
741 3007 1036 3080 imaginem
1083 3014 1332 3062 nostram
1369 3003 1704 3070 delevimus,
1737 3013 1792 3060 et
1838 3004 2046 3060 idcirco

2159 1899 2503 1970 ποιήσωμεν,
2539 1900 2633 1954 καί
2657 1898 2816 1965 ἀξίαν
2846 1899 2943 1955 τοῦ
2974 1901 3309 1974 ἀρχετύπου.
3343 1902 3411 1954 Εἰ
3439 1901 3546 1974 γὰρ
3589 1906 3616 1957 6
3646 1904 3735 1977 τὴν

2157 1992 2344 2046 εἰκόνα
2408 1992 2504 2046 τοῦ
2567 1991 2829 2064 αἰσθητοῦ
2901 1993 2997 2048 καὶ
3063 1991 3421 2064 δμοιογενοῦς
3483 1995 3744 2065 ἀτιμάσας

2157 2082 2422 2154 βασιλέως
2485 2081 2798 2150 κολάζεται,
2863 2083 2919 2137 τί
2979 2084 3273 2155 ὀφείλομεν
3332 2086 3504 2155 ἡμεῖς
3565 2087 3742 2141 παθεῖν

2155 2176 2629 2248 καταφρονοῦντες·
2684 2176 2784 2248 τῆς
2839 2178 2898 2230 ὲν
2961 2178 3094 2249 ἡμῖν
3155 2177 3309 2241 θείας
3372 2178 3608 2244 εἰκόνος,
3661 2182 3746 2234 καὶ

2157 2273 2235 2343 μὴ
2263 2271 2534 2344 καθαρὰν,
2559 2272 2637 2340 ὡς
2671 2269 2826 2327 εἶπεν
2858 2275 2888 2327 6
2922 2273 3096 2342 ἅγιος,
3129 2273 3230 2346 τὴν
3263 2274 3459 2342 εἰκόνα
3485 2275 3744 2340 ἀποδιδόν-

2154 2382 2246 2429 τες
2268 2383 2282 2432 ;

2223 2639 2299 2696 E'.
2323 2640 2660 2713 Τιμήσωμεν
2696 2635 2792 2694 οὖν
2817 2639 2878 2694 τδ
2909 2641 3241 2713 ἀρχέτυπον,
3271 2645 3508 2716 γνῶμεν
3539 2645 3632 2700 τοῦ
3661 2666 3751 2718 μυο

2154 2732 2377 2803 στηρίου
2408 2731 2508 2803 τὴν
2531 2732 2784 2804 δύναμιν,
2810 2733 2907 2787 καὶ
2937 2735 3078 2807 ὑπὲρ
3104 2735 3249 2800 τίνος
3276 2738 3531 2808 Χριστὸς
3561 2740 3757 2801 ἀπέθα-

2149 2841 2261 2878 νεν.
2305 2823 2370 2878 Ἦ
2396 2823 2630 2895 δύναμις
2655 2823 2751 2879 τοῦ
2785 2826 3089 2897 μυστηρίου
3116 2827 3210 2894 τοῦ
3237 2828 3484 2896 θανάτου
3513 2831 3610 2892 τοῦ
3631 2833 3755 2911 Χρι-

2152 2912 2297 2980 στοῦ,
2332 2913 2471 2986 αὕτη
2515 2915 2685 2968 ἐστίν·
2724 2915 2917 2988 ἐπειδὴ
2954 2918 3014 2970 τὸ
3054 2918 3178 2972 κατ’
3201 2920 3394 2975 εἰκόνα
3427 2922 3594 2993 ἡμῶν
3622 2923 3758 2993 ἠφα-

2148 3003 2381 3075 νίσαμεν
2403 3004 2494 3058 διά
2521 3005 2624 3077 τῆς
2661 3005 2962 3077 ἁμαρτίας,
2987 3009 3082 3062 καὶ
3119 3007 3210 3062 διὰ
3239 3009 3412 3064 τοῦτο
3453 3012 3761 3084 ἐνεκρώθη-

454 3100 648 3155 mortis
671 3099 776 3171 legi
801 3098 1006 3154 addicti
1032 3113 1248 3163 sumus,
1272 3105 1333 3152 ut
1361 3095 1439 3151 ait
1465 3094 1782 3166 Apostolus.
1813 3094 2045 3151 Faciens

2156 3114 2277 3168 μεν,
2316 3097 2394 3161 ὡς
2411 3091 2580 3167 ’λέγει
2623 3100 2654 3152 6
2684 3098 3030 3167 ’Δπόστολος,
3061 3103 3174 3164 τοῖς
3204 3102 3646 3174 παραπτώμασι
3677 3107 3763 3159 καὶ

446 3191 600 3247 enim
633 3203 737 3247 nos
772 3190 1038 3248 Dominus
1073 3192 1143 3247 ad
1187 3189 1487 3260 imaginem
1532 3204 1713 3255 suam,
1755 3189 2047 3245 misertus-

451 3297 560 3353 que
584 3285 792 3354 proprii
815 3285 1122 3355 plasmatis,
1161 3291 1384 3355 propter
1407 3298 1508 3338 nos
1535 3282 1713 3338 factus
1746 3293 1832 3338 est
1852 3281 2044 3348 homo,

449 3390 555 3449 pro
585 3377 747 3433 nobis
792 3388 1026 3432 mortem
1068 3377 1332 3447 suscepit,
1364 3384 1428 3430 ut
1462 3383 1711 3430 mortuos
1759 3375 2046 3431 reduceret

451 3469 523 3524 ad
554 3469 743 3536 vitam,
777 3484 844 3524 ex
901 3483 1010 3539 qua
1047 3476 1270 3539 propter
1300 3466 1730 3523 inobedientiam
1764 3467 2046 3522 excidera-

2147 3190 2270 3252 ταῖς
2296 3190 2614 3261 ἁμαρτίαις.
2659 3191 2718 3245 '0
2746 3193 2870 3246 κατ’
2896 3191 3083 3246 εἰκόνα
3108 3192 3305 3247 ἑαυτοῦ
3343 3197 3598 3266 ποιήσας
3621 3199 3764 3268 ἡμᾶς

2147 3282 2301 3351 Θεὸς,
2323 3284 2671 3356 οἰκτειρήσας
2689 3286 2753 3340 τὸ
2776 3285 2907 3341 ἴδιον
2934 3286 3160 3358 πλάσμα
3192 3287 3292 3342 καὶ
3323 3289 3438 3360 τὴν
3466 3290 3611 3344 ἰδίαν
3631 3276 3769 3354 εἰκό-

2147 3392 2234 3443 να,
2283 3377 2351 3430 δι’
2382 3378 2533 3447 ἡμᾶς
2566 3378 2791 3448 γέγονεν
2825 3378 3134 3449 ἄνθρωπος,
3165 3381 3261 3434 καὶ
3293 3379 3401 3436 τὸν
3443 3383 3598 3454 ὑπὲρ
3633 3384 3767 3438 πάν·

2145 3484 2254 3520 των
2285 3467 2608 3534 κατεδέξατο
2635 3467 2886 3537 θάνατον,
2924 3470 3012 3525 ἵνα
3037 3473 3186 3541 ἡμᾶς
3213 3471 3352 3536 τοὺς
3378 3475 3771 3546 νεκρωθέντας

452 3575 597 3614 mus.
632 3558 951 3614 Ascendens
1001 3558 1054 3612 in
1087 3570 1308 3613 crucem
1339 3556 1624 3612 voluntate
1658 3569 1760 3612 sua
1783 3595 1798 3622 ,
1832 3565 1888 3612 et
1914 3570 2042 3626 pec-

451 3659 636 3706 catum
659 3650 834 3705 ruinae
850 3656 1055 3706 nostrae
1085 3663 1311 3705 causam
1335 3648 1487 3704 cruci
1513 3648 1760 3719 alligans,
1779 3650 2044 3718 captivam

450 3741 606 3796 duxit
623 3742 1004 3811 captivitatem,
1029 3750 1090 3796 ut
1105 3739 1372 3811 scriptum
1395 3749 1478 3796 est
1493 3741 1600 3794 ενδ.
1617 3739 1760 3808 Quid
1773 3750 1855 3796 est
1871 3741 2042 3811 capti-

451 3846 574 3886 vam
606 3831 764 3885 duxit
786 3831 1149 3901 captivitatem
1171 3831 1196 3885 .9
1222 3831 1302 3886 Ex
1337 3831 1778 3903 transgressione
1802 3847 2044 3902 namque

451 3921 586 3980 Adae
619 3923 866 3992 captivos
897 3937 1089 3978 omnes
1121 3937 1223 3978 nos
1268 3922 1396 3979 fecit
1431 3924 1708 3990 inimicus,
1755 3933 1810 3979 et
1857 3924 2042 3994 subje-

451 4023 573 4070 ctos
593 4015 808 4072 habuit.
827 4011 986 4070 Unde
1011 4016 1355 4086 egredientes
1385 4017 1583 4072 animae
1623 4032 1690 4072 ex
1718 4017 2042 4088 corporibus

454 4109 768 4173 hominum,
801 4107 1014 4162 inferna
1041 4108 1335 4178 petebant:
1365 4107 1589 4163 clausus
1621 4109 1767 4164 enim
1799 4118 1918 4165 erat
1943 4124 2042 4180 pa-

2145 3559 2471 3632 ὲπαναγάγῃ
2500 3561 2637 3633 πρὸς
2667 3561 2768 3634 τὴν
2789 3561 2957 3634 ζωὴν,
2982 3563 3042 3632 ἐξ
3071 3558 3140 3636 ἦς
3164 3563 3538 3638 ὲξεπέσαμεν
3564 3567 3657 3632 διᾲ
3677 3567 3770 3638 τῆς

2147 3653 2454 3724 παρακοῆς.
2487 3654 2660 3718 Αὐτὸς
2703 3655 2814 3727 γὰρ
2865 3657 2926 3710 ὲν
2967 3656 3047 3728 τῷ
3106 3657 3250 3728 ἀγίῳ
3294 3659 3488 3714 αὐτοῦ
3555 3658 3777 3742 σταυρῷ

2145 3742 2356 3807 ἀναϐὰς
2406 3746 2504 3799 καὶ
2535 3745 2965 3818 ἀνασταυρώσας
2991 3748 3091 3818 τὴν
3123 3750 3444 3822 ἁμαρτίαν,
3470 3751 3548 3807 δι’
3580 3753 3651 3826 ἣν
3683 3752 3776 3805 καὶ

2147 3836 2516 3908 ἐξεϐλήθημεν
2579 3839 2646 3893 ὲκ
2704 3837 2800 3894 τοῦ
2852 3839 3206 3911 παραδείσου,
3260 3843 3784 3915 ᾐχμαλώτευσεν

2145 3932 2586 4001 αἰχμαλωσίαν,
2611 3930 2797 3997 καθὼς
2825 3934 3162 4005 γέγραπται.
3195 3936 3262 3990 Τί
3285 3937 3460 4008 ἐστιν
3489 3936 3783 4010 ῄ

2146 4040 2368 4082 revocr
2413 4025 2865 4098 αἰχμαλωσίαν;
2901 4026 3023 4080 Ὅτι
3075 4027 3184 4082 ἀπὸ
3225 4028 3330 4100 τῆς
3388 4031 3790 4102 παραϐάσεως

2145 4114 2238 4168 τοῦ
2281 4115 2456 4185 Ἀδάμ
2478 4113 2904 4192 ᾐχμαλώτευσεν
2941 4118 3090 4190 ἡμᾶς
3115 4120 3143 4172 ὁ
3169 4117 3378 4190 ἐχθρὸς
3415 4121 3525 4174 καὶ
3558 4122 3791 4192 ὑποχει-

453 4199 698 4254 radisus.
749 4199 1066 4254 Ascendens
1101 4199 1273 4271 igitur
1299 4197 1554 4256 Christus
1596 4200 1652 4256 in
1694 4201 2039 4259 altitudinem

2156 4206 2295 4278 ρίους
2327 4201 2680 4276 εἷχε.Λοιπὸν
2707 4201 2799 4260 οὖν
2826 4207 3183 4281 ὲξερχόμεναι
3214 4211 3272 4264 αἰ
3302 4211 3506 4283 ψυχαὶ
3539 4212 3661 4267 ἀπὸ
3696 4211 3794 4266 τοῦ

451 4299 657 4346 sancta:
683 4299 736 4345 et
761 4289 992 4346 viviiicae
1013 4291 1216 4358 crucis,
1250 4307 1282 4346 a
1311 4291 1628 4362 captivitate
1656 4293 1712 4347 in
1742 4308 1909 4364 quam
1939 4308 2041 4350 nos

2156 4295 2398 4366 σώματος
2443 4296 2552 4349 τῶν
2594 4295 2925 4368 ἀνθρώπων,
2966 4300 3045 4362 εἰς
3092 4301 3191 4372 τὴν
3222 4299 3367 4376 ᾅδην
3421 4305 3788 4378 ἀπήρχοντο’

452 4386 630 4443 hostis
644 4387 876 4443 duxerat
899 4387 970 4442 ob
992 4388 1508 4460 transgressionem,
1525 4387 1781 4444 liberavit
1800 4404 1896 4460 per
1915 4403 2044 4446 san-

2156 4386 2457 4440 ἐνέκλειστο
2480 4386 2589 4457 γάρ
2623 4388 2650 4440 6
2676 4388 3023 4458 παράδεισος.
3061 4390 3298 4456 Ἀναϐὰς
3328 4388 3440 4447 οὖν
3473 4396 3506 4448 ὁ
3539 4395 3797 4467 Χριστὸς

449 4481 674 4554 guinem
707 4495 868 4536 suum
900 4497 914 4535 :
947 4488 1002 4536 et
1047 4481 1246 4536 iterum
1288 4495 1388 4536 nos
1433 4496 1500 4536 ex
1540 4482 1798 4536 manibus
1833 4481 2044 4537 inimici

2156 4481 2226 4544 εἰς
2263 4479 2326 4532 τὸ
2374 4478 2509 4549 ὕψος
2548 4477 2644 4533 τοῦ
2683 4481 2844 4550 ἁγίου
2886 4483 2981 4536 καὶ
3018 4482 3286 4547 ζωοποιοῦ
3347 4487 3652 4558 σταυροῦ,
3694 4488 3798 4556 τῆς

451 4573 642 4638 traxit,
674 4581 729 4627 et
759 4572 1366 4643 superavitejicientem
1390 4581 1446 4628 et
1477 4572 1726 4645 captivos
1755 4571 2044 4629 facientem

2156 4570 2550 4642 ιίχμαλωσίας,
2573 4566 2641 4644 ἦς
2655 4574 2688 4644 ἡ
2700 4574 2808 4644 μᾶς
2828 4574 3255 4646 ᾐχμαλώτευσεν
3280 4579 3309 4631 ό
3330 4577 3566 4652 ἐχθρὸς
3583 4579 3684 4635 διὰ
3701 4579 3803 4650 τῆς

451 4675 586 4718 nos:
606 4671 660 4717 et
675 4661 803 4717 hinc
818 4661 1040 4727 dicitur,
1052 4663 1323 4732 captivam
1340 4661 1498 4716 duxit
1513 4661 1908 4732 captivitatem.
1921 4658 2048 4716 Haec

2156 4662 2534 4733 παραϐάσεως,
2567 4663 2838 4736 ἐρρύσατο
2870 4666 3019 4737 ἡμᾶς
3055 4666 3143 4720 διὰ
3171 4667 3266 4721 τοῦ
3310 4669 3473 4722 ἰδίου
3523 4672 3798 4742 αἵματος·

447 4764 536 4812 est
549 4757 726 4812 virtus
744 4754 988 4826 mysterii
1008 4775 1020 4809 :
1035 4763 1257 4825 propter
1273 4754 1378 4811 hoc
1394 4769 1495 4825 pro
1519 4754 1678 4810 nobis
1695 4762 1946 4809 mortuus
1963 4762 2047 4808 est

2156 4755 2289 4809 τοῦτ’
2321 4755 2490 4823 ἔστιν,
2513 4757 2810 4828 ἀφήρπασε
2837 4759 3004 4812 πάλιν
3035 4759 3184 4829 ἡμᾶς
3207 4760 3271 4812 ἐκ
3301 4761 3426 4833 τῆς
3456 4763 3673 4834 χειρδς
3703 4761 3806 4816 τοῦ

446 4848 724 4917 Christus,
758 4857 818 4905 ut
847 4864 948 4908 nos
975 4858 1224 4928 mortuos
1243 4848 1526 4907 reduceret
1553 4849 1619 4903 ad
1638 4847 1828 4902 vitam.
1857 4844 2041 4916 Erepti

2156 4848 2368 4921 ἐχθροῦ,
2402 4849 2498 4903 καί
2539 4851 2703 4903 οἰονεὶ
2745 4850 3273 4923 ἀντῃχμαλὼτευσεν
3318 4854 3505 4924 ἡμᾶς
3553 4857 3806 4927 νικήσας

447 4957 645 5000 sumus
685 4942 850 5014 igitur
884 4941 950 4996 ab
978 4939 1168 5001 inferis
1196 4940 1268 4998 ob
1301 4939 1510 4995 Christi
1538 4939 1956 5006 humanitatem,
1987 4947 2042 4994 et

2156 4945 2233 4997 ιαὶ
2257 4943 2585 4999 καταϐαλὼν
2607 4945 2699 5004 τὸν
2724 4945 3248 5019 αἰχμαλιωτεύσαντα
3268 4947 3444 5018 ἡμᾶς
3459 4991 3473 5004 .
3502 4951 3622 5016 ,Διά
3642 4949 3813 5009 τοῦτο

449 5032 508 5086 in
538 5040 724 5089 nostra
755 5046 919 5086 manu
944 5042 1026 5088 est
1053 5031 1231 5086 redire
1257 5030 1327 5086 ad
1356 5028 1675 5100 paradisum
1703 5047 1718 5083 :
1751 5043 1864 5084 non
1889 5029 2037 5085 enim

2156 5037 2357 5105 κέγεται
2403 5037 2833 5106 αἰχμαλωτίζειν
2881 5037 3279 5110 αἰχμαλωσίαν·
3330 5038 3506 5114 αὕτη
3556 5042 3730 5096 ἐστὶν
3777 5041 3812 5110 ἡ

447 5138 625 5192 usque
645 5125 780 5180 adeo
815 5125 1157 5196 tyrannidem
1187 5133 1405 5178 exercet
1431 5122 1605 5177 hostis
1637 5131 1697 5176 ut
1721 5131 1903 5187 antea,
1940 5137 2034 5177 ne-

2156 5127 2368 5200 ῐύναμις
2413 5130 2508 5182 τοῦ
2564 5131 2892 5202 μυστηρίου-³
2928 5129 3018 5184 διά
3046 5129 3204 5184 τοῦτο
3248 5133 3276 5184 6
3311 5130 3609 5206 Χριστὸς
3659 5135 3817 5203 ὑπὲρ

446 5232 553 5287 que
577 5233 676 5271 nos
703 5216 807 5272 sub
833 5232 894 5272 ea
919 5233 1025 5286 qua
1051 5217 1310 5286 primum,
1330 5212 1593 5269 servitute
1623 5211 1811 5268 habet.

2156 5217 2298 5288 “tibi:
2327 5217 2627 5285 ἀπέθανεν,
2663 5219 2753 5273 ἵνα
2783 5222 2931 5294 ἡμᾶς
2959 5221 3088 5286 τοὺς
3119 5221 3575 5293 νεκρωθέντας,
3609 5226 3697 5290 ὡς
3739 5225 3820 5280 εἷ-

447 5329 549 5365 πεν
585 5314 613 5365 6
641 5312 817 5380 ἅγιος,
855 5311 1180 5382 ὲπαναγάγῃ
1210 5308 1346 5380 πρὸς
1385 5307 1484 5378 τὴν
1524 5306 1687 5379 ζωήν.
1726 5306 2107 5379 Ἐρῤύσθημεν
2170 5307 2265 5366 οῦν
2298 5314 2366 5366 ὲκ
2393 5311 2488 5366 τοῦ
2517 5312 2647 5384 ᾇδου
2677 5313 2765 5377 δ,ιά
2795 5314 2894 5385 τῆς
2957 5313 3393 5387 φιλανθρωπίας
3471 5315 3592 5371 τοῦ
3665 5317 3823 5390 Χρι-

450 5405 600 5471 στοῦ,
629 5406 724 5480 καὶ
750 5407 806 5459 ὲν
834 5407 965 5476 ἡμῖν
993 5407 1108 5458 ἐστι
1141 5404 1203 5457 τδ
1233 5401 1488 5457 ἀπελθεῖν
1531 5401 1610 5464 εἰς
1678 5400 1771 5454 τὸν
1812 5400 2158 5472 παράδεισον.
2223 5404 2424 5458 θῦκέτι
2467 5405 2576 5476 γὰρ
2639 5407 2898 5476 τυραννεῖ
2960 5404 3146 5485 καθὼς
3183 5405 3246 5459 τὸ
3280 5408 3645 5482 πρότερον,
3686 5412 3820 5464 οὐδὲ

449 5506 563 5574 ἔχει
588 5499 1018 5570 δεδουλωμένους
1051 5499 1220 5571 ἡμᾶς.

523 5591 608 5647 VI.
643 5589 938 5661 Reliquum
964 5580 1126 5663 igitur
1156 5599 1260 5656 est,
1293 5587 1510 5654 fratres,
1543 5597 1600 5642 ut
1635 5601 1927 5642 caveamus
1971 5595 2026 5639 ct

2212 5582 2302 5650 τ’.
2337 5582 2514 5637 Μόνον
2545 5581 2949 5653 φροντίσωμεν,
2987 5580 3228 5652 ἀδελφοὶ,
3260 5583 3376 5637 καὶ
3429 5585 3818 5658 φυλάξωμεν

522 5781 544 5811 ι
573 5733 717 5826 Psal.
741 5785 882 5838 χειν,
913 5770 968 5825 6.
1044 5770 1130 5816 ω»
1155 5768 1302 5826 Psal.
1345 5783 1513 5837 van,
1549 5767 1647 5834 i9;
1680 5765 1876 5836 Ephes.
1918 5777 1992 5827 tv,
2022 5761 2074 5814 8.
