4062 6414
342 387 477 474 1329

1631 379 2020 444 DOCTRINA
2084 381 2309 440 XXIII.

3472 369 3612 437 1830

341 505 568 569 ἑαυτοὺς
599 504 708 559 ἀπὸ
736 505 831 574 τῆς
861 511 989 556 κατ’
1011 501 1295 574 ὶνέργειαν
1336 499 1630 572 ἁμαρτίας.
1655 500 1925 571 Προεῖπον

2046 494 2412 549 :ustodiamus
2443 506 2546 546 nos
2581 489 2752 560 ipsos,
2800 501 2869 544 ne
2902 499 3094 541 rursus
3140 483 3194 539 in
3239 485 3448 556 peccati
3499 485 3612 540 rui-

342 597 452 667 γὰρ
509 596 640 666 ὑμῖν
697 595 981 661 πολλάκις,
1039 595 1123 648 ὅτι
1177 594 1327 648 πᾶσα
1379 595 1413 664 ἡ
1473 593 1594 646 κατ’
1645 592 1925 664 ἐνέργειαν

345 689 591 760 ἁμαρτία.
647 687 812 742 πάλιν
883 684 1233 758 ὑποχειρίους
1294 686 1443 756 ἡμᾶς
1514 686 1679 738 ποιεῖ’
1740 682 1927 755 ἐπειδὴ

344 781 564 844 ἑκόντες
617 781 847 846 ἑαυτοὺς
893 777 1307 849 καταδάλλομεν
1366 776 1462 831 καὶ
1489 775 1923 848 καταδηλοῦμεν.

344 873 462 926 Οὐκ
485 871 604 926 ἐστι
627 874 738 943 γὰρ
759 872 988 942 αἰσχύνη
1019 871 1113 926 καὶ
1141 869 1352 940 μεγάλη
1380 868 1726 940 ταλαιπωρία
1754 868 1872 940 μεθ’
1901 867 1930 921 ὃ

345 963 690 1037 ὲλυτρώσατο
720 965 870 1036 ἡμᾶς
907 965 974 1028 ἐκ
995 961 1092 1016 τοῦ
1117 962 1245 1034 ᾅδου
1277 960 1364 1015 διὰ
1382 961 1478 1015 τοῦ
1515 960 1642 1015 ίδίου
1673 961 1928 1034 αἳματος,

350 1054 440 1110 καὶ
473 1055 593 1127 μεθ’
619 1055 648 1109 ὃ
681 1054 955 1123 ἀκούομεν
1004 1054 1198 1120 ταῦτα,
1254 1052 1350 1106 ἐὰν
1387 1051 1548 1108 πάλιν
1605 1052 1932 1123 ἀπέλθωμεν

347 1149 574 1211 ἑαυτοὺς
610 1149 690 1211 είς
714 1147 808 1202 τὸν
834 1147 1004 1219 ᾆδην;
1035 1142 1187 1218 Ἀρα
1223 1145 1323 1198 οὐκ
1353 1143 1522 1215 ἐσμὲν
1559 1143 1700 1209 ἄξιοι
1735 1144 1826 1198 καὶ
1850 1143 1933 1197 ἔτι

348 1238 591 1309 χείρονος
619 1240 720 1293 παὶ
747 1239 1115 1311 ἐλεεινοτέρας
1139 1238 1448 1301 κολάσεως;
1495 1237 1551 1291 '0
1585 1237 1715 1300 Θεὸς
1747 1238 1774 1290 ὁ
1813 1237 1932 1307 φιλ-

350 1330 638 1403 ἅνθρωπος
671 1330 888 1402 ἐλεήσει
925 1334 1096 1405 ἡμᾶς,
1138 1333 1234 1388 καὶ
1273 1333 1435 1386 δώσει
1477 1333 1610 1401 ἡμῖν
1639 1331 1798 1401 νῆψιν
1837 1330 1933 1384 τοῦ

351 1420 590 1474 συνιέναι
628 1422 723 1476 καὶ
765 1421 980 1494 βοηθεῖν
1022 1424 1253 1489 ἑαυτοῖς,
1306 1423 1392 1476 ἵνα
1434 1419 1686 1492 εὕρωμεν
1739 1421 1934 1493 μικρὸν

351 1512 520 1576 ἔλεος.

816 1630 1230 1688 ΔΙΔᾹΣΚΔΛΙΑ
1273 1635 1402 1691 KI".

361 1739 676 1821 'Eppnrsla
701 1741 824 1821 τῶν
839 1745 1178 1821 ρητῶνλτοῦ
1201 1749 1375 1818 ἁγίου
1411 1754 1743 1821 Γρηγορίου
1773 1755 1933 1821 ψαλ-

565 1813 849 1882 λομένωνν
867 1818 955 1883 είς
977 1817 1120 1885 τοὺς
1147 1813 1358 1890 ἁγίους
1390 1813 1719 1892 μᾶρτὺρας.

423 1905 503 1958 A'.
535 1905 636 1959 Διὰ
659 1905 817 1960 τοῦτο
852 1909 1018 1964 καλόν
1045 1913 1164 1966 ἐστι
1192 1914 1254 1966 τὸ
1286 1914 1511 1984 ψάλλειν
1537 1918 1602 1971 ἐκ
1636 1919 1744 1971 τῶν
1765 1918 1939 1987 λόγων

354 1995 464 2049 τῶν
501 1998 672 2066 ἁγίων
695 1999 991 2074 θεοφόρων,
1026 2004 1213 2077 ἐπειδὴ
1237 2010 1518 2080 πανταχοῦ
1545 2010 1940 2078 σπουδάζουσιν

354 2087 446 2140 ἀεὶ
473 2085 746 2144 διδάσκειν
779 2093 930 2162 ἡμᾶς
964 2094 1145 2150 πάντα
1169 2095 1244 2150 τὰ
1288 2099 1631 2154 συντείνοντα
1668 2101 1804 2174 πρὸς
1827 2118 1932 2170 φω-

353 2179 551 2248 τισμὸν
581 2179 694 2235 τῶν
721 2181 908 2254 ψυχῶν
942 2185 1122 2257 ἡμῶν·
1159 2188 1220 2242 ἐν
1253 2184 1336 2254 οἷς
1363 2191 1458 2244 καὶ
1488 2191 1774 2263 πρόκειται
1809 2194 1940 2264 ἡμῖν

357 2267 420 2335 ἐξ
453 2271 634 2327 αὐτῶν
662 2273 774 2328 τῶν
805 2278 1136 2349 προσφόρων
1163 2280 1360 2350 λόγων,
1389 2285 1487 2337 καὶ
1519 2285 1688 2356 αὐτὴν
1720 2286 1819 2356 τὴν
1849 2286 1940 2339 δύ-

357 2379 523 2434 ναμιν
561 2365 662 2436 τῆς
707 2369 1141 2444 ἐπιτελουμένης
1198 2377 1423 2448 μνήμης
1475 2377 1564 2431 ἀεὶ
1623 2379 1937 2449 μανθάνειν,

358 2453 472 2507 εἴτε
505 2457 813 2531 Δεσποτική
856 2461 1006 2516 ἐστιν
1048 2465 1232 2535 ἑορτὴ,
1263 2467 1373 2520 εἴτε
1408 2468 1579 2536 ἁγίων
1619 2469 1940 2541 μαρτύρων,

359 2545 470 2600 εἴτε
495 2549 748 2620 πατέρων
763 2552 973 2619 ἁπλῶς,
997 2555 1085 2609 οἵα
1099 2557 1301 2628 δήποτε
1319 2559 1501 2631 ἡμέρα
1517 2561 1648 2628 ἁγία
1673 2561 1765 2614 καὶ
1783 2579 1944 2632 περι-

361 2640 558 2711 φανής.
603 2643 922 2716 Ὀφείλομεν
953 2644 1049 2702 οὖν
1078 2651 1172 2703 καὶ
1199 2653 1363 2720 ἡμεῖς
1396 2653 1532 2722 μετὰ
1562 2653 1776 2723 νήψεως
1803 2654 1944 2724 ψάλ-

359 2733 494 2800 λειν,
528 2737 624 2790 καὶ
661 2737 869 2793 τιθέναι
896 2739 988 2794 τὸν
1015 2739 1143 2796 νοῦν
1164 2742 1322 2814 ἡμῶν
1354 2745 1435 2807 είς
1460 2744 1558 2816 τὴν
1586 2746 1814 2816 δύναμιν
1836 2747 1944 2800 τῶν

359 2823 536 2893 λόγων
569 2825 677 2879 τῶν
708 2827 898 2896 ἁγίων·
938 2831 1023 2884 ἵνα
1076 2831 1151 2902 μὴ
1205 2833 1366 2902 μόνον
1404 2835 1467 2886 τὸ
1511 2836 1705 2906 στόμα,
1761 2837 1945 2903 καθὼς

359 2916 510 2985 λέγει
547 2919 626 2981 εἱς
665 2920 726 2973 τὸ
752 2922 1131 2988 Γφοντικὸν,
1176 2923 1311 2978 ἀλλὰ
1357 2925 1453 2978 καὶ
1498 2927 1530 2997 ἠ
1562 2927 1761 2996 καρδία
1789 2929 1946 2999 ἡμῶν

364 3009 502 3077 μετὰ
539 3011 806 3080 στόματος
833 3011 1034 3088 ψάλλῃ.
1073 3015 1382 3087 Ἐμάθομεν
1413 3013 1506 3073 οὖν
1535 3019 1600 3072 ἐκ
1624 3017 1718 3072 τοῦ
1747 3022 1947 3089 προτέ-

364 3115 460 3170 ρου
490 3097 708 3170 ψαλμοῦ
739 3101 897 3171 ὀλίγα
928 3103 1070 3158 κατὰ
1097 3105 1198 3178 τὴν
1234 3105 1466 3177 δύναμιν
1496 3107 1658 3179 ἡμῶν
1694 3111 1821 3181 περὶ
1849 3110 1944 3164 τοῦ

2030 601 2156 640 nam
2187 585 2512 640 decidamus
2545 602 2558 638 :
2590 593 2650 638 ut
2686 580 2832 636 enim
2876 579 3033 634 vobis
3063 578 3270 649 saepius
3294 577 3407 632 dixi
3438 592 3454 633 :
3486 593 3623 649 pec-

2029 679 2135 732 cati
2160 679 2303 734 actio
2326 692 2518 734 servos
2544 692 2645 732 nos
2670 675 2824 742 facit,
2856 681 2910 729 et
2930 682 3124 743 sponte
3153 681 3341 727 nostra
3365 671 3614 728 servituti

2030 771 2159 827 huic
2201 771 2546 842 subjicimur.
2596 771 2795 825 Annon
2842 768 3042 838 pudeat
3089 780 3192 821 nos
3231 763 3448 820 nostri?
3493 762 3614 819 Non

2031 865 2392 920 misereamur
2424 863 2607 931 nobis,
2665 872 2725 917 ut
2767 862 3000 918 extracti
3037 861 3107 916 ab
3137 857 3328 914 inieris
3360 872 3458 927 per
3485 871 3616 912 sau-

2032 957 2250 1029 guinem
2284 956 2529 1022 Christi,
2582 970 2808 1011 rursum
2857 955 3170 1010 relabamur
3205 959 3262 1008 et
3302 950 3620 1020 rejiciamus

2033 1065 2136 1105 nos
2167 1049 2320 1119 ipsos
2372 1049 2427 1103 in
2458 1047 2780 1104 infernum?
2825 1047 3021 1101 Annon
3069 1045 3144 1100 ita
3190 1043 3337 1116 digni
3369 1043 3620 1098 videmur

2033 1140 2244 1211 majore
2269 1140 2539 1210 supplicio
2561 1148 2616 1195 et
2638 1141 2837 1210 poena?
2861 1137 3004 1193 Deus
3028 1139 3269 1193 clemens
3293 1136 3620 1192 misereatur

2034 1230 2230 1293 nostri,
2251 1238 2306 1285 et
2337 1231 2428 1284 det
2451 1243 2550 1299 pro
2572 1229 2732 1284 nobis
2753 1227 2996 1283 studium
3027 1226 3362 1298 intelligendi
3385 1234 3441 1281 et
3459 1239 3616 1295 opem

2034 1317 2246 1374 ferendi
2277 1320 2434 1374 nobis
2460 1318 2616 1388 ipsis,
2644 1317 2718 1372 ita
2745 1327 2805 1372 ut
2823 1317 3046 1388 paulum
3073 1317 3203 1389 quid
3230 1314 3621 1374 misericordia

2035 1422 2349 1464 mereamur
2379 1408 2458 1464 ab'
2480 1422 2546 1463 eo
2583 1408 2855 1462 invenire.

2535 1608 2888 1666 DOCTRINA
2928 1608 3118 1666 XXIII.

2142 1724 2422 1796 Expositio
2457 1728 2512 1781 in
2542 1727 2700 1782 verba
2741 1728 2850 1782 divi
2879 1725 3119 1796 Gregorii
3151 1726 3436 1780 decantata
3468 1743 3525 1780 ιη

2568 1807 2779 1852 sanctos
2819 1807 3100 1869 martyres.

2113 1890 2156 1944 Ι.
2189 1891 2398 1946 Bonum
2428 1900 2514 1946 est
2557 1905 2777 1961 semper
2817 1889 3027 1960 aliquid
3069 1890 3362 1947 decantare
3403 1905 3470 1946 ex
3509 1905 3628 1947 ser-

2041 1983 2299 2039 monibus
2325 1992 2642 2038 sanctorum
2688 1980 2936 2038 Patrum.
2985 1981 3044 2037 In
3091 1983 3178 2038 his
3223 1982 3368 2038 enim
3413 1997 3629 2053 semper

2040 2090 2232 2131 eorum
2285 2075 2528 2131 studium
2574 2073 2679 2128 fuit
2709 2090 2812 2130 nos
2842 2075 3073 2130 edocere
3097 2083 3150 2130 et
3190 2074 3427 2142 erudire,
3479 2090 3631 2145 quae-

2043 2183 2263 2239 cunque
2293 2169 2718 2223 extenderentur
2742 2167 2808 2222 ad
2838 2168 3022 2223 lumen
3060 2168 3370 2222 animarum
3416 2176 3637 2224 nostra-

2043 2279 2189 2318 rum.
2222 2263 2404 2329 Quare
2451 2261 2716 2318 debemus
2755 2273 2810 2318 et
2857 2276 2959 2317 nos
2997 2261 3172 2332 parati
3221 2277 3345 2318 esse
3384 2275 3450 2316 ex
3496 2262 3632 2332 ipsis

2045 2357 2398 2414 sermonibus
2433 2357 2685 2412 virtutem
2719 2355 2916 2412 elicere
2953 2371 3076 2426 qua
3107 2356 3430 2412 memoriam
3465 2355 3632 2428 563

2048 2459 2296 2506 nostram
2329 2460 2682 2520 mentemque
2723 2449 2988 2520 perﬁciat.
3024 2451 3204 2520 Atque
3247 2449 3350 2506 hoc
3391 2449 3630 2504 maxime

2045 2543 2358 2599 faciendum
2408 2553 2491 2599 est
2523 2559 2647 2600 cum
2693 2543 2981 2598 Dominica
3028 2544 3352 2600 solemuitas
3382 2545 3465 2601 vel
3498 2559 3631 2602 san—

2046 2647 2262 2693 ctorum
2311 2645 2657 2710 martyrum,
2732 2635 2816 2692 vel
2865 2653 3209 2708 quaecunque
3274 2637 3392 2695 dies
3442 2648 3632 2694 sancta

2047 2727 2214 2784 fuerit
2245 2738 2300 2784 et
2331 2729 2615 2800 praeclara.
2651 2729 2727 2783 ita
2758 2737 2815 2784 ut
2842 2730 3162 2800 psalmodiae
3186 2732 3430 2788 studium
3461 2743 3515 2790 et
3537 2749 3635 2789 cu-

2051 2838 2165 2877 ram
2197 2822 2580 2887 adhibeamus,
2609 2831 2663 2877 et
2685 2830 2920 2877 mentem
2953 2830 3135 2878 tamen
3165 2836 3273 2880 non
3298 2825 3636 2882 divertamus

2048 2930 2078 2970 a
2109 2916 2313 2970 virtute
2344 2923 2660 2969 sanctorum
2714 2913 3030 2968 verborum.
3087 2911 3160 2969 Ut
3204 2915 3412 2972 scilicet
3440 2933 3638 2988 quem-

2049 3004 2345 3060 admodum
2383 3006 2435 3058 in
2465 3003 2698 3058 historia
2727 3002 2953 3058 Patrum
2996 3011 3354 3072 memoratur,
3391 3014 3445 3060 et
3481 3021 3544 3062 os
3582 3017 3638 3062 et

2048 3111 2145 3152 cor
2193 3098 2399 3166 pariter
2458 3097 2717 3167 psallant.
2770 3095 3074 3152 Didicimus
3128 3097 3292 3169 igitur
3348 3114 3415 3153 ex
3455 3099 3638 3166 primo

363 3190 522 3260 ἁγίου
554 3192 763 3262 Πάσχα·
811 3194 1010 3265 ἴδωμεν
1044 3196 1208 3251 πάλιν
1255 3199 1309 3252 τί
1351 3199 1494 3254 θέλει
1542 3201 1752 3267 διδάξαι
1791 3206 1942 3275 ἡμᾶς

2049 3192 2263 3260 psalmo
2311 3190 2558 3260 quaedam
2603 3203 2703 3259 pro
2751 3191 3053 3260 capacitale
3103 3190 3302 3260 ingenii
3351 3192 3527 3247 nostri
3569 3193 3639 3248 de

363 3284 459 3338 καὶ
494 3284 767 3355 περὶτῶν·
799 3287 969 3356 ἁγίων
1015 3289 1311 3360 μαρτύρων
1355 3293 1385 3344 ὁ
1423 3293 1578 3362 ἅγιος
1621 3295 1943 3366 Γρηγόριος.

365 3375 528 3444 Λέγει
557 3376 667 3447 γὰρ
697 3377 791 3431 καὶ
822 3380 853 3431 ὁ
881 3380 961 3443 είς
990 3381 1190 3446 αὐτοὺς
1218 3382 1436 3454 ψαλμδς
1475 3385 1535 3438 ὃν
1563 3387 1794 3457 εῐπομεν
1821 3389 1949 3460 ἄρτι

365 3469 428 3521 ὲκ
457 3467 567 3521 τῶν
589 3468 774 3538 λόγων
796 3471 986 3526 αύτοῢο
1028 3473 1223 3545 Ίερεῖα
1250 3473 1491 3548 ἔμψυχα,
1521 3478 1949 3552 ὁλοκαυτώματα

363 3558 578 3627 λογικά·
602 3561 698 3615 καὶ
712 3561 780 3616 τὰ
806 3561 952 3634 ἑξῆς.
983 3565 1050 3618 Τί
1073 3567 1244 3633 ἐστιν,
1271 3568 1443 3640 ἱερεῖα
1464 3567 1714 3641 ἕμψυχα;
1734 3571 1950 3644 Ἶερεῖόν

365 3651 514 3705 ἔστιν
548 3655 657 3707 πᾶν
688 3653 750 3706 τὸ
777 3656 823 3688 ⁸ο
855 3658 1234 3730 ἀφιερωμένον
1259 3663 1340 3726 είς
1367 3660 1557 3718 θυσίαν
1579 3663 1719 3736 Θεῷ’
1749 3664 1949 3720 ὑπόθου

367 3742 657 3811 πρόϐατον,
699 3744 731 3813 ἢ
763 3745 911 3814 βοῦς,
946 3749 980 3817 ἡ
1003 3766 1057 3802 τι
1085 3751 1194 3804 τῶν
1218 3751 1498 3808 τοιούτων.
1531 3755 1631 3809 Διὰ
1661 3757 1713 3809 τί
1745 3751 1838 3810 οὖν
1858 3755 1948 3810 λέ-

367 3849 455 3899 γει
502 3835 628 3903 περὶ
667 3834 777 3886 τῶν
811 3836 984 3906 ἁγίων
1011 3842 1323 3913 μαρτύρων,
1360 3845 1532 3914 ἱερεῖα
1561 3844 1948 3918 ἐμψυχα;“οτι

365 3923 426 3974 τὸ
481 3921 753 3993 πρόϐατον
807 3927 868 3979 τὸ
928 3929 1010 3988 είς
1055 3927 1248 3984 θυσίαν
1280 3934 1695 4002 προσαγόμενον
1731 3937 1949 4008 πρῶτον

369 4007 636 4076 σφάζεται
671 4011 767 4064 καὶ
807 4013 1160 4085 ἀποθνήσκεν
1193 4013 1294 4071 εἶθ’
1326 4019 1503 4085 οὕτως
1537 4023 1820 4093 μερίζεται
1854 4025 1949 4078 καὶ

370 4102 772 4172 κατατέμνεται
798 4104 878 4175 τῷ
905 4104 1044 4177 Θεῷ.
1079 4108 1142 4160 Οί
1167 4107 1226 4162 δὲ
1259 4109 1404 4177 ἅγιοι
1440 4112 1718 4183 μάρτυρες
1748 4113 1949 4178 ζῶντες

372 4193 765 4262 κατετέμνοντο
807 4195 906 4258 τὰς
949 4197 1158 4267 σάρκας
1196 4197 1461 4270 ξεόμενοι,
1504 4200 1947 4275 βασανιζόμενοι,

373 4283 854 4354 μελοκοπούμενοι.
883 4287 1036 4341 Ἔσθ’
1065 4289 1152 4342 ὅτε
1185 4291 1292 4363 γὰρ
1324 4293 1420 4346 καὶ
1438 4296 1628 4367 χεῖρας
1649 4296 1828 4350 αὐτῶν
1851 4298 1952 4352 άπ-

369 4373 602 4427 έκοπτον
659 4377 709 4428 oi
766 4377 970 4448 δήμιοι,
1035 4380 1131 4433 καὶ
1193 4381 1360 4447 πόδας
1395 4385 1494 4438 καὶ
1546 4386 1821 4455 γλώσσας,
1853 4389 1951 4442 καὶ

2051 3290 2246 3338 sancto
2273 3283 2556 3339 Paschatc.
2579 3280 2886 3338 ’Videamus
2916 3285 3080 3338 etiam
3114 3300 3257 3341 nunc
3283 3285 3414 3356 quid
3439 3285 3641 3342 docere

2049 3389 2153 3430 nos
2183 3374 2380 3444 gestiat
2409 3375 2569 3430 divus
2601 3374 2903 3446 Gregorius
2939 3378 3003 3430 de
3038 3378 3246 3434 sanctis
3272 3379 3636 3449 martyribus;

2051 3464 2128 3519 ait
2155 3465 2302 3518 enim
2331 3464 2398 3520 de
2425 3464 2492 3518 iis
2523 3464 2766 3534 psalmus
2813 3481 2976 3535 quem
3009 3468 3172 3522 modo
3219 3468 3638 3524 concinuimus:

2053 3556 2332 3613 Sacriﬁcia
2399 3557 2670 3624 viventia,
2741 3558 3188 3615 holocautomata
3269 3561 3638 3616 rationabilis.

2051 3651 2194 3718 Quid
2239 3658 2343 3717 est,
2393 3651 2664 3707 sacriﬁcia
2696 3651 2976 3707 viventia?
3027 3651 3370 3708 Sacriﬁcium
3413 3654 3635 3719 dicitur,

2053 3743 2323 3813 quidquid
2371 3758 2589 3798 sacrum
2638 3743 2750 3798 Deo
2797 3743 3029 3810 libatur;
3079 3744 3290 3814 subjice
3335 3753 3640 3812 vervecem,

2050 3835 2135 3888 vel
2165 3835 2381 3900 bovem,
2428 3836 2513 3890 vel
2559 3835 2705 3890 aliud
2751 3836 2879 3906 quid
2926 3836 3126 3891 simile.
3167 3835 3309 3902 Quid
3347 3846 3527 3892 autem
3565 3838 3642 3892 ait

2052 3929 2118 3982 de
2163 3928 2370 3983 sanctis
2414 3929 2753 4000 martyribus
2803 3929 3075 3984 sacriﬁcia
3127 3929 3420 3984 viventia?
3485 3928 3643 3991 Aries

2051 4019 2247 4075 ductus
2292 4019 2362 4075 ad
2403 4021 2737 4076 sacriﬁcium
2777 4021 3060 4092 jugulaiur
3096 4021 3334 4092 primum
3374 4031 3428 4076 et
3471 4021 3644 4076 inter-

2051 4107 2252 4175 iicitur,
2311 4120 2503 4181 postea
2561 4109 2830 4165 dividitur
2884 4120 2938 4166 et
2985 4111 3042 4165 in
3099 4109 3270 4165 frusta
3311 4111 3640 4177 conciditur,

2052 4212 2216 4274 atque
2267 4204 2339 4259 ita
2387 4203 2708 4259 immolatur
2738 4203 2870 4260 Deo.
2924 4203 3110 4260 Sancti
3152 4213 3332 4261 autem
3374 4215 3640 4276 martyres

2052 4297 2298 4353 viventes
2322 4297 2687 4352 conciderunt
2725 4313 2920 4354 carnes
2951 4313 3103 4364 suas,
3135 4298 3422 4367 excoriati,
3467 4299 3598 4355 secti
3624 4337 3640 4362 ,

2053 4390 2311 4458 cruciati,
2334 4389 2526 4446 multis
2557 4390 2839 4446 laboribus
2866 4401 2920 4447 et
2947 4392 3236 4448 tormentis
3264 4392 3469 4448 alilieti.
3496 4392 3646 4461 Quo-

368 4465 679 4578 ὀφθαλμοὺς
715 4467 1042 4541 ἐξώρυττον,
1085 4472 1180 4525 καὶ
1221 4475 1315 4527 ἐπὶ
1349 4475 1410 4529 τδ
1437 4478 1648 4531 τούτων
1674 4478 1824 4546 ἔξεον
1850 4481 1942 4545 τὰς

2057 4499 2181 4539 rum
2211 4483 2332 4540 aliis
2356 4491 2589 4539 tortores
2613 4499 2811 4539 manus
2841 4485 3216 4552 absciderunt,
3249 4486 3372 4542 aliis
3401 4486 3644 4558 linguam

370 4557 632 4630 πλευρὰς,
665 4559 806 4613 ὥστε
841 4562 933 4615 καὶ
961 4563 1132 4635 αὐτὴν
1160 4566 1447 4635 φαίνεσθαι
1473 4569 1573 4641 τὴν
1603 4571 1942 4644 κατασκευὴν

2063 4583 2444 4641 extraxerunt,
2496 4574 2621 4630 aliis
2670 4575 2860 4631 oculos
2900 4575 3248 4646 eﬂoderunt,
3302 4578 3423 4634 aliis
3471 4557 3647 4634 latera

341 4651 467 4706 ,καὶ
498 4652 594 4722 τὴν
627 4653 898 4724 ἁρμονίαν
942 4656 1054 4709 τῶν
1103 4657 1392 4713 ὲντοσθίων
1425 4661 1627 4717 αὐτῶν.
1676 4662 1860 4719 Ταῦτα
1892 4665 1948 4719 δὲ

364 4743 567 4807 πάντα,
598 4744 674 4804 ὡς
701 4740 876 4810 εἷπον,
910 4746 1112 4813 ζῶντες
1133 4750 1406 4822 ὑπέμενον
1430 4755 1480 4807 oi
1507 4755 1651 4824 ἅγιοι
1683 4756 1762 4810 ἔτι
1795 4757 1949 4828 ἔχον-

363 4852 458 4897 τες
491 4835 592 4898 τὰς
615 4837 824 4892 ἑαυτῶν
849 4837 1051 4908 ψυχὰς,
1071 4842 1166 4894 καὶ
1193 4843 1283 4896 διὰ
1307 4843 1468 4898 τοῦτο
1491 4845 1741 4914 λέγονται
1773 4849 1946 4921 ἱερεῖα

363 4926 610 4997 ἔμψυχα,
639 4927 1072 5001 ὁλοκαυτώματα
1102 4933 1160 4986 δὲ
1184 4933 1396 5004 λογικά.
1437 4937 1537 4992 Διὰ
1581 4940 1667 5008 τί;
1727 4941 1948 5015 Ἐπειδὴ

362 5019 496 5074 ἄλλο
515 5021 634 5098 εστὶ
657 5021 838 5076 θυσία.
870 5022 1058 5078 Ἔστιν
1084 5025 1175 5078 ὅτε
1205 5027 1267 5080 οὐ
1298 5031 1705 5102 προσφέρουσιν
1735 5033 1854 5088 ὅλον
1889 5036 1952 5089 τὸ

364 5123 662 5194 πρόδατον,
684 5124 820 5177 ἀλλὰ
842 5124 1003 5196 μόνον
1027 5126 1129 5197 τὴν
1156 5128 1412 5201 ἀπαρχὴν
1435 5132 1625 5199 αὑτοῦ,
1661 5133 1844 5200 καθὼς
1871 5136 1952 5191 λέο

347 5242 449 5301 ,γει
481 5227 537 5280 ὲν
559 5225 637 5297 τῷ
668 5227 837 5298 νόμον
875 5229 986 5284 Τὸν
1008 5229 1310 5301 βραχίονα
1337 5235 1444 5288 τὸν
1475 5235 1696 5305 δεξιὸν,
1722 5239 1819 5292 καὶ
1845 5239 1953 5292 τὸν

360 5316 551 5372 λοϐὸν
574 5319 679 5374 τοῦ
709 5319 958 5388 ἥπατος,
1007 5323 1104 5376 καί
1147 5324 1290 5390 τοὺς
1313 5325 1420 5380 δύο
1450 5329 1729 5398 νεφροὺς,
1756 5331 1851 5386 καὶ
1879 5330 1958 5401 τὰ.

361 5409 526 5477 ὅμοια
561 5411 791 5475 τούτοιςο
824 5411 996 5469 ταῦτα
1019 5417 1069 5466 οἱ
1098 5419 1520 5489 προσφέροντες,
1556 5419 1746 5484 θυσίας
1782 5439 1948 5493 προσ-

363 5503 502 5572 ῆγον
529 5523 542 5537 ·
577 5505 738 5560 οἱονεὶ
768 5505 865 5578 τὴν
889 5507 1144 5580 ἀπαρχὴν
1182 5513 1538 5585 προσέφερον·
1563 5515 1656 5568 καὶ
1683 5515 1822 5586 αὕτη
1858 5514 1947 5568 λέ-

449 5657 661 5715 cLevit.
699 5677 781 5726 Ill,
812 5663 866 5729 5,
895 5661 949 5716 4.

2059 4670 2396 4738 dissuerunt,
2436 4671 2512 4725 ita
2553 4679 2614 4724 ut
2632 4668 2879 4725 ordinem
2913 4678 2967 4726 et
2987 4669 3333 4725 harmoniam
3355 4672 3645 4728 intestino-

2059 4779 2182 4818 rum
2212 4779 2435 4819 suorum
2459 4770 2683 4834 possent
2711 4777 2954 4819 cernere.
2976 4762 3108 4829 Quae
3125 4765 3308 4819 omnia
3325 4773 3379 4820 et
3401 4766 3644 4821 viventes

2057 4868 2110 4914 et
2137 4857 2406 4914 habentes
2435 4857 2618 4912 adhuc
2651 4855 2707 4910 in
2740 4856 3068 4928 corporibus
3100 4857 3314 4913 animas
3355 4858 3641 4928 patieban-

2063 4960 2170 5005 tur.
2204 4947 2388 5017 Quare
2415 4949 2619 5020 optime
2651 4948 2922 5004 sacrilicia
2944 4949 3178 5004 viventia
3207 4950 3462 5021 appellati
3489 4959 3642 5005 sunt.

2054 5043 2511 5099 liolocautomata
2554 5057 2686 5098 vero
2725 5043 3074 5098 rationabilia
3105 5058 3278 5112 quare
3306 5041 3450 5098 dicta
3477 5044 3646 5098 sunt?

2053 5136 2322 5195 Sacriﬁcii
2357 5149 2530 5207 genus
2560 5135 2707 5190 aliud
2739 5141 2842 5203 est,
2874 5135 3020 5206 quod
3045 5148 3262 5204 vocant,
3285 5151 3409 5191 cum
3433 5136 3645 5192 scilicet

2054 5242 2228 5286 totum
2271 5230 2498 5286 arietem
2535 5243 2646 5283 non
2683 5227 2944 5293 oﬂ‘erunt,
2976 5229 3073 5283 sed
3113 5229 3385 5298 primitias
3419 5229 3643 5298 ejus,ut

2053 5327 2253 5382 dicitur
2282 5327 2337 5380 iu
2383 5325 2544 5395 lege:
2585 5323 2875 5378 Bracbium
2922 5322 3206 5389 dextrum,
3256 5333 3308 5378 et
3354 5323 3553 5393 ﬁbras,
3592 5334 3642 5378 et

2052 5425 2186 5477 duos
2226 5439 2373 5477 renes
2400 5432 2447 5488 ο,
2496 5426 2550 5474 et
2581 5419 2665 5474 his
2701 5418 2901 5473 similia
2937 5438 2950 5474 :
2987 5419 3082 5492 qui
3133 5418 3251 5475 haec
3297 5418 3646 5481 offerebant,

2053 5516 2390 5572 sacrilicium
2422 5512 2623 5570 oilerre
2652 5510 2999 5582 dicebantur,
3039 5513 3147 5569 hoc
3181 5521 3289 5583 est,
3328 5511 3597 5586 primitias
3623 5529 3642 5566 :

1668 5757 1904 5813 VARl/E
1938 5757 2352 5818 LECTIONES.

435 5848 481 5879 “
508 5849 625 5903 Πᾶν
646 5849 726 5905 τό.
760 5852 992 5915 πάντως.
