4062 6436
466 340 607 409 1831
1662 329 1723 387 S.
1797 320 2196 387 DOROTHEI
2237 317 2560 378 ABBATIS
3584 313 3703 381 1332

463 471 520 520 ct
546 464 650 518 hoc
681 470 856 530 genus
888 452 1105 526 proprie
1140 449 1465 505 nominatur
1496 442 1854 523 sacriﬁcium.
1889 438 2057 493 Ilolo~

2178 452 2322 505 γεται
2353 433 2542 487 θυσία.
2585 425 3050 498 Ὀλοκαυτώματα
3098 423 3157 479 δέ
3202 424 3348 477 ἐστιν
3390 423 3472 479 ὅτε
3504 426 3615 483 ὅλον
3657 434 3711 489 τὸ

467 567 728 617 caustum
762 563 948 609 autem
985 558 1072 606 est
1102 563 1228 604 cum
1269 553 1417 601 totus
1450 541 1595 597 aries
1619 582 1633 609 ,
1677 539 1761 595 vel
1794 537 1897 593 bos
1921 578 1937 603 ,
1974 534 2063 590 vel

2178 526 2444 600 πρόϐατον
2481 525 2515 596 ἦ
2556 523 2648 577 τὸν
2682 520 2831 592 βοῦν,
2869 521 2903 591 ἦ
2937 516 3077 617 είμτί
3117 517 3236 570 ἐστι
3264 514 3325 569 τὺ
3363 522 3711 594 προσφερόμε-

467 648 739 723 quidquid
772 646 1021 712 offertur,
1055 641 1283 698 omnino
1314 636 1586 702 exuritur,
1645 643 1703 689 ut
1747 630 2063 703 praccipitur

2178 633 2275 681 νον,
2296 616 2546 669 καίουσιν
2568 612 2708 678 ὅλον,
2728 612 2803 676 ὼς
2829 609 2979 679 λέγει
3005 607 3144 673 ἐκεῖ,
3165 607 3447 676 Κεφαλὴν
3472 609 3586 665 σὺν
3606 616 3716 682 τοῖς

2295 706 2307 723 1
2418 705 2430 723 I
2510 704 2553 723 κα
2614 705 2729 723 1---.
2757 702 2902 723 _.n!_-
2948 718 2961 723 -
2991 700 3103 723 (-09
3123 700 3208 723 2--
3239 699 3668 723 ξι---λ..ς.κ.οκο--ξ

469 699 525 804 iit
557 699 715 820 lege:
751 744 925 814 Caput
969 757 1088 795 cum
1127 738 1348 810 pedibus
1384 745 1433 790 et
1480 732 1749 789 intestinis
1784 730 2062 785 combure-

2178 706 2311 762 ποσὶ
2332 705 2434 761 καὶ
2455 704 2581 773 τοῖς
2601 702 2961 769 ἐντοσθίοιςο
2991 700 3103 756 ἔσθ’
3120 700 3210 754 ὅτε
3236 699 3292 753 δὲ
3304 699 3497 773 καὶτὴν
3513 700 3716 774 βύρσαν,

2178 799 2260 820 .--Α
2285 798 2380 820 ΑΔ-.
2411 797 2616 820 --ιμμη
2668 795 2759 820 --.Δ
2791 791 2937 820 ιο.--ζ
2971 791 3158 820 ι-Ὶέι-
3200 791 3320 820 2.1....
3350 792 3406 820 ιζ
3427 793 3540 820 2X-..
3571 812 3694 820 --_..._

557 791 603 802 η
647 791 673 802 ν
701 791 715 802 .
754 791 922 814 ,μνη
1127 791 1179 810 ,θ

472 843 541 896 tia
570 791 647 897 do:
685 849 1084 905 nonnunquam
1143 833 1309 887 etiam
1360 830 1552 902 pellem
1599 849 1613 885 :
1658 836 1732 895 et,
1766 834 1826 881 ut
1872 824 2062 888 brevi,

2178 799 2265 854 καὶ
2282 798 2380 869 τὴν
2411 797 2640 867 κόπρον,
2668 795 2765 849 καὶ
2788 791 2938 858 ἅπαξ
2968 791 3177 855 ἁπλῶς,
3200 791 3320 845 ὅλον
3349 792 3408 854 ἐξ
3427 793 3543 847 ὅλου
3571 812 3724 851 κατα-

2167 889 2437 943 καίουσιν.
2474 886 2626 958 Αὕτη
2661 886 2881 955 λέγεται
2915 884 3305 947 ὁλοκαύτωσις.
3345 882 3524 950 Οὕτως
3551 889 3724 943 ἐπετέ-

2168 981 2295 1035 λουν
2325 979 2420 1034 καὶ
2451 978 2551 1042 τὰς
2580 977 2773 1041 θυσίας
2824 976 2920 1030 καὶ
2970 976 3071 1039 τὰς
3113 973 3504 1040 ὁλοκαυτώσεις
3541 978 3590 1030 οἱ
3633 980 3730 1035 υἱοὶ

2179 1070 2402 1142 Ἰσραὴλ
2434 1068 2578 1124 κατὰ
2604 1069 2697 1123 τὺν
2718 1069 2902 1139 νόμον.

2242 1164 2318 1219 B'.
2359 1162 2616 1233 Σύμϐολα
2640 1159 2697 1214 δὲ
2725 1156 2868 1232 ἦσαν
2898 1160 2954 1213 αἱ
2984 1158 3171 1212 θυσίαι
3195 1159 3401 1211 ἐκεῖναι
3424 1159 3516 1212 καλ⁵
3538 1161 3591 1212 αἱ
3614 1162 3732 1215 -ὁλο-

2171 1255 2477 1319 καυτώσεις
2512 1254 2622 1307 τῶν
2658 1252 2850 1323 ψυχῶν
2888 1250 2998 1306 τῶν
3046 1249 3320 1304 θελουσῶν
3353 1249 3606 1321 σωθῆναι,
3654 1254 3738 1308 καὶ

2172 1348 2375 1413 ἑαυτὰς
2415 1348 2783 1419 προσενέγκαι
2825 1343 2904 1415 τῷ
2950 1342 3095 1414 Θεῷ.
3143 1338 3281 1399 K11"
3298 1340 3447 1410 λέγω
3495 1343 3619 1413 ὑμῖν
3654 1345 3738 1398 καὶ

2173 1439 2539 1512 περὶτούτων
2569 1439 2727 1507 ὀλίγα
2766 1434 2826 1505 ἒξ
2867 1430 2945 1490 ὧν
2987 1431 3141 1489 εἷπον
3172 1435 3219 1487 ot
3250 1433 3512 1507 Πατέρες,
3549 1432 3738 1490 ἴναότε

2174 1529 2582 1599 ἀναγινώσκετε
2630 1526 2794 1595 αὐτὰ,
2847 1527 3089 1597 ἀνάγητε
3139 1524 3341 1597 μικρὸν
3388 1524 3458 1578 τὰ
3511 1522 3740 1597 νοήματα

470 932 658 988 omnia
695 927 1125 986 comburebant;
1160 933 1215 979 et
1254 924 1359 978 hoc
1388 930 1508 978 erat
1538 921 1759 992 prOprie
1798 917 2065 972 holocau-

471 1033 642 1082 stum.
692 1038 773 1078 Ita
806 1021 1143 1091 peragebant
1179 1015 1453 1073 sacriﬁcia
1487 1024 1543 1071 et
1594 1013 1920 1069 holocausta
1966 1008 2065 1064 ﬁlii

472 1116 639 1175 Israel
670 1113 974 1171 secundum
1004 1111 1179 1182 legem
1192 1151 1206 1166 .

541 1206 609 1266 Il.
650 1207 910 1279 Symbola
960 1214 1117 1260 erant
1164 1201 1439 1259 sacriﬁcia
1489 1201 1584 1257 illa
1624 1207 1690 1269 et
1742 1198 2065 1252 holocausta

471 1304 785 1360 animarum
812 1300 1047 1356 salutem
1078 1296 1466 1369 quaerentium,
1490 1304 1546 1350 et
1574 1309 1697 1350 sese
1720 1290 2067 1347 oﬁ‘erentium

474 1397 605 1461 Deo,
638 1398 707 1452 de
734 1394 937 1464 quibus
962 1392 1131 1447 etiam
1164 1405 1265 1461 ego
1296 1403 1447 1445 nunc
1489 1387 1647 1443 vobis
1692 1401 1867 1457 pauca
1918 1399 2069 1454 quae-

473 1492 599 1547 dam
629 1489 928 1555 reserabo;
971 1498 1032 1543 ut
1066 1501 1194 1542 cum
1234 1500 1299 1540 ea
1334 1483 1575 1555 [egeritis
1614 1493 1669 1537 et
1709 1479 2069 1552 cogitationes

474 1594 689 1641 vestras
722 1583 776 1638 in
803 1582 895 1637 illa
926 1579 1301 1643 intenderitis,
1330 1575 1561 1633 foveatis
1590 1575 1806 1630 animas
1834 1583 2069 1629 vestras.

474 1677 772 1734 Bracltium
827 1674 895 1729 de
945 1689 1055 1744 quo
1096 1671 1488 1743 praediximus,
1543 1666 1886 1738 interpretati
1941 1671 2071 1720 sunt

476 1770 715 1841 majores
743 1765 920 1823 nostri
947 1749 1201 1821 actiones.
1226 1777 1371 1819 esse.
1415 1760 1771 1831 Accipiamus
1800 1767 1983 1812 autem
2014 1765 2070 1810 et
2101 1787 2145 1846 Β

474 1878 580 1934 pro
607 1863 798 1918 eadem
833 1874 892 1915 re
924 1874 1175 1926 manum,
1201 1866 1262 1913 ut
1290 1856 1531 1912 solemus
1555 1853 1758 1919 dicere,
1784 1852 2069 1909 brachium

479 1958 737 2011 virtutem
771 1967 893 2009 esse
942 1966 1164 2006 manus.
1215 1948 1548 2004 Obtulerunt
1592 1946 1756 2016 igitur
1812 1944 2071 2000 virtutem

476 2063 601 2104 esse
648 2061 847 2101 manus
885 2045 1113 2111 dextrae,
1168 2041 1276 2097 hoc
1311 2047 1396 2097 est
1422 2079 1438 2105 ,
1491 2039 1762 2095 bonorum
1806 2052 2068 2106 operum;

479 2139 761 2197 dexteram
791 2136 940 2194 enim
986 2152 1087 2207 pro
1116 2135 1264 2191 bono
1297 2132 1596 2203 accipiunt.
1635 2130 1702 2185 Et
1749 2129 1857 2184 alia
1887 2129 2073 2184 omnia

479 2243 825 2300 quaecunque
854 2226 1121 2293 diximus,
1154 2224 1343 2290 ﬁbras,
1373 2239 1534 2279 rencs
1562 2222 1702 2278 duos
1731 2261 1746 2286 ,
1801 2221 2072 2276 abdomen

479 2334 697 2384 eorum,
732 2317 970 2381 lumbos,
1001 2329 1193 2371 sevum
1221 2328 1472 2379 crurum,
1506 2326 1625 2377 cor,
1655 2311 2069 2383 pectusculum:

482 2412 640 2482 signa
671 2421 830 2467 erant
861 2411 979 2466 haec
1010 2410 1219 2474 omnia,
1253 2421 1311 2463 ut
1340 2408 1488 2464 enim
1534 2407 1612 2463 ait
1645 2407 1809 2463 etiam
1837 2406 2074 2477 Aposto-

480 2505 570 2561 lus
617 2522 630 2559 :
687 2502 757 2558 In
804 2503 985 2575 ﬁgura
1023 2502 1136 2558 hac
1186 2503 1365 2556 omnia
1414 2500 1786 2572 contingebant
1839 2500 1994 2555 illis:
2026 2507 2075 2554 et

482 2597 683 2666 scripta
735 2606 857 2649 sunt
909 2594 980 2650 ad
1013 2595 1320 2649 doctrinam
1354 2603 1591 2648 nostram
1618 2604 1664 2648 θ.
1707 2594 1775 2648 Et
1803 2593 1929 2660 hoc,
1964 2606 2078 2664 quo

2176 1619 2353 1691 ὑμῶν,
2404 1623 2500 1676 καὶ
2539 1622 2824 1693 πιαίνηται
2866 1622 2901 1693 ἠ
2941 1618 3089 1690 ψυχὴ
3128 1617 3307 1689 ἡμῶν.
3350 1618 3458 1671 Τὸν
3504 1618 3743 1690 βραχίονα

2177 1712 2426 1782 λέγουσιν
2472 1710 2615 1768 εἶναι
2667 1712 2767 1786 τὴν
2810 1712 3121 1784 πρακτικήν
3142 1726 3156 1740 ο
3192 1709 3565 1781 λαμϐάνονται
3595 1712 3648 1767 δὲ
3672 1715 3742 1776 εἰς

2171 1805 2379 1877 ταύτην
2421 1806 2479 1858 αἱ
2524 1807 2726 1878 χεῖρες,
2760 1803 2944 1869 καθὼς
2969 1804 3068 1859 καὶ
3106 1804 3384 1876 διαφόρως
3410 1802 3654 1875 εἴπομεν,
3693 1805 3746 1859 ὐ

2177 1899 2422 1970 βραχίων
2446 1899 2479 1968 ἡ
2513 1897 2746 1969 δύναμίς
2776 1899 2893 1952 ἐστι
2921 1899 3024 1967 τῆς
3048 1897 3231 1968 χειρός
3249 1912 3265 1927 ο
3296 1887 3777 1969 Προσὲφερονόὒν’

2174 1989 2273 2060 τὴν
2304 1988 2536 2061 δύναμιν
2561 1988 2663 2058 τῆς
2698 1986 2881 2052 δεξιᾶς
2921 1990 3127 2059 χειρὸς,
3155 1987 3303 2042 τοῦτ’
3338 1986 3460 2040 ἐστι
3493 1988 3600 2042 τῶν
3626 1989 3755 2055 ἀγα-

2176 2081 2286 2136 θῶν
2333 2082 2544 2154 ἔργων·
2582 2080 2679 2153 τὴν
2711 2080 2895 2148 δεξιὰν
2922 2081 3035 2151 γὰρ
3082 2081 3166 2145 είς
3199 2079 3262 2133 τὸ
3311 2079 3522 2149 ἀγαθὸν
3557 2078 3755 2151 λαμϐά-

2176 2190 2351 2239 νουσι,
2387 2175 2482 2227 καὶ
2506 2172 2578 2227 τὰ
2602 2172 2742 2228 ἄλλα
2772 2172 2953 2227 πάντα
2984 2174 3091 2226 ὅσα
3118 2174 3351 2244 εἴπομεν
3372 2190 3390 2204 ·
3422 2168 3537 2226 οἷον
3568 2175 3596 2226 b
3622 2172 3760 2237 λοϐὸς

2175 2263 2271 2317 τοῦ
2307 2264 2538 2334 ἥπατος,
2575 2267 2672 2317 καὶ
2701 2264 2753 2317 οἱ
2795 2262 2891 2315 δύο
2919 2263 3132 2334 νεφροὶ,
3164 2262 3261 2316 καὶ
3288 2261 3353 2315 τὸ
3395 2262 3567 2333 στέαρ
3594 2262 3654 2316 rb
3682 2262 3763 2315 ἀπ’

2178 2352 2381 2419 αὐτῶν,
2419 2352 2515 2406 καὶ
2538 2354 2573 2423 ἡ
2610 2352 2782 2422 ὀσφὺς
2810 2353 2907 2407 καὶ
2932 2352 2994 2406 τὸ
3021 2353 3190 2424 στέαρ
3214 2351 3279 2405 τὸ
3314 2351 3425 2406 ἐπὶ
3455 2352 3566 2406 τῶν
3595 2351 3767 2424 μηρῶν

2180 2445 2276 2498 καὶ
2326 2446 2361 2514 ἡ
2410 2442 2612 2514 καρδία
2655 2441 2750 2496 καὶ
2794 2440 2859 2495 τὸ
2908 2440 3198 2512 στηθήνιον
3240 2440 3340 2494 καὶ
3394 2439 3500 2495 ὅσα
3538 2439 3766 2494 τοιαῦτα.

2191 2534 2428 2605 Ὁμοίως
2460 2532 2752 2588 καὶταῦτα
2784 2532 2848 2585 σύ
2858 2525 3032 2604 μϐολά
3053 2534 3183 2587 εἰσι.
3209 2530 3420 2586 Ταῦτα
3437 2531 3549 2602 γὰρ
3569 2529 3770 2593 πάντα,

2177 2628 2253 2691 ὡς
2282 2626 2431 2695 λέγει
2455 2629 2484 2680 ὁ
2523 2624 2871 2691 Ἀπόστολος,
2912 2622 3181 2688 τυπικῶς
3224 2624 3607 2679 συνέϐαινεν
3635 2622 3775 2677 ἐκεί·-

2179 2736 2331 2786 νοις.
2362 2716 2629 2790 Ἔγράφη
2648 2716 2717 2770 δὲ
2746 2718 2900 2786 πρὸς
2927 2717 3257 2772 νουθεσίαν
3280 2715 3490 2785 ἡμῶν.
3518 2715 3629 2782 Καὶ
3649 2714 3785 2783 λέγω

2183 2812 2313 2883 ὑμῖν
2342 2809 2460 2874 πῶς
2486 2812 2519 2881 ή
2550 2810 2720 2881 ψυχὴ,
2754 2809 2831 2873 ὡς
2861 2808 3010 2878 λέγει
3041 2810 3070 2862 ὁ
3109 2808 3269 2877 ἅγιος
3295 2808 3642 2881 Γρηγόριος,
3670 2823 3779 2877 τρι-

2183 2903 2356 2975 μερής
2406 2903 2574 2956 ἐστιν.
2626 2902 2782 2972 Ἔχει
2829 2901 2939 2974 γὰρ
2989 2901 3053 2954 τὸ
3096 2899 3544 2972 ἐπιθυμητικὸν,
3596 2898 3782 2954 καὶτὸ

2184 2991 2436 3063 θυμικὸν,
2475 2992 2569 3046 καὶ
2600 2992 2660 3046 τὸ
2702 2991 3323 3061 λογικόν.·Προσέφερον
3350 2987 3465 3045 οὖν
3508 2990 3602 3044 τὸν
3640 2989 3782 3043 λοϐὸν

2182 3084 2279 3138 τοῦ
2310 3085 2541 3156 ἥπατος.
2578 3085 2653 3137 Tb
2682 3079 2838 3156 ἧπαρ
2884 3082 3256 3154 λαμϐάνουσιν
3302 3085 3352 3137 οἱ
3419 3082 3673 3154 Πατέρες
3715 3084 3787 3147 εἰς

2184 3179 2285 3250 τὴν
2314 3177 2614 3248 ἐπιθυμίαν
2633 3194 2645 3206 '
2673 3179 2701 3231 ὁ
2729 3177 2788 3231 δὲ
2814 3177 2971 3240 λοϐὸς
3007 3175 3104 3229 τοῦ
3134 3176 3351 3247 ἥπατός·
3401 3174 3520 3229 ἔστι
3548 3175 3613 3230 τὸ
3630 3176 3788 3247 ἄκρον

482 2695 681 2757 pacto,
734 2685 914 2741 dicam
945 2703 958 2740 :
998 2685 1185 2741 anima
1221 2695 1411 2740 nostra
1448 2684 1546 2754 (ut
1581 2685 1659 2739 ait
1682 2684 1840 2741 divus
1869 2684 2077 2756 Grego-

483 2777 638 2846 rius)
667 2777 722 2831 in
752 2785 863 2832 tres
895 2785 1078 2847 partes
1115 2776 1293 2832 divisa
1323 2786 1427 2843 est,
1467 2778 1520 2830 in
1555 2777 1927 2847 appetibilem,
1964 2777 2078 2833 ira-

484 2870 732 2926 scibilem
767 2881 821 2925 et
870 2870 1280 2927 rationabilem.
1336 2871 1666 2926 Ubtnlerunt
1712 2871 1880 2942 igitur
1913 2870 2080 2928 ﬁbras

486 2962 720 3034 hepatis.
776 2963 956 3032 Ilepar
1010 2963 1443 3033 interpretantur
1497 2962 1691 3021 Patres
1737 2968 2079 3036 appetitum:

486 3056 624 3110 ﬁbra
673 3062 855 3110 autem
909 3056 1124 3127 hepatis
1157 3066 1242 3111 est
1295 3072 1571 3112 summum
1618 3058 1793 3128 ipsius
1839 3060 2076 3131 hepatis.

485 3145 819 3204 Obtulerunt
865 3148 1032 3219 igitur
1084 3149 1161 3203 illi
1196 3149 1251 3202 in
1300 3149 1471 3220 ﬁgura
1506 3151 1881 3206 summitatem
1910 3128 2079 3222 appe-
2106 3128 2151 3186 θ

488 3238 660 3294 tibilis
694 3240 889 3311 partis,
925 3239 1028 3295 hoc
1058 3250 1164 3304 cst,
1197 3239 1470 3309 primitias
1493 3239 1661 3313 464
1689 3243 1832 3313 ejus,
1866 3252 2078 3313 partem

488 3347 624 3388 sane
672 3331 933 3402 Optimam
990 3342 1045 3386 et
1088 3332 1264 3401 magis
1314 3334 1612 3403 pretiosam
1655 3335 1827 3404 ipsius
1876 3353 1891 3390 :
1932 3337 2081 3407 quod

489 3424 764 3495 signiﬁcat
799 3423 933 3477 nihil
965 3431 1095 3478 ante
1125 3422 1298 3478 Deum
1337 3439 1461 3480 esse
1508 3424 1870 3495 diligendum,
1906 3443 2083 3497 neque

489 3531 558 3571 ex
604 3516 862 3571 omnibus
907 3516 1294 3587 appetibilibus
1337 3525 1467 3572 ante
1497 3516 1666 3572 Deum
1714 3520 2081 3590 appetendum

490 3624 639 3665 esse.
671 3607 918 3664 Dicimus
947 3610 1110 3663 etiam
1160 3609 1309 3681 quod
1355 3620 1539 3681 partes
1594 3613 1769 3681 magis
1814 3614 2084 3683 pretiosas

492 3699 766 3764 obtulere,
800 3698 1016 3769 quales,
1057 3713 1240 3764 renes,
1271 3698 1513 3764 lumbos,
1547 3699 1839 3766 abdomen,
1871 3709 1926 3756 et
1956 3717 2084 3757 cru-

493 3807 615 3846 rum
650 3789 1075 3862 pinguedinem;
1111 3806 1233 3861 qute
1262 3790 1449 3845 omnia
1478 3793 1858 3848 excellentiam
1890 3809 2086 3864 quam-

492 3883 621 3939 dam
647 3882 960 3953 signiﬁcant
988 3898 1003 3936 :
1037 3881 1091 3935 in
1119 3881 1206 3936 his
1229 3882 1376 3936 enim
1404 3881 1597 3937 dicunt
1614 3897 1737 3939 esse
1760 3885 2082 3954 appetitum.

495 3975 624 4032 Haec
651 3976 816 4046 igitur
848 3974 1004 4046 signa
1051 3983 1180 4030 sunt
1212 3975 1387 4044 partis
1425 3975 1752 4045 appetibilis.
1789 3975 2086 4034 lrascibilis

494 4080 681 4124 autem
713 4067 931 4140 signum
967 4067 1164 4124 dicunt
1193 4082 1288 4123 cor
1320 4086 1335 4123 :
1372 4066 1427 4122 in
1469 4084 1534 4124 eo
1580 4069 1728 4123 enim
1780 4068 1920 4123 iram
1963 4084 2088 4126 esse

2183 3268 2373 3325 αὑτοῦ.
2410 3270 2757 3341 Προσέφερον
2785 3264 2880 3324 οὖν
2908 3269 3106 3322 ἐκεῖνοι
3136 3266 3511 3339 συμϐολικῶς
3542 3267 3607 3321 τὸ
3629 3266 3790 3336 ἄκρον

2181 3361 2722 3433 τοῢχὲπιθυμητικοῦ
2775 3362 3001 3434 μέρους,
3040 3360 3187 3416 τοῦτ’
3210 3360 3327 3415 ἔστι
3391 3361 3498 3433 τὴν
3545 3358 3790 3431 ἀπαρχὴν

2184 3454 2371 3520 αὐτοῦ,
2400 3454 2462 3508 τὸ
2499 3453 2853 3509 καλλιστεῦον
2891 3453 2992 3508 καὶ
3013 3452 3343 3525 τιμιώτερον
3387 3453 3567 3524 μέρος
3598 3449 3789 3505 αὑτοῦ·

2183 3547 2321 3620 ὅπερ
2345 3547 2627 3619 σημαίνει,
2648 3547 2712 3601 τὸ
2739 3547 2905 3619 μηδὲν
2927 3546 3034 3619 πρὸ
3056 3546 3151 3600 τοῦ
3169 3544 3308 3601 Θεοῦ
3328 3547 3606 3618 ἀγαπᾷν,
3637 3542 3793 3616 μηδὲν

2184 3639 2249 3690 ἐκ
2284 3636 2504 3690 πάντων
2533 3636 2641 3690 τῶν
2672 3636 3091 3708 ἐπιθυμητικῶν
3137 3638 3434 3709 προτιμᾷν
3466 3637 3577 3708 τῆς
3605 3638 3689 3700 είς
3713 3634 3799 3688 τὸν

2184 3727 2320 3783 Θεὸν
2370 3727 2694 3799 ἐπιθυμίας.
2747 3728 2991 3799 Εἴπομεν
3041 3728 3154 3802 γὰρ
3199 3729 3284 3784 ὅτι
3334 3729 3416 3784 τὸ
3474 3728 3799 3801 τιμιώτερον

2185 3814 2335 3887 αὐτῷ
2381 3816 2722 3889 προσέφερον
2748 3833 2762 3848 ο
2819 3818 2914 3871 καὶ
2941 3819 2990 3872 oi
3034 3819 3227 3890 νεφροὶ⁵
3271 3817 3354 3885 δὲ,
3412 3823 3521 3875 xal.
3555 3820 3620 3876 τὺ
3647 3819 3805 3890 στέαρ

2183 3906 2246 3960 τὸ
2273 3907 2369 3962 ἀπ’
2395 3908 2600 3976 αὐτῶν,
2628 3908 2722 3963 καὶ
2748 3910 2782 3980 ἡ
2814 3909 3010 3980 ὀσφὺς,
3043 3909 3140 3964 καὶ
3174 3909 3237 3963 τὸ
3259 3910 3446 3984 στέαρ
3478 3908 3546 3967 τὸ
3577 3913 3675 3967 ἐπὶ
3700 3911 3803 3966 τῶν
3902 3918 3907 3929 ’

2190 4000 2406 4072 μηρῶν,
2431 3999 2493 4053 τὸ
2518 4000 2653 4054 αὐτὸ
2702 4000 2847 4055 κατὰ
2875 4000 3172 4070 ἀναλογίαν
3215 4000 3343 4057 τινὰ
3397 4005 3804 4076 σημαίνουσινο

1484 4084 1534 4172 io
1580 4083 1734 4172 em":
1782 4084 1920 4172 'fﬂm
1963 4084 2088 4126 esse
2188 4092 2441 4165 ὲκεῖγὰρ
2478 4093 2731 4165 λέγουσιν
2776 4088 2917 4147 εἶναι
2944 4095 3044 4165 τὴν
3079 4094 3411 4166 ἐπιθυμίαν.
3459 4082 3808 4152 Ἱδοίίταῦτά

492 4169 807 4226 autumant,
837 4168 893 4216 et
933 4161 1039 4216 hoc
1087 4160 1396 4216 aﬁlrmatur
1425 4161 1591 4216 etiam
1622 4176 1655 4216 a
1696 4160 1920 4228 Basilio,
1960 4178 2079 4218 cum

2188 4186 2303 4238 ἐστι
2470 4160 2721 4255 σύμϐολα
2758 4184 2855 4238 τοῦ
2902 4160 3307 4257 ἐπιθυμητικοῦ
3339 4187 3587 4259 μέρους.
3623 4187 3737 4243 Τοῦ
3760 4186 3816 4241 δὲ

493 4254 638 4310 iram
670 4254 743 4309 ita
772 4253 964 4308 deﬁnit
995 4273 1010 4308 :
1054 4272 1074 4306 ι
1108 4250 1196 4307 lra
1233 4263 1318 4309 est
1343 4253 1595 4309 ebullitio
1623 4254 1911 4324 sanguinis
1939 4255 2079 4311 circa

2189 4275 2425 4348 θυμικοῦ
2479 4250 2750 4347 σύμϐολόν
2779 4279 2929 4331 ἐστιν
2954 4279 2987 4350 ἠ
3027 4250 3260 4350 καρδία·
3293 4250 3435 4334 ἐκεῖ.
3463 4250 3589 4354 γὰξρ
3619 4281 3814 4349 λέγου-

493 4367 615 4407 cor.
654 4369 674 4403 ι
704 4350 1093 4406 Pectusculum
1141 4358 1325 4405 autem
1369 4351 1587 4422 signum
1629 4359 1713 4407 est
1756 4350 2079 4417 rationalis;

2190 4378 2275 4417 σιν
2313 4358 2453 4418 εἶναι
2476 4363 2569 4418 τὸν
2600 4364 2794 4436 θυμὸν,
2823 4365 2920 4420 καὶ
2946 4365 3127 4432 τοῦτο,
3157 4368 3429 4438 σημαίνει
3459 4350 3570 4425 καλ.
3600 4373 3633 4427 ὁ
3664 4371 3819 4440 ἅγιος

496 4455 624 4496 nam
657 4450 848 4510 pectus
894 4441 1163 4496 rationem
1213 4441 1525 4511 signiﬁcare
1553 4441 1729 4507 aiunt,
1764 4441 2079 4496 inducente:

2190 4453 2474 4521 Βασίλειος
2505 4456 2713 4528 λέγων·
2753 4475 2774 4511 t
2812 4457 2996 4529 Θυμός
3029 4460 3149 4513 ἐστι
3182 4460 3336 4525 ζέσις
3368 4461 3480 4516 τοῦ
3537 4481 3818 4536 περικαρ-

490 4531 719 4604 Moysen
769 4547 893 4588 cum
942 4534 1123 4586 Aaron
1174 4531 1399 4588 fratrem
1448 4532 1701 4588 indueret
1746 4533 2079 4591 sacerdotale

2188 4547 2301 4601 δίου
2331 4549 2584 4621 αἵματος.
2622 4569 2643 4603 ι
2685 4550 2760 4605 Τὸ
2791 4551 2847 4605 δὲ
2877 4552 3166 4624 στηθήνιον
3218 4552 3517 4625 σύμϐολόν
3568 4531 3697 4611 ἔστι
3730 4531 3825 4611 τοῦ

491 4625 917 4694 indumentum,
968 4626 1177 4697 pectori
1228 4626 1348 4697 ejus
1381 4625 1690 4692 rationale,
1739 4635 1799 4681 ut
1841 4628 2079 4698 jusserat

2187 4639 2431 4710 λογικοῦ·
2459 4643 2522 4697 τὸ
2571 4642 2682 4716 γὰρ
2730 4643 2927 4716 στῆθος
2963 4646 3045 4711 είς
3091 4645 3250 4702 τοῦτο
3281 4648 3682 4718 λαμϐάνουσι.
3727 4648 3828 4703 Διὰ

493 4717 783 4785 Dominus,
820 4719 1170 4790 apposuisse.
1225 4717 1353 4773 Haec
1390 4718 1558 4789 igitur
1584 4719 1794 4786 omnia,
1831 4729 1891 4775 ut
1939 4721 2079 4775 dixi-

2186 4731 2346 4787 τοῦτο
2375 4735 2471 4789 καὶ
2506 4734 2599 4791 τὸν
2635 4736 2839 4791 Μωσέα
2867 4737 3115 4807 λέγουσιν
3146 4717 3413 4794 ἐνδύονται
3450 4743 3558 4798 τὸν
3606 4740 3832 4818 Ἀαρὼν

494 4825 643 4878 mus,
679 4810 832 4881 signa
874 4820 1005 4866 sunt
1050 4811 1270 4873 animas,
1322 4823 1444 4878 quae
1485 4823 1545 4863 se
1587 4822 1685 4878 per
1731 4809 1876 4864 bona
1918 4825 2079 4882 opera

2187 4824 2249 4877 τὸ
2282 4823 2502 4897 ἅνθυμα
2535 4828 2596 4881 τὸ
2628 4827 3036 4901 ἀρχιερατικδν,
3082 4831 3178 4885 ἐπὶ
3208 4831 3306 4887 τοῦ
3342 4835 3617 4905 στήθους
3658 4809 3831 4888 αὗτοῦ

492 4913 715 4974 purgat,
746 4908 803 4957 et
844 4902 986 4956 redit
1017 4902 1086 4957 ad
1120 4899 1396 4970 propriam
1428 4898 1704 4955 naturam.
1730 4898 1891 4967 Nam,
1926 4911 1987 4957 ut
2010 4902 2079 4958 ait

2187 4915 2389 4973 διδόναι
2440 4919 2502 4973 τὸ
2550 4898 2768 4989 λόγιον,
2795 4898 2970 4976 -κατὰ
3021 4923 3122 4994 τὴν
3166 4922 3264 4977 τοῦ
3312 4898 3465 4978 Geor";
3524 4925 3835 5000 διαταγήν.

494 4988 786 5062 Evagrius,
808 4991 1093 5046 rationalis
1124 4991 1310 5044 anima
1344 4997 1476 5044 tunc
1503 4989 1615 5060 agit
1653 4988 1956 5047 secundum
1988 5009 2079 5049 na-

2189 5009 2377 5063 Ταῦτα
2424 5006 2517 5065 οὖν
2570 4988 2787 5079 adv-ra,
2814 5013 2892 5078 ὡς
2943 4988 3195 5087 εἴπομεν,
3244 5014 3522 5087 σύμϐολά
3564 5020 3687 5072 etot
3718 4988 3837 5088 -τὲἡς

494 5092 698 5149 turam,
732 5099 856 5141 cum
889 5099 1017 5155 pars
1059 5084 1181 5154 ejus
1221 5082 1532 5153 appetibilis
1563 5082 1794 5140 virtutes
1838 5085 2079 5156 appetit,

2189 5102 2372 5175 ψυχῆς
2401 5103 2611 5174 τῆςδιὰ
2642 5106 2742 5177 τῆς
2776 5082 3091 5179 πρακτικῆς
3125 5107 3224 5161 σὺν
3262 5082 3386 5178 Θέῷ
3417 5082 3841 5184 καθαιρούστξς

493 5175 789 5232 irascihilis
838 5179 905 5251 ad
940 5190 1034 5233 eas
1068 5173 1436 5247 acquirendas
1471 5184 1700 5247 pugnat,
1736 5179 2079 5236 rationabilis

2192 5173 2394 5267 έαυτὴν
2425 5173 2521 5248 καὶ
2549 5196 2645 5250 ἐπὶ
2674 5173 2735 5251 τὸ
2780 5173 2924 5252 κατὰ
2966 5173 3131 5268 φύσιν
3156 5173 3637 5272 ὲπανείομένηςί
3662 5173 3841 5271 Λέγει

492 5276 896 5347 contemplatur
930 5287 984 5332 et
1014 5275 1247 5332 advertit
1279 5290 1403 5346 quae
1433 5276 1574 5331 facta
1601 5285 1755 5332 sunt.

2191 5286 2299 5358 γὰρ
2333 5285 2627 5358 Εὐάγριος,
2663 5290 2745 5343 ὅτι
2780 5288 2923 5344 κατὰ
2952 5289 3114 5360 φύσιν
3145 5291 3361 5361 ἐνεργεῖ
3386 5289 3567 5365 ψυχὴ
3603 5291 3841 5364 λογικὴ,

492 5368 621 5424 ὅταν
654 5369 715 5422 τὸ
746 5371 847 5440 μὲν
875 5369 1274 5441 ἐπιθυμητικὸν
1309 5368 1474 5441 μέρος
1501 5369 1694 5441 αὐτῆς,
1735 5371 1833 5443 τῆς
1876 5373 2082 5446 ἀρετῆς
2114 5378 2349 5448 ἐφίεται,
2382 5379 2444 5434 τὸ
2476 5381 2534 5435 δὲ
2594 5382 2849 5455 θυμικὸν,
2881 5384 3023 5457 ὑπὲρ
3050 5387 3259 5457 ταύτης
3321 5386 3729 5457 ἀγωνίζεται,
3779 5393 3844 5446 τὸ

493 5462 550 5518 δὲ
577 5463 818 5535 λογικδν,
850 5463 1132 5518 ἐπιϐάλλει
1163 5465 1229 5535 τῇ
1268 5461 1473 5536 θεωρίᾳ
1501 5463 1612 5519 τῶν
1644 5465 1971 5534 γεγονότων.

563 5577 593 5620 ἀ
627 5577 800 5635 Levit.
838 5596 912 5647 tv,
947 5579 1035 5633 Η.
1111 5588 1131 5611 ⁸
1162 5576 1183 5631 l
1213 5578 1341 5634 Cor.
1370 5594 1427 5646 ι,
1456 5578 1545 5635 Η.

1800 5691 2034 5748 VARUS
2064 5693 2470 5757 LECTIONES.

562 5785 611 5870 ξι
646 5787 923 5860 Ἀνθυμα.
955 5787 1115 5847 Forte
1139 5788 1366 5875 ἔνδυμα.
