4062 6402
250 5964 261 5993 1

327 391 467 457 1833

1648 401 2033 464 DOCTRINA
2080 406 2339 466 XXIIII

3481 428 3620 494 183i

402 506 478 560 l".
526 506 654 559 Ὅτε
678 500 773 560 οὖν
802 506 1145 581 προσέφερον
1172 510 1525 582 «poliat-mhi}
1561 510 1711 582 βοῦν,
1743 513 1778 585 ἢ
1801 514 1913 569 ἄλλι

2104 519 2196 575 lll.
2240 520 2379 577 Cum
2412 539 2545 595 ergo
2577 526 2913 585 ollerebatur
2944 535 3025 588 vel
3072 535 3170 591 bos
3214 537 3293 592 vel
3345 541 3484 606 ovis,
3541 545 3621 599 vel

321 614 376 651 τι
428 594 674 651 τοιοῦτον
729 599 809 661 εἰς
862 598 1079 664 θυσίας,
1131 600 1307 655 ταῦτα
1357 601 1667 674 ἐλάμϐανον
1713 607 1763 659 οἱ
1818 606 1913 660 ulol

2028 611 2175 667 aliud
2206 614 2488 687 quidpiam
2546 619 2728 676 simile
2772 622 2827 676 in
2883 625 3236 694 sacriﬁcium,
3278 631 3621 699 accipiebant

335 688 553 760 Ἰσραὴλ
602 692 669 744 ἐκ
717 689 810 744 τοῦ
845 692 1320 764 προσφερομένου,
1353 695 1447 747 καὶ
1488 695 1777 750 ἐπετιθουν
1830 698 1926 751 ὲπὶ

319 780 382 833 τὸ
413 782 804 853 θυσιαστήριον
851 781 1034 837 ἔναντι
1077 783 1306 855 Κυρίου,
1344 784 1441 839 καὶ
1482 785 1697 856 λέγεται
1737 786 1921 842 θυσία.

334 868 728 941 Ὀλοκαύτωμα
772 872 831 925 δέ
879 874 1050 938 ἐστιν,
1087 875 1176 927 ὅτε
1209 874 1333 929 ὅλον
1375 874 1436 942 ἐξ
1465 876 1588 930 ὅλου
1628 877 1693 932 τὸ
1727 881 1926 951 ἱερεῖον

324 963 692 1033 προσέφερον,
750 966 847 1019 καὶ
900 966 1194 1020 κατέκαιον
1250 968 1385 1023 αὐτὸ
1433 967 1628 1035 οὕτως,
1682 971 1756 1036 ὡς
1806 972 1927 1026 ἐστὶ⁸

328 1053 497 1117 σῶον,
529 1054 845 1127 ὀλόκληρον,
890 1056 1129 1112 τέλειον·
1177 1059 1361 1123 καθὼς
1394 1059 1491 1116 καὶ
1536 1062 1796 1135 ἀνωτέρω
1841 1062 1925 1116 εῖ-

320 1161 520 1216 πομεν,
544 1147 705 1202 τοῦτο
737 1147 848 1201 τῶν
875 1149 1098 1203 τελείων
1131 1152 1249 1205 ἐστὶ
1275 1151 1549 1223 σύμϐολον
1571 1170 1587 1185 ο
1615 1154 1779 1209 τοῦτο
1802 1157 1916 1210 τῶν

317 1235 591 1305 λεγόντων
633 1239 777 1300 ἐστὶ,
820 1238 914 1292 τόο
973 1239 1121 1294 Ἰδοὺ
1150 1240 1326 1311 ’ἡμεῖς
1347 1243 1672 1315 ἀφήκαμεν
1698 1244 1919 1312 πάντα,

318 1330 419 1383 καὶ
455 1328 964 1400 ἠκολουθήσαμέν
1006 1345 1128 1387 σοι.
1182 1333 1278 1397 El;
1327 1333 1489 1388 τοῦτο
1532 1334 1594 1387 τὸ
1647 1335 1847 1407 μέτρον
1893 1340 1922 1391 ὁ

319 1422 528 1493 Κύριος
589 1424 967 1496 προετρέπετο
1031 1428 1242 1480 ἐκεῖνον
1294 1425 1473 1481 ἐλθεῖν
1529 1428 1623 1483 τὸν
1695 1431 1922 1486 εἰπόντα

317 1514 490 1585 αὐτῷ,
543 1515 626 1568 ὃτι
690 1516 879 1571 Ταῦτα
932 1516 1134 1573 πάντα
1168 1519 1448 1588 ἐφύλαξα
1501 1521 1572 1577 ἐκ
1623 1523 1914 1591 νεότητός

310 1624 456 1673 μου.
520 1605 884 1678 Ἀπεκρίνατο
912 1609 1023 1680 γὰρ
1050 1609 1201 1681 αὐτῷ
1231 1610 1406 1681 λέγων
1427 1652 1441 1676 ,
1491 1612 1577 1666 ὅτι
1638 1631 1658 1665 ι
1688 1613 1789 1668 ’Ἑν
1835 1631 1919 1668 σοι

317 1694 513 1752 λείπει.
553 1717 572 1750 ι
625 1702 826 1767 Ποῖον;
866 1701 975 1756 Τό·
1025 1697 1198 1774 Ἀρον
1228 1703 1330 1758 τὸν
1366 1707 1600 1779 σταυρόν
1657 1724 1774 1775 σου,
1824 1709 1921 1763 καὶ

314 1790 481 1862 δεῦρο
510 1791 801 1847 ἀκολούθει
849 1812 962 1866 μοι.
1016 1798 1080 1851 Οἱ
1114 1792 1208 1851 οὖν
1240 1798 1387 1866 ἆγιοι
1435 1799 1713 1872 μάρτυρες
1742 1790 1919 1868 οὕτως

318 1885 708 1954 προσήνεγκαν
757 1886 915 1951 ὅλους
943 1887 1175 1953 ἑαυτοὺς
1208 1889 1286 1961 τῷ
1330 1889 1472 1962 Θεῷ,
1508 1892 1607 1946 καὶ
1652 1893 1714 1946 οὐ
1751 1893 1913 1964 μόνον
1947 1881 1989 1940 Β

318 1975 567 2039 ἑαυτοὺς,
616 1977 752 2032 ἀλλὰ
767 1979 884 2039 ,καὶ
914 1980 981 2033 τὰ
1008 1981 1221 2036 ἑαυτῶν
1261 1985 1358 2036 καὶ
1398 1983 1469 2037 τὰ
1513 1985 1644 2055 περὶ
1689 1985 1912 2051 αὐτούς.

320 2066 486 2120 ’Δλλο
527 2069 640 2140 γάρ
667 2069 836 2141 ἐσμεν
870 2072 1053 2143 ἡμεῖς,
1086 2071 1272 2137 καθὼς
1319 2073 1469 2143 λέγει
1499 2075 1529 2127 ό
1556 2072 1714 2143 ἅγιος
1747 2077 1914 2131 Βατία

316 2159 484 2225 λειος,
517 2162 613 2215 καὶ
638 2161 772 2217 ἄλλο
796 2163 859 2217 τὸ
885 2164 1175 2238 ἡμέτερον,
1204 2168 1301 2222 καὶ
1330 2167 1458 2222 ἄλλο
1482 2167 1543 2222 τὸ
1566 2170 1697 2241 περὶ
1726 2171 1846 2242 qua
1863 2190 1875 2229 ς
1894 2187 1909 2200 ⁸

314 2251 487 2309 ταῦτα
514 2256 610 2308 καὶ
630 2254 819 2310 ἄλλοτε
840 2251 995 2311 εἶπον
1021 2258 1171 2328 ὑμῖν.
1206 2259 1398 2330 Ἡμεῖς
1430 2261 1595 2332 ὶσμὲν
1624 2264 1654 2316 ό
1673 2260 1799 2328 νοῦς
1819 2264 1914 2318 καὶ

314 2348 349 2417 ἠ
372 2345 542 2417 ψυχὴ,
562 2347 830 2420 ἡμέτερον
849 2349 906 2402 δὲ
934 2349 995 2402 τὸ
1016 2350 1178 2422 σῶμα
1195 2367 1210 2382 ·
1236 2351 1306 2407 τὰ
1323 2350 1382 2405 δὲ
1406 2352 1535 2423 περὶ
1571 2353 1741 2423 ἡμᾶς,
1778 2354 1913 2423 κτή-

316 2452 466 2511 ματα
513 2442 610 2494 καὶ
645 2442 705 2494 αἱ
734 2441 920 2496 λοιπαὶ
949 2441 1093 2499 ὕλαι.
1144 2444 1533 2516 Προσήνεγκαν
1562 2441 1659 2501 οὖν
1688 2446 1914 2507 ἑαυτοὺς

310 2532 364 2587 οι
393 2532 542 2602 ἅγιοι
563 2532 643 2604 τῷ
668 2532 790 2606 Θεῷ
811 2534 908 2607 ὅλῃ
927 2534 1145 2607 καρδία,
1160 2536 1256 2609 ὅλῃ
1273 2535 1441 2608 ψυχῇ,
1458 2536 1552 2608 ὅλῃ
1584 2539 1751 2607 ἰσχύϊ,
1764 2536 1909 2591 κατᾶ

314 2625 376 2681 τδ
389 2624 778 2697 γεγραμμένον
798 2643 813 2659 ·
847 2626 1200 2697 Ἀγαπήσεις
1229 2630 1449 2698 Κύριον
1474 2630 1582 2684 τὸν
1599 2632 1751 2684 Θειῗν
1768 2646 1909 2692 συυ,

317 2719 390 2774 ἐν
403 2715 519 2787 ὅλῃ
534 2717 611 2786 τῇ
625 2716 840 2787 καρδίᾳ
850 2733 991 2786 σου,
1013 2718 1112 2774 καὶ
1127 2719 1198 2774 ἐν
1219 2718 1337 2788 ὅλῃ
1355 2718 1430 2790 τῇ
1455 2719 1629 2791 ψυχῇ
1642 2736 1786 2787 σου,
1810 2722 1910 2776 καὶ
1984 2748 1987 2749 ν

311 2816 384 2864 ἂν
410 2808 527 2879 ὅλῃ
556 2809 632 2880 τῇ
678 2810 917 2880 διανοίᾳ
930 2827 1069 2867 trav.
1107 2812 1183 2867 οὐ
1219 2811 1381 2884 μόνον
1415 2813 1526 2884 γὰρ
1553 2814 1783 2879 τέκνων,
1815 2813 1913 2871 καὶ

311 2902 611 2972 γυναικῶν,
650 2904 746 2959 καὶ
789 2903 967 2976 δόξης,
996 2905 1090 2959 καὶ
1133 2904 1455 2977 χρημάτων,
1516 2907 1612 2961 καλ¹
1657 2908 1758 2977 τῆς
1798 2908 1913 2962 λοιο

312 2990 423 3062 πῆς
452 2992 672 3066 ἀπάσης
703 2994 1024 3066 περιουσίας
1050 2995 1489 3069 κατεφρόνησαν,
1514 2997 1654 3053 ἀλλὰ
1684 2999 1775 3053 καὶ
1808 3000 1908 3053 αὐ-

310 3085 422 3139 τῶν
461 3085 571 3140 τῶν
604 3086 752 3141 ιδίων
780 3088 1084 3159 σωμάτων
1117 3089 1212 3142 καὶ
1244 3087 1334 3143 διὰ
1354 3086 1513 3143 τοῦτο
1527 3087 1912 3159 λέγονταιόλο-

313 3177 672 3249 καυτώματα.
691 3178 901 3249 Λογικὰ
915 3178 996 3241 δὲ,
1014 3177 1203 3250 ἐπειδὴ
1231 3177 1447 3248 λογικὸν
1475 3177 1614 3243 ζῶον
1640 3180 1670 3232 ό
1697 3180 1907 3252 ἄνθρω-

311 3289 436 3336 πος,
476 3273 571 3326 καὶ
629 3271 855 3342 θύματα
900 3271 1083 3327 τέλεια
1122 3269 1262 3342 Θεῷ.
1310 3265 1444 3325 Εἶτα
1482 3270 1543 3324 τὸ
1590 3273 1740 3343 ἑξῆς.
1772 3273 1908 3326 Θεὸν

310 3367 652 3432 γινώσκοντα
675 3364 769 3417 καὶ
789 3362 911 3434 Θεῴ
942 3361 1322 3433 γιῗωσκῧμενα
1337 3362 1608 3436 πρόϐατα.
1629 3352 1752 3429 Πῶς
1774 3365 1906 3419 Θεὸν

312 3456 684 3527 γινώσκοντας
726 3456 815 3520 Ὠς
850 3455 1012 3520 αὐτὸς
1055 3457 1082 3509 ὁ
1108 3454 1311 3527 Κύριος
1345 3454 1516 3523 ἔδειξε
1547 3456 1641 3510 καὶ
1670 3457 1907 3524 ἐδίδαξεν

312 3547 516 3605 εἰπών’
549 3550 624 3605 Τὰ
649 3551 914 3618 πρόϐατα
938 3550 1009 3606 τὰ
1046 3548 1159 3617 ἐμὰ
1193 3549 1304 3617 τῆς
1335 3547 1542 3621 φωνῆς
1570 3567 1693 3618 μου
1722 3550 1908 3605 ἀκού-

310 3662 473 3710 ουσι,
507 3645 607 3700 καὶ
636 3643 910 3715 γινώσκω
956 3645 1028 3700 τὰ
1056 3644 1191 3716 ἐμὰ,
1243 3644 1344 3700 καὶ
1376 3644 1741 3714 γινώσκομαι
1785 3643 1906 3699 ὑπὸ

310 3737 431 3792 τῶν
453 3736 633 3806 ἐμῶν.
662 3736 762 3790 Διὰ
787 3736 841 3789 τι
869 3731 994 3790 εἷπε
1017 3752 1030 3766 ε
1091 3736 1168 3790 Τὰ
1187 3775 1193 3780 .
1214 3737 1483 3805 πρόϐατα
1511 3735 1586 3791 τὰ
1631 3732 1746 3805 ἐμὰ
1793 3731 1904 3800 τῆς

310 3824 521 3897 φωνῆς
542 3841 665 3893 μου
699 3825 1038 3886 ἁκούουσι;
1083 3825 1232 3878 Ἀντὶ
1260 3824 1353 3879 τοῦ
1376 3863 1390 3886 ,
1425 3825 1587 3896 Λόγῳ
1610 3880 1613 3885 ,
1632 3841 1739 3895 μου
1797 3822 1906 3875 ὑπ-

310 3914 596 3983 ακούουσι,
643 3916 739 3969 καὶ
776 3916 876 3979 τὰς
906 3915 1130 3978 ἐντολάς
1172 3933 1274 3984 μου
1296 3914 1649 3984 φυλάττουσι,
1686 3914 1781 3967 καὶ
1811 3912 1902 3966 διὰ

311 4007 474 4062 τοῦτο
500 4003 829 4077 γινώσκουσί
857 4020 957 4077 με·
989 4005 1079 4059 διὰ
1107 4009 1216 4075 γὰρ
1256 4007 1356 4076 τῆς
1384 4004 1635 4074 φυλακῆς
1680 4004 1790 4057 τῶν
1815 4007 1906 4059 ὲν-

310 4101 483 4156 τολῶν
524 4099 841 4171 ἐγγίζουσιν
881 4099 934 4152 οἱ
964 4098 1119 4168 ἅγιοι
1155 4097 1233 4169 τῷ
1264 4096 1405 4168 Θεῷ,
1446 4097 1542 4151 καὶ
1582 4097 1707 4150 ὅσον
1751 4096 1903 4165 ἐγγί-

313 4193 499 4258 ζουσιν
538 4191 710 4263 αὐτῷ,
748 4189 1006 4246 τοσοῦτον
1034 4189 1399 4259 γινώσκουσιν
1448 4186 1633 4251 αὐτὸν,
1675 4188 1772 4241 καὶ
1820 4203 1905 4255 γι-

313 4284 614 4340 νώσκονται
643 4285 734 4338 ὑπ’
763 4282 934 4339 αὑτοῦ
961 4324 976 4350 ,
1006 4283 1128 4336 ἐπεὶ
1177 4282 1208 4334 ὁ
1249 4280 1383 4344 Θεὸς
1412 4278 1483 4335 τὰ
1530 4279 1710 4332 πάντα
1743 4277 1907 4346 γινώ-

315 4387 460 4435 σκει,
503 4370 597 4422 καὶ
652 4369 722 4422 τὰ
768 4366 1013 4439 κρυπτὰ,
1061 4366 1157 4420 καὶ
1202 4365 1270 4420 τὰ
1321 4363 1513 4436 βαθέα,
1568 4363 1665 4417 καὶ
1723 4365 1793 4416 τὰ
1827 4362 1904 4433 μὴ

311 4464 462 4516 ὄντα.
499 4460 601 4515 Διὰ
644 4459 696 4513 τι
727 4456 821 4513 οὖν
867 4460 1015 4529 λέγει
1061 4457 1190 4529 περὶ
1234 4458 1342 4511 τῶν
1376 4455 1548 4525 ἁγίων
1591 4454 1713 4525 Θεῷ
1741 4471 1904 4525 γινω-

313 4552 586 4624 σκόμενα;
615 4551 756 4616 Ὅτι,
794 4551 978 4614 καθὼς
1018 4543 1193 4615 εἶπον,
1227 4547 1319 4602 διὰ
1348 4547 1458 4602 τῶν
1490 4546 1721 4602 ἐντολῶν
1747 4546 1905 4616 ὲγγί-

311 4646 498 4712 ζοντες
544 4643 717 4713 αὐτῷ,
769 4641 1130 4713 γινώσκουσιν
1181 4641 1344 4696 αὑτὸν
1396 4639 1491 4694 καὶ
1538 4636 1905 4708 γινώσκονται

310 4739 406 4793 ὑπ’
431 4736 619 4792 αὑτοῦ.
654 4736 828 4791 Ὅταν
876 4736 986 4808 γὰρ
1016 4733 1423 4806 ἀποστρέφεταί
1450 4750 1537 4797 τις
1570 4732 1665 4788 καὶ
1689 4730 1906 4805 μακρό-

309 4849 393 4885 νει
448 4830 641 4885 ἑαυτὸν
704 4830 815 4884 ἀπό
866 4846 1046 4896 τινος,
1098 4828 1356 4883 τοσοῦτον
1409 4826 1632 4896 λέγεται
1681 4827 1901 4894 ἀγνοεῖν

308 4920 585 4993 ἑγγίζωνο
635 4921 837 4992 ὁμοίως
889 4920 1109 4989 λέγεται
1156 4918 1452 4989 γινώσκειν
1498 4918 1595 4972 καὶ
1637 4917 1909 4986 γινώσκε-

310 5014 471 5069 seu.
515 5014 658 5067 κατὰ
707 5014 867 5066 τοῦτο
916 5008 1011 5066 οὖν
1052 5013 1272 5082 λέγεται
1318 5015 1411 5066 καὶ
1455 5013 1484 5065 ὁ
1526 5008 1656 5075 Θεὸς
1688 5010 1906 5080 ἀγνοεῖν

206 5128 214 5135 ·
306 5110 439 5166 τεὺς
468 5102 850 5173 ἁμαρτωλοὺς,
908 5101 1044 5156 καθὸ
1103 5101 1481 5172 μακρύνουσιν
1529 5102 1756 5165 ἑαυτοὺς
1804 5102 1904 5156 ἀπ’

307 5193 501 5249 αὑτοῦ.
547 5194 649 5246 Διὰ
690 5193 853 5247 τοῦτο
880 5192 977 5245 καὶ
1000 5189 1161 5256 αὐτὸς
1186 5193 1215 5244 ό
1244 5184 1450 5264 Κύριος
1494 5194 1614 5255 τοῖς
1644 5187 1905 5253 τοιούτοις

311 5286 497 5354 λέγει’
540 5283 730 5352 Ἀμὴν
775 5280 929 5353 λέγω
972 5281 1135 5353 ὑμῖν,
1162 5284 1273 5338 οὐκ
1316 5279 1449 5337 οῖδα
1486 5279 1661 5353 ὑμᾶς.
1701 5282 1764 5335 Οἱ
1811 5276 1905 5334 οὖν

311 5379 480 5447 ἅγιοι,
506 5376 693 5443 καθὼς
725 5376 984 5441 πολλάκις
1024 5371 1201 5440 εἶπον,
1229 5376 1352 5430 ὅσον
1386 5375 1624 5429 κτῶνται
1651 5373 1741 5427 διὰ
1791 5373 1901 5426 τῶν

311 5469 541 5524 ἐντολῶν
585 5470 684 5534 τὰς
732 5472 955 5541 ἀρετὰς,
1007 5468 1262 5524 τοσοῦτον
1309 5467 1785 5539 προσοικειοῦνται
1824 5465 1900 5536 τῷ

311 5560 457 5632 Θεῷ,
504 5564 595 5617 καὶ
633 5563 756 5618 ὅσον
788 5559 1259 5634 προσοικειοῶιται
1289 5559 1474 5631 αὐτῷ,
1516 5558 1770 5613 τοσοῦτον
1810 5575 1897 5627 γι..

312 5651 616 5707 νώσκουσιν
666 5654 829 5709 αὐτὸν
854 5655 949 5709 καὶ
983 5651 1347 5723 γινώσκονται
1387 5653 1480 5706 ὑπ’
1511 5650 1698 5708 αὑτοῦ.
1734 5643 1837 5705 Ὧν
1868 5652 1903 5722 ἡ

394 5764 414 5839 ξ
458 5766 645 5839 Matth.
691 5784 806 5839 xu,
843 5767 935 5824 27.
1040 5771 1065 5810 ε
1093 5769 1226 5824 ibid.
1260 5768 1353 5839 20,
1384 5769 1474 5825 2|.

280 5832 337 5919 ,ἓ
360 5833 552 5892 Matth.
584 5853 713 5902 xxv,
746 5832 836 5895 19.

645 5938 913 5999 Parum.
969 5938 1083 5998 Gtt.
1151 5936 1379 5996 LXXX
1396 5934 1533 5994 \‘lll

1935 4591 1982 4648 D

1574 5769 1600 5808 ὴ
1640 5766 1830 5822 Matth.
1859 5781 1996 5827 χχιι.
2031 5764 2136 5831 '57;
2173 5763 2342 5819 Marc.
2402 5779 2502 5831 xu,
2542 5766 2646 5833 '53;
2682 5765 2814 5821 Luc.
2868 5783 2926 5833 ι,
2978 5767 3070 5822 Ἦ.

2026 703 2157 759 illud
2191 706 2287 761 lilii
2319 706 2487 764 Israel
2530 727 2595 767 ex
2646 715 2903 772 manibus
2944 717 3250 788 offerentis,
3290 733 3345 778 et
3373 725 3622 797 impone-

2026 796 2159 851 bant
2187 811 2354 869 super
2380 801 2550 857 altare
2578 803 2631 856 in
2664 817 2962 876 conspectu
2995 808 3235 877 Domini,
3264 815 3426 886 idque
3449 796 3623 875 sacri-

2025 889 2211 944 licium
2245 891 2550 949 dicebatur.
2614 896 3008 956 llolocaustum
3062 914 3246 959 autem
3288 926 3414 964 cum
3446 921 3618 968 totmn

2024 993 2092 1033 ex
2124 987 2238 1033 toto
2269 980 2574 1040 oder-ebant
2608 995 2660 1040 et
2690 987 2820 1044 illud
2850 992 3077 1047 omnino
3102 996 3537 1067 comburebant;
3567 1015 3620 1056 et

2025 1070 2120 1135 ita,
2147 1079 2206 1125 ut
2226 1072 2490 1141 diximus,
2515 1078 2746 1144 salvum,
2774 1082 3043 1155 intrgrun't
3072 1097 3124 1142 et
3148 1092 3448 1160 perfectum
3478 1110 3616 1164 erat,

2024 1162 2090 1216 ad
2117 1164 2488 1233 periculorum
2542 1171 2823 1229 hominum
2857 1178 3075 1249 signum
3105 1174 3264 1256 .’qui
3312 1188 3569 1247 dixerunt

2025 1250 2162 1308 Ecce
2193 1269 2287 1309 nos
2320 1257 2636 1329 reliquimus
2666 1265 2866 1333 omnia,
2891 1277 2941 1321 et
2965 1271 3136 1324 seculi
3167 1250 3350 1330 s'untus
3384 1286 3431 1332 te
3460 1278 3504 1334 τ.
3533 1281 3615 1336 Ad

2023 1360 2188 1416 quam
2222 1338 2614 1418 perfectionem
2650 1353 2977 1414 hortabatur
3016 1359 3167 1419 illum
3197 1362 3483 1436 Dominus,
3518 1372 3613 1441 qui

2022 1450 2291 1510 pratcepta
2327 1441 2579 1517 Decalogi
2612 1460 2864 1505 servasse
2893 1466 2954 1506 se
2996 1452 3067 1507 ab
3113 1456 3481 1517 adolescentia
3515 1480 3611 1518 sua

2023 1534 2329 1602 respondit,
2358 1553 2483 1593 cum
2520 1538 2663 1595 dixit
2686 1544 2734 1596 ei
2771 1562 2783 1597 :
2824 1564 2841 1596 ι
2881 1542 3063 1602 Unum
3089 1547 3184 1602 tibi
3217 1551 3389 1617 deest,
3421 1563 3481 1609 ut
3510 1558 3617 1609 sri-

2021 1630 2148 1685 licet
2182 1631 2340 1688 tollas
2377 1647 2596 1691 crucem
2634 1645 2804 1705 tuam,
2858 1649 2913 1695 et
2962 1643 3215 1713 sequaris
3265 1660 3353 1701 me
3381 1649 3427 1701 ε.
3468 1667 3486 1700 ι
3526 1648 3617 1702 Sir,

2022 1724 2188 1793 igitur
2218 1728 2395 1783 sancti
2436 1741 2706 1800 martyres
2734 1741 2877 1789 totos
2900 1750 3020 1790 sese
3052 1735 3163 1792 Deo
3191 1739 3440 1795 obtulere
3470 1761 3482 1795 :
3520 1763 3613 1797 ιιι·-

2019 1833 2128 1887 que
2158 1820 2338 1875 solum
2376 1837 2435 1878 se
2468 1822 2640 1892 ipsos,
2680 1826 2776 1881 sed
2810 1836 3009 1898 etquae
3037 1829 3281 1899 ipsorum
3314 1832 3532 1891 fuerant
3561 1846 3614 1890 at

2019 1927 2141 1980 qua:
2172 1913 2317 1968 circa
2366 1915 2538 1984 ipsos.
2577 1914 2739 1973 Aliud
2797 1921 2945 1975 enim
3005 1938 3107 1978 nos
3151 1940 3345 1983 sumus
3395 1930 3490 1997 (ut
3539 1934 3614 1984 ait

2019 2003 2304 2077 Basilius),
2353 2008 2501 2063 aliud
2537 2020 2743 2077 nostra,
2792 2013 2940 2068 aliud
2974 2032 3096 2085 quae
3127 2016 3271 2073 circa
3306 2035 3428 2076 nos.
3465 2021 3612 2090 Nos,

2021 2110 2081 2154 ut
2105 2102 2245 2158 alias
2273 2103 2426 2159 vobis
2450 2105 2586 2169 dixi,
2620 2122 2816 2164 sumus
2836 2126 2995 2167 mens
3020 2121 3074 2167 ct
3103 2113 3324 2181 anima;
3363 2128 3611 2174 nostrum

2015 2205 2097 2250 cst
2138 2210 2374 2266 corpus;
2429 2199 2574 2254 citca
2619 2216 2720 2257 nos
2767 2213 2893 2258 sunt
2927 2207 3356 2275 possessiones,
3403 2221 3456 2264 et
3505 2213 3612 2267 alia

2018 2286 2420 2356 hujuscemodi.
2456 2288 2790 2348 Obtulerunt
2822 2310 2954 2365 ergo
2998 2313 3119 2353 sese
3151 2300 3390 2368 primum
3436 2305 3614 2360 sancti

2018 2376 2150 2444 Deo,
2187 2389 2299 2437 toto
2338 2383 2527 2447 corde,
2574 2394 2687 2441 tota
2735 2388 2942 2455 anima,
2979 2399 3090 2445 tota
3124 2392 3344 2457 virtute,
3382 2405 3440 2449 ut
3472 2399 3611 2451 scri-

2016 2480 2170 2542 ptum
2197 2483 2282 2530 est
2315 2493 2328 2529 :
2362 2475 2563 2549 Diliges
2616 2478 2903 2535 Dominum
2959 2482 3125 2538 Deum
3184 2496 3335 2540 ιιιιιηι
3387 2505 3454 2542 ea:
3502 2502 3611 2544 lolo

2016 2567 2172 2622 corde
2213 2580 2325 2636 tuo,
2375 2581 2489 2626 tota
2543 2584 2710 2628 mente
2744 2586 2870 2641 tua,
2917 2586 3030 2631 tota
3065 2580 3245 2634 animo
3281 2591 3372 2637 tua
3404 2578 3451 2635 δ.
3488 2582 3615 2637 Non

2016 2660 2199 2717 solum
2231 2663 2379 2719 enim
2418 2663 2560 2722 ﬁlios
2585 2708 2597 2729 ,
2639 2684 2869 2732 uxores,
2903 2671 3165 2741 gloriam,
3222 2678 3508 2743 pecunias,
3556 2688 3610 2729 «δι

2018 2763 2274 2811 ceteram
2322 2773 2543 2814 omnem
2589 2761 2961 2818 substantiam
3004 2775 3476 2837 contempserunt,
3514 2771 3609 2826 sed

2015 2858 2070 2903 et
2098 2864 2195 2904 sua
2228 2851 2445 2920 propria
2479 2867 2709 2922 corpora
2739 2854 3103 2911 tradiderunt.
3138 2854 3321 2923 Quare
3353 2873 3497 2915 recte
3523 2861 3610 2915 di-

2016 2952 2220 2996 cuntur
2278 2942 2751 2998 holocautomata.
2813 2945 3178 3002 ltationabilia
3217 2960 3422 3017 autem,
3478 2953 3609 3023 quia

2015 3032 2285 3088 rationale
2332 3033 2537 3089 animal
2576 3045 2660 3091 est
2688 3035 2877 3105 homo,
2915 3037 3250 3095 sacriﬁcium
3301 3042 3608 3112 perfectum

2016 3122 2149 3179 Deo.
2184 3123 2446 3195 Sequitur
2482 3144 2495 3180 :
2532 3128 2701 3181 Deum
2734 3141 3155 3201 cognoscentes,
3186 3138 3243 3186 et
3285 3148 3316 3187 a
3361 3131 3473 3189 Dco
3512 3150 3609 3191 co-

1936 3245 1980 3305 Ο
2013 3216 2195 3288 gnitas
2216 3233 2367 3275 oves.
2400 3218 2521 3286 Quo
2551 3235 2713 3291 pacto
2746 3222 2915 3278 Deum
2942 3225 3384 3295 cognoscentes?
3408 3224 3604 3284 Osten-

2011 3310 2092 3364 dit
2138 3310 2243 3366 hoc
2286 3310 2556 3369 Dominus
2582 3353 2598 3379 ,
2660 3313 2958 3389 docuitqqe
3019 3315 3256 3372 dicens:
3290 3316 3424 3374 Oves
3478 3335 3609 3375 mea

2009 3419 2189 3458 vocem
2238 3421 2413 3460 meam
2458 3395 2688 3463 audiunt
2721 3419 2772 3464 et
2805 3425 3065 3482 cognosco
3100 3427 3243 3466 meas
3265 3450 3281 3476 ,
3316 3420 3369 3467 et
3415 3429 3612 3484 cogno-

2009 3506 2166 3550 scant
2200 3514 2282 3552 me
2317 3514 2446 3553 mea
2474 3500 2491 3539 ί
2524 3517 2539 3566 ;
2588 3500 2693 3556 hoc
2719 3509 2825 3564 est,
2850 3502 3202 3558 sermonibus
3228 3503 3369 3560 meis
3389 3516 3604 3577 parent,

2008 3600 2282 3660 praecepta
2311 3604 2432 3645 mea
2456 3590 2800 3656 custodiunt,
2826 3600 2884 3647 et
2908 3606 2975 3648 ex
3005 3591 3095 3648 his
3122 3605 3469 3665 cognoscunt
3495 3612 3604 3652 me.

2012 3681 2117 3739 Per
2168 3685 2582 3740 observantiam
2650 3688 2798 3741 enim
2854 3696 3252 3756 praceptorum
3305 3692 3602 3760 appropin-

2010 3786 2186 3845 quant
2232 3775 2346 3833 Deo
2394 3779 2604 3842 sancti;
2641 3791 2695 3833 et
2727 3789 2937 3848 quanto
2984 3783 3160 3850 magis
3200 3781 3276 3834 illi
3308 3783 3604 3852 appropin-

2008 3884 2201 3937 quant,
2246 3879 2402 3925 tauto
2438 3871 2617 3941 magis
2661 3880 3025 3941 cognoscunt,
3055 3882 3111 3927 et
3164 3873 3235 3926 ab
3275 3888 3343 3929 eo
3391 3889 3602 3946 cogno-

2009 3972 2265 4018 scuntur.
2298 3961 2571 4019 Dominus
2617 3964 2764 4020 enim
2811 3965 2995 4020 omnia
3044 3965 3215 4029 novit,
3243 3975 3299 4021 et
3327 3967 3599 4035 profunda

2005 4064 2061 4110 et
2110 4054 2346 4122 occulta,
2394 4066 2447 4110 et
2492 4058 2658 4112 etiam
2693 4071 2815 4126 quae
2863 4057 3107 4113 nondum
3152 4068 3302 4114 sunt.
3329 4059 3598 4133 Cognosci

2007 4158 2192 4206 autem
2214 4148 2477 4206 dicuntur
2502 4151 2572 4206 ab
2601 4168 2668 4208 eo
2694 4151 2858 4226 5.65
2889 4168 2986 4225 per
3015 4153 3422 4210 observantiam
3458 4172 3599 4228 pne—

2005 4253 2332 4314 ceptorum,
2381 4253 2442 4300 ut
2493 4247 2757 4314 diximus,
2812 4261 2875 4302 ea
2925 4247 3289 4305 similitudine
3320 4262 3429 4319 qua
3470 4253 3599 4322 quis

2009 4337 2263 4410 ignorare
2310 4349 2365 4393 rt
2412 4341 2655 4412 ignorari
2690 4343 2760 4396 ab
2792 4341 2979 4413 aliquo
3018 4341 3224 4398 dicitur
3254 4359 3350 4416 per
3378 4345 3601 4417 elonga-

2008 4431 2236 4497 tiouem,
2261 4442 2316 4488 et
2342 4450 2437 4505 per
2462 4437 3060 4507 appropinquationem
3084 4437 3215 4494 sciri
3235 4448 3289 4494 et
3316 4441 3597 4511 cog-nosci.

2009 4523 2173 4580 Juxta
2221 4529 2368 4597 quod
2419 4529 2644 4595 dicitur,
2706 4527 2877 4584 Deum
2928 4529 3188 4600 ignorare
3236 4542 3597 4605 peccatores,

2010 4619 2271 4690 quoniam
2307 4621 2465 4692 longe
2497 4620 2634 4675 ﬁant
2665 4621 2818 4678 abeo
2840 4637 2938 4692 pcr
2969 4632 3274 4695 peccatum.
3302 4623 3377 4680 De
3398 4625 3602 4697 quibus

2008 4714 2087 4770 ait
2116 4714 2381 4773 Dominus
2407 4718 2462 4771 in
2501 4716 2795 4790 Evangelio
2829 4736 2843 4770 :
2877 4717 3067 4785 Amen,
3097 4736 3251 4775 amen
3283 4720 3403 4776 dico
3432 4721 3602 4786 vobis,

2009 4809 2186 4864 nescio
2220 4825 2310 4865 vos
2336 4808 2381 4864 i.
2414 4807 2603 4866 Sancti
2623 4810 2811 4882 igitur,
2845 4819 2905 4866 ut
2939 4812 3064 4867 dico
3093 4811 3320 4884 sapius,
3342 4828 3454 4884 quo
3481 4829 3600 4868 ma-

2009 4901 2093 4972 gis
2137 4910 2539 4972 praeceptorum
2590 4902 2976 4959 observatione
3025 4914 3223 4974 parant
3252 4906 3501 4972 virtutes,
3533 4920 3601 4960 eo

2011 4996 2191 5065 magis
2221 4996 2671 5066 appropinquant
2712 4995 2843 5063 Deo,
2877 5014 3098 5069 quoque
3127 5000 3301 5069 magis
3331 5000 3604 5055 accedunt

2006 5086 2073 5138 ad
2099 5083 2294 5151 Deum,
2322 5099 2389 5141 eo
2418 5089 2591 5158 magis
2615 5097 2957 5160 mgnoscunt
2973 5103 3122 5155 eum,
3145 5097 3201 5143 et
3224 5090 3294 5143 ab
3314 5104 3381 5144 eo
3402 5104 3604 5161 cogno-

2007 5188 2260 5233 scuntur.
2281 5175 2544 5250 Sequitur
2570 5198 2583 5234 :
2608 5163 2856 5246 Quarum
2891 5181 3117 5237 mandra
3144 5181 3287 5251 lupis
3316 5191 3399 5237 cst
3427 5182 3597 5237 invia.

2009 5269 2233 5326 Maudra
2261 5271 2463 5327 dicitur
2494 5271 2651 5327 locus
2681 5273 3087 5343 circumseptus
3116 5290 3131 5327 :
3164 5271 3274 5329 huc
3303 5288 3601 5345 congregat

2007 5375 2197 5435 pastor
2217 5379 2369 5431 oves,
2394 5373 2449 5420 et
2472 5366 2779 5421 custodiam
2812 5367 3031 5421 illarum
3058 5367 3192 5439 agit,
3219 5382 3288 5422 ne
3316 5367 3601 5437 rapiantur

2010 5475 2038 5511 a
2068 5458 2234 5529 lupis,
2266 5458 2351 5514 vcl
2394 5458 2687 5530 ahigantur
2715 5476 2747 5514 a
2780 5458 3018 5516 furibus.
3055 5459 3216 5527 Quod
3242 5461 3287 5516 si
3316 5462 3496 5532 aliqua
3530 5477 3601 5516 ex

2011 5562 2165 5622 parte
2194 5553 2425 5608 mandra
2451 5551 2661 5626 fragilis
2686 5553 2853 5611 fuerit
2885 5563 2940 5610 et
2970 5554 3187 5623 debilis,
3214 5555 3374 5611 facile
3413 5554 3602 5625 pervia

2014 5647 2072 5701 tit
2129 5646 2344 5702 insidiis
2384 5656 2494 5702 tam
2552 5647 2844 5719 luporum,
2893 5664 3061 5720 quam
3110 5647 3319 5705 furum.
3374 5647 3605 5703 Mandra

3182 5768 3199 5808 ί
3233 5764 3397 5823 Joan.
3429 5780 3483 5831 ι,
3511 5765 3605 5825 27.

3232 5898 3377 5995 ιδ’
