4062 6442
446 392 595 460 1835
1667 393 1724 454 S.
1767 393 2050 454 DOROTI

2080 394 2160 455 EI
2192 395 2510 457 ABBA'rts
3564 412 3683 482 me

444 505 627 573 ’igitur
653 508 972 558 sanctorum
1028 500 1242 557 munita
1272 501 1366 556 'est
1412 499 1675 570 undique,
1717 509 1833 555 tuta
1858 509 1913 555 et
1941 504 2039 556 ob-

2081 510 2114 565 Α
2148 503 2358 575 μάνδρα
2387 504 2571 569 λύκοις
2616 505 2962 567 ἀνεπίϐατος.
3017 507 3244 579 Μάνδρα
3272 510 3496 582 λέγεται
3540 524 3685 591 τόπος

442 603 689 661 servata.
741 605 817 661 et,
871 603 932 649 ut
976 594 1053 649 ait
1095 593 1400 660 Dominus,
1445 593 1534 646 ubi
1574 592 1715 662 fures
1767 608 1874 647 non
1903 593 2036 662 e/I'o-

2146 596 2686 668 περιπεφραγμένος,
2710 597 2840 652 ἔνθα
2862 597 3143 668 συνάγειπό
3160 602 3362 674 ποιμὴν
3382 605 3448 660 τὰ
3465 611 3687 682 πρόϐατα

436 691 605 745 dium
633 689 696 756 ιι,
750 701 931 759 neque
958 685 1259 757 quidquam
1304 699 1514 741 nocens
1549 683 1748 739 aﬂ‘erre
1781 695 2034 755 possunt.

2145 686 2243 741 καὶ
2295 685 2559 754 φυλάσσει
2583 727 2599 752 ,
2665 687 2753 741 ῖνα
2800 687 2878 759 μὴ
2920 687 3329 761 διαρπασθῶσιν
3376 695 3476 749 ὑπὸ
3532 699 3691 759 λύκων

434 781 706 846 Oremus,
737 779 954 848 fratres,
992 778 1283 834 Dominum
1306 817 1321 842 ,
1354 785 1415 832 ut
1450 784 1505 832 et
1533 792 1635 834 nos
1682 776 1793 833 illis
1835 776 2038 847 pariter

2145 777 2179 850 ἦ
2214 777 2323 833 ἀπὺ
2354 777 2568 851 λῃστῶν
2598 778 2924 850 συληθῶσιν.
2961 780 3090 834 Ἐὰν
3114 782 3174 836 δὲ
3201 782 3419 858 ὑπάρχῃ
3441 789 3476 860 ή
3508 791 3694 866 μάνδρα

448 887 865 946 eorregnemus,
914 871 1119 942 pariter
1167 868 1620 941 eongaudeamus
1652 869 1707 924 in
1736 868 1860 924 loco
1898 868 2036 925 deli-

2144 867 2254 923 ἀπὸ
2284 867 2600 940 οἱανδήποτε
2622 868 2824 939 μέρους
2849 870 3174 942 σαθροτέρα,
3199 873 3502 945 εὑρίσκεται
3527 881 3695 939 εὐεπί-

451 967 661 1023 ciarum
691 972 747 1020 et
770 970 977 1019 sancta:
1007 960 1232 1032 quietis.
1269 959 1384 1016 Nisi
1409 961 1560 1015 enim
1607 959 1662 1013 in
1699 974 1889 1015 eorum
1921 968 2038 1015 sta-

2145 957 2329 1025 6ατος,
2376 959 2472 1013 καὶ
2503 958 2745 1031 εὐχερῶς
2788 960 3196 1017 ἐπιϐουλεύεται
3227 965 3321 1018 καὶ
3361 967 3464 1022 ὑπὸ
3489 970 3591 1026 τῶν
3617 973 3702 1028 λύ-

436 1068 565 1113 -tum
597 1066 651 1113 et
692 1056 1081 1127 perlectionem
1112 1042 1547 1124 pervenerimus,
1595 1051 1742 1107 haud
1792 1067 2036 1122 unquam

2145 1064 2259 1103 κων
2295 1049 2392 1103 καὶ
2436 1048 2546 1103 τῶν
2591 1049 2825 1120 λῃστῶν.
2892 1050 2958 1104 Ἦ
3008 1048 3103 1107 οὖν
3151 1054 3360 1127 μάνδρα
3401 1057 3507 1114 τῶν
3548 1060 3702 1126 ἁγίων

447 1148 598 1222 digni
643 1148 853 1203 erimus
880 1160 1072 1201 eorum
1108 1144 1304 1217 gloria.
1347 1146 1416 1199 At
1443 1143 1653 1199 utinam
1699 1158 1730 1198 a
1778 1143 2038 1214 paradiso

2144 1140 2486 1210 πανταχόθεν
2512 1139 2847 1213 ἡσφάλισται
2889 1143 2985 1196 καὶ
3031 1145 3394 1215 πεφύλακται,
3426 1147 3607 1221 ὥσπερ
3635 1148 3705 1206 εἷ-

433 1254 560 1294 ςιιοη
591 1238 856 1295 cedamus
881 1237 895 1291 l
952 1235 1102 1306 quod
1129 1249 1264 1291 sane
1293 1234 1520 1289 minime
1546 1233 1847 1304 continget,
1878 1231 1924 1288 si
1952 1232 2037 1287 vi-

2144 1248 2247 1286 πεν
2289 1234 2320 1286 ὁ
2367 1231 2594 1304 Κύριος,
2648 1233 2797 1289 ἔνθα
2845 1234 3099 1290 κλέπται
3145 1238 3222 1291 οὐ
3264 1237 3705 1308 διορύσσουσιν,

427 1329 826 1400 .gilaverimus,
871 1327 919 1383 si
984 1324 1218 1382 studiosi
1270 1323 1578 1388 fuerimus.
1637 1323 1685 1380 si
1738 1338 1845 1380 nos
1888 1322 2031 1390 ipsos

2143 1323 2268 1378 οὔτε
2298 1323 2427 1379 ἄλλο
2462 1343 2515 1379 τι
2559 1325 2668 1380 τῶν
2715 1325 2996 1399 βλαϐερῶν
3024 1328 3412 1386 ἐπιϐουλεῦσαι
3444 1332 3706 1394 δύνανται.

447 1423 813 1494 coegerimus.
870 1419 942 1475 Ut
989 1419 1137 1474 enim
1184 1417 1264 1473 ait
1319 1427 1546 1474 sanctus
1592 1414 1847 1472 Clemens
1890 1412 2035 1488 ('):

2146 1415 2448 1487 Εὐξὼμεθα
2480 1413 2599 1483 οὖν,
2645 1416 2886 1487 ἀδελφοὶ,
2938 1419 3025 1473 ίνα
3056 1419 3153 1474 καὶ
3199 1422 3366 1498 ἡμεῖς
3409 1421 3711 1498 ἀξιωθῶμεν

454 1535 474 1567 ι
513 1514 781 1585 Quisquis
809 1526 1074 1569 coronam
1102 1519 1256 1582 optat
1288 1509 1576 1581 consequi,
1618 1509 1836 1566 studeat
1872 1516 2039 1580 atque

2146 1507 2630 1581 συμποιμανθῆναι
2676 1510 2885 1575 αὐτοῖς,
2932 1511 3028 1564 καὶ
3077 1496 3368 1583 εὑρεθῆνᾶι
3402 1516 3499 1568 καὶ
3539 1516 3597 1569 ὲν
3625 1496 3713 1588 τῷ

445 1619 671 1675 operam
701 1603 796 1673 det
821 1644 836 1669 ,
877 1611 938 1658 ut
985 1602 1055 1658 sit
1085 1601 1228 1672 apud
1259 1608 1576 1657 coronatos.
1616 1617 1636 1653 ι
1680 1596 1749 1655 Ut
1786 1598 1935 1655 enim
1979 1597 2037 1654 in

2144 1600 2296 1674 τόπῳ
2334 1600 2439 1672 τῆς
2488 1600 2768 1672 μακαρίας
2798 1601 3014 1673 τρυφῆς
3059 1603 3295 1674 ἐκείνης,
3331 1604 3426 1660 καὶ
3457 1607 3555 1678 τῆς
3588 1608 3714 1663 asa.

434 1696 652 1769 palatio
687 1694 870 1766 magni
912 1702 1041 1749 sunt
1067 1708 1133 1748 ac
1162 1692 1435 1763 splendidi
1480 1691 1854 1762 magistratus,
1894 1689 2038 1761 [inge

2146 1691 2403 1757 παύσεως
2431 1691 2641 1746 αὐτῶν*
2670 1692 2776 1747 κᾶν
2808 1693 2920 1763 γὰρ
2946 1693 3048 1748 οὐκ
3079 1694 3402 1768 ἐφθάσαμεν
3429 1699 3531 1770 τὴν
3560 1701 3714 1757 κατά.

446 1798 725 1857 senatum,
755 1787 1037 1859 patricios,
1076 1786 1373 1855 magistros
1399 1784 1674 1855 equitum,
1724 1784 2034 1855 praefectos,

2146 1800 2337 1838 στασιν
2364 1782 2474 1836 τῶν
2497 1780 2692 1853 ἁγίων,
2729 1783 2833 1838 κᾶν
2862 1783 2965 1838 οὒκ
2991 1784 3130 1852 ἄξιοί
3159 1787 3331 1858 ἔσμεν
3372 1787 3469 1842 τοῦ
3505 1785 3645 1845 εἶναι
3666 1795 3719 1845 ιν

447 1881 827 1948 silentiarios;
886 1878 979 1951 qui
1039 1892 1234 1933 omnes
1294 1874 1654 1947 magistratus
1699 1874 2039 1932 venerabiles

2138 1872 2207 1942 τῇ
2256 1873 2385 1947 δόξῃ
2430 1874 2634 1930 αὐτῶν.
2701 1874 2864 1929 Ἀλλὰ
2894 1874 3174 1946 δυνάμεθα
3223 1879 3301 1950 μὴ
3352 1879 3604 1935 ἐκπεσεῖν
3631 1883 3719 1937 τοῦ

445 1982 594 2028 sunt.
625 1970 691 2027 Et
718 1971 811 2027 alii
832 1985 1055 2042 quoque
1081 1969 1134 2023 in
1163 1968 1359 2024 eodem
1386 1968 1590 2038 palatio
1622 1976 1752 2022 sunt
1785 1966 2039 2022 militiam

2137 1973 2513 2045 παραδείσου,
2566 1974 2663 2029 ἐὰν
2712 1975 2972 2047 νήφωμεν
3020 1976 3117 2031 καὶ
3172 1973 3461 2046 βιάζωμεν
3510 1976 3726 2040 ἑαυτοὺς

443 2077 669 2138 agentes
687 2079 857 2137 parvo
886 2079 994 2119 tere
1011 2071 1065 2118 et
1089 2061 1307 2117 modico
1327 2059 1633 2132 stipendio;
1658 2067 1714 2116 et
1741 2067 1920 2114 tamen
1936 2059 2041 2130 ipsi

2140 2064 2361 2138 μικρὸν,
2396 2065 2472 2131 ὡς
2505 2065 2654 2135 λέγει
2684 2068 2781 2121 καὶ
2818 2068 2849 2120 ὁ
2881 2061 3033 2135 ἅγιος
3066 2067 3321 2139 Κλήμης,
3358 2064 3464 2120 κᾶν
3512 2064 3587 2137 μὴ
3615 2081 3726 2118 ατε.

436 2173 668 2230 quoque
694 2156 931 2212 militare
957 2153 1219 2210 dicuntur
1247 2152 1381 2222 regi,
1409 2160 1464 2208 et
1494 2151 1751 2223 quamvis
1791 2166 2040 2208 summo-

2138 2156 2392 2227 φανῶταί
2416 2174 2524 2223 τις,
2564 2157 2703 2214 ἀλλὰ
2730 2159 3016 2233 σπουδάσει
3065 2157 3142 2231 μὴ
3186 2155 3413 2230 μακρὰν
3448 2156 3729 2229 εὑρεθῆναι

437 2266 567 2306 rum
598 2250 821 2305 illorum
851 2248 1081 2319 gloriam
1117 2260 1227 2300 non
1256 2245 1517 2310 habeant,
1546 2251 1602 2299 et
1635 2242 1737 2314 ipsi
1770 2249 1955 2298 tamen
1985 2242 2039 2297 in

2137 2250 2250 2305 τῶν
2306 2250 2784 2321 στεφανουμένων.
2839 2251 3054 2323 Ὠσπερ
3105 2253 3217 2323 γὰρ
3264 2252 3325 2306 ἐν
3380 2249 3464 2320 τῷ
3500 2249 3735 2321 παλατίῲ

442 2344 651 2416 palatio
677 2353 825 2397 sunt.
853 2340 1140 2410 Coutingit
1171 2347 1357 2393 autem
1390 2337 1714 2407 plerumque
1757 2345 1815 2390 ut
1841 2342 1897 2391 et
1936 2333 2043 2406 ipsi

2138 2342 2249 2396 είσὶ
2297 2341 2532 2414 μεγάλαι
2592 2342 2687 2398 καὶ
2737 2341 2989 2414 λαμπραὶ
3041 2341 3315 2413 στρατιαὶ,
3383 2338 3593 2394 ὑπόθου
3648 2340 3738 2412 τὴν

445 2436 654 2493 sensim
687 2431 1040 2504 proficientes
1069 2439 1487 2501 consequantur
1516 2428 1874 2499 magistratus
1914 2424 2039 2482 illos

2144 2430 2474 2504 σύγκλητον,
2504 2432 2632 2497 τοὺς
2652 2432 3006 2505 πατρικίους,
3033 2433 3162 2494 τοὺς
3185 2430 3603 2504 στρατηλάτας,
3622 2431 3738 2496 τοὺς

444 2543 677 2600 magnos
725 2535 782 2583 et
826 2525 1165 2597 splendidos,
1217 2535 1270 2578 et
1301 2521 1549 2577 eamdem
1590 2521 1818 2592 gloriam
1858 2518 2038 2590 adipi-

2142 2520 2448 2594 ὑπάρχους,
2480 2523 2610 2586 τοὺς
2641 2522 3048 2594 σελεντιαρίους
3067 2538 3081 2552 ⁸
3108 2523 3218 2576 sict
3241 2523 3351 2595 γὰρ
3392 2515 3563 2579 αὗται
3593 2523 3744 2577 πολύ-

443 2629 691 2676 scantur.
721 2616 801 2673 lta
825 2625 880 2673 et
912 2633 1012 2674 nos
1037 2631 1262 2688 operam
1288 2614 1505 2678 demus,
1530 2622 1589 2668 ut
1619 2627 1649 2668 a
1680 2620 1905 2683 peccato
1936 2611 2043 2666 im-

2141 2629 2292 2683 τιμοι
2327 2613 2601 2685 στρατιαί.
2634 2613 2758 2667 Εἰσὶ
2788 2614 2846 2668 δὲ
2880 2615 2976 2669 καὶ
3006 2613 3156 2671 ἄλλοι
3196 2614 3341 2679 τινες
3384 2616 3447 2670 ὲν
3495 2614 3577 2686 τῷ
3607 2612 3745 2686 αὐτῷ

440 2725 645 2767 munes
677 2708 905 2765 omnino
932 2709 1130 2772 simus,
1163 2722 1297 2777 qua,
1326 2709 1571 2778 gehenna
1607 2704 1845 2776 repulsa,
1899 2703 2038 2759 libe-

2146 2706 2401 2778 παλατίῳ
2427 2706 2853 2780 στρατευόμενοι
2901 2707 3100 2777 ὀλίγων
3151 2708 3560 2780 νομισμάτων·
3608 2709 3748 2780 ὅμως

446 2818 573 2859 rum
613 2801 821 2859 aditum
855 2802 910 2856 in
955 2800 1271 2871 paradisum
1299 2797 1506 2853 Christi
1534 2797 1824 2852 clementia
1851 2805 1906 2852 et
1931 2797 2038 2852 mi-

2146 2798 2398 2869 λιγονται
2442 2799 2543 2855 καὶ
2576 2800 2743 2856 ἀὐτοὶ
2800 2800 3194 2873 στρατεύεσθαι
3241 2801 3321 2872 τῷ
3386 2800 3627 2873 βασιλεῖ,
3661 2802 3748 2857 καί

446 2894 686 2952 sicordia
706 2934 722 2963 ,
759 2903 814 2950 et
842 2901 1159 2950 sanctorum
1194 2891 1447 2961 precibus
1475 2890 1796 2946 habeamus.
1962 2884 1967 2889 ”

2148 2891 2288 2944 εἰσιν
2315 2889 2426 2943 ἔσω
2462 2891 2522 2944 ὲν
2558 2888 2637 2961 τῷ
2664 2889 2936 2962 παλατιῳ,
2966 2889 3071 2946 κᾶν
3104 2891 3203 2964 τὴν
3231 2890 3410 2957 δόξαν
3439 2892 3556 2947 τῶν
3585 2892 3752 2965 μεγά-

441 2993 550 3047 λων
578 2991 680 3046 οὑκ
711 2991 943 3064 ἔχωσιν·
988 2988 1126 3045 ἀλλὰ
1177 2987 1316 3051 τέως
1354 2988 1482 3040 elei.
1518 2986 1817 3057 Συμσαίνει
1862 2985 1921 3039 δὲ
1954 2986 2036 3039 ὅτι
2076 2984 2342 3040 καὶκατὰ
2370 2984 2566 3060 μικρὸν
2617 2984 3043 3056 προκόπτοντες,
3068 2985 3420 3057 τυγχάνουσι
3481 2989 3582 3043 καί⁵
3607 2987 3754 3042 αὐτοὶ

444 3086 700 3158 μεγάλων
734 3083 1005 3158 στρατιῶν
1039 3083 1134 3139 καὶ
1166 3080 1438 3155 λαμπρῶν
1470 3080 1822 3153 ἀξιωμάτων.
1884 3078 2072 3145 Οὕτως
2146 3080 2241 3134 καὶ
2286 3081 2450 3152 ἡμεῖς
2497 3078 2895 3149 σπουδάσωμεν
2950 3080 3215 3150 ἑκφυγεῖν
3270 3080 3389 3154 τὴν
3439 3083 3565 3136 κατ’
3612 3080 3758 3153 ὲνέρ‹

441 3197 597 3253 γειαν
625 3179 923 3254 ἁμαρτίαν,
946 3177 1037 3231 ἵνα
1062 3176 1203 3239 τέως
1232 3174 1603 3245 ἐξειλήσωμεν
1630 3172 1726 3227 τοῦ
1756 3171 1914 3245 ᾅδου·
1979 3171 2073 3227 καὶ
2145 3169 2321 3235 οὕτως
2364 3168 2647 3241 δυνάμεθα
2692 3169 2783 3224 διὰ
2824 3169 2929 3242 τῆς
2975 3169 3069 3224 τοῦ
3111 3170 3248 3226 Θεοῦ
3292 3172 3754 3246 φιλανθρωπίας.

442 3273 538 3329 καὶ
567 3272 739 3344 αὐτῆς
759 3273 858 3343 τῆς
891 3267 1100 3323 εἰσόδου
1121 3268 1217 3323 τοῦ
1245 3265 1577 3340 παραδείσου
1607 3267 1814 3336 τυχεῖν,
1848 3265 2035 3336 εὐχαῖς
2077 3266 2296 3321 πάντων
2331 3263 2440 3319 τῶν
2471 3264 2665 3333 ἁγίων.
2713 3263 2911 3335 Ἀμήν.

1797 3381 2149 3440 DOCTRINA
2186 3381 2376 3438 XXIV.

1693 3475 1768 3531 De
1805 3478 2188 3546 compositione
2214 3479 2479 3533 monachi.

510 3578 640 3633 Haec
679 3588 763 3632 est
789 3576 1032 3631 modesta
1079 3585 1132 3632 et
1170 3583 1324 3646 grata
1367 3575 1479 3630 Deo
1516 3573 1843 3642 compositio
1872 3591 1885 3626 :
1921 3572 2039 3628 Pri-
2063 3587 2107 3643 α
2141 3586 2249 3631 tem
2281 3577 2471 3644 cubes,
2501 3591 2663 3634 nemo
2686 3577 2755 3645 (si
2778 3574 2892 3631 neri
2917 3576 3118 3646 potest)
3148 3575 3231 3631 vel
3250 3576 3408 3631 sciat
3440 3578 3530 3633 vel
3556 3578 3757 3634 videat.

441 3686 595 3726 mum
622 3684 733 3725 non
761 3666 1119 3724 circumferre
1145 3667 1253 3722 huc
1286 3676 1340 3722 et
1363 3667 1493 3723 illuc
1550 3666 1765 3733 oculos,
1795 3666 1890 3722 sed
1911 3682 2036 3737 quae
2140 3666 2218 3724 Ne
2245 3683 2482 3740 exspuas
2529 3667 2617 3725 vel
2656 3683 2881 3724 exerces
2911 3676 3038 3723 ante
3076 3667 3334 3739 aliquem.
3384 3668 3557 3736 Quod
3618 3671 3667 3727 si
3715 3680 3765 3724 te

439 3771 567 3818 ante
618 3770 671 3818 te
698 3767 830 3815 sunt
853 3758 1030 3814 solum
1090 3757 1289 3813 intueri
1328 3776 1341 3812 :
1380 3771 1557 3827 neque
1605 3772 1742 3812 vana
1796 3765 1852 3812 et
1889 3757 2033 3813 otio-
2141 3759 2598 3816 tussisinvaserit
2619 3760 2896 3816 sedentem
2927 3757 2993 3813 ad
3022 3772 3291 3825 mensam,
3325 3767 3507 3815 verte
3564 3758 3761 3816 faciem

440 3870 507 3910 sa
552 3854 724 3926 loqui,
755 3852 851 3909 sed
873 3859 1087 3907 tantum
1142 3850 1471 3908 necessaria.
1508 3849 1762 3908 Vestibus
1812 3852 1884 3906 ita
1925 3866 2035 3907 mo-
2140 3861 2290 3907 tuam
2329 3861 2654 3917 retrorsum,
2689 3859 2905 3908 etcum
2957 3849 3107 3905 omni
3166 3847 3463 3906 modestia
3529 3866 3764 3923 exspue.

439 3949 577 4005 dicis
615 3949 716 4015 uti,
749 3962 873 4019 quae
909 3948 977 4003 ad
1007 3948 1252 4019 corporis
1292 3946 1675 4004 necessitatem
1708 3945 1836 4009 sinl,
1867 3954 1919 4000 et
1954 3944 2034 3999 ci-
2137 3943 2374 4001 Comede
2396 3955 2452 4000 et
2481 3944 2624 4010 bibe,
2657 3952 2719 3999 ut
2745 3942 2905 3999 decet
2942 3956 3134 3998 servos
3169 3941 3284 3998 Dei.
3348 3943 3448 4000 Ne
3493 3945 3768 4001 extendas

439 4042 525 4096 bis
559 4042 655 4112 qui
704 4056 908 4113 corpus
943 4040 1307 4105 consolidant,
1350 4055 1451 4096 nec
1487 4039 1667 4112 gulam
1712 4046 2028 4109 provocent.
2138 4047 2362 4087 manum
2397 4031 2764 4102 impudenter,
2808 4040 2867 4086 ut
2922 4031 3108 4103 capias
3147 4031 3293 4103 quod
3331 4045 3488 4092 ante
3535 4034 3771 4092 fratrem

438 4134 584 4189 Nihil
611 4134 947 4200 discernere,
974 4135 1042 4190 de
1080 4134 1338 4191 omnibus
1373 4131 1746 4188 indifferenter
1770 4132 2029 4204 degusta-
2138 4133 2291 4180 tuum
2319 4132 2421 4181 est.
2446 4122 2503 4179 Si
2537 4124 2739 4181 sederit
2763 4132 2940 4180 tecum
2967 4127 3186 4196 hospes,
3230 4125 3413 4183 invita
3450 4128 3622 4184 illum
3676 4144 3768 4186 se-

442 4242 518 4282 re.
557 4224 678 4283 Non
705 4227 859 4283 cibos
876 4227 976 4281 bos
1008 4227 1227 4283 utviles
1256 4225 1506 4298 rejicere,
1545 4225 1665 4282 illos
1693 4225 2032 4281 utdelicatos
2136 4215 2243 4272 mel
2271 4224 2326 4272 el
2374 4214 2570 4272 item!“
2591 4215 2662 4271 ad
2700 4208 3119 4272 oomedéndum.
3149 4216 3510 4287 Composita:
3556 4236 3774 4277 mensa:

435 4320 659 4391 eligere,
690 4334 861 4392 seque
887 4319 973 4375 his
1030 4321 1096 4375 ad
1129 4318 1392 4375 vomitum
1458 4319 1810 4390 ingurgitare.
1858 4318 2032 4390 Major
2135 4306 2380 4364 aSsideas
2402 4305 2649 4364 modeste
2671 4311 2726 4362 et
2753 4314 3056 4373 contracte,
3084 4322 3193 4362 non
3223 4308 3499 4367 confuse.
3530 4310 3769 4368 Nullum

435 4426 764 4481 quacunque
809 4410 1007 4466 virtute
1053 4411 1312 4466 discretio
1339 4417 1441 4466 cst.
1477 4408 1615 4464 Vino
1645 4426 1712 4464 ne
1752 4419 1904 4465 utere
1936 4426 2028 4464 ex-
2135 4402 2505 4457 membrorum
2553 4408 2769 4456 morum
2825 4399 3027 4468 θηυάθ,
3059 4415 3184 4457 cum
3228 4411 3450 4461 astans
3506 4414 3569 4462 et
3596 4406 3774 4463 cales.

438 4514 521 4553 Ira
572 4499 905 4570 symbolum,
950 4500 1035 4555 vel
1094 4499 1431 4555 inﬁrmitatis
1492 4510 1587 4555 aut
1636 4500 2028 4557 imbecillitatis
2132 4494 2269 4550 Cum
2301 4494 2524 4559 oscitas,
2551 4507 2685 4550 cave
2712 4508 2775 4549 os
2810 4503 2963 4549 tuum
3002 4495 3276 4566 quispiam
3304 4496 3499 4571 466
3532 4493 3771 4567 νὶάεοιξ

434 4591 632 4662 gratia.
664 4589 742 4647 Ne
764 4576 1137 4662 interrumpas
1172 4606 1485 4648 sermonem
1525 4593 1700 4649 altero
1744 4592 2023 4663 loquente,
2133 4586 2531 4656 comprimente
2548 4594 2731 4642 autem
2758 4596 2810 4644 te
2827 4588 3081 4656 spiritum
3102 4589 3436 4646 tuumillico
3462 4604 3780 4663 pertrans-

434 4697 614 4753 neque
648 4688 710 4738 ut
731 4681 887 4741 rudis
911 4693 966 4739 et
1015 4683 1269 4741 indoctus
1305 4684 1658 4757 respondeas,
1685 4686 1780 4742 sed
1830 4695 1890 4741 ιιι
1931 4700 2022 4742 sa-
2133 4677 2226 4732 iet.
2268 4676 2407 4733 Cum
2442 4677 2745 4750 ingrederis
2782 4679 2976 4735 cellam
3019 4681 3299 4752 praepositi
3325 4683 3426 4738 vel
3456 4685 3647 4742 amici
3688 4686 3780 4741 vel

430 4772 611 4843 piens.
648 4770 873 4829 Stabilis
925 4768 983 4829 et
1032 4773 1225 4830 ﬁrmus
1274 4777 1354 4834 sis
1384 4785 1481 4843 ;et
1512 4776 1826 4847 ubicunque
1876 4777 2027 4833 loco-
2130 4770 2381 4842 discipuli
2412 4772 2507 4836 tui,
2536 4786 2669 4829 cave
2695 4772 2974 4844 quidpiam
3009 4774 3286 4830 curiosius
3319 4776 3633 4846 inspicias
3686 4794 3791 4837 ea-

431 4880 556 4921 rum
593 4863 785 4929 fueris,
826 4864 1140 4923 ministrant
1170 4876 1224 4923 et
1249 4884 1469 4924 servum
1522 4878 1573 4925 te
1609 4878 1740 4942 puta
1787 4869 2021 4951 fratrum
2132 4876 2252 4918 rum
2286 4878 2468 4919 rerum
2487 4864 2676 4935 quaein
2703 4864 2792 4920 illa
2819 4864 3039 4920 fuerint.
3054 4865 3160 4931 Qui
3182 4868 3328 4920 enim
3363 4866 3431 4924 in
3463 4868 3565 4927 his
3587 4873 3789 4944 impu-

435 4966 676 5013 tuorum.
722 4953 801 5013 Ne
828 4957 1213 5025 denudaveris,
1263 4970 1533 5030 praesente
1591 4961 1800 5033 aliquo,
1846 4948 2019 5019 ullum
2059 4948 2320 5013 “denter
2356 4972 2418 5014 se
2468 4958 2650 5025 habet,
2704 4959 2968 5014 mentitur
3019 4961 3401 5017 monasticum
3476 4965 3790 5035 habitum,

433 5050 807 5105 membrorum
857 5060 1103 5117 tuorum,
1133 5067 1314 5123 neque
1352 5054 1758 5125 appropinques
1803 5054 2023 5126 corpori
2129 5060 2184 5105 et
2214 5051 2491 5107 Christum
2523 5052 2618 5122 qui
2665 5049 2911 5129 habitum
2937 5051 3319 5122 hujuscemodi
3370 5056 3569 5114 nobis
3606 5062 3796 5131 grati-

398 5141 668 5211 lalicujus
719 5141 927 5212 absque
962 5141 1249 5199 manifesta
1307 5152 1363 5199 et
1410 5160 1626 5200 summa
1672 5145 2020 5212 necessitate,
2129 5142 2324 5198 iicatus
2353 5150 2456 5198 est.
2484 5142 2623 5198 Cum
2649 5143 2917 5199 modestia
2952 5151 3008 5200 et
3039 5144 3156 5213 sine
3178 5143 3432 5214 strepitu
3501 5150 3685 5219 aperi
3740 5160 3801 5207 et

436 5241 526 5286 aut
555 5232 841 5301 permittas
865 5232 1033 5288 alium
1070 5234 1166 5291 tibi
1214 5235 1654 5308 appropinquare
1681 5237 1893 5309 absque
1925 5253 2018 5293 ra-
2127 5235 2322 5293 claude
2348 5235 2488 5292 ostia
2538 5236 2625 5292 vel
2679 5244 2768 5291 tua
2795 5236 2878 5291 vel
2911 5237 3076 5292 amici
3108 5237 3207 5292 tui.
3237 5236 3315 5293 Ne
3369 5244 3805 5302 tumultuarie

437 5324 677 5379 tinnabili
742 5341 928 5382 causa.
993 5325 1138 5400 Fuge
1198 5329 1677 5400 praesumptionem
1757 5340 2018 5402 tanquam
2126 5330 2451 5402 ingrediaris
2498 5327 2565 5384 ad
2608 5345 2961 5401 quemquam,
2994 5330 3088 5386 sed
3130 5331 3282 5401 prius
3315 5335 3621 5394 exterius
3664 5341 3800 5411 pul-

431 5427 687 5472 mmtem.
725 5415 954 5475 Sobrius
1000 5431 1054 5476 et
1115 5423 1393 5478 modestus
1419 5430 1559 5478 esto.
1606 5420 1664 5477 In
1699 5439 1894 5479 somno
1951 5439 2020 5480 ne
2126 5438 2280 5489 sans,
2307 5437 2434 5479 cum
2472 5431 2697 5478 vocatus
2726 5421 2898 5478 fueris
2931 5424 3232 5494 ingredere.
3264 5422 3346 5480 Ne
3408 5430 3688 5487 studeas
3739 5432 3800 5488 in

430 5514 591 5577 longe
622 5507 763 5565 flata
786 5520 838 5565 te
859 5512 1028 5567 virtus
1049 5529 1172 5584 quae
1201 5513 1297 5570 tibi
1333 5515 1753 5588 circumvigilat.
1784 5516 1885 5574 Ubi
1912 5532 2015 5572 au-
2127 5516 2343 5575 incessu
2368 5526 2461 5573 tuo
2492 5516 2701 5589 absque
2746 5516 3056 5573 necessaria
3093 5532 3281 5574 causa.
3311 5515 3601 5582 Cunctis
3653 5541 3809 5597 pare

505 5693 528 5730 ι
563 5691 756 5749 Matth.
788 5710 866 5761 VI,
898 5694 993 5749 20.

501 5853 571 5922 (⁸)
593 5851 769 5909 Clem.
814 5851 988 5924 Epist.
1019 5853 1064 5907 ιι
1096 5852 1163 5911 ad
1188 5852 1436 5910 Corinth.
1457 5869 1578 5926 cap.
1607 5871 1709 5912 vu.
