4062 6432
377 407 510 474 1837

1493 406 1879 467 EPISTOL/E
1918 410 2018 469 AD
2050 405 2440 470 DIVERSOS.

3499 400 3631 466 1839

372 513 429 567 in
453 507 601 568 omni
629 515 797 581 opere
817 506 999 566 bono:
1026 523 1136 565 non
1162 514 1346 565 tamen
1361 507 1644 576 divitibus,
1670 511 1953 583 Iocupleti-
1980 517 2027 573 Δ
2053 511 2160 568 lius
2183 511 2280 566 tibi
2308 519 2395 566 est
2415 508 2753 565 mortiferam
2777 510 3072 581 aeruginem
3091 510 3442 577 manducare,
3465 527 3632 582 quam

373 603 474 659 bus
507 609 562 656 et
585 600 946 658 saecularibus
978 601 1212 657 multum
1245 600 1566 666 adhteseris,
1601 618 1670 656 ne
1695 602 1788 657 ﬁat
1816 618 1955 674 opus

373 692 726 748 diabolicum.
756 690 896 748 Cum
948 691 1368 748 mansuetudine
1420 693 1682 748 omnibus
1705 693 1952 763 loquere,

373 797 427 840 et
457 798 581 839 cum
616 783 884 840 modestia
905 783 1158 840 homines
1202 783 1417 839 intuere
1459 791 1518 838 et
1560 784 1954 853 contemplare,

376 892 444 932 ne
474 877 711 932 videaris
741 875 936 932 faciem
967 876 1208 946 alicujus
1229 891 1337 932 non
1360 887 1607 943 cernere,
1635 875 1729 932 sed
1766 876 1954 930 hauri-

377 983 434 1022 re
456 967 631 1023 oculis
650 967 782 1022 tuis.
804 966 943 1022 Cum
978 967 1230 1022 ambulas
1269 966 1326 1021 in
1345 967 1452 1032 via‘,
1499 977 1567 1020 ne
1613 977 1958 1036 prmoeeupes

375 1063 469 1111 aut
496 1055 772 1125 praeeedas
807 1055 1044 1124 majores
1071 1063 1192 1110 tuos
1219 1053 1402 1124 :quod
1430 1053 1476 1111 si
1503 1063 1660 1107 tuum
1687 1053 1789 1108 erit
1817 1064 1958 1123 prte-

375 1148 588 1216 cedere,
644 1148 960 1218 praestolaro
1015 1147 1230 1203 socium
1277 1156 1466 1215 tuum,
1501 1161 1680 1217 neque
1725 1145 1957 1201 multum

375 1241 510 1298 velis
531 1256 656 1296 eum
689 1241 918 1297 anteire.
955 1238 1063 1307 Qui
1111 1240 1259 1296 enim
1303 1239 1407 1296 hoc
1441 1253 1553 1295 non
1595 1239 1786 1310 egerit,
1826 1238 1961 1295 insi—

373 1334 529 1405 piens
555 1332 913 1405 judicabitur,
936 1341 992 1388 et
1017 1332 1216 1388 similis
1260 1345 1428 1402 porco
1465 1331 1662 1402 exlegi.
1708 1330 1766 1386 Si
1808 1333 1960 1386 locu-

373 1436 462 1482 tus
487 1425 652 1481 fuerit
693 1425 880 1482 socius
925 1433 1058 1481 tuus
1091 1439 1219 1481 cum
1273 1423 1697 1480 occursantibus
1767 1423 1962 1479 amicis

369 1518 424 1574 in
455 1517 568 1583 via,
596 1527 850 1586 exspecta
888 1525 1012 1572 eum
1051 1515 1302 1581 libenter,
1331 1529 1507 1585 neque
1547 1513 1826 1586 compelle.
1861 1511 1962 1568 Sa-

369 1625 476 1667 nus
504 1624 661 1682 aegro
692 1611 839 1665 dicat
894 1617 1024 1665 ante
1066 1614 1304 1679 tempus,
1355 1607 1734 1670 comedamus.
1764 1603 1844 1660 Ne
1873 1621 1961 1660 re-

368 1702 731 1773 prehenderis
763 1701 930 1756 ullum
981 1700 1276 1772 aliquando
1299 1707 1617 1771 peccantem
1647 1698 1732 1753 vel
1765 1698 1959 1754 laben-

367 1804 475 1849 tem
503 1794 563 1849 in
610 1794 819 1864 aliquo,
839 1793 934 1849 sed
989 1801 1044 1849 te
1092 1808 1310 1864 semper
1358 1803 1674 1862 suspectum
1743 1791 1959 1856 habeto,

2057 617 2184 658 cum
2216 601 2447 657 muliere
2470 599 2776 665 comedere,
2812 599 3030 656 etiamsi
3074 609 3265 667 mater,
3295 602 3518 657 etiamsi
3548 617 3639 658 so-

2059 705 2152 752 ror
2201 702 2293 750 tua
2341 693 2430 750 sit.
2465 691 2658 749 Melius
2706 693 2804 748 tibi
2863 702 2946 748 est
2997 693 3318 748 cohabitare
3374 694 3640 764 serpenti,

2059 802 2222 858 quam
2254 801 2378 842 cum
2405 794 2590 841 scorto
2615 785 2938 852 consedere,
2968 785 3188 841 etiamsi
3223 785 3316 841 tibi
3342 800 3505 842 soror
3529 783 3648 842 fue-

2061 879 2131 933 rit
2160 877 2462 934 secundum
2490 893 2733 933 carnem.
2771 877 2829 933 Si
2878 894 2909 933 a
2964 877 3345 948 superioribus
3377 878 3486 934 tuis
3519 894 3645 935 cum

2061 969 2117 1025 in
2150 970 2344 1026 itinere
2386 984 2468 1035 es,
2498 971 2755 1026 invitatus
2805 969 2977 1025 fueris
3027 969 3095 1024 ad
3148 971 3528 1042 psallendum,
3583 987 3651 1026 nc

2062 1077 2254 1118 recusa
2276 1073 2469 1132 parere
2496 1080 2509 1117 :
2536 1063 2683 1133 quod
2724 1064 2768 1118 si
2803 1064 2936 1116 nihil
2964 1063 3204 1119 dixerint
3226 1107 3240 1131 ,
3270 1065 3456 1136 lingua
3505 1075 3648 1130 tace,

2058 1154 2224 1212 corde
2245 1164 2424 1210 tamen
2451 1153 2740 1210 Dominum
2767 1156 3028 1226 gloriﬁca.
3055 1155 3131 1212 Ne
3174 1157 3475 1216 contendas
3524 1174 3650 1213 cum

2062 1249 2172 1304 ullo
2203 1249 2269 1302 de
2311 1263 2367 1303 re
2397 1247 2599 1317 aliqua,
2645 1257 2712 1302 ne
2756 1247 2926 1303 facias
2984 1249 3342 1306 turbationes.
3376 1248 3449 1304 Ne
3488 1267 3645 1305 men-

2061 1339 2234 1406 tiaris,
2272 1355 2339 1394 ne
2361 1340 2514 1409 jurcs
2549 1339 2605 1392 in
2637 1338 2730 1394 Dei
2769 1340 3011 1395 nomine.
3036 1340 3340 1396 Co‘ntemne
3384 1341 3644 1414 teipsum,

2063 1446 2172 1489 non
2208 1432 2414 1500 alium;
2446 1433 2679 1504 teipsum
2742 1431 2940 1502 injuria
2987 1429 3157 1501 allice,
3190 1449 3298 1489 non
3318 1434 3510 1490 alium.
3536 1433 3650 1492 Me-

2063 1526 2170 1582 lius
2190 1536 2275 1581 est
2306 1525 2490 1580 omnia
2515 1540 2780 1594 corporea
2823 1525 3003 1596 perire
3031 1540 3158 1580 cum
3206 1540 3459 1596 corpore,
3484 1543 3652 1598 quam

2063 1619 2119 1674 in
2154 1633 2212 1674 re
2238 1618 2432 1688 quavis
2453 1619 2680 1673 minima
2714 1618 2832 1673 laedi
2855 1618 3120 1674 animam.
3149 1617 3230 1674 Ne
3283 1621 3553 1676 contende
3595 1621 3650 1675 in

2059 1711 2270 1782 judicio
2299 1726 2424 1767 cum
2455 1710 2664 1780 aliquo,
2698 1709 2793 1766 sed
2829 1709 3174 1781 adjudicatus
3213 1712 3531 1782 patientiam
3555 1713 3655 1768 ba-

2067 1801 2150 1866 be,
2183 1800 2399 1856 etiamsi
2443 1814 2552 1854 non
2599 1798 2828 1856 meritus
2857 1799 3245 1868 sisjudicium.
3281 1798 3430 1856 Nihil
3497 1801 3552 1856 in
3602 1809 3656 1855 te

363 1897 420 1944 et
440 1889 638 1958 lapsus
689 1887 835 1942 illius
887 1893 941 1941 te
987 1863 1225 1941 causam,
1258 1892 1408 1955 puta.
1436 1882 1611 1939 Omne
1665 1897 1805 1954 opus
1856 1883 1961 1936 vile
1995 1863 2034 1916 Β
2064 1863 2281 1960 diligas,
2317 1889 2463 1959 quod
2517 1888 2810 1959 pristinum
2858 1863 3138 1943 hominem
3185 1887 3446 1946 redoleat.
3478 1888 3655 1961 Subji-

363 1981 542 2036 adeas
573 1980 803 2035 libenter
833 1985 886 2033 et
916 1991 1042 2032 cum
1079 1976 1406 2032 humilitate.
1432 1975 1491 2030 Si
1534 1983 1763 2031 coactus
1791 1973 1963 2028 fueris

365 2073 580 2138 ridere,
617 2072 764 2128 risus
811 2079 938 2127 tuus
981 2077 1168 2124 careat
1209 2067 1487 2124 dentibus.
1536 2066 1593 2121 Si
1641 2066 1964 2135 compulsus

364 2165 549 2222 lueris
589 2164 918 2220 mulieribus
940 2161 1232 2234 congredi,
1269 2169 1455 2217 averte
1493 2159 1688 2216 {aciem
1733 2168 1881 2214 tuam
1931 2175 1962 2214 a

362 2266 676 2328 conspectu
700 2265 916 2324 earum,
939 2267 994 2312 et
1021 2256 1102 2311 sic
1133 2255 1376 2326 loquere.
1403 2253 1488 2309 Ab
1521 2252 1810 2322 impudicis
1839 2251 1966 2322 fuge

363 2361 636 2421 tanquam
688 2350 758 2405 ab
784 2350 909 2422 igne
961 2359 1016 2404 et
1057 2349 1256 2419 laqueo
1300 2347 1525 2412 diaboli,
1577 2354 1631 2401 et
1672 2360 1805 2401 eave
1844 2345 1966 2400 illas

363 2459 654 2515 nusquam
696 2443 890 2497 obvias
931 2442 1160 2507 habeas,
1190 2440 1511 2512 alloquaris,
1541 2447 1640 2494 aut
1682 2438 1963 2508 aspicias;

363 2549 439 2592 ne
477 2549 582 2590 cor
622 2543 776 2589 tuum
827 2533 944 2588 luto
993 2531 1309 2602 passionum
1357 2531 1680 2600 deturpetur
1705 2533 1718 2583 ὲ
1747 2528 1965 2584 etiamsi

363 2642 600 2684 sorores
625 2625 722 2681 tibi
769 2624 993 2689 fuerint,
1023 2640 1116 2680 eas
1142 2633 1204 2679 ut
1235 2624 1450 2695 ignotas
1487 2622 1722 2678 declina.
1755 2616 1969 2691 Cognao

364 2721 439 2776 tis
478 2729 543 2776 et
599 2719 851 2774 omnibus
905 2719 1013 2774 tuis
1061 2732 1131 2772 ne
1180 2717 1476 2772 admodum
1531 2713 1965 2778 commiscearis,

368 2827 440 2868 ne
482 2809 809 2882 refrigescat
851 2826 948 2867 cor
1011 2820 1163 2864 tuum
1207 2824 1238 2863 a
1277 2808 1545 2863 charitate
1605 2808 1716 2862 Dei.
1772 2806 1971 2863 Adole-

364 2905 752 2963 scentulorutn
798 2902 1068 2972 colloquia
1114 2911 1169 2955 et
1214 2900 1660 2956 consuetudinem
1714 2898 1873 2970 fuge,
1912 2905 1972 2953 ut

369 2994 678 3049 amicitiam
741 2992 964 3047 diaboli.
1016 2990 1250 3046 Unicum
1309 2989 1507 3045 habeto
1553 2990 1786 3056 socium,
1845 2988 1970 3042 uni-

366 3100 505 3142 cum
553 3085 793 3139 amicum
843 3082 1010 3138 Deum
1050 3082 1353 3145 timentem,
1391 3081 1487 3152 qui
1529 3096 1654 3136 eum
1691 3080 1966 3150 loquaris,

368 3187 429 3232 et
473 3189 831 3237 consuescas,
893 3174 1096 3243 quique
1132 3173 1189 3226 in
1235 3171 1398 3228 domo
1442 3172 1600 3242 ineps
1654 3171 1726 3226 sit
1774 3179 1829 3226 et
1883 3181 1968 3225 te-
1999 3204 2042 3260 ρ

373 3267 527 3332 nuis,
594 3266 651 3320 in
713 3265 988 3336 mysteriis
1051 3272 1234 3318 autem
1289 3263 1381 3319 Dei
1439 3263 1591 3318 dives
1647 3269 1701 3317 et
1752 3262 1969 3332 plenus.

374 3359 606 3414 Secreta
668 3365 781 3422 tua,
831 3357 970 3412 bella
1027 3355 1233 3422 animi,
1284 3364 1339 3412 ct
1394 3369 1754 3428 quoscunque
1815 3361 1972 3410 actus

373 3459 546 3516 tates,
620 3450 761 3521 apud
819 3463 1012 3506 omnes
1059 3448 1196 3504 ccla.
1263 3447 1403 3503 Ante
1459 3447 1665 3504 nullum
1740 3447 1972 3512 sedeas,

371 3544 488 3599 nisi
545 3544 892 3614 compulsus.
951 3542 1090 3598 Cum
1129 3539 1398 3599 modestia
1431 3541 1690 3612 egredere
1755 3540 1822 3594 ad
1880 3554 1976 3594 ne-

368 3636 658 3692 oessarios
710 3647 843 3692 usus
875 3635 1204 3693 necessarie.
1267 3632 1540 3691 Venerare
1578 3633 1860 3690 cuswdem
1894 3631 1972 3687 tui

367 3727 638 3794 angelum
698 3727 756 3782 in
816 3728 1077 3783 omnibus
1127 3727 1344 3783 actibus
1402 3727 1532 3782 tuis.
1587 3727 1724 3782 Cum
1777 3725 1974 3780 timore

367 3816 471 3869 Dei
535 3817 722 3872 omnia
781 3817 1013 3886 perﬁce,
1068 3828 1227 3889 teque
1291 3817 1359 3873 ad
1411 3818 1739 3881 orationem,
1798 3815 1972 3870 medi-

364 3905 648 3963 tationem
692 3916 746 3962 et
773 3907 1290 3977 contemplationem
1344 3923 1489 3978 smpe
1537 3908 1828 3977 compelle.
1861 3906 1970 3959 Mc-

2064 1993 2189 2036 cere
2211 1981 2590 2050 superioribus
2638 1992 2694 2036 et
2734 1980 2970 2036 ducibus
3023 1979 3152 2047 tuis,
3190 1989 3245 2035 et
3295 1980 3513 2038 illorum
3568 1982 3655 2036 ni-

2067 2072 2229 2127 miarii
2257 2071 2712 2129 consuetudinem
2740 2071 2850 2125 vita
2877 2089 2894 2127 :
2919 2079 3003 2126 est
3031 2070 3177 2126 enim
3207 2069 3457 2141 laqueus,
3489 2071 3655 2142 negli-

2065 2174 2254 2234 gentes
2287 2164 2572 2219 etdesides
2601 2163 2656 2218 in
2683 2162 3046 2234 perditionem
3093 2161 3378 2218 inducens.
3413 2159 3458 2218 0
3489 2163 3651 2235 guto-

2068 2270 2148 2323 se,
2179 2257 2272 2327 qui
2309 2263 2553 2311 ventrem
2598 2265 2750 2310 tuum
2807 2254 3143 2326 ingurgitare
3186 2255 3394 2321 studes,
3460 2256 3656 2311 melius

2071 2353 2170 2408 tibi
2202 2358 2351 2408 es’Set
2403 2351 2672 2406 carbones
2718 2350 2859 2420 ignis
2899 2349 3184 2414 devorare,
3212 2343 3298 2406 vel
3343 2343 3570 2420 patellas
3603 2361 3657 2403 et

2069 2437 2326 2500 [riter-ias
2351 2443 2636 2516 deglutire,
2670 2457 2834 2513 quam
2887 2441 2963 2496 ita
2997 2455 3237 2496 ventrem
3291 2443 3558 2497 enutrirc.
3596 2441 3653 2494 In

2069 2547 2264 2594 omnes
2288 2535 2605 2592 misericors
2630 2545 2770 2602 esto,
2805 2536 3115 2590 abstractus
3164 2544 3348 2589 autem
3376 2534 3444 2589 ab
3476 2537 3656 2589 omni-

2069 2629 2192 2685 bus.
2229 2628 2272 2681 A
2313 2628 2662 2698 mu’ltiloquio
2702 2627 2917 2682 abstine
2958 2645 2974 2681 :
3010 2625 3114 2682 hoc
3158 2627 3304 2681 enim
3356 2625 3659 2698 exstinguit

2069 2721 2220 2776 cordi
2270 2720 2623 2776 advenientes
2671 2719 3028 2791 cogitationes
3047 2717 3404 2774 rationabiles
3454 2726 3508 2774 et
3543 2732 3657 2773 ea»

2071 2811 2255 2866 lestes.
2282 2809 2427 2864 Cave
2460 2809 2831 2881 dogmatizare
2852 2824 2976 2863 cum
3005 2807 3244 2862 alumnis
3275 2807 3516 2878 praelatis
3546 2804 3652 2863 Ec-

2072 2898 2269 2963 clesiae,
2303 2906 2509 2952 etcum
2539 2896 2883 2967 alienigenis,
2917 2904 2971 2951 et
3014 2897 3321 2967 praesertim
3373 2897 3430 2950 in
3476 2897 3658 2967 publi-

2072 3002 2158 3046 co.
2194 2986 2253 3043 Si
2285 3001 2425 3058 quos
2477 2986 2681 3043 videris
2725 2988 2867 3042 inter
2887 3001 2947 3042 se
2990 2987 3170 3042 verbis
3223 2988 3552 3044 altercantes
3605 3001 3660 3043 et

2073 3083 2155 3137 ira
2223 3081 2483 3153 percitos,
2529 3088 2802 3146 transeas,
2839 3095 2910 3136 ne
2959 3095 3056 3135 cor
3105 3088 3263 3134 tuum
3319 3093 3541 3151 quoque
3580 3081 3659 3134 ira

2074 3173 2385 3244 impleatur,
2417 3182 2472 3228 et
2507 3172 2861 3229 dominentur
2907 3173 3058 3228 cordi
3109 3182 3205 3227 tuo
3249 3173 3456 3229 erroris
3509 3182 3661 3228 tene-

2077 3267 2206 3322 brm'.
2249 3265 2386 3320 Cum
2412 3267 2649 3336 superbo
2681 3281 2748 3320 ne
2779 3279 2896 3331 eas,
2928 3281 2994 3320 ne
3022 3264 3263 3335 Spiritus
3305 3265 3486 3321 sancti
3512 3267 3661 3320 actio

2078 3355 2295 3411 tollatur
2322 3357 2391 3412 ab
2443 3357 2628 3411 anima
2667 3366 2782 3422 tua,
2814 3366 2868 3411 et
2921 3356 3022 3410 tias
3062 3355 3434 3411 habitaculum
3478 3371 3664 3412 omnis

2077 3455 2255 3518 pravae
2315 3458 2369 3502 et
2418 3447 2716 3502 immunda:
2767 3448 3062 3518 passionis.
3097 3445 3224 3503 llaec
3276 3456 3568 3519 praecepta,
3617 3447 3664 3503 si

2078 3541 2430 3607 custodieris,
2463 3557 2497 3597 ο
2544 3542 2729 3610 homo,
2770 3550 2933 3614 teque
2998 3558 3213 3614 semper
3241 3543 3555 3598 exercueris
3606 3542 3660 3595 in

2082 3627 2174 3684 Dei
2203 3621 2556 3684 meditatione
2582 3629 2795 3686 sincere
2818 3641 2872 3686 et
2913 3629 3123 3702 absque
3160 3630 3403 3694 ﬁctione,
3434 3645 3665 3701 appare-

2073 3721 2154 3777 bit
2184 3720 2240 3776 in
2292 3722 2477 3777 anima
2509 3730 2602 3776 tua
2637 3722 2816 3777 lumen
2861 3719 3088 3786 Christi,
3117 3717 3267 3793 quod
3318 3721 3371 3776 in
3397 3731 3663 3777 aeternum

2073 3827 2182 3866 non
2203 3815 2603 3882 exstinguetur.
2634 3810 2741 3883 lpsi
2779 3813 2954 3882 gloria
2992 3821 3046 3868 et
3088 3821 3335 3884 potestas
3374 3811 3428 3867 in
3463 3811 3663 3866 saecula

2074 3904 2424 3960 saeculorum.
2453 3905 2627 3960 Amen
2640 3946 2653 3960 .

1016 4319 1541 4435 SANCTI
1617 4317 2363 4436 DOROTHEI
2447 4317 3052 4433 ABBATIS

1270 4583 1900 4677 EPISTOLAL‘
1972 4584 2124 4674 AD
2178 4584 2805 4679 DIVEBSOS.

377 4869 466 4917 Av.
500 4885 572 4899 --
608 4851 765 4924 Πρὸς
799 4850 1068 4921 ἀδελφὸν
1089 4848 1658 4974 ι(ζίξίειιηχωρούμενον·
1689 4847 1810 4901 ὑπὸ
1851 4862 1977 4899 πει-

1051 4939 1085 4974 ι)
1174 4936 1308 4974 μου.

1044 4936 1308 4990 ρασμου.

459 5015 694 5088 Πρῶτον
740 5013 860 5084 μὲν,
895 5009 1109 5074 τέκνον.
1139 5011 1240 5064 οὐκ
1287 5006 1509 5079 οἴδαμεν
1537 5006 1638 5071 τὰς
1667 5005 1978 5077 οἰκονομίας

380 5110 485 5170 τοῦ
523 5107 684 5175 Θεοῦ,
715 5105 812 5162 καὶ
840 5103 1129 5175 ὀφείλομεν
1158 5103 1505 5174 παραχωρεῖν
1533 5098 1684 5170 αὐτῷ
1717 5100 1814 5172 τὴν
1845 5099 1978 5152 διοί-

377 5221 557 5278 κησιν
582 5203 760 5274 ἡμῶν,
784 5201 922 5270 ὅπερ
949 5199 1044 5251 καὶ
1073 5196 1170 5250 νῦν
1196 5195 1436 5266 μάλιττα
1461 5193 1750 5264 ὀφείλομεν
1780 5193 1977 5246 ποιεῖν.

2220 4842 2270 4898 1.
2296 4873 2365 4890 α-
2405 4845 2488 4899 Ad
2521 4845 2742 4914 fratrem
2777 4846 3159 4902 mutationibus
3183 4863 3517 4920 oppressum.

2156 5007 2343 5066 Primo
2358 5009 2602 5079 quidem.
2621 5009 2717 5076 (ili,
2745 5009 3024 5066 nescimus
3053 5008 3148 5066 Dei
3181 5011 3670 5083 dispensationem,

2085 5113 2140 5156 et
2160 5101 2418 5158 debemus
2431 5104 2480 5156 ei
2495 5102 2811 5173 permittere
2827 5104 3276 5176 gubernationem
3295 5107 3469 5162 nostri
3489 5125 3509 5162 :
3527 5109 3676 5180 quod

2087 5209 2233 5250 nunc
2263 5194 2538 5265 praecipue
2564 5194 2741 5251 facere
2763 5195 3046 5252 debemus.
3073 5195 3134 5252 Si
3147 5197 3294 5252 enim
3317 5198 3454 5255 velis
3479 5199 3678 5255 buma-

393 5298 534 5354 Ἐἀν
567 5294 678 5365 γὰρ
712 5291 946 5362 Θελήσῃς
976 5287 1344 5360 ἀνθρωπίνοις
1370 5285 1654 5356 λογισμοῖς
1679 5285 1887 5357 κρίνειν
1915 5282 1982 5337 τὰ

2087 5287 2173 5344 nis
2202 5287 2511 5343 rationibus
2532 5303 2596 5342 ea
2619 5302 2742 5357 quae
2780 5289 3124 5358 contingunt,
3159 5288 3429 5358 judicare,
3477 5300 3532 5346 et
3567 5308 3678 5349 non

379 5382 746 5449 ἀπαντῶντα,
779 5386 874 5435 καὶ
908 5381 984 5453 μὴ
1021 5369 1220 5453 μᾶλλον
1241 5379 1334 5433 ἐπὶ
1352 5378 1443 5433 τὸν
1471 5377 1605 5431 Θεὸν
1635 5377 1983 5450 ὲπιρῤιπτειν

379 5482 494 5553 τὴν
546 5475 817 5549 μέριμναν
850 5491 969 5539 σου,
1004 5473 1290 5527 κοποῦσαι.
1331 5473 1423 5524 Δεῖ
1463 5465 1578 5536 οὖν,
1610 5471 1701 5523 ὅτε
1733 5469 1986 5543 ἔρχονται

385 5570 711 5633 στενοῦντές
757 5585 816 5622 σε
867 5568 1100 5621 ἐναντίοι
1129 5565 1405 5644 λογισμοὶ,
1455 5563 1680 5636 κράζειν
1717 5563 1856 5634 πρὸς
1892 5562 1985 5616 τὸν

383 5665 559 5722 Θεόνο
594 5661 767 5734 Κύριε
815 5660 890 5724 ὡς
921 5660 1098 5724 θέλεις
1143 5660 1236 5713 καὶ
1272 5658 1349 5722 ὡς
1394 5652 1563 5723 οἶδας,
1607 5656 1884 5726 οἰκονόμει
1918 5656 1983 5709 σὺ

383 5760 457 5814 τὸ
511 5757 767 5826 πρᾶγμα.
820 5753 999 5809 Πολλὰ
1048 5754 1158 5826 γὰρ
1189 5753 1324 5824 παρ’
1361 5750 1390 5804 ὃ
1439 5749 1734 5821 νομίζομεν
1782 5747 1986 5820 ἢπαρ¹

386 5848 624 5911 easeas;
655 5849 800 5901 ποιεῖ
826 5847 862 5917 ἠ
891 5846 1121 5916 πρόνοια
1148 5844 1242 5900 τοῦ
1271 5842 1429 5912 Θεοῦ,
1461 5843 1559 5899 καὶ
1604 5842 1778 5906 ἄλλως
1827 5843 1982 5895 ὲλπι-

2088 5378 2271 5447 potius
2294 5378 2347 5432 in
2367 5377 2536 5434 Deum
2553 5378 2779 5449 rejicere
2801 5393 2991 5434 curam
3016 5379 3287 5436 laborabis
3308 5381 3483 5438 valde.
3507 5387 3680 5452 Opor-

2091 5479 2169 5526 tet
2188 5471 2377 5543 igitur,
2406 5486 2532 5526 cum
2563 5472 2822 5527 contrarii
2850 5473 3085 5542 impetus
3113 5473 3212 5528 tibi
3236 5474 3474 5531 subeunt
3497 5478 3682 5546 oppri-

2093 5573 2304 5619 mentes
2327 5573 2398 5630 te,
2428 5564 2496 5619 ad
2515 5565 2683 5620 Deum
2701 5564 2972 5621 clamare:
2994 5564 3244 5633 Domine,
3267 5568 3411 5623 sicut
3429 5570 3510 5624 vis
3536 5577 3589 5623 et
3610 5572 3685 5624 si-

2091 5666 2183 5713 cut
2203 5659 2369 5724 nosti,
2403 5658 2650 5729 guberna
2678 5660 2981 5730 negetium.
3015 5661 3182 5716 Multa
3203 5663 3352 5717 enim
3393 5665 3685 5734 providen-

2093 5750 2165 5804 tia
2200 5749 2294 5804 Dci
2343 5759 2542 5819 praeter
2569 5766 2735 5822 quam
2779 5760 3040 5822 putamus
3061 5762 3155 5808 aut
3180 5767 3465 5824 speramus
3502 5755 3635 5812 facit
3667 5793 3684 5833 τ

2089 5855 2145 5902 et
2183 5861 2270 5903 res
2319 5846 2469 5902 aliter
2527 5855 2779 5917 speratae,
2817 5847 3156 5918 experientia
3189 5845 3355 5907 aliter
3396 5849 3688 5907 inveniun-
