4062 6440
409 356 547 421 133-3
923 336 930 346 '
1617 361 1678 417 s.
1715 359 2105 420 nouorum
2135 361 2458 422 ABBATIS
3534 376 3650 447 1m

408 483 514 536 tur,
539 480 593 526 et
651 471 878 526 omnino
916 487 1023 527 non
1067 471 1324 526 humanis
1377 469 1622 526 consiliis
1695 473 1894 536 solent,
1946 483 2004 525 ut

2044 481 2076 532 Α
2108 473 2312 544 ζόμενα
2348 478 2671 547 πράγματα,
2705 477 2797 534 ἐπὶ
2843 481 2944 548 τῆς
2989 479 3186 552 πείρας
3217 484 3506 558 εὑρέθησαν
3546 496 3648 549 ἀτί-

411 565 556 640 dixi,
615 564 861 635 superari
888 563 1088 620 diaboli
1117 563 1346 619 insidiae.
1391 563 1573 618 Abbas
1633 562 1826 618 Pa~tor
1881 565 1997 619 luec

2097 583 2247 635 ,ρως-
2282 569 2378 620 καὶ
2409 568 2597 632 ἀπλῶς
2646 569 2722 640 μὴ
2764 569 3129 641 ἀνθρωπίνοις
3179 571 3448 646 λογισμοῖς
3472 580 3649 650 θέλειν,

413 657 617 722 sciens,
646 658 786 712 dixit
827 656 1034 712 homini
1062 657 1114 710 in
1153 655 1542 710 tentalionibus
1573 656 1860 711 cxsistcnti
1912 655 1997 709 di—

2103 658 2180 722 ὼς
2211 655 2385 724 εἶπον,
2419 659 2451 730 ἢ
2486 662 2728 731 νομίζειν
2757 663 3146 733 περιγενέσθαι
3183 664 3448 740 λογισμῶν
3482 673 3653 745 δαιμο-

404 759 552 805 ctum
592 765 714 806 esse
747 767 760 802 :
808 748 890 804 Ne
921 749 985 803 de
1031 750 1270 803 crastino
1318 747 1582 801 sollicitus
1622 749 1697 802 sis
1738 747 1778 800 ι.
1816 747 1993 804 Crede

2106 750 2292 803 νικῶν.
2345 750 2404 803 '0
2433 750 2608 816 ἀὸὗᾶς
2652 753 2864 825 Ποιμήν
2912 753 3069 818 εἰδὼς
3096 755 3290 821 ταῦτα,
3321 759 3400 824 τὸ,
3439 763 3528 831 Μὴ
3565 783 3655 833 με.

400 843 572 911 igitur
595 857 720 897 vera
754 856 875 898 esse
900 840 1038 904 haec,
1072 841 1145 894 illi
1176 859 1188 894 :
1221 841 1439 895 dimitte
1495 842 1744 910 proprias
1786 841 1996 912 cegita-

2097 841 2394 913 ριμνῆσαι
2435 844 2570 913 περὶ
2601 843 2713 914 τῆς
2746 847 2986 915 αὔριον,
3031 849 3195 918 φησι,
3229 850 3491 923 ἀνθρώπῳ
3524 857 3659 928 εῖρησ

406 935 603 1001 tiones,
660 935 875 991 etiamsi
929 933 1228 1004 prudentes
1292 933 1422 996 sint,
1451 941 1509 988 et
1559 941 1682 988 tene
1733 947 1886 1002 spem
1943 933 1998 988 in

2106 953 2196 991 ται
2241 938 2302 991 ἐν
2345 937 2646 1009 πειρασμῷ
2684 939 2820 994 ὄντι.
2857 939 3140 993 Πιστεύων
3180 936 3274 994 οὖν
3297 941 3467 1014 ἀληθῆ
3505 948 3659 1004 ταῦτα

407 1025 577 1080 Deum
605 1065 619 1088 ,
662 1025 752 1095 qui
791 1024 1128 1078 abundanter
1166 1024 1297 1094 facit
1347 1039 1464 1094 quae
1508 1024 1735 1092 petimus
1789 1033 1883 1076 aut
1918 1040 2000 1076 co-

2106 1023 2268 1090 εἷναι,
2316 1027 2528 1091 τέκνον.
2560 1030 2701 1100 ἀφες
2729 1031 2909 1086 πάντα
2937 1031 3200 1103 λογισμὸν
3231 1033 3380 1093 ἴδιον,
3426 1036 3526 1090 κᾶν
3554 1055 3664 1092 συν-

405 1119 635 1187 gitamus
659 1125 720 1174 ω.
751 1115 1057 1172 Potuissem
1101 1117 1360 1172 omnibus
1390 1132 1512 1188 quae
1535 1116 1746 1179 dixisti,
1775 1131 1998 1186 respon-

2106 1119 2227 1184 ετὸς
2259 1120 2316 1194 ᾖ,
2345 1123 2436 1175 καὶ
2467 1123 2662 1190 κράτει
2687 1123 2788 1196 τὴν
2830 1126 2912 1188 είς
2942 1123 3075 1178 Θεὸν
3105 1124 3318 1192 ἐλπίδα,
3349 1129 3454 1180 τὸν
3477 1129 3544 1183 ἐκ
3573 1147 3668 1184 ,ιτε-

404 1209 568 1263 dere:
596 1208 688 1263 sed
752 1209 878 1263 nolo
931 1217 1109 1263 tecum
1151 1225 1417 1281 pugnare,
1443 1210 1553 1262 imo
1603 1223 1703 1263 nec
1733 1223 1991 1264 mecum:

2096 1214 2326 1281 ρισοτῦ
2352 1215 2644 1270 ποιοῦντα
2672 1211 2762 1272 ὧν
2785 1219 3125 1287 σιτούμεθα,
3145 1218 3186 1288 ἢ
3211 1219 3484 1290 νοοῦμεν.
3527 1224 3673 1278 Ἡδυ-

403 1301 498 1356 sed
529 1309 737 1355 tantum
793 1301 934 1356 viam
965 1301 1032 1355 ad
1065 1316 1215 1371 spem
1247 1301 1300 1355 in
1334 1299 1504 1356 Deum
1526 1300 1928 1356 demonstrare.
1967 1318 1985 1351 ι

2104 1309 2284 1378 νάμην
2320 1310 2486 1362 πᾶσιν
2519 1303 2600 1373 οἷς
2631 1305 2794 1374 εἴπας
2821 1309 3139 1382 ἀντιθῆναι·
3172 1312 3288 1365 ἀλλ’
3335 1315 3395 1366 οὐ
3431 1313 3564 1368 θέλω
3589 1318 3676 1369 ἅν·

402 1387 493 1445 llla
519 1389 688 1464 467
719 1391 864 1445 enim
901 1391 1022 1446 siue
1055 1390 1421 1446 sollicitudine
1473 1399 1528 1445 et
1573 1390 1870 1460 tranquilla
1891 1400 1994 1446 est.

2106 1398 2358 1468 τιστῆναί
2403 1415 2510 1462 σοι,
2557 1398 2676 1452 ἀλλ’
2702 1399 2825 1453 οὐδὲ
2853 1398 3080 1468 ἐμαυτῷ
3102 1413 3118 1428 ⁶
3153 1401 3203 1452 εί
3253 1399 3330 1471 μή
3365 1400 3560 1469 μᾶλλον
3589 1401 3677 1473 τὴν

413 1483 682 1538 Dominus
721 1485 788 1538 sit
829 1492 1036 1540 tecum.

2104 1493 2201 1544 έπὶ
2234 1491 2335 1563 τήν
2366 1490 2560 1544 ἐλπίδα
2589 1488 2684 1544 τοῦ
2737 1488 2875 1544 Θεοῦ
2925 1490 3045 1544 ὁδὸν
3073 1490 3354 1557 ὑποδεῖξαι
3374 1507 3389 1521 °
3424 1491 3558 1563 αὕτη
3578 1494 3679 1564 γὰρ

2104 1584 2518 1656 ἀμεριμνοτέρα
2569 1583 2667 1637 καὶ
2713 1583 3101 1654 ἀσφαλεστέρα
3155 1585 3324 1638 ἐστίν.
3387 1583 3446 1637 '0
3494 1584 3684 1654 Κύριος

905 1749 978 1804 ΊΙ.
1014 1780 1079 1791 -
1110 1751 1190 1802 Ad
1220 1750 1479 1804 eumdem.
2035 1719 2078 1778 Β
2107 1681 2247 1752 μετὰ
2290 1697 2408 1733 σου.

2035 1719 2078 1778 Β
2107 1681 2247 1752 μετά
2290 1681 2408 1733 σοῦ.

2535 1774 2609 1827 B’.
2665 1802 2720 1811 —
2752 1770 2907 1840 Πρὸς
2933 1769 3042 1823 τὸν
3068 1771 3265 1825 αὐτόν.

455 1841 806 1905 Ἥρωι-ἀπε,
848 1841 942 1903 ﬁli.
980 1843 1100 1911 ejus
1149 1843 1242 1911 qui
1281 1842 1417 1896 dixit
1443 1883 1458 1908 ,
1500 1841 1644 1911 quod
1675 1856 1767 1909 per
1801 1839 1998 1894 multas

2177 1865 2486 1936 Μνήσθήτι,
2518 1867 2732 1930 τέκνον,
2763 1863 2856 1917 τοῦ
2888 1865 3159 1926 εἰπόντος,
3199 1865 3285 1917 δτι
3319 1863 3424 1916 Διὰ
3455 1863 3692 1917 πολλῶν

402 1935 704 2007 aﬂictiones
730 1944 968 2005 oporteat
992 1952 1084 1988 nos
1110 1936 1312 1989 intrare
1331 1937 1387 1988 in
1422 1953 1636 2006 regnum
1660 1937 1910 1990 caelorum
1931 1944 1956 1972 η
1981 1954 1994 2001 ;

2109 1935 2376 2027 old-saw
2397 1935 2405 1936 ί
2423 1958 2520 2012 δεῖ
2555 1957 2717 2029 ἡμᾶς
2751 1957 3052 2012 εἰσελθεῖν
3093 1959 3181 2020 εις
3220 1955 3343 2023 τὴν
3374 1955 3697 2018 ,ϐασιλείαν

403 2042 512 2083 non
545 2027 812 2099 adjiciens
853 2042 950 2098 per
993 2028 1091 2083 bas
1132 2037 1226 2081 aut
1258 2027 1399 2094 illas,
1436 2030 1532 2084 sed
1572 2028 1760 2084 dicens
1791 2027 1988 2082 indeli-

2107 2051 2227 2104 τῶν
2277 2027 2722 2120 οὐρανῶνίκαὶ
2767 2051 2842 2122 μὴ
2893 2051 3254 2119 διορίσαντας,
3304 2048 3550 2110 τοιῶνδε,
3590 2048 3694 2104 ἀλλ’

402 2122 534 2188 nite,
564 2137 658 2192 per
695 2120 912 2175 multas.
945 2118 1013 2174 Et
1040 2129 1094 2175 tu
1131 2120 1296 2192 igitur
1319 2121 1552 2178 sull'eras
1578 2137 1700 2188 qua:
1725 2123 1996 2186 incidunt,

2108 2118 2356 2204 εἰπόντος
2390 2141 2731 2212 ἀδιορίστως,
2872 2141 2970 2195 διὰ
2985 2118 3247 2194 πολλῶν
3274 2140 3566 2206 θλίψεων.
3600 2142 3702 2194 Καὶ

402 2229 528 2268 cum
570 2213 873 2285 gratiarum
921 2214 1139 2269 actione
1189 2215 1245 2268 in
1293 2214 1560 2278 scientia,
1609 2225 1870 2286 tanquam
1902 2215 1982 2283 ju-

2108 2233 2282 2297 οὕτως
2317 2234 2611 2304 ὑπόμεινον
2663 2233 2735 2286 τὰ
2783 2233 3130 2303 ἐπερχόμενα
3175 2233 3298 2304 μετ’
3331 2232 3699 2304 εὐχαριστίας,

401 2307 584 2362 cunda
611 2347 628 2375 ,
665 2308 712 2362 si
762 2305 929 2361 habes
969 2315 1252 2377 peccatum
1282 2325 1296 2362 :
1344 2307 1429 2362 sin
1475 2307 1659 2362 minus
1686 2347 1703 2373 ,
1738 2316 1996 2378 tanquam

2109 2329 2166 2379 ὲν
2193 2325 2416 2395 γνώσει,
2452 2325 2527 2390 ὡς
2569 2325 2724 2396 ήδέα,
2771 2324 2867 2378 ὲάν
2911 2325 3060 2394 ἔχεις
3093 2324 3418 2395 ἁμαρτίας·
3466 2328 3518 2378 εί
3545 2325 3603 2378 δὲ
3641 2325 3708 2394 μή

401 2399 692 2471 purgantia
731 2407 784 2454 te
813 2399 881 2454 ab
908 2399 1213 2463 aﬂ‘ectibus,
1253 2409 1349 2454 aut
1373 2399 1735 2470 praparantia
1769 2415 1996 2471 regnum

2107 2415 2270 2486 ἔχεις.
2305 2415 2382 2478 ὡς
2413 2414 2750 2486 καθαίροντα
2780 2431 2840 2469 σε
2875 2415 2986 2470 ἀπὸ
3016 2415 3230 2480 παθῶν,
3265 2416 3304 2485 ἢ
3344 2415 3711 2487 προξενοῦντα

401 2494 686 2548 caelorum.
740 2493 882 2547 Deus
927 2509 1114 2547 amans
1171 2492 1441 2546 hominum
1491 2502 1548 2547 et
1591 2493 1899 2546 animarum
1929 2500 1995 2558 ο,

2112 2508 2206 2579 τὴν
2239 2506 2517 2578 βασιλείαν
2545 2506 2656 2561 τῶν
2681 2506 2948 2578 οὐρανῶν.
2985 2508 3045 2560 '0
3061 2507 3196 2570 Θεὸς
3219 2509 3254 2561 ό
3277 2507 3716 2577 φιλάνθρωπος

399 2587 497 2657 qui
538 2585 824 2657 imperavit
859 2592 1024 2641 vento
1063 2593 1118 2640 et
1154 2585 1317 2648 mari,
1350 2593 1406 2640 et
1453 2583 1583 2640 fecit
1623 2584 1997 2654 tranquillita-

2108 2600 2208 2654 καί
2249 2600 2628 2669 φιλόψυχος,
2677 2601 2708 2652 ὁ
2755 2600 3088 2671 ἐπιτιμήσας
3133 2598 3215 2670 τῷ
3254 2600 3461 2670 ἀνέμῳ
3507 2599 3607 2653 καὶ
3649 2603 3711 2668 τῇ

402 2690 511 2734 tem
535 2692 800 2749 magnam
830 2687 881 2743 P,
911 2676 1204 2748 imperabit
1231 2676 1397 2731 etiam
1434 2676 1540 2732 tuis
1575 2676 1996 2743 tentationibus,

2113 2691 2376 2762 θαλάσσῃ,
2411 2691 2506 2745 καὶ
2536 2697 2768 2760 ποιήσας
2798 2689 3044 2762 γαλήνην
3080 2689 3358 2762 μεγάλην,
3399 2692 3717 2762 ἐπιτιμήσει

401 2769 513 2825 tili:
545 2778 601 2826 et
629 2769 723 2825 det
752 2769 846 2824 tibi
873 2769 1306 2841 magnitudinem
1342 2769 1536 2834 animi,
1565 2775 1625 2822 ut
1660 2767 1846 2823 videre
1871 2783 1998 2838 pos-

2114 2784 2201 2838 ιιαὶ
2249 2784 2329 2854 τῷ
2364 2783 2442 2854 σῷ
2474 2782 2788 2854 πειρασμῷ,
2824 2783 3037 2846 τέκνον,
3092 2785 3188 2836 καὶ
3216 2779 3344 2855 δῴη
3383 2799 3472 2836 σοι
3519 2783 3718 2844 πλάτος

401 2864 480 2917 838
509 2862 776 2918 ma‘iliam
809 2862 1003 2916 Ιιοδῑίε·
1035 2866 1229 2916 Αιηῦηο
2107 2876 2354 2947 καρδίας,
2387 2877 2468 2937 είς
2511 2875 2572 2928 τὸ
2616 2875 2816 2928 ειδέναι
2848 2873 2948 2946 τήν
2981 2876 3332 2946 κακουργίαν
3361 2875 3465 2928 τοῦ
3501 2875 3721 2945 ἐχθροῦ.

2118 2969 2318 3024 Ἀμήν.
2405 2982 2413 2991 ·

400 3060 488 3114 Ill.
525 3091 590 3100 —
618 3059 976 3153 Ejusdem-ad
1008 3058 1245 3153 fratrem,
1404 3055 1458 3137 in
1496 3054 1816 3153 diuturnum
1857 3069 1998 3106 mor-

2134 2986 2173 3021 e
2231 2986 2318 3024 rv.
2405 2986 2413 2991 ·

2125 2986 2285 3114 .".P-‘—
2338 3059 2668 3153 ζοῦλαίἐῖοὗ
2716 3060 2868 3128 πρὸς
2895 3059 3186 3153 ὶάδελςρη
3220 3061 3594 3153 ἑμπεςόντα
3643 3063 3729 3124 εἰς

687 3131 811 3184 bum
835 3139 886 3183 et
917 3125 1066 3182 t'ar'ia
1092 3127 1390 3181 accidentia
1423 3125 1706 3179 inciderat.
2028 3125 2077 3153 "‘
2170 3148 2291 3200 μακ

2170 3130 2411 3200 μακρὰν
2439 3125 2783 3198 ἀσθένειαν,
2811 3125 2911 3184 οιαὶ
2937 3125 3368 3202 συιὶπτώμὰτα
3399 3131 3688 3202 διάφορα.

471 3221 694 3288 ﬂor-tor,
727 3221 822 3285 tili,
850 3229 910 3274 ut
958 3220 1158 3274 toleres
1197 3228 1250 3274 et
1294 3218 1499 3289 gratias
1533 3231 1665 3288 agas
1693 3215 1764 3271 ob
1789 3229 1851 3271 ea
1879 3231 2001 3286 quae

2177 3222 2494 3294 Παρακαλῶ
2544 3239 2625 3288 σε,
2661 3223 2873 3288 τέκνον,
2913 3223 3207 3294 ὑπόμεινον
3244 3226 3351 3278 καὶ
3397 3225 3729 3296 εὐχαρίστει

402 3317 457 3370 in
491 3313 682 3368 morbo
718 3311 976 3368 accidunt
1013 3309 1146 3376 tibi,
1179 3309 1484 3364 secundum
1527 3322 1654 3361 eum
1688 3305 1782 3377 qui
1818 3307 1996 3360 dixit:

2124 3316 2199 3368 ιπὶ
2225 3319 2338 3378 τοῖς
2367 3313 2757 3385 συμϐαίνουσιν
2793 3316 2852 3368 ὲν
2897 3317 2964 3386 τῇ
3009 3313 3268 3388 ἀσθενείᾳ
3304 3315 3728 3387 συμπτώμασι,

400 3405 597 3462 Omnia
630 3421 754 3478 qua:
783 3404 1041 3460 accidunt
1089 3403 1227 3467 tibi,
1264 3413 1527 3472 tanquam
1567 3401 1708 3455 bona
1756 3400 1997 3468 suscipe,

2128 3405 2248 3460 ιατά
2284 3407 2373 3459 τὸν
2413 3406 2641 3474 λέγοντα
2669 3423 2684 3438 ο
2734 3405 2919 3461 Πάντα
2963 3407 3033 3461 τὰ
3086 3407 3459 3480 ἐπερχόμενα
3520 3425 3610 3464 σοι
3657 3409 3732 3472 ῶς

403 3509 463 3556 ιιι
491 3514 694 3572 scopus
735 3497 1098 3553 Providentia:
1127 3497 1195 3550 ad
1234 3496 1635 3566 beneplacitum
1669 3492 1843 3562 ipsius
1871 3507 2001 3546 con-

2129 3499 2287 3567 ιγαθά
2321 3500 2642 3570 προσδέχου,
2692 3500 2780 3553 ἵνα
2825 3501 2854 3553 ό
2897 3501 3102 3565 σκοπὸς
3146 3500 3249 3571 τῆς
3298 3502 3594 3572 Προνοίας
3653 3505 3733 3565 είς

404 3601 710 3649 summetur
753 3591 807 3644 in
838 3599 909 3657 te,
940 3589 1015 3644 ﬁli
1047 3589 1142 3643 mi.
1193 3586 1348 3643 Virili
1396 3588 1563 3660 igitur
1597 3587 1786 3641 animo
1829 3586 1905 3642 sis
1949 3595 2003 3640 et

2136 3591 2400 3663 ὺάρεστον
2431 3593 2567 3663 αὐτῇ
2600 3591 2863 3664 πληρωθῇ
2909 3592 3002 3644 ἐπὶ
3038 3594 3144 3656 σοι,
3177 3593 3384 3648 τέκνον
3421 3612 3564 3666 μου.
3615 3595 3737 3649 Ἀν-

403 3682 766 3737 oorroborare
789 3680 844 3735 iu
867 3678 1120 3745 Domino,
1137 3686 1190 3734 et
1216 3679 1271 3733 in
1297 3678 1708 3749 dispensatione
1730 3676 1850 3746 ejus
1872 3692 2000 3746 erga

2136 3683 2288 3753 ρίςου
2312 3683 2494 3735 τοίνυν
2519 3683 2611 3735 καὶ
2642 3683 2907 3755 κραταιοῦ
2933 3685 2991 3736 ἐν
3019 3684 3232 3755 Κυρίῳ,
3262 3687 3370 3739 καὶ
3401 3689 3476 3758 τῇ
3509 3687 3649 3757 περὶ
3677 3687 3739 3740 σὲ-

406 3788 476 3830 te.
515 3773 782 3828 Dominus
820 3772 890 3827 sit
919 3780 1118 3827 tecum.

2105 3775 2406 3847 οἰκονομίᾳ.
2446 3775 2504 3829 '0
2536 3775 2667 3840 Θεὸς
2700 3776 2837 3847 μετά
2871 3776 2985 3832 σοῦ.

407 3867 492 3923 ιν.
522 3898 592 3908 —-
633 3867 884 3938 Ejusdem
933 3875 1006 3920 at!
1052 3865 1274 3934 fratrem
1313 3866 1368 3916 in
1419 3864 1710 3917 tentatione
1745 3862 2000 3916 exsistet:-

2134 3866 2176 3921 ι’.
2205 3899 2272 3909 -
2300 3869 2409 3922 Τοῦ
2432 3868 2619 3923 αὐτοῦ
2643 3870 2794 3937 πρὸς
2821 3868 3088 3939 ἀδελφὸν
3106 3871 3176 3923 ἐν
3197 3873 3540 3942 πειρασμῷ
3567 3874 3738 3926 ὄντα.

1147 3946 1270 3988 tem.

477 4033 589 4088 Pax‘
613 4035 670 4088 in
691 4032 935 4095 Christo,
965 4031 1153 4084 frater.
1189 4027 1358 4082 Vince
1389 4028 1635 4081 animum
1668 4034 1844 4088 tuum,
1871 4027 2000 4095 quia

2179 4024 2386 4095 Εἰρήνη
2417 4039 2497 4076 σοι
2522 4026 2578 4076 ὲν
2598 4025 2841 4095 Χριστῷ,
2873 4025 3091 4091 ἀδελφέ.
3125 4028 3322 4079 Πεῖσον
3357 4027 3472 4099 τὴν
3500 4030 3747 4100 καρδίαν

407 4141 466 4184 tu
501 4128 728 4184 omnino
759 4124 1106 4180 occasionem
1156 4121 1355 4176 dedisti
1401 4119 1690 4176 tentationi
1733 4130 1861 4185 tuae,
1899 4121 1998 4173 etsi

2143 4131 2222 4178 ου,
2266 4115 2348 4167 ὅτι
2379 4116 2444 4167 σὺ
2477 4115 2691 4178 πάντως
2724 4115 2821 4184 τὴν
2848 4117 3106 4188 ἀφορμὴν
3136 4119 3432 4188 παρέσχες
3484 4121 3572 4189 τῷ
3621 4137 3747 4172 πει-

398 4237 554 4278 nunc
599 4221 819 4292 quidem
863 4233 1088 4274 causam
1135 4231 1243 4270 non
1286 4214 1586 4285 intelligis:
1629 4222 1683 4267 et
1722 4226 1920 4267 accusa
1951 4221 2002 4266 te

2150 4204 2306 4274 ασμῷ
2331 4247 2343 4268 ,
2396 4204 2500 4257 κᾶν
2530 4204 2625 4257 νῦν
2668 4206 2806 4275 πρὸς
2839 4206 2898 4258 τὸ
2925 4207 3100 4278 παρὸν
3130 4209 3228 4278 τὴν
3259 4209 3466 4262 αἰτίαν
3497 4212 3610 4281 οὐχ
3656 4213 3754 4265 εὑ-

409 4320 592 4386 ipsum
621 4323 675 4370 et
705 4311 916 4367 sustine
942 4318 994 4363 et
1025 4323 1141 4362 ora.
1189 4304 1253 4361 Et
1283 4304 1447 4361 credo
1479 4305 1535 4358 in
1562 4301 1998 4358 misericordiam

2150 4297 2302 4368 ίσκῃς
2331 4313 2344 4326 ·
2416 4297 2514 4349 καὶ
2572 4297 2784 4368 μέμψαι
2837 4300 3062 4352 σεαυτὸν
3114 4300 3208 4352 καὶ
3263 4301 3604 4372 ὑπόμεινον
3653 4305 3754 4358 καὶ

411 4385 539 4462 boni
575 4403 789 4460 Domini
821 4401 1048 4462 Christi.
1079 4399 1223 4470 quod
1253 4397 1404 4452 tul-lat
1439 4395 1818 4450 tentationem.
1855 4392 2001 4448 Dixit

2153 4385 2286 4455 ῧξαι.
2307 4389 2416 4441 Καὶ
2445 4388 2688 4441 πιστεύω
2707 4389 2786 4452 είς
2813 4390 3340 4463 τὴνεὺσπλαγχνίαν
3369 4393 3486 4447 τοῦ
3523 4397 3757 4465 ἀγαθοῦ

406 4499 557 4576 enim
587 4494 918 4563 Apostolus:
954 4491 1070 4546 Pax
1097 4489 1299 4546 Christi
1317 4503 1436 4552 quin
1451 4486 1656 4540 excedit
1688 4501 1894 4538 attinent
1915 4485 2001 4540 iu-

2150 4482 2381 4534 εσπότου
2448 4481 2723 4552 Χριστοῦ,
2776 4484 2859 4536 ὃτι
2915 4484 3156 4556 παράγει
3221 4485 3314 4539 τὸν
3380 4493 3752 4562 πειρασμόν.

410 4568 698 4652 ίεέίρειιιηι,
739 4587 996 4641 custodiet
1029 4584 1191 4640 corda
1223 4591 1395 4636 vestra
1419 4591 1467 4633 ς.

2159 4569 2276 4626 [πεν
2303 4571 2332 4622 ὁ
2373 4571 2698 4635 Ἀπόστολος
2723 4589 2735 4603 ·
2785 4575 2852 4628 Ἡ
2877 4573 2948 4627 δὲ
2971 4575 3181 4646 εἰρήνη
3211 4576 3319 4632 τοῦ
3358 4580 3692 4648 Χριστοῦ,
3722 4587 3763 4653 ἠ

2103 4663 2486 4732 ὑπερέχουσα
2518 4663 2714 4717 πάντα
2743 4665 2914 4730 νοῦν,
2947 4667 3282 4736 φρουρήσει
3303 4669 3438 4738 τὴν
3473 4673 3767 4741 καρδίαν

2109 4755 2300 4826 ὑμῶν.

928 4857 990 4911 ιτ.
1021 4889 1089 4896 -
1115 4857 1195 4911 Ad
1223 4854 1483 4910 eumdem.

2547 4848 2620 4902 E'.
2655 4879 2726 4888 —
2749 4848 2907 4916 Πρὸς
2932 4849 3041 4903 τὸν
3068 4852 3277 4907 αὐτόν.

479 4951 950 5021 Quemadmodum
980 4962 1214 5020 corpora
1243 4947 1457 5008 umbra,
1487 4943 1566 4997 sic
1592 4948 1862 5011 praecepta
1887 4948 2006 4993 ten-

2187 4943 2398 5011 ’Ὠσπερ
2431 4947 2540 5007 τοῖς
2571 4941 2818 5014 σώμασιν
2848 4944 2904 4994 αἱ
2933 4945 3104 5008 σκιαὶ,
3142 4944 3288 4998 οὕτω
3332 4949 3451 5002 καὶ
3492 4954 3639 5018 ταῖς
3683 4955 3782 5008 ὲν-

408 5051 644 5106 tationes
671 5055 995 5118 sequuntur.
1053 5063 1072 5095 ι
1102 5041 1277 5096 Nemo
1312 5039 1479 5102 enim,
1516 5043 1577 5089 ut
1613 5048 1847 5102 magnus
1889 5032 2002 5084 An-

2175 5035 2289 5098 λαῖς
2317 5038 2365 5088 οἱ
2396 5037 2692 5106 πειρασμο“ι
2723 5036 3246 5107 παρακολουθοῦσιν.
3301 5059 3319 5090 t
3353 5041 3592 5106 Οὐδεὶς
3629 5045 3779 5117 γὰρ,

408 5143 594 5198 tonius
615 5141 821 5211 inquit,
846 5139 964 5194 sine
990 5131 1389 5192 tentationibus
1421 5128 1646 5182 intrabit
1687 5127 1741 5180 iu
1775 5139 2003 5196 regnum

2192 5127 2276 5180 σὶν
2309 5128 2337 5180 ὁ
2375 5127 2550 5197 μέγας
2609 5124 2915 5192 Ἀντώνιος,
2962 5128 3291 5198 ἀπείραστος
3339 5131 3789 5189 εἰσελεύσεται

407 5235 697 5290 caelorum.
727 5249 751 5282 ι
794 5227 912 5284 Noli
947 5229 1113 5298 igitur
1151 5223 1364 5288 mirari,
1405 5220 1500 5286 ﬁli,
1546 5219 1591 5274 si
1635 5234 1761 5274 cum
1804 5217 1898 5272 tibi
1943 5217 2011 5272 de

2182 5219 2313 5288 ῖτὴν
2347 5219 2623 5290 βασιλείαν
2650 5219 2757 5274 τῶν
2781 5219 3045 5290 οὐρανῶν.
3077 5239 3096 5273 ι
3136 5221 3229 5293 Μὴ
3267 5217 3360 5275 οὖν
3402 5223 3786 5300 θαυμάσῃς,

409 5327 587 5381 salute
619 5335 710 5380 tua
733 5325 1103 5383 consulimus,
1137 5319 1469 5374 tentationes
1491 5315 1656 5370 babes
1679 5325 1734 5370 et
1759 5313 2008 5368 atllictio-

2186 5330 2324 5376 μενον,
2352 5314 2447 5366 ἐὰν
2472 5311 2980 5383 συμϐουλευόμενος
3009 5313 3138 5384 περὶ
3161 5313 3263 5383 τῆς
3286 5319 3626 5390 σωτηρίας
3657 5339 3790 5388 σου,

411 5437 546 5476 nes:
605 5419 698 5476 sed
735 5419 948 5475 sustine
995 5416 1123 5471 forti
1177 5415 1362 5468 animo
1403 5422 1458 5467 et
1509 5424 1769 5481 precare,
1802 5409 2006 5478 gratias

2193 5405 2458 5478 ιρασμοὺς
2508 5404 2772 5475 εὑρίσκῃς
2820 5406 2914 5458 καὶ
2964 5405 3194 5476 θλίψεις,
3245 5406 3361 5461 ἀλλ’
3428 5409 3795 5481 ὑπόμεινον

408 5527 576 5585 agens
610 5513 758 5584 quod
787 5511 989 5582 dignus
1017 5507 1288 5579 reputaris
1319 5507 1385 5561 ad
1416 5505 1675 5560 exercitia
1711 5512 1766 5557 et
1799 5501 2000 5572 proba-

2287 5515 2407 5568 ιχως
2455 5497 2552 5550 καὶ
2583 5497 2742 5568 εὔχου
2776 5498 3138 5570 εὐχαριστῶν,
3179 5501 3263 5554 ὅτι
3292 5500 3452 5566 ὅλως
3499 5503 3803 5569 ἀξιοῦσαι
3879 5548 3891 5552 -

413 5610 642 5675 tionem,
687 5607 886 5663 tentari
922 5608 974 5661 in
1026 5607 1208 5660 anima
1255 5615 1344 5657 tua
1388 5611 1610 5673 propter
1655 5607 2004 5670 praeceptum.

2197 5595 2254 5658 ὸς
2298 5593 2605 5664 γυμνασίαν
2651 5596 2747 5648 καὶ
2801 5595 3029 5667 δοκιμὴν
3080 5597 3180 5667 τῆς
3227 5598 3422 5670 ψυχῆς
3474 5619 3596 5654 σου
3653 5619 3797 5656 πει-

494 5785 743 5912 ιΊΗιιιίι.
783 5803 856 5850 γι,
890 5787 978 5840 54.
1054 5795 1098 5816 σι
1135 5782 1334 5854 Ephes.
1382 5799 1462 5848 Ill,
1500 5781 1587 5835 9.0.
1671 5778 1850 5834 "'At-t.
1889 5794 1998 5840 xw,
2025 5777 2085 5830 ‘2!

2193 5787 2212 5805 ο
2252 5774 2491 5843 Sap.x1,
2531 5775 2619 5827 27.
2704 5785 2728 5824 [ι
2792 5773 2980 5831 Matth.
3055 5793 3174 5843 \‘lll,
3234 5777 3325 5833 26.
3417 5789 3454 5830 ει
3499 5781 3795 5854 Philipp.

426 5867 498 5919 ιν.
530 5867 587 5913 ⁷1..
