4062 6454
360 414 494 480 18H

1518 415 1901 476 EPISTOLE
1936 413 2035 471 AD
2076 410 2464 471 DIVERSOS.

3495 406 3636 470 185.9.

360 527 628 597 ρασθῆναι
663 527 803 599 ύπὶρ
844 528 943 601 τῆς
992 528 1232 599 Molita.
1273 529 1332 581 '0
1376 526 1579 597 ἀγαθὸς
1627 526 1760 591 Θεὸς
1785 524 1942 597 χαρί-
1975 566 1981 584 ι

2085 529 2229 577 ’onus
2269 519 2535 576 Dominus
2568 518 2719 575 dabit
2761 520 2859 574 tibi
2908 519 3338 591 resipiscentiam
3386 527 3634 588 tempore

360 613 515 668 σεται
566 631 649 668 σοι
708 616 871 687 νῆψιν
931 619 990 671 ὲν
1053 616 1233 688 καιρῷ
1299 616 1610 690 πειρασμοῦ
1667 618 1759 670 καὶ
1809 617 1943 670 ὐπο-

2085 613 2362 669 :ntationis
2395 620 2450 669 et
2479 611 2842 668 tolerantiam.

364 707 554 776 μονήν.

776 804 868 868 ς’.
901 830 968 843 —-
998 801 1152 870 Πρὸς
1179 801 1287 855 τὸν
1315 804 1520 857 αὐτόν.

445 890 680 960 Ἀγαθοῦ
710 893 806 946 καὶ
828 892 1214 965 φιλανθρώπου
1243 892 1379 946 Θεοῦ
1401 896 1567 964 ἐσμεν
1601 892 1827 963 πλάσμα
1854 891 1946 945 καὶ

2541 791 2630 847 V'I.
2658 823 2729 834 --
2760 793 2841 848 Ad
2874 798 3137 848 eumdem.

2122 886 2255 940 Boni
2289 895 2343 938 et
2383 886 2747 941 amantissimi
2784 884 2876 941 Dei
2917 887 3237 957 ligmentum
3275 901 3328 943 et
3363 905 3503 958 opus
3544 903 3638 942 sn-

363 982 551 1051 εργον,
596 982 692 1036 τοῦ
746 983 1031 1048 εἰπόντος’
1081 984 1175 1039 Ζῶ
1210 983 1346 1054 ἐγὼ,
1384 984 1546 1054 λέγει
1588 986 1825 1052 Κύριος,
1876 985 1948 1038 οὐ

2085 992 2195 1042 tus,
2228 976 2320 1046 qui
2355 976 2531 1031 dixit:
2588 975 2713 1030 Vivo
2747 993 2840 1047 ego
2864 992 2889 1030 τ’
2921 977 3042 1031 noto
3075 989 3294 1033 mortem
3322 978 3636 1049 peccatoris.

358 1072 662 1142 ,ϐούλομαι
709 1073 819 1128 τὸν
857 1073 1122 1130 θάνατον
1177 1074 1286 1130 τοῦ
1336 1076 1712 1144 ἀμαρτωλοῦ.
1757 1075 1838 1140 ὡς
1882 1072 1949 1128 τὸ

2085 1069 2142 1123 ed
2182 1079 2240 1122 ut
2271 1078 2605 1123 convertatur
2632 1079 2682 1123 et
2712 1069 2849 1123 vivat
2879 1079 2922 1125 τ.
2967 1070 3033 1125 Ει
3064 1071 3261 1125 iterum
3304 1089 3318 1124 :
3357 1069 3481 1124 Non
3524 1070 3641 1123 uani

361 1163 726 1234 ἐπιστρέψαι
767 1165 868 1220 καί
913 1165 1022 1236 ζῇν
1073 1169 1280 1222 αὐτόν.
1321 1168 1491 1223 Πάλιν
1525 1184 1539 1198 ·
1599 1170 1721 1221 Οὐκ
1763 1163 1953 1236 ἦλθον

2087 1178 2239 1217 ocare
2274 1164 2474 1232 justas,
2520 1162 2610 1216 sed
2653 1171 2954 1232 peccatores
2992 1164 3060 1216 ad
3101 1164 3461 1234 paenitentiam
3484 1173 3532 1217 ³.
3583 1161 3641 1215 Si

367 1257 629 1313 καλέσαι
656 1257 948 1326 δικαίους,
1003 1261 1165 1316 ἀλλὰ
1208 1260 1597 1331 ἁμαρτωλοὺς
1646 1261 1734 1326 εις
1771 1257 1955 1329 μετά-

366 1365 563 1406 νοιαν.
609 1350 674 1405 Et
726 1346 822 1406 οῦν
872 1352 1046 1416 οὕτως
1078 1353 1196 1406 ἐστὶ
1238 1352 1336 1407 καὶ
1385 1350 1560 1415 οὕτως
1604 1353 1954 1422 πιστεύομεν,

2056 1256 2223 1327 igitur
2262 1255 2334 1309 ita
2373 1268 2433 1309 se
2480 1254 2680 1309 habet:
2725 1255 2799 1309 ita
2839 1263 2892 1309 et
2920 1256 3232 1317 credamus,
3260 1253 3534 1322 iaciamus
3585 1253 3639 1308 in

2060 1347 2354 1401 Dominum
2390 1360 2575 1401 curam
2619 1353 2888 1410 nostram,
2917 1353 2971 1399 et
3010 1345 3127 1414 ipse
3166 1345 3405 1401 enutriet
3447 1359 3551 1401 nos
3589 1354 3645 1398 et

368 1441 753 1513 ὲπιρῤίψωμεν
785 1442 878 1496 ἐπὶ
918 1442 1127 1515 Κύριον
1155 1442 1255 1516 τὴν
1293 1438 1567 1515 μέριμναν
1610 1442 1768 1514 ἡμῶν
1796 1460 1809 1474 ·
1860 1441 1957 1497 καὶ

2089 1434 2293 1490 alvabit
2318 1436 2361 1489 ι.
2390 1434 2495 1504 Ipsi
2518 1433 2666 1489 enim
2689 1449 2837 1490 cura:
2861 1448 3054 1490 sumus
3075 1448 3203 1500 nos;
3229 1434 3320 1504 qui
3348 1449 3448 1490 cor
3464 1443 3642 1499 tuum,

372 1530 536 1594 αὐτὸς
563 1529 714 1601 ἦμᾶς
748 1531 1050 1605 διαθρέψει,
1096 1535 1216 1607 ἦτοι
1247 1532 1432 1588 σώσει.
1464 1532 1625 1604 Αύτῷ
1651 1533 1761 1605 γὰρ
1805 1532 1959 1603 μέλει

2085 1527 2157 1594 Ili,
2194 1526 2568 1584 consolabitur
2597 1526 2850 1597 precibus
2882 1526 3219 1583 sanctorum.
3249 1527 3442 1584 Amen.

373 1622 505 1692 περὶ
532 1623 565 1695 ἡ
574 1622 690 1694 μῶν
709 1640 725 1656 ο
759 1624 923 1688 αὐτὸς
950 1625 1046 1679 καὶ
1066 1626 1167 1697 τὴν
1189 1626 1419 1698 καρδίαν
1442 1644 1537 1681 σου
1560 1626 1959 1698 παρακαλέσει,

373 1715 584 1782 τέκνον,
621 1717 806 1788 εὐχαῖς
833 1716 1025 1786 ἁγίων.
1071 1719 1265 1789 Ἀμήν.

798 1809 872 1861 Ζ’.
909 1840 975 1851 -—
1004 1810 1159 1878 Πρὸς
1189 1810 1296 1864 τὸν
1323 1812 1533 1866 αὐτόν.

2441 1793 2610 1868 468
2647 1792 2758 1847 νιι.
2795 1822 2865 1832 -
2904 1794 2983 1847 Ad
3015 1794 3277 1847 eumdem.

449 1896 647 1961 Καλῶς
677 1899 707 1952 ὁ
738 1898 914 1964 ἀσσᾶς
946 1870 1156 1972 Ποιμὴν
1182 1904 1393 1974 ἐνόησε,
1426 1904 1491 1956 τὸ
1520 1902 1593 1973 μὴ
1626 1894 1962 1973 μεριμνῆσαὶ

2137 1886 2281 1941 Bene
2315 1885 2485 1941 abbas
2514 1884 2710 1940 Pastor
2742 1883 3011 1939 intellexit
3041 1884 3173 1938 illud
3208 1902 3221 1938 :
3248 1883 3325 1937 Ne
3351 1883 3474 1953 quis
3503 1893 3655 1937 curet

375 2002 529 2050 τινας
558 1988 820 2059 περὶτῆς
848 1988 1062 2062 αὔριον,
1111 1991 1247 2063 πρὸς
1289 1992 1577 2063 ἄνθρωπον
1617 1991 1875 2063 εξρῆσθαι
1906 1992 1964 2043 ὲν

2085 1978 2134 2031 le
2167 1977 2408 2032 crastino
2432 1986 2482 2043 ιι,
2513 1974 2581 2031 de
2615 1975 2837 2032 homine
2870 1976 3076 2031 dictum
3112 1989 3234 2031 esse
3270 1974 3365 2043 qui
3396 1982 3651 2029 tentetur.

376 2077 674 2149 πειρασμῷ
718 2080 868 2133 ὂντα.
913 2080 1023 2134 Καὶ
1061 2080 1162 2142 τὸ,
1207 2082 1563 2152 Ἐπωριψον
1599 2081 1702 2136 ἐπὶ
1746 2083 1968 2150 Κύριον

376 2166 496 2235 τὴν
513 2169 809 2240 μέριμνάν
833 2186 973 2239 σου,
1002 2176 1081 2237 είς
1109 2173 1171 2227 τὸ
1204 2174 1338 2228 αὐτὸ
1368 2174 1545 2243 φέρει.
1593 2174 1829 2228 Ἀπόστα
1848 2168 1961 2237 οῦν,

378 2260 590 2324 τέκνον,
649 2262 1011 2332 ἀνθρωπίνων
1052 2263 1352 2333 λογισμῶν,
1385 2263 1480 2317 καὶ
1513 2263 1707 2334 κράτει
1749 2263 1851 2333 τὴν
1887 2264 1969 2324 είς

380 2350 515 2405 Θεὸν
545 2350 760 2417 ἐλπίδα,
810 2354 983 2408 πολλὰ
1027 2355 1288 2409 ποιοῦντα
1338 2356 1480 2425 ὑπὲρ
1523 2352 1561 2409 ἃ
1587 2352 1969 2423 διανοούμεθα,

383 2443 478 2497 καὶ
512 2444 819 2499 ἀναπαύσει
849 2462 911 2499 σε
942 2446 975 2515 ἡ
1008 2447 1088 2510 είς
1113 2446 1251 2500 Θεὸν
1281 2446 1458 2509 ἐλπίς.
1517 2444 1577 2497 '0
1610 2441 1815 2515 Κύριος
1844 2442 1971 2513 βοη·

383 2536 546 2607 θήσαι
578 2548 680 2599 σοι,
714 2537 926 2601 τέκνον,
957 2537 1044 2592 διὰ
1073 2538 1172 2609 τῆς
1198 2537 1368 2608 εὐχῆς
1401 2537 1507 2591 τῶν
1544 2534 1734 2606 ἁγίων.
1768 2537 1861 2588 Δεῖ
1877 2531 1972 2590 οῦν

382 2629 533 2700 ἡμᾶς
580 2629 816 2700 ἀφιστᾷν
863 2631 1090 2694 ἑαυτοὺς
1120 2629 1232 2684 τῶν
1256 2628 1518 2684 τοιούτων
1562 2626 1863 2700 λογισμῶν,
1896 2628 1974 2699 μὴ

386 2719 609 2790 ἔχοντας
638 2722 840 2792 θάρσος
870 2724 1000 2793 περὶ
1027 2724 1127 2795 τῆς
1153 2721 1346 2795 αὔριον
1376 2723 1545 2795 ζωῆς.

388 2832 470 2885 H'.
504 2862 569 2873 --
606 2832 716 2888 Τυῦ
744 2833 931 2887 αὐτοῦ
964 2834 1115 2901 πρὸς
1147 2833 1589 2903 ἀσθενέστερόν
1621 2850 1755 2887 τινα
1795 2832 1975 2903 daal-7

459 2905 600 2970 φύν,
647 2903 1033 2972 ,λαμϐάνοντα
1090 2904 1418 2971 διαφόρους
1463 2901 1797 2972 λογισμοὺς
1840 2901 1978 2972 περὶ

460 2972 567 3027 τὸν
596 2971 1032 3042 οὶκονομοῦντα
1070 2974 1142 3028 τὰ
1172 2975 1323 3042 πρὸς
1358 2972 1476 3042 τὴν
1511 2971 1723 3041 χρείαν
1764 2971 1973 3027 αὑτοῦ.

475 3078 564 3133 Ἐν
604 3080 832 3150 ὀνόματι
872 3079 1052 3151 Ἰησοῦ
1092 3079 1353 3152 Χριστοῦ.
1399 3078 1620 3149 ’Δδελφέ
1660 3096 1785 3151 μου,
1825 3077 1978 3133 οὐδὲν

392 3170 589 3242 ἔχομεν
613 3170 822 3225 δίκαιον
855 3170 994 3242 πρὸς
1017 3171 1111 3225 τὸν
1136 3170 1390 3242 πλησίον.
1434 3168 1836 3242 Χρεωστοῦμεν
1868 3168 1979 3238 γὰρ
2008 3215 2054 3273 C

391 3266 584 3318 τοῦτον
621 3263 711 3318 διὰ
753 3263 856 3334 τῆς
900 3262 1122 3335 ἀγάπης
1169 3262 1475 3333 ὑπερϐῆναι
1521 3262 1616 3315 καὶ
1664 3260 1977 3313 καταπιεῖν.

392 3358 585 3431 Ούδεὶς
638 3357 787 3426 λέγει
833 3357 915 3428 τῷ
961 3356 1188 3429 πλησίον
1211 3374 1223 3387 ·
1279 3357 1378 3410 Διά
1405 3355 1459 3409 τί
1486 3356 1589 3409 οὐκ
1618 3356 1842 3426 ἀγαπᾷς
1876 3371 1980 3425 με;

393 3452 511 3506 ἀλλ’
559 3450 723 3516 αὐτὸς
770 3451 944 3505 ποιῶν
987 3450 1055 3504 τὰ
1108 3449 1236 3517 ἄξια
1281 3449 1382 3518 τῆς
1423 3449 1647 3521 ἀγάπης
1693 3447 1987 3516 ἐφέλκεται

397 3544 493 3599 καὶ
524 3544 616 3600 τὸν
644 3543 871 3615 πλησίον
899 3544 979 3607 είς
1007 3542 1250 3611 ἀγάπην,
1293 3541 1429 3613 Περὶ
1459 3540 1516 3594 δὲ
1546 3539 1644 3610 τῆς
1670 3539 1861 3611 χρείας
1889 3538 1986 3593 τοῦ

399 3635 654 3709 σώματος
681 3636 779 3690 ὲάν
808 3654 894 3700 τις
982 3635 1133 3703 ἄξιος
1160 3633 1254 3690 τοῦ
1280 3632 1722 3703 ἀναπαυσθῆναι,
1755 3632 1853 3687 καὶ
1883 3632 1989 3685 Σσ-

402 3729 656 3802 ρακηνῶν
701 3729 927 3798 καρδίαν
977 3728 1316 3799 πληροφορεῖ
1341 3728 1372 3783 ὁ
1414 3724 1548 3790 Θεὸς
1592 3726 1818 3797 ποιῆσαι
1869 3724 1990 3795 μετ’

398 3818 568 3874 αὑτοῦ
600 3818 750 3881 ἔλεος
799 3818 944 3871 κατὰ
974 3818 1076 3887 τὴν
1129 3818 1323 3888 χρείαν
1371 3816 1561 3872 αὐτοῦ.
1622 3817 1749 3870 Ἐὰν
1797 3815 1854 3870 δὲ
1887 3817 1987 3868 οὐκ

400 3909 548 3961 ἔστιν
581 3905 749 3971 ἄξιος,
780 3905 814 3976 ἢ
845 3906 907 3959 οὑ
937 3904 1207 3974 συμφέρει
1239 3903 1388 3973 αὐτῷ
1415 3906 1472 3957 ἐν
1499 3906 1569 3974 τῇ
1606 3902 1796 3972 παιδίᾳ
1821 3898 1988 3953 αὐτοῦ

402 3995 826 4068 παρακληθῆναι
852 4010 864 4024 ⁸
912 3994 1099 4049 καινὸν
1128 3994 1381 4065 οὐρανὸν,
1414 3993 1510 4047 καὶ
1538 3992 1733 4063 καινὴν
1762 3992 1865 4061 γῆν
1892 3992 1989 4045 ἐὰν

404 4089 630 4161 ποιήσῃ,
662 4088 907 4159 εὑρίσκει
940 4086 1270 4141 ἀνάπαυσιν.
1328 4086 1466 4156 Περὶ
1509 4084 1567 4138 δὲ
1595 4083 1689 4137 τοῦ
1721 4082 1895 4136 εἰπεῖν
1930 4098 1989 4134 σε

403 4184 488 4237 ὅτι
519 4180 707 4253 βαρεῖς
747 4179 876 4244 τοὺς
907 4178 1192 4248 ἀδελφοὺς,
1232 4174 1668 4249 ὁμολογούμενον
1715 4173 1991 4243 δικαίωμά

405 4274 581 4329 ἐστιν.
643 4270 838 4336 Οὐδεὶς
881 4273 993 4341 γὰρ
1048 4270 1327 4341 προξενῶν
1377 4267 1598 4338 ἐντολὴν
1644 4264 1780 4319 Θεοῦ
1827 4264 1992 4337 ἔργάο

409 4363 606 4419 σασθαι
654 4362 733 4434 τῷ
767 4362 995 4433 πλησίον
1047 4360 1357 4432 βουλομένῳ
1388 4358 1660 4431 σωθῆναι,
1713 4357 1861 4427 λέγει
1908 4358 1991 4411 ὅτι

406 4454 571 4527 Βαρῶ
603 4454 785 4510 αὐτόν.
824 4453 886 4507 '0
921 4452 1093 4524 μισῶν
1119 4452 1642 4524 ἐρεθίζονταςμισεῖ
1678 4448 1990 4521 πραΰτητα.

2067 2068 2325 2140 Ejusdem
2371 2068 2588 2140 generis
2631 2079 2715 2125 est
2759 2069 2891 2123 illttd
2923 2087 2936 2123 :
2972 2067 3136 2122 Jacta
3180 2084 3365 2121 curam
3408 2076 3555 2121 tuam
3602 2066 3654 2119 in

2073 2161 2354 2216 Dominum
2376 2169 2424 2215 ν,
2465 2159 2734 2232 Relinque
2761 2161 2927 2231 igitur
2962 2160 3323 2230 c0gitationes
3364 2158 3655 2221 humanas,

2072 2262 2128 2309 et
2153 2251 2430 2323 prehende
2469 2252 2525 2306 in
2560 2250 2733 2308 Deum
2781 2266 2957 2322 spem,
2999 2250 3289 2306 facientem
3323 2251 3489 2307 multa
3521 2264 3658 2321 prte-

2072 2357 2323 2418 terquam
2354 2349 2681 2419 cogitamus,
2723 2358 2775 2403 et
2820 2346 3177 2416 tranquillum
3222 2353 3276 2401 te
3309 2343 3497 2407 reddet
3535 2356 3661 2412 spes

2073 2442 2127 2494 in
2155 2439 2349 2495 Deum.
2372 2439 2514 2496 Deus
2545 2440 2766 2510 adjuvet
2789 2448 2861 2505 te,
2895 2439 2992 2506 tili,
3023 2438 3278 2509 precibus
3315 2445 3658 2491 sanctorum.

2073 2534 2296 2603 Oportet
2324 2532 2487 2603 igitur
2522 2547 2622 2588 nos
2649 2532 2960 2603 relinquere
2997 2529 3335 2602 ejuscemodi
3374 2526 3685 2597 cogitatio»

2075 2641 2195 2689 nes,
2227 2640 2296 2681 ne
2335 2626 2638 2682 habeamus
2664 2641 2851 2683 curant
2878 2624 3002 2680 vita
3030 2623 3305 2682 crastinas.

2084 2825 2216 2882 Vlll.
2253 2859 2323 2871 —
2368 2825 2626 2896 Ejusdem
2676 2827 2748 2880 ad
2793 2827 3192 2896 imbecilliorem
3228 2824 3509 2895 quemdam
3551 2823 3667 2896 frag

2150 2908 2302 2980 treat,
2341 2894 2492 2951 uaria
2531 2897 2862 2980 cogitantem
2885 2897 2950 2952 de
2986 2894 3397 2951 administrante
3438 2909 3559 2965 quat
3596 2894 3673 2947 ad‘

2152 2967 2317 3038 ipsius
2345 2983 2502 3022 usum
2533 2966 2884 3035 pertinebant.

2153 3084 2212 3139 in
2247 3084 2469 3140 nomine
2496 3080 2627 3138 Jesu
2654 3082 2879 3139 Christi.
2910 3081 3103 3136 Frater
3129 3081 3225 3149 mi,
3254 3079 3388 3136 nihil
3403 3079 3549 3151 juris
3573 3078 3669 3134 ba-

2084 3177 2276 3232 bemus
2310 3176 2364 3230 in
2402 3176 2738 3246 proximum.
2771 3175 2925 3246 Opus
2952 3175 3222 3230 habemus
3247 3188 3374 3228 eum
3406 3172 3673 3227 charitato

2084 3270 2303 3325 vincere
2326 3277 2382 3325 et
2405 3269 2687 3324 devorare.
2715 3268 2892 3325 Nemo
2915 3268 3063 3323 enim
3089 3267 3227 3323 dicit
3250 3266 3535 3338 proximo:
3559 3262 3670 3319 Cur

2084 3378 2193 3418 non
2228 3377 2381 3418 amas
2420 3362 2550 3416 me?
2580 3360 2675 3416 sed
2720 3362 2837 3431 ipse
2879 3360 3088 3416 faciens
3117 3373 3303 3414 amore
3327 3357 3515 3434 digna,
3549 3356 3673 3411 alli-

2083 3454 2156 3509 eit
2186 3454 2350 3509 etiam
2383 3453 2696 3525 proximum
2730 3454 2785 3507 in
2827 3466 3095 3507 amorem.
3130 3450 3287 3518 Quod
3328 3451 3393 3504 ad
3435 3449 3676 3505 necessi-

2087 3556 2248 3603 tatem
2296 3546 2547 3616 corporis
2588 3546 2822 3611 attinet,
2857 3544 2902 3600 si
2945 3544 3071 3615 quis
3110 3543 3308 3615 dignus
3348 3542 3424 3597 sit
3464 3542 3674 3613 requie,

2087 3639 2252 3694 etiam
2290 3637 2694 3694 Saracenorum
2740 3638 2906 3694 corda
2948 3637 3129 3693 ﬂectet
3163 3635 3433 3692 Dominus
3456 3677 3471 3702 ,
3506 3643 3565 3688 ut
3597 3633 3677 3688 fa-

2091 3732 2238 3787 ciant
2284 3746 2410 3787 enm
2462 3746 2530 3787 eo
2594 3730 3026 3786 misericordiam
3075 3729 3234 3800 juxta
3291 3727 3674 3783 necessitatem

2092 3825 2284 3893 ipsius.
2325 3821 2380 3877 Si
2426 3838 2555 3879 vero
2594 3838 2703 3878 non
2749 3832 2834 3878 est
2874 3822 3093 3892 dignus,
3132 3837 3235 3875 nec
3274 3819 3537 3875 conducit
3577 3818 3676 3887 ipsi

2094 3924 2152 3969 ut
2193 3914 2248 3968 in
2283 3914 2643 3982 castigatione
2683 3928 2781 3968 sua
2816 3912 3248 3966 consolationem
3279 3910 3510 3979 accipiat
3533 3948 3548 3971 ,
3583 3924 3680 3963 no-

2094 4020 2219 4061 vum
2252 4005 2452 4059 uelum
2485 4013 2540 4058 et
2570 4019 2769 4057 novam
2800 4013 3001 4056 terram
3032 4004 3079 4059 si
3119 4001 3301 4067 faciet,
3333 3999 3569 4055 inveniet
3595 4016 3677 4055 re.

2093 4096 2300 4167 quiem.
2330 4092 2485 4161 Quod
2519 4102 2703 4149 autem
2741 4094 2878 4147 dicis
2904 4093 3051 4165 quod
3080 4109 3272 4164 graves
3306 4091 3505 4147 fratres
3534 4100 3677 4155 tuos,

2096 4194 2282 4255 aperte
2304 4185 2598 4256 justiﬁcari
2622 4183 2727 4239 vis.
2753 4181 2948 4239 Nullus
2975 4185 3121 4240 enim
3155 4184 3383 4255 cupiens
3415 4191 3681 4252 praecepta

2098 4277 2191 4332 Dei
2223 4276 2505 4332 custodire
2534 4276 2789 4347 proximo
2814 4277 3054 4350 cupienti
3087 4276 3287 4332 salvari
3329 4276 3463 4330 dicit
3489 4312 3504 4339 ,
3535 4274 3683 4344 quod

2096 4383 2221 4425 eum
2255 4377 2460 4439 gravet.
2489 4365 2627 4423 Odio
2663 4368 2872 4424 habens
2900 4367 3194 4433 irritantes,
3227 4366 3344 4421 odit
3368 4366 3681 4420 lettitatem:

2099 4460 2314 4530 fugiens
2335 4457 2585 4526 alliictos,
2608 4458 3004 4530 fugitrequiem
3027 4459 3081 4513 in
3104 4457 3345 4513 Christo.
3365 4455 3512 4512 Deus
3534 4467 3686 4510 ama-

422 4549 482 4602 ‘U
507 4545 726 4617 φεύγων
757 4545 1058 4609 θλίϐοντας,
1104 4534 1298 4615 φεύγει
1344 4543 1441 4616 τὴν
1484 4544 1541 4597 ὲν
1591 4540 1813 4614 Χριστῷ
1859 4540 1981 4596 ἀνά-

2103 4562 2187 4608 tor
2216 4551 2527 4616 hominum,
2556 4551 2653 4619 fili,
2682 4552 2956 4609 custodiat
2995 4568 3100 4607 nos
3134 4567 3232 4607 sua
3261 4552 3435 4624 gratia
3465 4557 3686 4622 pt-Optcr

410 4655 633 4694 παυσιν.
677 4639 737 4693 'U
769 4637 902 4701 Θεὸς
936 4638 965 4690 ὁ
1005 4635 1416 4708 φιλάνθρωπος,
1464 4633 1676 4697 τέκνον,
1728 4632 1995 4686 σκεπάσει

409 4731 560 4802 ἡμᾶς
590 4732 658 4801 τῇ
707 4728 875 4784 αὐτοῦ
920 4727 1125 4801 χάριτι,
1161 4728 1350 4798 εὐχαῖς
1400 4724 1619 4780 πάντων
1663 4724 1769 4778 τῶν
1800 4723 1992 4792 ἁγίων.

425 4822 621 4892 ’Λμήν.

492 4950 511 4976 τ
549 4938 746 4994 Ezech.
790 4950 982 4999 xum,
1014 4934 1098 4987 ll.
1173 4932 1194 4963 ⁸
1229 4932 1426 4987 Matth.
1465 4945 1538 4992 tx,
1565 4929 1647 4983 15.
1734 4929 1749 4962 ί
1798 4925 1945 4982 Psal.
1975 4942 2085 4991 ιη’,
2114 4925 2202 4979 ‘25.

2101 4657 2291 4714 preces
2323 4643 2569 4699 omnium
2609 4650 2944 4699 sanctorum.
2976 4642 3170 4698 Amen.

2282 4936 2309 4962 υ
2339 4922 2529 4978 Matth.
2572 4938 2645 4987 Vl,
2679 4921 2770 4977 δι.
2847 4928 2873 4957 ν
2897 4918 3043 4977 PSal.
3064 4935 3174 4986 Liv,
3209 4920 3298 4973 ‘33.

432 5084 2624 5119 "MF—Ww—

1612 5215 1933 5294 lNDEX
2010 5210 2514 5293 CAPITUM.

493 5412 631 5483 Περὶ
660 5409 962 5480 ἀππαγῆς,
991 5407 1313 5462 διδασκαλία
1341 5409 1419 5461 Α’.

490 5505 629 5577 Περὶ
660 5499 1186 5572 ταπεινοφροσύνης,
1220 5498 1426 5553 διδασκ.
1459 5498 1534 5551 B'.

493 5595 631 5670 Περὶ
656 5593 975 5659 συνειδότος,
1003 5592 1214 5648 διδασκ.
1242 5591 1319 5646 I".

497 5686 632 5755 Περὶ
660 5682 827 5754 φόϐου
852 5681 1010 5748 Θεοῦ,
1041 5681 1252 5736 διδασκ.
1287 5679 1359 5736 Δ⁹.

496 5774 633 5848 Περὶ
657 5771 752 5827 τοῦ
790 5773 865 5845 μὴ
893 5774 1125 5844 στοιχεῖν
1152 5773 1218 5844 τῇ
1255 5770 1364 5843 ἰδία
1409 5769 1631 5838 γνώσει,
1678 5767 1889 5822 διδασκ.
1927 5767 2000 5823 E’.

500 5869 636 5940 Περὶ
663 5865 758 5924 τοῦ
797 5865 872 5939 μὴ
900 5869 1081 5939 κρῖναι
1113 5863 1205 5921 τὸν
1245 5862 1491 5937 πλησίον,
1528 5863 1738 5918 διδασκ.
1770 5858 1859 5932 (Γ.

2176 5399 2249 5453 De
2283 5392 2707 5459 renuntiatione,
2747 5389 2996 5447 doctrina
3032 5388 3074 5442 l.

2175 5489 2248 5543 De
2286 5486 2617 5549 humilitate,
2647 5482 2794 5539 doct.
2836 5480 2900 5535 ll.

2180 5580 2254 5636 De
2279 5577 2637 5642 conscientia,
2668 5575 2813 5631 doct.
2843 5571 2930 5626 ΙΙΙ.

2181 5673 2256 5727 De
2283 5669 2471 5727 divino
2499 5670 2717 5731 timore,
2748 5666 2896 5723 doct.
2932 5662 3021 5718 ιγ.

2178 5765 2256 5820 Ne
2285 5778 2387 5819 nos
2415 5761 2565 5832 ipsos
2604 5757 2985 5818 informamus,
3016 5754 3161 5810 doct.
3208 5748 3271 5805 ν.

2184 5856 2260 5913 Ne
2291 5852 2601 5927 proximum
2630 5851 2963 5923 judicctnus,
3003 5846 3149 5905 dect.
3183 5842 3265 5898 Ἦ.
