4062 6406
259 375 392 438 Ιεέθ

1097 384 1382 444 ORATIO
1439 385 1520 444 ΙΝ
1583 387 1982 447 MULlERES
2040 388 2694 448 UNGUENTIFERAS

3410 387 3431 449 1
3441 389 3549 454 850

257 492 451 562 γενὴς,
483 489 600 543 ἀπὸ
629 491 853 562 γνώμης
885 495 1091 560 οἰκείας
1112 538 1124 557 ,
1157 496 1218 562 ἐξ
1246 499 1492 569 ἀνάγκης
1528 500 1602 569 (εί)
1657 502 1734 562 εἰς
1765 501 1854 554 τὸν
1883 549 1890 562 ι

1983 518 2073 569 pse
2104 503 2401 565 voluntate,
2437 501 2584 555 nulla
2630 514 2758 554 vero
2789 498 3132 567 necessitate,
3165 517 3383 556 crucem
3415 519 3550 558 con—

266 583 494 654 σταυρδν
535 583 794 650 ἀνελθὼν,
827 587 922 639 καὶ
945 591 1011 658 τῇ
1044 588 1152 642 τῶν
1183 591 1381 661 χειρῶν
1420 593 1643 646 ἐκτάσει
1675 595 1856 646 πᾶσαν

265 679 556 746 ἑκδικήσας
591 679 689 750 τὴν
727 681 926 747 κτίσιν,
969 683 1063 735 καὶ
1097 683 1277 747 πάσας
1324 685 1424 747 τὰς
1464 687 1728 757 ἀοράτους
1764 690 1858 740 καὶ

265 772 511 839 πονηρὰς
543 771 801 844 δυνάμεις
848 775 1205 843 στηλιτεύσας
1239 777 1315 846 τῷ
1356 778 1542 850 οἰκείῳ
1577 779 1738 832 πάθει
1765 779 1857 832 τοῦ

267 865 540 933 σώματος,
575 865 809 937 ἠθέλησε
837 866 936 938 τὴν
963 867 1125 935 ἁγίαν
1148 869 1314 920 αὑτοῦ
1349 871 1526 934 σάρκα
1562 871 1859 938 γεύσασθαι

263 958 362 1022 τῆς
388 955 688 1024 τριημέρου
713 955 1038 1026 νεκρώσεως
1074 957 1212 1030 ὑπὲρ
1262 959 1444 1028 πάσης
1469 959 1566 1029 τῆς
1608 959 1824 1028 φύσεως
1843 1001 1857 1026 ,

265 1046 352 1099 ἵνα
383 1047 448 1098 δι’
482 1048 653 1118 αὐτῆς
697 1047 776 1119 τῷ
809 1051 1204 1121 νενεκρωμένῳ
1229 1051 1376 1119 γένει
1415 1050 1514 1122 τὴν
1559 1049 1860 1104 ἀθανασίαν

264 1139 562 1208 γαρίσηται
595 1154 609 1168 ·
647 1142 742 1193 καὶ
772 1140 836 1212 δὴ
861 1141 1049 1204 κλίνας
1075 1143 1175 1212 τὴν
1201 1141 1362 1211 ἁγίαν
1396 1142 1564 1196 αὑτοῦ
1590 1142 1858 1214 κεφαλὴν,

263 1230 554 1284 ἐκέλευσεν
583 1232 658 1290 ὼς
692 1231 1034 1303 θεραπαινίδι
1072 1236 1139 1305 τῇ
1172 1234 1398 1304 τελευτῇ
1434 1233 1758 1304 προσελθεῖν
1791 1235 1858 1305 τῇ

267 1323 430 1393 σαρκί
461 1339 472 1353 ⁸
511 1325 606 1376 καὶ
637 1325 982 1395 παραχρῆμα
1019 1325 1354 1396 παρεγένετο
1399 1325 1651 1398 καθάπερ
1677 1325 1863 1390 δοῦλος

264 1418 292 1470 ύ
313 1416 569 1483 θάνατος,
604 1418 869 1471 διακονῶν
911 1418 990 1489 τῷ
1015 1417 1322 1488 δεσποτικῷ
1348 1418 1683 1488 διατάγματι
1719 1435 1734 1450 ο
1768 1421 1864 1470 καὶ

271 1511 471 1573 λαϐὼν,
515 1515 785 1583 κατεῖχεν,
821 1513 958 1583 ὅπερ
989 1514 1276 1585 ἐπετράπη
1332 1515 1489 1582 σῶμα
1517 1512 1722 1567 λαϐεῖν.
1754 1513 1862 1566 Τοῦ

263 1606 318 1658 δὲ
345 1605 603 1675 σώματος
648 1607 858 1660 ἐκείνου
889 1605 982 1659 τοῦ
1013 1606 1261 1676 φωϐερού
1295 1608 1410 1670 τοῖς
1432 1605 1728 1677 χερουσιμ,
1769 1607 1864 1659 καὶ

263 1697 502 1767 φρικτοῦ
524 1702 634 1762 τοῖς
658 1717 714 1752 σε
725 1699 922 1770 ραφὶμ,
945 1698 1049 1752 ὑπὸ
1065 1697 1159 1750 τοῦ
1193 1697 1426 1752 Θανάτου
1459 1697 1827 1769 κρατηθέντος
1849 1737 1861 1757 .

261 1790 457 1856 οὕτως,
489 1793 566 1854 ὼς
595 1791 861 1862 ἠθέλησεν
893 1793 920 1845 ὁ
951 1791 1046 1844 τοῦ
1083 1792 1341 1863 σώματος
1377 1791 1606 1861 Κύριος,
1639 1795 1733 1844 καὶ
1764 1791 1865 1862 τῆς

261 1885 444 1954 ψυχῆς
475 1884 572 1938 τοῦ
605 1884 861 1955 Σωτῆρος
884 1885 1203 1956 δραμοῦσης
1251 1884 1710 1953 εὐαγγελίσασθαι
1742 1887 1862 1947 ταῖς

260 1977 462 2047 ψυχαῖς
502 1975 606 2048 τὴν
651 1976 1035 2042 ἀπολύτρωσιν
1079 1976 1261 2031 αὐτῶν
1294 1995 1306 2006 ·
1339 1977 1435 2030 καὶ
1469 1979 1570 2046 τῆς
1607 1976 1864 2045 θεότητος

261 2063 453 2127 αὑτοῦ,
508 2062 603 2115 καὶ
650 2063 788 2132 μετὰ
827 2061 922 2114 τοῦ
953 2060 1209 2132 σώματος
1255 2060 1421 2132 οὔσης
1451 2063 1546 2114 καὶ
1591 2063 1729 2130 μετὰ
1763 2059 1866 2124 τῆς

260 2153 445 2224 ψυχῆς
475 2169 494 2185 ο
531 2154 592 2206 οὐ
621 2153 730 2223 γὰρ
765 2153 1036 2225 ἐχωρίσθη
1081 2155 1222 2224 μετὰ
1245 2155 1344 2225 τὴν
1369 2154 1564 2207 ἕνωσιν
1599 2156 1630 2224 ἡ
1675 2154 1865 2222 θεότης

260 2249 364 2315 τῖς
409 2246 838 2318 ἁνθρωπὸτητος
889 2247 1142 2319 οὐδαμῶς
1185 2247 1424 2318 οὐδαμοῦ
1451 2265 1466 2280 ο
1501 2247 1639 2302 ἀλλὰ
1672 2249 1765 2300 καὶ
1809 2250 1866 2300 ὲν

260 2343 374 2402 τοῖς
434 2341 695 2408 οὖρανοίς
755 2335 822 2409 ἦν
854 2355 868 2370 ’
922 2339 1015 2392 καὶ
1071 2340 1129 2391 ὲν
1181 2338 1338 2408 τάφῳ
1391 2341 1574 2408 παρῆν
1618 2337 1865 2404 ἀπαθῶς,

262 2429 552 2499 ἄφθαρτον
584 2428 933 2500 φυλάττουσα
969 2430 1030 2483 τὸ
1069 2429 1276 2500 εαυτῆς
1311 2429 1660 2501 περιϐόλαιον
1693 2445 1706 2459 ·
1745 2426 1870 2482 τού-

260 2539 373 2576 των
403 2520 588 2586 οῢτως
606 2520 1312 2593 οἰκονομηθέντων,’1ωσῄφ
1341 2539 1426 2586 τις
1470 2522 1612 2595 ἀνὴρ
1640 2522 1870 2593 εὐγενής

261 2632 322 2668 τε
378 2615 481 2669 καὶ
531 2613 808 2678 πλούσιος,
857 2615 967 2668 ἀπὸ
1008 2615 1372 2685 ⁹Αριμαθαίας
1403 2613 1744 2685 ὁρμώμενος,
1772 2611 1868 2667 τοῦ

261 2706 689 2777 ἐσταυρωμένον
720 2704 965 2775 μαθητὴς
995 2705 1261 2774 γεγονὼς,
1290 2705 1610 2759 τελευταίαν
1627 2703 1705 2776 τῷ
1725 2704 1869 2757 διδα-

265 2800 461 2871 σκάλῳ
509 2798 648 2869 μετὰ
677 2799 778 2870 τὴν
816 2797 1075 2869 τελευτὴν
1103 2797 1390 2861 ἀποδιδοὺς
1413 2797 1672 2870 ἀμοιϐὴν,
1697 2814 1869 2868 προσ-

264 2893 403 2966 ἦλθε
457 2890 541 2963 τῷ
593 2891 834 2962 Πιλάτῳ,
888 2891 1222 2962 παρακαλῶν
1289 2891 1457 2945 αὑτὸν
1506 2892 1601 2945 καὶ
1651 2890 1826 2959 λέγων
1853 2905 1867 2919 ·

271 3004 290 3035 σ
333 2984 516 3056 ’Υπὲρ
533 2983 730 3056 νεκροῦ
754 2983 958 3054 ταύτην
981 2983 1059 3055 (5)
1082 2983 1344 3052 ποιοῦμαι
1374 2984 1474 3056 τὴν
1491 2982 1696 3053 δέησιν,
1720 2982 1874 3051 παρὰ

274 3075 378 3142 μὲν
409 3071 523 3125 τῶν
553 3071 766 3144 ἐχθρῶν
797 3071 1325 3142 συκοφαντηθέντος,
1357 3071 1512 3144 παρὰ
1549 3072 1605 3124 δὲ
1636 3072 1744 3124 τῶν
1781 3071 1872 3139 φί-

1961 595 2250 655 scendens,
2277 591 2641 660 manibusque
2666 592 2908 645 extensis
2939 592 3250 662 universam
3279 594 3550 647 ulciscens

1959 694 2291 741 creaturam.
2324 698 2388 738 ac
2418 683 2719 737 invisibiles
2748 697 2944 735 omnes
2970 685 3348 755 malignasque
3377 686 3552 738 virtu-

1961 786 2042 831 tes
2076 778 2292 846 propria
2323 776 2571 844 corporis
2606 778 2862 844 passione
2894 777 3190 831 traducens
3217 779 3237 808 '
3257 819 3271 841 ,
3305 789 3550 830 sanctam

1961 885 2181 924 carnem
2235 885 2389 922 suam
2437 878 2667 921 mortem
2710 868 3020 921 triduanam
3071 883 3175 938 pro
3222 878 3431 922 natura:
3467 877 3552 923 to-

1963 963 2072 1018 tius
2123 962 2298 1017 salute
2344 970 2564 1030 gustare
2612 960 2821 1016 voluit:
2871 971 3034 1030 atque
3087 963 3227 1016 adeo
3282 963 3554 1017 inclinans

1962 1065 2211 1110 sanctum
2247 1070 2404 1109 suum
2438 1061 2620 1123 caput,
2649 1063 2879 1107 mortem
2910 1069 3009 1108 ceu
3042 1055 3298 1108 ancillam
3328 1057 3393 1108 ad
3428 1071 3554 1110 ear-

1963 1164 2088 1203 nem
2125 1147 2385 1201 accedere
2413 1147 2600 1213 jussit.
2655 1148 2910 1200 Actutum
2958 1162 3089 1200 vero
3131 1148 3324 1201 humili
3371 1147 3552 1204 famu-

1964 1241 2077 1296 latu
2124 1254 2276 1294 mors
2325 1236 2503 1292 adfuit
2562 1237 2860 1291 Dominicae
2903 1238 3216 1306 obsequens
3269 1239 3551 1304 iussioni;

1963 1346 2276 1403 corpusque
2305 1330 2453 1400 quod
2485 1330 2641 1396 jussa
2671 1339 2790 1383 erat
2835 1331 3082 1398 accipere
3104 1370 3118 1394 ,
3166 1331 3440 1399 accipiens
3473 1339 3556 1383 te-

1965 1425 2108 1480 nuit.
2135 1425 2272 1479 Cum
2309 1423 2390 1478 sic
2415 1437 2546 1491 ergo
2573 1436 2775 1491 corpus
2806 1420 2937 1474 illud
2974 1423 3316 1476 tremendum
3345 1422 3556 1475 Cheru-

1967 1518 2111 1573 binis
2145 1533 2209 1572 ac
2236 1515 2556 1586 Seraphiuis
2592 1514 2928 1567 horrendum
2970 1529 2998 1566 a
3049 1521 3224 1568 morte
3255 1522 3555 1580 teneretur,

1965 1609 2430 1681 quemadmodum
2457 1606 2631 1661 voluit
2657 1605 2908 1676 corporis
2939 1604 3205 1659 Dominus
3224 1645 3238 1670 ,
3267 1605 3561 1674 animaque

1968 1703 2270 1759 Salvatoris
2301 1700 2742 1771 evangelizatura
2777 1697 3068 1752 animabus
3107 1713 3294 1752 earum
3347 1697 3562 1750 redem-

1969 1799 2208 1867 ptionem
2238 1795 2394 1849 ocius
2423 1793 2678 1854 abiisset;
2707 1800 2962 1859 essetque
2987 1788 3109 1858 ejus
3135 1789 3311 1842 deitas
3345 1789 3563 1855 utrique

1970 1902 2156 1940 comes
2187 1886 2496 1954 (nusquam
2530 1881 2676 1936 enim
2707 1879 3004 1948 aliquando
3038 1879 3214 1932 deitas
3250 1889 3368 1946 post
3405 1876 3563 1930 unio-

1973 1995 2096 2034 nem
2185 1978 2253 2030 ah
2305 1975 2646 2030 humanitate
2705 1971 2996 2038 discessit)
3046 1989 3059 2026 :
3130 1969 3260 2038 quin
3338 1979 3389 2023 et
3445 1981 3565 2022 erat

1973 2073 2027 2126 in
2076 2071 2232 2126 caelis
2271 2069 2570 2136 aderatque
2631 2065 3007 2135 impatibiliter
3062 2065 3354 2131 sepulcro,
3399 2077 3561 2114 suum

1974 2162 2150 2232 ipsius
2169 2160 2550 2214 indumentum
2569 2172 2600 2210 a
2619 2156 2969 2224 corruptione
2993 2168 3218 2207 servans
3242 2151 3562 2204 innoxium:

1974 2253 2060 2308 his
2085 2294 2100 2316 ,
2130 2254 2352 2320 inquam
2375 2289 2392 2310 ,
2439 2249 2509 2302 ita
2542 2247 2952 2319 dispensatione
2985 2245 3186 2315 gestis,
3220 2243 3304 2297 vir
3338 2242 3562 2312 quidam

1975 2345 2171 2400 nobilis
2207 2341 2410 2412 pariter
2439 2357 2502 2396 ac
2534 2342 2707 2401 dives,
2741 2337 2942 2407 Joseph
2980 2336 3228 2400 nomine,
3255 2335 3325 2389 ab
3349 2333 3570 2388 Arima-

1978 2441 2113 2505 thia,
2137 2437 2230 2509 qui
2257 2432 2726 2491 fuissetCrueilixi
2760 2430 3087 2499 discipulus,
3112 2441 3424 2498 supremam
3446 2433 3571 2494 post

1975 2545 2210 2590 mortem
2251 2529 2511 2600 magistro
2551 2527 2725 2581 vicem
2750 2522 3000 2579 reddens
3023 2563 3038 2588 ,
3076 2520 3308 2576 accessit
3335 2519 3401 2573 ad
3425 2517 3570 2572 Pila-

1977 2635 2092 2681 tum
2114 2667 2128 2690 ,
2164 2625 2465 2679 obsecrans
2494 2635 2558 2674 ac
2583 2619 2774 2673 dicens
2803 2633 2816 2670 :
2856 2633 2874 2666 ι
2915 2614 3067 2669 l‘lanc
3097 2627 3197 2682 pro
3226 2620 3442 2666 mortuo
3475 2624 3571 2678 pe-

1976 2721 2228 2774 titionem
2276 2715 2452 2780 facio;
2503 2729 2602 2784 pro
2643 2718 2894 2775 mortuo,
2939 2708 3200 2777 inquam,
3236 2701 3570 2758 calumniam

1977 2827 2144 2885 passo
2174 2811 2244 2864 ah
2282 2808 2536 2863 hostibus
2561 2845 2576 2869 ,
2609 2814 2666 2858 et
2697 2804 2766 2858 ab
2800 2801 2992 2856 amicis
3025 2798 3298 2871 passionis
3329 2806 3578 2864 tempore

1979 2905 2258 2961 derelicto.
2309 2901 2418 2955 Pro
2479 2907 2697 2954 mortuo
2752 2896 3039 2966 supplico,
3098 2893 3331 2947 habente
3395 2901 3576 2957 neque

1980 3012 2176 3053 aurum
2209 3009 2386 3062 neque
2417 3000 2702 3058 argentum
2739 3003 2917 3058 neque
2957 2986 3159 3041 milites
3203 2998 3380 3052 neque
3415 2981 3575 3036 auxi-

1983 3089 2172 3145 liarios
2197 3101 2378 3156 neque
2407 3084 2730 3153 stipatores,
2765 3089 3134 3150 praeterquam
3191 3085 3402 3130 tantum
3436 3089 3575 3144 pau-

267 3167 381 3220 λων
420 3164 905 3242 καταλειφθέντος,
941 3163 1021 3236 τῷ
1051 3164 1144 3217 τοῦ
1198 3163 1407 3228 πάθους
1454 3163 1654 3236 καιρῷ.
1699 3163 1872 3236 ’Υπὲρ

1982 3183 2258 3253 perculam
2289 3187 2540 3241 matrem,
2560 3176 2682 3245 ejus
2699 3182 2858 3244 partu
2891 3173 3114 3228 divitem
3140 3171 3412 3226 effectam.
3439 3165 3578 3221 Ora-

265 3259 474 3331 νεκροῦ
505 3257 757 3322 ἱκετεύω,
798 3257 873 3329 μὴ
916 3257 1257 3328 κεκτημένου
1301 3259 1441 3332 μήτε
1473 3257 1698 3328 χρυσὸν,
1734 3259 1871 3329 μήτε

267 3355 542 3424 ἄργυρον,
580 3353 718 3422 μήτε
761 3350 1132 3422 στρατιώτας,
1181 3352 1316 3423 μήτε
1351 3351 1695 3421 συμμάχους,
1735 3351 1874 3422 μήτε

268 3442 633 3510 δορυφόρους,
660 3442 708 3493 εἰ
743 3439 818 3511 μὴ
851 3441 1012 3511 μόνον
1041 3439 1256 3510 μητέρα
1282 3439 1571 3509 πενιχρὰν,
1604 3439 1682 3510 τῷ
1708 3438 1873 3492 αὑτοῦ

273 3535 433 3604 τόκῳ
487 3534 892 3603 πλουτήσασαν.
943 3534 1115 3603 ’Υπὲρ
1157 3531 1355 3602 νεκροῦ
1382 3531 1674 3602 πρεσϐεύω
1715 3533 1876 3586 ἑκου-

274 3625 416 3686 σίως
445 3622 816 3686 ἀποθανόντος
840 3637 855 3651 ⁶
885 3625 934 3676 εἰ
978 3623 1053 3694 μὴ
1088 3623 1197 3692 γάρ
1223 3621 1508 3692 ἠθέλησεν,
1541 3623 1642 3675 οὐκ
1671 3621 1735 3675 ἂν
1765 3625 1883 3676 ἐτε-

268 3716 535 3785 λεύτησε.
557 3717 943 3789 Καθαιρείσθω
962 3717 1141 3770 τοίνυν
1167 3716 1274 3770 ἀπὸ
1291 3716 1386 3769 τοῦ
1410 3717 1647 3786 σταυροῦ
1671 3717 1877 3782 λοιπὸν,

267 3812 298 3863 ὁ
326 3806 548 3877 μηδένα
602 3807 770 3876 μηδὲν
809 3805 1110 3875 ἠδικηκὼς,
1143 3805 1488 3876 εὐεργεσίαις
1537 3805 1594 3858 δὲ
1658 3808 1884 3877 μυρίαις

265 3898 624 3968 τετιμηκώς.
655 3896 893 3968 Χάρισαί
940 3913 1032 3966 μοι
1066 3896 1248 3966 χάριν,
1295 3890 1364 3966 ἧς
1404 3897 1504 3949 οὐκ
1539 3895 1682 3966 ἔχεις
1716 3897 1882 3967 ἄλλην

265 3989 518 4060 ἀμείνω*
570 3991 731 4061 χάριν
769 4007 858 4060 μοι
891 3989 1138 4060 χάρισαι,
1186 3987 1458 4057 μακάριον
1488 3987 1752 4040 ποιοῦσάν
1791 4004 1880 4056 με,

265 4086 364 4139 τον
387 4083 602 4153 ταύτην
621 4083 928 4154 δεχόμενον.
963 4079 1219 4151 Δωρῆσαί
1254 4097 1343 4148 μοι
1365 4079 1457 4131 τὸν
1484 4078 1747 4142 ζωοποιὸν
1770 4078 1889 4132 τοῦ·

269 4196 369 4232 τον
403 4177 629 4248 νεκρὸν,
662 4177 750 4230 ἵνα
784 4173 965 4228 λαϐὼν
993 4173 1177 4236 αὐτὸν,
1204 4171 1432 4240 καλύψω
1463 4174 1531 4242 τῇ
1571 4173 1663 4242 γῇ.
1695 4171 1885 4242 Δωρῆ-

275 4268 370 4323 εαί
417 4285 512 4337 μοι
543 4267 603 4321 τὸ
631 4264 1036 4338 τρισμακάριον
1077 4263 1259 4332 σῶμα,
1291 4263 1428 4332 ὅπερ
1460 4261 1822 4333 νεκρούμενον
1851 4263 1884 4329 ὴ

275 4363 471 4424 κτίσις
519 4359 820 4429 ἐπένθησεν
871 4356 1074 4412 ἰδοῦσα.
1109 4356 1364 4426 Δωρῆσαί
1417 4373 1510 4425 μοι
1552 4355 1713 4425 σῶμα
1751 4356 1890 4427 ὅπερ

279 4455 566 4514 ἀποπνέον
590 4454 620 4507 ὁ
670 4453 799 4516 ναὸς
834 4451 1194 4518 θεασάμενος,
1243 4452 1304 4504 τὸ
1338 4449 1535 4503 ἑαυτοῦ
1573 4449 1889 4520 περιέσχισε

1979 3286 2094 3330 tum
2123 3272 2284 3327 venio
2310 3286 2411 3341 pro
2441 3281 2680 3334 mortuo,
2709 3277 2906 3336 sponte
2944 3281 3044 3321 sua
3075 3275 3252 3318 morte
3282 3261 3577 3318 defuncto:

1979 3367 2086 3424 nisi
2121 3365 2268 3420 enim
2302 3360 2588 3423 voluisset,
2618 3359 2847 3412 minime
2869 3357 3118 3427 gentium
3139 3362 3393 3408 mortuus
3413 3361 3580 3406 esset.

1981 3461 2249 3515 Caaterum
2281 3469 2414 3523 ergo
2433 3453 2739 3521 deponatur
2765 3451 2831 3504 de
2857 3464 3020 3503 cruce
3050 3447 3097 3502 is
3119 3447 3212 3516 qui
3238 3444 3371 3499 nihil
3391 3456 3576 3513 quem-

1983 3565 2149 3621 quam
2183 3548 2385 3618 injustc
2413 3545 2574 3608 laesit,
2604 3543 2698 3598 sed
2735 3540 3235 3596 innumerabilibus
3265 3551 3457 3592 omnes
3492 3535 3588 3588 be-

1986 3639 2196 3696 neliciis
2247 3635 2558 3690 honoravit.
2604 3632 2846 3687 Gratiam
2887 3629 3018 3684 mihi
3063 3628 3262 3697 largire
3297 3670 3310 3693 ,
3346 3638 3452 3693 qua
3490 3622 3585 3675 tibi

1987 3731 2134 3788 nulla
2193 3729 2434 3799 suppetit
2479 3726 2690 3780 melior.
2720 3723 2848 3776 Mihi
2877 3721 3104 3789 gratiam
3141 3717 3338 3786 largire
3369 3757 3382 3775 ,
3421 3728 3586 3782 quam

1985 3825 2078 3895 qui
2103 3821 2398 3886 suscipiam
2438 3820 2552 3887 ipse
2585 3817 2775 3869 beatus
2799 3812 3029 3867 eflieiar.
3064 3809 3214 3862 Dona
3254 3807 3392 3859 mihi
3438 3820 3589 3858 mor-

1990 3923 2142 3967 tuum
2199 3913 2347 3964 hunc
2383 3907 2686 3967 vivilicum,
2738 3913 2796 3957 ut
2835 3901 3112 3970 accipiens
3155 3896 3306 3951 humi
3351 3896 3590 3950 abscon-

1986 4008 2133 4061 dam.
2168 4002 2318 4058 Dona
2351 3999 2485 4055 mihi
2527 4007 2609 4053 ter
2657 4000 2874 4050 beatum
2915 4006 3160 4061 corpus,
3207 3989 3354 4060 quod
3396 3987 3590 4044 videns

1988 4093 2321 4151 exstinctum
2354 4097 2606 4145 creatura
2635 4085 2792 4140 luxit.
2823 4083 2970 4137 Dona
3005 4081 3140 4136 mihi
3166 4093 3372 4148 corpus
3396 4117 3412 4142 ,
3439 4079 3587 4147 quod

1989 4185 2280 4257 exspirans
2307 4191 2581 4240 contuens
2605 4179 2903 4248 templum,
2941 4191 3103 4232 suum
3135 4174 3314 4244 ipsum
3343 4170 3592 4226 velamen

1991 4277 2284 4335 conscidit.
2310 4274 2463 4329 Dona
2495 4271 2629 4330 mihi
2656 4284 2880 4338 corpus,
2913 4283 3010 4336 per
3029 4267 3173 4335 quod
3203 4263 3392 4318 scissae
3423 4268 3595 4332 petrae

1991 4379 2221 4440 ruptura
2255 4369 2463 4421 luctum
2498 4363 2878 4434 prodiderunt.
2909 4358 3278 4413 Deosculahor
3307 4367 3593 4410 sacrarum

1995 4477 2258 4518 manuum
2296 4460 2521 4512 vulnera
2549 4497 2564 4520 ,
2592 4455 2797 4524 quibus
2827 4451 3025 4505 animae
3061 4463 3195 4502 meae
3233 4448 3463 4500 vulnera
3495 4459 3597 4498 cu-

282 4549 722 4617 καταπέτασμα.
767 4543 1024 4616 Δωρῆσαί
1055 4560 1145 4613 μοι
1171 4541 1348 4612 σῶμαε
1386 4541 1453 4594 δι’
1495 4536 1556 4596 οὗ
1607 4542 1662 4594 αἱ
1690 4541 1890 4612 πέτραι

2001 4563 2116 4607 rata
2147 4559 2292 4605 sunt.
2336 4547 2574 4616 I’alpabo
2619 4545 2762 4599 latus
2796 4542 2926 4597 illud
2965 4541 3346 4593 intemeratum
3377 4575 3390 4599 ,
3429 4549 3458 4587 a
3489 4549 3598 4602 qua

283 4641 622 4713 σμσθεῖσαι,
655 4637 731 4708 τῷ
763 4639 1004 4709 ρήγματι
1035 4635 1095 4686 τὸ
1131 4633 1324 4696 πένθος
1365 4635 1664 4704 ἐμήνυσαν.
1707 4635 1890 4686 Κατα-

286 4735 513 4806 φι).ησω
541 4732 609 4784 τὰ
651 4728 947 4800 τραύματα
977 4726 1084 4779 τῶν
1124 4725 1295 4794 ἁγίων
1335 4726 1562 4796 χειρῶν,
1595 4724 1661 4776 δι’
1689 4717 1763 4778 ὧν
1793 4724 1893 4792 τῆς

284 4825 438 4897 ἐμῆς
487 4821 668 4892 ψυχῆς
710 4816 1053 4890 ἐθεραπεύθη
1104 4818 1172 4870 τὰ
1213 4816 1525 4887 τραύματα.
1571 4816 1894 4886 Ψηλαφήσω

284 4920 395 4990 τὴν
438 4917 708 4986 ἄλραντον
770 4911 984 4980 ἐκείνην
1033 4907 1295 4978 πλευράν,
1349 4909 1441 4978 ἀφ’
1489 4905 1555 4981 ἧς
1616 4911 1894 4980 ἐπήγασεν

286 5007 440 5083 αἷμα
475 5006 759 5080 μυστικὸν,
787 5007 882 5058 καὶ
919 5003 1064 5074 ὕδωρ
1110 5003 1550 5073 ἀναγεννήσεως.
1604 5001 1896 5069 Ἐνταφιά-

291 5122 378 5158 σω
423 5119 473 5155 ιν
509 5101 565 5152 αἱ
599 5101 782 5170 χεῖρες
811 5090 972 5152 αὗται
1011 5099 1104 5149 τὸν
1133 5094 1394 5165 μέλλοντα
1422 5092 1572 5147 λύειν
1601 5095 1692 5148 τοῦ
1726 5093 1894 5149 θανά-

287 5214 392 5248 του
418 5192 488 5245 τὰ
521 5191 835 5262 σπάργανα.
895 5188 1251 5258 Κηδεύσωσιν
1289 5179 1440 5240 οὗτοι
1481 5189 1530 5240 οἱ
1575 5187 1897 5257 ἁμαρτω).οὶ

288 5284 562 5344 δάκτυλοι
607 5284 700 5338 τὸν
753 5284 936 5354 πάσης
976 5280 1328 5353 δικαιοσύνης
1361 5280 1603 5351 ἐργάτην
1634 5282 1730 5332 καὶ
1775 5297 1902 5334 παιο

291 5375 522 5444 δευτήν.
552 5375 816 5446 ’Ἅψωμαι
843 5375 940 5446 τῆς
965 5374 1356 5445 ἁναμαρτήτου
1389 5372 1613 5444 σαρκὸς,
1642 5367 1708 5443 ἧς
1741 5374 1847 5435 πᾶς
1875 5375 1902 5425 ὁ

295 5470 451 5543 μετὰ
486 5469 724 5531 πίστεως
757 5467 1061 5537 ἁπτόμενος
1082 5506 1096 5530 ,
1125 5465 1548 5536 τρισμακάριος.
1581 5464 1900 5535 Προπέμῲω

379 5587 402 5616 ³
431 5581 650 5638 Coloss.
679 5599 741 5645 ιι,
773 5583 860 5636 l6.

376 5697 456 5738 (tl
513 5697 604 5763 Ἐξ
633 5696 827 5762 ἐνάγκ.
867 5694 1043 5748 Ditt'sl.
1071 5695 1153 5746 ob.

382 5775 462 5837 (:n
513 5767 660 5820 Hum‘
691 5785 785 5836 pro
827 5765 1281 5837 mortuu._Siuiili
1343 5765 1453 5837 lere
1493 5767 1904 5837 prosnpopmia.

306 5833 399 5898 ac
439 5839 633 5895 similia
690 5833 1000 5908 loquentem
1063 5833 1359 5906 Joscpluuu
1415 5835 1618 5890 inducit
1672 5836 1904 5906 linzpha-

1999 4645 2227 4713 sanguis
2258 4643 2522 4714 mysticus
2555 4653 2618 4692 ac
2645 4653 2786 4706 aqua
2824 4629 3254 4703 regenerationis
3275 4671 3289 4695 ,
3323 4642 3423 4683 ceu
3452 4624 3603 4680 fonte

2003 4745 2320 4792 manarunt.
2364 4734 2646 4803 Sepeliant
2711 4742 2907 4782 manus
2963 4727 3046 4779 hic
3101 4738 3227 4777 eum
3277 4721 3370 4790 qui
3408 4718 3602 4774 mortis

2005 4829 2209 4885 fascias
2260 4838 2343 4882 cst
2395 4826 2700 4880 soluturus.
2745 4817 2896 4872 Iusta
2935 4815 3167 4870 reddant
3203 4823 3516 4882 peccatores
3547 4807 3601 4861 hi

2004 4923 2157 4993 digiti
2200 4921 2248 4976 ei
2279 4961 2295 4985 ,
2349 4921 2442 4988 qui
2477 4915 2748 4987 justitiam
2785 4926 3003 4964 omnem
3041 4915 3297 4976 Operatus
3323 4911 3409 4956 est
3439 4910 3603 4967 atque

2003 5015 2211 5070 docuit.
2262 5011 2504 5082 Tangam
2559 5022 2782 5063 carnem
2843 5007 3188 5057 innocentem
3303 5008 3469 5061 quam
3521 5001 3603 5044 ter

2006 5107 2234 5166 beatus,
2265 5079 2520 5171 quiisquis
2552 5113 2678 5153 cum
2713 5096 2818 5150 fide
2851 5091 3042 5162 tangit.
3067 5089 3218 5141 illum
3246 5085 3510 5138 deducam
3532 5079 3603 5134 ad

2007 5203 2470 5256 monumentum,
2512 5189 2608 5259 qui
2660 5186 2893 5241 mortuis
2935 5187 3228 5251 aperturus
3274 5185 3358 5229 est
3407 5187 3604 5228 monu-

2011 5297 2216 5342 menta.
2273 5284 2510 5340 Inferam
2563 5279 2836 5336 defunctis
2893 5270 3318 5330 resurrectionis
3371 5267 3602 5321 fontem.

2009 5377 2076 5430 Iis
2113 5379 2275 5432 etiam
2317 5376 2409 5447 qui
2439 5373 2749 5428 detinentur
2780 5369 2832 5420 in
2871 5364 3087 5420 inferno
3118 5402 3133 5428 ,
3181 5361 3464 5414 lucernam
3516 5372 3604 5408 rc.-

2005 5472 2366 5527 surrectionis
2394 5467 2704 5524 accendant.
2730 5484 2746 5513 δ

2018 5699 2164 5761 nius,
2186 5719 2197 5726 -
2223 5697 2374 5751 Orat.
2440 5693 2630 5750 eodem
2661 5698 3006 5762 argumento,
3040 5702 3204 5762 quam
3238 5684 3383 5762 edita
3414 5682 3606 5762 multis

2015 5755 2271 5824 vitiosam
2301 5755 3033 5835 repncseulant,'possitque
3053 5755 3140 5815 vix
3165 5774 3270 5816 non
3307 5755 3413 5812 alia
3442 5755 3608 5826 prod-

2016 5839 2094 5896 ire
2119 5855 2183 5898 ex
2213 5833 2379 5909 licgio
2404 5836 2525 5893 cod.
2559 5850 2712 5890 uum.
2733 5833 2857 5891 5L3.
2891 5833 2965 5888 lu.
