4062 6438
535 357 666 423 1851
1525 365 1908 425 GREGORII
1962 363 2308 423 EPISCOPI
2344 367 2818 431 ANTIOCHENI
3632 384 3737 454 1352

528 475 625 530 ἐπὶ
671 473 751 546 τῷ
783 475 1031 547 μνήματι
1079 474 1170 529 τὸν
1207 475 1470 546 μέλλοντα
1502 477 1617 539 τοῖς
1645 478 1878 572 νεκροῖς.
1931 472 2170 538 ἀνοίγειν
2219 471 2291 572 τὰ
2329 479 2576 572 μνημεῖαἶ
2595 497 2609 511 ο
2658 479 2928 572 ἐπαγάγω
2964 481 3076 572 τοῖς
3114 483 3495 553 κατοιχομένοις
3535 492 3620 564 τὴν
3664 502 3742 572 τῆς

529 565 887 631 ἀναστάσεως
913 568 1119 639 πηγήν.
1160 567 1321 637 "Adito
1343 569 1574 632 καὶτοῖς
1601 569 1662 622 ὲν
1699 568 1779 638 τῷ
1815 566 1920 638 ᾄδῃ
1959 561 2352 634 κατεχομένοις
2401 568 2494 624 τὸν
2516 569 2710 642 λύχνον
2737 570 2838 642 τῆς
2866 571 3241 635 ἀναστάσεως.
3273 591 3292 624 ι

607 662 692 717 Ill.
724 660 850 717 Haec
877 663 1097 732 quidem
1122 663 1210 733 pie
1228 661 1466 733 Joseph;
1493 663 1878 734 acquievitque
1900 664 2138 719 elemen-
2169 663 2211 717 Α

2169 663 2215 717 Α
2315 660 2505 716 Ταῦτα
2547 665 2745 736 Ἰωσὴφ
2772 664 2872 736 μὲν
2903 664 3090 734 ἔλεγεν
3119 662 3357 729 εὐσεϐῶς
3389 683 3402 698 ο
3432 668 3532 723 ὁδὲ-
3562 673 3747 734 Πιλᾶτος

534 764 617 808 ter
641 753 854 812 Pilatus
877 770 942 810 ac
966 755 1200 826 benigne
1226 775 1241 810 :
1273 755 1458 812 divina
1489 755 1689 826 quippe
1714 757 1894 812 virtus
1925 755 2129 812 mortui

2233 753 2546 824 ὑπήκουσεν
2589 755 2836 826 εὐμενῶς
2883 773 2896 787 ⁸
2929 757 2963 827 ἡ
3008 755 3118 828 γὰρ
3145 755 3266 809 θεία
3301 755 3509 830 δύναμις
3535 764 3614 818 τοῦ
3641 775 3746 840 παρ’

533 863 697 918 quem
753 848 802 904 is
858 848 1210 919 requirebat,
1252 863 1363 921 qua
1427 847 1602 905 Deum
1658 849 1876 904 ratione
1927 849 2128 912 decet,

2231 845 2400 900 αὑτοῦ
2438 847 2776 918 ζητουμένου
2823 847 3043 920 νεκροῦ,
3089 846 3307 920 ἐνήργει
3361 853 3462 916 τοῖς
3501 856 3751 925 πράττουσι

533 949 735 1009 praesto
777 939 972 995 efﬁcax
1005 938 1227 994 conatui
1259 937 1457 1004 adfuit,
1492 948 1656 1010 atque
1684 939 1849 994 Pilati
1881 941 2127 996 animum

2233 937 2572 1009 θεοπρεπῶς,
2595 940 2691 993 καὶ
2715 939 2814 1010 τὴν
2837 940 2930 994 τοῦ
2959 940 3190 994 Πιλάτου
3212 939 3386 1011 ψυχὴν
3407 943 3527 1012 πρὸς
3548 947 3751 1023 ὑπακοὴν

533 1033 601 1088 ad
633 1032 1090 1103 acquiescendum
1119 1032 1350 1087 mollivit
1377 1043 1542 1103 atque
1573 1031 1782 1088 inﬂexit
1808 1049 1822 1100 ;
1847 1039 2129 1089 actutum-

2232 1033 2615 1102 κατεμάλαττε
2650 1049 2665 1064 ο
2705 1032 2802 1088 καὶ
2843 1032 3194 1104 παραχρῆμα
3247 1033 3277 1085 6
3314 1035 3643 1110 πρεσϐευτὴς,
3680 1047 3758 1098 καὶ

535 1141 643 1194 que
671 1125 764 1194 qui
802 1125 1184 1194 postulaturus
1213 1134 1560 1192 accesserat,
1602 1126 1899 1196 pollinctor
1929 1128 2125 1183 evasit.

2231 1123 2597 1196 ἑνταφιαστὴς
2637 1124 2936 1182 ἐδείκνυτο.
2973 1121 3169 1178 Λαϐὼν
3195 1122 3306 1196 γὰρ
3336 1124 3464 1198 ὅπερ
3490 1129 3650 1197 ἐπόθει
3672 1135 3756 1186 σῶα

535 1221 820 1291 Aceipieus
847 1222 996 1276 enim
1027 1237 1230 1291 corpus
1260 1222 1632 1277 desideratum
1659 1264 1675 1290 ,
1704 1223 2130 1281 exosculabatur

2235 1230 2333 1284 μα,
2381 1213 2664 1283 κατεφίλει
2716 1214 2874 1268 τοῦτο
2929 1211 3289 1283 περιχυθεὶς,
3342 1214 3434 1268 καὶ
3481 1216 3545 1270 τὰ
3600 1220 3761 1277 ἑαυτοῦ

533 1315 584 1368 ei
621 1314 1034 1380 circumfusus;
1079 1331 1291 1385 suaque
1324 1316 1496 1386 ipsius
1526 1317 1666 1372 labia
1702 1319 1966 1376 membris
1999 1335 2128 1375 san-

2232 1304 2388 1375 χείλη
2433 1307 2548 1368 τοῖς
2588 1305 2761 1368 ὁσίοις
2788 1307 3171 1378 προσήρμοττε
3207 1306 3393 1376 μέλεσι
3423 1324 3438 1339 ο
3467 1308 3761 1380 λογιζόμενος

531 1409 640 1464 etis
666 1415 949 1476 eoaptaus,
975 1407 1049 1462 ita
1073 1410 1217 1478 apud
1245 1425 1304 1463 se
1332 1413 1623 1482 reputabat
1647 1413 1734 1467 :Si
1757 1412 1976 1482 quidem
2006 1431 2130 1469 mu-

2231 1395 2353 1449 καθ’
2381 1395 2594 1462 ἑαυτὸν,
2625 1397 2707 1450 ὅτι
2735 1398 2798 1450 Ei
2838 1399 2872 1467 ή
2905 1397 3000 1452 τοῦ
3032 1397 3251 1468 ἱματίου
3280 1398 3442 1452 αὐτοῦ
3459 1399 3588 1471 γυνὴ
3608 1403 3767 1475 αἱμόρ-

532 1500 636 1555 lier
667 1499 842 1556 ﬂuens
861 1502 1148 1572 sanguine,
1186 1502 1276 1556 ubi
1311 1503 1417 1558 (ide
1444 1514 1650 1560 vestem
1683 1507 1806 1576 ejus
1840 1506 2128 1577 tetigisset,

2235 1490 2362 1559 ρους
2388 1485 2650 1560 ἁψαμένη
2683 1489 2911 1554 πιστῶς,
2958 1487 3298 1563 κατεξήρανε
3325 1489 3416 1544 τοῦ
3463 1493 3671 1562 αἵματος
3689 1498 3767 1566 τὴν

532 1596 832 1651 exsiceavit
861 1596 1146 1666 sanguinis
1185 1596 1386 1652 fontem
1416 1599 1466 1665 3;
1502 1610 1731 1670 tangens
1760 1616 1862 1671 ego
1880 1600 2127 1656 divinum

2233 1578 2438 1649 πηγὴν.
2489 1578 2604 1647 ἐγὼ
2640 1579 2809 1632 αὑτοῦ
2857 1579 2950 1632 τοῦ
2998 1580 3143 1634 θείου
3197 1579 3446 1649 σώματος
3489 1581 3773 1651 ἁπτόμενος,

535 1689 711 1758 ipsius
746 1704 948 1758 corpus
973 1730 987 1753 ,
1018 1703 1141 1758 qua:
1175 1704 1280 1744 non
1336 1704 1564 1745 munera
1598 1691 1936 1746 obtinebo?»
1988 1692 2128 1749 Tum

2233 1671 2402 1725 ποίων
2429 1672 2493 1725 οὑ
2519 1671 2785 1742 τεύξομαι
2817 1671 3072 1744 δωρεῶν;
3107 1668 3244 1727 Εἶτα
3276 1672 3470 1726 σινδόνι
3489 1673 3685 1746 καθαρᾷ
3697 1693 3774 1728 πε-

535 1796 670 1835 vero
703 1781 907 1835 munda
950 1780 1181 1836 sindone
1213 1781 1482 1837 mundam
1531 1782 1815 1840 involvens
1859 1787 2128 1856 margari-

2214 1764 2472 1838 ,ριϐαλὼν
2512 1765 2603 1818 τὸν
2652 1765 2891 1836 καθαρὸν
2941 1765 3312 1838 μαργαρίτην,
3358 1767 3415 1818 ὲν
3451 1766 3526 1838 τῷ
3572 1769 3781 1840 μνήματι

547 1879 661 1924 tam
694 1911 707 1935 ,
740 1870 922 1940 posuit
948 1886 1073 1924 eum
1108 1871 1161 1925 in
1193 1883 1554 1928 monumento
1594 1889 1696 1930 suo
1725 1890 1896 1935 novo:
1939 1877 2095 1932 advol
2117 1909 2129 1919 -

2231 1858 2399 1913 αὑτοῦ
2427 1857 2503 1930 τῷ
2529 1859 2702 1932 καινῷ
2731 1859 2920 1914 τοῦτον
2943 1859 3157 1914 τέθεικε
3193 1875 3208 1890 ·
3241 1859 3339 1914 καὶ
3365 1859 3508 1913 λίθον
3549 1860 3783 1917 ἐπιϐαλὼν

535 1978 781 2032 vensque
811 1963 1044 2033 lapidem
1078 1963 1146 2018 ad
1177 1965 1382 2019 ostium
1419 1965 1654 2036 sepulcri
1682 2009 1695 2031 ,
1735 1966 1925 2038 lugens
1949 1984 2130 2024 rever-

2183 1952 2312 2062 ³τῷ
2348 1953 2578 2025 στόματι
2615 1956 2716 2025 τῆς
2750 1955 2946 2026 θήκης,
2991 1953 3133 2026 μετὰ
3175 1952 3430 2025 δακρύων
3462 1953 3746 2026 ὑπέστρεψε
3775 1996 3787 2023 ,

535 2073 634 2116 sus
664 2066 787 2123 est;
831 2056 1028 2111 crebro
1062 2066 1344 2113 revertens
1380 2057 1447 2111 ad
1491 2069 1936 2127 monumentum,
1974 2077 2038 2117 ac
2070 2078 2130 2118 se

2185 2050 2205 2062 '
2239 2051 2420 2105 πυκνά
2463 2053 2601 2124 πρὸς
2664 2054 2758 2107 τὸν
2801 2052 2973 2122 τάφον
3025 2050 3522 2121 ὑποστρεφόμενος,
3577 2051 3664 2108 καὶ
3712 2052 3789 2122 τὴν

536 2155 810 2224 privatum
854 2160 1192 2222 prazcrptore
1235 2151 1450 2220 lugens.
1498 2152 1793 2210 Enimvero
1841 2158 2131 2227 occupavit

2240 2147 2496 2219 στέρησιν
2529 2146 2623 2201 τοῦ
2649 2145 2968 2201 διδασκάλου
3017 2145 3252 2216 θρηνῶν.
3311 2143 3455 2198 Ἀλλ’
3479 2142 3672 2213 ἔφθασε
3718 2144 3794 2214 τὴν

534 2249 849 2320 religiosam
913 2245 1136 2317 Josephi
1199 2247 1625 2304 sollicitudinem
1679 2251 1987 2321 irreligiosa
2035 2251 2102 2307 Ju

2237 2238 2332 2294 τοῦ
2388 2241 2587 2313 Ἰωσὴφ
2636 2239 2918 2294 εὐσέϐειαν
2961 2241 2994 2310 ή
3044 2238 3154 2292 τῶν
3212 2237 3484 2292 Ἰουδαίων
3523 2237 3790 2292 δυσσέϐεια.

532 2345 778 2397 rimorum
821 2341 1096 2410 impietas.
1132 2339 1344 2397 Rursus
1373 2342 1520 2397 enim
1554 2347 1867 2416 congregati
1905 2345 1996 2401 Dei
2030 2349 2131 2402 ho-

2244 2332 2412 2386 Πάλιν
2442 2332 2551 2404 γάρ
2583 2332 2632 2386 oi
2685 2330 2947 2402 θεομάχοι
2984 2329 3474 2401 συναθροισθέντες
3502 2331 3559 2384 ὲν
3587 2333 3649 2401 τῇ
3687 2331 3801 2400 ἡμέ-

532 2451 646 2495 stes
663 2440 714 2492 in
735 2439 823 2493 die
848 2437 1094 2504 Sahbati,
1115 2449 1472 2495 accesserunt
1492 2439 1558 2494 ad
1577 2439 1832 2508 Pilatum,
1851 2441 2127 2499 dicentes:

2241 2443 2311 2497 p;
2332 2424 2427 2480 τοῦ
2460 2424 2767 2490 Σαϐϐάτου,
2806 2425 3109 2495 προσῆλθον
3150 2423 3228 2494 τῷ
3259 2423 3484 2494 Πιλάτῳ
3521 2421 3749 2491 λέγοντες
3783 2440 3791 2452 ·

535 2533 798 2598 Domine,
842 2531 1109 2586 recordati
1149 2549 1366 2597 sumus,
1412 2535 1541 2604 quia
1581 2537 1831 2590 seductor
1875 2537 1966 2590 ille
1991 2537 2129 2591 dixit

2238 2519 2436 2586 Κύριε,
2466 2518 2875 2588 ἐμνήσθημεν.
2905 2517 2996 2571 ὅτι
3018 2520 3050 2572 ὁ
3076 2516 3315 2582 πλάνος
3345 2515 3586 2582 ἐκεῖνος
3610 2516 3690 2570 ἔτι
3718 2515 3809 2577 (ὧν

533 2628 708 2681 adhuc
721 2627 926 2681 vivens:
944 2623 1074 2679 Post
1096 2634 1199 2680 tres
1217 2625 1329 2680 dies
1349 2643 1647 2698 resurgam.
1663 2627 1802 2684 lube
1817 2647 1940 2701 ergo
1953 2641 2132 2685 custo-

2237 2609 2367 2666 εἷπε
2412 2630 2425 2644 ο
2468 2612 2632 2666 Μετὰ
2678 2611 2838 2680 τρεῖς
2877 2611 3104 2680 ἡμέρας
3142 2609 3474 2680 ἐγείρομαι.
3527 2609 3809 2663 Κέλευσον

531 2722 639 2774 diri
659 2718 961 2788 sepulcrum
975 2737 1138 2792 usque
1154 2723 1206 2775 in
1236 2719 1374 2774 diem
1398 2721 1616 2775 tertium
1642 2737 1660 2775 :
1689 2737 1750 2775 ne
1771 2721 1907 2791 forte
1928 2722 2132 2776 uenien-

2237 2701 2352 2761 οὗν
2397 2704 2859 2776 ἀσφαλισθῆναι
2920 2704 3026 2762 τὸν
3088 2703 3284 2772 τάφον
3335 2703 3454 2770 ἕως
3488 2701 3606 2772 τῆς
3643 2703 3816 2792 τρίτης

534 2823 610 2864 tes
639 2811 898 2882 discipuii
918 2815 1032 2884 ejus
1054 2791 1216 2868 nocte
1234 2855 1249 2881 ,
1277 2813 1523 2882 [urentur
1543 2829 1664 2868 eum
1685 2853 1699 2877 ,
1741 2823 1792 2868 et
1820 2813 1999 2869 dicant
2019 2815 2129 2882 ple-

2236 2795 2464 2865 ἠμέρας
2491 2812 2504 2826 ο
2543 2795 2778 2865 μήποτε
2820 2795 3104 2860 ἐλθόντες
3144 2795 3200 2847 οἱ
3228 2792 3502 2862 μαθηταί
3525 2791 3711 2847 αὐτοῦ
3732 2809 3817 2846 νυ-

532 2900 586 2953 bi
621 2915 639 2953 :
681 2883 990 2958 Surrexita
1021 2905 1248 2957 mortuis
1288 2919 1307 2956 :
1359 2914 1409 2958 et
1459 2906 1561 2957 erit
1618 2905 1932 2959 novissimus
1980 2921 2130 2960 error

2236 2889 2412 2955 κτὸς,
2444 2890 2761 2957 κλέψωσιν
2793 2887 3001 2952 αὑτὸν,
3037 2885 3137 2940 καὶ
3177 2886 3394 2940 εἴπωσι
3431 2884 3514 2950 τῷ
3547 2883 3674 2949 ..1αῷ
3695 2924 3709 2948 ,
3751 2883 3825 2938 ὅτι

530 2995 682 3063 peior
709 2996 885 3065 priore
912 2997 950 3050 ³.
988 2995 1132 3064 Quid
1163 3007 1220 3050 tu
1248 2995 1350 3062 ais,
1387 2997 1648 3052 seductor
1681 3013 1745 3053 ae
1775 2999 2003 3054 sceleste
2032 2997 2130 3052 Ju—

2249 2982 2487 3051 Ἠγέρθη
2531 2981 2652 3036 ἀπὸ
2681 2979 2800 3034 τῶν
2824 2979 3054 3047 νεκρῶν
3081 2995 3096 3011 ·
3153 2979 3252 3032 καί
3299 2978 3483 3033 ἔσται
3525 2979 3565 3046 ἡ
3619 2976 3823 3046 ἐσχάτη

530 3089 649 3144 dare
672 3089 695 3142 ?
722 3089 860 3145 Num
896 3092 1178 3156 seductor,
1214 3092 1308 3161 qui
1345 3100 1450 3146 ture
1485 3093 1663 3163 gentis
1694 3093 1936 3161 leprosos
1966 3107 2127 3146 sana-

2237 3075 2440 3142 πλάνη
2473 3075 2693 3144 χείρων
2715 3073 2824 3144 τῆς
2848 3072 3105 3143 πρώτης.
3143 3073 3209 3125 Τι
3246 3073 3442 3141 λέγεις
3475 3071 3568 3139 σὺ,
3598 3065 3645 3124 ὣ
3681 3070 3827 3124 πλάνε

530 3182 645 3236 vit?
691 3182 830 3237 Num
871 3185 1163 3249 seductor,
1199 3185 1294 3254 qui
1339 3200 1515 3240 caecos
1553 3186 1892 3242 eontn‘bules
1928 3194 2052 3240 tuos
2097 3201 2128 3240 a

2237 3174 2332 3228 καὶ
2366 3174 2652 3243 παράνομε
2694 3169 3188 3239 ’1ουδαῖε;11λάνος
3213 3164 3285 3241 ἦν
3318 3171 3351 3224 6
3391 3170 3529 3234 τοὺς
3558 3167 3831 3238 ὀμοέθνους

531 3274 830 3341 rongenila
875 3276 955 3330 eis
989 3284 1148 3332 nocte
1183 3277 1471 3332 liberavit?
1513 3275 1653 3332 Num
1685 3278 1943 3333 seductor
1974 3321 1989 3344 ,
2036 3278 2127 3348 qui

2240 3285 2336 3321 σου
2365 3267 2601 3338 λεπροὺς
2632 3267 2964 3338 ίασάμενος;
2993 3266 3201 3329 Πλάνος
3227 3261 3298 3338 ἦν
3325 3268 3356 3320 6
3383 3266 3518 3330 τοὺς
3551 3263 3837 3336 ὁμοφύλους

532 3363 796 3419 obsessos
829 3381 858 3420 a
897 3366 1240 3423 daemonibus
1281 3382 1311 3422 a
1343 3365 1683 3423 damoniaco
1729 3366 1916 3423 furore
1949 3367 2133 3422 absol-

2240 3376 2336 3415 σου
2370 3361 2604 3430 τυφλοὺς
2648 3360 2965 3428 ἀπαλλάξας
3000 3362 3100 3431 τῆς
3147 3360 3632 3430 συγγεννηθείσης
3675 3360 3837 3420 αὐτοῖς

533 3452 658 3505 sit?
694 3451 836 3507 Num
866 3453 1126 3508 seductor
1151 3497 1164 3520 ,
1208 3456 1302 3525 qui
1346 3455 1400 3508 in
1443 3455 1665 3510 deserto
1702 3471 1950 3511 mensam
1992 3456 2137 3513 ultro

2238 3455 2435 3518 νυκτός
2458 3474 2472 3522 ;
2493 3455 2702 3518 Πλάνος
2730 3451 2796 3526 ἦν
2835 3457 2864 3508 6
2887 3455 3014 3518 τοὺς
3036 3453 3456 3524 δαιμονιῶντας
3485 3450 3842 3524 ἐλευθερώσας

535 3546 864 3598 instructam
901 3545 1200 3614 apposuit?
1241 3543 1382 3599 Num
1416 3545 1708 3612 seductor,
1740 3548 1834 3618 qui
1867 3546 2136 3603 Lazarum

2241 3548 2337 3618 τῆς
2379 3546 2488 3601 τῶν
2530 3545 2801 3617 δαιμόνων
2847 3543 3083 3614 μανίαςς
3123 3543 3335 3607 Πλάνος
3387 3539 3466 3612 ἦν
3515 3545 3546 3597 6
3590 3542 3732 3598 κατά
3768 3542 3845 3594 τὸν

541 3637 839 3693 accersivit
863 3654 892 3692 e
923 3639 1180 3708 sepulcro
1201 3679 1216 3702 ,
1243 3649 1655 3710 mortuumque,
1678 3641 1826 3696 velut
1848 3641 2135 3710 dormiret,

2247 3639 2444 3713 ἔρημον
2476 3639 2747 3711 παραθείς
2773 3655 2855 3692 σοι
2885 3635 3166 3709 τράπεζαν
3189 3637 3576 3710 ἀγεώργητον
3603 3655 3619 3700 ;
3659 3633 3851 3694 me»;

537 3730 708 3784 verbo
735 3728 1136 3802 expergefeeit?
1164 3729 1377 3802 Ergone
1421 3731 1521 3786 fuit
1551 3731 1811 3789 Christus
1842 3735 2139 3790 seductor?

2247 3731 2307 3806 ἦν
2353 3735 2382 3787 6
2422 3734 2515 3788 τὸν
2560 3733 2812 3806 Λάζαρον
2849 3734 2914 3787 ὲκ
2939 3730 3110 3802 τάφου
3167 3731 3726 3803 μεταπεμψάμενος,
3771 3730 3851 3782 καὶ

536 3820 738 3892 Ecquis
787 3836 920 3876 vero
964 3821 1108 3876 alius
1140 3822 1350 3877 verax?
1380 3822 1508 3877 Fuit
1545 3823 1804 3879 seductor
1833 3825 2135 3882 Christus?

2252 3827 2333 3882 τὸν
2390 3826 2583 3897 νεκρὸν
2637 3826 2714 3891 ὡς
2760 3823 3033 3880 ὑπνοῦντα
3079 3823 3436 3895 aevomisera;
3490 3825 3577 3895 τῷ
3630 3825 3856 3896 phus-ti;

539 3913 680 3982 Quid
716 3929 849 3984 ergo
888 3911 1088 3969 metuis
1113 3912 1259 3983 quod
1291 3915 1668 3984 pretiuntiavit
1694 3916 1986 3972 seductor?
2010 3917 2136 3973 Fuit

2255 3918 2451 3982 Πλάνος
2477 3912 2547 3988 ἦν
2578 3914 2608 3970 6
2634 3916 2869 3988 Χριστός
2894 3933 2910 3984 ;
2941 3917 3053 3968 Καὶ
3080 3916 3164 3978 τίς
3193 3914 3399 3986 ἕτερος
3433 3914 3660 3985 ἀληθής
3686 3930 3700 3978 ;
3736 3912 3859 3965 Πλά-

538 4007 840 4064 seductor?
870 4003 1013 4074 Quid
1041 4021 1172 4078 ergo
1201 4008 1404 4063 mortui
1440 4024 1624 4065 vocem
1660 4011 1863 4066 times?
1897 4008 2132 4069 Prorsus

2262 4029 2329 4075 νος
2381 4006 2451 4081 ἦν
2480 4011 2508 4064 6
2550 4009 2818 4081 Χριστόςς
2853 4009 2918 4062 Τί
2943 4003 3035 4062 οὖν
3087 4006 3340 4070 δέδοικας
3381 4006 3549 4077 ἅπερ
3588 4006 3621 4059 6
3679 4004 3866 4065 πλάνος

539 4102 745 4172 aliquid
782 4101 850 4156 de
868 4101 1273 4156 resurrectione
1297 4102 1434 4157 dixit
1453 4143 1465 4165 ,
1502 4102 1631 4158 dum
1672 4104 1854 4159 adhuc
1881 4106 2131 4161 viveret?

2271 4102 2540 4174 φθέγξατο
2565 4121 2585 4170 ;·
2619 4101 2824 4164 Ιιλάνος
2844 4097 2912 4173 ἦν
2939 4118 2953 4170 ;
2987 4100 3052 4154 Τί
3084 4095 3179 4154 οὖν
3219 4099 3372 4172 φοϐῇ
3410 4099 3520 4155 τοῦ
3544 4097 3754 4170 νεκροῦ
3782 4097 3867 4166 τὴν

539 4195 778 4252 Prorsus
816 4193 977 4248 fidem
1014 4194 1182 4250 habes
1217 4194 1288 4250 iis
1327 4213 1451 4265 quae
1491 4198 1780 4262 praedixit?
1817 4197 1957 4266 Quid
1997 4215 2130 4267 ergo

2268 4197 2456 4267 ιωνήνς
2507 4194 2687 4256 Ὅλως
2732 4189 2856 4247 εἷπέ
2909 4209 2964 4245 τι
3023 4191 3155 4263 περὶ
3205 4191 3308 4262 τῆς
3368 4189 3759 4251 ἀναστάσεως
3803 4185 3872 4240 ῑτι

539 4287 740 4340 frustra
772 4300 872 4355 pro
909 4294 1104 4340 eventu
1137 4284 1437 4354 afﬂigeris?
1477 4286 1532 4341 Si
1564 4287 1784 4356 quidem
1827 4288 1994 4359 igitur
2025 4304 2132 4344 non

2269 4289 2387 4355 Τῶνς
2418 4288 2597 4354 Ὅλως
2646 4288 2921 4351 πιστεύεις
2963 4285 3125 4341 αὑτοῦ
3175 4289 3298 4350 ταῖς
3374 4287 3787 4359 προρρήσεως
3817 4281 3873 4332 τί

541 4379 907 4434 resurrexerit
962 4388 1214 4434 mortuus
1273 4378 1360 4433 hic
1419 4379 1486 4434 de
1535 4395 1646 4448 quo
1709 4396 1768 4435 es
1823 4381 2131 4447 sollicitus,

2277 4376 2333 4435 ὗν
2382 4381 2503 4452 είκῆ
2536 4379 2902 4451 ταλαιπωρεῖς
2936 4377 3075 4451 πρὸς
3113 4378 3212 4450 τὴν
3245 4377 3508 4434 ἔκϐασιν
3541 4396 3561 4445 ;
3617 4376 3756 4431 Ἒὰν
3796 4368 3881 4428 οὖν

539 4471 734 4540 utique
781 4471 1037 4527 seductor
1074 4481 1196 4537 est,
1244 4470 1398 4542 juxta
1441 4470 1590 4542 quod
1649 4472 1766 4542 ipse
1813 4471 2132 4542 blaspheme

2279 4474 2320 4545 ,ὴ
2349 4475 2557 4543 ἀναστῇ
2598 4467 2754 4536 οὗτος
2797 4473 2825 4526 6
2868 4470 3060 4542 νεκρὸς
3087 4471 3117 4522 6
3149 4469 3302 4543 παρὰ
3347 4469 3464 4524 σοῦ
3519 4466 3883 4542 μεριμνὼμε·

539 4560 642 4614 uis.
2165 4568 2212 4627 υ
2237 4583 2347 4631 νος,
2382 4565 2584 4628 πλάνος
2606 4564 2774 4631 ἐστὶν,
2799 4563 2876 4627 ὡς
2913 4563 2977 4617 σὺ
3003 4562 3382 4635 βλασφημεῖς.

609 4650 699 4706 IV.
724 4651 864 4717 Quid
885 4668 1015 4722 ergo
1038 4653 1244 4708 Pilatus
1264 4656 1332 4708 ad
1355 4656 1490 4710 eos?
1513 4675 1531 4706 ί
1548 4654 1768 4710 Habetis
1792 4657 2128 4722 custodiam;

2307 4663 2380 4713 A'.
2423 4659 2488 4714 Τί
2521 4652 2613 4712 οὗν
2642 4657 2778 4726 πρὸς
2805 4656 3003 4719 αὐτοὺς
3033 4657 3062 4709 6
3090 4655 3326 4719 Πιλάτος
3358 4674 3376 4721 ;
3417 4675 3441 4708 ι
3482 4658 3723 4726 Ἔχετε
3755 4671 3888 4708 κου-

538 4757 629 4815 ιιε,
664 4747 928 4802 custodite
959 4748 1096 4802 sicut
1129 4748 1281 4803 scitis
1301 4750 1343 4804 ⁸.
1379 4747 1437 4804 Si
1463 4750 1681 4820 quidem
1707 4751 1797 4808 Dei
1825 4752 2036 4809 hostem
2068 4771 2132 4810 ac

2291 4749 2520 4815 τωδίαν,
2555 4747 2834 4818 ὑπάγετε,
2861 4746 3294 4815 ἀσφαλίσασθε
3365 4747 3468 4813 ὡς
3521 4747 3775 4804 οἴδατε.
3833 4745 3895 4799 Ei

538 4841 856 4907 scelestum,
886 4857 1047 4911 quem
1077 4843 1385 4913 appellatis,
1413 4860 1588 4914 usque
1619 4843 1757 4900 adeo
1782 4846 2053 4913 horretis;
2083 4851 2129 4903 si

2290 4861 2326 4897 ιν
2355 4844 2602 4899 ἀντίθεον
2627 4843 2724 4896 καὶ
2751 4841 3092 4914 παράνομον,
3139 4840 3200 4894 ὃν
3251 4841 3442 4911 ὑμεῖς
3478 4841 3651 4898 οὕτω
3685 4845 3894 4897 ἀποκα-

536 4933 758 5003 quidem
787 4933 1029 4989 viventes
1054 4934 1179 5004 ipsi,
1212 4937 1348 4991 adeo
1379 4947 1659 4994 mortuum
1691 4939 1922 5006 timetis,
1967 4941 2131 4996 habe-

2295 4940 2398 5001 ἴτε,
2428 4934 2684 4990 τοσοῦτον
2711 4934 3016 5004 πεφρίκατε
3037 4950 3050 4963 ·
3107 4935 3156 4986 εἰ
3196 4933 3289 4986 τὸν
3326 4935 3567 5006 νεκρὸν
3600 4936 3662 4990 οἱ
3700 4931 3899 5000 ζῶντες

537 5031 608 5084 tis
645 5028 952 5084 custodiam
979 5045 993 5095 ;
1033 5027 1243 5084 habetis
1274 5029 1474 5087 milites
1507 5050 1519 5086 :
1553 5031 1706 5086 multi
1737 5033 1908 5088 aciem
1932 5035 2128 5090 adver-

2294 5049 2377 5086 ιτω
2409 5029 2706 5095 δεδοίκατε,
2751 5027 2904 5100 ἔχετε
2944 5027 3280 5082 κουστωδίαν
3307 5041 3326 5056 ⁸
3385 5027 3578 5099 ἔχετε
3623 5026 3898 5100 στρατιώ-

537 5139 634 5179 sus
673 5137 844 5177 unum
902 5121 1192 5186 instruite;
1245 5123 1521 5178 custodite
1571 5126 1911 5181 tremendum
1969 5127 2129 5184 vobis

2308 5142 2335 5188 ς
2355 5141 2368 5155 ο
2408 5122 2777 5195 στρατεύσατε
2804 5120 2948 5180 κατὰ
2978 5118 3074 5175 τοῦ
3101 5119 3220 5182 ἐνὸς
3247 5120 3297 5172 οἱ
3333 5119 3570 5175 πολλοί
3596 5139 3613 5153 ·
3666 5117 3908 5191 ἀσφαλί-

537 5224 818 5268 mortuum
853 5213 998 5269 sicut
1030 5215 1204 5270 scitis.
1236 5212 1418 5269 Vultis
1452 5215 1745 5285 obsignare
1771 5219 2128 5287 sepulcrum?

2313 5217 2404 5270 σθε
2454 5215 2546 5268 τὸν
2588 5213 2820 5286 φοϐερὸν
2853 5214 2984 5285 ὑμῖν
3021 5211 3238 5282 νεκρὸν,
3280 5211 3376 5277 ὡς
3431 5213 3676 5267 οἴδατε.
3715 5213 3913 5266 Θέλετε

536 5308 845 5378 obsignate.
879 5306 1053 5362 Vultis
1090 5307 1436 5363 circumdare
1492 5308 1703 5364 catenis
1743 5308 1974 5365 ferreis?
2016 5311 2127 5366 cir-

2316 5309 2539 5382 ραγίσαι
2572 5308 2664 5361 τὸν
2690 5308 2898 5375 τάφονς
2936 5307 3298 5376 σφραγίσατε.
3350 5305 3604 5361 Θέλετε
3657 5305 3920 5377 σιδηραῖς

537 5401 814 5456 cumdate.
872 5399 950 5456 Ne
988 5401 1054 5456 ad
1086 5411 1394 5456 extremum
1443 5401 1697 5458 dixeritis
1731 5420 1745 5457 :
1780 5403 1837 5458 Si
1871 5405 2033 5460 nobis
2065 5405 2129 5459 Ii-

2315 5399 2831 5473 Ξσεσιπεριϐαλεῖν;
2871 5399 3218 5471 περιϐάλετε.
3256 5397 3370 5468 Μὴ
3433 5399 3677 5468 εἴπητε
3726 5398 3919 5452 τελευ-

537 5492 1021 5562 cuissetprresidio
1049 5502 1233 5550 tenere
1267 5493 1580 5564 sepulcrum
1607 5510 1670 5551 ac
1692 5496 1992 5564 custodire,
2021 5514 2129 5555 non

2323 5500 2406 5559 ον,
2426 5495 2487 5550 Εἰ
2507 5491 2970 5564 συνεχωρήθημεν
2990 5490 3300 5562 φρουρῆσαι
3327 5487 3449 5543 τὸν
3465 5489 3710 5558 τάφον,
3734 5487 3850 5544 οὑκ
3865 5485 3927 5542 ἂν

457 5629 459 5634 .
540 5587 922 5655 amisissemus
963 5597 1266 5643 mortuum.
1313 5587 1417 5654 Ite,
1461 5591 1742 5656 custodite,
1788 5592 1924 5645 sicut
1958 5594 2056 5646 scit

2323 5591 2582 5661 ολὲσαμεν
2605 5587 2695 5642 τὸν
2717 5584 2928 5654 νεκρόν.
2947 5581 3254 5654 Ὑπάγετε,
3275 5581 3814 5653 ἀσφαλίσασθε
3851 5585 3927 5641 ὡς

612 5767 633 5800 ³
661 5766 852 5821 Matth.
890 5785 965 5834 Ix,
1008 5769 1099 5830 ‘20.
1140 5769 1228 5821 Ἢ.
1310 5768 1326 5799 ³
1361 5769 1549 5825 Matth.
1609 5787 1778 5839 xxv",
1827 5774 1916 5838 65,
1943 5773 2030 5828 (ει.
2111 5776 2128 5804 ⁵
2167 5773 2298 5830 ibid.
2336 5774 2423 5827 63.

612 5865 691 5928 (6)
731 5863 922 5922 Τοῦτο.
967 5866 1156 5924 Scribe
1184 5866 1380 5939 τούτῳ.
