4062 6420
284 367 424 433 1853

1143 366 1431 430 ORATIO
1452 368 1535 428 IN
1564 368 1961 432 MULIERES
1990 367 2665 432 UNGUENTIFEBAS.

3413 369 3551 434 1854

279 481 503 538 οῑδατε.
520 477 648 532 Ἐἀν
663 474 802 549 ὀφθῇ
816 475 1023 548 Πέτρος
1056 476 1195 541 ἐκεῖ,
1218 479 1333 541 τοῖς
1348 476 1534 542 ὅπλοις
1551 477 1715 532 αὑτὸν
1760 477 1872 530 δια-

1985 474 2040 531 Si
2073 478 2295 548 quidem
2328 478 2440 535 illic
2464 479 2618 535 visus
2647 478 2721 535 sit
2745 477 2959 545 Petrus,
2980 493 3179 535 manus
3206 479 3261 534 in
3291 495 3417 535 cum
3444 498 3559 536 vw-

278 568 764 646 χειρίσασθε.Ἐάν
793 566 1171 640 παραγένηταί
1201 585 1285 633 τις
1305 569 1414 623 τῶν
1427 569 1520 622 τοῦ
1556 567 1877 641 Ναζαραίου

285 662 568 738 μαθητῶν,
584 659 918 724 ἀναστάντες
929 659 1092 722 εὐθὺς
1112 660 1493 714 ἀποκτείνατε.
1525 661 1648 714 Ἑπι
1656 677 1722 730 με
1731 659 1877 713 ίνατε

280 755 683 830 γρηγοροῦντες
699 754 793 808 καὶ
805 751 1166 822 φυλάττοντες
1180 752 1447 823 ἀκριϐῶς,
1461 752 1547 806 ἵνα
1565 752 1752 824 μηδεὶς
1767 750 1880 805 τῶν

282 850 544 903 ὑπόπτων
588 844 894 914 ὑποκλέψαι
932 841 1026 897 τδν
1066 841 1334 914 ὑμέτερον
1367 841 1561 915 ἐχθρὸν
1594 842 1819 914 δυνηθῇ.
1850 858 1871 893 ι

278 939 558 1001 Τοιούτοις
584 933 677 992 οῦν
711 936 891 1006 λόγοις
927 951 988 988 τε
1004 934 1100 987 καί⁵
1146 934 1334 998 ὅπλοις
1382 935 1479 988 καὶ
1515 933 1878 1007 στρατιώταις

282 1029 703 1101 ἐφοδιασθέντες
747 1030 797 1082 οἱ
826 1027 922 1081 τοῦ
970 1025 1226 1097 Σωτῆρος
1264 1025 1474 1098 ἐχθροὶ,
1504 1024 1643 1097 μετά
1673 1023 1877 1095 πολλῆς

282 1119 596 1192 προθυμίας
609 1137 669 1174 τε
693 1120 788 1174 καὶ
815 1118 1012 1190 μανίας
1035 1118 1128 1172 τὸν
1145 1118 1315 1187 τάφον
1332 1117 1648 1171 κατέλαϐον·
1673 1117 1769 1171 καὶ
1796 1131 1876 1169 σι·-

276 1221 307 1273 δ
321 1215 454 1286 ηρᾶς
471 1212 776 1283 σφραγίδας
810 1210 1087 1275 ἐπιθέντες
1102 1209 1181 1280 τῷ
1199 1211 1305 1281 μνή
1316 1226 1467 1280 ματι,
1488 1208 1875 1281 παρεκάθηντο

281 1307 776 1378 φυλάττοντες,ἓως
785 1305 813 1355 6
825 1320 900 1357 πα
910 1305 956 1374 ρ’
965 1304 1148 1365 αὐτοῖς
1158 1302 1563 1373 φυλαττόμενος
1573 1301 1874 1374 ἠϐουλήθη.

357 1400 434 1452 Ε’.
485 1398 576 1451 Ἐν
597 1396 770 1466 τούτῳ
794 1395 849 1448 δὲ
872 1394 949 1466 τῷ
973 1393 1171 1465 καιρῷ,
1195 1393 1452 1465 δευτέρας
1477 1392 1872 1462 ἐπιγενομένης

282 1490 521 1563 ἡμέρας,
568 1491 596 1543 6
646 1487 874 1551 θάνατος
919 1486 1061 1540 κατά
1107 1485 1206 1558 τὴν
1259 1486 1485 1556 πρώτην
1529 1484 1764 1559 ἡμέραν,
1811 1485 1870 1537 ἐν

282 1579 463 1652 ἐαυτῷ
500 1579 563 1633 τὸ
617 1578 841 1650 θήραμα
885 1576 1250 1647 περιέστρεψε
1277 1593 1291 1606 ο
1345 1577 1440 1630 καὶ
1484 1575 1644 1628 τοῦτο
1688 1577 1868 1646 μαση-

284 1671 487 1726 σασθαι
509 1670 620 1732 τοῖς
653 1667 832 1722 ὀδοῦσι
861 1667 963 1738 τῆς
985 1666 1282 1739 διαφθορᾶς
1304 1666 1499 1731 θέλων,
1524 1666 1625 1720 οὐκ
1655 1666 1863 1737 ἴσχυσε.

281 1764 398 1821 Καὶ
430 1763 593 1818 πάλιν
624 1763 765 1817 κατά
802 1762 898 1833 τὴν
930 1761 1188 1834 δευτέραν
1213 1761 1415 1832 ὁμοίως
1451 1760 1865 1830 ἀπογεύσασθαι

283 1857 630 1929 βουλόμενος,
654 1856 753 1910 οὐκ
772 1855 1003 1927 ἠδύνατο
1059 1855 1285 1924 Ἦπόρει
1307 1854 1488 1907 τοίνυν
1507 1852 1630 1907 καθ’
1652 1852 1863 1918 ἐαυτὸν,

280 1947 535 2019 καὶπρὸς
553 1947 766 2010 ἐαυτὸν,
783 1947 859 2011 ὡς
878 1946 1045 2011 εἰκὸς,
1063 1945 1304 2009 τοιοῦτος
1324 1940 1392 2016 ἦν
1405 1942 1865 2014 διαλογιζόμενος⁶

287 2038 419 2102 «Ti;
432 2039 578 2091 ἐστιν
590 2029 745 2101 οὗτος
760 2038 789 2091 6
810 2038 1238 2109 ἀκαταμάχητος
1259 2036 1354 2090 καὶ
1370 2034 1519 2101 ξένος
1530 2033 1751 2106 νεκρός;
1769 2032 1868 2097 Τίς

276 2126 434 2182 ιστιν
449 2128 479 2181 6
495 2129 636 2182 κατὰ
648 2126 813 2199 νόμον
835 2127 1050 2200 νεκρὸς,
1074 2127 1172 2181 καὶ
1191 2124 1333 2196 ὑπὲρ
1352 2125 1516 2195 νόμον
1537 2124 1870 2196 φυλαττόμε-

280 2237 375 2284 νος
397 2217 673 2291 άφθαρτος
693 2236 709 2286 ;
732 2218 867 2283 Θεὸς
882 2219 985 2273 οὐκ
1007 2218 1180 2272 ἐστιν’
1211 2218 1271 2271 οὐ
1294 2216 1404 2289 γάρ
1422 2215 1695 2271 ἀπέθανεν
1724 2214 1869 2271 ἀσώ-

282 2327 461 2385 ματος
488 2309 588 2365 ῶν.
623 2311 891 2380 Ἀγγελος
912 2311 1014 2365 οὐκ
1037 2309 1184 2365 ἐστιν
1205 2326 1220 2342 ο
1254 2307 1602 2381 ἀνθρωπείαν
1624 2308 1734 2380 γὰρ
1756 2307 1870 2379 ἔχει

284 2404 527 2475 μορφήν.
565 2403 653 2467 Ὠς
688 2402 864 2473 Ἀδὰμ
891 2400 1177 2455 ὑπόκειταί
1213 2417 1323 2472 μοι,
1348 2400 1444 2453 καὶ
1465 2399 1543 2463 ὡς
1576 2399 1749 2471 Ἀδάμ
1771 2400 1871 2471 οὐχ

280 2494 571 2549 ὑπόκειται
612 2496 679 2566 τῇ
721 2492 918 2565 φθορᾷ.
954 2492 1042 2558 Ὠς
1068 2493 1352 2564 ἄνθρωπος
1392 2491 1653 2562 ὑπέμεινε
1684 2491 1872 2545 τελευ-

278 2584 408 2657 τὴν,
435 2584 627 2638 παθεῖν
651 2586 724 2649 ὡς
752 2584 947 2657 θνητὸν
978 2576 1079 2638 οῦκ
1110 2583 1386 2655 ἀνέχεται.
1422 2581 1486 2636 'H
1538 2580 1675 2654 σὰρξ
1706 2581 1871 2637 αὐτοῦ

282 2676 556 2747 κρείττων
598 2675 835 2748 ὑπάρχει
873 2675 1191 2747 διαφθορᾶς.
1225 2673 1416 2739 Οὐδεὶς
1446 2673 1556 2729 τῶν
1581 2672 1642 2741 ἐξ
1674 2672 1873 2739 αἰῶνος

282 2769 382 2822 ὑπ’
407 2768 543 2840 ἐμοῦ
575 2767 1006 2839 βασιλευθέντων
1040 2768 1273 2841 νεκρῶν,
1301 2768 1543 2823 τοιοῦτον
1586 2767 1747 2840 σῶμα
1783 2784 1875 2822 κε-

1980 568 2155 626 lentas
2200 570 2430 639 injicitc.
2475 570 2530 625 Si
2562 572 2687 642 quis
2726 571 3019 627 accesserit
3055 587 3085 625 e
3128 571 3411 641 discipulis
3450 570 3561 625 Na-

1980 663 2160 729 zaraﬁ,
2195 663 2378 718 statim
2408 670 2758 733 exsurgentes
2787 677 2913 718 eum
2945 661 3194 717 occidite.
3230 663 3554 718 Permanete

1979 753 2172 825 vigiles
2216 769 2281 809 ac
2320 753 2606 824 diligenter
2661 753 3050 817 custodientes,
3105 760 3163 805 ut
3196 768 3262 809 ne
3281 754 3407 822 quis
3451 768 3560 808 non

1980 845 2117 903 ﬁdus
2145 845 2350 899 hostem
2370 857 2610 900 vestrum
2635 845 2886 901 suﬂ‘urari
2918 846 3113 918 possit.
3142 865 3161 898 ι
3198 843 3423 902 Talibus
3453 847 3560 902 ita-

1986 951 2095 1006 que
2153 937 2335 992 rcrbis
2379 937 2582 1006 pariter
2623 938 2906 1008 armisque
2948 954 3011 993 ac
3057 938 3320 992 militibus
3356 937 3559 994 Christi

1980 1025 2280 1081 Salvatoris
2312 1026 2496 1082 hostes
2530 1026 2803 1092 instructi,
2841 1029 3011 1083 multa
3039 1028 3321 1083 alacritate
3347 1026 3563 1083 furore-

1976 1134 2084 1188 que
2116 1118 2181 1172 nd
2219 1120 2531 1188 sepulcrum
2579 1130 2843 1175 venerunt
2873 1138 2886 1174 :
2917 1135 3153 1190 cumque
3182 1119 3561 1181 adhibuissent

1976 1210 2256 1281 signacula
2292 1208 2489 1276 ferrea,
2523 1210 2847 1265 assederunt
2876 1212 3270 1276 custodientes,
3307 1212 3557 1282 quandin

1979 1301 2026 1355 is
2065 1318 2228 1371 quem
2266 1302 2341 1356 illi
2366 1302 2770 1367 custodiebant,
2809 1302 3000 1357 voluit.

2053 1390 2120 1446 ν.
2147 1390 2357 1446 Interea
2394 1407 2523 1445 vero
2554 1406 2677 1445 cum
2716 1392 2833 1446 dies
2867 1392 3033 1447 altera
3061 1393 3380 1457 advenisset,
3410 1409 3558 1451 mors

1975 1482 2028 1537 in
2062 1482 2263 1552 seipsa,
2305 1482 2452 1537 velut
2478 1482 2652 1552 prima
2675 1482 2763 1537 die
2790 1483 3256 1539 circumversabat
3285 1485 3556 1554 praedam;

1971 1577 2271 1647 volensque
2304 1577 2672 1646 corruptionis
2702 1576 2962 1633 dentibus
2990 1593 3111 1633 eam
3142 1580 3421 1645 mandere,
3453 1579 3560 1633 mi-

1971 1670 2117 1722 nime
2168 1667 2470 1723 valuitzac
2502 1684 2696 1723 rursus
2729 1670 3001 1733 similiter,
3050 1669 3200 1723 velut
3250 1670 3418 1725 altera
3469 1670 3561 1726 die

1969 1760 2155 1816 volens
2183 1759 2494 1831 degustare,
2526 1777 2632 1815 non
2659 1762 2854 1831 potuit.
2880 1763 3095 1832 Anceps
3123 1762 3304 1832 itaque
3335 1762 3556 1817 consilii

1973 1851 2113 1920 apud
2149 1865 2209 1905 se
2237 1850 2498 1919 hauebat,
2553 1866 2615 1905 ac
2659 1867 2845 1906 secum
2878 1853 3017 1922 ipsa,
3057 1862 3115 1906 ut
3155 1852 3324 1911 videri
3357 1861 3557 1924 potest,

1974 1944 2102 1999 talia
2128 1943 2422 2013 cogitabat.
2461 1961 2479 1994 ι
2504 1942 2639 2010 Quis
2667 1944 2769 1999 iste
2785 1952 2869 1999 cst
2898 1943 3338 2014 inexpugnabilis
3363 1958 3427 1999 ac
3458 1958 3560 1997 no-

1973 2049 2076 2088 vus
2108 2033 2401 2089 mortuus?
2425 2032 2581 2100 Quis,
2614 2033 2859 2101 inquam,
2890 2034 2982 2104 qui
3021 2034 3177 2103 juxta
3211 2034 3381 2102 legem
3408 2049 3563 2088 mor-

1977 2133 2103 2180 tuus
2139 2125 2229 2187 sit,
2262 2138 2326 2180 ac
2344 2140 2509 2194 supra
2535 2124 2705 2195 legem
2730 2135 2979 2180 servetur
3007 2125 3398 2195 incorruptus?
3430 2122 3544 2187 Pla,

1974 2229 2069 2279 ne,
2111 2229 2219 2269 non
2274 2222 2359 2269 est
2391 2213 2581 2270 Deus:
2633 2229 2741 2268 non
2790 2214 2935 2269 enim
2984 2224 3238 2270 mortuus
3282 2223 3427 2269 esset
3466 2214 3559 2285 qui

1976 2316 2123 2366 esset
2162 2308 2535 2379 incorporeus.
2560 2305 2745 2377 Neque
2785 2307 2912 2362 item
2947 2316 3031 2365 est
3067 2309 3331 2380 angelus;
3361 2308 3562 2379 quippe

1988 2399 2286 2455 humanam
2343 2398 2577 2454 formam
2631 2408 2717 2455 est
2756 2398 3000 2456 indutus.
3042 2400 3170 2455 Mihi
3211 2402 3358 2456 velut
3387 2400 3558 2456 Adam

1990 2490 2271 2561 subjectus
2296 2497 2397 2556 est,
2432 2492 2616 2560 ‘neque
2639 2498 2697 2544 ιιι
2724 2488 2897 2545 Adam
2928 2492 3263 2562 corruptioni
3284 2493 3550 2562 subjacet.

1978 2582 2206 2639 Mortem
2239 2582 2513 2638 sustinuit
2537 2592 2797 2653 tanquam
2827 2583 3011 2649 homo,
3037 2598 3139 2638 nec
3161 2580 3298 2638 aﬂici
3334 2582 3568 2638 sustinet

1988 2683 2250 2745 tanquam
2296 2673 2567 2730 mortalis.
2611 2672 2744 2744 Ejus
2782 2689 2934 2740 caro,
2981 2674 3334 2744 corruptione
3374 2673 3567 2729 fortior

1978 2776 2083 2823 est.
2113 2764 2309 2823 Nullus
2344 2776 2684 2822 mortuorum
2712 2781 2854 2838 quos
2885 2782 2915 2822 a
2950 2765 3152 2822 saeculo
3181 2765 3346 2822 habui
3374 2767 3561 2837 subje-

282 2860 580 2934 κτημένος,
624 2862 964 2933 παρεγένετο
1009 2861 1146 2932 πρός
1199 2879 1287 2934 με.
1321 2857 1471 2934 ’Δρα
1516 2862 1590 2933 μὴ
1621 2862 1780 2915 τοῦτο
1811 2861 1872 2915 τὸ

1981 2870 2124 2928 ctos,
2148 2861 2244 2917 tali
2281 2861 2348 2916 ad
2394 2876 2483 2918 me
2528 2861 2958 2934 venircorpore.
3006 2861 3145 2917 Nunt
3179 2876 3381 2932 corpus
3411 2859 3566 2927 illud,

280 2950 465 3022 σῶμα
490 2950 719 3024 φόρημα
761 2953 882 3005 ἐστι
924 2953 1022 3006 τοῦ
1053 2951 1189 3006 Θεοῦ
1213 2992 1230 3019 ,
1280 2952 1375 3007 καὶ
1408 2952 1500 3006 διὰ
1544 2952 1704 3007 τοῦτο
1731 2952 1872 3007 κατά

1982 2952 2075 3010 Dei
2104 2960 2191 3011 est
2219 2963 2643 3025 gestamentum,
2672 2969 2849 3025 eoque
2871 2954 2943 3011 ita
2980 2953 3244 3013 adversus
3280 2968 3345 3010 os
3382 2969 3567 3011 meum

281 3043 383 3103 τοῦ
406 3042 543 3116 ἐμοῦ
571 3044 840 3116 στόματος
875 3043 1049 3108 οὕτως
1080 3044 1425 3116 intimarat;
1455 3042 1603 3118 ’Ἄρα
1636 3045 1708 3117 μὴ
1731 3045 1870 3117 αῦτη

1980 3046 2272 3101 obduruit?
2305 3044 2447 3100 Num
2506 3043 2600 3101 Dei
2634 3043 2795 3102 Verbi
2836 3046 2940 3102 hoc
2985 3045 3399 3101 tabernaculum
3444 3044 3572 3100 est?

284 3135 439 3188 ἐστὶν
465 3136 502 3207 ἡ
526 3133 622 3189 τοῦ
651 3134 786 3189 Θεοῦ
816 3136 996 3205 Λόγου
1026 3138 1199 3208 σκηνή
1222 3154 1238 3204 ;
1270 3131 1423 3209 τΑρα
1454 3137 1529 3208 μὴ
1554 3132 1706 3200 οὗτος
1727 3138 1872 3190 ἐστιν

1980 3135 2122 3192 Num
2153 3136 2258 3192 hoc
2286 3138 2408 3206 ejus
2438 3145 2524 3193 est
2553 3137 2840 3215 templum,
2872 3136 2967 3206 qui
2998 3136 3139 3192 dixit
3184 3136 3255 3192 ad
3298 3135 3519 3192 Iudaeos
3553 3158 3566 3192 :

282 3228 317 3281 ὁ
341 3226 470 3291 ναδς
501 3224 597 3281 τοῦ
628 3227 872 3292 εἰπόντος
918 3227 1055 3299 πρὸς
1090 3229 1219 3292 τοὺς
1266 3227 1585 3292 Ἰουδαίουςο
1632 3228 1871 3285 Λύσατε

1982 3226 2186 3283 Solvite
2216 3228 2465 3298 templum
2493 3228 2611 3293 hoc,
2644 3238 2695 3284 et
2722 3229 2779 3283 in
2802 3229 2970 3285 tribus
2996 3227 3182 3284 diebus
3222 3227 3470 3284 excitabo
3502 3226 3575 3280 il-

285 3319 399 3374 τὸν
436 3319 589 3373 ναὸν
625 3318 871 3385 τοῦτον,
914 3320 1012 3375 καὶ
1056 3321 1126 3375 ἐν
1160 3319 1356 3388 τρισίν
1391 3320 1642 3390 ἡμέραις
1685 3318 1872 3389 ἐγερῶ

1980 3321 2066 3377 iud
2097 3321 2157 3376 ‘?
2187 3318 2447 3392 Nunquid
2473 3320 2586 3386 hic,
2620 3321 2884 3381 immunis
2927 3336 2956 3376 a
2984 3321 3361 3391 corruptione,
3387 3320 3459 3376 ad
3479 3335 3569 3375 re-

282 3412 475 3466 αὑτόν
495 3427 516 3476 ;
547 3405 694 3483 τΔρα
728 3413 803 3483 μὴ
842 3413 978 3484 πρὸς
1019 3413 1319 3468 ἀνάστασιν
1355 3412 1680 3485 ἀδιάφθορος
1716 3408 1869 3479 οὗτος

1980 3412 2381 3471 surrectionem
2404 3412 2692 3468 servaturi
2710 3410 2967 3480 Nunquid
2982 3425 3159 3466 novus
3181 3411 3270 3466 hic
3294 3417 3566 3465 mortuus.

284 3501 654 3571 φυλάττει-αις
690 3500 841 3576 Ἀρα
870 3506 945 3576 μὴ
978 3504 1326 3570 κατάσκοπός
1359 3506 1476 3560 ἐστι
1501 3504 1611 3560 τῶν
1640 3505 1872 3576 νεκρῶν,

1980 3513 2324 3560 mortuorum
2342 3505 2663 3573 explorator
2683 3504 2874 3559 venit?
2905 3502 3047 3561 Num
3070 3517 3204 3560 vero
3220 3502 3409 3567 etiam,
3431 3516 3575 3573 quos

284 3597 315 3649 6
346 3595 651 3667 παράδοξος
677 3587 835 3661 οὗτος
863 3597 1086 3670 νεκρός;
1116 3591 1265 3669 *Δρα
1296 3594 1373 3667 μὴ
1408 3596 1505 3650 καὶ
1536 3597 1664 3661 τοὺς
1704 3595 1872 3649 πάλαι

1980 3595 2109 3651 olim
2137 3594 2397 3666 deglutivi
2425 3609 2696 3663 mortuos,
2727 3609 2915 3650 secum
2937 3608 3230 3651 assumens
3246 3593 3581 3650 reducturus

285 3688 421 3759 παρ’
463 3688 600 3759 ἐμοῦ
646 3687 1058 3752 καταποθέντας
1103 3689 1334 3762 νεκροὺς
1371 3687 1552 3751 λαϐὼν
1599 3687 1871 3759 ἐντεῦθεν,

1980 3687 2098 3743 est?
2121 3685 2379 3759 Nunquid
2409 3686 2555 3744 sicut
2581 3684 2750 3743 Jonas
2779 3686 2931 3741 nullo
2954 3686 3152 3743 salutis
3173 3684 3494 3741 discrimine
3515 3684 3570 3738 in

284 3775 474 3844 ἀνάξει
501 3776 599 3830 σὺν
635 3775 820 3847 αὐτῷ;
852 3771 1002 3847 ’Λρα
1038 3776 1119 3851 μὴ
1167 3776 1425 3851 καθάπερ
1475 3777 1768 3842 Ἰωνᾶςέν
1805 3780 1872 3853 τῇ

1980 3787 2167 3836 ventre
2190 3779 2299 3835 ceti
2321 3790 2571 3835 moratus
2595 3787 2700 3838 est.
2733 3777 2806 3832 ita
2828 3788 2883 3833 et
2902 3777 2994 3833 hic
3016 3777 3159 3847 apud
3186 3792 3273 3831 me
3299 3785 3567 3838 moratur,

286 3866 471 3938 κοιλίᾳ.
497 3865 594 3919 τοῦ
624 3867 827 3937 κήτους
861 3864 1163 3934 ἀκινδύνως
1183 3856 1592 3939 ἐπολιτεύσατο,
1615 3866 1872 3924 οὕτωκαὶ

1980 3885 2041 3927 ac
2068 3870 2211 3926 diem
2238 3870 2459 3925 tertium
2480 3869 2911 3927 resurrectionis
2952 3876 3233 3939 exspectat
3263 3868 3312 3932 ’ς
3343 3876 3405 3922 ιιι
3432 3875 3565 3922 tunc

285 3950 442 4021 οὗτος
481 3957 610 4039 παρ’
643 3957 771 4029 ἐμοὶ
792 3956 1082 4029 διατρίϐει,
1115 3957 1213 4014 καὶ
1241 3954 1529 4031 περιμένει
1555 3957 1657 4030 τὴν
1681 3957 1872 4033 τρίτην

1980 3960 2193 4031 primus
2213 3961 2332 4032 ipse
2362 3975 2681 4030 resurgens,
2711 3960 2835 4016 aliis
2854 3974 3075 4030 quoque
3110 3960 3344 4015 mortuis
3367 3957 3573 4028 quibus

286 4048 526 4120 ἡμέραν,
555 4047 646 4105 ἵνα
668 4048 790 4103 τότε
823 4047 1040 4120 πρῶτος
1066 4047 1329 4119 ἀναστὰς,
1365 4047 1621 4121 ὑποδείξῃ
1642 4047 1738 4103 καὶ
1760 4051 1872 4115 τοῖς

1980 4059 2254 4122 emergant
2281 4060 2465 4121 portas
2497 4050 2779 4107 ostendat?
2812 4069 2831 4103 ι
2858 4048 2935 4105 Ita
2973 4064 3140 4117 mors,
3191 4049 3353 4107 rebus
3377 4049 3573 4120 loque-

288 4139 472 4205 ἄλλοις
516 4141 733 4212 νεκροῖς
779 4139 877 4205 τάς
926 4138 1130 4206 πύλας;
1176 4157 1195 4193 ι
1248 4140 1374 4206 Τοῖς
1418 4140 1766 4213 πράγμασιν,
1802 4142 1869 4195 οὐ

290 4231 403 4293 τοῖς
432 4231 676 4303 ῥήμασιν
701 4229 924 4304 [οὕτως]
959 4229 1189 4296 θάνατος
1217 4230 1620 4302 ἀπεφθέγγετο.

362 4326 452 4392 (τ’.
496 4322 756 4395 [Τούτων
782 4321 882 4395 δὲ]
935 4322 1110 4387 οὔτως
1151 4323 1567 4397 γεγενημένων,
1616 4324 1713 4379 καὶ
1763 4324 1872 4379 τῶν

301 4414 571 4469 Ἰουδαίων
615 4414 726 4468 τῶν
770 4413 1028 4484 φυλάκων
1074 4415 1553 4488 παρακαθημένων
1600 4416 1679 4490 τῷ
1731 4418 1868 4488 μνή-

1974 4142 2156 4212 batur,
2182 4156 2295 4206 non
2318 4141 2518 4199 verbis.

2045 4320 2135 4379 Vl.
2151 4321 2248 4379 His
2260 4336 2429 4393 porro
2450 4322 2723 4395 itagestis,
2745 4338 2810 4380 ac
2829 4321 3033 4379 ludatis
3050 4337 3158 4378 una
3180 4337 3306 4378 cum
3327 4324 3569 4380 custodia

1970 4416 2075 4475 bus
2103 4415 2475 4474 assidentibus
2509 4425 2885 4485 monumento,
2934 4413 3064 4471 Sero
3092 4413 3471 4483 Sabbatorttm,
3492 4431 3560 4471 ea

289 4526 447 4580 ματι,
490 4507 631 4577 Ὀψὲ
675 4509 992 4562 Σαόὄάτων
1025 4508 1134 4579 (7),
1185 4506 1260 4577 τῇ
1303 4508 1742 4578 ἐπιφωσκούσῃ
1790 4510 1872 4575 εὶς

1983 4506 2069 4565 die
2093 4524 2211 4578 qua
2236 4506 2449 4563 lucescit
2472 4509 2527 4565 in
2569 4508 2801 4578 primam
2838 4507 3197 4564 Sabbatortnn
3221 4549 3236 4573 ,
3274 4521 3400 4563 cum
3440 4507 3562 4578 jam

287 4602 435 4669 War
458 4600 796 4667 Σαϐϐάτων,
834 4600 1136 4673 μελλούσης
1158 4600 1627 4673 ἐπιλαμϐάνεσθαι
1663 4603 1876 4673 Κυρια-

287 4693 422 4764 κῆς,
449 4688 602 4765 ἦλθε
633 4694 831 4763 Μαρία
861 4693 901 4762 ἠ
930 4692 1325 4765 Μαγδαληνὴ,
1361 4693 1461 4748 καί
1492 4694 1530 4763 ἠ
1561 4693 1719 4761 ἄλλη
1747 4696 1875 4749 Μαι

283 4786 390 4854 pia
418 4782 714 4853 θεωρῆσαι
754 4783 863 4838 τὸν
889 4782 1102 4855 τάφον.
1134 4785 1200 4837 Ὢ
1228 4782 1394 4851 ξένων
1424 4784 1519 4839 καὶ
1553 4783 1876 4855 παραδόξων

290 4874 588 4943 θαυμάτων
607 4875 620 4928 ι
646 4874 853 4943 Πέτρος
879 4877 907 4929 6
928 4875 1146 4948 πρῶτος
1167 4875 1470 4948 στρατηγὸς
1494 4874 1589 4929 τοῦ
1612 4874 1872 4947 Χριστοῦ,

290 4965 553 5038 φοϐηθεὶς
604 4964 851 5035 γλῶτταν
907 4965 1221 5036 παιδίσκης,
1252 4967 1528 5038 ἠρνήσατο
1570 4964 1750 5029 ζῶντα
1782 4966 1875 5019 τὸν

290 5055 491 5114 ἐαυτοῦ
540 5056 851 5128 Δεσπότην,
894 5057 990 5110 καὶ
1037 5058 1295 5126 γυναῖκες
1342 5055 1734 5112 ἀσθενέσταται
1780 5058 1878 5111 καὶ

288 5149 485 5216 δειλαὶ,
527 5145 647 5220 μετ’
685 5149 856 5220 αὐτῆς
881 5148 958 5219 (8)
1003 5148 1370 5220 παρεγένοντο
1402 5149 1635 5222 τιμῆσαι
1665 5150 1757 5203 τδν
1793 5150 1873 5204 0Z-

288 5244 440 5298 κεῖον
486 5239 826 5295 διδάσκαλον.
874 5233 1100 5297 Ἦλθον
1148 5239 1452 5309 θεωρῆσαι
1494 5239 1604 5296 τὸν
1660 5239 1871 5310 τάφον.

288 5332 520 5388 Οὐδέπω
569 5331 682 5405 γὰρ
726 5329 971 5402 ἀκριϐῶς
1013 5330 1304 5387 ἐπίστευον
1340 5331 1418 5403 (9)
1469 5331 1547 5405 τῷ
1590 5330 1735 5404 λόγῳ
1774 5331 1881 5402 τῆς

367 5512 390 5544 ⁸
418 5509 583 5567 Joan.
606 5527 670 5578 ιι,
717 5510 805 5567 19.

354 5629 439 5701 ’(7)
488 5628 617 5701 Sero
694 5628 1072 5701 sabbatorum,
1158 5629 1262 5701 (ιψέ
1323 5629 1636 5685 Σαϐϐάτων.
1710 5628 1873 5685 Velut

286 5699 466 5773 tarde,
495 5700 744 5773 ac_longe
758 5700 873 5773 jam
910 5708 1192 5757 transacto
1208 5699 1491 5758 'Sabbato:
1526 5710 1585 5757 ut
1606 5701 1717 5772 jam
1737 5701 1870 5757 satis

291 5772 348 5828 in
370 5768 530 5825 Joan.
561 5767 887 5827 Thessalum

368 5839 447 5905 (8)
484 5839 621 5897 Μετ’
642 5840 835 5912 αὐτῆς.
872 5839 1034 5901 Forte
1079 5841 1231 5900 dccst
1268 5841 1501 5914 ἡμέρας.
1545 5842 1622 5898 lt.

1981 4597 2265 4656 Dominica
2325 4600 2445 4659 dies
2482 4610 2773 4671 exceptura
2796 4598 2960 4656 esset
2985 4640 3001 4666 ,
3058 4610 3200 4654 υεηιι
3234 4597 3417 4655 Maria
3452 4598 3574 4654 Ha-

1983 4690 2222 4760 gdalene,
2278 4699 2329 4745 et
2373 4690 2544 4747 altera
2575 4690 2755 4745 Maria
2792 4692 2968 4746 videre
3006 4704 3301 4758 seputcrum
3329 4691 3371 4745 '.
3403 4689 3448 4747 Ο
3485 4707 3576 4746 res

1983 4797 2153 4838 novas
2183 4797 2247 4843 ac
2280 4782 2587 4839 mirabiles!
2623 4780 2842 4837 Primus
2878 4782 3083 4837 Christi
3116 4780 3318 4837 ducum
3354 4781 3572 4846 Petrus,

1985 4876 2195 4932 ancillae
2244 4876 2452 4932 veritus
2496 4875 2760 4949 linguam,
2817 4876 3088 4937 viventem
3135 4873 3350 4945 negavit
3383 4872 3570 4927 Domi—

1984 4985 2153 5037 num;
2192 4969 2666 5040 imbecillimazque
2708 4984 2773 5024 ac
2824 4968 3032 5023 timida:
3072 4968 3351 5031 mulieres,
3395 4965 3571 5035 prima

1981 5061 2166 5119 statim
2186 5061 2306 5116 luce
2335 5058 2646 5127 adfuerunt,
2666 5058 2984 5131 Magistrum
3006 5073 3169 5113 suum
3199 5058 3568 5114 honoratum.

1989 5151 2272 5209 Venerunt
2290 5152 2832 5223 videre/sepulcrum.
2865 5149 3120 5206 Nondum
3163 5148 3308 5205 enim
3346 5160 3573 5202 accurata

1979 5250 2034 5299 te
2063 5243 2357 5301 credebant
2391 5241 2635 5300 sermoni
2662 5242 3101 5299 resurrectionis.
3167 5239 3444 5296 Venerunt
3483 5237 3569 5293 vi-

1979 5334 2109 5391 dere
2138 5335 2473 5406 sepulcrum,
2501 5345 2580 5399 ut,
2615 5334 2732 5390 viso
2754 5342 3130 5396 monumento,
3165 5331 3402 5401 aliquam
3435 5341 3571 5383 ιιιως

882 5511 904 5540 ⁷
938 5507 1130 5565 Matth.
1173 5508 1407 5578 meo;
1445 5508 1578 5565 Luc.
1631 5524 1712 5576 xu,
1766 5509 1856 5566 50.
1933 5509 2172 5567 'Matth.
2222 5525 2421 5576 xxvnt,
2452 5525 2489 5566 ι.
2780 5467 2814 5542 ἢ

2050 5631 2129 5701 (9)
2172 5629 2427 5685 Nondum
2463 5637 2712 5686 accurate
2756 5623 3058 5701 εζιᾱςραηε.
3098 5624 3318 5681 Primus
3371 5625 3472 5701 istc
3495 5625 3565 5682 ad

1979 5694 2397 5757 monumentum
2449 5713 2708 5756 accessus
2748 5696 2816 5751 ad
2845 5694 3167 5767 ridendum,
3205 5696 3564 5767 quemadmo-

1979 5772 2112 5827 dum
2150 5771 2313 5826 habet
2360 5768 2669 5837 Matthznus,
2692 5783 2767 5837 ex,
2791 5764 2906 5837 sola
2938 5763 3255 5837 devotione.
3291 5765 3438 5837 nulla
3477 5781 3563 5820 tn-

1981 5840 2242 5900 tidclitatc
2279 5841 2458 5914 potuit
2482 5855 2607 5899 esse
2633 5834 2772 5911 {sed
2800 5834 2984 5908 aliqua
3005 5836 3073 5894 ad
3107 5851 3382 5897 sumntum
3407 5835 3560 5910 iguu~
