4062 6426
575 401 594 465 1
606 406 711 468 855

1571 406 1952 467 GREGORII
2008 406 2346 466 EPISCOPI
2408 406 2880 468 ANTIUCIIENI

3688 412 3795 480 ιθέῐιὸ

572 517 714 573 roris
775 515 1209 573 consolationem
1280 522 1599 583 captarent.
1674 512 1824 567 Solet
1885 513 2152 582 siquidem

2279 515 2630 579 ὶναστάσεως.
2674 509 2908 571 ’Ἦλθον
2949 514 3243 586 θεωρῆσαι
3288 518 3391 572 τὸν
3436 519 3645 591 τάφον,
3683 526 3801 585 ὥστε

569 618 801 664 ιιιαιδιοε
832 607 1050 662 animos
1101 604 1286 667 solari,
1340 614 1695 673 conspectum
1741 604 2053 674 sepulcrum
2100 618 2166 660 ac

568 708 879 770 provocatae
931 698 1210 766 lacrymm.
1257 694 1539 751 Venerunt
1590 693 1772 750 videre
1828 694 2163 765 sepulcrum;

569 807 635 846 ac
672 789 1002 844 accedebant
1034 788 1253 856 quidem
1286 793 1555 857 quantum
1590 785 1902 856 cupiebant,
1927 785 2021 841 sed
2055 800 2166 840 non

578 882 865 936 audebant
924 889 1146 950 propter
1202 888 1408 932 metum
1456 876 1797 933 Judmorum.
1844 876 2165 933 Clanculum

569 990 700 1030 vero
733 972 1014 1029 sull‘uratae
1066 972 1398 1042 ingressum,
1454 978 1737 1042 unguenta
1774 970 2030 1041 sepulcro
2068 985 2165 1027 as-

576 1067 898 1138 pergebant,
936 1079 1269 1133 rursumque
1316 1063 1498 1118 furtim
1546 1063 1910 1129 recedebant;
1942 1078 2007 1117 ac
2031 1063 2103 1117 ita
2135 1079 2165 1118 a

575 1158 736 1229 longe
764 1164 995 1221 stantes,
1027 1155 1331 1229 oculosque
1362 1156 1619 1228 lacrymis
1657 1156 1848 1225 plenos
1883 1154 1936 1209 in
1985 1156 2167 1226 sepul-

568 1266 727 1306 crum
760 1250 1124 1315 intendentes,
1166 1248 1461 1320 gemitibus
1506 1249 1609 1304 sibi
1643 1258 1697 1303 et
1746 1247 2046 1304 ululatibus
2084 1249 2167 1303 vi-

568 1345 846 1398 debantur
870 1343 1053 1398 fovere
1082 1342 1391 1397 Dominum.
1415 1340 1760 1411 Quandoque
1780 1342 1943 1396 etiam
1975 1341 2168 1397 adver-

572 1452 672 1492 sus
701 1435 921 1491 Judaros
946 1436 1272 1503 clamantes,
1301 1451 1435 1489 voce
1466 1434 1739 1490 submissa
1768 1434 1911 1504 apud
1937 1448 1998 1488 se
2028 1449 2167 1503 que-

571 1530 718 1587 relas
755 1533 1067 1593 movebant,
1112 1542 1278 1601 atque
1325 1532 1488 1586 verba
1543 1530 1838 1601 ejusmodi,
1879 1539 1940 1586 ut
1994 1530 2166 1585 videri

579 1632 783 1692 potem.
815 1622 1068 1678 dicebant
1099 1642 1112 1678 :
1152 1642 1172 1675 ι
1208 1622 1494 1688 Quomodo
1540 1621 1669 1675 talia
1700 1622 1968 1676 adversus
2003 1620 2165 1674 talem

575 1708 871 1765 Dominum
906 1721 1125 1781 patrare
1148 1724 1567 1780 praesumpsere,
1597 1707 1685 1763 cui
1735 1707 1871 1761 nihil
1915 1707 2167 1762 crit'ninis

572 1800 726 1871 juste
760 1802 1000 1872 ohjicere
1046 1803 1313 1872 possent?
1346 1802 1448 1869 Qui
1491 1816 1601 1855 non
1648 1801 1984 1856 horruerunt
2039 1818 2164 1858 eum

580 1891 800 1962 alligare
832 1891 1005 1958 cruci,
1040 1908 1201 1963 quem
1232 1893 1315 1948 sol
1346 1892 1483 1962 fugit
1502 1892 1653 1948 cruci
1681 1892 1903 1948 allixum
1937 1893 2170 1948 videns?
2201 1868 2243 1927 Β

576 1982 680 2050 Qui
736 1998 842 2039 non
887 1985 1191 2041 timuerunt
1234 2001 1357 2039 eum
1401 1987 1563 2039 morti
1618 1986 1852 2052 tradere,
1893 1987 1988 2056 qui
2035 1986 2173 2041 nihil

573 2075 797 2146 dignum
841 2087 1017 2132 morte
1052 2075 1309 2132 fecisset?
1335 2076 1623 2144 Quomodo
1653 2093 1752 2132 nec
1783 2086 1907 2147 post
1938 2086 2170 2133 mortem

574 2167 760 2224 satiati
795 2177 925 2223 sunt
975 2168 1029 2222 in
1060 2183 1184 2223 eum
1221 2168 1503 2233 deservire,
1550 2168 1639 2223 cui
1687 2166 1890 2223 fruSIra
1927 2168 2169 2224 insidiati

574 2259 797 2315 essent?
832 2260 981 2327 Esto,
1006 2260 1138 2315 dum
1173 2262 1401 2327 viveret,
1435 2271 1588 2317 tanto
1630 2261 1686 2317 in
1715 2277 1841 2317 eum
1872 2261 2061 2317 furore
2079 2263 2175 2317 de-

575 2346 827 2402 bacchati
865 2357 1031 2414 sunt;
1056 2347 1184 2418 quid
1210 2349 1373 2403 etiam
1404 2358 1525 2419 post
1550 2358 1783 2404 mortem
1814 2359 2172 2405 monumento

580 2439 846 2505 assident,
877 2456 978 2495 nec
1004 2440 1195 2496 sinunt
1220 2442 1446 2511 propius
1467 2440 1748 2497 beneficiis
1773 2441 1995 2498 allectos
2013 2457 2171 2498 acce-

577 2531 731 2597 dere,
756 2546 819 2586 ae
849 2530 1081 2587 liberius
1104 2531 1413 2603 sepulcrum
1450 2532 1720 2599 adorare;
1745 2541 1910 2603 atque
1940 2541 2000 2588 ut
2020 2532 2172 2603 quis-

575 2639 685 2694 que
713 2639 810 2693 pro
837 2637 900 2678 ea
944 2640 1110 2695 quam
1154 2626 1359 2695 accepit
1388 2625 1584 2695 gratia,
1628 2625 1900 2681 modicam
1930 2625 2169 2696 aliquam

578 2717 636 2771 in
677 2716 937 2789 lacrymis
969 2719 1138 2774 vicem
1174 2718 1473 2773 retribuat?
1505 2737 1524 2770 ι

2270 606 2456 661 λαϐεῖν
2491 608 2846 681 παραμυθίαν
2893 607 3021 661 τινὰ
3073 608 3172 678 τῆς
3221 608 3452 679 ἀθυμίας
3494 613 3556 683 τῇ
3602 614 3690 685 θές,
3725 620 3801 674 τοῦ

2273 702 2576 773 μνήματος.
2613 697 2735 755 Οἶδε
2775 701 2884 771 γὰρ
2917 701 3097 772 ψυχὰς
3130 702 3464 773 ὀδυνωμένας
3507 710 3804 778 παραμυθεῐ.

2273 794 2399 849 σθαι
2442 794 2612 865 τάφος
2675 794 3145 865 ὑποφαινόμενος,
3181 795 3275 849 καὶ
3316 794 3544 867 δάκρυον
3579 799 3807 856 ἐκκαλούι

2274 905 2456 959 μενον.
2476 883 2703 944 Ἦλθον
2723 885 3022 956 θεωρῆσαι
3048 886 3154 940 τὸν
3174 886 3384 956 τάφον,
3408 887 3499 942 καὶ
3522 889 3807 962 ἐπλησίαζον

2273 980 2371 1051 μὲν
2399 981 2523 1034 ὅσον
2551 978 2784 1033 ἐπόθουν
2802 996 2816 1009 ·
2848 978 2951 1033 οὐκ
2982 977 3228 1048 ἐτόλμων
3250 978 3307 1032 δὲ
3337 978 3423 1033 διὰ
3445 979 3531 1034 τὸν
3553 981 3700 1049 φόϐον
3723 984 3808 1041 τῶν

2282 1072 2578 1128 Ἰουδαίων.
2609 1071 3079 1126 ’Υποκλέπτουσαι
3101 1065 3196 1123 οὖν
3219 1068 3490 1141 λαθραίως
3508 1070 3600 1140 τήν
3619 1072 3808 1139 εἴσοδον,

2270 1164 2612 1219 ἐπέσπαττον
2640 1162 2719 1234 τῷ
2767 1163 2924 1235 τάφῳ
2977 1159 3157 1235 μύρα,
3210 1160 3303 1215 καὶ
3356 1160 3515 1215 πάλιν
3542 1162 3812 1233 ἀνεχώρουν

2268 1256 2656 1322 λανθάνουσαι,
2711 1255 2807 1309 καὶ
2856 1252 3141 1326 πόρρωθεν
3191 1251 3365 1315 οὕτως
3411 1252 3700 1321 ἱστάμεναι,
3736 1258 3812 1309 καὶ

2267 1330 2395 1412 τοὺς
2441 1347 2757 1417 ὀφθαλμοὺς
2797 1344 3236 1416 δεδακρυμένους
3285 1344 3367 1405 εἰς
3407 1342 3498 1395 τὸν
3543 1343 3698 1413 τάφον
3737 1345 3813 1398 ἑκ-

2268 1435 2568 1500 τείνουσαι,
2602 1436 2715 1498 τοῖς
2748 1435 3075 1502 στεναγμοῖς
3117 1433 3212 1485 καὶ
3258 1434 3368 1495 τοῖς
3396 1432 3635 1500 ὀδυρμοῖς
3665 1434 3812 1505 ἐνόμι-

2270 1524 2360 1590 ζον
2404 1523 2729 1596 θεραπεύειν
2773 1523 2865 1579 τὸν
2892 1523 3120 1594 Κύριον.
3168 1521 3277 1583 Καί
3309 1538 3413 1574 που
3451 1520 3670 1575 καὶτῶν
3705 1523 3815 1576 Ίονο

2268 1618 2432 1672 δαίων
2478 1617 2754 1672 κατεϐόων
2798 1616 3044 1689 ἠρεμαίᾳ
3088 1617 3240 1685 φωνῇ
3291 1615 3430 1685 πρὸς
3481 1613 3698 1684 ἀλλήλας
3737 1616 3817 1679 τὰς

2271 1711 2607 1784 κατηγορίας
2635 1709 2981 1781 ποιούμεναι,
3026 1707 3204 1763 τοιάδε
3236 1708 3538 1777 φάσκουσαι
3574 1707 3643 1772 ῶς
3669 1709 3812 1772 εἰκός·

2278 1827 2295 1859 ι
2324 1805 2447 1870 Πῶς
2472 1804 2780 1876 ἐτόλμησαν
2827 1802 2973 1858 κατὰ
3017 1801 3263 1856 τοιούτου
3297 1800 3567 1854 Δεσπότου
3606 1800 3817 1859 τοιαῦτα.

2275 1897 2441 1969 μηδὲν
2495 1895 2646 1967 αὺτῷ
2693 1896 2901 1949 δίκαιον
2954 1893 3172 1966 ἔχοντες
3220 1890 3518 1962 ὲγκαλεῖν;
3582 1890 3695 1955 Πῶς
3739 1893 3819 1944 οὐκ

2274 1987 2501 2058 ἔφριξαν
2530 1986 2747 2059 σταυρῷ
2775 1985 3147 2059 προσηλῶσαι,
3192 1984 3253 2039 ὃν
3298 1984 3689 2055 σταυρούμενον
3722 1983 3817 2037 ἰδὼν

2273 2085 2301 2137 ὸ
2335 2081 2489 2153 ἥλιος
2524 2081 2725 2152 ἕφυγε;
2771 2079 2895 2144 Πῶς
2923 2081 3025 2133 οὐκ
3054 2077 3404 2152 ἐφοϐήθησαν
3437 2077 3646 2147 θανάτῳ
3673 2094 3818 2147 παρα-

2274 2175 2460 2230 δοῦναι
2504 2175 2598 2229 τὸν
2651 2175 2814 2247 μηδὲν
2860 2172 3011 2247 ἄξιον
3061 2172 3295 2227 θανάτου
3340 2172 3674 2244 ποιήσαντας
3724 2168 3820 2231 Πῶς

2273 2268 2374 2321 οὐκ
2408 2266 2602 2321 ἔλαϐον
2633 2266 2795 2338 κόρον
2826 2267 2927 2336 τῆς
2971 2264 3181 2345 οἰκείας
3270 2265 3526 2337 μότητος,
3553 2261 3665 2316 οὐδὲ
3712 2261 3823 2333 μετὰ

2274 2357 2504 2412 θάνατον
2574 2356 2669 2411 τοῦ
2724 2357 2904 2428 μάτην
2972 2356 3065 2411 ὑπ’
3107 2356 3291 2411 αὐτῶν
3352 2353 3821 2414 ὲπιὸουλευθέντος;

2277 2451 2493 2515 Ἔστω,
2540 2450 2685 2504 κατὰ
2721 2449 2814 2503 τὸν
2851 2448 3043 2520 καιρὸν
3067 2449 3168 2519 τῆς
3209 2448 3380 2519 ζωῆς,
3430 2444 3689 2514 τοσαύτην
3727 2441 3826 2497 κατ’

2273 2538 2439 2593 αὐτοῦ
2471 2538 2674 2610 μανίαν
2703 2538 2988 2609 ἐμάνησαν
3009 2555 3024 2572 ο
3080 2539 3135 2592 τί
3165 2538 3261 2593 καὶ
3311 2537 3452 2610 μετὰ
3488 2534 3729 2606 τελευτὴν
3765 2533 3826 2604 τῷ

2275 2630 2521 2702 μνήματι
2566 2630 3022 2701 προσεδρεύουσι,
3080 2629 3180 2686 καὶ
3226 2629 3359 2694 τοὺς
3412 2626 3829 2703 εὐεργετηθέντας

2275 2721 2546 2777 κωλύουσι
2576 2722 2919 2793 προσελθεῖν,
2953 2724 3049 2778 καὶ
3082 2722 3223 2795 μετὰ
3249 2721 3570 2795 παρρησίας
3616 2737 3826 2791 προσκυ-

577 2812 743 2885 νῆσαι
793 2813 873 2887 τῷ
896 2814 1089 2888 τάφῳ,
1117 2814 1328 2887 καὶτῆς
1360 2814 1445 2884 ἐφ’
1485 2809 1566 2878 οἷς
1589 2812 1781 2868 ἔλαϐον
1821 2813 2073 2886 χάριτος,
2126 2815 2357 2871 ἕκαστον
2415 2817 2709 2873 ἀποδοῦναι
2732 2820 2939 2890 μικράν
2974 2834 3099 2873 τινα
3130 2817 3190 2873 ὲν
3230 2817 3499 2890 δάκρυσιν
3524 2814 3772 2893 epotam;
3813 2832 3827 2865 ι

652 2953 770 3015 VII.
802 2954 943 3011 Cum
969 2956 1050 3014 sic
1083 2956 1344 3012 mulieres
1388 2957 1633 3028 lugerent
1686 2971 1751 3011 ac
1779 2956 2061 3013 Christum
2089 2957 2170 3010 la-

583 3059 966 3103 mentarentur
996 3049 1146 3105 velut
1180 3061 1482 3113 mortuum,
1531 3047 1797 3105 Dominus
1846 3049 1960 3121 ipse
2006 3063 2170 3118 quem

584 3139 790 3196 talibus
835 3149 1303 3212 prosequerentur
1343 3141 1621 3206 lamentis,
1658 3141 1947 3196 custodum
1999 3141 2177 3196 latens

584 3232 798 3298 oculos,
832 3247 899 3288 ac
946 3233 1266 3304 relinquens
1311 3235 1623 3303 sepulcrum
1674 3235 1974 3305 signatum,
2009 3250 2177 3306 seque

2347 2960 2420 3014 Z'.
2463 2959 2653 3024 Οὕτως
2684 2959 3030 3031 ὀδυρομένων
3057 2958 3167 3013 τῶν
3195 2958 3477 3027 γυναικῶν
3514 2956 3607 3011 καὶ
3640 2954 3833 3010 πενθου-

2277 3054 2389 3109 σῶν
2432 3053 2508 3118 ὡς
2553 3054 2750 3126 νεκρὸν
2797 3053 2889 3108 τὸν
2917 3053 3175 3124 Χριστὸν,
3226 3049 3397 3116 αὐτὸς
3441 3050 3471 3104 ὀ
3520 3049 3644 3120 παρ’
3683 3045 3834 3101 αὐτῶν

2279 3146 2647 3218 πενθούμενος
2691 3146 3003 3216 Δεσπότης.
3048 3143 3231 3198 λαθὼν
3278 3144 3394 3198 τῶν
3439 3142 3690 3212 φυλάκων
3732 3140 3837 3201 τοὺς

2277 3239 2614 3311 ὀφθαλμοὺς,
2634 3238 2842 3294 καὶτὸν
2867 3240 3038 3306 τάφον
3065 3236 3511 3308 ὲσφραγισμένον
3536 3229 3839 3292 καταλιπὼν.

585 3322 682 3378 illo
724 3323 1105 3389 substrahens,
1156 3339 1262 3393 qua
1297 3325 1448 3379 novit
1477 3325 1590 3395 ipse
1636 3326 1870 3390 ratione,
1921 3328 2173 3398 angelum

2281 3333 2377 3388 καὶ
2409 3332 2602 3387 τούτου
2631 3328 2999 3402 ὑπεκδραμὼν
3032 3329 3106 3393 ὼς
3135 3326 3244 3383 οἶδε
3283 3328 3451 3399 μόνος
3480 3326 3640 3389 αὐτὸς
3661 3365 3675 3388 ,
3703 3323 3842 3426 άγτε·

586 3414 741 3470 tnisit
767 3414 930 3469 verba
960 3414 1298 3485 ejuscemodi
1332 3416 1398 3469 ad
1425 3431 1550 3471 eum
1583 3415 1773 3472 dicens
1807 3433 1821 3471 :
1856 3435 1876 3468 ι
1921 3414 2071 3473 Vade
2108 3418 2175 3472 ad

2280 3424 2373 3478 λον
2399 3422 2780 3495 μετεστείλατο
2804 3422 2979 3490 λέγων
3006 3420 3142 3493 πρὸς
3170 3420 3334 3474 αὐτόν
3358 3435 3373 3450 ·
3426 3438 3445 3471 ι
3477 3416 3708 3473 Ἀπελθε
3733 3412 3845 3486 πρὸς

587 3505 847 3561 mulieres
873 3506 997 3561 illas
1020 3505 1190 3561 fortes
1219 3515 1384 3575 atque
1427 3507 1643 3569 lldeles;
1678 3507 1742 3562 ad
1775 3508 2053 3575 mulieres,
2092 3509 2178 3564 in-

585 3612 777 3667 quam,
799 3597 1049 3666 lugentes
1082 3613 1277 3669 meque
1300 3600 1479 3653 adhuc
1511 3608 1790 3655 mortuum
1824 3599 2178 3666 arbitrantes,

585 3706 653 3745 ac
680 3690 816 3745 doce
839 3704 955 3758 eas,
991 3690 1192 3747 vicisse
1215 3708 1302 3746 me
1332 3703 1564 3749 mortem
1594 3707 1660 3748 ac
1678 3693 1882 3757 vivere,
1925 3692 2070 3748 sicut
2095 3693 2180 3748 vi-

581 3784 701 3838 des.
734 3781 935 3838 Earum
966 3790 1268 3839 transmuta
1304 3786 1520 3841 animos
1554 3800 1584 3840 a
1624 3784 1888 3840 maestitia
1926 3785 1993 3840 ad
2047 3784 2181 3841 laeti-

582 3878 744 3932 tiam.
769 3875 1035 3931 Transfer
1060 3885 1152 3930 tua
1185 3877 1408 3932 dextera
1430 3892 1592 3948 quem
1613 3876 1912 3932 multorum
1947 3875 2183 3932 dexterae

585 3968 820 4038 lapidem
845 3969 1181 4025 munierunt.
1218 3966 1326 4024 Fac
1360 3969 1610 4023 noverint
1649 3983 1814 4040 quam
1849 3967 2020 4024 multa
2053 3983 2184 4040 pos-

584 4062 655 4115 sit
693 4074 840 4115 unus
878 4074 943 4115 ae
964 4059 1243 4133 legitimus
1290 4060 1470 4124 miles,
1496 4059 1632 4129 justi
1666 4074 1730 4114 ac
1763 4058 1988 4130 legitimi
2023 4059 2185 4130 ltegis

587 4152 855 4209 adversus
883 4153 1201 4225 tyrannicos
1220 4151 1502 4220 improbos
1527 4152 1729 4207 multos
1760 4153 1983 4209 milites.
2017 4148 2187 4208 lnduc

589 4245 852 4302 mulieres
879 4246 935 4300 in
968 4244 1204 4317 sepulcri
1233 4246 1556 4310 thalamum,
1590 4253 1651 4301 ut
1701 4245 1794 4300 ubi
1830 4246 2008 4301 locum
2042 4243 2186 4300 ultro

592 4340 729 4395 mihi
768 4347 1039 4410 suscepta:
1062 4354 1092 4395 a
1122 4350 1300 4395 morte
1334 4338 1632 4410 sepultum
1657 4338 1971 4403 didicerint,
2005 4353 2184 4394 meam

2280 3512 2486 3578 ταύτας
2526 3513 2624 3578 τὰς
2668 3513 2932 3581 γυναῖκας
2962 3511 3062 3576 τὰς
3102 3511 3356 3584 ἀνδρείας
3383 3529 3454 3566 τε
3498 3509 3593 3565 καὶ
3636 3506 3841 3569 πιστάς·

2280 3604 2380 3667 τὰς
2412 3602 2719 3667 πενθούσας
2762 3603 2856 3657 καὶ
2888 3602 3223 3673 νομιζούσας
3264 3602 3346 3656 ἔτι
3380 3620 3457 3672 με
3492 3600 3681 3672 νεκρὸν
3707 3593 3842 3657 εἶναι.

2281 3696 2378 3749 καὶ
2406 3695 2616 3762 δίδαξον
2642 3694 2815 3758 αὑτὰς
2845 3694 2920 3759 ὡς
2943 3696 3208 3766 νενίκηκα
3234 3695 3327 3750 τὸν
3359 3694 3617 3759 θάνατον,
3649 3695 3737 3746 καὶ
3764 3689 3848 3755 ζῶ,

2283 3787 2539 3858 καθάπερ
2564 3788 2717 3858 ὁρᾷς.
2746 3785 3105 3857 Μετάστησον
3132 3785 3301 3849 αὐτὰς
3328 3787 3393 3839 ὲκ
3422 3785 3847 3858 σκυθρωπετητος

2286 3878 2425 3949 πρὸς
2455 3878 2809 3949 φαιδρότητα.
2840 3877 3093 3941 Μετάθες
3122 3879 3187 3949 τῇ
3226 3879 3293 3948 σῇ
3323 3876 3480 3949 δεξιᾷ
3509 3877 3603 3930 τὸν
3627 3874 3778 3932 λίθον.
3802 3870 3849 3924 ὃν

2285 3972 2661 4044 ἠσφαλίσαντο
2708 3973 2819 4027 τῶν
2863 3972 3075 4026 πολλῶν
3119 3972 3175 4025 αἱ
3218 3971 3414 4038 δεξιαί.
3471 3974 3666 4027 Πεῖσον
3709 3968 3852 4027 αὑτὰς

2293 4063 2438 4118 πόσα
2460 4062 2699 4117 δύναται
2740 4060 3083 4133 στρατιώτης
3125 4055 3207 4125 εἷς
3234 4060 3468 4131 ἔννομος
3498 4059 3754 4133 βασιλέως
3780 4059 3851 4109 ὲν-

2286 4155 2478 4225 νόμου,
2500 4151 2645 4208 κατὰ
2673 4151 3021 4226 στρατιωτῶν
3038 4150 3381 4223 τυραννικῶν
3401 4152 3625 4223 ἀνόμων
3648 4147 3852 4204 πολλῶν.

2287 4245 2570 4314 Είσάγαγε
2600 4241 2700 4308 τὰς
2727 4245 2998 4312 γυναῖκας
3032 4243 3113 4306 είς
3140 4244 3232 4295 τὸν
3261 4241 3356 4295 τοῦ
3390 4242 3572 4311 τάφου
3602 4240 3853 4308 θάλαμον·

2289 4340 2378 4395 ἵνα
2404 4336 2825 4410 καταμαθοῦσαι
2848 4336 2942 4392 τὸν
2963 4337 3128 4392 τόπον
3151 4337 3249 4407 τῆς
3276 4336 3533 4392 ἑκουσίου
3561 4353 3660 4408 μου
3680 4331 3858 4405 νεκρῶ-

590 4435 891 4505 potentiam
923 4433 1166 4488 laudent.
1203 4433 1383 4488 Etiam
1427 4433 1694 4489 militibus
1729 4432 1969 4504 sepulcri
2003 4440 2177 4489 custo-

2292 4449 2451 4496 σεως,
2481 4429 2837 4503 άνυμνήσωσί
2867 4446 2971 4499 μου
3003 4429 3103 4501 τὴν
3131 4427 3384 4499 δύναμιν.
3413 4428 3623 4499 Φάνηθι
3653 4426 3742 4480 καὶ
3766 4424 3859 4484 τοίς

588 4525 753 4583 dibus
835 4527 1094 4583 terribilis
1170 4516 1390 4599 appare.
1466 4525 1672 4583 Omnes
1757 4536 2012 4598 aspectus
2106 4525 2177 4580 tui

2289 4523 2383 4579 τοῦ
2420 4524 2705 4595 μνήματος
2744 4520 2944 4590 φύλαξι
2987 4520 3236 4592 φοϐερός.
3273 4519 3643 4592 Κατάπληξον
3676 4517 3859 4577 πάντας

594 4632 807 4676 terrore
832 4630 1095 4690 perterre,
1125 4631 1180 4676 ut
1210 4637 1274 4674 ex
1313 4631 1403 4676 tua
1429 4621 1682 4677 noverint
1716 4619 2055 4687 fortitudine,
2079 4634 2177 4674 non

2291 4618 2371 4689 τῷ
2402 4617 2554 4689 φόόῳ
2589 4632 2685 4669 σου
2722 4617 2823 4686 τῆς
2874 4614 3072 4686 ὅψεως,
3116 4614 3205 4670 ἵνα
3261 4613 3511 4686 μάθωσιν
3549 4615 3615 4667 ὲκ
3658 4613 3750 4680 τῆς
3777 4606 3861 4676 σῆς

593 4732 657 4772 ex
691 4714 1087 4783 imbecillitate,
1132 4718 1226 4774 sed
1263 4717 1574 4783 clementia,
1598 4731 1790 4773 eorum
1836 4728 1926 4770 me
1969 4713 2177 4769 facinus

2296 4709 2500 4781 ἰσχύος,
2536 4706 2613 4771 ῶς
2641 4706 2742 4759 οὐκ
2768 4704 2829 4771 ἐξ
2864 4705 3175 4768 ἀσθενείας.
3211 4706 3326 4760 ἀλλ’
3373 4707 3439 4760 ὲκ
3475 4699 3863 4774 φιλανθρωπίας

594 4808 943 4866 sustinuisse.
983 4809 1062 4865 Tu
1092 4810 1255 4867 simul
1292 4812 1503 4877 incede,
1533 4809 1684 4882 regni
1719 4818 1980 4865 tesseram
2011 4805 2177 4860 ferent

2299 4799 2736 4874 θρασυνομένους
2773 4797 2972 4861 αὐτοὺς
3005 4798 3313 4867 ὑπήνεγκα.
3354 4797 3426 4852 Σὺ
3465 4793 3758 4867 συμεάδιζε
3785 4791 3864 4882 (pl-

596 4904 651 4957 in
680 4917 806 4971 ore;
842 4919 1060 4975 unaque
1088 4919 1189 4975 ego
1221 4918 1401 4960 tecum
1428 4905 1672 4971 veniens,
1715 4902 1915 4960 iterum
1961 4898 2177 4956 movebc

2304 4911 2410 4967 ρων
2441 4890 2535 4948 ἐπὶ
2557 4887 2652 4944 τοῦ
2675 4889 2942 4960 στόματος
2964 4890 3062 4960 τῆς
3086 4888 3367 4960 βασιλείας
3392 4890 3452 4943 τὸ
3474 4889 3726 4961 σύνθημα
3748 4880 3862 4954 (l0)'

597 5102 775 5174 rantia
823 5101 1252 5160 circumstantiae
1309 5104 1500 5174 prima:
1556 5105 1979 5161 resurrectionis
2040 5103 2183 5159 intra

596 5172 740 5228 diem
778 5174 1021 5233 tertium.
1055 5175 1212 5241 cujus
1252 5172 1456 5230 nullam
1497 5175 1758 5230 Dominus
1789 5177 2049 5231 distincte
2080 5175 2183 5228 ho-

595 5256 715 5314 ram
757 5242 1045 5311 signasset.
1079 5245 1303 5301 Videtur
1329 5253 1511 5300 tamen
1538 5246 1837 5314 Gregorius
1888 5248 1957 5301 iis
1996 5245 2182 5301 verbis

599 5312 899 5387 universim
930 5327 1123 5387 notare
1154 5312 1707 5387 infidelitatisLNiliil
1746 5317 1986 5387 explicat
2018 5330 2183 5387 quam

598 5382 869 5450 intelligat
922 5385 1154 5455 alteram
1207 5387 1456 5443 Mariam.
1513 5385 1637 5440 Fuit
1687 5382 1836 5440 forte
1886 5397 1939 5441 et
1980 5382 2183 5455 ipsein

600 5455 887 5529 sententia
908 5452 1157 5525 Gregorii
1197 5456 1453 5529 Eysseui.
1503 5455 1909 5529 Cln'ysostomi,
1965 5452 2096 5529 eie.,
2128 5463 2189 5529 u_t

603 5522 695 5596 illa
751 5521 925 5596 fuerit
967 5521 1156 5580 sa'ncta
1196 5521 1287 5581 Dei
1325 5526 1569 5583 Genitrix
1602 5521 1990 5596 {proindeque
2025 5525 2190 5579 fuerit

606 5594 659 5645 ἰ·ι
695 5594 963 5666 sententia
1013 5597 1266 5666 Origenis
1320 5600 1465 5652 hom.
1501 5599 1569 5652 l5
1609 5594 1667 5651 m‘
1704 5594 1927 5660 Lucam,
1973 5596 2184 5666 Cyrilli,

604 5671 666 5743 et
696 5659 1063 5743 Amphilochii
1111 5659 1357 5743 homiliis
1394 5668 1463 5723 de
1499 5683 1735 5743 occursu
1764 5690 1793 5743 ;Δ
1818 5659 1984 5743 quan}
2011 5659 2189 5743 ῥῑειιιὲ

606 5734 925 5813 Christiana
985 5751 1094 5813 non
1145 5738 1424 5813 admittit:
1461 5738 1563 5794 nisi
1612 5737 1751 5813 forte
1781 5734 2191 5813 it:i_inlidelitas

608 5807 1017 5883 exponitur,_ut
1046 5807 1272 5883 absque
1295 5808 1407 5883 ullo
1432 5818 1676 5883 peccato,
1722 5808 1775 5862 in
1803 5808 1916 5883 sola
1938 5809 2086 5883 velut
2109 5809 2192 5883 in-

611 5871 1057 5931 considerationc
1113 5871 1182 5934 al}
1227 5871 1553 5935 absorhcnte
1584 5880 1770 5936 dolore
1796 5879 1971 5948 posita
2005 5876 2189 5941 fuerit,

2296 5101 2369 5156 ita
2420 5098 2532 5153 Deo
2589 5100 2942 5168 permittenle
2993 5098 3068 5152 al
3115 5098 3416 5151 auctiorem
3468 5094 3872 5168 cr_nciatm_n_ac

2276 5169 2476 5225 'meriti
2527 5160 2834 5225 cu'mulnm.
2890 5169 2983 5225 Sic
3016 5168 3162 5222 enim
3206 5169 3455 5234 nv'gativa
3490 5161 3760 5231 ejusmodi
3797 5160 3872 5213 in-

2294 5239 2760 5315 fidelitasuvideri
2817 5248 3006 5315 posset
3060 5254 3163 5293 nec
3205 5236 3437 5291 Mariam
3472 5235 3754 5315 dedecere.
3790 5240 3873 5315 per

2295 5327 2461 5381 (utam
2514 5311 2604 5365 illa
2656 5310 3246 5381 (nconomiamusuam
3300 5310 3876 5381 ac_martyri_um_acer-

2276 5370 2589 5453 \bissimum
2646 5378 3296 5453 coinpleret.AQeorgitt_s
3342 5370 3570 5453 Νἱοοιιιζ-
3605 5376 3666 5453 _in
3707 5370 3876 5453 Μξιςξξξε

2296 5452 2677 5509 assiduitatem
2735 5438 2789 5505 in
2850 5449 3065 5505 Domini
3117 5438 3394 5517 sepulcro,
3461 5444 3652 5518 multis
3682 5438 3874 5518 refellit

2297 5539 2417 5579 eam
2470 5523 2537 5575 de
2589 5520 2758 5576 Matia
2805 5520 3022 5575 Domini
3072 5511 3249 5575 matre
3285 5511 3429 5574 dicta
3474 5515 3643 5571 Maria
3674 5511 3876 5570 Jacobi.

2300 5591 2740 5665 sententiamJo.
3152 5658 3177 5665 _
3283 5658 3304 5665 Α
3409 5658 3488 5665 __
3662 5655 3675 5665 ‘
3782 5651 3795 5665 _

2370 5663 2482 5733 (l0)
2525 5661 2730 5733 _Regni_
2783 5669 3061 5733 tesseram,
3116 5658 3220 5726 τῆς
3279 5658 3553 5733 βασιλείας
3625 5655 3686 5733 τὸ
3720 5655 3878 5733 ξύνς

2300 5721 2478 5803 θημαί
2524 5721 2660 5787 Puta
2709 5731 2945 5806 faustam
2992 5731 3140 5785 illam
3175 5721 3400 5806 vocem,
3433 5721 3879 5806 sauciaeque:-

2303 5792 2577 5927 méhlclc.
2635 5818 2757 5873 qua:
2807 5803 2966 5873 plane
3023 5810 3230 5859 tessera
3279 5801 3347 5858 sit
3379 5792 3502 5856 novi
3557 5792 3877 5868 regniChri

2304 5881 2394 5927 stt.
2457 5889 2507 5927 υ.

2304 5874 2394 5931 sti.
2431 5874 2507 5928 lu.
