4062 6434
625 369 770 434 1859

1617 370 1995 430 GREGORII
2023 369 2366 430 EPISCOPI
2420 369 2892 432 ANTIOCHENI

3696 393 3814 460 1860

631 499 690 537 se
717 483 762 514 ¹³
791 495 805 534 :
831 496 978 545 eum,
1007 482 1098 552 qui
1127 496 1296 553 prope
1326 490 1410 538 est
1440 481 1822 537 invocantibus
1845 497 1969 538 eum
1999 483 2043 515 "
2089 480 2203 537 Scia

2318 486 2462 554 ὑμᾶς
2509 485 2604 538 τοῦ
2667 485 2898 577 σταυροῦ
2925 484 3042 577 ,τὴν
3093 486 3356 558 αἰσχύνην
3396 493 3678 566 πατήσαντα
3714 506 3818 577 (με),

629 577 754 642 quia
802 571 985 626 Iesum
1028 575 1268 643 quaeritis
1314 573 1625 642 cruciﬁxum
1669 586 1687 625 :
1733 571 1855 626 Non
1896 583 1971 626 est
2000 574 2082 626 hic
2122 574 2164 604 “
2201 589 2214 626 :

633 681 740 720 non
771 677 856 719 est
887 665 977 720 ubi
1011 667 1254 735 putatis:
1292 679 1400 719 non
1433 674 1516 719 est
1544 679 1653 732 quo
1681 665 1801 718 loco
1831 665 2041 734 positus
2067 663 2219 733 jace-

630 755 949 822 bathuid
1011 757 1113 812 hoc
1169 757 1272 821 ais,
1332 771 1366 810 ο
1413 755 1638 826 angele?
1683 754 1801 810 Non
1853 764 1938 810 est
1995 756 2084 810 hic
2117 755 2220 810 Do-

629 848 810 902 minus
844 856 1028 901 noster
1059 862 1124 901 ac
1157 847 1366 902 herus?
1412 862 1517 900 non
1571 855 1654 902 est
1707 857 2018 902 nostrarum
2055 863 2219 917 argu-

630 946 871 992 mentum
924 937 1332 1008 lacrymarum?
1371 937 1513 1008 Ergo
1543 937 1747 993 frustra
1775 953 1901 993 eum
1935 939 2218 994 lusimus?

629 1029 850 1084 Frustra
894 1031 943 1086 ei
989 1039 1330 1084 mortuorum
1367 1031 1529 1084 xenia
1571 1030 1916 1086 obtulimus?
1963 1029 2078 1085 Non
2133 1039 2218 1085 est

628 1122 754 1175 hic?
786 1121 928 1192 Ergo
959 1122 1157 1176 iterum
1194 1138 1319 1176 eum
1361 1122 1467 1174 alio
1504 1122 1727 1192 maligni
1767 1121 2210 1177 transtulerunt?

555 1233 560 1238 ~
627 1211 799 1267 Etiam
857 1214 1152 1283 sepulturae
1203 1213 1469 1268 honorem
1513 1213 1861 1276 inviderunt,
1908 1213 2002 1283 qui
2048 1213 2212 1268 vitam

626 1306 972 1359 inviderunt?
1010 1303 1128 1358 Non
1169 1313 1254 1359 est
1287 1303 1417 1359 hic?
1464 1301 1694 1360 Ubinam
1743 1320 1872 1360 vero
1913 1305 2030 1360 est?
2067 1305 2213 1368 cito,

625 1409 904 1463 rogamus,
939 1393 1162 1448 cdicito.
1207 1391 1346 1448 Seda
1385 1404 1680 1449 trementes
1711 1396 1926 1450 animos
1958 1404 2208 1450 nostros:

625 1499 693 1539 ne
741 1484 912 1539 luctui
964 1485 1165 1539 addere
1206 1485 1340 1540 velis
1375 1485 1580 1541 luctum
1615 1486 1782 1540 alium
1818 1505 1832 1542 :
1881 1487 2000 1556 ejus
2055 1487 2214 1543 nobis

624 1577 823 1630 mortui
858 1575 1035 1630 locum
1070 1576 1294 1630 ostende
1317 1617 1331 1640 ,
1374 1591 1536 1646 quem
1571 1577 1905 1646 quaerimus,
1941 1587 1998 1632 ut
2031 1593 2211 1647 quan-

633 1666 808 1721 tocius
849 1681 915 1719 eo
967 1675 1251 1722 currentes
1280 1705 1296 1732 ,
1347 1665 1635 1721 oculorum
1691 1665 1886 1722 rivulis
1935 1665 2209 1722 tristitiam

621 1771 940 1813 vacuemus.

692 2021 760 2076 Χ.
791 2020 862 2077 At
900 2023 1170 2092 angelus:
1216 2040 1236 2074 ι
1277 2020 1449 2076 Vultis
1474 2061 1489 2087 ,
1535 2021 1750 2091 inquit,
1795 2021 1974 2085 scire,
2015 2022 2106 2077 ubi
2141 2022 2212 2078 sit

617 2126 782 2183 quem
817 2113 1098 2183 quteritis,
1128 2125 1191 2166 ac
1221 2111 1502 2181 quomodo
1529 2111 1862 2166 resurrexit?
1909 2109 2076 2167 Vobis
2108 2126 2210 2182 ego

625 2203 902 2260 referam:
941 2201 1234 2274 Propterea
1276 2205 1422 2258 enint
1464 2201 1533 2256 ad
1573 2217 1670 2257 vos
1710 2204 1912 2258 missus
1943 2218 2066 2258 sum
2094 2242 2110 2270 ,
2140 2204 2211 2260 ab

619 2296 740 2366 ipso
769 2310 929 2366 quem
967 2296 1213 2366 quaeritis
1247 2303 1466 2349 mortuo
1493 2333 1509 2359 ,
1538 2301 1599 2348 ut
1633 2304 1688 2349 et
1737 2295 1909 2363 ipsius
1962 2310 2211 2351 resurre-

617 2388 858 2442 ctionem
885 2389 1466 2455 doceam,vestrosque
1485 2398 1672 2440 curem
1699 2386 1912 2441 animos
1939 2401 2003 2442 ac
2031 2387 2210 2458 lacry-

618 2491 734 2531 mas
757 2476 967 2540 sistam,
995 2484 1157 2546 atque
1185 2476 1350 2528 animi
1387 2474 1630 2528 lzetitiam
1657 2489 1721 2528 ex
1754 2476 2068 2531 narratione
2091 2476 2201 2530 eri-

615 2583 762 2638 gam.
803 2565 1089 2631 Surrexit,
1144 2569 1280 2620 sicut
1329 2567 1466 2618 dixit
1501 2566 1566 2618 η.
1620 2563 1778 2620 Nunc
1832 2567 1995 2621 etiam
2044 2567 2236 2624 solito:

615 2659 828 2715 Veritas
859 2675 1021 2714 verax
1063 2659 1204 2725 fuit,
1251 2668 1304 2712 et
1350 2672 1473 2727 qua:
1504 2659 1684 2712 verbis
1716 2659 1982 2727 protulit,
2041 2661 2206 2715 etiam

614 2765 780 2822 Opere
811 2751 1076 2820 implevit.
1121 2749 1453 2805 Immortalis
1482 2751 1605 2820 ejus
1637 2752 1890 2808 divinitas
1916 2792 1932 2816 ,
1982 2753 2209 2808 immor-

617 2845 740 2900 talis
765 2844 1106 2914 permansit;
1148 2859 1213 2898 ac
1246 2859 1356 2913 quo
1403 2853 1646 2913 tempore
1681 2859 1810 2899 caro
1837 2854 2050 2900 mortua
2078 2853 2162 2900 est
2185 2885 2201 2911 ,

615 2937 848 2991 mortale
873 2949 1076 3004 corpus
1119 2934 1240 3004 ejus
1280 2935 1564 3004 corporeis
1617 2935 1733 2990 suis
1782 2936 1960 2990 oculis
2009 2936 2205 2992 mortis

614 3043 870 3084 somnum
929 3029 1194 3096 suscepit.
1255 3025 1577 3080 Recumbens
1647 3027 1787 3080 enim
1848 3025 2093 3080 dormivit
2149 3036 2204 3080 ut

2319 577 2538 646 Ζητεῖτε
2565 577 2655 628 τὸν
2693 575 3052 646 ἐπιζητοῦντα
3079 579 3208 641 τοὺς
3247 577 3525 649 ζητοῦντας
3559 589 3716 645 αὐτὸν.

2317 670 2458 720 τεῖτε
2480 667 2572 720 τὸν
2599 668 2769 736 ὲγγὺς
2793 668 2922 721 ὄντα
2949 668 3059 723 τῶν
3089 647 3518 740 ἐπικαλουμένων
3533 679 3694 734 αὐτόν.
3713 647 3824 742 ολέο

2318 759 2406 812 ὅτι
2439 760 2681 828 Ἰησοῦν
2702 761 2809 814 τέν
2829 758 3286 830 ἐσταυρωμένον
3313 761 3518 830 ζητεῖτε
3533 783 3546 797 °
3578 773 3675 825 οὐκ
3691 775 3824 831 ἐστιν

2317 844 2466 904 ὧὸεο
2513 853 2612 904 οὐκ
2642 851 2788 904 ἔστιν
2820 853 2952 905 ὅπου
2981 852 3229 921 νομίζετε
3251 867 3264 881 ·
3308 853 3402 906 οὐκ
3432 854 3566 910 ἔστιν
3584 859 3700 913 ὅπου
3725 879 3847 918 κατ,

2321 940 2518 993 ἐκειτο.
2557 959 2574 992 ι
2601 939 2665 994 Τί
2693 941 2890 1010 λέγεις,
2924 935 2969 994 ὧ
3001 942 3198 1010 ἄγγελε
3221 958 3235 1007 ;
3258 943 3368 996 Οὐκ
3399 943 3534 997 ἔστιν
3555 941 3645 1003 ὧδε
3669 951 3694 1002 ὁ
3717 925 3827 1022 iud.

2317 1047 2471 1102 τερος
2500 1032 2777 1102 Δεσπότης
2810 1033 2902 1085 καὶ
2934 1031 3170 1104 Κύριο;;
3213 1033 3313 1085 ούκ
3337 1032 3446 1086 ἔστι
3474 1035 3572 1088 τῶν
3595 1039 3829 1110 ἡμετέρων

2315 1120 2565 1192 δακρύων
2606 1123 2641 1193 ἡ
2689 1121 2992 1192 «poemate;
3046 1123 3238 1194 Μάτην
3278 1123 3434 1176 αὑτὸν
3468 1125 3828 1200 ὲπενθήσαμενς

2315 1213 2508 1284 Μάτην
2541 1213 2690 1284 αὐτῷ
2733 1215 3188 1285 προσηνέγκαμεν
3215 1214 3284 1268 τά
3310 1214 3454 1282 ξένια
3489 1216 3590 1270 τῶν
3630 1221 3828 1290 νεκρῶν;

2316 1303 2430 1355 Ούκ
2462 1302 2608 1356 ἔστιν
2637 1296 2773 1368 ὧδες
2811 1304 3134 1375 Μετέθηκαν
3172 1304 3334 1358 αὐτὸν
3366 1305 3520 1358 πάλιν
3539 1306 3769 1378 ἀλλαχόσε
3795 1314 3832 1364 ot

2316 1396 2571 1467 πονηροῖς
2608 1397 2942 1468 Ἑφθόνησαν
2971 1395 3119 1466 αὐτῷ
3145 1395 3239 1448 καὶ
3263 1395 3363 1466 τῆς
3385 1397 3577 1466 ταφῆς,
3601 1397 3644 1450 oi
3675 1398 3834 1472 φθονή-

2316 1503 2506 1552 σαντες
2546 1488 2645 1557 τῆς
2680 1487 2826 1559 ζωῆς
2858 1486 3060 1552 αὐτοῦς
3106 1486 3220 1540 Οὐκ
3249 1485 3394 1540 ἔστιν
3421 1479 3550 1556 ὦδε;
3589 1490 3729 1543 Ἀλλά
3757 1491 3833 1544 ποῦ

2312 1579 2493 1647 tactv;
2537 1575 2657 1632 εἷπε
2687 1582 2840 1651 ἡμῖν,
2879 1577 3112 1650 δεόμεθά
3153 1596 3267 1645 σου,
3305 1579 3463 1649 ταχύ.
3509 1581 3699 1646 Στῆσον
3736 1599 3836 1653 cpt-

2316 1672 2523 1742 μούσας
2551 1672 2710 1742 ἡμῶν
2745 1672 2846 1736 τὰς
2873 1672 3076 1743 ψυχάςο
3129 1672 3202 1742 μὴ
3229 1670 3308 1742 τῷ
3340 1670 3523 1725 πένθει
3555 1672 3728 1737 πένθος
3749 1676 3838 1728 ἔπι-

2317 1763 2486 1837 δάλῃς
2517 1763 2705 1835 ἕτερον
2724 1781 2738 1795 ·
2787 1763 3062 1828 ὑπόδειξον
3094 1765 3224 1835 ἡμῖν
3262 1762 3352 1818 τὸν
3379 1763 3539 1817 τόπον
3572 1764 3660 1817 τοῦ
3685 1766 3842 1838 ἐπιζη-

2319 1856 2580 1926 τουμένου
2608 1854 2825 1926 νεκροῦ,
2857 1855 2945 1909 ἵνα
2975 1853 3282 1926 δραμοῦσαι
3312 1855 3517 1925 ταχέως
3551 1857 3676 1922 ἐκεῖ,
3710 1857 3841 1910 κενὼο
3933 1840 3938 1846 ”

2312 1960 2495 2013 σωμεν
2531 1944 2631 2014 τὴν
2658 1944 2835 2014 λύπην
2865 1942 2953 1997 διὰ
2978 1944 3089 1998 τῶν
3113 1943 3438 2016 ὀφθαλμῶν.

2382 2041 2438 2093 l'.
2498 2040 2609 2092 Καὶ
2643 2040 2671 2092 ὀ
2704 2039 2934 2108 ἄγγελος
2955 2036 3096 2108 ἔφη’
3162 2057 3181 2090 ι
3229 2037 3496 2091 Βούλεσθε
3549 2037 3724 2108 μαθεῖν
3766 2037 3841 2090 πού

2309 2132 2456 2184 ἐστιν
2487 2133 2514 2185 δ
2549 2130 2884 2201 ζητούμενος
2937 2129 3070 2200 παρ’
3120 2128 3299 2198 ὑμῶν,
3351 2130 3447 2182 καὶ
3495 2128 3609 2192 πῶς
3649 2128 3841 2195 ἀνέστη;

2324 2221 2465 2290 Ἐγὼ
2491 2221 2861 2293 διηγήσομαι·
2921 2219 3012 2274 διὰ
3051 2218 3209 2273 τοῦτο
3241 2219 3353 2292 γάρ
3396 2219 3701 2290 ἀπεστάλην
3743 2220 3844 2290 πρὶς

2309 2315 2453 2386 ὑμᾶς
2485 2313 2616 2384 παρ’
2645 2312 2811 2367 αὐτοῦ
2843 2312 2936 2366 τοῦ
2967 2313 3103 2384 παρ’
3135 2311 3290 2382 ὑμῶν
3314 2309 3648 2382 ζητουμένου
3672 2310 3848 2384 νεκροῦ,

2309 2405 2396 2458 ἵνα
2421 2405 2515 2458 καὶ
2539 2403 2637 2475 τὴν
2671 2403 2969 2458 ἀνάστασιν
2997 2402 3161 2457 αὑτοῦ
3198 2402 3422 2467 διδάξω,
3457 2402 3552 2456 καὶ
3579 2403 3672 2468 τάς
3695 2406 3851 2474 ὑμετὲ-

2309 2512 2412 2568 ρας
2438 2495 2616 2567 ψυχὰς
2661 2494 3008 2567 θεραπεύσω,
3054 2494 3150 2549 καὶ
3177 2495 3248 2549 τά
3293 2495 3513 2568 δάκρυα
3563 2497 3750 2567 στήσω.
3781 2496 3854 2548 καὶ

2308 2589 2448 2661 πρὸς
2525 2588 2866 2660 εὐφροσύνην
2941 2589 3085 2660 ὑμᾶς
3162 2587 3360 2659 ὲπάρω
3431 2588 3512 2659 τῷ
3577 2589 3852 2659 διηγήματι.

2320 2681 2592 2751 Ἠγέρθη,
2621 2681 2817 2748 καθὼς
2842 2678 3032 2736 εἷπεν.
3067 2681 3371 2752 Ἥλήθευσε
3405 2681 3504 2734 καὶ
3534 2680 3626 2736 νῦν
3654 2679 3856 2750 συνήθως

2307 2773 2340 2843 ἡ
2385 2772 2627 2842 ἀλήθεια,
2679 2775 2774 2827 καὶ
2807 2773 2950 2843 ἅπερ
2986 2773 3096 2836 τοῖς
3141 2772 3324 2840 λόγοις
3377 2767 3523 2838 εἷπε,
3571 2769 3732 2823 ταῦτα
3773 2773 3858 2832 τοῖς

2307 2863 2492 2935 ἔργοις
2528 2863 2868 2935 ἐπλήρωσεν.
2904 2862 2970 2916 Ἦ
3000 2863 3267 2926 ἀθάνατος
3335 2863 3508 2916 αὐτοῦ
3537 2861 3719 2930 θεότης
3745 2859 3862 2930 ἐμει-

2306 2973 2396 3009 νεν
2424 2955 2722 3018 ἀθάνατος·
2769 2954 2863 3008 καὶ
2905 2955 2964 3008 ὲν
3010 2953 3088 3024 τῷ
3139 2952 3320 3025 καιρῷ
3362 2953 3468 3024 τῆς
3516 2953 3762 3022 τελευτῆς
3788 2951 3862 3020 τῆς

2309 3046 2546 3117 σαρκὸς,
2587 3045 2648 3099 τὸ
2705 3043 2901 3116 θνητὸν
2949 3043 3118 3098 αὐτοῦ
3163 3045 3358 3115 σῶμα,
3410 3046 3527 3106 τοῖς
3575 3043 3862 3114 σωματικοῖς

614 3119 696 3172 leo
731 3117 772 3149 "
821 3117 1003 3186 regie;
1047 3117 1261 3170 rediens
1283 3130 1432 3181 vero,
1469 3117 1736 3185 processit
1778 3119 1902 3172 inde
1937 3126 1998 3172 ut
2031 3117 2200 3172 Deum

2305 3133 2471 3189 αὐτοῦ
2515 3134 2836 3205 ὀφθαλμοῖς,
2878 3132 2974 3188 τοῦ
3024 3132 3255 3189 θανάτου
3309 3133 3409 3186 τὸν
3459 3131 3628 3185 ὕπνον
3665 3129 3862 3196 ἐδέξατο.

611 3209 790 3265 decet.
807 3207 926 3262 Non
957 3216 1331 3278 cognoverunt
1359 3207 1637 3273 custodes,
1665 3207 1787 3277 ejus
1808 3219 1971 3278 quem
2005 3217 2196 3262 custo-

613 3300 833 3356 diebant
860 3313 1178 3370 processum
1211 3315 1224 3329 θ
1265 3298 1493 3353 minime
1521 3298 1795 3366 siquidem
1823 3297 1970 3368 digni
1999 3303 2160 3351 erant
2185 3337 2200 3362 ,

616 3401 677 3445 ut
704 3405 868 3461 quem
916 3390 1342 3460 impugnabant,
1388 3398 1764 3460 resurgentem
1793 3391 2054 3444 viderent.
2082 3387 2204 3443 Non

614 3484 1018 3555 prohibuerunt
1042 3483 1320 3552 signacula
1353 3481 1533 3538 ferrea
1567 3482 1784 3536 Domini
1808 3483 2010 3536 exitum
2044 3501 2058 3536 :
2113 3497 2205 3537 ue-

615 3574 790 3647 quivit
811 3575 1123 3644 sepulcrum
1147 3573 1411 3643 impedire
1439 3573 1898 3627 resurrectionem
1943 3571 2205 3641 Omnipo-

619 3668 825 3722 tentis:
865 3681 973 3721 non
1009 3664 1183 3719 valuit
1217 3679 1367 3719 mors
1402 3679 1528 3718 eutn
1563 3665 1800 3730 vincire,
1837 3665 1933 3734 qui
1978 3663 2204 3718 minime

615 3761 855 3831 peccatis
899 3761 1116 3814 vinctus
1161 3756 1374 3812 fuisset.
1420 3755 1565 3811 Loco
1592 3795 1607 3820 ,
1655 3756 1850 3810 nolens
1897 3767 2200 3826 tyrannus,

614 3854 748 3921 Regi
776 3853 962 3908 cessit.
995 3850 1250 3905 lnfernus
1281 3852 1399 3920 ipse
1426 3863 1632 3919 pavens
1657 3890 1672 3915 ,
1706 3858 1915 3903 terrore
1944 3847 2048 3902 fuit
2078 3863 2202 3902 cor-

613 3960 822 4016 reptus.
871 3943 1072 3999 Inferni
1101 3945 1392 4014 janitores,
1427 3941 1686 4012 projectis
1737 3941 1986 3996 clavibus
2023 3954 2088 3996 ac
2114 3942 2200 4011 ja-

611 4041 739 4094 nuis
761 4037 967 4106 apertis
990 4075 1006 4100 ,
1042 4035 1176 4090 nulli
1205 4034 1506 4104 quidquam
1544 4031 1664 4087 ausi
1702 4040 1832 4088 sunt
1861 4032 2044 4086 dicere
2063 4070 2079 4096 ,
2101 4046 2198 4086 eo-

610 4145 735 4186 rum
758 4131 852 4199 qui
887 4129 1049 4184 simul
1079 4134 1523 4182 resurrexerunt.
1557 4122 1803 4178 Surrexit
1839 4125 2021 4193 igitur,
2060 4125 2198 4178 sicut

607 4223 773 4277 dum.
800 4219 1088 4286 Quomodo
1117 4217 1274 4272 vobis
1304 4232 1520 4270 narrem
1561 4215 1807 4270 arcana?
1837 4213 1958 4280 Quo
1989 4230 2196 4285 praeco-

624 4312 722 4368 nio
743 4312 1040 4372 celebrem,
1067 4323 1190 4379 qua!
1216 4319 1520 4362 sermonem
1549 4321 1766 4361 omnem
1796 4315 2055 4376 superant
2074 4317 2198 4360 sen-

607 4405 880 4476 sumque?
906 4403 1194 4470 Quomodo
1222 4400 1646 4456 resurrectionis
1679 4399 1980 4455 Dominica:
2010 4415 2195 4456 sacra-

2323 3224 2668 3280 Ἀναπεσὼν
2691 3228 2802 3296 γὰρ
2829 3222 3118 3294 ἐκοιμήθη
3135 3223 3216 3290 ὠς
3257 3222 3410 3279 ιέων
3439 3221 3749 3294 βασιλικῶς·
3767 3220 3868 3272 ἀνα·

2306 3315 2531 3388 δραμὼν
2555 3315 2632 3380 δὲ,
2660 3314 2931 3385 προῆλθεν
2953 3313 3202 3368 ἐντεῦθεν
3228 3311 3590 3385 θεοπρεπῶς.
3613 3311 3721 3365 Ούκ
3739 3308 3868 3376 ἔγνω·

2308 3428 2408 3464 σαν
2443 3412 2493 3463 οἱ
2521 3409 2758 3480 φύλακες
2784 3407 2880 3461 τοῦ
2911 3405 3322 3477 φρουρουμενον
3372 3403 3478 3476 τὴν
3523 3402 3744 3474 πρόοδον
3765 3417 3780 3432 ο
3821 3399 3868 3451 οὺ

2306 3502 2414 3572 γὰρ
2442 3497 2583 3572 ἦσαν
2611 3498 2750 3564 ἄξιοι
2783 3498 2872 3552 τὸν
2899 3498 2990 3551 ὑπ’
3018 3495 3196 3551 αὐτῶν
3218 3493 3643 3566 πολεμούμενον
3671 3489 3872 3545 κατιδεῖν

2305 3591 2636 3646 ἀναστάντα.
2666 3591 2780 3644 Οὐκ
2812 3587 3083 3642 ἐκώλυσεν
3103 3589 3131 3642 ὁ
3153 3587 3324 3656 τάφος
3348 3585 3452 3643 τοῦ
3492 3583 3871 3650 παντοδυνὰμου

2302 3683 2401 3753 τὴν
2430 3682 2668 3752 ἔγερσιν.
2700 3682 2817 3735 Οὐκ
2844 3682 3032 3750 ἴσχυσε
3051 3677 3361 3748 καταδῆσαι
3393 3677 3494 3732 τδν
3523 3677 3601 3750 μὴ
3628 3677 3874 3747 δεδεμένον

2303 3778 2425 3838 ταῖς
2473 3775 2772 3846 ἁμαρτίαις
2827 3775 2855 3826 ὁ
2907 3773 3158 3836 θάνατος.
3210 3771 3634 3844 Παρεχώρησεν
3681 3770 3875 3825 ἀκωνὸ

2303 3867 2563 3939 τύραννος
2595 3866 2672 3938 τῷ
2706 3866 2933 3937 βασιλεῖ.
2958 3865 3131 3926 Αὐτὸς
3160 3867 3188 3918 ὁ
3213 3863 3350 3937 ᾅδης
3382 3864 3671 3927 δειλιάσας
3693 3863 3877 3931 ἐγένετο

2303 3962 2633 4031 σύντρομοςο
2668 3962 2718 4013 οἱ
2752 3957 2997 4028 πυλωροὶ
3023 3957 3116 4012 τοῦ
3145 3957 3272 4029 ᾅδου
3312 3959 3422 4022 τὰς
3451 3958 3606 4022 κλεῖς
3631 3957 3878 4030 ῥίψαντες,

2300 4054 2396 4107 καὶ
2424 4053 2519 4116 τάς
2552 4051 2729 4115 πύλας
2759 4051 3212 4113 ἀνεπετάσαντες,
3251 4051 3358 4104 ούκ
3399 4051 3721 4122 ἐτόλμησαν
3755 4047 3878 4102 οὐδὲν

2299 4130 2474 4199 εἰπεῖν
2492 4143 2672 4198 οὐδενὶ
2688 4142 2796 4195 τῶν
2827 4143 3277 4197 συναναστάντων
3299 4142 3482 4214 αὐτῷ.
3527 4142 3767 4213 Ἠγέρθη
3786 4135 3880 4201 οὖν,

2298 4237 2493 4303 καθὼς
2525 4230 2676 4289 εἷπε.
2728 4233 2854 4298 Πῶς
2902 4235 3031 4305 ὑμῖν
3061 4235 3402 4306 διηγήσομαι
3454 4235 3528 4290 τά
3575 4237 3883 4306 ἀπόρρητα

2300 4328 2421 4392 Πῶς
2450 4325 2673 4400 κηρύξω
2699 4327 2769 4379 τά
2788 4325 3023 4379 νικῶντα
3051 4326 3228 4380 πάντα
3254 4323 3422 4395 λόγον
3447 4327 3551 4380 καὶ
3572 4325 3700 4380 νοῦν
3721 4342 3740 4391 ',
3785 4323 3886 4384 [ιὼς

2299 4419 2622 4492 ἑρμηνεύσω
2651 4421 2752 4491 τῆς
2790 4419 3130 4488 Δεσποτικῆς
3177 4417 3550 4483 ἀναστάσεως
3602 4421 3667 4472 τὸ
3707 4419 3889 4490 μυστή-

611 4506 857 4554 mentum
886 4495 1192 4566 eXpIi-cem?
1233 4494 1408 4548 Etiam
1447 4509 1579 4549 crux
1627 4503 2025 4548 sacramentum
2058 4503 2188 4560 est;

2305 4530 2453 4586 ριον;
2504 4511 2615 4566 Καὶ
2667 4514 2694 4565 ὁ
2740 4510 2972 4582 σταυρὸς
3015 4512 3316 4583 μυστήριον
3344 4528 3359 4542 ο
3405 4511 3509 4564 καὶ
3548 4514 3579 4566 ὁ
3615 4510 3892 4582 τριήμερος

609 4591 863 4647 triduana
900 4603 1120 4660 quoque
1159 4588 1280 4658 ejus
1322 4601 1470 4642 mors
1506 4594 1954 4654 sacramentum;
2009 4589 2190 4642 omnia

605 4685 846 4754 denique
867 4682 1170 4753 spectantia
1190 4681 1258 4735 ad
1288 4681 1650 4746 Salvatorem,
1669 4689 1800 4736 sunt
1825 4687 2190 4735 sacramenta.

605 4775 1077 4847 Quemadmodum
1101 4775 1248 4828 enim
1289 4784 1449 4829 natus
1481 4784 1567 4828 est
1596 4775 1797 4829 clausis
1835 4773 2192 4844 virginalibus

603 4870 899 4939 claustris,
950 4868 1022 4922 ita
1070 4876 1124 4921 et
1157 4867 1520 4922 resurrexerit
1551 4867 1741 4921 clauso
1784 4867 2080 4936 sepulcro:
2126 4881 2191 4921 ac

599 4967 746 5021 sicut
769 4960 1081 5032 unigenitus
1107 4959 1200 5013 Dei
1227 4958 1398 5013 Filius
1424 5000 1438 5022 ,
1472 4960 1869 5030 primogenitus
1901 4959 2077 5015 factus
2108 4970 2192 5016 est

600 5073 672 5114 ex
702 5065 898 5120 matre,
932 5054 1002 5106 ita
1030 5067 1354 5120 resurgens,
1388 5051 1565 5106 factus
1585 5061 1667 5107 est
1693 5053 2092 5123 primogenitus
2119 5067 2183 5108 ex

603 5148 841 5204 mortuis
874 5144 941 5196 ³⁸.
977 5143 1131 5199 Sicut
1155 5157 1286 5212 ergo
1315 5151 1500 5208 natus,
1531 5143 1955 5214 haudquaquam
1995 5143 2187 5198 matris

607 5239 846 5311 Virginis
875 5235 1239 5306 virginitatem
1273 5235 1429 5291 solvit
1461 5254 1475 5303 ;
1512 5236 1585 5291 ita
1619 5252 1721 5292 nec
1748 5251 2042 5309 resurgens
2073 5237 2186 5294 sol-

2299 4603 2465 4659 αύτοῦ
2503 4605 2733 4668 θάνατος
2775 4603 3113 4674 μυστήριονο
3170 4603 3265 4656 καὶ
3301 4603 3499 4659 πάντα
3529 4604 3602 4657 τὰ
3645 4602 3785 4657 κατὰ
3820 4599 3896 4652 τὸν

2265 4690 2267 4692 ’
2300 4693 2531 4764 Σωτῆρα
2587 4693 2884 4764 μυστήρια.
2919 4693 3128 4763 Ὠσπερ
3159 4691 3268 4765 γάρ
3315 4691 3608 4764 ἐγεννήθη
3662 4691 3770 4746 τῶν
3811 4689 3893 4758 τῆς

2298 4783 2594 4856 παρθενίας
2627 4783 2808 4853 θυρῶν
2849 4783 3276 4854 κεκλεισμένων,
3326 4783 3522 4848 οὕτως
3575 4784 3780 4855 ἀνέστη
3818 4796 3896 4833 κε-

2299 4875 2621 4946 κλεισμένου
2655 4873 2749 4928 τοῦ
2787 4875 2962 4943 τάφου
2987 4891 3002 4906 ο
3059 4878 3153 4930 καὶ
3185 4875 3381 4947 ὥσπερ
3414 4878 3655 4946 ἐγένετο
3699 4870 3895 4947 πρωτό-

2290 4985 2448 5030 τοκος
2499 4968 2564 5020 ὲκ
2613 4965 2817 5037 μητρὸς
2857 4967 2968 5037 (15)
2998 4968 3030 5020 ὁ
3077 4967 3378 5039 μονογενὴς
3426 4969 3571 5034 Υἱὸς
3616 4967 3715 5023 τοῦ
3758 4963 3896 5023 Θεοῦ,

2289 5057 2464 5120 οὕτως
2524 5057 2742 5124 ἐγένετο
2799 5057 3146 5128 πρωτότοκος
3216 5057 3474 5123 ἀναστὰς
3549 5061 3621 5114 ὲκ
3682 5056 3894 5129 νεκρῶν-

2292 5149 2508 5220 ’Ὢσπερ
2541 5144 2633 5202 οὖν
2663 5149 2763 5203 ούκ
2795 5148 2951 5203 ἔλυσε
2997 5149 3096 5221 τὴν
3124 5149 3436 5220 παρθενίαν
3482 5149 3599 5222 τῆς
3633 5150 3900 5222 Παρθένου

2292 5239 2499 5310 μητρὸς
2526 5238 2828 5308 γεννηθεὶς,
2857 5237 3031 5303 οὕτως
3058 5239 3158 5293 οὐκ
3183 5239 3344 5293 ἔλυσε
3372 5240 3454 5296 τὰ
3490 5244 3564 5314 σή
3575 5257 3799 5314 μαντρα
3825 5237 3898 5290 τοῦ

675 5396 722 5428 ¹³
751 5391 914 5450 Prov.
945 5408 1068 5456 vni,
1102 5392 1189 5448 17.
1266 5392 1310 5423 ’⁸
1340 5390 1462 5444 Psal
1491 5407 1671 5456 csuv,
1699 5391 1796 5459 18;
1836 5391 2029 5448 Matth.
2077 5409 2203 5449 xxvi

2315 5393 2369 5450 6.
2448 5395 2492 5427 “
2531 5394 2670 5452 Gen.
2696 5410 2846 5461 xux,
2893 5394 2949 5450 9.
3027 5397 3072 5428 “
3102 5391 3318 5453 Céloss.
3362 5410 3409 5462 ι,
3453 5397 3556 5455 16.
3644 5396 3901 5453 "Matth.

601 5479 798 5531 κινιιι,
828 5465 882 5519 6.
962 5465 1004 5496 ¹⁸
1034 5465 1249 5518 Coloss.
1283 5479 1319 5527 ι,
1363 5463 1447 5516 16.

683 5579 809 5650 (ιῆ
836 5577 945 5633 Con
955 5579 1213 5648 fusionem
1238 5577 1566 5650 proculcavit
1589 5594 1610 5632 .°
1641 5580 1963 5650 πατήσαντα
1988 5580 2184 5649 αἰσχύ-

601 5647 727 5718 νην.
761 5649 987 5769 lPaulus
1037 5650 1202 5704 Hebr.
1269 5663 1366 5714 xu,
1415 5649 1470 5702 2.
1513 5647 1781 5720 αἰσχύνης
1835 5647 2186 5722 καταφρονή-

605 5736 725 5769 σας.
784 5733 837 5769 ι).

605 5733 1213 5861 σαδδῗβτὶιηοςεηὶιιιε
1265 5787 1440 5856 factus
1500 5803 1564 5842 ea:
1639 5800 1829 5847 matre.
1877 5789 1953 5845 Ex
2019 5789 2183 5847 Patre

2295 5583 2520 5636 cumino
2573 5583 2924 5653 Unigenitus,
2953 5601 3018 5639 ex
3061 5600 3170 5654 quo
3200 5599 3306 5638 non
3340 5586 3540 5652 possit
3572 5587 3737 5640 nasci
3772 5583 3906 5638 alius

2295 5654 2463 5706 Filius
2488 5671 2503 5706 :
2537 5670 2697 5708 secus
2742 5671 2808 5709 es
2837 5669 3028 5718 matre,
3057 5673 3120 5709 ex
3149 5672 3256 5724 qua
3287 5657 3462 5710 nobis
3499 5657 3721 5710 similis
3749 5656 3906 5710 homo

2290 5735 2450 5778 natus
2482 5734 2588 5778 est.
2631 5725 2709 5778 ita
2735 5729 2893 5780 docte
2924 5724 3127 5785 Estius,
3177 5725 3371 5778 Matth.
3421 5741 3464 5792 t,
3511 5725 3662 5780 Vide
3694 5727 3906 5781 Coloss.

2288 5808 2329 5859 I,
2363 5794 2445 5859 l5,
2478 5793 2564 5859 16,
2593 5793 2646 5849 in
2679 5795 2836 5862 illud,
2873 5793 3266 5868 Primogenitus
3287 5797 3478 5852 omnis
3503 5808 3808 5854 creaturis.
3835 5797 3886 5847 lo
