  <div class='ocr_page' id='page_1' title='image "/cluster/home/n/w/nwhite01/storage/ocr_20150623/88/coo.31924054869924/949.png"; bbox 0 0 4062 6430; ppageno 0'>
   <div class='ocr_carea' id='block_1_1' title="bbox 553 350 703 414">
    <p class='ocr_par' dir='ltr' id='par_1_1' title="bbox 553 350 703 414">
     <span class='ocr_line' id='line_1_1' title="bbox 553 350 703 414; baseline -0.007 0"><span class='ocrx_word' id='word_1_1' title='bbox 553 350 703 414; x_wconf 72' lang='grc'><strong>1803</strong></span> 
     </span>
    </p>
   </div>
   <div class='ocr_carea' id='block_1_2' title="bbox 545 470 2211 542">
    <p class='ocr_par' dir='ltr' id='par_1_2' title="bbox 545 470 2211 542">
     <span class='ocr_line' id='line_1_2' title="bbox 545 470 2211 542; baseline 0.002 -15"><span class='ocrx_word' id='word_1_2' title='bbox 545 470 819 542; x_wconf 78' lang='lat' dir='ltr'><strong>malignus</strong></span> <span class='ocrx_word' id='word_1_3' title='bbox 857 483 1124 541; x_wconf 78' lang='lat' dir='ltr'><strong>serpens;</strong></span> <span class='ocrx_word' id='word_1_4' title='bbox 1155 470 1410 528; x_wconf 85' lang='lat' dir='ltr'><strong>diabolus</strong></span> <span class='ocrx_word' id='word_1_5' title='bbox 1449 472 1731 539; x_wconf 85' lang='lat' dir='ltr'><strong>concidit;</strong></span> <span class='ocrx_word' id='word_1_6' title='bbox 1761 473 1980 529; x_wconf 85' lang='lat' dir='ltr'><strong>confusi</strong></span> <span class='ocrx_word' id='word_1_7' title='bbox 2007 486 2138 530; x_wconf 89' lang='lat' dir='ltr'><strong>sunt</strong></span> <span class='ocrx_word' id='word_1_8' title='bbox 2166 480 2211 537; x_wconf 79' lang='grc' dir='ltr'><strong>Α</strong></span> 
     </span>
    </p>
   </div>
   <div class='ocr_carea' id='block_1_3' title="bbox 547 562 2140 635">
    <p class='ocr_par' dir='ltr' id='par_1_3' title="bbox 547 562 2140 635">
     <span class='ocr_line' id='line_1_3' title="bbox 547 562 2140 635; baseline 0 -15"><span class='ocrx_word' id='word_1_9' title='bbox 547 566 762 635; x_wconf 93' lang='lat' dir='ltr'><strong>patronl</strong></span> <span class='ocrx_word' id='word_1_10' title='bbox 794 562 1041 629; x_wconf 89' lang='lat' dir='ltr'><strong>diaboli;</strong></span> <span class='ocrx_word' id='word_1_11' title='bbox 1087 563 1249 618; x_wconf 89' lang='lat' dir='ltr'><strong>deleti</strong></span> <span class='ocrx_word' id='word_1_12' title='bbox 1294 572 1425 619; x_wconf 89' lang='lat' dir='ltr'><strong>sunt</strong></span> <span class='ocrx_word' id='word_1_13' title='bbox 1460 564 1689 630; x_wconf 84' lang='lat' dir='ltr'><strong>hostes;</strong></span> <span class='ocrx_word' id='word_1_14' title='bbox 1727 564 1899 620; x_wconf 64' lang='lat' dir='ltr'><strong>Judaei</strong></span> <span class='ocrx_word' id='word_1_15' title='bbox 1946 566 2140 620; x_wconf 90' lang='lat' dir='ltr'><strong>incon-</strong></span> 
     </span>
    </p>
   </div>
   <div class='ocr_carea' id='block_1_4' title="bbox 544 655 2139 724">
    <p class='ocr_par' dir='ltr' id='par_1_4' title="bbox 544 655 2139 724">
     <span class='ocr_line' id='line_1_4' title="bbox 544 655 2139 724; baseline 0 -12"><span class='ocrx_word' id='word_1_16' title='bbox 544 656 846 712; x_wconf 86' lang='lat' dir='ltr'><strong>solabiliter</strong></span> <span class='ocrx_word' id='word_1_17' title='bbox 877 656 1106 724; x_wconf 83' lang='lat' dir='ltr'><strong>lugent;</strong></span> <span class='ocrx_word' id='word_1_18' title='bbox 1136 655 1408 711; x_wconf 65' lang='lat' dir='ltr'><strong>«Pharismi</strong></span> <span class='ocrx_word' id='word_1_19' title='bbox 1447 656 1623 711; x_wconf 82' lang='lat' dir='ltr'><strong>audax</strong></span> <span class='ocrx_word' id='word_1_20' title='bbox 1672 656 1883 711; x_wconf 85' lang='lat' dir='ltr'><strong>facinus</strong></span> <span class='ocrx_word' id='word_1_21' title='bbox 1928 657 2139 712; x_wconf 87' lang='lat' dir='ltr'><strong>lamen-</strong></span> 
     </span>
    </p>
   </div>
   <div class='ocr_carea' id='block_1_5' title="bbox 546 748 2137 817">
    <p class='ocr_par' dir='ltr' id='par_1_5' title="bbox 546 748 2137 817">
     <span class='ocr_line' id='line_1_5' title="bbox 546 748 2137 817; baseline -0.001 -13"><span class='ocrx_word' id='word_1_22' title='bbox 546 761 758 816; x_wconf 88' lang='lat' dir='ltr'><strong>tantur;</strong></span> <span class='ocrx_word' id='word_1_23' title='bbox 785 764 921 804; x_wconf 82' lang='lat' dir='ltr'><strong>crux</strong></span> <span class='ocrx_word' id='word_1_24' title='bbox 953 763 1012 802; x_wconf 88' lang='lat' dir='ltr'><strong>se</strong></span> <span class='ocrx_word' id='word_1_25' title='bbox 1042 748 1176 801; x_wconf 88' lang='lat' dir='ltr'><strong>mihi</strong></span> <span class='ocrx_word' id='word_1_26' title='bbox 1201 758 1487 816; x_wconf 83' lang='lat' dir='ltr'><strong>patronam</strong></span> <span class='ocrx_word' id='word_1_27' title='bbox 1512 748 1797 813; x_wconf 79' lang='lat' dir='ltr'><strong>exhibuit;</strong></span> <span class='ocrx_word' id='word_1_28' title='bbox 1823 751 2137 817; x_wconf 73' lang='lat' dir='ltr'><strong>sepulcrum</strong></span> 
     </span>
    </p>
   </div>
   <div class='ocr_carea' id='block_1_6' title="bbox 547 840 2139 904">
    <p class='ocr_par' dir='ltr' id='par_1_6' title="bbox 547 840 2139 904">
     <span class='ocr_line' id='line_1_6' title="bbox 547 840 2139 904; baseline 0 -9"><span class='ocrx_word' id='word_1_29' title='bbox 547 842 764 897; x_wconf 83' lang='lat' dir='ltr'><strong>virtutis</strong></span> <span class='ocrx_word' id='word_1_30' title='bbox 795 856 929 896; x_wconf 64' lang='lat' dir='ltr'><strong>meae</strong></span> <span class='ocrx_word' id='word_1_31' title='bbox 960 840 1333 895; x_wconf 71' lang='lat' dir='ltr'><strong>testimonium</strong></span> <span class='ocrx_word' id='word_1_32' title='bbox 1375 840 1537 904; x_wconf 86' lang='lat' dir='ltr'><strong>tulit;</strong></span> <span class='ocrx_word' id='word_1_33' title='bbox 1571 855 1722 893; x_wconf 90' lang='lat' dir='ltr'><strong>mors</strong></span> <span class='ocrx_word' id='word_1_34' title='bbox 1758 840 2050 895; x_wconf 83' lang='lat' dir='ltr'><strong>conﬁtetur</strong></span> <span class='ocrx_word' id='word_1_35' title='bbox 2077 855 2139 895; x_wconf 86' lang='lat' dir='ltr'><strong>se</strong></span> 
     </span>
    </p>
   </div>
   <div class='ocr_carea' id='block_1_7' title="bbox 545 931 2141 1001">
    <p class='ocr_par' dir='ltr' id='par_1_7' title="bbox 545 931 2141 1001">
     <span class='ocr_line' id='line_1_7' title="bbox 545 931 2141 1001; baseline -0.002 -13"><span class='ocrx_word' id='word_1_36' title='bbox 545 934 785 998; x_wconf 78' lang='lat' dir='ltr'><strong>victam;</strong></span> <span class='ocrx_word' id='word_1_37' title='bbox 820 932 1253 986; x_wconf 82' lang='lat' dir='ltr'><strong>immortalitatis</strong></span> <span class='ocrx_word' id='word_1_38' title='bbox 1277 931 1404 999; x_wconf 83' lang='lat' dir='ltr'><strong>jura</strong></span> <span class='ocrx_word' id='word_1_39' title='bbox 1436 931 1750 1001; x_wconf 81' lang='lat' dir='ltr'><strong>subscripta</strong></span> <span class='ocrx_word' id='word_1_40' title='bbox 1792 940 1925 987; x_wconf 90' lang='lat' dir='ltr'><strong>sunt</strong></span> <span class='ocrx_word' id='word_1_41' title='bbox 1961 931 2141 986; x_wconf 78' lang='lat' dir='ltr'><strong>horni-</strong></span> 
     </span>
    </p>
   </div>
   <div class='ocr_carea' id='block_1_8' title="bbox 543 1023 2139 1093">
    <p class='ocr_par' dir='ltr' id='par_1_8' title="bbox 543 1023 2139 1093">
     <span class='ocr_line' id='line_1_8' title="bbox 543 1023 2139 1093; baseline 0.001 -12"><span class='ocrx_word' id='word_1_42' title='bbox 543 1027 729 1082; x_wconf 80' lang='lat' dir='ltr'><strong>nibus.</strong></span> <span class='ocrx_word' id='word_1_43' title='bbox 761 1023 819 1080; x_wconf 83' lang='grc' dir='ltr'>ιιι</span> <span class='ocrx_word' id='word_1_44' title='bbox 857 1042 945 1081; x_wconf 91' lang='lat' dir='ltr'><strong>me</strong></span> <span class='ocrx_word' id='word_1_45' title='bbox 981 1035 1238 1081; x_wconf 80' lang='lat' dir='ltr'><strong>renovata</strong></span> <span class='ocrx_word' id='word_1_46' title='bbox 1267 1034 1353 1081; x_wconf 86' lang='lat' dir='ltr'><strong>est</strong></span> <span class='ocrx_word' id='word_1_47' title='bbox 1386 1025 1627 1080; x_wconf 79' lang='lat' dir='ltr'><strong>humana</strong></span> <span class='ocrx_word' id='word_1_48' title='bbox 1675 1036 1871 1080; x_wconf 85' lang='lat' dir='ltr'><strong>natura</strong></span> <span class='ocrx_word' id='word_1_49' title='bbox 1901 1044 1917 1093; x_wconf 94' lang='lat'><strong>;</strong></span> <span class='ocrx_word' id='word_1_50' title='bbox 1946 1026 2003 1081; x_wconf 91' lang='lat' dir='ltr'><strong>in</strong></span> <span class='ocrx_word' id='word_1_51' title='bbox 2053 1040 2139 1082; x_wconf 88' lang='lat' dir='ltr'><strong>me</strong></span> 
     </span>
    </p>
   </div>
   <div class='ocr_carea' id='block_1_9' title="bbox 543 1117 2134 1188">
    <p class='ocr_par' dir='ltr' id='par_1_9' title="bbox 543 1117 2134 1188">
     <span class='ocr_line' id='line_1_9' title="bbox 543 1117 2134 1188; baseline 0.001 -18"><span class='ocrx_word' id='word_1_52' title='bbox 543 1118 858 1172; x_wconf 80' lang='lat' dir='ltr'><strong>revixerunt</strong></span> <span class='ocrx_word' id='word_1_53' title='bbox 888 1117 1094 1171; x_wconf 88' lang='lat' dir='ltr'><strong>mortui</strong></span> <span class='ocrx_word' id='word_1_54' title='bbox 1122 1130 1317 1172; x_wconf 87' lang='lat' dir='ltr'><strong>omnes</strong></span> <span class='ocrx_word' id='word_1_55' title='bbox 1342 1135 1358 1183; x_wconf 93' lang='lat'><strong>;</strong></span> <span class='ocrx_word' id='word_1_56' title='bbox 1391 1117 1446 1171; x_wconf 91' lang='lat' dir='ltr'><strong>in</strong></span> <span class='ocrx_word' id='word_1_57' title='bbox 1476 1131 1564 1171; x_wconf 90' lang='lat' dir='ltr'><strong>me</strong></span> <span class='ocrx_word' id='word_1_58' title='bbox 1599 1118 1880 1172; x_wconf 88' lang='lat' dir='ltr'><strong>concretio</strong></span> <span class='ocrx_word' id='word_1_59' title='bbox 1904 1126 2093 1188; x_wconf 83' lang='lat' dir='ltr'><strong>regnat</strong></span> <span class='ocrx_word' id='word_1_60' title='bbox 2118 1132 2134 1183; x_wconf 95' lang='lat'><strong>;</strong></span> 
     </span>
    </p>
   </div>
   <div class='ocr_carea' id='block_1_10' title="bbox 542 1208 2138 1278">
    <p class='ocr_par' dir='ltr' id='par_1_10' title="bbox 542 1208 2138 1278">
     <span class='ocr_line' id='line_1_10' title="bbox 542 1208 2138 1278; baseline 0 -14"><span class='ocrx_word' id='word_1_61' title='bbox 542 1210 597 1264; x_wconf 90' lang='lat' dir='ltr'><strong>in</strong></span> <span class='ocrx_word' id='word_1_62' title='bbox 630 1223 717 1263; x_wconf 90' lang='lat' dir='ltr'><strong>me</strong></span> <span class='ocrx_word' id='word_1_63' title='bbox 756 1218 1018 1264; x_wconf 88' lang='lat' dir='ltr'><strong>coronata</strong></span> <span class='ocrx_word' id='word_1_64' title='bbox 1050 1220 1135 1263; x_wconf 87' lang='lat' dir='ltr'><strong>est</strong></span> <span class='ocrx_word' id='word_1_65' title='bbox 1170 1210 1352 1278; x_wconf 90' lang='lat' dir='ltr'><strong>imago</strong></span> <span class='ocrx_word' id='word_1_66' title='bbox 1400 1224 1540 1262; x_wconf 88' lang='lat' dir='ltr'><strong>mea.</strong></span> <span class='ocrx_word' id='word_1_67' title='bbox 1592 1208 1733 1263; x_wconf 82' lang='lat' dir='ltr'><strong>Sunt</strong></span> <span class='ocrx_word' id='word_1_68' title='bbox 1778 1209 1832 1264; x_wconf 89' lang='lat' dir='ltr'><strong>bi</strong></span> <span class='ocrx_word' id='word_1_69' title='bbox 1871 1208 2138 1264; x_wconf 66' lang='lat' dir='ltr'><strong>triduana:</strong></span> 
     </span>
    </p>
   </div>
   <div class='ocr_carea' id='block_1_11' title="bbox 540 1301 2137 1372">
    <p class='ocr_par' dir='ltr' id='par_1_11' title="bbox 540 1301 2137 1372">
     <span class='ocr_line' id='line_1_11' title="bbox 540 1301 2137 1372; baseline -0.001 -13"><span class='ocrx_word' id='word_1_70' title='bbox 540 1318 678 1359; x_wconf 60' lang='lat' dir='ltr'><strong>mea:</strong></span> <span class='ocrx_word' id='word_1_71' title='bbox 725 1301 1302 1372; x_wconf 68' lang='lat' dir='ltr'><strong>sepulturae-fructus;</strong></span> <span class='ocrx_word' id='word_1_72' title='bbox 1346 1302 1461 1357; x_wconf 60' lang='lat' dir='ltr'><strong>haec</strong></span> <span class='ocrx_word' id='word_1_73' title='bbox 1502 1310 1646 1358; x_wconf 88' lang='lat' dir='ltr'><strong>serta</strong></span> <span class='ocrx_word' id='word_1_74' title='bbox 1699 1314 1835 1357; x_wconf 74' lang='lat' dir='ltr'><strong>meae</strong></span> <span class='ocrx_word' id='word_1_75' title='bbox 1873 1303 2137 1359; x_wconf 81' lang='lat' dir='ltr'><strong>adversus</strong></span> 
     </span>
    </p>
   </div>
   <div class='ocr_carea' id='block_1_12' title="bbox 539 1394 2133 1466">
    <p class='ocr_par' dir='ltr' id='par_1_12' title="bbox 539 1394 2133 1466">
     <span class='ocr_line' id='line_1_12' title="bbox 539 1394 2133 1466; baseline -0.001 -15"><span class='ocrx_word' id='word_1_76' title='bbox 539 1408 773 1454; x_wconf 86' lang='lat' dir='ltr'><strong>mortem</strong></span> <span class='ocrx_word' id='word_1_77' title='bbox 809 1394 1090 1462; x_wconf 65' lang='lat' dir='ltr'><strong>victoriae;</strong></span> <span class='ocrx_word' id='word_1_78' title='bbox 1123 1395 1177 1449; x_wconf 88' lang='lat' dir='ltr'><strong>hi</strong></span> <span class='ocrx_word' id='word_1_79' title='bbox 1213 1395 1424 1466; x_wconf 85' lang='lat' dir='ltr'><strong>regales</strong></span> <span class='ocrx_word' id='word_1_80' title='bbox 1449 1394 1663 1464; x_wconf 89' lang='lat' dir='ltr'><strong>imperii</strong></span> <span class='ocrx_word' id='word_1_81' title='bbox 1692 1395 1796 1450; x_wconf 92' lang='lat' dir='ltr'><strong>mei</strong></span> <span class='ocrx_word' id='word_1_82' title='bbox 1829 1395 2133 1465; x_wconf 88' lang='lat' dir='ltr'><strong>margariti,</strong></span> 
     </span>
    </p>
   </div>
   <div class='ocr_carea' id='block_1_13' title="bbox 537 1484 2137 1561">
    <p class='ocr_par' dir='ltr' id='par_1_13' title="bbox 537 1484 2137 1561">
     <span class='ocr_line' id='line_1_13' title="bbox 537 1484 2137 1561; baseline -0.001 -18"><span class='ocrx_word' id='word_1_83' title='bbox 537 1504 682 1561; x_wconf 90' lang='lat' dir='ltr'><strong>quos</strong></span> <span class='ocrx_word' id='word_1_84' title='bbox 704 1489 1023 1560; x_wconf 79' lang='lat' dir='ltr'><strong>expiscatus</strong></span> <span class='ocrx_word' id='word_1_85' title='bbox 1052 1502 1119 1543; x_wconf 78' lang='lat' dir='ltr'><strong>ex</strong></span> <span class='ocrx_word' id='word_1_86' title='bbox 1154 1485 1353 1541; x_wconf 82' lang='lat' dir='ltr'><strong>inferni</strong></span> <span class='ocrx_word' id='word_1_87' title='bbox 1382 1484 1655 1555; x_wconf 81' lang='lat' dir='ltr'><strong>profundo</strong></span> <span class='ocrx_word' id='word_1_88' title='bbox 1684 1487 1790 1541; x_wconf 88' lang='lat' dir='ltr'><strong>mei</strong></span> <span class='ocrx_word' id='word_1_89' title='bbox 1821 1486 2137 1542; x_wconf 86' lang='lat' dir='ltr'><strong>amantibus</strong></span> 
     </span>
    </p>
   </div>
   <div class='ocr_carea' id='block_1_14' title="bbox 538 1578 2137 1650">
    <p class='ocr_par' dir='ltr' id='par_1_14' title="bbox 538 1578 2137 1650">
     <span class='ocr_line' id='line_1_14' title="bbox 538 1578 2137 1650; baseline -0.002 -14"><span class='ocrx_word' id='word_1_90' title='bbox 538 1581 719 1636; x_wconf 80' lang='lat' dir='ltr'><strong>attuli.</strong></span> <span class='ocrx_word' id='word_1_91' title='bbox 753 1580 960 1635; x_wconf 92' lang='lat' dir='ltr'><strong>Idcirco</strong></span> <span class='ocrx_word' id='word_1_92' title='bbox 994 1579 1166 1650; x_wconf 88' lang='lat' dir='ltr'><strong>igitur</strong></span> <span class='ocrx_word' id='word_1_93' title='bbox 1193 1578 1471 1650; x_wconf 81' lang='lat' dir='ltr'><strong>gaudete;</strong></span> <span class='ocrx_word' id='word_1_94' title='bbox 1504 1578 1706 1633; x_wconf 89' lang='lat' dir='ltr'><strong>choros</strong></span> <span class='ocrx_word' id='word_1_95' title='bbox 1736 1578 1921 1647; x_wconf 84' lang='lat' dir='ltr'><strong>agite;</strong></span> <span class='ocrx_word' id='word_1_96' title='bbox 1949 1579 2137 1634; x_wconf 78' lang='lat' dir='ltr'><strong>exsul-</strong></span> 
     </span>
    </p>
   </div>
   <div class='ocr_carea' id='block_1_15' title="bbox 540 1668 2135 1740">
    <p class='ocr_par' dir='ltr' id='par_1_15' title="bbox 540 1668 2135 1740">
     <span class='ocr_line' id='line_1_15' title="bbox 540 1668 2135 1740; baseline -0.001 -12"><span class='ocrx_word' id='word_1_97' title='bbox 540 1684 692 1739; x_wconf 88' lang='lat' dir='ltr'><strong>tate;</strong></span> <span class='ocrx_word' id='word_1_98' title='bbox 739 1670 937 1727; x_wconf 85' lang='lat' dir='ltr'><strong>festum</strong></span> <span class='ocrx_word' id='word_1_99' title='bbox 969 1672 1113 1727; x_wconf 88' lang='lat' dir='ltr'><strong>diem</strong></span> <span class='ocrx_word' id='word_1_100' title='bbox 1155 1686 1221 1726; x_wconf 84' lang='lat' dir='ltr'><strong>ac</strong></span> <span class='ocrx_word' id='word_1_101' title='bbox 1268 1680 1597 1725; x_wconf 85' lang='lat' dir='ltr'><strong>conventum</strong></span> <span class='ocrx_word' id='word_1_102' title='bbox 1638 1670 1820 1740; x_wconf 85' lang='lat' dir='ltr'><strong>agite:</strong></span> <span class='ocrx_word' id='word_1_103' title='bbox 1866 1668 1963 1734; x_wconf 88' lang='lat' dir='ltr'><strong>Ite,</strong></span> <span class='ocrx_word' id='word_1_104' title='bbox 1996 1670 2135 1727; x_wconf 87' lang='lat' dir='ltr'><strong>meis</strong></span> 
     </span>
    </p>
   </div>
   <div class='ocr_carea' id='block_1_16' title="bbox 539 1762 2133 1838">
    <p class='ocr_par' dir='ltr' id='par_1_16' title="bbox 539 1762 2133 1838">
     <span class='ocr_line' id='line_1_16' title="bbox 539 1762 2133 1838; baseline -0.003 -16"><span class='ocrx_word' id='word_1_105' title='bbox 539 1767 826 1838; x_wconf 82' lang='lat' dir='ltr'><strong>discipulis</strong></span> <span class='ocrx_word' id='word_1_106' title='bbox 862 1766 1207 1836; x_wconf 85' lang='lat' dir='ltr'><strong>annuntiate.</strong></span> <span class='ocrx_word' id='word_1_107' title='bbox 1258 1762 1448 1817; x_wconf 80' lang='lat' dir='ltr'><strong>Videte</strong></span> <span class='ocrx_word' id='word_1_108' title='bbox 1491 1773 1549 1817; x_wconf 92' lang='lat' dir='ltr'><strong>ut</strong></span> <span class='ocrx_word' id='word_1_109' title='bbox 1591 1764 1694 1818; x_wconf 89' lang='lat' dir='ltr'><strong>sim</strong></span> <span class='ocrx_word' id='word_1_110' title='bbox 1732 1763 2019 1819; x_wconf 89' lang='lat' dir='ltr'><strong>immemor</strong></span> <span class='ocrx_word' id='word_1_111' title='bbox 2049 1764 2133 1817; x_wconf 88' lang='lat' dir='ltr'><strong>in-</strong></span> 
     </span>
    </p>
   </div>
   <div class='ocr_carea' id='block_1_17' title="bbox 533 1829 2208 1932">
    <p class='ocr_par' dir='ltr' id='par_1_17' title="bbox 533 1829 2208 1932">
     <span class='ocr_line' id='line_1_17' title="bbox 533 1829 2208 1932; baseline -0.004 -17"><span class='ocrx_word' id='word_1_112' title='bbox 533 1829 812 1932; x_wconf 67' lang='lat' dir='ltr'><strong>iuriarum</strong></span> <span class='ocrx_word' id='word_1_113' title='bbox 834 1833 1187 1916; x_wconf 73' lang='lat' dir='ltr'><strong>acclemens&#39;.</strong></span> <span class='ocrx_word' id='word_1_114' title='bbox 1212 1856 1321 1911; x_wconf 86' lang='lat' dir='ltr'><strong>Eos</strong></span> <span class='ocrx_word' id='word_1_115' title='bbox 1339 1855 1552 1925; x_wconf 88' lang='lat' dir='ltr'><strong>appello</strong></span> <span class='ocrx_word' id='word_1_116' title='bbox 1568 1854 1789 1922; x_wconf 76' lang='lat' dir='ltr'><strong>fratres,</strong></span> <span class='ocrx_word' id='word_1_117' title='bbox 1810 1856 1905 1926; x_wconf 90' lang='lat' dir='ltr'><strong>qui</strong></span> <span class='ocrx_word' id='word_1_118' title='bbox 1925 1871 2010 1911; x_wconf 91' lang='lat' dir='ltr'><strong>me</strong></span> <span class='ocrx_word' id='word_1_119' title='bbox 2032 1856 2131 1910; x_wconf 85' lang='lat' dir='ltr'><strong>de-</strong></span> <span class='ocrx_word' id='word_1_120' title='bbox 2167 1829 2208 1889; x_wconf 70' lang='grc' dir='ltr'><strong><em>Β</em></strong></span> 
     </span>
    </p>
   </div>
   <div class='ocr_carea' id='block_1_18' title="bbox 538 1946 2133 2024">
    <p class='ocr_par' dir='ltr' id='par_1_18' title="bbox 538 1946 2133 2024">
     <span class='ocr_line' id='line_1_18' title="bbox 538 1946 2133 2024; baseline -0.004 -17"><span class='ocrx_word' id='word_1_121' title='bbox 538 1954 879 2024; x_wconf 87' lang='lat' dir='ltr'><strong>reliquerunt</strong></span> <span class='ocrx_word' id='word_1_122' title='bbox 916 1951 1019 2005; x_wconf 87' lang='lat' dir='ltr'><strong>sub</strong></span> <span class='ocrx_word' id='word_1_123' title='bbox 1056 1948 1331 2020; x_wconf 82' lang='lat' dir='ltr'><strong>passionis</strong></span> <span class='ocrx_word' id='word_1_124' title='bbox 1370 1956 1608 2017; x_wconf 85' lang='lat' dir='ltr'><strong>tempus.</strong></span> <span class='ocrx_word' id='word_1_125' title='bbox 1640 1946 1776 2001; x_wconf 84' lang='lat' dir='ltr'><strong>Novi</strong></span> <span class='ocrx_word' id='word_1_126' title='bbox 1815 1948 2017 2018; x_wconf 89' lang='lat' dir='ltr'><strong>quippe</strong></span> <span class='ocrx_word' id='word_1_127' title='bbox 2046 1948 2133 2001; x_wconf 90' lang='lat' dir='ltr'><strong>in-</strong></span> 
     </span>
    </p>
   </div>
   <div class='ocr_carea' id='block_1_19' title="bbox 533 2043 2131 2119">
    <p class='ocr_par' dir='ltr' id='par_1_19' title="bbox 533 2043 2131 2119">
     <span class='ocr_line' id='line_1_19' title="bbox 533 2043 2131 2119; baseline -0.003 -17"><span class='ocrx_word' id='word_1_128' title='bbox 533 2049 678 2119; x_wconf 83' lang='lat' dir='ltr'><strong>juria</strong></span> <span class='ocrx_word' id='word_1_129' title='bbox 712 2047 940 2102; x_wconf 68' lang='lat' dir='ltr'><strong>allectus</strong></span> <span class='ocrx_word' id='word_1_130' title='bbox 970 2044 1111 2099; x_wconf 86' lang='lat' dir='ltr'><strong>ferre</strong></span> <span class='ocrx_word' id='word_1_131' title='bbox 1140 2043 1509 2114; x_wconf 85' lang='lat' dir='ltr'><strong>longanimis:</strong></span> <span class='ocrx_word' id='word_1_132' title='bbox 1555 2044 1704 2107; x_wconf 84' lang='lat' dir='ltr'><strong>novi,</strong></span> <span class='ocrx_word' id='word_1_133' title='bbox 1733 2043 1930 2113; x_wconf 89' lang='lat' dir='ltr'><strong>ingrati</strong></span> <span class='ocrx_word' id='word_1_134' title='bbox 1961 2043 2131 2097; x_wconf 85' lang='lat' dir='ltr'><strong>animi</strong></span> 
     </span>
    </p>
   </div>
   <div class='ocr_carea' id='block_1_20' title="bbox 534 2133 2133 2209">
    <p class='ocr_par' dir='ltr' id='par_1_20' title="bbox 534 2133 2133 2209">
     <span class='ocr_line' id='line_1_20' title="bbox 534 2133 2133 2209; baseline -0.003 -15"><span class='ocrx_word' id='word_1_135' title='bbox 534 2155 603 2194; x_wconf 82' lang='lat' dir='ltr'><strong>ac.</strong></span> <span class='ocrx_word' id='word_1_136' title='bbox 623 2138 853 2209; x_wconf 86' lang='lat' dir='ltr'><strong>improbi</strong></span> <span class='ocrx_word' id='word_1_137' title='bbox 886 2136 1015 2191; x_wconf 85' lang='lat' dir='ltr'><strong>vitia</strong></span> <span class='ocrx_word' id='word_1_138' title='bbox 1037 2136 1347 2200; x_wconf 89' lang='lat' dir='ltr'><strong>sustinere;</strong></span> <span class='ocrx_word' id='word_1_139' title='bbox 1374 2133 1501 2188; x_wconf 85' lang='lat' dir='ltr'><strong>novi</strong></span> <span class='ocrx_word' id='word_1_140' title='bbox 1531 2149 1621 2188; x_wconf 89' lang='lat' dir='ltr'><strong>me</strong></span> <span class='ocrx_word' id='word_1_141' title='bbox 1649 2134 1955 2189; x_wconf 87' lang='lat' dir='ltr'><strong>amicorum</strong></span> <span class='ocrx_word' id='word_1_142' title='bbox 1979 2148 2133 2189; x_wconf 88' lang='lat' dir='ltr'><strong>meo-</strong></span> 
     </span>
    </p>
   </div>
   <div class='ocr_carea' id='block_1_21' title="bbox 542 2223 2132 2297">
    <p class='ocr_par' dir='ltr' id='par_1_21' title="bbox 542 2223 2132 2297">
     <span class='ocr_line' id='line_1_21' title="bbox 542 2223 2132 2297; baseline -0.003 -11"><span class='ocrx_word' id='word_1_143' title='bbox 542 2248 664 2286; x_wconf 91' lang='lat' dir='ltr'><strong>rum</strong></span> <span class='ocrx_word' id='word_1_144' title='bbox 712 2228 1130 2285; x_wconf 86' lang='lat' dir='ltr'><strong>inlirmitatibus</strong></span> <span class='ocrx_word' id='word_1_145' title='bbox 1169 2226 1412 2297; x_wconf 68' lang='lat' dir='ltr'><strong>praebere</strong></span> <span class='ocrx_word' id='word_1_146' title='bbox 1458 2223 1716 2292; x_wconf 80' lang='lat' dir='ltr'><strong>facilem;</strong></span> <span class='ocrx_word' id='word_1_147' title='bbox 1768 2225 1895 2280; x_wconf 88' lang='lat' dir='ltr'><strong>novi</strong></span> <span class='ocrx_word' id='word_1_148' title='bbox 1940 2225 2132 2282; x_wconf 82' lang='lat' dir='ltr'><strong>ﬂentes</strong></span> 
     </span>
    </p>
   </div>
   <div class='ocr_carea' id='block_1_22' title="bbox 537 2315 2127 2394">
    <p class='ocr_par' dir='ltr' id='par_1_22' title="bbox 537 2315 2127 2394">
     <span class='ocr_line' id='line_1_22' title="bbox 537 2315 2127 2394; baseline -0.004 -17"><span class='ocrx_word' id='word_1_149' title='bbox 537 2331 854 2394; x_wconf 80' lang='lat' dir='ltr'><strong>peccatores</strong></span> <span class='ocrx_word' id='word_1_150' title='bbox 889 2318 1269 2375; x_wconf 84' lang='lat' dir='ltr'><strong>misericordia</strong></span> <span class='ocrx_word' id='word_1_151' title='bbox 1314 2316 1571 2388; x_wconf 84' lang='lat' dir='ltr'><strong>prosequi</strong></span> <span class='ocrx_word' id='word_1_152' title='bbox 1611 2330 1677 2372; x_wconf 89' lang='lat' dir='ltr'><strong>ac</strong></span> <span class='ocrx_word' id='word_1_153' title='bbox 1717 2317 1981 2387; x_wconf 80' lang='lat' dir='ltr'><strong>recipere.</strong></span> <span class='ocrx_word' id='word_1_154' title='bbox 2024 2315 2127 2384; x_wconf 81' lang='lat' dir='ltr'><strong>Ite,</strong></span> 
     </span>
    </p>
   </div>
   <div class='ocr_carea' id='block_1_23' title="bbox 534 2409 2131 2483">
    <p class='ocr_par' dir='ltr' id='par_1_23' title="bbox 534 2409 2131 2483">
     <span class='ocr_line' id='line_1_23' title="bbox 534 2409 2131 2483; baseline -0.002 -14"><span class='ocrx_word' id='word_1_155' title='bbox 534 2416 781 2470; x_wconf 71' lang='lat' dir='ltr'><strong>nuntiate</strong></span> <span class='ocrx_word' id='word_1_156' title='bbox 806 2413 1067 2483; x_wconf 76' lang='lat' dir='ltr'><strong>fratribus</strong></span> <span class='ocrx_word' id='word_1_157' title='bbox 1103 2414 1256 2477; x_wconf 78' lang='lat' dir='ltr'><strong>meis,</strong></span> <span class='ocrx_word' id='word_1_158' title='bbox 1284 2422 1342 2465; x_wconf 81' lang='grc' dir='ltr'><strong>ιιι</strong></span> <span class='ocrx_word' id='word_1_159' title='bbox 1372 2420 1497 2465; x_wconf 82' lang='lat' dir='ltr'><strong>eant</strong></span> <span class='ocrx_word' id='word_1_160' title='bbox 1514 2412 1573 2465; x_wconf 78' lang='lat' dir='ltr'><strong>in</strong></span> <span class='ocrx_word' id='word_1_161' title='bbox 1607 2409 1915 2477; x_wconf 75' lang='lat' dir='ltr'><strong>Galilcem,</strong></span> <span class='ocrx_word' id='word_1_162' title='bbox 1944 2412 2019 2466; x_wconf 80' lang='lat' dir='ltr'><strong>ibi</strong></span> <span class='ocrx_word' id='word_1_163' title='bbox 2047 2427 2131 2467; x_wconf 80' lang='lat' dir='ltr'><strong>me</strong></span> 
     </span>
    </p>
   </div>
   <div class='ocr_carea' id='block_1_24' title="bbox 534 2504 2130 2575">
    <p class='ocr_par' dir='ltr' id='par_1_24' title="bbox 534 2504 2130 2575">
     <span class='ocr_line' id='line_1_24' title="bbox 534 2504 2130 2575; baseline -0.002 -13"><span class='ocrx_word' id='word_1_164' title='bbox 534 2507 873 2563; x_wconf 78' lang='lat' dir='ltr'><strong>videbunt“.</strong></span> <span class='ocrx_word' id='word_1_165' title='bbox 907 2505 1168 2561; x_wconf 79' lang='lat' dir='ltr'><strong>Nuntiate</strong></span> <span class='ocrx_word' id='word_1_166' title='bbox 1208 2504 1494 2575; x_wconf 86' lang='lat' dir='ltr'><strong>discipulis</strong></span> <span class='ocrx_word' id='word_1_167' title='bbox 1538 2504 1677 2559; x_wconf 89' lang='lat' dir='ltr'><strong>meis</strong></span> <span class='ocrx_word' id='word_1_168' title='bbox 1706 2520 1831 2575; x_wconf 71' lang='lat' dir='ltr'><strong>qua:</strong></span> <span class='ocrx_word' id='word_1_169' title='bbox 1862 2518 1961 2561; x_wconf 84' lang='lat' dir='ltr'><strong>vos</strong></span> <span class='ocrx_word' id='word_1_170' title='bbox 1992 2505 2130 2560; x_wconf 77' lang='lat' dir='ltr'><strong>vidi-</strong></span> 
     </span>
    </p>
   </div>
   <div class='ocr_carea' id='block_1_25' title="bbox 535 2594 2125 2672">
    <p class='ocr_par' dir='ltr' id='par_1_25' title="bbox 535 2594 2125 2672">
     <span class='ocr_line' id='line_1_25' title="bbox 535 2594 2125 2672; baseline -0.004 -16"><span class='ocrx_word' id='word_1_171' title='bbox 535 2601 638 2656; x_wconf 90' lang='lat' dir='ltr'><strong>stis</strong></span> <span class='ocrx_word' id='word_1_172' title='bbox 663 2600 942 2672; x_wconf 85' lang='lat' dir='ltr'><strong>mysteria.</strong></span> <span class='ocrx_word' id='word_1_173' title='bbox 975 2598 1163 2653; x_wconf 84' lang='lat' dir='ltr'><strong>Estnte</strong></span> <span class='ocrx_word' id='word_1_174' title='bbox 1188 2597 1577 2668; x_wconf 82' lang='lat' dir='ltr'><strong>magistrorum</strong></span> <span class='ocrx_word' id='word_1_175' title='bbox 1607 2595 1799 2666; x_wconf 64' lang='lat' dir='ltr'><strong>prima:</strong></span> <span class='ocrx_word' id='word_1_176' title='bbox 1829 2594 2125 2665; x_wconf 58' lang='lat' dir='ltr'><strong>magistrae.</strong></span> 
     </span>
    </p>
   </div>
   <div class='ocr_carea' id='block_1_26' title="bbox 536 2688 2129 2763">
    <p class='ocr_par' dir='ltr' id='par_1_26' title="bbox 536 2688 2129 2763">
     <span class='ocr_line' id='line_1_26' title="bbox 536 2688 2129 2763; baseline -0.005 -13"><span class='ocrx_word' id='word_1_177' title='bbox 536 2694 724 2750; x_wconf 90' lang='lat' dir='ltr'><strong>Discat</strong></span> <span class='ocrx_word' id='word_1_178' title='bbox 756 2691 952 2748; x_wconf 80' lang='lat' dir='ltr'><strong>Petrus</strong></span> <span class='ocrx_word' id='word_1_179' title='bbox 978 2692 1072 2763; x_wconf 91' lang='lat' dir='ltr'><strong>qui</strong></span> <span class='ocrx_word' id='word_1_180' title='bbox 1111 2705 1200 2746; x_wconf 90' lang='lat' dir='ltr'><strong>me</strong></span> <span class='ocrx_word' id='word_1_181' title='bbox 1230 2690 1470 2761; x_wconf 81' lang='lat' dir='ltr'><strong>negavit,</strong></span> <span class='ocrx_word' id='word_1_182' title='bbox 1499 2702 1664 2760; x_wconf 84' lang='lat' dir='ltr'><strong>posse</strong></span> <span class='ocrx_word' id='word_1_183' title='bbox 1698 2704 1789 2743; x_wconf 89' lang='lat' dir='ltr'><strong>me</strong></span> <span class='ocrx_word' id='word_1_184' title='bbox 1812 2688 1977 2743; x_wconf 88' lang='lat' dir='ltr'><strong>etiam</strong></span> <span class='ocrx_word' id='word_1_185' title='bbox 2007 2702 2129 2743; x_wconf 88' lang='lat' dir='ltr'><strong>mu-</strong></span> 
     </span>
    </p>
   </div>
   <div class='ocr_carea' id='block_1_27' title="bbox 532 2780 2129 2858">
    <p class='ocr_par' dir='ltr' id='par_1_27' title="bbox 532 2780 2129 2858">
     <span class='ocr_line' id='line_1_27' title="bbox 532 2780 2129 2858; baseline -0.006 -15"><span class='ocrx_word' id='word_1_186' title='bbox 532 2788 695 2844; x_wconf 84' lang='lat' dir='ltr'><strong>lieres</strong></span> <span class='ocrx_word' id='word_1_187' title='bbox 725 2786 1004 2858; x_wconf 84' lang='lat' dir='ltr'><strong>apostolas</strong></span> <span class='ocrx_word' id='word_1_188' title='bbox 1028 2798 1236 2840; x_wconf 81' lang='lat' dir='ltr'><strong>creare.</strong></span> <span class='ocrx_word' id='word_1_189' title='bbox 1271 2781 1411 2838; x_wconf 86' lang='lat' dir='ltr'><strong>Eant</strong></span> <span class='ocrx_word' id='word_1_190' title='bbox 1442 2783 1497 2837; x_wconf 92' lang='lat' dir='ltr'><strong>in</strong></span> <span class='ocrx_word' id='word_1_191' title='bbox 1532 2781 1846 2850; x_wconf 64' lang='lat' dir='ltr'><strong>Galileam;</strong></span> <span class='ocrx_word' id='word_1_192' title='bbox 1882 2780 2129 2836; x_wconf 80' lang='lat' dir='ltr'><strong>videant-</strong></span> 
     </span>
    </p>
   </div>
   <div class='ocr_carea' id='block_1_28' title="bbox 532 2872 2126 2951">
    <p class='ocr_par' dir='ltr' id='par_1_28' title="bbox 532 2872 2126 2951">
     <span class='ocr_line' id='line_1_28' title="bbox 532 2872 2126 2951; baseline -0.005 -16"><span class='ocrx_word' id='word_1_193' title='bbox 532 2894 642 2951; x_wconf 87' lang='lat' dir='ltr'><strong>que</strong></span> <span class='ocrx_word' id='word_1_194' title='bbox 689 2878 798 2933; x_wconf 81' lang='lat' dir='ltr'><strong>vile</strong></span> <span class='ocrx_word' id='word_1_195' title='bbox 841 2886 1095 2948; x_wconf 82' lang='lat' dir='ltr'><strong>stagnum</strong></span> <span class='ocrx_word' id='word_1_196' title='bbox 1138 2890 1204 2929; x_wconf 77' lang='lat' dir='ltr'><strong>ex</strong></span> <span class='ocrx_word' id='word_1_197' title='bbox 1249 2889 1360 2945; x_wconf 88' lang='lat' dir='ltr'><strong>quo</strong></span> <span class='ocrx_word' id='word_1_198' title='bbox 1389 2873 1457 2928; x_wconf 86' lang='lat' dir='ltr'><strong>ad</strong></span> <span class='ocrx_word' id='word_1_199' title='bbox 1498 2872 1850 2929; x_wconf 85' lang='lat' dir='ltr'><strong>rationalium</strong></span> <span class='ocrx_word' id='word_1_200' title='bbox 1893 2873 2126 2944; x_wconf 88' lang='lat' dir='ltr'><strong>piscium</strong></span> 
     </span>
    </p>
   </div>
   <div class='ocr_carea' id='block_1_29' title="bbox 535 2963 2128 3042">
    <p class='ocr_par' dir='ltr' id='par_1_29' title="bbox 535 2963 2128 3042">
     <span class='ocr_line' id='line_1_29' title="bbox 535 2963 2128 3042; baseline -0.004 -17"><span class='ocrx_word' id='word_1_201' title='bbox 535 2972 893 3042; x_wconf 77' lang='lat' dir='ltr'><strong>piscationem</strong></span> <span class='ocrx_word' id='word_1_202' title='bbox 924 2983 1022 3024; x_wconf 89' lang='lat' dir='ltr'><strong>eos</strong></span> <span class='ocrx_word' id='word_1_203' title='bbox 1050 2968 1293 3039; x_wconf 87' lang='lat' dir='ltr'><strong>piscatus</strong></span> <span class='ocrx_word' id='word_1_204' title='bbox 1324 2981 1471 3022; x_wconf 88' lang='lat' dir='ltr'><strong>sum.</strong></span> <span class='ocrx_word' id='word_1_205' title='bbox 1502 2963 1737 3021; x_wconf 83' lang='lat' dir='ltr'><strong>Videant</strong></span> <span class='ocrx_word' id='word_1_206' title='bbox 1768 2975 2022 3036; x_wconf 86' lang='lat' dir='ltr'><strong>stagnum</strong></span> <span class='ocrx_word' id='word_1_207' title='bbox 2062 2964 2128 3019; x_wconf 90' lang='lat' dir='ltr'><strong>il-</strong></span> 
     </span>
    </p>
   </div>
   <div class='ocr_carea' id='block_1_30' title="bbox 530 3057 2124 3129">
    <p class='ocr_par' dir='ltr' id='par_1_30' title="bbox 530 3057 2124 3129">
     <span class='ocr_line' id='line_1_30' title="bbox 530 3057 2124 3129; baseline -0.004 -9"><span class='ocrx_word' id='word_1_208' title='bbox 530 3063 648 3129; x_wconf 88' lang='lat' dir='ltr'><strong>lud,</strong></span> <span class='ocrx_word' id='word_1_209' title='bbox 681 3064 826 3119; x_wconf 90' lang='lat' dir='ltr'><strong>unde</strong></span> <span class='ocrx_word' id='word_1_210' title='bbox 857 3076 956 3118; x_wconf 88' lang='lat' dir='ltr'><strong>eos</strong></span> <span class='ocrx_word' id='word_1_211' title='bbox 982 3061 1049 3117; x_wconf 84' lang='lat' dir='ltr'><strong>ad</strong></span> <span class='ocrx_word' id='word_1_212' title='bbox 1081 3061 1367 3118; x_wconf 86' lang='lat' dir='ltr'><strong>hominum</strong></span> <span class='ocrx_word' id='word_1_213' title='bbox 1395 3074 1545 3115; x_wconf 89' lang='lat' dir='ltr'><strong>mare</strong></span> <span class='ocrx_word' id='word_1_214' title='bbox 1575 3058 1717 3114; x_wconf 89' lang='lat' dir='ltr'><strong>bello</strong></span> <span class='ocrx_word' id='word_1_215' title='bbox 1744 3057 2124 3115; x_wconf 85' lang='lat' dir='ltr'><strong>lacessendqu</strong></span> 
     </span>
    </p>
   </div>
   <div class='ocr_carea' id='block_1_31' title="bbox 529 3154 902 3224">
    <p class='ocr_par' dir='ltr' id='par_1_31' title="bbox 529 3154 902 3224">
     <span class='ocr_line' id='line_1_31' title="bbox 529 3154 902 3224; baseline -0.019 -12"><span class='ocrx_word' id='word_1_216' title='bbox 529 3154 830 3224; x_wconf 87' lang='lat' dir='ltr'><strong>assumpsi.</strong></span> <span class='ocrx_word' id='word_1_217' title='bbox 882 3172 902 3205; x_wconf 72' lang='grc' dir='ltr'><strong>ι</strong></span> 
     </span>
    </p>
   </div>
   <div class='ocr_carea' id='block_1_32' title="bbox 2153 3150 2201 3215">
    <p class='ocr_par' dir='ltr' id='par_1_32' title="bbox 2153 3150 2201 3215">
     <span class='ocr_line' id='line_1_32' title="bbox 2153 3150 2201 3215; baseline 0 0"><span class='ocrx_word' id='word_1_218' title='bbox 2153 3150 2201 3215; x_wconf 86' lang='lat' dir='ltr'><strong><em>C</em></strong></span> 
     </span>
    </p>
   </div>
   <div class='ocr_carea' id='block_1_33' title="bbox 1555 363 2821 434">
    <p class='ocr_par' dir='ltr' id='par_1_33' title="bbox 1555 363 2821 434">
     <span class='ocr_line' id='line_1_33' title="bbox 1555 363 2821 434; baseline 0.009 -10"><span class='ocrx_word' id='word_1_219' title='bbox 1555 363 1936 425; x_wconf 80' lang='lat' dir='ltr'><strong>GREGORII</strong></span> <span class='ocrx_word' id='word_1_220' title='bbox 1965 363 2311 427; x_wconf 71' lang='lat' dir='ltr'><strong>EPISCOPI</strong></span> <span class='ocrx_word' id='word_1_221' title='bbox 2348 370 2821 434; x_wconf 80' lang='lat' dir='ltr'><strong>ANTIOCHENI</strong></span> 
     </span>
    </p>
   </div>
   <div class='ocr_carea' id='block_1_34' title="bbox 3648 399 3769 469">
    <p class='ocr_par' dir='ltr' id='par_1_34' title="bbox 3648 399 3769 469">
     <span class='ocr_line' id='line_1_34' title="bbox 3648 399 3769 469; baseline -0.025 -9"><span class='ocrx_word' id='word_1_222' title='bbox 3648 399 3769 469; x_wconf 53' lang='lat'><strong>135‘,</strong></span> 
     </span>
    </p>
   </div>
   <div class='ocr_carea' id='block_1_35' title="bbox 2240 481 3773 572">
    <p class='ocr_par' dir='ltr' id='par_1_35' title="bbox 2240 481 3773 572">
     <span class='ocr_line' id='line_1_35' title="bbox 2240 481 3773 572; baseline 0.015 -38"><span class='ocrx_word' id='word_1_223' title='bbox 2240 481 2485 536; x_wconf 78' lang='grc' dir='ltr'>λέλυται·</span> <span class='ocrx_word' id='word_1_224' title='bbox 2543 487 2575 538; x_wconf 81' lang='grc' dir='ltr'><strong>ὁ</strong></span> <span class='ocrx_word' id='word_1_225' title='bbox 2630 488 2869 559; x_wconf 79' lang='grc' dir='ltr'>πονηρὸς</span> <span class='ocrx_word' id='word_1_226' title='bbox 2926 489 3049 559; x_wconf 75' lang='grc' dir='ltr'>δςρις</span> <span class='ocrx_word' id='word_1_227' title='bbox 3099 493 3404 569; x_wconf 87' lang='grc' dir='ltr'>πεπάτηται</span> <span class='ocrx_word' id='word_1_228' title='bbox 3485 505 3513 559; x_wconf 79' lang='grc' dir='ltr'><strong>ὁ</strong></span> <span class='ocrx_word' id='word_1_229' title='bbox 3561 507 3773 572; x_wconf 51' lang='lat' dir='ltr'><strong>suam:</strong></span> 
     </span>
    </p>
   </div>
   <div class='ocr_carea' id='block_1_36' title="bbox 2243 562 3782 668">
    <p class='ocr_par' dir='ltr' id='par_1_36' title="bbox 2243 562 3782 668">
     <span class='ocr_line' id='line_1_36' title="bbox 2243 562 3782 668; baseline 0.018 -42"><span class='ocrx_word' id='word_1_230' title='bbox 2243 574 2698 668; x_wconf 64' lang='grc' dir='ltr'>καταπέπτωκεν·</span> <span class='ocrx_word' id='word_1_231' title='bbox 2765 580 2817 633; x_wconf 78' lang='lat' dir='ltr'><strong>oi</strong></span> <span class='ocrx_word' id='word_1_232' title='bbox 2881 576 2977 634; x_wconf 78' lang='grc' dir='ltr'><strong>τοῦ</strong></span> <span class='ocrx_word' id='word_1_233' title='bbox 3048 562 3313 640; x_wconf 46' lang='grc' dir='ltr'>διαϐόλου.</span> <span class='ocrx_word' id='word_1_234' title='bbox 3353 562 3782 668; x_wconf 32' lang='grc' dir='ltr'>συνήγοροι-ἔξ</span> 
     </span>
    </p>
   </div>
   <div class='ocr_carea' id='block_1_37' title="bbox 2240 662 3782 753">
    <p class='ocr_par' dir='ltr' id='par_1_37' title="bbox 2240 662 3782 753">
     <span class='ocr_line' id='line_1_37' title="bbox 2240 662 3782 753; baseline 0.012 -37"><span class='ocrx_word' id='word_1_235' title='bbox 2240 662 2614 735; x_wconf 78' lang='grc' dir='ltr'>ῃσχύνθησαν·</span> <span class='ocrx_word' id='word_1_236' title='bbox 2670 669 2720 721; x_wconf 87' lang='grc' dir='ltr'>οἱ</span> <span class='ocrx_word' id='word_1_237' title='bbox 2788 670 3041 741; x_wconf 85' lang='grc' dir='ltr'>πολέμιοι</span> <span class='ocrx_word' id='word_1_238' title='bbox 3104 662 3503 749; x_wconf 74' lang='grc' dir='ltr'>καθῃρέθησαν·</span> <span class='ocrx_word' id='word_1_239' title='bbox 3550 662 3782 753; x_wconf 50' lang='lat' dir='ltr'><strong>&quot;laesam</strong></span> 
     </span>
    </p>
   </div>
   <div class='ocr_carea' id='block_1_38' title="bbox 2243 755 3786 845">
    <p class='ocr_par' dir='ltr' id='par_1_38' title="bbox 2243 755 3786 845">
     <span class='ocr_line' id='line_1_38' title="bbox 2243 755 3786 845; baseline 0.019 -35"><span class='ocrx_word' id='word_1_240' title='bbox 2243 755 2533 813; x_wconf 78' lang='grc' dir='ltr'><strong>πενθοῦσιν</strong></span> <span class='ocrx_word' id='word_1_241' title='bbox 2559 762 2992 834; x_wconf 88' lang='grc' dir='ltr'>άπαραμύθητα·</span> <span class='ocrx_word' id='word_1_242' title='bbox 3019 768 3300 840; x_wconf 75' lang='grc' dir='ltr'><strong>Φαρισαῖοι</strong></span> <span class='ocrx_word' id='word_1_243' title='bbox 3330 772 3576 845; x_wconf 69' lang='grc' dir='ltr'>θρηνοῦσι</span> <span class='ocrx_word' id='word_1_244' title='bbox 3604 784 3661 837; x_wconf 73' lang='grc' dir='ltr'>τὸ</span> <span class='ocrx_word' id='word_1_245' title='bbox 3683 790 3786 843; x_wconf 75' lang='grc' dir='ltr'>τό).-</span> 
     </span>
    </p>
   </div>
   <div class='ocr_carea' id='block_1_39' title="bbox 2245 851 3824 946">
    <p class='ocr_par' dir='ltr' id='par_1_39' title="bbox 2245 851 3824 946">
     <span class='ocr_line' id='line_1_39' title="bbox 2245 851 3824 946; baseline 0.021 -30"><span class='ocrx_word' id='word_1_246' title='bbox 2245 851 2494 946; x_wconf 46' lang='grc' dir='ltr'>μῃμξιχὸ</span> <span class='ocrx_word' id='word_1_247' title='bbox 2522 854 2755 946; x_wconf 55' lang='lat' dir='ltr'><strong>«fauet»;</strong></span> <span class='ocrx_word' id='word_1_248' title='bbox 2797 854 2826 906; x_wconf 79' lang='grc' dir='ltr'><strong>ό</strong></span> <span class='ocrx_word' id='word_1_249' title='bbox 2862 856 2995 926; x_wconf 74' lang='grc' dir='ltr'>ἐμὸς</span> <span class='ocrx_word' id='word_1_250' title='bbox 3022 856 3180 931; x_wconf 75' lang='grc' dir='ltr'>ὤφθη</span> <span class='ocrx_word' id='word_1_251' title='bbox 3212 865 3532 938; x_wconf 81' lang='grc' dir='ltr'><strong>συνήγορος·</strong></span> <span class='ocrx_word' id='word_1_252' title='bbox 3574 872 3604 926; x_wconf 66' lang='grc' dir='ltr'><strong>ὁ</strong></span> <span class='ocrx_word' id='word_1_253' title='bbox 3638 878 3824 946; x_wconf 56' lang='grc' dir='ltr'><strong>τάττετ’</strong></span> 
     </span>
    </p>
   </div>
   <div class='ocr_carea' id='block_1_40' title="bbox 2239 938 3791 1036">
    <p class='ocr_par' dir='ltr' id='par_1_40' title="bbox 2239 938 3791 1036">
     <span class='ocr_line' id='line_1_40' title="bbox 2239 938 3791 1036; baseline 0.021 -49"><span class='ocrx_word' id='word_1_254' title='bbox 2239 938 2341 1036; x_wconf 50' lang='grc' dir='ltr'><strong>⁸ἑῆς</strong></span> <span class='ocrx_word' id='word_1_255' title='bbox 2367 938 2509 1036; x_wconf 64' lang='grc' dir='ltr'>ἐμῆς</span> <span class='ocrx_word' id='word_1_256' title='bbox 2546 939 2834 1036; x_wconf 76' lang='grc' dir='ltr'>δυνάμεως</span> <span class='ocrx_word' id='word_1_257' title='bbox 2864 946 3076 1036; x_wconf 82' lang='grc' dir='ltr'>μάρτυς</span> <span class='ocrx_word' id='word_1_258' title='bbox 3115 949 3355 1018; x_wconf 72' lang='grc' dir='ltr'>ἐγένετο·</span> <span class='ocrx_word' id='word_1_259' title='bbox 3394 957 3423 1009; x_wconf 84' lang='grc' dir='ltr'><strong>δ</strong></span> <span class='ocrx_word' id='word_1_260' title='bbox 3457 956 3671 1024; x_wconf 86' lang='grc' dir='ltr'>θάνατος</span> 
     </span>
    </p>
   </div>
   <div class='ocr_carea' id='block_1_41' title="bbox 2238 1022 3793 1122">
    <p class='ocr_par' dir='ltr' id='par_1_41' title="bbox 2238 1022 3793 1122">
     <span class='ocr_line' id='line_1_41' title="bbox 2238 1022 3793 1122; baseline 0.016 -42"><span class='ocrx_word' id='word_1_261' title='bbox 2238 1022 2411 1099; x_wconf 83' lang='grc' dir='ltr'>ἧτταν</span> <span class='ocrx_word' id='word_1_262' title='bbox 2455 1031 2732 1102; x_wconf 83' lang='grc' dir='ltr'>ὁμολογεῖ·</span> <span class='ocrx_word' id='word_1_263' title='bbox 2770 1036 2801 1106; x_wconf 71' lang='grc' dir='ltr'>ι,</span> <span class='ocrx_word' id='word_1_264' title='bbox 2829 1034 3103 1095; x_wconf 71' lang='grc' dir='ltr'>ἀθανασία</span> <span class='ocrx_word' id='word_1_265' title='bbox 3131 1043 3247 1104; x_wconf 89' lang='grc' dir='ltr'>τοῖς</span> <span class='ocrx_word' id='word_1_266' title='bbox 3279 1041 3578 1116; x_wconf 82' lang='grc' dir='ltr'>ἀνθρώποις</span> <span class='ocrx_word' id='word_1_267' title='bbox 3607 1022 3793 1122; x_wconf 63' lang='grc' dir='ltr'><strong>ιέτυτὲ-</strong></span> 
     </span>
    </p>
   </div>
   <div class='ocr_carea' id='block_1_42' title="bbox 2238 1129 3793 1208">
    <p class='ocr_par' dir='ltr' id='par_1_42' title="bbox 2238 1129 3793 1208">
     <span class='ocr_line' id='line_1_42' title="bbox 2238 1129 3793 1208; baseline 0.017 -32"><span class='ocrx_word' id='word_1_268' title='bbox 2238 1140 2505 1195; x_wconf 86' lang='grc' dir='ltr'>γραπται·</span> <span class='ocrx_word' id='word_1_269' title='bbox 2535 1129 2596 1180; x_wconf 87' lang='grc' dir='ltr'>ἐν</span> <span class='ocrx_word' id='word_1_270' title='bbox 2618 1130 2744 1200; x_wconf 79' lang='grc' dir='ltr'>ἐμοὶ</span> <span class='ocrx_word' id='word_1_271' title='bbox 2764 1129 2872 1184; x_wconf 91' lang='grc' dir='ltr'><strong>τῶν</strong></span> <span class='ocrx_word' id='word_1_272' title='bbox 2900 1132 3205 1205; x_wconf 79' lang='grc' dir='ltr'>ἀνθρώπων</span> <span class='ocrx_word' id='word_1_273' title='bbox 3233 1138 3267 1208; x_wconf 81' lang='grc' dir='ltr'><strong>ή</strong></span> <span class='ocrx_word' id='word_1_274' title='bbox 3290 1138 3451 1207; x_wconf 80' lang='grc' dir='ltr'>φύσις</span> <span class='ocrx_word' id='word_1_275' title='bbox 3475 1143 3793 1204; x_wconf 84' lang='grc' dir='ltr'>ἀνακεκαίνι-</span> 
     </span>
    </p>
   </div>
   <div class='ocr_carea' id='block_1_43' title="bbox 2240 1219 3793 1306">
    <p class='ocr_par' dir='ltr' id='par_1_43' title="bbox 2240 1219 3793 1306">
     <span class='ocr_line' id='line_1_43' title="bbox 2240 1219 3793 1306; baseline 0.018 -37"><span class='ocrx_word' id='word_1_276' title='bbox 2240 1233 2385 1271; x_wconf 86' lang='grc' dir='ltr'>σται·</span> <span class='ocrx_word' id='word_1_277' title='bbox 2421 1219 2481 1271; x_wconf 79' lang='grc' dir='ltr'><strong>ἐν</strong></span> <span class='ocrx_word' id='word_1_278' title='bbox 2529 1222 2655 1291; x_wconf 78' lang='grc' dir='ltr'>ἐμοὶ</span> <span class='ocrx_word' id='word_1_279' title='bbox 2698 1223 2904 1287; x_wconf 84' lang='grc' dir='ltr'>πάντες</span> <span class='ocrx_word' id='word_1_280' title='bbox 2933 1226 2984 1278; x_wconf 77' lang='lat' dir='ltr'><strong>oi</strong></span> <span class='ocrx_word' id='word_1_281' title='bbox 3013 1228 3379 1297; x_wconf 87' lang='grc' dir='ltr'>νεκρωθέντες</span> <span class='ocrx_word' id='word_1_282' title='bbox 3423 1233 3700 1306; x_wconf 78' lang='grc' dir='ltr'>ἀνέζησαν·</span> <span class='ocrx_word' id='word_1_283' title='bbox 3741 1243 3793 1297; x_wconf 84' lang='grc' dir='ltr'>ἐν</span> 
     </span>
    </p>
   </div>
   <div class='ocr_carea' id='block_1_44' title="bbox 2237 1306 3794 1394">
    <p class='ocr_par' dir='ltr' id='par_1_44' title="bbox 2237 1306 3794 1394">
     <span class='ocr_line' id='line_1_44' title="bbox 2237 1306 3794 1394; baseline 0.017 -36"><span class='ocrx_word' id='word_1_284' title='bbox 2237 1306 2364 1376; x_wconf 74' lang='grc' dir='ltr'>ἐμοὶ</span> <span class='ocrx_word' id='word_1_285' title='bbox 2393 1308 2671 1380; x_wconf 76' lang='grc' dir='ltr'><strong>βασιλεύει</strong></span> <span class='ocrx_word' id='word_1_286' title='bbox 2693 1311 2756 1366; x_wconf 82' lang='grc' dir='ltr'>τὸ</span> <span class='ocrx_word' id='word_1_287' title='bbox 2780 1313 3032 1387; x_wconf 79' lang='grc' dir='ltr'>φύραμα·</span> <span class='ocrx_word' id='word_1_288' title='bbox 3063 1317 3125 1371; x_wconf 88' lang='grc' dir='ltr'>ἐν</span> <span class='ocrx_word' id='word_1_289' title='bbox 3148 1319 3272 1390; x_wconf 77' lang='grc' dir='ltr'>ἐμοὶ</span> <span class='ocrx_word' id='word_1_290' title='bbox 3295 1323 3328 1393; x_wconf 80' lang='grc' dir='ltr'><strong>ἠ</strong></span> <span class='ocrx_word' id='word_1_291' title='bbox 3350 1322 3456 1394; x_wconf 74' lang='grc' dir='ltr'>ἐμὴ</span> <span class='ocrx_word' id='word_1_292' title='bbox 3476 1325 3633 1380; x_wconf 83' lang='grc' dir='ltr'>εἰκὼν</span> <span class='ocrx_word' id='word_1_293' title='bbox 3656 1330 3794 1386; x_wconf 68' lang='grc' dir='ltr'>ἑστε-</span> 
     </span>
    </p>
   </div>
   <div class='ocr_carea' id='block_1_45' title="bbox 2238 1398 3793 1491">
    <p class='ocr_par' dir='ltr' id='par_1_45' title="bbox 2238 1398 3793 1491">
     <span class='ocr_line' id='line_1_45' title="bbox 2238 1398 3793 1491; baseline 0.001 -35"><span class='ocrx_word' id='word_1_294' title='bbox 2238 1403 2509 1491; x_wconf 62' lang='grc' dir='ltr'>φάνωται.</span> <span class='ocrx_word' id='word_1_295' title='bbox 2537 1398 2698 1459; x_wconf 74' lang='grc' dir='ltr'>Οὗτοι</span> <span class='ocrx_word' id='word_1_296' title='bbox 2720 1404 2823 1476; x_wconf 76' lang='grc' dir='ltr'>τῆς</span> <span class='ocrx_word' id='word_1_297' title='bbox 2852 1409 3153 1481; x_wconf 81' lang='grc' dir='ltr'>τριημέρου</span> <span class='ocrx_word' id='word_1_298' title='bbox 3186 1427 3291 1483; x_wconf 93' lang='grc' dir='ltr'><strong>μου</strong></span> <span class='ocrx_word' id='word_1_299' title='bbox 3323 1415 3500 1485; x_wconf 75' lang='grc' dir='ltr'>ταφῆς</span> <span class='ocrx_word' id='word_1_300' title='bbox 3517 1418 3565 1470; x_wconf 69' lang='grc' dir='ltr'><strong>οἱ</strong></span> <span class='ocrx_word' id='word_1_301' title='bbox 3593 1424 3793 1491; x_wconf 76' lang='grc' dir='ltr'><strong>καρποί.</strong></span> 
     </span>
    </p>
   </div>
   <div class='ocr_carea' id='block_1_46' title="bbox 2236 1487 3795 1577">
    <p class='ocr_par' dir='ltr' id='par_1_46' title="bbox 2236 1487 3795 1577">
     <span class='ocr_line' id='line_1_46' title="bbox 2236 1487 3795 1577; baseline 0.006 -29"><span class='ocrx_word' id='word_1_302' title='bbox 2236 1487 2385 1549; x_wconf 78' lang='grc' dir='ltr'>οὗτοί</span> <span class='ocrx_word' id='word_1_303' title='bbox 2417 1513 2521 1567; x_wconf 88' lang='grc' dir='ltr'><strong>μου</strong></span> <span class='ocrx_word' id='word_1_304' title='bbox 2551 1495 2652 1567; x_wconf 81' lang='grc' dir='ltr'>τῆς</span> <span class='ocrx_word' id='word_1_305' title='bbox 2684 1497 2826 1552; x_wconf 81' lang='grc' dir='ltr'>κατὰ</span> <span class='ocrx_word' id='word_1_306' title='bbox 2872 1500 2968 1552; x_wconf 84' lang='grc' dir='ltr'><strong>τοῦ</strong></span> <span class='ocrx_word' id='word_1_307' title='bbox 2994 1500 3226 1556; x_wconf 78' lang='grc' dir='ltr'><strong>Θανάτου</strong></span> <span class='ocrx_word' id='word_1_308' title='bbox 3257 1503 3414 1575; x_wconf 80' lang='grc' dir='ltr'>νίκης</span> <span class='ocrx_word' id='word_1_309' title='bbox 3434 1487 3695 1577; x_wconf 77' lang='grc' dir='ltr'>στέφανοι·</span> <span class='ocrx_word' id='word_1_310' title='bbox 3714 1508 3795 1568; x_wconf 68' lang='grc' dir='ltr'><strong>οὗ-</strong></span> 
     </span>
    </p>
   </div>
   <div class='ocr_carea' id='block_1_47' title="bbox 2235 1588 3798 1671">
    <p class='ocr_par' dir='ltr' id='par_1_47' title="bbox 2235 1588 3798 1671">
     <span class='ocr_line' id='line_1_47' title="bbox 2235 1588 3798 1671; baseline 0.012 -31"><span class='ocrx_word' id='word_1_311' title='bbox 2235 1604 2319 1641; x_wconf 89' lang='grc' dir='ltr'><strong>τοι</strong></span> <span class='ocrx_word' id='word_1_312' title='bbox 2348 1590 2448 1661; x_wconf 71' lang='grc' dir='ltr'>τῆς</span> <span class='ocrx_word' id='word_1_313' title='bbox 2480 1588 2622 1659; x_wconf 82' lang='grc' dir='ltr'>ἐμῆς</span> <span class='ocrx_word' id='word_1_314' title='bbox 2653 1588 2934 1660; x_wconf 78' lang='grc' dir='ltr'><strong>βασιλείας</strong></span> <span class='ocrx_word' id='word_1_315' title='bbox 2969 1594 3018 1647; x_wconf 79' lang='lat' dir='ltr'><strong>oi</strong></span> <span class='ocrx_word' id='word_1_316' title='bbox 3046 1592 3317 1665; x_wconf 73' lang='grc' dir='ltr'>βασιλικοὶ</span> <span class='ocrx_word' id='word_1_317' title='bbox 3344 1602 3688 1671; x_wconf 84' lang='grc' dir='ltr'><strong>μαργαρῖται,</strong></span> <span class='ocrx_word' id='word_1_318' title='bbox 3715 1604 3798 1669; x_wconf 74' lang='grc' dir='ltr'>οὓς</span> 
     </span>
    </p>
   </div>
   <div class='ocr_carea' id='block_1_48' title="bbox 2236 1676 3799 1759">
    <p class='ocr_par' dir='ltr' id='par_1_48' title="bbox 2236 1676 3799 1759">
     <span class='ocr_line' id='line_1_48' title="bbox 2236 1676 3799 1759; baseline 0.012 -30"><span class='ocrx_word' id='word_1_319' title='bbox 2236 1678 2303 1731; x_wconf 84' lang='grc' dir='ltr'><strong>ἐκ</strong></span> <span class='ocrx_word' id='word_1_320' title='bbox 2364 1676 2460 1730; x_wconf 84' lang='grc' dir='ltr'><strong>τοῦ</strong></span> <span class='ocrx_word' id='word_1_321' title='bbox 2496 1677 2662 1749; x_wconf 77' lang='grc' dir='ltr'>βυθοῦ</span> <span class='ocrx_word' id='word_1_322' title='bbox 2728 1679 2825 1735; x_wconf 86' lang='grc' dir='ltr'><strong>τοῦ</strong></span> <span class='ocrx_word' id='word_1_323' title='bbox 2870 1681 2999 1753; x_wconf 66' lang='grc' dir='ltr'>ᾅδου</span> <span class='ocrx_word' id='word_1_324' title='bbox 3053 1681 3258 1750; x_wconf 82' lang='grc' dir='ltr'>λαϐὼν,</span> <span class='ocrx_word' id='word_1_325' title='bbox 3297 1686 3530 1757; x_wconf 84' lang='grc' dir='ltr'>ἐκόμισά</span> <span class='ocrx_word' id='word_1_326' title='bbox 3570 1706 3665 1759; x_wconf 81' lang='grc' dir='ltr'><strong>μου</strong></span> <span class='ocrx_word' id='word_1_327' title='bbox 3701 1697 3799 1759; x_wconf 80' lang='grc' dir='ltr'>τοῖς</span> 
     </span>
    </p>
   </div>
   <div class='ocr_carea' id='block_1_49' title="bbox 2234 1768 3802 1850">
    <p class='ocr_par' dir='ltr' id='par_1_49' title="bbox 2234 1768 3802 1850">
     <span class='ocr_line' id='line_1_49' title="bbox 2234 1768 3802 1850; baseline 0.01 -29"><span class='ocrx_word' id='word_1_328' title='bbox 2234 1770 2513 1839; x_wconf 76' lang='grc' dir='ltr'>ἐρασταῖς.</span> <span class='ocrx_word' id='word_1_329' title='bbox 2551 1769 2678 1825; x_wconf 81' lang='grc' dir='ltr'><strong>Ἐπὶ</strong></span> <span class='ocrx_word' id='word_1_330' title='bbox 2708 1770 2923 1837; x_wconf 80' lang='grc' dir='ltr'><strong>τούτοις</strong></span> <span class='ocrx_word' id='word_1_331' title='bbox 2954 1768 3051 1828; x_wconf 75' lang='grc' dir='ltr'>οὖν</span> <span class='ocrx_word' id='word_1_332' title='bbox 3079 1774 3323 1846; x_wconf 82' lang='grc' dir='ltr'>χαίρετε·</span> <span class='ocrx_word' id='word_1_333' title='bbox 3361 1777 3632 1848; x_wconf 85' lang='grc' dir='ltr'>χορεύετε·</span> <span class='ocrx_word' id='word_1_334' title='bbox 3661 1783 3802 1850; x_wconf 84' lang='grc' dir='ltr'>ἀγαλ-</span> 
     </span>
    </p>
   </div>
   <div class='ocr_carea' id='block_1_50' title="bbox 2236 1860 3803 1939">
    <p class='ocr_par' dir='ltr' id='par_1_50' title="bbox 2236 1860 3803 1939">
     <span class='ocr_line' id='line_1_50' title="bbox 2236 1860 3803 1939; baseline 0.009 -26"><span class='ocrx_word' id='word_1_335' title='bbox 2236 1860 2447 1915; x_wconf 72' lang='grc' dir='ltr'>λιᾶσθε·</span> <span class='ocrx_word' id='word_1_336' title='bbox 2498 1863 2919 1935; x_wconf 80' lang='grc' dir='ltr'>πανηγυρίζετε·</span> <span class='ocrx_word' id='word_1_337' title='bbox 2963 1866 3229 1935; x_wconf 81' lang='grc' dir='ltr'>ὑπάγετε,</span> <span class='ocrx_word' id='word_1_338' title='bbox 3281 1870 3650 1939; x_wconf 81' lang='grc' dir='ltr'>ἀπαγγείλατε</span> <span class='ocrx_word' id='word_1_339' title='bbox 3703 1879 3803 1939; x_wconf 79' lang='grc' dir='ltr'>τοῖς</span> 
     </span>
    </p>
   </div>
   <div class='ocr_carea' id='block_1_51' title="bbox 2238 1952 3804 2035">
    <p class='ocr_par' dir='ltr' id='par_1_51' title="bbox 2238 1952 3804 2035">
     <span class='ocr_line' id='line_1_51' title="bbox 2238 1952 3804 2035; baseline 0.008 -29"><span class='ocrx_word' id='word_1_340' title='bbox 2238 1952 2511 2024; x_wconf 72' lang='grc' dir='ltr'><strong>μαθηταῖς</strong></span> <span class='ocrx_word' id='word_1_341' title='bbox 2542 1972 2669 2027; x_wconf 80' lang='grc' dir='ltr'>μου.</span> <span class='ocrx_word' id='word_1_342' title='bbox 2717 1957 2956 2012; x_wconf 75' lang='grc' dir='ltr'><strong>Βλέπετε</strong></span> <span class='ocrx_word' id='word_1_343' title='bbox 2998 1959 3118 2023; x_wconf 86' lang='grc' dir='ltr'><strong>πῶς</strong></span> <span class='ocrx_word' id='word_1_344' title='bbox 3153 1961 3540 2033; x_wconf 85' lang='grc' dir='ltr'>άμνησίκακός</span> <span class='ocrx_word' id='word_1_345' title='bbox 3569 1966 3678 2035; x_wconf 86' lang='grc' dir='ltr'>είμι</span> <span class='ocrx_word' id='word_1_346' title='bbox 3721 1968 3804 2020; x_wconf 73' lang='grc' dir='ltr'>καὶ</span> 
     </span>
    </p>
   </div>
   <div class='ocr_carea' id='block_1_52' title="bbox 2235 2043 3805 2123">
    <p class='ocr_par' dir='ltr' id='par_1_52' title="bbox 2235 2043 3805 2123">
     <span class='ocr_line' id='line_1_52' title="bbox 2235 2043 3805 2123; baseline 0.008 -24"><span class='ocrx_word' id='word_1_347' title='bbox 2235 2046 2641 2118; x_wconf 84' lang='grc' dir='ltr'>φιλάνθρωπος.</span> <span class='ocrx_word' id='word_1_348' title='bbox 2689 2048 2978 2121; x_wconf 81' lang='grc' dir='ltr'>’Λδελφοὺς</span> <span class='ocrx_word' id='word_1_349' title='bbox 3031 2043 3185 2107; x_wconf 57' lang='grc' dir='ltr'>καλῶ</span> <span class='ocrx_word' id='word_1_350' title='bbox 3226 2055 3360 2114; x_wconf 81' lang='grc' dir='ltr'>τοὺς</span> <span class='ocrx_word' id='word_1_351' title='bbox 3428 2055 3805 2123; x_wconf 81' lang='grc' dir='ltr'><strong>καταλιπόντας</strong></span> 
     </span>
    </p>
   </div>
   <div class='ocr_carea' id='block_1_53' title="bbox 2237 2133 3805 2221">
    <p class='ocr_par' dir='ltr' id='par_1_53' title="bbox 2237 2133 3805 2221">
     <span class='ocr_line' id='line_1_53' title="bbox 2237 2133 3805 2221; baseline 0.008 -29"><span class='ocrx_word' id='word_1_352' title='bbox 2237 2155 2307 2209; x_wconf 85' lang='grc' dir='ltr'><strong>με</strong></span> <span class='ocrx_word' id='word_1_353' title='bbox 2350 2139 2505 2210; x_wconf 84' lang='grc' dir='ltr'>παρὰ</span> <span class='ocrx_word' id='word_1_354' title='bbox 2533 2140 2626 2194; x_wconf 80' lang='grc' dir='ltr'><strong>τὸν</strong></span> <span class='ocrx_word' id='word_1_355' title='bbox 2657 2142 2851 2208; x_wconf 76' lang='grc' dir='ltr'>καιρὸν</span> <span class='ocrx_word' id='word_1_356' title='bbox 2874 2142 2970 2197; x_wconf 80' lang='grc' dir='ltr'>τοῦ</span> <span class='ocrx_word' id='word_1_357' title='bbox 3001 2143 3260 2217; x_wconf 81' lang='grc' dir='ltr'>σταυροῦ.</span> <span class='ocrx_word' id='word_1_358' title='bbox 3303 2142 3443 2202; x_wconf 78' lang='grc' dir='ltr'><strong>Οἶδα</strong></span> <span class='ocrx_word' id='word_1_359' title='bbox 3482 2133 3589 2221; x_wconf 72' lang='grc' dir='ltr'>γὰρ</span> <span class='ocrx_word' id='word_1_360' title='bbox 3618 2166 3805 2220; x_wconf 77' lang='grc' dir='ltr'>μακρο·</span> 
     </span>
    </p>
   </div>
   <div class='ocr_carea' id='block_1_54' title="bbox 2234 2231 3803 2312">
    <p class='ocr_par' dir='ltr' id='par_1_54' title="bbox 2234 2231 3803 2312">
     <span class='ocr_line' id='line_1_54' title="bbox 2234 2231 3803 2312; baseline 0.008 -28"><span class='ocrx_word' id='word_1_361' title='bbox 2234 2231 2431 2302; x_wconf 89' lang='grc' dir='ltr'>θυμεῖν</span> <span class='ocrx_word' id='word_1_362' title='bbox 2482 2231 2862 2305; x_wconf 76' lang='grc' dir='ltr'>ὑϐριζόμενος·</span> <span class='ocrx_word' id='word_1_363' title='bbox 2904 2233 3023 2289; x_wconf 83' lang='grc' dir='ltr'>οἶδα</span> <span class='ocrx_word' id='word_1_364' title='bbox 3075 2238 3266 2308; x_wconf 81' lang='grc' dir='ltr'>φέρειν</span> <span class='ocrx_word' id='word_1_365' title='bbox 3315 2240 3803 2312; x_wconf 80' lang='grc' dir='ltr'>ἀγνωμονούμενος·</span> 
     </span>
    </p>
   </div>
   <div class='ocr_carea' id='block_1_55' title="bbox 2233 2321 3807 2408">
    <p class='ocr_par' dir='ltr' id='par_1_55' title="bbox 2233 2321 3807 2408">
     <span class='ocr_line' id='line_1_55' title="bbox 2233 2321 3807 2408; baseline 0.007 -28"><span class='ocrx_word' id='word_1_366' title='bbox 2233 2321 2351 2380; x_wconf 77' lang='grc' dir='ltr'>οἴδα</span> <span class='ocrx_word' id='word_1_367' title='bbox 2396 2329 2518 2392; x_wconf 87' lang='grc' dir='ltr'>ταῖς</span> <span class='ocrx_word' id='word_1_368' title='bbox 2547 2328 2860 2395; x_wconf 77' lang='grc' dir='ltr'>ἀσθενείαις</span> <span class='ocrx_word' id='word_1_369' title='bbox 2890 2332 3000 2386; x_wconf 90' lang='grc' dir='ltr'><strong>τῶν</strong></span> <span class='ocrx_word' id='word_1_370' title='bbox 3025 2333 3175 2403; x_wconf 92' lang='grc' dir='ltr'>ἐμῶν</span> <span class='ocrx_word' id='word_1_371' title='bbox 3211 2334 3389 2403; x_wconf 82' lang='grc' dir='ltr'>φίλων</span> <span class='ocrx_word' id='word_1_372' title='bbox 3422 2338 3807 2408; x_wconf 78' lang='grc' dir='ltr'>συμπεριφέρε-</span> 
     </span>
    </p>
   </div>
   <div class='ocr_carea' id='block_1_56' title="bbox 2235 2416 3807 2500">
    <p class='ocr_par' dir='ltr' id='par_1_56' title="bbox 2235 2416 3807 2500">
     <span class='ocr_line' id='line_1_56' title="bbox 2235 2416 3807 2500; baseline 0.007 -27"><span class='ocrx_word' id='word_1_373' title='bbox 2235 2420 2381 2474; x_wconf 89' lang='grc' dir='ltr'>σθαι·</span> <span class='ocrx_word' id='word_1_374' title='bbox 2412 2416 2533 2477; x_wconf 82' lang='grc' dir='ltr'>οῐδα</span> <span class='ocrx_word' id='word_1_375' title='bbox 2563 2424 2692 2487; x_wconf 76' lang='grc' dir='ltr'>τοὺς</span> <span class='ocrx_word' id='word_1_376' title='bbox 2719 2424 3137 2495; x_wconf 78' lang='grc' dir='ltr'>ἁμαρτάνοντας</span> <span class='ocrx_word' id='word_1_377' title='bbox 3172 2427 3268 2480; x_wconf 68' lang='grc' dir='ltr'><strong>καλ⁴</strong></span> <span class='ocrx_word' id='word_1_378' title='bbox 3288 2428 3632 2500; x_wconf 81' lang='grc' dir='ltr'>δακρύοντας</span> <span class='ocrx_word' id='word_1_379' title='bbox 3658 2430 3807 2484; x_wconf 78' lang='grc' dir='ltr'>ἐλεεῖ-ι</span> 
     </span>
    </p>
   </div>
   <div class='ocr_carea' id='block_1_57' title="bbox 2232 2514 3811 2592">
    <p class='ocr_par' dir='ltr' id='par_1_57' title="bbox 2232 2514 3811 2592">
     <span class='ocr_line' id='line_1_57' title="bbox 2232 2514 3811 2592; baseline 0.008 -26"><span class='ocrx_word' id='word_1_380' title='bbox 2232 2514 2328 2568; x_wconf 74' lang='grc' dir='ltr'>καὶ</span> <span class='ocrx_word' id='word_1_381' title='bbox 2353 2514 2699 2587; x_wconf 74' lang='grc' dir='ltr'>προσίεσθαι.</span> <span class='ocrx_word' id='word_1_382' title='bbox 2743 2517 3039 2588; x_wconf 74' lang='grc' dir='ltr'>Ὑπάγετε,</span> <span class='ocrx_word' id='word_1_383' title='bbox 3069 2521 3483 2592; x_wconf 72' lang='grc' dir='ltr'>ἀπαγγείλατε</span> <span class='ocrx_word' id='word_1_384' title='bbox 3512 2522 3637 2590; x_wconf 84' lang='grc' dir='ltr'>τοῖς</span> <span class='ocrx_word' id='word_1_385' title='bbox 3655 2523 3811 2579; x_wconf 75' lang='grc' dir='ltr'>ἁδελ-</span> 
     </span>
    </p>
   </div>
   <div class='ocr_carea' id='block_1_58' title="bbox 2231 2604 3810 2681">
    <p class='ocr_par' dir='ltr' id='par_1_58' title="bbox 2231 2604 3810 2681">
     <span class='ocr_line' id='line_1_58' title="bbox 2231 2604 3810 2681; baseline 0.007 -22"><span class='ocrx_word' id='word_1_386' title='bbox 2231 2604 2369 2674; x_wconf 76' lang='grc' dir='ltr'>φοῑς</span> <span class='ocrx_word' id='word_1_387' title='bbox 2390 2623 2534 2674; x_wconf 83' lang='grc' dir='ltr'>μου,</span> <span class='ocrx_word' id='word_1_388' title='bbox 2562 2606 2666 2661; x_wconf 76' lang='grc' dir='ltr'><strong>ἵνα</strong></span> <span class='ocrx_word' id='word_1_389' title='bbox 2692 2608 3040 2664; x_wconf 78' lang='grc' dir='ltr'>ἀπέλθωσιν</span> <span class='ocrx_word' id='word_1_390' title='bbox 3061 2612 3150 2678; x_wconf 81' lang='grc' dir='ltr'>εὶς</span> <span class='ocrx_word' id='word_1_391' title='bbox 3182 2610 3300 2678; x_wconf 75' lang='grc' dir='ltr'><strong>τὴν</strong></span> <span class='ocrx_word' id='word_1_392' title='bbox 3329 2614 3689 2681; x_wconf 70' lang='grc' dir='ltr'>Γαλιλαίαν,</span> <span class='ocrx_word' id='word_1_393' title='bbox 3716 2616 3810 2670; x_wconf 75' lang='grc' dir='ltr'>κά-</span> 
     </span>
    </p>
   </div>
   <div class='ocr_carea' id='block_1_59' title="bbox 2232 2697 3814 2779">
    <p class='ocr_par' dir='ltr' id='par_1_59' title="bbox 2232 2697 3814 2779">
     <span class='ocr_line' id='line_1_59' title="bbox 2232 2697 3814 2779; baseline 0.006 -28"><span class='ocrx_word' id='word_1_394' title='bbox 2232 2697 2327 2751; x_wconf 83' lang='grc' dir='ltr'><strong>κεῖ</strong></span> <span class='ocrx_word' id='word_1_395' title='bbox 2346 2715 2425 2769; x_wconf 83' lang='grc' dir='ltr'><strong>με</strong></span> <span class='ocrx_word' id='word_1_396' title='bbox 2466 2698 2744 2768; x_wconf 76' lang='grc' dir='ltr'><strong>ὄψονται.</strong></span> <span class='ocrx_word' id='word_1_397' title='bbox 2780 2700 3179 2772; x_wconf 75' lang='grc' dir='ltr'>Ἀπαγγείλατε</span> <span class='ocrx_word' id='word_1_398' title='bbox 3204 2707 3324 2769; x_wconf 87' lang='grc' dir='ltr'>τοῖς</span> <span class='ocrx_word' id='word_1_399' title='bbox 3361 2707 3525 2776; x_wconf 77' lang='grc' dir='ltr'>ἐμοῖς</span> <span class='ocrx_word' id='word_1_400' title='bbox 3561 2708 3814 2779; x_wconf 73' lang='grc' dir='ltr'>μαθηταῖς</span> 
     </span>
    </p>
   </div>
   <div class='ocr_carea' id='block_1_60' title="bbox 2232 2793 3813 2870">
    <p class='ocr_par' dir='ltr' id='par_1_60' title="bbox 2232 2793 3813 2870">
     <span class='ocr_line' id='line_1_60' title="bbox 2232 2793 3813 2870; baseline 0.003 -22"><span class='ocrx_word' id='word_1_401' title='bbox 2232 2793 2379 2864; x_wconf 80' lang='grc' dir='ltr'>ᾶπερ</span> <span class='ocrx_word' id='word_1_402' title='bbox 2432 2794 2593 2863; x_wconf 79' lang='grc' dir='ltr'>ὑμεῖς</span> <span class='ocrx_word' id='word_1_403' title='bbox 2636 2793 2933 2849; x_wconf 77' lang='grc' dir='ltr'>ἐθεάσασθε</span> <span class='ocrx_word' id='word_1_404' title='bbox 2984 2797 3284 2869; x_wconf 81' lang='grc' dir='ltr'>μυστήρια.</span> <span class='ocrx_word' id='word_1_405' title='bbox 3339 2797 3572 2870; x_wconf 83' lang='grc' dir='ltr'>Πρῶται</span> <span class='ocrx_word' id='word_1_406' title='bbox 3617 2798 3813 2868; x_wconf 81' lang='grc' dir='ltr'>γίνεσθε</span> 
     </span>
    </p>
   </div>
   <div class='ocr_carea' id='block_1_61' title="bbox 2230 2882 3820 2963">
    <p class='ocr_par' dir='ltr' id='par_1_61' title="bbox 2230 2882 3820 2963">
     <span class='ocr_line' id='line_1_61' title="bbox 2230 2882 3820 2963; baseline 0.005 -25"><span class='ocrx_word' id='word_1_407' title='bbox 2230 2882 2340 2938; x_wconf 88' lang='grc' dir='ltr'><strong>τῶν</strong></span> <span class='ocrx_word' id='word_1_408' title='bbox 2368 2884 2705 2939; x_wconf 78' lang='grc' dir='ltr'>διδασκάλων</span> <span class='ocrx_word' id='word_1_409' title='bbox 2728 2886 3060 2943; x_wconf 82' lang='grc' dir='ltr'>διδάσκαλοι.</span> <span class='ocrx_word' id='word_1_410' title='bbox 3086 2889 3325 2944; x_wconf 79' lang='grc' dir='ltr'>Μαθέτω</span> <span class='ocrx_word' id='word_1_411' title='bbox 3369 2891 3584 2960; x_wconf 75' lang='grc' dir='ltr'>Πέτρος</span> <span class='ocrx_word' id='word_1_412' title='bbox 3611 2893 3641 2945; x_wconf 84' lang='grc' dir='ltr'><strong>ὁ</strong></span> <span class='ocrx_word' id='word_1_413' title='bbox 3667 2893 3820 2963; x_wconf 77' lang='grc' dir='ltr'>ἀρνη-</span> 
     </span>
    </p>
   </div>
   <div class='ocr_carea' id='block_1_62' title="bbox 2229 2974 3819 3052">
    <p class='ocr_par' dir='ltr' id='par_1_62' title="bbox 2229 2974 3819 3052">
     <span class='ocr_line' id='line_1_62' title="bbox 2229 2974 3819 3052; baseline 0.006 -24"><span class='ocrx_word' id='word_1_414' title='bbox 2229 2974 2472 3047; x_wconf 85' lang='grc' dir='ltr'>σάμενός</span> <span class='ocrx_word' id='word_1_415' title='bbox 2524 2994 2616 3047; x_wconf 87' lang='grc' dir='ltr'><strong>με,</strong></span> <span class='ocrx_word' id='word_1_416' title='bbox 2659 2978 2746 3032; x_wconf 81' lang='grc' dir='ltr'><strong>δτι</strong></span> <span class='ocrx_word' id='word_1_417' title='bbox 2780 2978 3019 3052; x_wconf 88' lang='grc' dir='ltr'>δύναμαι</span> <span class='ocrx_word' id='word_1_418' title='bbox 3063 2981 3159 3037; x_wconf 70' lang='grc' dir='ltr'>καὶ</span> <span class='ocrx_word' id='word_1_419' title='bbox 3193 2985 3472 3052; x_wconf 87' lang='grc' dir='ltr'>γυναῖκας</span> <span class='ocrx_word' id='word_1_420' title='bbox 3505 2983 3819 3046; x_wconf 74' lang='grc' dir='ltr'>ἀποστόλους</span> 
     </span>
    </p>
   </div>
   <div class='ocr_carea' id='block_1_63' title="bbox 2230 3071 3823 3147">
    <p class='ocr_par' dir='ltr' id='par_1_63' title="bbox 2230 3071 3823 3147">
     <span class='ocr_line' id='line_1_63' title="bbox 2230 3071 3823 3147; baseline 0.006 -26"><span class='ocrx_word' id='word_1_421' title='bbox 2230 3072 2581 3141; x_wconf 81' lang='grc' dir='ltr'>χειροτονεῖν.</span> <span class='ocrx_word' id='word_1_422' title='bbox 2616 3071 2949 3128; x_wconf 61' lang='grc' dir='ltr'>’ἀπέλθωσιν</span> <span class='ocrx_word' id='word_1_423' title='bbox 2973 3075 3055 3138; x_wconf 86' lang='grc' dir='ltr'><strong>είς</strong></span> <span class='ocrx_word' id='word_1_424' title='bbox 3078 3074 3178 3147; x_wconf 80' lang='grc' dir='ltr'>τὴν</span> <span class='ocrx_word' id='word_1_425' title='bbox 3206 3075 3535 3142; x_wconf 86' lang='grc' dir='ltr'>Γαλιλαίαν,</span> <span class='ocrx_word' id='word_1_426' title='bbox 3563 3077 3656 3132; x_wconf 73' lang='grc' dir='ltr'>καὶ</span> <span class='ocrx_word' id='word_1_427' title='bbox 3683 3075 3823 3131; x_wconf 72' lang='grc' dir='ltr'>ἴδωσι</span> 
     </span>
    </p>
   </div>
   <div class='ocr_carea' id='block_1_64' title="bbox 2231 3157 3815 3239">
    <p class='ocr_par' dir='ltr' id='par_1_64' title="bbox 2231 3157 3815 3239">
     <span class='ocr_line' id='line_1_64' title="bbox 2231 3157 3815 3239; baseline 0.004 -27"><span class='ocrx_word' id='word_1_428' title='bbox 2231 3157 2334 3231; x_wconf 78' lang='grc' dir='ltr'><strong>τὴν</strong></span> <span class='ocrx_word' id='word_1_429' title='bbox 2367 3160 2631 3233; x_wconf 81' lang='grc' dir='ltr'>πενιχρὰν</span> <span class='ocrx_word' id='word_1_430' title='bbox 2660 3160 2879 3235; x_wconf 83' lang='grc' dir='ltr'>λίμνην,</span> <span class='ocrx_word' id='word_1_431' title='bbox 2907 3163 3003 3235; x_wconf 80' lang='grc' dir='ltr'><strong>ἀφ’</strong></span> <span class='ocrx_word' id='word_1_432' title='bbox 3030 3158 3100 3239; x_wconf 83' lang='grc' dir='ltr'>ἦς</span> <span class='ocrx_word' id='word_1_433' title='bbox 3129 3167 3334 3231; x_wconf 76' lang='grc' dir='ltr'>αὐτοὺς</span> <span class='ocrx_word' id='word_1_434' title='bbox 3380 3167 3478 3221; x_wconf 79' lang='grc' dir='ltr'><strong>ἐπὶ</strong></span> <span class='ocrx_word' id='word_1_435' title='bbox 3529 3168 3638 3221; x_wconf 89' lang='grc' dir='ltr'><strong>τῶν</strong></span> <span class='ocrx_word' id='word_1_436' title='bbox 3687 3165 3815 3235; x_wconf 74' lang='grc' dir='ltr'>λογιο</span> 
     </span>
    </p>
   </div>
   <div class='ocr_carea' id='block_1_65' title="bbox 533 3241 3811 3327">
    <p class='ocr_par' dir='ltr' id='par_1_65' title="bbox 533 3241 3811 3327">
     <span class='ocr_line' id='line_1_65' title="bbox 533 3241 3811 3327; baseline 0.002 -24"><span class='ocrx_word' id='word_1_437' title='bbox 533 3247 648 3304; x_wconf 83' lang='grc' dir='ltr'><strong>κῶν</strong></span> <span class='ocrx_word' id='word_1_438' title='bbox 680 3244 882 3318; x_wconf 76' lang='grc' dir='ltr'>ἰχθύων</span> <span class='ocrx_word' id='word_1_439' title='bbox 913 3242 1124 3299; x_wconf 83' lang='grc' dir='ltr'>ἁλιείαν</span> <span class='ocrx_word' id='word_1_440' title='bbox 1156 3244 1410 3317; x_wconf 78' lang='grc' dir='ltr'>ἡλίευσα.</span> <span class='ocrx_word' id='word_1_441' title='bbox 1440 3243 1621 3299; x_wconf 85' lang='grc' dir='ltr'>Ἰδωσι</span> <span class='ocrx_word' id='word_1_442' title='bbox 1648 3243 1750 3313; x_wconf 83' lang='grc' dir='ltr'>τὴν</span> <span class='ocrx_word' id='word_1_443' title='bbox 1778 3241 1997 3313; x_wconf 82' lang='grc' dir='ltr'>λίμνην,</span> <span class='ocrx_word' id='word_1_444' title='bbox 2035 3243 2129 3313; x_wconf 79' lang='grc' dir='ltr'><strong>ἀφ’</strong></span> <span class='ocrx_word' id='word_1_445' title='bbox 2168 3242 2238 3312; x_wconf 82' lang='grc' dir='ltr'>ἧς</span> <span class='ocrx_word' id='word_1_446' title='bbox 2298 3248 2499 3314; x_wconf 80' lang='grc' dir='ltr'>αὐτοὺς</span> <span class='ocrx_word' id='word_1_447' title='bbox 2530 3249 2661 3324; x_wconf 82' lang='grc' dir='ltr'>[είς]</span> <span class='ocrx_word' id='word_1_448' title='bbox 2712 3253 2810 3324; x_wconf 75' lang='grc' dir='ltr'><strong>τὴν</strong></span> <span class='ocrx_word' id='word_1_449' title='bbox 2852 3252 2962 3309; x_wconf 87' lang='grc' dir='ltr'><strong>τῶν</strong></span> <span class='ocrx_word' id='word_1_450' title='bbox 2993 3254 3307 3327; x_wconf 82' lang='grc' dir='ltr'>άνθρὼμων</span> <span class='ocrx_word' id='word_1_451' title='bbox 3351 3257 3645 3313; x_wconf 83' lang='grc' dir='ltr'>θάλασσαν</span> <span class='ocrx_word' id='word_1_452' title='bbox 3712 3275 3811 3327; x_wconf 82' lang='grc' dir='ltr'><strong>μετ</strong></span> 
     </span>
    </p>
   </div>
   <div class='ocr_carea' id='block_1_66' title="bbox 530 3340 952 3413">
    <p class='ocr_par' dir='ltr' id='par_1_66' title="bbox 530 3340 952 3413">
     <span class='ocr_line' id='line_1_66' title="bbox 530 3340 952 3413; baseline -0.012 -17"><span class='ocrx_word' id='word_1_453' title='bbox 530 3340 894 3413; x_wconf 82' lang='grc' dir='ltr'>εστράτευσα.</span> <span class='ocrx_word' id='word_1_454' title='bbox 931 3357 952 3391; x_wconf 76' lang='grc' dir='ltr'><strong>ι</strong></span> 
     </span>
    </p>
   </div>
   <div class='ocr_carea' id='block_1_67' title="bbox 609 3429 2127 3489">
    <p class='ocr_par' dir='ltr' id='par_1_67' title="bbox 609 3429 2127 3489">
     <span class='ocr_line' id='line_1_67' title="bbox 609 3429 2127 3489; baseline 0.001 -2"><span class='ocrx_word' id='word_1_455' title='bbox 609 3431 722 3487; x_wconf 82' lang='grc' dir='ltr'><strong>ΧΙΙ.</strong></span> <span class='ocrx_word' id='word_1_456' title='bbox 768 3429 893 3487; x_wconf 66' lang='lat' dir='ltr'><strong>Haec</strong></span> <span class='ocrx_word' id='word_1_457' title='bbox 925 3431 1188 3487; x_wconf 88' lang='lat' dir='ltr'><strong>Dominus</strong></span> <span class='ocrx_word' id='word_1_458' title='bbox 1245 3430 1569 3487; x_wconf 86' lang='lat' dir='ltr'><strong>mulieribus</strong></span> <span class='ocrx_word' id='word_1_459' title='bbox 1608 3430 1824 3485; x_wconf 88' lang='lat' dir='ltr'><strong>locutus</strong></span> <span class='ocrx_word' id='word_1_460' title='bbox 1847 3441 1949 3486; x_wconf 88' lang='lat' dir='ltr'><strong>est.</strong></span> <span class='ocrx_word' id='word_1_461' title='bbox 1980 3430 2127 3489; x_wconf 86' lang='lat' dir='ltr'><strong>Idem</strong></span> 
     </span>
    </p>
   </div>
   <div class='ocr_carea' id='block_1_68' title="bbox 534 3527 2132 3599">
    <p class='ocr_par' dir='ltr' id='par_1_68' title="bbox 534 3527 2132 3599">
     <span class='ocr_line' id='line_1_68' title="bbox 534 3527 2132 3599; baseline -0.001 -13"><span class='ocrx_word' id='word_1_462' title='bbox 534 3545 665 3586; x_wconf 80' lang='lat' dir='ltr'><strong>vero</strong></span> <span class='ocrx_word' id='word_1_463' title='bbox 699 3529 840 3599; x_wconf 75' lang='lat' dir='ltr'><strong>ipse,</strong></span> <span class='ocrx_word' id='word_1_464' title='bbox 871 3528 1036 3583; x_wconf 90' lang='lat' dir='ltr'><strong>etiam</strong></span> <span class='ocrx_word' id='word_1_465' title='bbox 1078 3543 1225 3582; x_wconf 91' lang='lat' dir='ltr'><strong>nunc</strong></span> <span class='ocrx_word' id='word_1_466' title='bbox 1266 3528 1319 3581; x_wconf 93' lang='lat' dir='ltr'><strong>in</strong></span> <span class='ocrx_word' id='word_1_467' title='bbox 1366 3527 1575 3598; x_wconf 87' lang='lat' dir='ltr'><strong>piscina</strong></span> <span class='ocrx_word' id='word_1_468' title='bbox 1619 3527 1967 3583; x_wconf 80' lang='lat' dir='ltr'><strong>invisibiliter</strong></span> <span class='ocrx_word' id='word_1_469' title='bbox 1993 3531 2132 3585; x_wconf 86' lang='lat' dir='ltr'><strong>assi—</strong></span> 
     </span>
    </p>
   </div>
   <div class='ocr_carea' id='block_1_69' title="bbox 532 3618 2130 3690">
    <p class='ocr_par' dir='ltr' id='par_1_69' title="bbox 532 3618 2130 3690">
     <span class='ocr_line' id='line_1_69' title="bbox 532 3618 2130 3690; baseline -0.001 -13"><span class='ocrx_word' id='word_1_470' title='bbox 532 3622 629 3678; x_wconf 82' lang='lat' dir='ltr'><strong>stit</strong></span> <span class='ocrx_word' id='word_1_471' title='bbox 674 3619 948 3675; x_wconf 81' lang='lat' dir='ltr'><strong>ﬁdelibus.</strong></span> <span class='ocrx_word' id='word_1_472' title='bbox 987 3618 1107 3690; x_wconf 90' lang='lat' dir='ltr'><strong>lpse</strong></span> <span class='ocrx_word' id='word_1_473' title='bbox 1170 3634 1361 3674; x_wconf 89' lang='lat' dir='ltr'><strong>recens</strong></span> <span class='ocrx_word' id='word_1_474' title='bbox 1424 3618 1751 3689; x_wconf 79' lang='lat' dir='ltr'><strong>baptizatos,</strong></span> <span class='ocrx_word' id='word_1_475' title='bbox 1823 3628 1883 3674; x_wconf 92' lang='lat' dir='ltr'><strong>ut</strong></span> <span class='ocrx_word' id='word_1_476' title='bbox 1923 3622 2130 3675; x_wconf 86' lang='lat' dir='ltr'><strong>amicos</strong></span> 
     </span>
    </p>
   </div>
   <div class='ocr_carea' id='block_1_70' title="bbox 532 3698 2129 3783">
    <p class='ocr_par' dir='ltr' id='par_1_70' title="bbox 532 3698 2129 3783">
     <span class='ocr_line' id='line_1_70' title="bbox 532 3698 2129 3783; baseline -0.001 -13"><span class='ocrx_word' id='word_1_477' title='bbox 532 3730 600 3770; x_wconf 86' lang='lat' dir='ltr'><strong>ac</strong></span> <span class='ocrx_word' id='word_1_478' title='bbox 631 3714 828 3769; x_wconf 76' lang='lat' dir='ltr'><strong>fratres</strong></span> <span class='ocrx_word' id='word_1_479' title='bbox 878 3698 1259 3782; x_wconf 83' lang='lat' dir='ltr'><strong>amplexatur;</strong></span> <span class='ocrx_word' id='word_1_480' title='bbox 1308 3712 1494 3782; x_wconf 86' lang='lat' dir='ltr'><strong>aitque</strong></span> <span class='ocrx_word' id='word_1_481' title='bbox 1525 3711 1593 3767; x_wconf 88' lang='lat' dir='ltr'><strong>ad</strong></span> <span class='ocrx_word' id='word_1_482' title='bbox 1640 3725 1758 3778; x_wconf 87' lang='lat' dir='ltr'><strong>eos,</strong></span> <span class='ocrx_word' id='word_1_483' title='bbox 1795 3711 1973 3768; x_wconf 76' lang='lat' dir='ltr'><strong>Aucte.</strong></span> <span class='ocrx_word' id='word_1_484' title='bbox 2012 3713 2129 3783; x_wconf 90' lang='lat' dir='ltr'><strong>Ipse</strong></span> 
     </span>
    </p>
   </div>
   <div class='ocr_carea' id='block_1_71' title="bbox 531 3805 2124 3876">
    <p class='ocr_par' dir='ltr' id='par_1_71' title="bbox 531 3805 2124 3876">
     <span class='ocr_line' id='line_1_71' title="bbox 531 3805 2124 3876; baseline -0.002 -12"><span class='ocrx_word' id='word_1_485' title='bbox 531 3823 724 3865; x_wconf 82' lang='lat' dir='ltr'><strong>eorum</strong></span> <span class='ocrx_word' id='word_1_486' title='bbox 768 3807 933 3862; x_wconf 89' lang='lat' dir='ltr'><strong>corda</strong></span> <span class='ocrx_word' id='word_1_487' title='bbox 979 3821 1043 3861; x_wconf 91' lang='lat' dir='ltr'><strong>ac</strong></span> <span class='ocrx_word' id='word_1_488' title='bbox 1087 3806 1304 3861; x_wconf 88' lang='lat' dir='ltr'><strong>animos</strong></span> <span class='ocrx_word' id='word_1_489' title='bbox 1351 3805 1535 3861; x_wconf 67' lang='lat' dir='ltr'><strong>lartitia</strong></span> <span class='ocrx_word' id='word_1_490' title='bbox 1579 3805 1889 3876; x_wconf 74' lang='lat' dir='ltr'><strong>gaudioque</strong></span> <span class='ocrx_word' id='word_1_491' title='bbox 1918 3806 2124 3876; x_wconf 88' lang='lat' dir='ltr'><strong>implet.</strong></span> 
     </span>
    </p>
   </div>
   <div class='ocr_carea' id='block_1_72' title="bbox 532 3896 2128 3972">
    <p class='ocr_par' dir='ltr' id='par_1_72' title="bbox 532 3896 2128 3972">
     <span class='ocr_line' id='line_1_72' title="bbox 532 3896 2128 3972; baseline -0.001 -16"><span class='ocrx_word' id='word_1_492' title='bbox 532 3902 652 3972; x_wconf 81' lang='lat' dir='ltr'><strong>ipse</strong></span> <span class='ocrx_word' id='word_1_493' title='bbox 681 3900 935 3956; x_wconf 87' lang='lat' dir='ltr'><strong>sordidos</strong></span> <span class='ocrx_word' id='word_1_494' title='bbox 965 3900 1154 3969; x_wconf 66' lang='lat' dir='ltr'><strong>gratia:</strong></span> <span class='ocrx_word' id='word_1_495' title='bbox 1196 3896 1417 3953; x_wconf 79' lang='lat' dir='ltr'><strong>liuentis</strong></span> <span class='ocrx_word' id='word_1_496' title='bbox 1456 3898 1649 3953; x_wconf 88' lang='lat' dir='ltr'><strong>abluit.</strong></span> <span class='ocrx_word' id='word_1_497' title='bbox 1689 3896 1806 3968; x_wconf 85' lang='lat' dir='ltr'><strong>Ipse</strong></span> <span class='ocrx_word' id='word_1_498' title='bbox 1838 3913 2128 3970; x_wconf 78' lang='lat' dir='ltr'><strong>regenera-</strong></span> 
     </span>
    </p>
   </div>
   <div class='ocr_carea' id='block_1_73' title="bbox 534 3992 2128 4065">
    <p class='ocr_par' dir='ltr' id='par_1_73' title="bbox 534 3992 2128 4065">
     <span class='ocr_line' id='line_1_73' title="bbox 534 3992 2128 4065; baseline -0.001 -17"><span class='ocrx_word' id='word_1_499' title='bbox 534 4005 618 4050; x_wconf 93' lang='lat' dir='ltr'><strong>tos</strong></span> <span class='ocrx_word' id='word_1_500' title='bbox 654 3993 891 4065; x_wconf 82' lang='lat' dir='ltr'><strong>Spiritus</strong></span> <span class='ocrx_word' id='word_1_501' title='bbox 925 3992 1101 4047; x_wconf 88' lang='lat' dir='ltr'><strong>sancti</strong></span> <span class='ocrx_word' id='word_1_502' title='bbox 1138 4001 1418 4062; x_wconf 80' lang='lat' dir='ltr'><strong>unguento</strong></span> <span class='ocrx_word' id='word_1_503' title='bbox 1461 3992 1634 4063; x_wconf 84' lang='lat' dir='ltr'><strong>ungit.</strong></span> <span class='ocrx_word' id='word_1_504' title='bbox 1675 3992 1797 4062; x_wconf 88' lang='lat' dir='ltr'><strong>Ipse</strong></span> <span class='ocrx_word' id='word_1_505' title='bbox 1840 4007 2032 4047; x_wconf 89' lang='lat' dir='ltr'><strong>eorum</strong></span> <span class='ocrx_word' id='word_1_506' title='bbox 2072 4000 2128 4048; x_wconf 90' lang='lat' dir='ltr'><strong>et</strong></span> 
     </span>
    </p>
   </div>
   <div class='ocr_carea' id='block_1_74' title="bbox 532 4082 2126 4156">
    <p class='ocr_par' dir='ltr' id='par_1_74' title="bbox 532 4082 2126 4156">
     <span class='ocr_line' id='line_1_74' title="bbox 532 4082 2126 4156; baseline -0.002 -14"><span class='ocrx_word' id='word_1_507' title='bbox 532 4087 793 4142; x_wconf 89' lang='lat' dir='ltr'><strong>nutritius</strong></span> <span class='ocrx_word' id='word_1_508' title='bbox 823 4083 1056 4139; x_wconf 64' lang='lat' dir='ltr'><strong>edicitur</strong></span> <span class='ocrx_word' id='word_1_509' title='bbox 1080 4125 1095 4150; x_wconf 94' lang='lat'><strong>,</strong></span> <span class='ocrx_word' id='word_1_510' title='bbox 1131 4095 1183 4139; x_wconf 92' lang='lat' dir='ltr'><strong>et</strong></span> <span class='ocrx_word' id='word_1_511' title='bbox 1210 4085 1388 4140; x_wconf 85' lang='lat' dir='ltr'><strong>cibus.</strong></span> <span class='ocrx_word' id='word_1_512' title='bbox 1420 4082 1551 4139; x_wconf 90' lang='lat' dir='ltr'><strong>Suis</strong></span> <span class='ocrx_word' id='word_1_513' title='bbox 1598 4084 1717 4155; x_wconf 80' lang='lat' dir='ltr'><strong>ipse</strong></span> <span class='ocrx_word' id='word_1_514' title='bbox 1758 4084 1930 4142; x_wconf 78' lang='lat' dir='ltr'><strong>servis</strong></span> <span class='ocrx_word' id='word_1_515' title='bbox 1962 4085 2126 4156; x_wconf 84' lang='lat' dir='ltr'><strong>spiri-</strong></span> 
     </span>
    </p>
   </div>
   <div class='ocr_carea' id='block_1_75' title="bbox 531 4176 2119 4251">
    <p class='ocr_par' dir='ltr' id='par_1_75' title="bbox 531 4176 2119 4251">
     <span class='ocr_line' id='line_1_75' title="bbox 531 4176 2119 4251; baseline -0.002 -14"><span class='ocrx_word' id='word_1_516' title='bbox 531 4182 637 4237; x_wconf 90' lang='lat' dir='ltr'><strong>tale</strong></span> <span class='ocrx_word' id='word_1_517' title='bbox 666 4180 868 4251; x_wconf 66' lang='lat' dir='ltr'><strong>praabet</strong></span> <span class='ocrx_word' id='word_1_518' title='bbox 894 4179 1254 4248; x_wconf 88' lang='lat' dir='ltr'><strong>congiarium.</strong></span> <span class='ocrx_word' id='word_1_519' title='bbox 1288 4176 1587 4234; x_wconf 86' lang='lat' dir='ltr'><strong>Universos</strong></span> <span class='ocrx_word' id='word_1_520' title='bbox 1615 4179 1738 4249; x_wconf 90' lang='lat' dir='ltr'><strong>pios</strong></span> <span class='ocrx_word' id='word_1_521' title='bbox 1768 4180 1841 4233; x_wconf 87' lang='lat' dir='ltr'><strong>ita</strong></span> <span class='ocrx_word' id='word_1_522' title='bbox 1880 4178 2080 4233; x_wconf 80' lang='lat' dir='ltr'><strong>all&#39;atur</strong></span> <span class='ocrx_word' id='word_1_523' title='bbox 2107 4197 2119 4234; x_wconf 90' lang='lat'>:</span> 
     </span>
    </p>
   </div>
   <div class='ocr_carea' id='block_1_76' title="bbox 534 4271 2119 4344">
    <p class='ocr_par' dir='ltr' id='par_1_76' title="bbox 534 4271 2119 4344">
     <span class='ocr_line' id='line_1_76' title="bbox 534 4271 2119 4344; baseline -0.001 -17"><span class='ocrx_word' id='word_1_524' title='bbox 534 4293 554 4327; x_wconf 87' lang='grc' dir='ltr'><strong>ι</strong></span> <span class='ocrx_word' id='word_1_525' title='bbox 587 4274 847 4344; x_wconf 75' lang='lat' dir='ltr'><strong>Accipite.</strong></span> <span class='ocrx_word' id='word_1_526' title='bbox 876 4271 1148 4328; x_wconf 88' lang='lat' dir='ltr'><strong>comedite</strong></span> <span class='ocrx_word' id='word_1_527' title='bbox 1171 4287 1366 4342; x_wconf 85' lang='lat' dir='ltr'><strong>panem</strong></span> <span class='ocrx_word' id='word_1_528' title='bbox 1397 4272 1672 4327; x_wconf 77' lang='lat' dir='ltr'><strong>ccelestem</strong></span> <span class='ocrx_word' id='word_1_529' title='bbox 1714 4288 1727 4325; x_wconf 92' lang='lat'><strong>:</strong></span> <span class='ocrx_word' id='word_1_530' title='bbox 1762 4273 1993 4343; x_wconf 88' lang='lat' dir='ltr'><strong>accipite</strong></span> <span class='ocrx_word' id='word_1_531' title='bbox 2014 4272 2119 4327; x_wconf 87' lang='lat' dir='ltr'><strong>mei</strong></span> 
     </span>
    </p>
   </div>
   <div class='ocr_carea' id='block_1_77' title="bbox 529 4363 2119 4437">
    <p class='ocr_par' dir='ltr' id='par_1_77' title="bbox 529 4363 2119 4437">
     <span class='ocr_line' id='line_1_77' title="bbox 529 4363 2119 4437; baseline -0.003 -15"><span class='ocrx_word' id='word_1_532' title='bbox 529 4368 718 4423; x_wconf 83' lang='lat' dir='ltr'><strong>lateris</strong></span> <span class='ocrx_word' id='word_1_533' title='bbox 751 4366 980 4432; x_wconf 88' lang='lat' dir='ltr'><strong>fontem,</strong></span> <span class='ocrx_word' id='word_1_534' title='bbox 1022 4381 1183 4437; x_wconf 87' lang='lat' dir='ltr'><strong>quem</strong></span> <span class='ocrx_word' id='word_1_535' title='bbox 1230 4380 1449 4435; x_wconf 86' lang='lat' dir='ltr'><strong>semper</strong></span> <span class='ocrx_word' id='word_1_536' title='bbox 1491 4363 1808 4420; x_wconf 89' lang='lat' dir='ltr'><strong>haurientes</strong></span> <span class='ocrx_word' id='word_1_537' title='bbox 1837 4378 2119 4437; x_wconf 89' lang='lat' dir='ltr'><strong>nunquam</strong></span> 
     </span>
    </p>
   </div>
   <div class='ocr_carea' id='block_1_78' title="bbox 528 4454 2122 4522">
    <p class='ocr_par' dir='ltr' id='par_1_78' title="bbox 528 4454 2122 4522">
     <span class='ocr_line' id='line_1_78' title="bbox 528 4454 2122 4522; baseline -0.002 -8"><span class='ocrx_word' id='word_1_538' title='bbox 528 4459 827 4515; x_wconf 83' lang='lat' dir='ltr'><strong>evacuetis.</strong></span> <span class='ocrx_word' id='word_1_539' title='bbox 847 4458 1185 4520; x_wconf 86' lang='lat' dir='ltr'><strong>Esurientes,</strong></span> <span class='ocrx_word' id='word_1_540' title='bbox 1210 4457 1560 4512; x_wconf 86' lang='lat' dir='ltr'><strong>saturamini.</strong></span> <span class='ocrx_word' id='word_1_541' title='bbox 1580 4454 1864 4522; x_wconf 89' lang='lat' dir='ltr'><strong>Sitientcs,</strong></span> <span class='ocrx_word' id='word_1_542' title='bbox 1882 4456 2122 4512; x_wconf 88' lang='lat' dir='ltr'><strong>inebria-</strong></span> 
     </span>
    </p>
   </div>
   <div class='ocr_carea' id='block_1_79' title="bbox 533 4549 2121 4615">
    <p class='ocr_par' dir='ltr' id='par_1_79' title="bbox 533 4549 2121 4615">
     <span class='ocr_line' id='line_1_79' title="bbox 533 4549 2121 4615; baseline 0 -10"><span class='ocrx_word' id='word_1_543' title='bbox 533 4550 666 4605; x_wconf 83' lang='lat' dir='ltr'><strong>rnini</strong></span> <span class='ocrx_word' id='word_1_544' title='bbox 699 4550 880 4605; x_wconf 89' lang='lat' dir='ltr'><strong>sobria</strong></span> <span class='ocrx_word' id='word_1_545' title='bbox 904 4550 1165 4605; x_wconf 86' lang='lat' dir='ltr'><strong>ebrietate</strong></span> <span class='ocrx_word' id='word_1_546' title='bbox 1190 4565 1252 4604; x_wconf 90' lang='lat' dir='ltr'><strong>ac</strong></span> <span class='ocrx_word' id='word_1_547' title='bbox 1277 4550 1526 4605; x_wconf 85' lang='lat' dir='ltr'><strong>salutari.</strong></span> <span class='ocrx_word' id='word_1_548' title='bbox 1562 4569 1580 4601; x_wconf 87' lang='grc' dir='ltr'><strong>ι</strong></span> <span class='ocrx_word' id='word_1_549' title='bbox 1613 4549 1926 4615; x_wconf 83' lang='lat' dir='ltr'><strong>Enimvero,</strong></span> <span class='ocrx_word' id='word_1_550' title='bbox 1955 4565 1989 4605; x_wconf 95' lang='lat' dir='ltr'><strong>o</strong></span> <span class='ocrx_word' id='word_1_551' title='bbox 2009 4564 2121 4605; x_wconf 63' lang='lat' dir='ltr'><strong>cae-</strong></span> 
     </span>
    </p>
   </div>
   <div class='ocr_carea' id='block_1_80' title="bbox 518 4640 2117 4713">
    <p class='ocr_par' dir='ltr' id='par_1_80' title="bbox 518 4640 2117 4713">
     <span class='ocr_line' id='line_1_80' title="bbox 518 4640 2117 4713; baseline -0.002 -14"><span class='ocrx_word' id='word_1_552' title='bbox 518 4642 711 4699; x_wconf 82' lang='lat' dir='ltr'><strong>‘lorttm</strong></span> <span class='ocrx_word' id='word_1_553' title='bbox 743 4640 880 4705; x_wconf 74' lang='lat' dir='ltr'><strong>Rex,</strong></span> <span class='ocrx_word' id='word_1_554' title='bbox 913 4642 1006 4713; x_wconf 85' lang='lat' dir='ltr'><strong>qui</strong></span> <span class='ocrx_word' id='word_1_555' title='bbox 1049 4643 1101 4696; x_wconf 91' lang='lat' dir='ltr'><strong>in</strong></span> <span class='ocrx_word' id='word_1_556' title='bbox 1132 4643 1353 4697; x_wconf 73' lang='lat' dir='ltr'><strong>dextera</strong></span> <span class='ocrx_word' id='word_1_557' title='bbox 1402 4643 1559 4698; x_wconf 91' lang='lat' dir='ltr'><strong>sedes</strong></span> <span class='ocrx_word' id='word_1_558' title='bbox 1602 4641 1904 4712; x_wconf 82' lang='lat' dir='ltr'><strong>majestatis</strong></span> <span class='ocrx_word' id='word_1_559' title='bbox 1942 4642 1996 4697; x_wconf 92' lang='lat' dir='ltr'><strong>in</strong></span> <span class='ocrx_word' id='word_1_560' title='bbox 2026 4657 2117 4696; x_wconf 78' lang='lat' dir='ltr'><strong>cx-</strong></span> 
     </span>
    </p>
   </div>
   <div class='ocr_carea' id='block_1_81' title="bbox 2307 3430 3825 3507">
    <p class='ocr_par' dir='ltr' id='par_1_81' title="bbox 2307 3430 3825 3507">
     <span class='ocr_line' id='line_1_81' title="bbox 2307 3430 3825 3507; baseline -0.003 -16"><span class='ocrx_word' id='word_1_561' title='bbox 2307 3434 2408 3491; x_wconf 87' lang='lat' dir='ltr'><strong>IB&#39;.</strong></span> <span class='ocrx_word' id='word_1_562' title='bbox 2436 3433 2623 3488; x_wconf 83' lang='grc' dir='ltr'>Ταῦτα</span> <span class='ocrx_word' id='word_1_563' title='bbox 2653 3430 2789 3503; x_wconf 78' lang='grc' dir='ltr'>πρὸς</span> <span class='ocrx_word' id='word_1_564' title='bbox 2818 3430 2919 3496; x_wconf 77' lang='grc' dir='ltr'>τὰς</span> <span class='ocrx_word' id='word_1_565' title='bbox 2937 3434 3202 3500; x_wconf 84' lang='grc' dir='ltr'>γυναῖκας</span> <span class='ocrx_word' id='word_1_566' title='bbox 3224 3435 3253 3487; x_wconf 80' lang='grc' dir='ltr'><strong>ὁ</strong></span> <span class='ocrx_word' id='word_1_567' title='bbox 3278 3434 3494 3506; x_wconf 81' lang='grc' dir='ltr'>Κύριος</span> <span class='ocrx_word' id='word_1_568' title='bbox 3518 3434 3825 3507; x_wconf 75' lang='grc' dir='ltr'>ἐφθέγγετο.</span> 
     </span>
    </p>
   </div>
   <div class='ocr_carea' id='block_1_82' title="bbox 2231 3520 3827 3600">
    <p class='ocr_par' dir='ltr' id='par_1_82' title="bbox 2231 3520 3827 3600">
     <span class='ocr_line' id='line_1_82' title="bbox 2231 3520 3827 3600; baseline -0.001 -17"><span class='ocrx_word' id='word_1_569' title='bbox 2231 3526 2405 3591; x_wconf 72' lang='grc' dir='ltr'>Αὐτὸς</span> <span class='ocrx_word' id='word_1_570' title='bbox 2455 3526 2513 3581; x_wconf 78' lang='grc' dir='ltr'>δὲ</span> <span class='ocrx_word' id='word_1_571' title='bbox 2560 3526 2655 3580; x_wconf 75' lang='grc' dir='ltr'>καὶ</span> <span class='ocrx_word' id='word_1_572' title='bbox 2703 3525 2799 3580; x_wconf 83' lang='grc' dir='ltr'><strong>νῦν</strong></span> <span class='ocrx_word' id='word_1_573' title='bbox 2854 3525 2949 3579; x_wconf 76' lang='grc' dir='ltr'>ἐπὶ</span> <span class='ocrx_word' id='word_1_574' title='bbox 2990 3520 3090 3598; x_wconf 76' lang='grc' dir='ltr'>τῆς</span> <span class='ocrx_word' id='word_1_575' title='bbox 3129 3526 3541 3600; x_wconf 80' lang='grc' dir='ltr'>κολυμϐήθρας</span> <span class='ocrx_word' id='word_1_576' title='bbox 3594 3532 3706 3593; x_wconf 86' lang='grc' dir='ltr'>τοῖς</span> <span class='ocrx_word' id='word_1_577' title='bbox 3748 3546 3827 3582; x_wconf 55' lang='lat' dir='ltr'><strong>me</strong></span> 
     </span>
    </p>
   </div>
   <div class='ocr_carea' id='block_1_83' title="bbox 2234 3618 3830 3694">
    <p class='ocr_par' dir='ltr' id='par_1_83' title="bbox 2234 3618 3830 3694">
     <span class='ocr_line' id='line_1_83' title="bbox 2234 3618 3830 3694; baseline -0.001 -18"><span class='ocrx_word' id='word_1_578' title='bbox 2234 3622 2516 3676; x_wconf 83' lang='grc' dir='ltr'>στεύουσιν</span> <span class='ocrx_word' id='word_1_579' title='bbox 2556 3618 2807 3690; x_wconf 80' lang='grc' dir='ltr'>ἀοράτως</span> <span class='ocrx_word' id='word_1_580' title='bbox 2833 3619 3143 3686; x_wconf 83' lang='grc' dir='ltr'>ἐφίσταται·</span> <span class='ocrx_word' id='word_1_581' title='bbox 3193 3620 3360 3684; x_wconf 82' lang='grc' dir='ltr'>αὐτὸς</span> <span class='ocrx_word' id='word_1_582' title='bbox 3389 3621 3830 3694; x_wconf 79' lang='grc' dir='ltr'>περιπτύσσεται</span> 
     </span>
    </p>
   </div>
   <div class='ocr_carea' id='block_1_84' title="bbox 2226 3702 3829 3785">
    <p class='ocr_par' dir='ltr' id='par_1_84' title="bbox 2226 3702 3829 3785">
     <span class='ocr_line' id='line_1_84' title="bbox 2226 3702 3829 3785; baseline -0.001 -17"><span class='ocrx_word' id='word_1_583' title='bbox 2226 3702 2356 3779; x_wconf 49' lang='grc' dir='ltr'>’τοὺς</span> <span class='ocrx_word' id='word_1_584' title='bbox 2378 3712 2773 3783; x_wconf 79' lang='grc' dir='ltr'>νεοφωτίστους</span> <span class='ocrx_word' id='word_1_585' title='bbox 2800 3711 2875 3775; x_wconf 83' lang='grc' dir='ltr'>ὡς</span> <span class='ocrx_word' id='word_1_586' title='bbox 2904 3712 3095 3781; x_wconf 84' lang='grc' dir='ltr'>φίλους</span> <span class='ocrx_word' id='word_1_587' title='bbox 3115 3713 3210 3766; x_wconf 80' lang='grc' dir='ltr'>καὶ</span> <span class='ocrx_word' id='word_1_588' title='bbox 3236 3713 3540 3783; x_wconf 80' lang='grc' dir='ltr'>ἀδελφούς·</span> <span class='ocrx_word' id='word_1_589' title='bbox 3573 3716 3670 3770; x_wconf 73' lang='grc' dir='ltr'>καὶ</span> <span class='ocrx_word' id='word_1_590' title='bbox 3693 3715 3829 3785; x_wconf 84' lang='grc' dir='ltr'>λέγει</span> 
     </span>
    </p>
   </div>
   <div class='ocr_carea' id='block_1_85' title="bbox 2229 3802 3834 3877">
    <p class='ocr_par' dir='ltr' id='par_1_85' title="bbox 2229 3802 3834 3877">
     <span class='ocr_line' id='line_1_85' title="bbox 2229 3802 3834 3877; baseline 0.001 -18"><span class='ocrx_word' id='word_1_591' title='bbox 2229 3804 2366 3877; x_wconf 83' lang='grc' dir='ltr'>πρὸς</span> <span class='ocrx_word' id='word_1_592' title='bbox 2398 3802 2615 3867; x_wconf 82' lang='grc' dir='ltr'>αὐτούς·</span> <span class='ocrx_word' id='word_1_593' title='bbox 2651 3804 2913 3873; x_wconf 63' lang='grc' dir='ltr'>Χαίρετε.</span> <span class='ocrx_word' id='word_1_594' title='bbox 2945 3803 3122 3866; x_wconf 77' lang='grc' dir='ltr'>Αὐτὸς</span> <span class='ocrx_word' id='word_1_595' title='bbox 3150 3804 3510 3877; x_wconf 77' lang='grc' dir='ltr'>εὐφροσύνης</span> <span class='ocrx_word' id='word_1_596' title='bbox 3551 3808 3651 3860; x_wconf 75' lang='grc' dir='ltr'><strong>καὶ</strong></span> <span class='ocrx_word' id='word_1_597' title='bbox 3672 3807 3834 3877; x_wconf 75' lang='grc' dir='ltr'>χαρᾶς</span> 
     </span>
    </p>
   </div>
   <div class='ocr_carea' id='block_1_86' title="bbox 2229 3895 3837 3971">
    <p class='ocr_par' dir='ltr' id='par_1_86' title="bbox 2229 3895 3837 3971">
     <span class='ocr_line' id='line_1_86' title="bbox 2229 3895 3837 3971; baseline 0.001 -20"><span class='ocrx_word' id='word_1_598' title='bbox 2229 3899 2569 3971; x_wconf 77' lang='grc' dir='ltr'>ἐμπίπλησιν</span> <span class='ocrx_word' id='word_1_599' title='bbox 2595 3896 2775 3951; x_wconf 75' lang='grc' dir='ltr'>αὐτῶν</span> <span class='ocrx_word' id='word_1_600' title='bbox 2794 3897 2895 3960; x_wconf 82' lang='grc' dir='ltr'>τὰς</span> <span class='ocrx_word' id='word_1_601' title='bbox 2921 3895 3152 3967; x_wconf 86' lang='grc' dir='ltr'>καρδίας</span> <span class='ocrx_word' id='word_1_602' title='bbox 3181 3898 3408 3963; x_wconf 75' lang='grc' dir='ltr'>καὶτὰς</span> <span class='ocrx_word' id='word_1_603' title='bbox 3434 3899 3652 3971; x_wconf 69' lang='grc' dir='ltr'>ψυχάς.</span> <span class='ocrx_word' id='word_1_604' title='bbox 3675 3898 3837 3961; x_wconf 78' lang='grc' dir='ltr'>Αὐτὸς</span> 
     </span>
    </p>
   </div>
   <div class='ocr_carea' id='block_1_87' title="bbox 2227 3988 3837 4065">
    <p class='ocr_par' dir='ltr' id='par_1_87' title="bbox 2227 3988 3837 4065">
     <span class='ocr_line' id='line_1_87' title="bbox 2227 3988 3837 4065; baseline 0 -19"><span class='ocrx_word' id='word_1_605' title='bbox 2227 3992 2354 4056; x_wconf 80' lang='grc' dir='ltr'>τοὺς</span> <span class='ocrx_word' id='word_1_606' title='bbox 2386 3990 2678 4065; x_wconf 78' lang='grc' dir='ltr'>ρυπῶντας</span> <span class='ocrx_word' id='word_1_607' title='bbox 2706 3988 3009 4043; x_wconf 80' lang='grc' dir='ltr'>ἀποπλύνει</span> <span class='ocrx_word' id='word_1_608' title='bbox 3043 3991 3160 4054; x_wconf 86' lang='grc' dir='ltr'>τοῖς</span> <span class='ocrx_word' id='word_1_609' title='bbox 3181 3990 3279 4062; x_wconf 80' lang='grc' dir='ltr'><strong>τῆς</strong></span> <span class='ocrx_word' id='word_1_610' title='bbox 3308 3992 3555 4063; x_wconf 79' lang='grc' dir='ltr'>χάριτος</span> <span class='ocrx_word' id='word_1_611' title='bbox 3580 3993 3837 4064; x_wconf 86' lang='grc' dir='ltr'>νάμασιν.</span> 
     </span>
    </p>
   </div>
   <div class='ocr_carea' id='block_1_88' title="bbox 2226 4079 3844 4157">
    <p class='ocr_par' dir='ltr' id='par_1_88' title="bbox 2226 4079 3844 4157">
     <span class='ocr_line' id='line_1_88' title="bbox 2226 4079 3844 4157; baseline -0.002 -18"><span class='ocrx_word' id='word_1_612' title='bbox 2226 4083 2399 4148; x_wconf 80' lang='grc' dir='ltr'>Αὐτὸς</span> <span class='ocrx_word' id='word_1_613' title='bbox 2446 4084 2574 4148; x_wconf 80' lang='grc' dir='ltr'>τοὺς</span> <span class='ocrx_word' id='word_1_614' title='bbox 2633 4081 3115 4152; x_wconf 80' lang='grc' dir='ltr'>ἀναγεννωμένους</span> <span class='ocrx_word' id='word_1_615' title='bbox 3157 4083 3302 4153; x_wconf 86' lang='grc' dir='ltr'>χρίει</span> <span class='ocrx_word' id='word_1_616' title='bbox 3355 4083 3449 4157; x_wconf 80' lang='grc' dir='ltr'><strong>τῷ</strong></span> <span class='ocrx_word' id='word_1_617' title='bbox 3518 4085 3689 4157; x_wconf 85' lang='grc' dir='ltr'>μύρῳ</span> <span class='ocrx_word' id='word_1_618' title='bbox 3750 4079 3844 4138; x_wconf 61' lang='lat' dir='ltr'><strong>to;</strong></span> 
     </span>
    </p>
   </div>
   <div class='ocr_carea' id='block_1_89' title="bbox 2228 4174 3844 4249">
    <p class='ocr_par' dir='ltr' id='par_1_89' title="bbox 2228 4174 3844 4249">
     <span class='ocr_line' id='line_1_89' title="bbox 2228 4174 3844 4249; baseline 0 -18"><span class='ocrx_word' id='word_1_619' title='bbox 2228 4176 2568 4248; x_wconf 86' lang='grc' dir='ltr'>Πνεύματος.</span> <span class='ocrx_word' id='word_1_620' title='bbox 2598 4174 2773 4239; x_wconf 78' lang='grc' dir='ltr'>Δύτδς</span> <span class='ocrx_word' id='word_1_621' title='bbox 2811 4176 3047 4246; x_wconf 85' lang='grc' dir='ltr'>τροφεὺς</span> <span class='ocrx_word' id='word_1_622' title='bbox 3080 4175 3263 4228; x_wconf 79' lang='grc' dir='ltr'>αὐτῶν</span> <span class='ocrx_word' id='word_1_623' title='bbox 3303 4177 3537 4244; x_wconf 80' lang='grc' dir='ltr'>γίνεται</span> <span class='ocrx_word' id='word_1_624' title='bbox 3586 4179 3689 4232; x_wconf 77' lang='grc' dir='ltr'>καὶ</span> <span class='ocrx_word' id='word_1_625' title='bbox 3728 4187 3844 4249; x_wconf 75' lang='grc' dir='ltr'>τρο-</span> 
     </span>
    </p>
   </div>
   <div class='ocr_carea' id='block_1_90' title="bbox 2226 4268 3841 4342">
    <p class='ocr_par' dir='ltr' id='par_1_90' title="bbox 2226 4268 3841 4342">
     <span class='ocr_line' id='line_1_90' title="bbox 2226 4268 3841 4342; baseline -0.011 -14"><span class='ocrx_word' id='word_1_626' title='bbox 2226 4271 2301 4342; x_wconf 80' lang='grc' dir='ltr'><strong>φή</strong></span> <span class='ocrx_word' id='word_1_627' title='bbox 2328 4268 2463 4341; x_wconf 75' lang='grc'><strong>(14).</strong></span> <span class='ocrx_word' id='word_1_628' title='bbox 2483 4268 2656 4333; x_wconf 80' lang='grc' dir='ltr'>Αὐτὸς</span> <span class='ocrx_word' id='word_1_629' title='bbox 2685 4268 2917 4340; x_wconf 83' lang='grc' dir='ltr'>παρέχει</span> <span class='ocrx_word' id='word_1_630' title='bbox 2942 4271 3056 4332; x_wconf 88' lang='grc' dir='ltr'>τοῖς</span> <span class='ocrx_word' id='word_1_631' title='bbox 3084 4269 3308 4333; x_wconf 86' lang='grc' dir='ltr'>οίκείοις</span> <span class='ocrx_word' id='word_1_632' title='bbox 3336 4270 3571 4335; x_wconf 87' lang='grc' dir='ltr'>δούλοις</span> <span class='ocrx_word' id='word_1_633' title='bbox 3589 4270 3654 4325; x_wconf 79' lang='grc' dir='ltr'>τὸ</span> <span class='ocrx_word' id='word_1_634' title='bbox 3683 4286 3841 4323; x_wconf 74' lang='grc' dir='ltr'>πνευ.</span> 
     </span>
    </p>
   </div>
   <div class='ocr_carea' id='block_1_91' title="bbox 2227 4360 3841 4435">
    <p class='ocr_par' dir='ltr' id='par_1_91' title="bbox 2227 4360 3841 4435">
     <span class='ocr_line' id='line_1_91' title="bbox 2227 4360 3841 4435; baseline -0.001 -19"><span class='ocrx_word' id='word_1_635' title='bbox 2227 4361 2458 4435; x_wconf 84' lang='grc' dir='ltr'>ματικὸν</span> <span class='ocrx_word' id='word_1_636' title='bbox 2489 4361 2821 4433; x_wconf 82' lang='grc' dir='ltr'>σιτηρέσιον.</span> <span class='ocrx_word' id='word_1_637' title='bbox 2859 4360 3035 4425; x_wconf 78' lang='grc' dir='ltr'>Αὐτὸς</span> <span class='ocrx_word' id='word_1_638' title='bbox 3066 4360 3216 4431; x_wconf 88' lang='grc' dir='ltr'>λέγει</span> <span class='ocrx_word' id='word_1_639' title='bbox 3263 4362 3408 4428; x_wconf 81' lang='grc' dir='ltr'>πρὸς</span> <span class='ocrx_word' id='word_1_640' title='bbox 3446 4365 3675 4428; x_wconf 78' lang='grc' dir='ltr'>πάντας</span> <span class='ocrx_word' id='word_1_641' title='bbox 3720 4361 3841 4425; x_wconf 73' lang='grc' dir='ltr'>τοὺς</span> 
     </span>
    </p>
   </div>
   <div class='ocr_carea' id='block_1_92' title="bbox 2223 4446 3842 4527">
    <p class='ocr_par' dir='ltr' id='par_1_92' title="bbox 2223 4446 3842 4527">
     <span class='ocr_line' id='line_1_92' title="bbox 2223 4446 3842 4527; baseline -0.002 -17"><span class='ocrx_word' id='word_1_642' title='bbox 2223 4453 2488 4519; x_wconf 83' lang='grc' dir='ltr'>εὐσεϐεῖς·</span> <span class='ocrx_word' id='word_1_643' title='bbox 2525 4473 2544 4508; x_wconf 85' lang='grc' dir='ltr'><strong>ι</strong></span> <span class='ocrx_word' id='word_1_644' title='bbox 2579 4455 2814 4520; x_wconf 88' lang='grc' dir='ltr'>Λάϐετε,</span> <span class='ocrx_word' id='word_1_645' title='bbox 2847 4454 3049 4525; x_wconf 81' lang='grc' dir='ltr'>φάγετε</span> <span class='ocrx_word' id='word_1_646' title='bbox 3078 4446 3171 4508; x_wconf 80' lang='grc' dir='ltr'><strong>τδν</strong></span> <span class='ocrx_word' id='word_1_647' title='bbox 3204 4455 3472 4526; x_wconf 80' lang='grc' dir='ltr'>οὐράνιον</span> <span class='ocrx_word' id='word_1_648' title='bbox 3510 4457 3712 4527; x_wconf 80' lang='grc' dir='ltr'>ἄρτον·</span> <span class='ocrx_word' id='word_1_649' title='bbox 3748 4455 3842 4507; x_wconf 86' lang='grc' dir='ltr'>λά-</span> 
     </span>
    </p>
   </div>
   <div class='ocr_carea' id='block_1_93' title="bbox 2221 4546 3843 4620">
    <p class='ocr_par' dir='ltr' id='par_1_93' title="bbox 2221 4546 3843 4620">
     <span class='ocr_line' id='line_1_93' title="bbox 2221 4546 3843 4620; baseline -0.002 -17"><span class='ocrx_word' id='word_1_650' title='bbox 2221 4550 2345 4604; x_wconf 86' lang='grc' dir='ltr'>ϐετε</span> <span class='ocrx_word' id='word_1_651' title='bbox 2376 4549 2474 4620; x_wconf 78' lang='grc' dir='ltr'>τῆς</span> <span class='ocrx_word' id='word_1_652' title='bbox 2504 4548 2646 4620; x_wconf 81' lang='grc' dir='ltr'>ἐμῆς</span> <span class='ocrx_word' id='word_1_653' title='bbox 2676 4546 2920 4620; x_wconf 79' lang='grc' dir='ltr'>πλευρᾶς</span> <span class='ocrx_word' id='word_1_654' title='bbox 2948 4547 3051 4620; x_wconf 81' lang='grc' dir='ltr'>τὴν</span> <span class='ocrx_word' id='word_1_655' title='bbox 3078 4546 3263 4620; x_wconf 73' lang='grc' dir='ltr'>πηγὴν</span> <span class='ocrx_word' id='word_1_656' title='bbox 3303 4547 3409 4619; x_wconf 75' lang='grc' dir='ltr'><strong>την</strong></span> <span class='ocrx_word' id='word_1_657' title='bbox 3454 4548 3843 4619; x_wconf 76' lang='grc' dir='ltr'>ἀντλουμένην</span> 
     </span>
    </p>
   </div>
   <div class='ocr_carea' id='block_1_94' title="bbox 2221 4642 3843 4717">
    <p class='ocr_par' dir='ltr' id='par_1_94' title="bbox 2221 4642 3843 4717">
     <span class='ocr_line' id='line_1_94' title="bbox 2221 4642 3843 4717; baseline -0.003 -17"><span class='ocrx_word' id='word_1_658' title='bbox 2221 4647 2308 4701; x_wconf 71' lang='grc' dir='ltr'>ἀεὶ</span> <span class='ocrx_word' id='word_1_659' title='bbox 2325 4648 2419 4699; x_wconf 70' lang='grc' dir='ltr'>καὶ</span> <span class='ocrx_word' id='word_1_660' title='bbox 2438 4644 2515 4716; x_wconf 83' lang='grc' dir='ltr'>μὴ</span> <span class='ocrx_word' id='word_1_661' title='bbox 2531 4643 2864 4715; x_wconf 82' lang='grc' dir='ltr'>κενουμένην</span> <span class='ocrx_word' id='word_1_662' title='bbox 2890 4644 3038 4696; x_wconf 80' lang='grc' dir='ltr'>ποτέ.</span> <span class='ocrx_word' id='word_1_663' title='bbox 3064 4644 3126 4697; x_wconf 84' lang='grc' dir='ltr'>Οί</span> <span class='ocrx_word' id='word_1_664' title='bbox 3151 4642 3482 4711; x_wconf 80' lang='grc' dir='ltr'>πεινῶντες,</span> <span class='ocrx_word' id='word_1_665' title='bbox 3511 4643 3843 4717; x_wconf 80' lang='grc' dir='ltr'>κορέσθητε·</span> 
     </span>
    </p>
   </div>
   <div class='ocr_carea' id='block_1_95' title="bbox 533 4730 2131 4807">
    <p class='ocr_par' dir='ltr' id='par_1_95' title="bbox 533 4732 2122 4805">
     <span class='ocr_line' id='line_1_95' title="bbox 533 4732 2122 4805; baseline 0 -16"><span class='ocrx_word' id='word_1_666' title='bbox 533 4733 736 4800; x_wconf 83' lang='lat' dir='ltr'><strong>cclsis;</strong></span> <span class='ocrx_word' id='word_1_667' title='bbox 776 4742 832 4788; x_wconf 90' lang='lat' dir='ltr'><strong>tu</strong></span> <span class='ocrx_word' id='word_1_668' title='bbox 867 4732 1132 4790; x_wconf 86' lang='lat' dir='ltr'><strong>Dominus</strong></span> <span class='ocrx_word' id='word_1_669' title='bbox 1168 4735 1618 4805; x_wconf 87' lang='lat' dir='ltr'><strong>incorporearum</strong></span> <span class='ocrx_word' id='word_1_670' title='bbox 1667 4733 1982 4801; x_wconf 88' lang='lat' dir='ltr'><strong>Virtutum;</strong></span> <span class='ocrx_word' id='word_1_671' title='bbox 2027 4735 2122 4804; x_wconf 86' lang='lat' dir='ltr'><strong>qui</strong></span> 
     </span>
    </p>
   </div>
   <div class='ocr_carea' id='block_1_96' title="bbox 2230 4730 3848 4807">
    <p class='ocr_par' dir='ltr' id='par_1_96' title="bbox 2230 4732 3848 4807">
     <span class='ocr_line' id='line_1_96' title="bbox 2230 4732 3848 4807; baseline -0.001 -16"><span class='ocrx_word' id='word_1_672' title='bbox 2230 4738 2276 4791; x_wconf 82' lang='grc' dir='ltr'>οἱ</span> <span class='ocrx_word' id='word_1_673' title='bbox 2304 4736 2589 4807; x_wconf 82' lang='grc' dir='ltr'>διψῶντες,</span> <span class='ocrx_word' id='word_1_674' title='bbox 2623 4734 2938 4807; x_wconf 84' lang='grc' dir='ltr'>μηθύσθητε</span> <span class='ocrx_word' id='word_1_675' title='bbox 2970 4734 3142 4805; x_wconf 80' lang='grc' dir='ltr'>μέθην</span> <span class='ocrx_word' id='word_1_676' title='bbox 3186 4732 3455 4805; x_wconf 80' lang='grc' dir='ltr'>σώφρονά</span> <span class='ocrx_word' id='word_1_677' title='bbox 3497 4753 3567 4789; x_wconf 85' lang='grc' dir='ltr'><strong>τε</strong></span> <span class='ocrx_word' id='word_1_678' title='bbox 3606 4737 3711 4790; x_wconf 72' lang='grc' dir='ltr'><strong>καλ⁸</strong></span> <span class='ocrx_word' id='word_1_679' title='bbox 3741 4752 3848 4789; x_wconf 86' lang='grc' dir='ltr'>σω-</span> 
     </span>
    </p>
   </div>
   <div class='ocr_carea' id='block_1_97' title="bbox 533 4826 2125 4897">
    <p class='ocr_par' dir='ltr' id='par_1_97' title="bbox 533 4826 2125 4897">
     <span class='ocr_line' id='line_1_97' title="bbox 533 4826 2125 4897; baseline -0.001 -15"><span class='ocrx_word' id='word_1_680' title='bbox 533 4835 841 4883; x_wconf 88' lang='lat' dir='ltr'><strong>creaturam</strong></span> <span class='ocrx_word' id='word_1_681' title='bbox 877 4841 973 4896; x_wconf 88' lang='lat' dir='ltr'><strong>pro</strong></span> <span class='ocrx_word' id='word_1_682' title='bbox 1006 4834 1139 4880; x_wconf 89' lang='lat' dir='ltr'><strong>nutu</strong></span> <span class='ocrx_word' id='word_1_683' title='bbox 1182 4826 1525 4894; x_wconf 84' lang='lat' dir='ltr'><strong>moderaris;</strong></span> <span class='ocrx_word' id='word_1_684' title='bbox 1562 4827 1657 4897; x_wconf 88' lang='lat' dir='ltr'><strong>qui</strong></span> <span class='ocrx_word' id='word_1_685' title='bbox 1701 4827 1997 4881; x_wconf 88' lang='lat' dir='ltr'><strong>humanam</strong></span> <span class='ocrx_word' id='word_1_686' title='bbox 2030 4841 2125 4881; x_wconf 80' lang='lat' dir='ltr'><strong>na-</strong></span> 
     </span>
    </p>
   </div>
   <div class='ocr_carea' id='block_1_98' title="bbox 533 4918 2125 4989">
    <p class='ocr_par' dir='ltr' id='par_1_98' title="bbox 533 4918 2125 4989">
     <span class='ocr_line' id='line_1_98' title="bbox 533 4918 2125 4989; baseline 0 -15"><span class='ocrx_word' id='word_1_687' title='bbox 533 4928 711 4974; x_wconf 88' lang='lat' dir='ltr'><strong>turam</strong></span> <span class='ocrx_word' id='word_1_688' title='bbox 747 4918 989 4973; x_wconf 82' lang='lat' dir='ltr'><strong>bonitate</strong></span> <span class='ocrx_word' id='word_1_689' title='bbox 1032 4919 1212 4989; x_wconf 76' lang='lat' dir='ltr'><strong>regis;</strong></span> <span class='ocrx_word' id='word_1_690' title='bbox 1260 4919 1355 4989; x_wconf 90' lang='lat' dir='ltr'><strong>qui</strong></span> <span class='ocrx_word' id='word_1_691' title='bbox 1401 4920 1560 4975; x_wconf 87' lang='lat' dir='ltr'><strong>nobis</strong></span> <span class='ocrx_word' id='word_1_692' title='bbox 1606 4920 1749 4973; x_wconf 81' lang='lat' dir='ltr'><strong>diem</strong></span> <span class='ocrx_word' id='word_1_693' title='bbox 1798 4920 1940 4974; x_wconf 90' lang='lat' dir='ltr'><strong>hanc</strong></span> <span class='ocrx_word' id='word_1_694' title='bbox 1981 4920 2125 4975; x_wconf 87' lang='lat' dir='ltr'><strong>cele-</strong></span> 
     </span>
    </p>
   </div>
   <div class='ocr_carea' id='block_1_99' title="bbox 532 5011 2120 5082">
    <p class='ocr_par' dir='ltr' id='par_1_99' title="bbox 532 5011 2120 5082">
     <span class='ocr_line' id='line_1_99' title="bbox 532 5011 2120 5082; baseline -0.001 -16"><span class='ocrx_word' id='word_1_695' title='bbox 532 5014 795 5082; x_wconf 88' lang='lat' dir='ltr'><strong>bremque</strong></span> <span class='ocrx_word' id='word_1_696' title='bbox 832 5011 1053 5066; x_wconf 89' lang='lat' dir='ltr'><strong>donasti</strong></span> <span class='ocrx_word' id='word_1_697' title='bbox 1097 5025 1427 5067; x_wconf 85' lang='lat' dir='ltr'><strong>conventum</strong></span> <span class='ocrx_word' id='word_1_698' title='bbox 1451 5054 1465 5078; x_wconf 94' lang='lat'><strong>,</strong></span> <span class='ocrx_word' id='word_1_699' title='bbox 1510 5012 1681 5066; x_wconf 88' lang='lat' dir='ltr'><strong>nostri</strong></span> <span class='ocrx_word' id='word_1_700' title='bbox 1717 5012 2011 5078; x_wconf 85' lang='lat' dir='ltr'><strong>miserere,</strong></span> <span class='ocrx_word' id='word_1_701' title='bbox 2044 5012 2120 5067; x_wconf 87' lang='lat' dir='ltr'><strong>uti</strong></span> 
     </span>
    </p>
   </div>
   <div class='ocr_carea' id='block_1_100' title="bbox 531 5103 2123 5173">
    <p class='ocr_par' dir='ltr' id='par_1_100' title="bbox 531 5103 2123 5173">
     <span class='ocr_line' id='line_1_100' title="bbox 531 5103 2123 5173; baseline 0 -14"><span class='ocrx_word' id='word_1_702' title='bbox 531 5106 794 5159; x_wconf 87' lang='lat' dir='ltr'><strong>misertus</strong></span> <span class='ocrx_word' id='word_1_703' title='bbox 836 5119 896 5159; x_wconf 89' lang='lat' dir='ltr'><strong>es</strong></span> <span class='ocrx_word' id='word_1_704' title='bbox 934 5103 1284 5160; x_wconf 88' lang='lat' dir='ltr'><strong>meretricis:</strong></span> <span class='ocrx_word' id='word_1_705' title='bbox 1335 5120 1403 5159; x_wconf 90' lang='lat' dir='ltr'><strong>ne</strong></span> <span class='ocrx_word' id='word_1_706' title='bbox 1448 5119 1549 5158; x_wconf 82' lang='lat' dir='ltr'><strong>nos</strong></span> <span class='ocrx_word' id='word_1_707' title='bbox 1584 5104 1814 5173; x_wconf 81' lang='lat' dir='ltr'><strong>repellas</strong></span> <span class='ocrx_word' id='word_1_708' title='bbox 1837 5144 1852 5168; x_wconf 96' lang='lat'><strong>,</strong></span> <span class='ocrx_word' id='word_1_709' title='bbox 1893 5118 2018 5157; x_wconf 90' lang='lat' dir='ltr'><strong>cum</strong></span> <span class='ocrx_word' id='word_1_710' title='bbox 2054 5104 2123 5159; x_wconf 90' lang='lat' dir='ltr'><strong>de</strong></span> 
     </span>
    </p>
   </div>
   <div class='ocr_carea' id='block_1_101' title="bbox 530 5197 2119 5264">
    <p class='ocr_par' dir='ltr' id='par_1_101' title="bbox 530 5197 2119 5264">
     <span class='ocr_line' id='line_1_101' title="bbox 530 5197 2119 5264; baseline -0.001 -10"><span class='ocrx_word' id='word_1_711' title='bbox 530 5208 624 5254; x_wconf 83' lang='lat' dir='ltr'><strong>tua</strong></span> <span class='ocrx_word' id='word_1_712' title='bbox 660 5198 781 5252; x_wconf 87' lang='lat' dir='ltr'><strong>freti</strong></span> <span class='ocrx_word' id='word_1_713' title='bbox 809 5197 1120 5264; x_wconf 82' lang='lat' dir='ltr'><strong>clementia,</strong></span> <span class='ocrx_word' id='word_1_714' title='bbox 1150 5197 1395 5254; x_wconf 83' lang='lat' dir='ltr'><strong>scelestis</strong></span> <span class='ocrx_word' id='word_1_715' title='bbox 1430 5197 1684 5251; x_wconf 86' lang='lat' dir='ltr'><strong>manibus</strong></span> <span class='ocrx_word' id='word_1_716' title='bbox 1716 5212 1931 5253; x_wconf 84' lang='lat' dir='ltr'><strong>sacrum</strong></span> <span class='ocrx_word' id='word_1_717' title='bbox 1964 5206 2119 5252; x_wconf 88' lang='lat' dir='ltr'><strong>tuum</strong></span> 
     </span>
    </p>
   </div>
   <div class='ocr_carea' id='block_1_102' title="bbox 529 5289 2121 5363">
    <p class='ocr_par' dir='ltr' id='par_1_102' title="bbox 529 5289 2121 5363">
     <span class='ocr_line' id='line_1_102' title="bbox 529 5289 2121 5363; baseline 0.002 -20"><span class='ocrx_word' id='word_1_718' title='bbox 529 5307 728 5363; x_wconf 77' lang='lat' dir='ltr'><strong>corpus</strong></span> <span class='ocrx_word' id='word_1_719' title='bbox 769 5300 952 5346; x_wconf 87' lang='lat' dir='ltr'><strong>tenere</strong></span> <span class='ocrx_word' id='word_1_720' title='bbox 977 5292 1098 5346; x_wconf 90' lang='lat' dir='ltr'><strong>ausi</strong></span> <span class='ocrx_word' id='word_1_721' title='bbox 1131 5290 1422 5346; x_wconf 85' lang='lat' dir='ltr'><strong>fuerimus.</strong></span> <span class='ocrx_word' id='word_1_722' title='bbox 1460 5292 1535 5345; x_wconf 82' lang='lat' dir='ltr'><strong>Ac</strong></span> <span class='ocrx_word' id='word_1_723' title='bbox 1573 5289 1718 5344; x_wconf 92' lang='lat' dir='ltr'><strong>sicut</strong></span> <span class='ocrx_word' id='word_1_724' title='bbox 1764 5305 1871 5345; x_wconf 90' lang='lat' dir='ltr'><strong>non</strong></span> <span class='ocrx_word' id='word_1_725' title='bbox 1916 5291 2121 5361; x_wconf 87' lang='lat' dir='ltr'><strong>repuli-</strong></span> 
     </span>
    </p>
   </div>
   <div class='ocr_carea' id='block_1_103' title="bbox 529 5384 2118 5455">
    <p class='ocr_par' dir='ltr' id='par_1_103' title="bbox 529 5384 2118 5455">
     <span class='ocr_line' id='line_1_103' title="bbox 529 5384 2118 5455; baseline 0 -15"><span class='ocrx_word' id='word_1_726' title='bbox 529 5385 599 5441; x_wconf 88' lang='lat' dir='ltr'><strong>sti</strong></span> <span class='ocrx_word' id='word_1_727' title='bbox 636 5385 996 5455; x_wconf 87' lang='lat' dir='ltr'><strong>peccatricem</strong></span> <span class='ocrx_word' id='word_1_728' title='bbox 1029 5385 1175 5439; x_wconf 84' lang='lat' dir='ltr'><strong>illam</strong></span> <span class='ocrx_word' id='word_1_729' title='bbox 1206 5385 1575 5449; x_wconf 86' lang='lat' dir='ltr'><strong>meretricem,</strong></span> <span class='ocrx_word' id='word_1_730' title='bbox 1607 5384 1965 5439; x_wconf 83' lang='lat' dir='ltr'><strong>intemeratas</strong></span> <span class='ocrx_word' id='word_1_731' title='bbox 1992 5394 2118 5440; x_wconf 91' lang='lat' dir='ltr'><strong>tuos</strong></span> 
     </span>
    </p>
   </div>
   <div class='ocr_carea' id='block_1_104' title="bbox 602 5569 1179 5635">
    <p class='ocr_par' dir='ltr' id='par_1_104' title="bbox 602 5569 1179 5635">
     <span class='ocr_line' id='line_1_104' title="bbox 602 5569 1179 5635; baseline 0.005 -11"><span class='ocrx_word' id='word_1_732' title='bbox 602 5571 648 5604; x_wconf 71' lang='grc' dir='ltr'><strong><em>ἐ</em></strong></span> <span class='ocrx_word' id='word_1_733' title='bbox 670 5569 861 5626; x_wconf 76' lang='lat' dir='ltr'><strong>Matth.</strong></span> <span class='ocrx_word' id='word_1_734' title='bbox 896 5587 1092 5635; x_wconf 73' lang='lat' dir='ltr'><strong>xxvm,</strong></span> <span class='ocrx_word' id='word_1_735' title='bbox 1127 5571 1179 5627; x_wconf 83' lang='lat'><strong>9.</strong></span> 
     </span>
    </p>
   </div>
   <div class='ocr_carea' id='block_1_105' title="bbox 608 5762 2109 5834">
    <p class='ocr_par' dir='ltr' id='par_1_105' title="bbox 608 5762 2109 5834">
     <span class='ocr_line' id='line_1_105' title="bbox 608 5762 2109 5834; baseline 0.001 -17"><span class='ocrx_word' id='word_1_736' title='bbox 608 5766 719 5829; x_wconf 59' lang='lat' dir='ltr'><strong>lli)</strong></span> <span class='ocrx_word' id='word_1_737' title='bbox 754 5763 1024 5819; x_wconf 78' lang='lat' dir='ltr'><strong>Nutrilius</strong></span> <span class='ocrx_word' id='word_1_738' title='bbox 1063 5776 1111 5818; x_wconf 83' lang='lat' dir='ltr'><strong>et</strong></span> <span class='ocrx_word' id='word_1_739' title='bbox 1134 5765 1300 5818; x_wconf 78' lang='lat' dir='ltr'><strong>cibus.</strong></span> <span class='ocrx_word' id='word_1_740' title='bbox 1341 5762 1569 5834; x_wconf 77' lang='lat' dir='ltr'><strong>Egregie</strong></span> <span class='ocrx_word' id='word_1_741' title='bbox 1601 5778 1698 5832; x_wconf 80' lang='lat' dir='ltr'><strong>pro</strong></span> <span class='ocrx_word' id='word_1_742' title='bbox 1743 5764 2109 5820; x_wconf 69' lang='lat' dir='ltr'><strong>Eucliarislia.</strong></span> 
     </span>
    </p>
   </div>
   <div class='ocr_carea' id='block_1_106' title="bbox 533 5834 2113 5907">
    <p class='ocr_par' dir='ltr' id='par_1_106' title="bbox 533 5834 2113 5907">
     <span class='ocr_line' id='line_1_106' title="bbox 533 5834 2113 5907; baseline -0.004 -12"><span class='ocrx_word' id='word_1_743' title='bbox 533 5836 735 5895; x_wconf 83' lang='lat' dir='ltr'><strong>Paucis</strong></span> <span class='ocrx_word' id='word_1_744' title='bbox 767 5846 963 5892; x_wconf 82' lang='lat' dir='ltr'><strong>cuncta</strong></span> <span class='ocrx_word' id='word_1_745' title='bbox 1025 5837 1185 5889; x_wconf 82' lang='lat' dir='ltr'><strong>docte</strong></span> <span class='ocrx_word' id='word_1_746' title='bbox 1240 5834 1575 5905; x_wconf 82' lang='lat' dir='ltr'><strong>perstringit,</strong></span> <span class='ocrx_word' id='word_1_747' title='bbox 1603 5850 1725 5904; x_wconf 72' lang='lat' dir='ltr'><strong>qua-</strong></span> <span class='ocrx_word' id='word_1_748' title='bbox 1755 5836 1903 5891; x_wconf 84' lang='lat' dir='ltr'><strong>circa</strong></span> <span class='ocrx_word' id='word_1_749' title='bbox 1939 5838 2113 5907; x_wconf 79' lang='lat' dir='ltr'><strong>bapti-</strong></span> 
     </span>
    </p>
   </div>
   <div class='ocr_carea' id='block_1_107' title="bbox 2221 4820 3848 4902">
    <p class='ocr_par' dir='ltr' id='par_1_107' title="bbox 2221 4820 3848 4902">
     <span class='ocr_line' id='line_1_107' title="bbox 2221 4820 3848 4902; baseline -0.004 -19"><span class='ocrx_word' id='word_1_750' title='bbox 2221 4831 2432 4902; x_wconf 83' lang='grc' dir='ltr'>τήριον.</span> <span class='ocrx_word' id='word_1_751' title='bbox 2471 4850 2489 4881; x_wconf 83' lang='grc' dir='ltr'><strong>ι</strong></span> <span class='ocrx_word' id='word_1_752' title='bbox 2535 4828 2697 4892; x_wconf 81' lang='grc' dir='ltr'>Ἀλλ’,</span> <span class='ocrx_word' id='word_1_753' title='bbox 2726 4820 2771 4880; x_wconf 82' lang='grc' dir='ltr'><strong>ὧ</strong></span> <span class='ocrx_word' id='word_1_754' title='bbox 2804 4825 3024 4897; x_wconf 76' lang='grc' dir='ltr'>βασιλεῦ</span> <span class='ocrx_word' id='word_1_755' title='bbox 3058 4826 3166 4879; x_wconf 89' lang='grc' dir='ltr'><strong>τῶν</strong></span> <span class='ocrx_word' id='word_1_756' title='bbox 3194 4825 3480 4898; x_wconf 80' lang='grc' dir='ltr'>οὐρανῶν,</span> <span class='ocrx_word' id='word_1_757' title='bbox 3529 4829 3561 4880; x_wconf 86' lang='grc' dir='ltr'><strong>ὁ</strong></span> <span class='ocrx_word' id='word_1_758' title='bbox 3594 4827 3848 4897; x_wconf 80' lang='grc' dir='ltr'>καθήμε-</span> 
     </span>
    </p>
   </div>
   <div class='ocr_carea' id='block_1_108' title="bbox 2221 4918 3849 4993">
    <p class='ocr_par' dir='ltr' id='par_1_108' title="bbox 2221 4918 3849 4993">
     <span class='ocr_line' id='line_1_108' title="bbox 2221 4918 3849 4993; baseline -0.003 -17"><span class='ocrx_word' id='word_1_759' title='bbox 2221 4939 2311 4987; x_wconf 87' lang='grc' dir='ltr'><strong>νος</strong></span> <span class='ocrx_word' id='word_1_760' title='bbox 2339 4922 2395 4975; x_wconf 80' lang='grc' dir='ltr'><strong>ἐν</strong></span> <span class='ocrx_word' id='word_1_761' title='bbox 2424 4920 2577 4993; x_wconf 80' lang='grc' dir='ltr'>δεξιᾷ</span> <span class='ocrx_word' id='word_1_762' title='bbox 2598 4921 2698 4991; x_wconf 86' lang='grc' dir='ltr'>τῆς</span> <span class='ocrx_word' id='word_1_763' title='bbox 2728 4918 3106 4991; x_wconf 85' lang='grc' dir='ltr'>μεγαλοσύνης</span> <span class='ocrx_word' id='word_1_764' title='bbox 3138 4921 3195 4972; x_wconf 85' lang='grc' dir='ltr'>ὲν</span> <span class='ocrx_word' id='word_1_765' title='bbox 3217 4921 3331 4983; x_wconf 82' lang='grc' dir='ltr'>τοῖς</span> <span class='ocrx_word' id='word_1_766' title='bbox 3363 4919 3644 4991; x_wconf 79' lang='grc' dir='ltr'>ὑψηλοῖς,</span> <span class='ocrx_word' id='word_1_767' title='bbox 3669 4921 3701 4975; x_wconf 83' lang='grc' dir='ltr'>ὁ</span> <span class='ocrx_word' id='word_1_768' title='bbox 3740 4918 3849 4973; x_wconf 86' lang='grc' dir='ltr'><strong>τῶν</strong></span> 
     </span>
    </p>
   </div>
   <div class='ocr_carea' id='block_1_109' title="bbox 2220 5012 3851 5083">
    <p class='ocr_par' dir='ltr' id='par_1_109' title="bbox 2220 5012 3851 5083">
     <span class='ocr_line' id='line_1_109' title="bbox 2220 5012 3851 5083; baseline -0.005 -13"><span class='ocrx_word' id='word_1_769' title='bbox 2220 5015 2529 5083; x_wconf 81' lang='grc' dir='ltr'>ἀσωμάτων</span> <span class='ocrx_word' id='word_1_770' title='bbox 2553 5013 2838 5082; x_wconf 85' lang='grc' dir='ltr'>δυνάμεων</span> <span class='ocrx_word' id='word_1_771' title='bbox 2865 5012 3091 5082; x_wconf 81' lang='grc' dir='ltr'>Κύριος,</span> <span class='ocrx_word' id='word_1_772' title='bbox 3131 5013 3160 5064; x_wconf 86' lang='grc' dir='ltr'><strong>ὁ</strong></span> <span class='ocrx_word' id='word_1_773' title='bbox 3186 5015 3283 5082; x_wconf 76' lang='grc' dir='ltr'>τὴν</span> <span class='ocrx_word' id='word_1_774' title='bbox 3323 5012 3520 5065; x_wconf 85' lang='grc' dir='ltr'>κτίσιν</span> <span class='ocrx_word' id='word_1_775' title='bbox 3553 5014 3640 5075; x_wconf 81' lang='grc' dir='ltr'>ὡς</span> <span class='ocrx_word' id='word_1_776' title='bbox 3673 5012 3851 5073; x_wconf 75' lang='grc' dir='ltr'>θέλεις</span> 
     </span>
    </p>
   </div>
   <div class='ocr_carea' id='block_1_110' title="bbox 2219 5103 3851 5180">
    <p class='ocr_par' dir='ltr' id='par_1_110' title="bbox 2219 5103 3851 5180">
     <span class='ocr_line' id='line_1_110' title="bbox 2219 5103 3851 5180; baseline -0.002 -20"><span class='ocrx_word' id='word_1_777' title='bbox 2219 5105 2477 5180; x_wconf 82' lang='grc' dir='ltr'>ἡνιοχῶν,</span> <span class='ocrx_word' id='word_1_778' title='bbox 2506 5106 2534 5159; x_wconf 88' lang='grc' dir='ltr'><strong>ὁ</strong></span> <span class='ocrx_word' id='word_1_779' title='bbox 2561 5103 2658 5176; x_wconf 81' lang='grc' dir='ltr'>τὴν</span> <span class='ocrx_word' id='word_1_780' title='bbox 2704 5103 3104 5175; x_wconf 85' lang='grc' dir='ltr'>ἁνθρωπότητα</span> <span class='ocrx_word' id='word_1_781' title='bbox 3137 5105 3481 5175; x_wconf 85' lang='grc' dir='ltr'>χρηστότητι</span> <span class='ocrx_word' id='word_1_782' title='bbox 3521 5103 3851 5177; x_wconf 86' lang='grc' dir='ltr'>κυϐερνῶν,</span> 
     </span>
    </p>
   </div>
   <div class='ocr_carea' id='block_1_111' title="bbox 2218 5197 3857 5271">
    <p class='ocr_par' dir='ltr' id='par_1_111' title="bbox 2218 5197 3857 5271">
     <span class='ocr_line' id='line_1_111' title="bbox 2218 5197 3857 5271; baseline -0.001 -18"><span class='ocrx_word' id='word_1_783' title='bbox 2218 5202 2248 5254; x_wconf 84' lang='grc' dir='ltr'><em>ὁ</em></span> <span class='ocrx_word' id='word_1_784' title='bbox 2276 5199 2375 5271; x_wconf 79' lang='grc' dir='ltr'>τὴν</span> <span class='ocrx_word' id='word_1_785' title='bbox 2396 5197 2613 5271; x_wconf 77' lang='grc' dir='ltr'>ἡμέραν</span> <span class='ocrx_word' id='word_1_786' title='bbox 2652 5198 2859 5267; x_wconf 84' lang='grc' dir='ltr'>ταύτην</span> <span class='ocrx_word' id='word_1_787' title='bbox 2887 5198 2981 5251; x_wconf 76' lang='grc' dir='ltr'>καὶ</span> <span class='ocrx_word' id='word_1_788' title='bbox 3008 5198 3106 5266; x_wconf 80' lang='grc' dir='ltr'>τὴν</span> <span class='ocrx_word' id='word_1_789' title='bbox 3133 5198 3451 5269; x_wconf 80' lang='grc' dir='ltr'>πανήγυριν</span> <span class='ocrx_word' id='word_1_790' title='bbox 3484 5201 3642 5270; x_wconf 86' lang='grc' dir='ltr'>ἡμῖν</span> <span class='ocrx_word' id='word_1_791' title='bbox 3677 5198 3857 5270; x_wconf 80' lang='grc' dir='ltr'>δωρη-</span> 
     </span>
    </p>
   </div>
   <div class='ocr_carea' id='block_1_112' title="bbox 2222 5287 3858 5362">
    <p class='ocr_par' dir='ltr' id='par_1_112' title="bbox 2222 5287 3858 5362">
     <span class='ocr_line' id='line_1_112' title="bbox 2222 5287 3858 5362; baseline -0.002 -16"><span class='ocrx_word' id='word_1_792' title='bbox 2222 5294 2476 5361; x_wconf 85' lang='grc' dir='ltr'>σάμενος,</span> <span class='ocrx_word' id='word_1_793' title='bbox 2503 5288 2729 5360; x_wconf 79' lang='grc' dir='ltr'>ἐλέησον</span> <span class='ocrx_word' id='word_1_794' title='bbox 2762 5290 2911 5360; x_wconf 71' lang='grc' dir='ltr'>ἡμᾶς</span> <span class='ocrx_word' id='word_1_795' title='bbox 2952 5288 3024 5352; x_wconf 81' lang='grc' dir='ltr'>ὼς</span> <span class='ocrx_word' id='word_1_796' title='bbox 3075 5288 3313 5358; x_wconf 73' lang='grc' dir='ltr'>ἡλέησας</span> <span class='ocrx_word' id='word_1_797' title='bbox 3338 5287 3444 5360; x_wconf 71' lang='grc' dir='ltr'><strong>τὴν</strong></span> <span class='ocrx_word' id='word_1_798' title='bbox 3477 5289 3735 5362; x_wconf 83' lang='grc' dir='ltr'>πόρνην·</span> <span class='ocrx_word' id='word_1_799' title='bbox 3780 5289 3858 5360; x_wconf 85' lang='grc' dir='ltr'>μὴ</span> 
     </span>
    </p>
   </div>
   <div class='ocr_carea' id='block_1_113' title="bbox 2217 5379 3856 5456">
    <p class='ocr_par' dir='ltr' id='par_1_113' title="bbox 2217 5379 3856 5456">
     <span class='ocr_line' id='line_1_113' title="bbox 2217 5379 3856 5456; baseline -0.002 -19"><span class='ocrx_word' id='word_1_800' title='bbox 2217 5382 2416 5456; x_wconf 81' lang='grc' dir='ltr'>διώξῃς</span> <span class='ocrx_word' id='word_1_801' title='bbox 2455 5379 2624 5456; x_wconf 74' lang='grc' dir='ltr'>ἡμᾶς,</span> <span class='ocrx_word' id='word_1_802' title='bbox 2656 5380 2751 5434; x_wconf 77' lang='grc' dir='ltr'>ἐὰν</span> <span class='ocrx_word' id='word_1_803' title='bbox 2779 5380 3155 5453; x_wconf 75' lang='grc' dir='ltr'>θαρρήσαντες</span> <span class='ocrx_word' id='word_1_804' title='bbox 3199 5383 3266 5452; x_wconf 83' lang='grc' dir='ltr'>τῇ</span> <span class='ocrx_word' id='word_1_805' title='bbox 3301 5382 3365 5454; x_wconf 78' lang='grc' dir='ltr'>σῇ</span> <span class='ocrx_word' id='word_1_806' title='bbox 3400 5381 3856 5455; x_wconf 66' lang='grc' dir='ltr'>φιλανθρωπίᾳ,</span> 
     </span>
    </p>
   </div>
   <div class='ocr_carea' id='block_1_114' title="bbox 2223 5762 3854 5835">
    <p class='ocr_par' dir='ltr' id='par_1_114' title="bbox 2223 5762 3854 5835">
     <span class='ocr_line' id='line_1_114' title="bbox 2223 5762 3854 5835; baseline 0.003 -19"><span class='ocrx_word' id='word_1_807' title='bbox 2223 5762 2428 5835; x_wconf 62' lang='lat' dir='ltr'><strong>aandos</strong></span> <span class='ocrx_word' id='word_1_808' title='bbox 2459 5773 2514 5819; x_wconf 89' lang='lat' dir='ltr'><strong>et</strong></span> <span class='ocrx_word' id='word_1_809' title='bbox 2544 5762 2597 5817; x_wconf 89' lang='lat' dir='ltr'><strong>in</strong></span> <span class='ocrx_word' id='word_1_810' title='bbox 2627 5763 2920 5835; x_wconf 86' lang='lat' dir='ltr'><strong>baptismo,</strong></span> <span class='ocrx_word' id='word_1_811' title='bbox 2984 5764 3255 5835; x_wconf 70' lang='lat' dir='ltr'><strong>praecipua</strong></span> <span class='ocrx_word' id='word_1_812' title='bbox 3329 5763 3508 5820; x_wconf 74' lang='lat' dir='ltr'><strong>Ital-et</strong></span> <span class='ocrx_word' id='word_1_813' title='bbox 3570 5777 3854 5834; x_wconf 79' lang='lat' dir='ltr'><strong>antiquus</strong></span> 
     </span>
    </p>
   </div>
   <div class='ocr_carea' id='block_1_115' title="bbox 2222 5833 3755 5907">
    <p class='ocr_par' dir='ltr' id='par_1_115' title="bbox 2222 5833 3755 5907">
     <span class='ocr_line' id='line_1_115' title="bbox 2222 5833 3755 5907; baseline 0.005 -22"><span class='ocrx_word' id='word_1_814' title='bbox 2222 5833 2478 5890; x_wconf 67' lang='lat' dir='ltr'><strong>Ecclvsia‘.</strong></span> <span class='ocrx_word' id='word_1_815' title='bbox 2514 5834 2672 5901; x_wconf 88' lang='lat' dir='ltr'><strong>ritus,</strong></span> <span class='ocrx_word' id='word_1_816' title='bbox 2700 5833 2731 5890; x_wconf 85' lang='lat' dir='ltr'><strong>a</strong></span> <span class='ocrx_word' id='word_1_817' title='bbox 2769 5833 3025 5907; x_wconf 75' lang='lat' dir='ltr'><strong>Dionysio</strong></span> <span class='ocrx_word' id='word_1_818' title='bbox 3055 5834 3292 5907; x_wconf 74' lang='lat' dir='ltr'><strong>aliisque</strong></span> <span class='ocrx_word' id='word_1_819' title='bbox 3322 5839 3664 5905; x_wconf 69' lang='lat' dir='ltr'><strong>expositus.</strong></span> <span class='ocrx_word' id='word_1_820' title='bbox 3696 5833 3755 5893; x_wconf 68' lang='lat' dir='ltr'><strong>la</strong></span> 
     </span>
    </p>
   </div>
  </div>
