4062 6424
556 352 691 417 186'!

1436 351 1498 409 S.
1528 346 1904 411 GREGOBII
1936 350 2409 410 PRESBYTER!
2441 346 2909 411 ANTIOCHENI

3652 359 3761 430 1868

555 472 741 523 donem
771 465 841 520 ad
876 464 1159 529 Joannem,
1203 473 1259 517 ut
1316 464 1678 532 baptizaretur
1727 463 1794 518 ab
1839 480 1900 517 eo
1945 462 1993 494 “
2021 501 2035 516 .
2091 461 2136 517 Ο
2165 467 2209 523 Α
2240 463 2337 517 rali
2360 472 2671 519 coarctatus
2702 472 2758 519 et
2781 460 3122 532 compeditus
3141 460 3408 517 exsistens
3431 461 3763 529 insolubilibus

553 568 756 631 quanta
788 557 1003 613 Domini
1036 556 1316 611 humilitas
1345 559 1361 610 ι
1401 572 1435 611 o
1465 565 1672 626 quanta
1702 554 2095 611 condescensio
2120 556 2134 608 ι

556 651 670 706 Rex
696 648 963 705 caelorum
992 648 1058 703 ad
1090 646 1358 702 Joannem
1389 662 1550 703 suum
1582 662 1980 718 praeursorem
2013 660 2139 702 cur-

553 744 728 799 rebat.
763 740 881 795 Non
908 754 1260 796 commovens
1299 740 1620 811 angelorum
1665 740 1989 806 exercitum,
2040 754 2141 795 nec

554 846 921 904 pmursores
966 830 1303 901 praemittens
1342 831 1698 901 incorporeas
1733 832 1992 896 virtutes,
2044 830 2141 887 sed

557 924 789 994 simplex
823 922 904 979 sic
934 923 1157 977 militari
1191 922 1378 978 habitu
1415 922 1482 977 ad
1514 939 1674 979 suum
1707 923 1935 978 militem
1975 922 2141 978 adve-

554 1016 656 1071 nit.
683 1014 749 1070 Et
772 1016 916 1071 sicut
944 1031 1088 1070 unus
1116 1030 1183 1071 ex
1210 1015 1419 1080 multis,
1451 1030 1577 1072 cum
1607 1017 1796 1072 multis
1819 1031 1944 1072 eum
1968 1016 2136 1071 adiit:

553 1120 917 1168 connumerat
946 1126 1006 1166 se
1031 1110 1197 1181 judex
1225 1126 1351 1166 cum
1380 1111 1528 1166 reis:
1557 1120 1813 1184 aggregat
1836 1126 1893 1167 se
1915 1111 2142 1181 perditis

553 1203 750 1259 ovibus
787 1202 980 1260 Pastor
1020 1205 1217 1269 bonus,
1258 1203 1375 1274 qui,
1402 1214 1625 1273 propter
1651 1213 1924 1260 errantem
1977 1217 2137 1258 ovem

552 1314 587 1354 e
644 1298 802 1354 caelis
839 1296 1199 1361 descendens,
1223 1296 1394 1351 caelos
1425 1310 1532 1350 non
1560 1294 1869 1366 dereliquit.
1899 1292 2138 1351 Comini-

553 1392 696 1446 scuit
728 1405 788 1445 se
820 1389 1053 1446 zizaniis
1078 1388 1304 1445 cmleste
1335 1388 1603 1443 triticum.

621 1505 681 1559 2.
721 1502 925 1558 Videns
960 1502 1125 1572 igitur
1157 1517 1282 1558 eum
1321 1500 1557 1557 Joannes
1583 1499 1847 1570 Baptista,
1879 1509 1937 1555 et.-
1971 1514 2138 1570 agno-

552 1609 718 1652 secus
748 1610 874 1650 eum
905 1609 1069 1665 quem
1103 1610 1170 1649 ex
1211 1604 1369 1649 utero
1416 1609 1531 1649 81KB
1582 1594 1774 1649 matris
1822 1601 2137 1663 agnoverat,

557 1687 823 1743 adoravit.
859 1685 929 1741 Et
951 1686 1237 1756 diligenter
1255 1684 1368 1757 (15)
1395 1686 1700 1755 intelligens
1721 1700 1847 1740 cum
1877 1686 2025 1739 illum
2048 1700 2139 1741 es-

558 1793 639 1847 se,
664 1793 764 1849 pro
792 1793 902 1848 quo
934 1777 989 1833 in
1020 1787 1177 1832 utero
1211 1778 1630 1847 superveniente
1660 1777 2013 1847 tripudiabat,
2041 1791 2140 1832 co-

555 1883 823 1939 gnoscens
853 1867 1099 1923 ordinem
1142 1876 1373 1931 natura},
1421 1868 1699 1923 contraxit
1752 1868 1902 1923 intus
1944 1867 2140 1938 diploi-

554 1962 639 2016 dis
657 1959 770 2030 (16)
800 1960 1100 2027 dexteram,
1128 1969 1182 2014 et
1198 1974 1357 2016 suum
1374 1968 1538 2030 caput
1556 1960 2136 2029 inclinans,sicutser-

554 2068 657 2107 vus
672 2052 904 2108 dilectus
920 2051 1135 2107 Domini
1157 2052 1262 2119 sui,
1280 2051 1370 2107 bis
1392 2063 1571 2107 autem
1596 2051 1850 2107 utebatur
1874 2051 2097 2107 vocibus
2122 2069 2135 2104 :

556 2145 673 2217 Ego
705 2162 834 2215 opus
858 2145 1021 2199 habeo
1057 2161 1090 2198 a
1125 2153 1172 2199 te
1202 2145 1485 2215 baptizari,
1514 2157 1564 2200 et
1601 2156 1657 2199 tu
1690 2146 1833 2199 venis
1863 2146 1933 2199 ad
1960 2161 2040 2200 me
2061 2144 2143 2198 "?

555 2238 697 2305 Quid
731 2237 890 2303 facis,
917 2253 952 2294 ο
975 2237 1239 2294 Domine?
1265 2238 1406 2305 Quid
1432 2239 1575 2293 servi
1601 2239 1857 2293 immutas
1885 2236 2143 2292 ordines?

554 2330 697 2396 Quid
728 2344 853 2384 cum
880 2329 1054 2385 servis
1080 2344 1110 2383 a
1142 2330 1316 2385 servis
1346 2344 1407 2385 ea
1435 2345 1556 2400 qutc
1578 2332 1717 2386 servi
1745 2338 1873 2385 sunt
1894 2327 2144 2400 expetis?

552 2421 701 2489 Quid
716 2422 819 2488 vis,
834 2422 979 2492 quod
1004 2436 1111 2477 non
1136 2421 1343 2493 indiges
1361 2420 1791 2493 accipere?Quid
1807 2438 1901 2492 per
1915 2420 2140 2477 inultam

556 2513 1077 2569 condescensiouem
1112 2528 1309 2586 gravas
1357 2529 1442 2568 me
1472 2521 1626 2569 tuum
1661 2515 1944 2585 proprium
1985 2513 2144 2587 (l7)?

555 2605 671 2678 Ego
706 2620 846 2676 opus
884 2605 1059 2661 habeo
1118 2604 1200 2678 [ει]
1252 2614 1303 2661 te
1341 2605 1644 2676 baptizari,
1699 2615 1755 2661 tu
1811 2617 1992 2661 autem
2032 2620 2141 2660 non

558 2699 771 2769 indiges
821 2714 853 2752 a
908 2713 998 2753 me
1055 2698 1343 2767 baptizari.
1379 2696 1612 2754 inferior
1659 2712 1689 2752 a
1748 2699 1974 2755 meliore
2014 2700 2144 2753 a-di-

555 2790 773 2856 ﬁcatur,
826 2805 937 2846 nou
977 2791 1168 2846 melior
1196 2792 1266 2846 ab
1305 2791 1564 2847 inferiore
1609 2793 2017 2848 sanctiﬁcatur:
2055 2794 2141 2848 lu-

553 2897 719 2939 cerna
743 2898 774 2937 a
805 2882 920 2939 sole
949 2883 1333 2949 obumbratur,
1365 2899 1473 2939 non
1507 2884 1587 2941 sol
1621 2885 1690 2940 ab
1717 2887 1928 2956 stuppis
1957 2885 2143 2941 radia-

563 2980 657 3025 tur
689 2992 701 3029 :
743 2974 918 3030 lutum
952 2988 983 3029 a
1019 2974 1183 3046 ﬁgulo
1220 2975 1519 3047 perficitur,
1555 2993 1662 3032 non
1703 2978 1901 3049 ﬁgulus
1949 2995 1976 3032 a
2025 2979 2143 3033 luto

555 3067 923 3137 contingitur:
979 3067 1266 3123 :cdiﬁcium
1316 3069 1386 3124 ab
1414 3069 1610 3140 Opiﬁce
1660 3081 1977 3137 renovatur,
2033 3087 2141 3127 non

556 3156 737 3227 opifex
773 3158 843 3213 ab
886 3158 1118 3215 aedilicio
1161 3162 1523 3218 emendatur:
1576 3174 1812 3233 aegrotus
1864 3181 1894 3219 a
1930 3166 2143 3220 medico
2171 3183 2214 3243 ο

556 3260 807 3311 sanatur,
840 3264 947 3303 non
979 3250 1225 3306 medicus
1258 3252 1328 3306 ab
1375 3261 1579 3322 :egroto
1610 3254 1900 3309 medetur:
1941 3270 2145 3325 egenus

556 3358 587 3395 a
622 3341 790 3397 divite
828 3340 1127 3408 feneratur,
1167 3360 1274 3399 non
1310 3345 1463 3401 dives
1510 3346 1578 3400 ab
1626 3345 1788 3416 inope
1838 3355 2143 3401 mutuatur.

560 3432 675 3504 Ego
707 3449 835 3503 opus
863 3433 1027 3489 habeo
1053 3452 1087 3487 a
1118 3446 1164 3489 te
1193 3437 1478 3506 baptizari.
1512 3437 1768 3509 Nunquid
1798 3439 1990 3508 ignoro
2021 3439 2146 3507 quis

556 3541 638 3589 es,
674 3534 724 3579 ct
753 3540 819 3580 ex
856 3542 961 3596 qua
991 3543 1050 3582 re
1080 3525 1300 3593 fulsisli,
1333 3529 1416 3583 vel
1452 3530 1593 3584 unde
1632 3529 1947 3586 advenisti?
1993 3530 2144 3584 Nun-

556 3618 687 3685 quid
718 3618 979 3688 quoniam
1011 3628 1231 3689 propter
1260 3636 1347 3675 me
1379 3621 1555 3676 factus
1587 3637 1647 3677 es
1679 3622 1822 3692 quod
1866 3638 1966 3692 ego
1996 3638 2141 3687 sum,

558 3711 831 3780 magnalia
859 3712 1073 3783 abnego
1099 3722 1204 3771 tua:
1224 3713 1481 3770 tleitatis?
1501 3714 1753 3786 Nunquid
1779 3717 1905 3787 quia
1933 3726 2143 3772 tantum

556 3803 690 3859 mihi
715 3803 1175 3869 condescendisti,
1202 3816 1264 3863 ut
1293 3807 1456 3861 etiam
1480 3809 1877 3879 propinquares
1902 3811 2144 3880 corpori,

557 3906 618 3950 ut
647 3905 820 3951 totum
852 3912 939 3952 me
978 3896 1147 3953 ferres
1177 3898 1229 3952 in
1264 3907 1335 3964 te,
1370 3908 1430 3954 ut
1474 3899 1711 3956 salvares
1748 3911 1920 3957 totum
1969 3902 2148 3956 horni-

556 4005 702 4053 ncm,
739 3988 980 4060 despicio
1008 3992 1155 4061 quod
1204 3996 1299 4047 est’
1335 3992 1387 4046 in
1426 3999 1477 4061 te
1515 3992 1834 4050 invisibile?
1862 3994 2145 4066 Nunquid,

557 4079 820 4149 quoniam
878 4089 1099 4152 prOpter
1157 4082 1625 4139 mea'm'salutem
1686 4085 1913 4142 induisti
1967 4102 2145 4143 meam

557 4180 760 4237 cutem,
794 4173 984 4242 ignoro
1014 4181 1066 4227 te
1098 4174 1195 4243 qui,
1238 4158 1474 4231 amictus
1516 4192 1577 4232 es
1626 4178 1749 4234 luce
1793 4179 1935 4234 sicut
1978 4180 2147 4234 vesti-

556 4260 789 4317 mento?
828 4260 1107 4333 Nunquid,
1143 4266 1405 4335 quoniam
1455 4283 1575 4323 mea
1614 4272 1832 4339 cognita
1871 4285 2037 4325 carne
2060 4271 2147 4325 in-

553 4346 722 4401 dutus
782 4362 863 4413 es,
912 4356 971 4403 ut
1020 4365 1312 4419 appareres
1358 4354 1702 4423 hominibus,
1736 4367 2003 4427 quantum
2040 4360 2143 4430 ipsi

554 4434 872 4502 conspicere
903 4438 1219 4506 praevalent,
1249 4439 1379 4496 latet
1412 4457 1499 4496 mc
1528 4444 1717 4507 radius
1748 4453 1854 4500 tua:
1880 4462 2146 4504 corusca-

2240 556 2473 612 vinculis
2502 556 2670 621 cteui,
2700 556 3047 611 exsultabam
3082 562 3138 609 et
3166 554 3408 621 laetabar,
3432 565 3565 613 tuam
3598 576 3770 630 pmce.

2238 647 2376 704 dens
2404 648 2700 718 praelibans
2726 648 3088 702 nativitatem.
3122 644 3227 713 Qui
3266 660 3394 716 ergo
3420 656 3535 704 ante
3566 664 3770 722 partum,

2238 749 2394 796 tuum
2421 741 2715 797 adventum
2747 741 3060 812 praedicavi,
3103 747 3235 810 post
3282 748 3486 809 partum
3527 751 3623 800 tua:
3660 763 3773 816 pra.

2240 835 2433 892 sentite
2470 834 2781 908 desistam?
2832 834 2938 901 Qui
2986 834 3057 887 ab
3109 830 3340 886 infantia
3389 841 3490 889 tua
3532 842 3777 906 potestatis

2239 928 2504 999 magister
2541 928 2753 992 exstiti,
2785 927 3109 983 adolescens
3137 925 3387 981 inveniar
3411 927 3474 981 ad
3503 936 3638 984 tuam
3671 947 3779 1001 per-

2238 1019 2437 1075 fectam
2487 1018 2947 1090 intelligentiam?
2990 1016 3107 1073 Non
3143 1030 3367 1088 possum
3405 1025 3453 1073 te
3478 1032 3580 1074 non
3608 1023 3781 1087 colere,

2239 1112 2334 1182 qui
2364 1111 2615 1168 adoraris
2643 1114 2712 1168 ab
2745 1111 2896 1167 omni
2930 1120 3184 1166 creatura
3213 1128 3227 1164 :
3262 1124 3372 1165 non
3405 1124 3616 1181 possum
3648 1112 3785 1185 [non]

2239 1204 2537 1277 praedicare
2568 1218 2718 1271 eum,
2750 1218 2911 1274 quem
2943 1204 3146 1259 caelum
3180 1216 3277 1272 per
3311 1202 3516 1258 stellam
3543 1213 3788 1259 monstra-

2241 1296 2337 1362 vit,
2388 1304 2445 1351 et
2475 1307 2616 1350 terra
2674 1310 2771 1366 per
2818 1310 3007 1366 magos
3063 1293 3353 1360 nuntiavit,
3409 1302 3462 1348 et
3504 1278 3805 1365 angelorum-

2239 1389 2396 1447 chori
2424 1391 2673 1447 halantes
2703 1390 2922 1446 coalitus
2956 1390 3335 1454 laudaveruut,
3370 1397 3423 1444 et
3462 1398 3695 1459 pastores
3719 1393 3792 1447 vi-

2240 1483 2473 1555 gilantes
2519 1485 2664 1541 sicut
2714 1484 2910 1540 ducem
2965 1490 3248 1554 pastorum
3306 1492 3363 1538 et
3418 1483 3792 1543 rationabiliunt

2241 1578 2427 1635 ovium
2461 1578 2921 1648 glorificaverunt.
2970 1577 3090 1634 Non
3131 1592 3359 1649 possum
3411 1586 3462 1632 te
3508 1587 3795 1647 praesentem

2242 1670 2437 1725 silere:
2490 1685 2595 1726 vox
2645 1670 2792 1726 enim
2840 1684 2988 1735 sum,
3040 1684 3143 1723 vox
3182 1666 3465 1721 clamantis
3506 1668 3561 1721 in
3596 1667 3797 1736 deserto,

2243 1772 2430 1834 parate
2451 1763 2594 1817 uiam
2613 1761 2840 1819 Domino
2864 1762 2931 1816 ⁸⁸.
2958 1792 3030 1803 -
3053 1760 3162 1833 Ego
3193 1777 3324 1831 aptis
3352 1760 3513 1814 habeo
3551 1778 3582 1813 a
3610 1770 3655 1814 te
3689 1760 3801 1830 bap-

2249 1859 2429 1913 tizari.
2468 1857 2583 1930 Ego
2612 1868 2776 1913 natus
2816 1857 3060 1927 parentis
3095 1856 3440 1912 sterilitatem
3475 1855 3627 1923 solvi,
3657 1865 3707 1911 et
3732 1856 3803 1910 in-

2246 1950 2371 2008 fans
2391 1938 2666 2007 exsislens
2699 1951 2899 2016 adhuc,
2930 1951 3069 2021 patri
3100 1964 3221 2005 meo
3263 1950 3384 2005 sine
3414 1964 3547 2004 vocc
3574 1965 3691 2005 cum
3731 1965 3810 2005 es-

2247 2054 2353 2112 set,
2408 2045 2655 2100 medicus
2692 2043 2920 2099 effectus
2947 2059 3094 2107 sum,
3123 2057 3153 2097 a
3195 2050 3250 2098 te
3283 2042 3560 2113 accipiens
3601 2042 3805 2113 gratiam

2249 2137 2412 2208 hujus
2444 2137 2715 2193 miraculi.
2765 2135 2845 2193 Tu
2882 2146 3063 2192 autem
3098 2136 3168 2192 de
3200 2134 3428 2207 Virgine
3473 2143 3645 2190 matre
3670 2144 3811 2190 natus

2247 2245 2329 2293 es,
2383 2239 2443 2285 ut
2497 2230 2762 2297 voluisti;
2822 2239 2878 2285 et
2906 2241 2967 2285 tu
3019 2229 3173 2286 solus
3221 2229 3331 2285 scis
3390 2229 3621 2300 qualiter
3672 2236 3811 2283 natus

2250 2324 2366 2379 sis:
2411 2340 2522 2379 non
2574 2323 2784 2379 solvisti
2824 2322 3193 2391 virginitatem
3248 2322 3395 2393 ejus,
3445 2322 3543 2377 sed
3593 2330 3647 2377 et
3692 2321 3817 2378 hanc

2249 2416 2611 2479 conservasti,
2640 2425 2694 2470 et
2721 2415 2912 2471 matris
2954 2415 3004 2472 ei
3031 2414 3361 2471 vocabulum
3393 2414 3743 2470 condonasti:
3773 2424 3817 2469 et

2250 2524 2351 2564 nec
2395 2510 2681 2580 virginitas
2733 2519 2887 2566 tuum
2945 2518 3160 2581 partum
3215 2509 3451 2572 vetavit,
3511 2524 3613 2564 nec
3658 2517 3822 2577 partus

2251 2599 2693 2674 [virginitatem].
2726 2601 3031 2657 Contraria:
3054 2616 3161 2667 res,
3194 2600 3250 2655 id
3277 2609 3370 2657 est
3408 2609 3601 2670 partus
3636 2609 3688 2655 et
3730 2600 3822 2654 vir-

2249 2693 2471 2764 ginitas,
2505 2693 2572 2747 ad
2601 2707 2766 2748 unam
2798 2691 3173 2759 concordiam,
3222 2706 3289 2747 eo
3333 2689 3486 2761 quod
3531 2690 3628 2745 tibi
3666 2689 3824 2745 visum

2248 2794 2333 2840 est
2378 2785 2553 2841 lictori
2585 2794 2817 2841 naturae.
2866 2784 2981 2855 Ego
3023 2785 3171 2840 enim
3217 2785 3391 2840 homo
3439 2799 3587 2849 sum,
3639 2791 3827 2837 tantum

2249 2878 2447 2933 divina:
2475 2878 2663 2949 gloriae
2697 2879 2995 2948 particeps,
3042 2885 3101 2933 tu
3151 2887 3333 2933 autem
3388 2877 3539 2933 Deus
3590 2885 3643 2931 ct
3685 2876 3831 2931 homo

2250 2971 2392 3025 idem
2442 2970 2579 3042 ipse,
2622 2971 2749 3041 quia
2797 2970 3110 3027 misericors
3163 2970 3276 3040 ipse
3317 2969 3572 3026 exsistis.
3619 2967 3697 3022 Tu
3746 2984 3830 3038 pa-

2251 3071 2418 3117 ternae
2475 3063 2664 3132 gloria:
2707 3061 2965 3118 claritas:
3021 3072 3078 3118 ιιι
3112 3062 3356 3133 perfecta
3397 3064 3585 3135 imago
3626 3062 3834 3133 perfecti

2251 3154 2469 3212 Patris:
2511 3164 2569 3210 ιιι
2617 3170 2809 3210 verum
2842 3156 3055 3221 lumen,
3101 3156 3247 3226 quod
3297 3157 3587 3211 illuminat
3631 3170 3834 3212 omnem

2249 3248 2527 3304 hominem
2589 3249 2897 3305 venientem
2951 3250 3005 3303 in
3061 3248 3327 3305 mundum
3355 3252 3403 3284 ³⁸
3439 3292 3453 3305 .
3511 3249 3599 3305 Tu
3647 3251 3738 3320 qui
3790 3249 3838 3303 iu

2249 3342 2455 3396 mundo
2504 3342 2795 3407 cxsistens,
2847 3343 3042 3399 venisti
3104 3343 3195 3397 ubi
3247 3335 3376 3400 eras
3429 3364 3443 3399 :
3497 3355 3555 3399 tu
3619 3342 3835 3398 Verbum

2248 3435 2340 3503 qui
2390 3433 2568 3490 factus
2593 3451 2654 3491 es
2680 3450 2831 3502 caro,
2868 3435 2962 3491 sed
2993 3452 3100 3491 non
3132 3435 3185 3489 in
3214 3451 3444 3491 carnem
3476 3444 3767 3492 mutatus:
3792 3444 3840 3491 tu

2248 3528 2341 3596 qui
2386 3528 2701 3584 iuliabitasti
2745 3529 2800 3584 in
2833 3529 3015 3594 nobis,
3060 3538 3116 3584 et
3152 3532 3470 3600 apparuisti
3522 3531 3636 3586 tuis
3684 3529 3843 3587 servis

2249 3618 2305 3672 in
2335 3620 2477 3674 servi
2528 3618 2752 3676 forma:
2802 3628 2859 3674 tu
2889 3622 2984 3691 qui
3012 3622 3138 3677 coeli
3165 3630 3452 3693 terraque
3497 3637 3723 3692 acquum
3772 3621 3844 3677 fe-

2250 3711 2374 3766 cisti
2406 3724 2645 3768 meatum
2678 3729 2776 3784 per
2806 3724 3061 3769 sanctum
3094 3723 3246 3769 tuum
3273 3730 3490 3771 nomen
3518 3733 3533 3769 :
3573 3725 3633 3771 tu
3666 3714 3846 3770 venisti

2250 3804 2315 3858 ad
2351 3820 2438 3859 me
2465 3814 2651 3860 tantus
2685 3807 2752 3861 ad
2786 3807 2974 3873 talem,
3015 3824 3109 3863 rex
3155 3808 3221 3863 ad
3266 3824 3715 3879 praecursorem,
3760 3809 3849 3863 do-

2250 3897 2435 3952 minus
2467 3898 2534 3952 ad
2575 3913 2815 3953 servum.
2850 3899 2956 3955 Sed
3001 3900 3129 3954 licet
3168 3908 3222 3954 tu
3256 3900 3312 3954 in
3357 3901 3682 3957 humilibus
3715 3915 3851 3954 men-

2248 3989 2397 4045 suris
2429 3989 2686 4044 humanis
2714 3989 2850 4046 ellici
2883 4006 2991 4046 non
3022 3991 3316 4058 erubuisti,
3350 4009 3462 4066 ego
3491 4003 3685 4050 tamen
3714 4008 3855 4048 men-

2250 4094 2436 4135 suram
2477 4089 2686 4135 naturac
2718 4097 2851 4136 meae
2888 4084 3192 4149 transgredi
3229 4090 3477 4157 nequeo.
3499 4086 3636 4142 Scio
3661 4095 3853 4157 quanta

2249 4175 2322 4230 sit
2349 4175 2653 4232 differentia
2685 4178 2926 4246 pulveris
2953 4188 3009 4233 et
3032 4178 3292 4235 factoris:
3328 4181 3459 4237 scio
3504 4191 3718 4252 quanta
3753 4194 3858 4234 me-

2249 4269 2468 4324 lioratio
2500 4270 2570 4325 sit
2616 4272 2748 4329 solis
2784 4281 2841 4328 et
2881 4272 3129 4343 justitire.
3183 4272 3338 4329 Licet
3387 4275 3678 4331 mundani
3726 4273 3859 4328 nube

2247 4362 2493 4428 corporis
2542 4364 2777 4419 amictus
2835 4367 2940 4431 sis,
3005 4366 3250 4438 intelligo
3298 4377 3466 4424 tuum
3531 4368 3860 4431 dominium,

2250 4453 2511 4510 conﬁteor
2540 4470 2717 4510 meam
2760 4456 3101 4525 servitutem,
3144 4459 3389 4529 praedico
3430 4476 3628 4516 meam
3659 4459 3863 4528 exigui-

557 4525 725 4579 tionis
746 4524 1086 4626 ?.Nunquid,
1115 4531 1379 4600 quoniam
1412 4549 1591 4590 meam
1623 4538 1679 4591 in
1732 4545 1785 4593 te
1818 4554 1983 4595 cerno
2033 4539 2144 4595 for-
2176 4526 2220 4584 Ῑ)
2250 4553 2437 4600 tatem.
2482 4544 2598 4601 Non
2632 4563 2751 4602 sum
2789 4550 2986 4622 dignus
3036 4524 3251 4608 solvere
3282 4555 3607 4626 corrigiam
3662 4524 3868 4613 calcea-

555 4630 725 4680 mam,
757 4616 1002 4688 despicio
1028 4628 1177 4677 tuam
1208 4627 1574 4682 substantiam
1605 4628 1872 4696 divinam,
1904 4649 2027 4702 qua:
2060 4643 2145 4690 est

552 4708 846 4767 invisibilis
880 4721 1045 4783 atque
1072 4715 1675 4787 incomprehensibilis?
1708 4721 1856 4791 Scio,
1889 4723 2139 4794 Domine,

553 4811 609 4855 et
642 4802 749 4857 scis
778 4806 1039 4874 quoniam
1069 4808 1187 4864 scio
1215 4818 1268 4864 te
1295 4828 1312 4865 :
1349 4813 1465 4867 scio
1492 4822 1542 4869 te
1577 4815 1901 4886 diligenter:
1933 4818 2143 4885 seiote,

551 4891 805 4963 Domine,
838 4906 956 4954 a'te
989 4898 1259 4971 edoctus;
1310 4906 1494 4960 nullus
1535 4908 1681 4961 enim
1734 4917 1786 4962 te
1834 4909 2143 4982 intelligere

548 4992 789 5056 poterat,
827 4986 934 5043 nisi
974 4988 1285 5058 perfruatur
1317 5009 1505 5050 arnore
1537 5006 1643 5051 tuae
1676 4998 2141 5068 splendidissima:

550 5076 860 5135 cbaritatis.
902 5078 1032 5140 Scio
1071 5093 1145 5152 te,
1193 5085 1443 5150 Domine,
1493 5088 1670 5158 bene;
1731 5093 1839 5147 vidi
1889 5094 2035 5149 enim
2088 5102 2144 5151 te

492 5164 505 5171 ’
549 5169 871 5240 spiritaliter
915 5176 1069 5244 prius
1110 5194 1275 5248 quam
1326 5181 1585 5237 vidissem
1644 5185 1748 5259 huc
1793 5186 1999 5241 lumen:
2058 5187 2139 5243 Tu

549 5264 773 5333 quidem
801 5268 1080 5327 exsistens
1107 5272 1164 5326 in
1194 5274 1532 5344 incorporeis
1565 5277 1779 5333 sinibus
1829 5279 2025 5345 Patris,
2080 5283 2137 5336 in

549 5353 703 5412 illius
727 5365 834 5415 tute
857 5362 1070 5418 ancillae
1107 5373 1163 5419 et
1205 5367 1400 5423 matris
1427 5376 1585 5424 utero
1638 5370 1841 5425 includi
1889 5373 2131 5431 voluisti.

545 5447 666 5524 Ego
692 5461 877 5509 autem
909 5455 964 5510 in
992 5468 1151 5514 utero
1178 5458 1451 5515 Elisabeth
1477 5463 1619 5517 sicut
1652 5463 1706 5517 in
1733 5478 1955 5521 carcere
1974 5477 2139 5524 natu-

2247 4639 2415 4693 menti
2460 4640 2562 4704 tui,
2610 4649 2667 4696 et
2706 4644 2983 4711 quomodo
3021 4646 3335 4716 contingam
3384 4659 3664 4704 sanctum
3720 4657 3866 4702 tuum

2246 4733 2451 4803 caput?
2500 4736 2776 4806 quomodo
2810 4739 3097 4793 extendam
3134 4739 3426 4795 dexteram
3465 4756 3652 4813 super
3684 4749 3758 4808 te,
3786 4740 3872 4811 qui

2246 4829 2494 4884 extendis
2524 4831 2722 4886 ccelum
2758 4833 2903 4888 sicut
2945 4835 3138 4904 pellem
3165 4836 3188 4888 ?
3220 4838 3524 4906 quomodo
3556 4838 3871 4908 expandam

2247 4923 2474 4979 serviles
2508 4938 2662 4979 meos
2691 4924 2892 4995 digitos
2921 4928 3108 4983 divino
3144 4938 3239 4984 tuo
3282 4931 3492 4986 vertici
3516 4932 3543 4985 ?
3594 4929 3875 5003 quomodo

2249 5015 2422 5069 lavem
2451 5015 2863 5072 immaculatum
2887 5028 2941 5074 et
2963 5019 3083 5075 sine
3105 5030 3327 5092 peccato
3346 5020 3720 5077 Dominum?
3748 5034 3876 5090 quo-

2248 5105 2412 5161 modo
2446 5105 2749 5161 illuminem
2786 5108 2968 5163 lumen
2992 5109 3016 5163 ?
3043 5110 3263 5179 qualem
3301 5109 3523 5167 faciam
3563 5115 3877 5170 orationem

2248 5213 2413 5268 super
2438 5208 2508 5264 te,
2534 5200 2628 5269 qui
2658 5202 2892 5272 suscipis
2918 5212 2971 5258 et
2996 5203 3369 5275 ignorantium
3405 5208 3881 5265 obsecrationes?

2247 5291 2398 5346 Alios
2437 5292 2655 5363 baptizo
2686 5294 2739 5348 in
2770 5297 2994 5351 nomine
3025 5305 3140 5364 tuo,
3178 5306 3237 5353 ut
3278 5298 3533 5356 credant
3569 5300 3632 5357 in
3666 5312 3745 5368 te,
3793 5300 3883 5372 qui

2249 5393 2373 5453 post
2404 5400 2490 5439 me
2517 5387 2674 5442 venis
2703 5405 2717 5454 ;
2755 5396 2806 5443 te
2840 5389 3147 5460 haptizans,
3193 5391 3349 5463 cujus
3384 5409 3633 5450 memor
3664 5411 3788 5461 ero,
3832 5396 3882 5447 in

2246 5477 2406 5547 Cujus
2435 5479 2656 5535 nomine
2687 5491 2739 5535 te
2774 5480 3041 5551 baptizem
3063 5483 3089 5536 ?
3138 5482 3199 5541 In
3246 5485 3433 5544 Patris
3463 5489 3493 5544 ?
3549 5489 3659 5549 sed
3709 5499 3884 5548 totum

617 5567 668 5603 ³⁸
698 5566 890 5625 Matth.
930 5574 1123 5638 ιιι,15.
1199 5575 1244 5607 ³⁷
1273 5571 1468 5630 Matth.
1518 5592 1605 5646 in,
1643 5579 1732 5635 ιι.
1806 5579 1855 5612 ³⁸
1902 5578 2008 5640 lsa.
2039 5601 2083 5655 ι,
2124 5589 2142 5645 ἒ

2261 5592 2452 5647 Matth.
2495 5611 2577 5659 ιιι,
2615 5596 2669 5650 5.
2748 5598 2793 5631 ³³
2832 5596 2997 5654 Joan.
3034 5566 3072 5668 ι,
3105 5600 3158 5657 9.

769 5682 995 5757 futue:
1021 5683 1115 5757 Gr.
1149 5685 1421 5757 ἀκριϐῶς.

653 5752 735 5820 lli)
769 5752 875 5807 Pro
905 5755 1048 5808 intra
1065 5752 1373 5823 diploidem.

2314 5705 2426 5763 (l7)
2445 5704 2592 5764 Puto
2616 5724 2682 5765 cx
2726 5708 2820 5766 Gr.
2854 5711 3079 5768 οἰκεῖον.
