4062 6476
417 312 554 378 1869

410 513 580 570 Filii?
617 516 712 572 sed
758 531 865 572 non
898 527 982 572 est
1012 517 1153 574 alius
1182 528 1379 590 praeter
1404 530 1457 575 te
1506 523 1775 579 naturalis
1821 523 1995 580 Filius

411 605 533 662 Dei.
570 605 627 662 In
657 606 896 679 Spiritus
924 611 1140 666 sancti?
1168 612 1263 667 sed
1290 620 1470 667 tecum
1497 622 1581 669 est
1607 630 1824 684 semper
1850 617 1996 672 sicut

411 700 897 759 consubstantialis
943 717 1039 758 seu
1075 704 1445 775 omnipotens,
1495 706 1660 761 simul
1710 715 1762 762 et
1816 716 1995 764 tecum

411 793 643 862 suscipit
685 795 933 850 omnium
964 796 1263 851 orationes.
1307 795 1527 867 Baptiza
1567 797 1680 868 jam
1719 813 1826 865 me,
1859 800 1906 856 si
1937 808 1995 856 tu

409 885 515 951 vis,
550 884 798 953 Domine,
829 887 1042 957 baptiza
1075 888 1665 960 baptistam,regenera
1695 905 1859 961 quem
1893 907 1996 948 na-

409 976 487 1029 sci
523 975 723 1041 fecisti,
752 977 933 1032 exime
962 979 1258 1035 terribilem
1290 990 1441 1034 tuam
1483 980 1787 1048 dexteram,
1831 998 1996 1052 quam

409 1076 465 1121 tu
499 1068 713 1122 tibimet
740 1069 1038 1139 perfecisti,
1069 1081 1123 1126 et
1151 1087 1352 1128 corona
1380 1073 1577 1144 palmis
1600 1089 1786 1131 meum
1809 1087 1995 1148 caput,

408 1170 470 1215 ut
496 1172 622 1215 ante
654 1170 806 1215 tuum
832 1178 1062 1219 currens
1091 1180 1344 1236 regnum,
1371 1167 1512 1221 sicut
1534 1182 1843 1236 praecursor
1866 1169 1999 1225 solis

410 1265 462 1312 te
490 1258 856 1328 evangelizem
885 1262 1291 1330 peccatoribus,
1323 1262 1569 1320 clamans
1599 1264 1680 1319 eis
1711 1273 1766 1318 et
1785 1263 1995 1322 dicens:

409 1348 544 1405 Ecce
561 1351 742 1421 Agnus
757 1351 876 1418 Dei,
901 1369 1017 1408 ecce
1035 1355 1127 1425 qui
1151 1354 1293 1409 tollit
1324 1366 1539 1425 peccata
1572 1355 1754 1410 mundi
1774 1357 1840 1412 ³⁰.
1874 1356 1999 1414 Jor-

405 1443 566 1499 danis
595 1444 795 1501 ﬂuvius
821 1447 1088 1504 comitare
1128 1465 1369 1514 mecum,
1400 1459 1456 1505 et
1497 1451 1664 1505 simul
1698 1453 1913 1507 exsulta
1944 1464 2001 1509 et

405 1555 696 1597 commove
745 1542 1040 1613 vigilanter
1070 1545 1368 1616 vertigines
1396 1547 1859 1616 quemadmodum
1902 1563 1997 1604 ex-

404 1634 768 1691 sultationes:
798 1645 926 1693 tuus
956 1637 1100 1692 enim
1135 1636 1315 1710 opifex
1346 1639 1568 1694 assistet
1601 1640 1698 1695 tibi
1721 1656 1845 1696 cum
1872 1657 1996 1696 cor-

402 1742 558 1799 pore.
606 1728 804 1785 Vidisti
852 1729 1018 1784 Israel
1051 1746 1150 1801 per
1198 1739 1251 1785 te
1298 1741 1670 1788 transeuntem
1709 1745 1764 1789 et
1807 1732 1998 1806 [di]vi-

403 1822 622 1879 dentem
669 1832 794 1882 tuas
839 1841 1032 1895 aquas,
1080 1834 1135 1881 et
1182 1826 1385 1882 stetisti
1438 1828 1624 1899 pepuli
1674 1838 1996 1900 exspectans

403 1917 693 1971 transitum
721 1936 734 1972 :
774 1934 921 1973 nunc
956 1927 1139 1972 autem
1168 1917 1450 1975 eﬂ'underc
1483 1920 1719 1976 validius
1742 1931 1797 1976 et
1827 1921 1995 1978 ﬂuere

402 2015 457 2060 et
481 2008 887 2079 circumsepere
914 2010 1282 2067 immaculatis
1311 2012 1572 2068 membris
1601 2014 1742 2083 ejus.
1774 2016 1839 2068 Et
1863 2024 1994 2070 tunc

402 2099 665 2158 Hebraeus
707 2105 1104 2161 translretavit.
1138 2105 1351 2163 Montes
1391 2117 1445 2163 et
1485 2109 1671 2175 colles,
1717 2109 1996 2181 vallesque

401 2204 457 2250 et
485 2203 775 2263 torrentes,
806 2212 957 2253 mare
989 2208 1042 2254 et
1067 2198 1315 2265 ﬂumina,
1336 2200 1639 2257 benedicite
1667 2202 1989 2269 Dominum,

400 2289 496 2360 qui
530 2289 779 2344 ascendit
811 2290 1036 2345 ﬂuvium
1065 2309 1079 2346 :
1132 2292 1249 2362 ipse
1277 2293 1424 2347 enim
1472 2291 1647 2350 llcrus
1680 2294 1858 2351 laticis
1894 2311 1989 2350 su-

398 2384 667 2452 permittit
700 2385 1046 2440 sanctitatem
1082 2385 1170 2442 his
1203 2386 1383 2456 aquis.

470 2477 524 2531 5.
566 2474 904 2545 Respondens
941 2475 1099 2532 Jesus
1133 2477 1273 2532 dixit
1304 2479 1373 2532 ad
1421 2495 1585 2533 eum:
1638 2479 1764 2535 Sine
1813 2483 1989 2549 modo,

397 2569 477 2623 sic
513 2570 654 2622 enim
700 2579 902 2638 oportet
943 2588 1040 2625 nos
1090 2571 1307 2642 implere
1356 2588 1561 2626 onmem
1608 2573 1885 2644 justitiam
1922 2576 1987 2630 ³¹.

400 2658 533 2715 Sine
568 2661 769 2727 modo;
815 2661 1078 2728 concede,
1119 2660 1382 2732 Baptista,
1421 2666 1682 2733 temporis
1710 2682 1845 2721 mem
1875 2666 1988 2722 dis-

398 2751 738 2821 pensationis
766 2751 1070 2809 silentium.
1101 2754 1260 2809 Disce
1289 2754 1343 2808 id
1368 2755 1516 2825 quod
1541 2771 1641 2827 ego
1663 2757 1809 2823 volo,
1838 2758 1991 2815 disce

396 2844 776 2913 obtemperare
803 2844 869 2898 ad
897 2859 961 2899 ea
986 2860 1110 2915 quae
1132 2859 1316 2916 cogor,
1344 2855 1399 2902 et
1425 2862 1532 2900 non
1562 2847 1840 2918 inquirere
1867 2865 1990 2919 quae

396 2948 497 3004 ego
540 2935 744 3006 cogito.
800 2933 932 2990 Sine
982 2937 1167 3004 modo,
1219 2938 1461 2993 nondum
1498 2955 1675 2995 meam
1725 2943 1988 3012 praedices

398 3022 686 3090 Deitatem,
726 3026 968 3081 nomium
1001 3026 1258 3082 decantes
1295 3028 1455 3083 labiis
1495 3046 1677 3085 meum
1731 3047 1985 3104 regnum,

1405 319 1501 378 DE
1542 319 1921 381 BAPTISMO
1947 321 2262 384 CHRISTI
2318 327 2575 391 SERMO
2604 331 2651 391 Ῐ.

410 427 629 479 Patrem
681 422 733 477 in
782 433 834 479 te
877 423 1063 489 babes,
1098 433 1153 480 et
1182 434 1333 483 totus
1362 430 1578 484 exsistis
1617 430 1672 484 in
1721 430 1905 486 Patre.
1941 430 1995 486 In
2027 436 2069 496 Α
2104 433 2410 507 Legislator
2441 457 2587 508 sum,
2617 454 2671 500 et
2719 445 3068 518 Legislatoris
3107 451 3299 518 Filius,

3546 343 3683 413 18Ἶο

3356 464 3413 510 et
3472 469 3687 528 oportet

2099 541 2186 583 me
2209 530 2447 599 primum
2475 538 2725 592 omnium
2758 555 2854 610 per
2880 543 3331 601 constitutionem
3380 550 3586 618 venire,
3633 562 3689 607 et

2099 630 2228 676 tunc
2286 639 2603 697 praeponere
2658 631 2742 688 eis
2795 651 2938 691 onus
2988 639 3265 709 praecepti.
3323 639 3549 711 Oportet
3601 660 3689 700 me

2097 713 2394 785 adimplere
2424 720 2615 791 legem,
2651 732 2706 778 et
2727 734 2859 782 tunc
2888 727 3095 785 donare
3144 731 3400 802 gratiam.
3462 732 3691 805 Oportet

2098 824 2188 865 me
2217 813 2427 868 umbrae
2460 813 2755 886 imaginem
2790 819 3073 890 repellere,
3106 830 3161 877 et
3210 833 3339 879 tunc
3365 823 3563 882 oﬂerre
3592 843 3688 884 ve-

2097 903 2337 960 ritatem.
2363 905 2590 977 Oportet
2629 924 2716 964 me
2755 909 2936 968 facere
2968 915 3314 984 requiescere
3341 915 3512 974 Vetus
3576 918 3688 975 Te-
3775 916 3782 923 ’

2097 1007 2453 1064 stamentum,
2485 1009 2541 1055 et
2576 1009 2706 1057 tunc
2736 1001 2949 1060 Novum
2974 1005 3202 1075 dictare,
3230 1018 3286 1065 et
3318 1011 3373 1064 in
3401 1011 3689 1067 hominum

2099 1088 2359 1145 cordibus
2388 1092 2633 1149 scribere
2661 1093 2827 1148 etiam
2856 1109 2981 1151 meo
3027 1099 3314 1168 sanguine,
3372 1108 3429 1156 et
3471 1101 3692 1173 signare

2101 1177 2329 1249 Spiritu.
2363 1180 2590 1251 Oportet
2615 1199 2704 1238 me
2730 1185 2781 1238 itt
2815 1201 3031 1242 crucem
3068 1192 3386 1258 ascendere,
3425 1201 3483 1248 et
3522 1194 3691 1250 clavis

2098 1270 2319 1342 conﬁgi,
2360 1280 2414 1327 et
2432 1273 2567 1343 pati,
2599 1284 2653 1329 et
2682 1276 2908 1331 vulnera
2957 1292 3177 1344 sanare,
3226 1290 3280 1337 et
3338 1296 3434 1352 per
3478 1284 3688 1354 lignum

2099 1378 2283 1419 emere
2304 1380 2448 1430 eam,
2472 1381 2596 1436 quae
2630 1382 2730 1435 per
2768 1368 2899 1439 ligni
2947 1375 3445 1442 transgressionem
3507 1377 3689 1433 homi-

2102 1460 2266 1515 nibus
2293 1458 2433 1515 iacta
2464 1469 2568 1526 est,
2593 1462 2832 1532 plagam.
2864 1460 3092 1532 Oportet
3130 1481 3216 1521 me
3255 1467 3586 1526 descendere
3620 1471 3678 1526 in

2101 1552 2281 1620 ipsum
2322 1551 2653 1621 profundum
2685 1553 2909 1621 inferni,
2945 1555 3037 1610 ubi
3079 1562 3137 1610 tu
3166 1557 3333 1613 debes
3360 1575 3448 1615 me
3474 1576 3692 1616 annun-

2100 1643 2236 1698 tiare
2252 1652 2478 1715 propter
2501 1660 2597 1701 eos
2625 1647 2715 1716 qui
2741 1646 2941 1702 ibidem
2976 1656 3230 1705 tenentur
3262 1654 3481 1708 mortui.
3514 1655 3692 1727 Opor-

2102 1745 2177 1790 tet
2201 1750 2287 1790 me
2346 1736 2511 1805 tertia
2538 1737 2627 1793 die
2653 1738 3010 1797 defunctioue
3040 1743 3224 1798 carnis
3253 1759 3388 1800 mea:
3409 1744 3692 1802 destruere

2097 1828 2356 1896 longaevae
2400 1830 2600 1885 mortis
2644 1830 2977 1900 potentiam.
3034 1830 3265 1904 Oportet
3311 1852 3398 1892 me
3441 1839 3693 1909 corporis

2099 1922 2206 1977 mei
2236 1922 2518 1977 lucernam
2550 1923 2852 1978 accendere
2881 1924 2971 1981 his
3009 1926 3108 1997 qui
3138 1927 3195 1982 in
3220 1930 3462 1987 tenebris
3490 1942 3544 1987 et
3568 1948 3695 1988 um-

2099 2012 2195 2067 bra
2214 2012 2410 2068 mortis
2433 2012 2719 2069 sedent”.
2765 2012 2994 2085 Oportet
3046 2032 3135 2072 me
3183 2022 3482 2077 ascendere
3527 2037 3695 2079 carne

2096 2105 2190 2160 ubi
2216 2120 2341 2161 sum
2371 2104 2600 2161 Deitate.
2627 2103 2854 2176 Oportet
2877 2122 2966 2162 me
2985 2106 3182 2165 oﬂ‘erre
3205 2110 3355 2166 Patri
3374 2112 3486 2185 (22)
3512 2113 3687 2170 Adam

2096 2192 2151 2252 in
2186 2213 2273 2254 me
2296 2205 2636 2270 regnantem.
2681 2198 2909 2270 Oportet
2933 2215 3020 2257 me
3050 2200 3167 2257 haec
3197 2205 3382 2259 omnia
3406 2206 3692 2276 perlicere,

2095 2307 2195 2361 pro
2224 2291 2329 2345 hoc
2351 2291 2495 2345 enim
2541 2291 2681 2346 meis
2732 2291 2880 2346 astiti
2932 2291 3184 2349 iacturis.
3218 2293 3441 2365 Oportet
3472 2313 3560 2352 me
3602 2299 3699 2353 ba-

2094 2381 2286 2452 ptizari
2317 2396 2461 2436 nunc
2483 2381 2588 2436 hoc
2618 2381 2913 2452 baptismo,
2937 2392 2990 2438 et
3024 2387 3373 2454 postmodum
3400 2403 3525 2444 cum
3561 2404 3695 2444 con-

2095 2474 2460 2531 substantiale
2489 2471 2757 2530 'l‘rinitate
2791 2474 3126 2545 baptismum
3179 2479 3437 2536 omnibus
3486 2481 3694 2537 donare

2094 2564 2434 2621 hominibus.
2470 2564 2680 2621 Fenera
2720 2566 2787 2621 ad
2834 2576 3158 2636 praesentem
3209 2579 3359 2625 tuam
3412 2571 3693 2628 dexteram

2093 2658 2580 2730 dispensationem,
2621 2658 2765 2714 sicut
2798 2660 2934 2714 mihi
2970 2663 3246 2717 mutuavit
3305 2662 3371 2718 ad
3425 2665 3687 2720 nativita-

2096 2762 2202 2807 tem
2236 2752 2457 2806 rulvam
2487 2759 2684 2805 mater.
2724 2749 2990 2822 Demerge
3020 2768 3108 2808 me
3132 2751 3444 2811 Jordanicis
3475 2755 3695 2813 ﬂuentis

2094 2843 2201 2907 his,
2252 2841 2715 2911 quemadmodum
2776 2856 2899 2911 qua:
2954 2857 3040 2896 me
3099 2845 3288 2915 genuit
3340 2845 3688 2903 infantilibus

2093 2934 2323 2989 involvit
2355 2933 2536 3003 panis.
2571 2933 2645 2988 Da
2680 2932 2815 2987 mihi
2840 2933 3198 3003 baptismum,
3220 2937 3546 3009 sicutVirgo
3576 2939 3683 2995 lac.

2091 3026 2239 3080 Tene
2273 3040 2457 3079 meum
2489 3032 2674 3095 caput,
2723 3039 2888 3095 quem
2954 3025 3145 3081 colunt
3197 3024 3487 3097 Seraphim
3526 3047 3539 3082 :
3571 3037 3694 3084 tene

396 3129 458 3175 ut
491 3136 600 3174 non
630 3120 874 3175 sentiens
910 3128 1179 3191 tyrannus
1213 3121 1473 3194 eﬂ‘ugiat;
1507 3123 1601 3178 sed
1643 3141 1858 3181 mecum
1889 3142 1988 3182 cu-
2017 3124 2063 3185 C
2095 3119 2266 3191 digito
2293 3117 2407 3189 (εὖ)
2438 3118 2677 3173 lienem
2728 3125 2833 3172 “'33
2867 3137 2880 3172 ³
2926 3127 3052 3174 “me
3111 3134 3238 3174 eum
3299 3119 3396 3190 (ιιιί
3454 3122 3694 3177 renuere

392 3213 475 3283 pit
500 3212 844 3269 committere
873 3212 1098 3268 bellum.
1136 3213 1355 3270 Dimitte
1398 3215 1681 3271 diabolum
1731 3219 1799 3274 ad
1843 3236 1985 3290 prte—

393 3319 521 3361 sens
554 3304 687 3358 mihi
734 3304 887 3360 adire
915 3313 972 3360 et
1021 3305 1229 3362 bellare
1262 3316 1318 3362 et
1345 3308 1593 3379 accipere
1646 3310 1979 3370 lenissimam

393 3396 632 3467 plagam.
673 3394 897 3451 Dimitte
930 3396 1158 3467 implere
1184 3397 1478 3468 intentum,
1508 3416 1607 3471 pro
1636 3418 1746 3472 quo
1788 3406 1982 3462 adveni

394 3503 561 3558 super
596 3495 820 3543 terram.
868 3487 1187 3560 Mysterium
1222 3491 1324 3545 hoc
1358 3493 1502 3562 quod
1548 3492 1710 3548 hodie
1759 3495 1812 3549 in
1856 3494 1979 3552 J0r-

393 3580 529 3636 dane
550 3580 739 3635 linitur
760 3579 894 3651 (l8),
929 3592 1199 3638 secretum
1231 3584 1365 3638 mihi
1409 3595 1464 3639 et
1494 3586 1630 3641 meis
1659 3589 1982 3659 mysterium

389 3682 518 3730 cst:
561 3689 672 3728 non
703 3689 884 3727 meum
932 3688 1071 3744 opus
1103 3675 1431 3747 adimplens,
1485 3679 1580 3734 sed
1633 3682 1979 3737 sanationem

390 3766 690 3821 vulneratis
717 3765 1001 3821 adhibens.
1036 3765 1354 3838 Mysterium
1382 3770 1566 3841 magni
1602 3774 1846 3844 mysterii
1873 3775 1979 3829 mei

389 3857 592 3911 lavacri
626 3871 928 3925 praecursor
982 3867 1036 3910 et
1076 3859 1383 3927 auspicium
1407 3870 1491 3915 est
1527 3859 1866 3931 mysterium.
1920 3864 1976 3920 In

390 3947 481 4002 bis
506 3948 665 4016 aquis
698 3945 1043 4016 perscribens
1069 3948 1355 4003 hominum
1392 3953 1833 4021 regenerationes
1862 3970 1976 4009 coe-

387 4037 542 4093 lestis
574 4037 770 4092 laticis.
811 4035 941 4090 Sine
988 4036 1171 4091 modo.
1218 4035 1451 4103 Quando
1497 4054 1585 4093 me
1621 4039 1822 4097 videris
1868 4042 1978 4097 Deo

387 4125 688 4181 decibiliter
707 4124 818 4194 (19)
835 4123 889 4177 in
915 4125 1051 4178 meis
1072 4123 1296 4178 iacturis
1322 4125 1467 4195 quod
1490 4126 1622 4180 mihi
1644 4128 1821 4197 placet
1846 4144 1977 4200 ope-

385 4225 601 4274 rantem
634 4256 652 4286 ,
727 4226 856 4272 tunc
904 4218 958 4271 in
1016 4216 1246 4273 iacturis
1306 4218 1541 4290 hymnos
1595 4224 1971 4293 compagina:

385 4316 605 4387 quando
635 4330 722 4370 me
764 4314 970 4371 videris
1005 4315 1250 4384 leprosos
1293 4314 1673 4384 mundantem,
1727 4328 1857 4374 tunc
1892 4337 1976 4376 me

2087 3211 2343 3282 permisit
2375 3230 2390 3266 :
2422 3220 2544 3267 tene
2565 3226 2690 3266 eum
2716 3211 2810 3281 qui
2832 3226 2932 3281 pro
2969 3211 3286 3283 ltujusmodi
3352 3214 3464 3285 (24)
3513 3215 3694 3271 factus

2085 3310 2187 3367 est,
2229 3310 2284 3355 et
2322 3300 2487 3355 habet
2533 3299 2800 3371 Spiritum
2838 3320 2851 3355 :
2897 3309 3023 3357 tene
3053 3317 3236 3357 meum
3289 3313 3474 3374 caput,
3526 3320 3692 3375 quem

2087 3394 2132 3449 si
2166 3392 2292 3463 quis
2321 3393 2410 3462 pie
2442 3393 2701 3457 tenuerit,
2746 3407 3027 3465 nunquam
3062 3397 3272 3465 patitur
3319 3396 3691 3470 naufragium.

2085 3485 2308 3557 Baptiza
2333 3500 2438 3554 me,
2468 3486 2561 3557 qtti
2597 3485 2814 3541 futurus
2844 3503 2965 3543 sum
3001 3486 3116 3558 (25)
3147 3488 3428 3558 baptizare
3458 3491 3690 3545 creden-

2086 3588 2167 3634 tes
2198 3578 2254 3632 in
2286 3594 2429 3648 aqua
2458 3587 2511 3634 et
2534 3577 2741 3649 Spiritu
2765 3587 2821 3634 et
2845 3578 2957 3650 igni
2982 3596 2996 3645 ;
3039 3594 3183 3650 aqua
3212 3581 3430 3637 valente
3457 3598 3691 3652 purgare

2084 3679 2437 3739 peccatorum
2468 3669 2684 3738 sordes,
2716 3668 2933 3741 Spiritu
2961 3670 3176 3727 valente
3204 3680 3455 3729 terrenos
3511 3673 3691 3729 eﬂiec-

2085 3779 2143 3817 re
2177 3762 2289 3834 (26)
2317 3762 2609 3832 spiritales,
2657 3763 2766 3833 igni
2817 3763 3110 3818 incendere
3153 3764 3459 3834 iniquitatis
3497 3767 3694 3822 rham-

2083 3869 2182 3911 nos
2201 3855 2333 3927 (27).

2154 4036 2208 4090 4.
2241 4032 2397 4089 Hunc
2451 4034 2682 4089 audiens
2748 4033 2992 4103 Baptista
3045 4050 3380 4101 sermonem,
3430 4038 3684 4107 prtebens

2084 4136 2323 4182 mentem
2354 4135 2407 4180 et
2438 4141 2642 4181 cavens
2662 4125 2775 4197 (28)
2798 4127 3118 4198 mysterium
3151 4129 3295 4197 quod
3323 4130 3554 4199 accepit,
3585 4131 3689 4184 mi—

2085 4219 2336 4275 nistravit
2356 4219 2543 4273 divino
2578 4226 2869 4289 praecepto.
2910 4217 3041 4273 Erat
3071 4221 3216 4274 enim
3267 4220 3565 4292 religiosus
3604 4224 3682 4278 si-

2062 4293 2203 4369 'mul
2228 4321 2283 4369 et
2311 4314 2585 4379 clemens;
2610 4322 2664 4368 et
2693 4329 2856 4368 suam
2879 4315 3158 4370 dexteram
3191 4317 3501 4373 extendens
3521 4317 3688 4372 simul

382 4409 703 4465 Creatorem
737 4418 944 4464 naturae
970 4423 1379 4465 commemora:
1409 4413 1632 4480 quando
1667 4430 1754 4468 me
1781 4415 1981 4473 videris
2017 4426 2062 4481 1)
2090 4413 2541 4469 conuenientem.
2579 4403 2747 4459 Deum
2774 4405 3091 4476 baptizavit.
3128 4406 3494 4464 Praesentium
3554 4425 3685 4466 vero

382 4501 612 4558 claudos
641 4516 899 4557 cursores
926 4500 1318 4572 perlicientem,
1352 4511 1483 4559 tunc
1511 4509 1975 4564 commoventium

382 4595 582 4662 pedum
606 4593 744 4668 (20),
780 4604 835 4649 et
866 4601 922 4648 lu
954 4595 1020 4648 ad
1045 4609 1153 4659 me,
1184 4595 1399 4664 claude,
1427 4596 1636 4668 lingua,
1672 4599 1969 4656 articulose

380 4697 724 4744 commoveto
747 4687 860 4761 (21)
887 4707 901 4743 :
939 4690 1158 4759 quando
1183 4705 1269 4746 me
1301 4691 1505 4749 videris
1551 4702 1796 4751 mortuos
1827 4712 1858 4751 a
1891 4711 1977 4752 se-

381 4781 589 4849 pulcris
619 4781 972 4848 resuscitare,
1004 4792 1137 4838 tunc
1168 4798 1256 4838 me
1287 4799 1413 4839 cum
1460 4789 1812 4858 surgentibus
1859 4790 1972 4859 glo-

383 4874 535 4930 riﬂca
580 4874 724 4930 sicut
772 4876 897 4928 vitae
943 4874 1290 4931 tributorem.
1352 4874 1582 4942 Quando
1641 4895 1729 4934 me
1764 4881 1969 4937 videris

380 4967 661 5023 sedentem
702 4981 733 5021 a
778 4966 985 5022 dextris
1023 4967 1227 5033 Patris,
1279 4977 1409 5025 tunc
1453 4986 1539 5026 me
1590 4973 1758 5028 Deum
1807 4991 1964 5039 voca,

378 5059 522 5116 sicut
575 5060 937 5131 synthronum
967 5068 1021 5115 et
1050 5070 1383 5116 coaeternum
1415 5061 1582 5119 Patri.
1638 5063 1762 5120 Sine
1793 5069 1966 5133 modo,

378 5154 454 5207 sic
494 5154 634 5207 enim
675 5162 881 5222 oportet
933 5169 1027 5206 nos
1084 5152 1373 5223 adimplere
1430 5172 1636 5210 omnem
1672 5158 1968 5223 justitiam.

453 5312 497 5342 ¹⁰
524 5309 682 5367 Joan.
721 5328 759 5378 ι,
785 5311 876 5369 29.
954 5312 996 5349 ³⁸
1033 5310 1223 5368 Matth.
1262 5331 1343 5381 Ill,
1383 5316 1450 5371 15
1548 5317 1593 5358 ἰ
1620 5317 1756 5375 Luc.
1796 5335 1834 5385 ι,
1867 5321 1956 5378 79.

447 5426 561 5497 (18)
588 5425 731 5497 Puto
754 5443 818 5483 cx
838 5426 936 5483 Gr.
969 5426 1293 5485 τελειοῦται.

480 5496 568 5570 19)
594 5496 733 5570 Puto
756 5514 819 5570 ex
846 5497 939 5554 Gr.
987 5497 1328 5570 θεοπρεπῶς.

594 5565 670 5649 Ita
698 5568 827 5649 .ced.
866 5565 1148 5649 mendose.

455 5639 569 5708 (21)
602 5638 734 5693 Cod.
765 5638 1025 5692 commovi
1065 5648 1144 5694 tu.

477 5707 570 5776 ‘22)
603 5708 736 5765 Cod.
764 5711 955 5780 patris.

451 5713 566 5849 (25)
602 5779 735 5836 God.
765 5781 955 5837 mentlu

475 5781 566 5852 25)
602 5779 735 5836 God.
765 5779 1023 5838 mendose
1046 5792 1256 5851 rogato.
1296 5780 1503 5854 Scripsi
1540 5784 1853 5843 dubitanter
1891 5786 1973 5842 Δὶ·
2002 5826 2014 5841 ι

2085 4499 2400 4556 Iudaeorum
2432 4498 2621 4570 procul
2657 4498 2851 4570 positis
2880 4501 3237 4571 cogitantium
3293 4503 3348 4557 in
3376 4518 3437 4559 se
3470 4503 3606 4574 ipsis
3635 4516 3688 4560 et

2087 4593 2152 4649 ad
2181 4594 2412 4649 imicem
2437 4593 2735 4649 dicentium
2767 4611 2780 4647 :
2813 4591 3072 4664 Nunquid
3100 4610 3239 4650 vane
3260 4596 3471 4666 opinati
3494 4614 3688 4654 sumus

2087 4682 2351 4740 Joannem
2376 4683 2638 4755 majorem
2671 4698 2793 4739 esse
2812 4682 2984 4739 Jesu?
3010 4686 3262 4757 nunquid
3288 4702 3427 4742 vane
3461 4688 3686 4759 putaba-

2090 4792 2214 4832 mus
2247 4776 2400 4830 illnm
2440 4775 2719 4831 meliorem
2750 4776 2854 4831 hoc
2885 4775 3054 4832 esse?
3090 4793 3275 4832 nonne
3297 4778 3415 4849 ipse
3472 4779 3683 4851 baptis-

2089 4887 2211 4926 mus
2241 4868 2672 4925 meliorationem
2702 4867 2957 4938 baptistae
2981 4868 3304 4938 signiﬁcat?
3335 4885 3519 4927 nonne
3576 4870 3680 4926 iste

2083 4942 2305 5034 quidem
2337 4962 2579 5033 baptizat
2602 4962 2745 5017 sicut
2767 4961 3206 5031 supereminens,
3234 4962 3322 5018 ille
3345 4978 3472 5018 vero
3500 4963 3680 5034 bapti-

2086 5065 2240 5112 zatur
2263 5059 2405 5112 sicut
2433 5054 2704 5109 deterior?
2727 5053 2854 5109 talia
2880 5056 3287 5109 susurrantittm
3338 5056 3432 5126 qui
3459 5055 3680 5127 ignora-

2086 5153 2214 5207 bant
2246 5147 2673 5219 dispensationis
2708 5148 3053 5218 mysterium,
3106 5147 3257 5204 solus
3298 5145 3564 5206 Dominus
3620 5157 3678 5205 et

2074 5435 2205 5505 gito.
2228 5431 2439 5505 Recole
2470 5446 2522 5505 p.
2562 5428 2688 5495 555,
2719 5428 2826 5485 col.
2864 5428 2914 5482 l.

2176 5501 2266 5575 24)
2286 5504 2372 5575 lta
2400 5501 2522 5556 cod.

2140 5568 2259 5640 (25)
2283 5574 2420 5628 Ριιιο
2459 5586 2527 5625 ex
2549 5568 2643 5624 Gr.
2682 5568 2968 5640 μέλλοντα.

2170 5644 2261 5716 26)
2292 5643 2424 5716 Cod.
2448 5643 2611 5712 efﬁci.

2172 5714 2264 5776 ‘27",
2305 5714 2443 5767 Cod.
2478 5730 2659 5767 ranos.

2170 5648 2261 5716 26)
2292 5648 2424 5698 Cod.
2448 5648 2611 5712 efﬁci.

2172 5716 2264 5776 27)
2305 5714 2443 5767 Cod.
2478 5730 2659 5767 ranos.

2149 5648 2261 5857 iis.)
2291 5783 2424 5839 Cod.
2467 5786 2676 5840 rubens.
