  <div class='ocr_page' id='page_1' title='image "/cluster/home/n/w/nwhite01/storage/ocr_20150623/88/coo.31924054869924/953.png"; bbox 0 0 4062 6428; ppageno 0'>
   <div class='ocr_carea' id='block_1_1' title="bbox 513 262 646 330">
    <p class='ocr_par' dir='ltr' id='par_1_1' title="bbox 513 262 646 330">
     <span class='ocr_line' id='line_1_1' title="bbox 513 262 646 330; baseline -0.008 -3"><span class='ocrx_word' id='word_1_1' title='bbox 513 262 646 330; x_wconf 61' lang='grc' dir='ltr'>ιιι-ιι</span> 
     </span>
    </p>
   </div>
   <div class='ocr_carea' id='block_1_2' title="bbox 1381 247 2867 318">
    <p class='ocr_par' dir='ltr' id='par_1_2' title="bbox 1381 247 2867 318">
     <span class='ocr_line' id='line_1_2' title="bbox 1381 247 2867 318; baseline -0.007 1"><span class='ocrx_word' id='word_1_2' title='bbox 1381 259 1440 318; x_wconf 92' lang='lat' dir='ltr'><strong>S.</strong></span> <span class='ocrx_word' id='word_1_3' title='bbox 1471 256 1848 318; x_wconf 81' lang='lat' dir='ltr'><strong>GREGORII</strong></span> <span class='ocrx_word' id='word_1_4' title='bbox 1886 251 2359 314; x_wconf 80' lang='lat' dir='ltr'><strong>PRESBYTERI</strong></span> <span class='ocrx_word' id='word_1_5' title='bbox 2396 247 2867 310; x_wconf 79' lang='lat' dir='ltr'><strong>ANTIOCHENI</strong></span> 
     </span>
    </p>
   </div>
   <div class='ocr_carea' id='block_1_3' title="bbox 3616 258 3726 331">
    <p class='ocr_par' dir='ltr' id='par_1_3' title="bbox 3616 258 3726 331">
     <span class='ocr_line' id='line_1_3' title="bbox 3616 258 3726 331; baseline 0.073 -7"><span class='ocrx_word' id='word_1_6' title='bbox 3616 258 3726 331; x_wconf 60' lang='lat'><strong>18‘?!</strong></span> 
     </span>
    </p>
   </div>
   <div class='ocr_carea' id='block_1_4' title="bbox 510 355 3730 441">
    <p class='ocr_par' dir='ltr' id='par_1_4' title="bbox 510 355 3730 441">
     <span class='ocr_line' id='line_1_4' title="bbox 510 355 3730 441; baseline -0.003 -9"><span class='ocrx_word' id='word_1_7' title='bbox 510 384 706 431; x_wconf 87' lang='lat' dir='ltr'><strong>natura</strong></span> <span class='ocrx_word' id='word_1_8' title='bbox 729 371 890 428; x_wconf 87' lang='lat' dir='ltr'><strong>Pater</strong></span> <span class='ocrx_word' id='word_1_9' title='bbox 922 369 1195 441; x_wconf 85' lang='lat' dir='ltr'><strong>Unigeniti</strong></span> <span class='ocrx_word' id='word_1_10' title='bbox 1228 368 1363 440; x_wconf 71' lang='lat'><strong>(29),</strong></span> <span class='ocrx_word' id='word_1_11' title='bbox 1384 383 1548 440; x_wconf 87' lang='lat' dir='ltr'><strong>quem</strong></span> <span class='ocrx_word' id='word_1_12' title='bbox 1575 368 1726 424; x_wconf 88' lang='lat' dir='ltr'><strong>solus</strong></span> <span class='ocrx_word' id='word_1_13' title='bbox 1748 368 1852 423; x_wconf 84' lang='lat' dir='ltr'><strong>scit</strong></span> <span class='ocrx_word' id='word_1_14' title='bbox 1871 365 2102 436; x_wconf 82' lang='lat' dir='ltr'><strong>diligen—</strong></span> <span class='ocrx_word' id='word_1_15' title='bbox 2133 367 2177 424; x_wconf 77' lang='grc' dir='ltr'>Α</span> <span class='ocrx_word' id='word_1_16' title='bbox 2207 361 2299 432; x_wconf 88' lang='lat' dir='ltr'><strong>qui</strong></span> <span class='ocrx_word' id='word_1_17' title='bbox 2327 360 2394 416; x_wconf 88' lang='lat' dir='ltr'><strong>de</strong></span> <span class='ocrx_word' id='word_1_18' title='bbox 2417 359 2682 416; x_wconf 84' lang='lat' dir='ltr'><strong>Zacharia</strong></span> <span class='ocrx_word' id='word_1_19' title='bbox 2709 360 2948 430; x_wconf 90' lang='lat' dir='ltr'><strong>primum</strong></span> <span class='ocrx_word' id='word_1_20' title='bbox 2981 355 3252 426; x_wconf 71' lang='lat' dir='ltr'><strong>ethoruit;</strong></span> <span class='ocrx_word' id='word_1_21' title='bbox 3280 360 3368 430; x_wconf 87' lang='lat' dir='ltr'><strong>qui</strong></span> <span class='ocrx_word' id='word_1_22' title='bbox 3388 361 3451 418; x_wconf 87' lang='lat' dir='ltr'><strong>de</strong></span> <span class='ocrx_word' id='word_1_23' title='bbox 3473 362 3624 425; x_wconf 75' lang='lat' dir='ltr'><strong>Iaria</strong></span> <span class='ocrx_word' id='word_1_24' title='bbox 3646 391 3730 431; x_wconf 73' lang='grc' dir='ltr'><strong>ω.</strong></span> 
     </span>
    </p>
   </div>
   <div class='ocr_carea' id='block_1_5' title="bbox 509 455 2098 536">
    <p class='ocr_par' dir='ltr' id='par_1_5' title="bbox 509 455 2098 536">
     <span class='ocr_line' id='line_1_5' title="bbox 509 455 2098 536; baseline -0.008 -15"><span class='ocrx_word' id='word_1_25' title='bbox 509 475 611 532; x_wconf 87' lang='lat' dir='ltr'><strong>ter,</strong></span> <span class='ocrx_word' id='word_1_26' title='bbox 627 464 721 536; x_wconf 89' lang='lat' dir='ltr'><strong>qui</strong></span> <span class='ocrx_word' id='word_1_27' title='bbox 737 463 887 520; x_wconf 76' lang='lat' dir='ltr'><strong>solue</strong></span> <span class='ocrx_word' id='word_1_28' title='bbox 905 461 1090 533; x_wconf 92' lang='lat' dir='ltr'><strong>genuit</strong></span> <span class='ocrx_word' id='word_1_29' title='bbox 1116 458 1410 530; x_wconf 87' lang='lat' dir='ltr'><strong>impassive</strong></span> <span class='ocrx_word' id='word_1_30' title='bbox 1435 455 1888 528; x_wconf 77' lang='lat' dir='ltr'><strong>(30),emendans</strong></span> <span class='ocrx_word' id='word_1_31' title='bbox 1903 470 2098 510; x_wconf 86' lang='lat' dir='ltr'><strong>erran-</strong></span> 
     </span>
    </p>
   </div>
   <div class='ocr_carea' id='block_1_6' title="bbox 508 547 2096 625">
    <p class='ocr_par' dir='ltr' id='par_1_6' title="bbox 508 547 2096 625">
     <span class='ocr_line' id='line_1_6' title="bbox 508 547 2096 625; baseline -0.009 -12"><span class='ocrx_word' id='word_1_32' title='bbox 508 562 643 614; x_wconf 88' lang='lat' dir='ltr'><strong>tium</strong></span> <span class='ocrx_word' id='word_1_33' title='bbox 690 557 1002 612; x_wconf 78' lang='lat' dir='ltr'><strong>Judaeorum</strong></span> <span class='ocrx_word' id='word_1_34' title='bbox 1042 553 1407 625; x_wconf 90' lang='lat' dir='ltr'><strong>opinationes,</strong></span> <span class='ocrx_word' id='word_1_35' title='bbox 1449 551 1704 622; x_wconf 73' lang='lat' dir='ltr'><strong>patefecit</strong></span> <span class='ocrx_word' id='word_1_36' title='bbox 1731 557 1917 620; x_wconf 88' lang='lat' dir='ltr'><strong>portas</strong></span> <span class='ocrx_word' id='word_1_37' title='bbox 1948 547 2096 605; x_wconf 67' lang='lat' dir='ltr'><strong>cadi.</strong></span> 
     </span>
    </p>
   </div>
   <div class='ocr_carea' id='block_1_7' title="bbox 507 637 2100 718">
    <p class='ocr_par' dir='ltr' id='par_1_7' title="bbox 507 637 2100 718">
     <span class='ocr_line' id='line_1_7' title="bbox 507 637 2100 718; baseline -0.009 -14"><span class='ocrx_word' id='word_1_38' title='bbox 507 659 563 705; x_wconf 90' lang='lat' dir='ltr'><strong>et</strong></span> <span class='ocrx_word' id='word_1_39' title='bbox 587 649 740 705; x_wconf 84' lang='lat' dir='ltr'><strong>misit</strong></span> <span class='ocrx_word' id='word_1_40' title='bbox 769 646 1030 718; x_wconf 86' lang='lat' dir='ltr'><strong>Spiritum</strong></span> <span class='ocrx_word' id='word_1_41' title='bbox 1052 655 1302 702; x_wconf 87' lang='lat' dir='ltr'><strong>sanctum</strong></span> <span class='ocrx_word' id='word_1_42' title='bbox 1321 644 1375 698; x_wconf 95' lang='lat' dir='ltr'><strong>in</strong></span> <span class='ocrx_word' id='word_1_43' title='bbox 1405 641 1588 713; x_wconf 87' lang='lat' dir='ltr'><strong>specie</strong></span> <span class='ocrx_word' id='word_1_44' title='bbox 1616 640 1907 704; x_wconf 65' lang='lat' dir='ltr'><strong>columbae,</strong></span> <span class='ocrx_word' id='word_1_45' title='bbox 1929 637 2100 707; x_wconf 89' lang='lat' dir='ltr'><strong>digito</strong></span> 
     </span>
    </p>
   </div>
   <div class='ocr_carea' id='block_1_8' title="bbox 509 727 2098 800">
    <p class='ocr_par' dir='ltr' id='par_1_8' title="bbox 509 727 2098 800">
     <span class='ocr_line' id='line_1_8' title="bbox 509 727 2098 800; baseline -0.008 -7"><span class='ocrx_word' id='word_1_46' title='bbox 509 740 804 796; x_wconf 84' lang='lat' dir='ltr'><strong>ostendens</strong></span> <span class='ocrx_word' id='word_1_47' title='bbox 824 754 1024 794; x_wconf 84' lang='lat' dir='ltr'><strong>novum</strong></span> <span class='ocrx_word' id='word_1_48' title='bbox 1040 738 1155 792; x_wconf 86' lang='lat' dir='ltr'><strong>Noe</strong></span> <span class='ocrx_word' id='word_1_49' title='bbox 1173 745 1227 791; x_wconf 91' lang='lat' dir='ltr'><strong>et</strong></span> <span class='ocrx_word' id='word_1_50' title='bbox 1241 734 1355 790; x_wconf 84' lang='lat' dir='ltr'><strong>Noe</strong></span> <span class='ocrx_word' id='word_1_51' title='bbox 1371 735 1708 790; x_wconf 86' lang='lat' dir='ltr'><strong>Creatorem.</strong></span> <span class='ocrx_word' id='word_1_52' title='bbox 1723 730 1789 785; x_wconf 86' lang='lat' dir='ltr'><strong>Et</strong></span> <span class='ocrx_word' id='word_1_53' title='bbox 1808 730 1923 800; x_wconf 89' lang='lat' dir='ltr'><strong>ipse</strong></span> <span class='ocrx_word' id='word_1_54' title='bbox 1942 727 2098 783; x_wconf 83' lang='lat' dir='ltr'><strong>coeli-</strong></span> 
     </span>
    </p>
   </div>
   <div class='ocr_carea' id='block_1_9' title="bbox 509 819 2098 900">
    <p class='ocr_par' dir='ltr' id='par_1_9' title="bbox 509 819 2098 900">
     <span class='ocr_line' id='line_1_9' title="bbox 509 819 2098 900; baseline -0.008 -15"><span class='ocrx_word' id='word_1_55' title='bbox 509 841 599 887; x_wconf 90' lang='lat' dir='ltr'><strong>tus</strong></span> <span class='ocrx_word' id='word_1_56' title='bbox 625 830 1078 887; x_wconf 87' lang='lat' dir='ltr'><strong>elamabatnimis</strong></span> <span class='ocrx_word' id='word_1_57' title='bbox 1108 830 1220 900; x_wconf 78' lang='lat' dir='ltr'><strong>(5t)</strong></span> <span class='ocrx_word' id='word_1_58' title='bbox 1256 847 1269 883; x_wconf 90' lang='lat'><strong>:</strong></span> <span class='ocrx_word' id='word_1_59' title='bbox 1302 827 1405 882; x_wconf 83' lang='lat' dir='ltr'><strong>Hic</strong></span> <span class='ocrx_word' id='word_1_60' title='bbox 1431 836 1510 881; x_wconf 74' lang='lat' dir='ltr'><strong>est</strong></span> <span class='ocrx_word' id='word_1_61' title='bbox 1541 825 1718 880; x_wconf 80' lang='lat' dir='ltr'><strong>Filius</strong></span> <span class='ocrx_word' id='word_1_62' title='bbox 1747 837 1894 876; x_wconf 76' lang='lat' dir='ltr'><strong>meus</strong></span> <span class='ocrx_word' id='word_1_63' title='bbox 1932 819 2098 874; x_wconf 78' lang='lat' dir='ltr'><strong>dilec-</strong></span> 
     </span>
    </p>
   </div>
   <div class='ocr_carea' id='block_1_10' title="bbox 509 913 2092 992">
    <p class='ocr_par' dir='ltr' id='par_1_10' title="bbox 509 913 2092 992">
     <span class='ocr_line' id='line_1_10' title="bbox 509 913 2092 992; baseline -0.006 -18"><span class='ocrx_word' id='word_1_64' title='bbox 509 934 614 986; x_wconf 75' lang='lat' dir='ltr'><strong>tus,</strong></span> <span class='ocrx_word' id='word_1_65' title='bbox 653 923 707 976; x_wconf 81' lang='lat' dir='ltr'><strong>in</strong></span> <span class='ocrx_word' id='word_1_66' title='bbox 733 939 835 992; x_wconf 77' lang='lat' dir='ltr'><strong>quo</strong></span> <span class='ocrx_word' id='word_1_67' title='bbox 872 919 1168 991; x_wconf 84' lang='lat' dir='ltr'><strong>complacui</strong></span> <span class='ocrx_word' id='word_1_68' title='bbox 1199 920 1267 973; x_wconf 87' lang='grc'><strong>⁸³.</strong></span> <span class='ocrx_word' id='word_1_69' title='bbox 1312 917 1418 974; x_wconf 85' lang='lat' dir='ltr'><strong>Iste</strong></span> <span class='ocrx_word' id='word_1_70' title='bbox 1443 933 1550 972; x_wconf 92' lang='lat' dir='ltr'><strong>non</strong></span> <span class='ocrx_word' id='word_1_71' title='bbox 1602 917 1691 970; x_wconf 92' lang='lat' dir='ltr'><strong>ille</strong></span> <span class='ocrx_word' id='word_1_72' title='bbox 1723 913 1944 979; x_wconf 86' lang='lat' dir='ltr'><strong>:Jesus,</strong></span> <span class='ocrx_word' id='word_1_73' title='bbox 1984 924 2092 966; x_wconf 88' lang='lat' dir='ltr'><strong>non</strong></span> 
     </span>
    </p>
   </div>
   <div class='ocr_carea' id='block_1_11' title="bbox 506 1005 2090 1088">
    <p class='ocr_par' dir='ltr' id='par_1_11' title="bbox 506 1005 2090 1088">
     <span class='ocr_line' id='line_1_11' title="bbox 506 1005 2090 1088; baseline -0.008 -17"><span class='ocrx_word' id='word_1_74' title='bbox 506 1015 746 1073; x_wconf 81' lang='lat' dir='ltr'><strong>Joannes</strong></span> <span class='ocrx_word' id='word_1_75' title='bbox 773 1036 788 1073; x_wconf 91' lang='lat'><strong>:</strong></span> <span class='ocrx_word' id='word_1_76' title='bbox 814 1017 1245 1088; x_wconf 76' lang='lat' dir='ltr'><strong>quibaptizatus</strong></span> <span class='ocrx_word' id='word_1_77' title='bbox 1269 1023 1374 1081; x_wconf 91' lang='lat' dir='ltr'><strong>est,</strong></span> <span class='ocrx_word' id='word_1_78' title='bbox 1387 1030 1495 1069; x_wconf 91' lang='lat' dir='ltr'><strong>non</strong></span> <span class='ocrx_word' id='word_1_79' title='bbox 1516 1012 1612 1084; x_wconf 89' lang='lat' dir='ltr'><strong>qui</strong></span> <span class='ocrx_word' id='word_1_80' title='bbox 1642 1007 1970 1080; x_wconf 78' lang='lat' dir='ltr'><strong>baptizavit;</strong></span> <span class='ocrx_word' id='word_1_81' title='bbox 1996 1005 2090 1077; x_wconf 90' lang='lat' dir='ltr'><strong>qui</strong></span> 
     </span>
    </p>
   </div>
   <div class='ocr_carea' id='block_1_12' title="bbox 508 1099 2090 1174">
    <p class='ocr_par' dir='ltr' id='par_1_12' title="bbox 508 1099 2090 1174">
     <span class='ocr_line' id='line_1_12' title="bbox 508 1099 2090 1174; baseline -0.006 -15"><span class='ocrx_word' id='word_1_82' title='bbox 508 1107 579 1161; x_wconf 88' lang='lat' dir='ltr'><strong>de</strong></span> <span class='ocrx_word' id='word_1_83' title='bbox 604 1122 691 1162; x_wconf 90' lang='lat' dir='ltr'><strong>me</strong></span> <span class='ocrx_word' id='word_1_84' title='bbox 723 1115 886 1162; x_wconf 89' lang='lat' dir='ltr'><strong>natus</strong></span> <span class='ocrx_word' id='word_1_85' title='bbox 920 1117 1006 1162; x_wconf 91' lang='lat' dir='ltr'><strong>est</strong></span> <span class='ocrx_word' id='word_1_86' title='bbox 1037 1115 1164 1163; x_wconf 85' lang='lat' dir='ltr'><strong>ante</strong></span> <span class='ocrx_word' id='word_1_87' title='bbox 1192 1120 1356 1163; x_wconf 88' lang='lat' dir='ltr'><strong>omne</strong></span> <span class='ocrx_word' id='word_1_88' title='bbox 1384 1101 1649 1174; x_wconf 89' lang='lat' dir='ltr'><strong>temporis</strong></span> <span class='ocrx_word' id='word_1_89' title='bbox 1679 1099 1946 1172; x_wconf 86' lang='lat' dir='ltr'><strong>spatium,</strong></span> <span class='ocrx_word' id='word_1_90' title='bbox 1981 1111 2090 1151; x_wconf 93' lang='lat' dir='ltr'><strong>non</strong></span> 
     </span>
    </p>
   </div>
   <div class='ocr_carea' id='block_1_13' title="bbox 584 1219 1096 1287">
    <p class='ocr_par' dir='ltr' id='par_1_13' title="bbox 584 1219 1096 1287">
     <span class='ocr_line' id='line_1_13' title="bbox 584 1219 1096 1287; baseline -0.002 -13"><span class='ocrx_word' id='word_1_91' title='bbox 584 1220 629 1252; x_wconf 87' lang='grc'><strong>⁸³</strong></span> <span class='ocrx_word' id='word_1_92' title='bbox 668 1219 860 1276; x_wconf 78' lang='lat' dir='ltr'><strong>Matth.</strong></span> <span class='ocrx_word' id='word_1_93' title='bbox 888 1235 970 1287; x_wconf 84' lang='lat' dir='ltr'>III,</span> <span class='ocrx_word' id='word_1_94' title='bbox 1008 1221 1096 1276; x_wconf 70' lang='lat' dir='ltr'><strong>i7.</strong></span> 
     </span>
    </p>
   </div>
   <div class='ocr_carea' id='block_1_14' title="bbox 582 1333 1215 1404">
    <p class='ocr_par' dir='ltr' id='par_1_14' title="bbox 582 1333 1215 1404">
     <span class='ocr_line' id='line_1_14' title="bbox 582 1333 1215 1404; baseline 0.008 -19"><span class='ocrx_word' id='word_1_95' title='bbox 582 1333 694 1404; x_wconf 72' lang='lat'><strong>(29)</strong></span> <span class='ocrx_word' id='word_1_96' title='bbox 724 1333 860 1404; x_wconf 85' lang='lat' dir='ltr'><strong>Cod.</strong></span> <span class='ocrx_word' id='word_1_97' title='bbox 892 1335 1215 1404; x_wconf 78' lang='lat' dir='ltr'><strong>unigenims.</strong></span> 
     </span>
    </p>
   </div>
   <div class='ocr_carea' id='block_1_15' title="bbox 581 1403 1219 1473">
    <p class='ocr_par' dir='ltr' id='par_1_15' title="bbox 581 1403 1219 1473">
     <span class='ocr_line' id='line_1_15' title="bbox 581 1403 1219 1473; baseline -0.011 -11"><span class='ocrx_word' id='word_1_98' title='bbox 581 1403 695 1466; x_wconf 82' lang='grc'><strong>(50)</strong></span> <span class='ocrx_word' id='word_1_99' title='bbox 725 1403 860 1473; x_wconf 73' lang='lat' dir='ltr'><strong>Cod.</strong></span> <span class='ocrx_word' id='word_1_100' title='bbox 880 1405 935 1456; x_wconf 84' lang='lat' dir='ltr'><strong>in</strong></span> <span class='ocrx_word' id='word_1_101' title='bbox 953 1403 1219 1473; x_wconf 65' lang='lat' dir='ltr'><strong>passione.</strong></span> 
     </span>
    </p>
   </div>
   <div class='ocr_carea' id='block_1_16' title="bbox 582 1471 1400 1544">
    <p class='ocr_par' dir='ltr' id='par_1_16' title="bbox 582 1471 1400 1544">
     <span class='ocr_line' id='line_1_16' title="bbox 582 1471 1400 1544; baseline -0.001 -17"><span class='ocrx_word' id='word_1_102' title='bbox 582 1473 696 1544; x_wconf 59' lang='grc' dir='ltr'><strong>(ξι)</strong></span> <span class='ocrx_word' id='word_1_103' title='bbox 728 1471 870 1544; x_wconf 63' lang='lat' dir='ltr'><strong>Puto</strong></span> <span class='ocrx_word' id='word_1_104' title='bbox 908 1471 973 1528; x_wconf 77' lang='lat' dir='ltr'><strong>ex</strong></span> <span class='ocrx_word' id='word_1_105' title='bbox 1003 1473 1112 1541; x_wconf 47' lang='lat' dir='ltr'><strong>Gn,</strong></span> <span class='ocrx_word' id='word_1_106' title='bbox 1136 1475 1400 1544; x_wconf 72' lang='grc' dir='ltr'>σφοδρῶς.</span> 
     </span>
    </p>
   </div>
   <div class='ocr_carea' id='block_1_17' title="bbox 581 1543 2093 1615">
    <p class='ocr_par' dir='ltr' id='par_1_17' title="bbox 581 1543 2093 1615">
     <span class='ocr_line' id='line_1_17' title="bbox 581 1543 2093 1615; baseline -0.001 -18"><span class='ocrx_word' id='word_1_107' title='bbox 581 1543 694 1615; x_wconf 68' lang='lat'><strong>(32)</strong></span> <span class='ocrx_word' id='word_1_108' title='bbox 722 1543 857 1599; x_wconf 82' lang='lat' dir='ltr'><strong>Cod.</strong></span> <span class='ocrx_word' id='word_1_109' title='bbox 889 1545 1151 1599; x_wconf 83' lang='lat' dir='ltr'><strong>mendose</strong></span> <span class='ocrx_word' id='word_1_110' title='bbox 1183 1543 1280 1598; x_wconf 80' lang='lat' dir='ltr'><strong>hoc</strong></span> <span class='ocrx_word' id='word_1_111' title='bbox 1299 1546 1443 1597; x_wconf 75' lang='lat' dir='ltr'><strong>misit</strong></span> <span class='ocrx_word' id='word_1_112' title='bbox 1477 1561 1530 1598; x_wconf 83' lang='lat' dir='ltr'><strong>re</strong></span> <span class='ocrx_word' id='word_1_113' title='bbox 1555 1546 1804 1615; x_wconf 75' lang='lat' dir='ltr'><strong>suscepit,</strong></span> <span class='ocrx_word' id='word_1_114' title='bbox 1832 1561 1953 1615; x_wconf 70' lang='lat' dir='ltr'><strong>quae</strong></span> <span class='ocrx_word' id='word_1_115' title='bbox 1970 1560 2093 1600; x_wconf 88' lang='lat' dir='ltr'><strong>cor-</strong></span> 
     </span>
    </p>
   </div>
   <div class='ocr_carea' id='block_1_18' title="bbox 2207 449 3725 519">
    <p class='ocr_par' dir='ltr' id='par_1_18' title="bbox 2207 449 3725 519">
     <span class='ocr_line' id='line_1_18' title="bbox 2207 449 3725 519; baseline 0.011 -16"><span class='ocrx_word' id='word_1_116' title='bbox 2207 459 2296 506; x_wconf 87' lang='lat' dir='ltr'><strong>tns</strong></span> <span class='ocrx_word' id='word_1_117' title='bbox 2322 461 2409 507; x_wconf 86' lang='lat' dir='ltr'><strong>est</strong></span> <span class='ocrx_word' id='word_1_118' title='bbox 2440 451 2743 506; x_wconf 90' lang='lat' dir='ltr'><strong>secundum</strong></span> <span class='ocrx_word' id='word_1_119' title='bbox 2785 463 3034 514; x_wconf 90' lang='lat' dir='ltr'><strong>carnem,</strong></span> <span class='ocrx_word' id='word_1_120' title='bbox 3077 464 3187 503; x_wconf 91' lang='lat' dir='ltr'><strong>non</strong></span> <span class='ocrx_word' id='word_1_121' title='bbox 3231 449 3326 518; x_wconf 87' lang='lat' dir='ltr'><strong>qui</strong></span> <span class='ocrx_word' id='word_1_122' title='bbox 3375 451 3438 508; x_wconf 93' lang='lat' dir='ltr'><strong>de</strong></span> <span class='ocrx_word' id='word_1_123' title='bbox 3490 453 3725 519; x_wconf 82' lang='lat' dir='ltr'><strong>Elisabeth</strong></span> 
     </span>
    </p>
   </div>
   <div class='ocr_carea' id='block_1_19' title="bbox 2203 539 3729 616">
    <p class='ocr_par' dir='ltr' id='par_1_19' title="bbox 2203 539 3729 616">
     <span class='ocr_line' id='line_1_19' title="bbox 2203 539 3729 616; baseline 0.009 -20"><span class='ocrx_word' id='word_1_124' title='bbox 2203 543 2457 611; x_wconf 83' lang='lat' dir='ltr'><strong>apparuit</strong></span> <span class='ocrx_word' id='word_1_125' title='bbox 2483 543 2603 597; x_wconf 86' lang='lat' dir='ltr'><strong>sine</strong></span> <span class='ocrx_word' id='word_1_126' title='bbox 2628 557 2760 612; x_wconf 87' lang='lat' dir='ltr'><strong>spe;</strong></span> <span class='ocrx_word' id='word_1_127' title='bbox 2793 542 2887 612; x_wconf 88' lang='lat' dir='ltr'><strong>qui</strong></span> <span class='ocrx_word' id='word_1_128' title='bbox 2910 539 2980 596; x_wconf 90' lang='lat' dir='ltr'><strong>de</strong></span> <span class='ocrx_word' id='word_1_129' title='bbox 3001 540 3283 595; x_wconf 89' lang='lat' dir='ltr'><strong>insolubili</strong></span> <span class='ocrx_word' id='word_1_130' title='bbox 3324 541 3606 616; x_wconf 76' lang='lat' dir='ltr'><strong>virginitate</strong></span> <span class='ocrx_word' id='word_1_131' title='bbox 3624 557 3729 612; x_wconf 84' lang='lat' dir='ltr'><strong>abs-</strong></span> 
     </span>
    </p>
   </div>
   <div class='ocr_carea' id='block_1_20' title="bbox 2203 633 3726 717">
    <p class='ocr_par' dir='ltr' id='par_1_20' title="bbox 2203 633 3726 717">
     <span class='ocr_line' id='line_1_20' title="bbox 2203 633 3726 717; baseline 0.011 -30"><span class='ocrx_word' id='word_1_132' title='bbox 2203 649 2312 705; x_wconf 84' lang='lat' dir='ltr'><strong>que</strong></span> <span class='ocrx_word' id='word_1_133' title='bbox 2335 636 2521 690; x_wconf 85' lang='lat' dir='ltr'><strong>labore</strong></span> <span class='ocrx_word' id='word_1_134' title='bbox 2548 633 2784 700; x_wconf 90' lang='lat' dir='ltr'><strong>fructus,</strong></span> <span class='ocrx_word' id='word_1_135' title='bbox 2822 651 2934 690; x_wconf 87' lang='lat' dir='ltr'><strong>non</strong></span> <span class='ocrx_word' id='word_1_136' title='bbox 2975 635 3173 690; x_wconf 73' lang='lat' dir='ltr'><strong>soluta:</strong></span> <span class='ocrx_word' id='word_1_137' title='bbox 3208 636 3495 696; x_wconf 84' lang='lat' dir='ltr'><strong>sterilitatis</strong></span> <span class='ocrx_word' id='word_1_138' title='bbox 3546 659 3726 717; x_wconf 82' lang='lat' dir='ltr'><strong>ramus;</strong></span> 
     </span>
    </p>
   </div>
   <div class='ocr_carea' id='block_1_21' title="bbox 2201 727 3736 798">
    <p class='ocr_par' dir='ltr' id='par_1_21' title="bbox 2201 727 3736 798">
     <span class='ocr_line' id='line_1_21' title="bbox 2201 727 3736 798; baseline 0.007 -17"><span class='ocrx_word' id='word_1_139' title='bbox 2201 727 2293 798; x_wconf 89' lang='lat' dir='ltr'><strong>qui</strong></span> <span class='ocrx_word' id='word_1_140' title='bbox 2325 728 2613 784; x_wconf 89' lang='lat' dir='ltr'><strong>nobiscum</strong></span> <span class='ocrx_word' id='word_1_141' title='bbox 2641 728 2885 783; x_wconf 88' lang='lat' dir='ltr'><strong>nutritus</strong></span> <span class='ocrx_word' id='word_1_142' title='bbox 2903 737 3008 793; x_wconf 81' lang='lat' dir='ltr'><strong>est,</strong></span> <span class='ocrx_word' id='word_1_143' title='bbox 3043 743 3152 782; x_wconf 90' lang='lat' dir='ltr'><strong>non</strong></span> <span class='ocrx_word' id='word_1_144' title='bbox 3213 728 3307 798; x_wconf 91' lang='lat' dir='ltr'><strong>qui</strong></span> <span class='ocrx_word' id='word_1_145' title='bbox 3353 729 3406 784; x_wconf 91' lang='lat' dir='ltr'><strong>in</strong></span> <span class='ocrx_word' id='word_1_146' title='bbox 3442 732 3637 791; x_wconf 88' lang='lat' dir='ltr'><strong>deserto</strong></span> <span class='ocrx_word' id='word_1_147' title='bbox 3665 751 3736 796; x_wconf 87' lang='lat' dir='ltr'><strong>est</strong></span> 
     </span>
    </p>
   </div>
   <div class='ocr_carea' id='block_1_22' title="bbox 2201 821 3733 901">
    <p class='ocr_par' dir='ltr' id='par_1_22' title="bbox 2201 821 3733 901">
     <span class='ocr_line' id='line_1_22' title="bbox 2201 821 3733 901; baseline 0.008 -26"><span class='ocrx_word' id='word_1_148' title='bbox 2201 821 2508 888; x_wconf 90' lang='lat' dir='ltr'><strong>enutritus;</strong></span> <span class='ocrx_word' id='word_1_149' title='bbox 2559 821 2654 890; x_wconf 77' lang='lat' dir='ltr'><strong>qui</strong></span> <span class='ocrx_word' id='word_1_150' title='bbox 2700 822 2866 876; x_wconf 88' lang='lat' dir='ltr'><strong>simul</strong></span> <span class='ocrx_word' id='word_1_151' title='bbox 2917 837 3133 876; x_wconf 88' lang='lat' dir='ltr'><strong>mecum</strong></span> <span class='ocrx_word' id='word_1_152' title='bbox 3187 836 3415 891; x_wconf 86' lang='lat' dir='ltr'><strong>superne</strong></span> <span class='ocrx_word' id='word_1_153' title='bbox 3470 835 3522 881; x_wconf 92' lang='lat' dir='ltr'><strong>et</strong></span> <span class='ocrx_word' id='word_1_154' title='bbox 3580 831 3733 901; x_wconf 84' lang='lat' dir='ltr'><strong>ipsum</strong></span> 
     </span>
    </p>
   </div>
   <div class='ocr_carea' id='block_1_23' title="bbox 2201 915 3739 988">
    <p class='ocr_par' dir='ltr' id='par_1_23' title="bbox 2201 915 3739 988">
     <span class='ocr_line' id='line_1_23' title="bbox 2201 915 3739 988; baseline 0.008 -20"><span class='ocrx_word' id='word_1_155' title='bbox 2201 915 2353 969; x_wconf 89' lang='lat' dir='ltr'><strong>misit</strong></span> <span class='ocrx_word' id='word_1_156' title='bbox 2375 915 2644 986; x_wconf 83' lang='lat' dir='ltr'><strong>Spiritum</strong></span> <span class='ocrx_word' id='word_1_157' title='bbox 2680 927 2930 973; x_wconf 85' lang='lat' dir='ltr'><strong>sanctum</strong></span> <span class='ocrx_word' id='word_1_158' title='bbox 2955 918 3186 973; x_wconf 92' lang='lat' dir='ltr'><strong>:iterum</strong></span> <span class='ocrx_word' id='word_1_159' title='bbox 3210 933 3371 988; x_wconf 78' lang='lat' dir='ltr'><strong>quem</strong></span> <span class='ocrx_word' id='word_1_160' title='bbox 3399 919 3559 984; x_wconf 88' lang='lat' dir='ltr'><strong>misit,</strong></span> <span class='ocrx_word' id='word_1_161' title='bbox 3600 923 3649 978; x_wconf 89' lang='lat' dir='ltr'><strong>in</strong></span> <span class='ocrx_word' id='word_1_162' title='bbox 3688 941 3739 981; x_wconf 85' lang='lat' dir='ltr'><strong>se</strong></span> 
     </span>
    </p>
   </div>
   <div class='ocr_carea' id='block_1_24' title="bbox 2200 1005 3784 1082">
    <p class='ocr_par' dir='ltr' id='par_1_24' title="bbox 2200 1005 3784 1082">
     <span class='ocr_line' id='line_1_24' title="bbox 2200 1005 3784 1082; baseline 0.009 -24"><span class='ocrx_word' id='word_1_163' title='bbox 2200 1005 2314 1076; x_wconf 73' lang='lat'><strong>(52)</strong></span> <span class='ocrx_word' id='word_1_164' title='bbox 2337 1008 2580 1076; x_wconf 88' lang='lat' dir='ltr'><strong>suscepit</strong></span> <span class='ocrx_word' id='word_1_165' title='bbox 2607 1009 2894 1078; x_wconf 89' lang='lat' dir='ltr'><strong>Spiritum.</strong></span> <span class='ocrx_word' id='word_1_166' title='bbox 2919 1009 3018 1066; x_wconf 91' lang='lat' dir='ltr'><strong>Cui</strong></span> <span class='ocrx_word' id='word_1_167' title='bbox 3043 1011 3220 1065; x_wconf 85' lang='lat' dir='ltr'><strong>honor</strong></span> <span class='ocrx_word' id='word_1_168' title='bbox 3243 1017 3298 1064; x_wconf 89' lang='lat' dir='ltr'><strong>et</strong></span> <span class='ocrx_word' id='word_1_169' title='bbox 3317 1010 3482 1082; x_wconf 86' lang='lat' dir='ltr'><strong>gloria</strong></span> <span class='ocrx_word' id='word_1_170' title='bbox 3501 1012 3552 1069; x_wconf 92' lang='lat' dir='ltr'><strong>in</strong></span> <span class='ocrx_word' id='word_1_171' title='bbox 3573 1017 3744 1072; x_wconf 64' lang='lat' dir='ltr'><strong>saecula</strong></span> <span class='ocrx_word' id='word_1_172' title='bbox 3782 1055 3784 1058; x_wconf 91' lang='lat'><strong><em>-</em></strong></span> 
     </span>
    </p>
   </div>
   <div class='ocr_carea' id='block_1_25' title="bbox 2198 1098 2774 1157">
    <p class='ocr_par' dir='ltr' id='par_1_25' title="bbox 2198 1098 2774 1157">
     <span class='ocr_line' id='line_1_25' title="bbox 2198 1098 2774 1157; baseline 0.01 -6"><span class='ocrx_word' id='word_1_173' title='bbox 2198 1099 2552 1157; x_wconf 76' lang='lat' dir='ltr'><strong>saeculorum.</strong></span> <span class='ocrx_word' id='word_1_174' title='bbox 2579 1098 2774 1157; x_wconf 82' lang='lat' dir='ltr'><strong>Amen.</strong></span> 
     </span>
    </p>
   </div>
   <div class='ocr_carea' id='block_1_26' title="bbox 2203 1329 3746 1404">
    <p class='ocr_par' dir='ltr' id='par_1_26' title="bbox 2203 1329 3746 1404">
     <span class='ocr_line' id='line_1_26' title="bbox 2203 1329 3746 1404; baseline 0.001 -16"><span class='ocrx_word' id='word_1_175' title='bbox 2203 1333 2457 1404; x_wconf 83' lang='lat' dir='ltr'><strong>riguntur</strong></span> <span class='ocrx_word' id='word_1_176' title='bbox 2494 1332 2635 1386; x_wconf 90' lang='lat' dir='ltr'><strong>infra</strong></span> <span class='ocrx_word' id='word_1_177' title='bbox 2670 1332 2722 1404; x_wconf 87' lang='lat' dir='ltr'><strong>in</strong></span> <span class='ocrx_word' id='word_1_178' title='bbox 2747 1332 2938 1404; x_wconf 67' lang='lat' dir='ltr'><strong>Graeco</strong></span> <span class='ocrx_word' id='word_1_179' title='bbox 2962 1346 3240 1404; x_wconf 72' lang='lat' dir='ltr'><strong>sermone,</strong></span> <span class='ocrx_word' id='word_1_180' title='bbox 3293 1329 3436 1404; x_wconf 78' lang='lat' dir='ltr'><strong>unde</strong></span> <span class='ocrx_word' id='word_1_181' title='bbox 3465 1332 3619 1404; x_wconf 82' lang='lat' dir='ltr'><strong>etiam</strong></span> <span class='ocrx_word' id='word_1_182' title='bbox 3662 1350 3746 1389; x_wconf 80' lang='lat' dir='ltr'><strong>co-</strong></span> 
     </span>
    </p>
   </div>
   <div class='ocr_carea' id='block_1_27' title="bbox 2202 1400 3745 1472">
    <p class='ocr_par' dir='ltr' id='par_1_27' title="bbox 2202 1400 3745 1472">
     <span class='ocr_line' id='line_1_27' title="bbox 2202 1400 3745 1472; baseline 0.001 -16"><span class='ocrx_word' id='word_1_183' title='bbox 2202 1400 2521 1472; x_wconf 73' lang='lat' dir='ltr'><strong>gnoscimus</strong></span> <span class='ocrx_word' id='word_1_184' title='bbox 2557 1404 2662 1458; x_wconf 90' lang='lat' dir='ltr'><strong>hoc</strong></span> <span class='ocrx_word' id='word_1_185' title='bbox 2691 1403 2814 1458; x_wconf 92' lang='lat' dir='ltr'><strong>loco</strong></span> <span class='ocrx_word' id='word_1_186' title='bbox 2839 1400 3013 1457; x_wconf 83' lang='lat' dir='ltr'><strong>fuisse</strong></span> <span class='ocrx_word' id='word_1_187' title='bbox 3038 1402 3226 1457; x_wconf 65' lang='lat' dir='ltr'><strong>Graece</strong></span> <span class='ocrx_word' id='word_1_188' title='bbox 3248 1400 3431 1458; x_wconf 82' lang='grc' dir='ltr'>πάλιν.</span> <span class='ocrx_word' id='word_1_189' title='bbox 3465 1402 3551 1455; x_wconf 83' lang='lat' dir='ltr'><strong>ubi</strong></span> <span class='ocrx_word' id='word_1_190' title='bbox 3597 1403 3745 1457; x_wconf 86' lang='lat' dir='ltr'><strong>inter-</strong></span> 
     </span>
    </p>
   </div>
   <div class='ocr_carea' id='block_1_28' title="bbox 2200 1472 3748 1542">
    <p class='ocr_par' dir='ltr' id='par_1_28' title="bbox 2200 1472 3748 1542">
     <span class='ocr_line' id='line_1_28' title="bbox 2200 1472 3748 1542; baseline 0.001 -16"><span class='ocrx_word' id='word_1_191' title='bbox 2200 1489 2326 1542; x_wconf 89' lang='lat' dir='ltr'><strong>pres</strong></span> <span class='ocrx_word' id='word_1_192' title='bbox 2357 1475 2522 1529; x_wconf 87' lang='lat' dir='ltr'><strong>habet</strong></span> <span class='ocrx_word' id='word_1_193' title='bbox 2541 1474 2754 1537; x_wconf 81' lang='lat' dir='ltr'><strong>iterum,</strong></span> <span class='ocrx_word' id='word_1_194' title='bbox 2778 1472 2926 1542; x_wconf 90' lang='lat' dir='ltr'><strong>quod</strong></span> <span class='ocrx_word' id='word_1_195' title='bbox 2963 1473 3160 1528; x_wconf 85' lang='lat' dir='ltr'><strong>melius</strong></span> <span class='ocrx_word' id='word_1_196' title='bbox 3195 1472 3284 1528; x_wconf 89' lang='lat' dir='ltr'><strong>hic</strong></span> <span class='ocrx_word' id='word_1_197' title='bbox 3306 1473 3649 1540; x_wconf 80' lang='lat' dir='ltr'><strong>expressisset</strong></span> <span class='ocrx_word' id='word_1_198' title='bbox 3676 1475 3748 1528; x_wconf 68' lang='lat' dir='ltr'><strong>dio</strong></span> 
     </span>
    </p>
   </div>
   <div class='ocr_carea' id='block_1_29' title="bbox 2200 1545 2956 1599">
    <p class='ocr_par' dir='ltr' id='par_1_29' title="bbox 2200 1545 2956 1599">
     <span class='ocr_line' id='line_1_29' title="bbox 2200 1545 2956 1599; baseline -0.001 -1"><span class='ocrx_word' id='word_1_199' title='bbox 2200 1546 2377 1599; x_wconf 89' lang='lat' dir='ltr'><strong>cendo</strong></span> <span class='ocrx_word' id='word_1_200' title='bbox 2410 1547 2532 1599; x_wconf 80' lang='lat' dir='ltr'><strong>item</strong></span> <span class='ocrx_word' id='word_1_201' title='bbox 2567 1554 2665 1599; x_wconf 85' lang='lat' dir='ltr'><strong>aut</strong></span> <span class='ocrx_word' id='word_1_202' title='bbox 2702 1545 2956 1598; x_wconf 71' lang='lat' dir='ltr'><strong>vicissim.</strong></span> 
     </span>
    </p>
   </div>
   <div class='ocr_carea' id='block_1_30' title="bbox 1035 1716 3245 1810">
    <p class='ocr_par' dir='ltr' id='par_1_30' title="bbox 1035 1716 3245 1810">
     <span class='ocr_line' id='line_1_30' title="bbox 1035 1716 3245 1810; baseline 0 -5"><span class='ocrx_word' id='word_1_203' title='bbox 1035 1720 1661 1808; x_wconf 83' lang='grc' dir='ltr'><strong>ΓΡΗΓΟΡΙΟΥ</strong></span> <span class='ocrx_word' id='word_1_204' title='bbox 1715 1721 2512 1810; x_wconf 85' lang='grc' dir='ltr'><strong>ΠΡΕΣΒΥΤΕΡΟΥ</strong></span> <span class='ocrx_word' id='word_1_205' title='bbox 2565 1716 3245 1808; x_wconf 85' lang='grc' dir='ltr'><strong>ΑΝΤΙΟΧΕΙΑΣ</strong></span> 
     </span>
    </p>
   </div>
   <div class='ocr_carea' id='block_1_31' title="bbox 1135 1852 3148 1930">
    <p class='ocr_par' dir='ltr' id='par_1_31' title="bbox 1135 1852 3148 1930">
     <span class='ocr_line' id='line_1_31' title="bbox 1135 1852 3148 1930; baseline 0.001 -21"><span class='ocrx_word' id='word_1_206' title='bbox 1135 1856 1239 1925; x_wconf 75' lang='grc' dir='ltr'><strong>Εἰς</strong></span> <span class='ocrx_word' id='word_1_207' title='bbox 1268 1856 1334 1910; x_wconf 84' lang='grc' dir='ltr'>τὸ</span> <span class='ocrx_word' id='word_1_208' title='bbox 1355 1896 1372 1926; x_wconf 85' lang='grc'><strong>,</strong></span> <span class='ocrx_word' id='word_1_209' title='bbox 1414 1874 1433 1908; x_wconf 77' lang='lat' dir='ltr'><strong>t</strong></span> <span class='ocrx_word' id='word_1_210' title='bbox 1474 1853 1662 1926; x_wconf 85' lang='grc' dir='ltr'>Οὗτός</span> <span class='ocrx_word' id='word_1_211' title='bbox 1687 1857 1861 1914; x_wconf 80' lang='grc' dir='ltr'>ἐστιν</span> <span class='ocrx_word' id='word_1_212' title='bbox 1892 1864 1926 1914; x_wconf 85' lang='grc' dir='ltr'><strong>ό</strong></span> <span class='ocrx_word' id='word_1_213' title='bbox 1956 1861 2089 1928; x_wconf 75' lang='grc' dir='ltr'>Υἱός</span> <span class='ocrx_word' id='word_1_214' title='bbox 2109 1877 2229 1930; x_wconf 82' lang='grc' dir='ltr'><strong>μου</strong></span> <span class='ocrx_word' id='word_1_215' title='bbox 2251 1863 2285 1914; x_wconf 83' lang='grc' dir='ltr'><em>ὁ</em></span> <span class='ocrx_word' id='word_1_216' title='bbox 2307 1860 2620 1928; x_wconf 75' lang='grc' dir='ltr'>ἀγαπητὸς</span> <span class='ocrx_word' id='word_1_217' title='bbox 2655 1859 2728 1914; x_wconf 81' lang='grc' dir='ltr'><strong>ἐν</strong></span> <span class='ocrx_word' id='word_1_218' title='bbox 2745 1852 2794 1927; x_wconf 83' lang='grc' dir='ltr'><strong>ᾧ</strong></span> <span class='ocrx_word' id='word_1_219' title='bbox 2815 1859 3148 1927; x_wconf 81' lang='grc' dir='ltr'>εὐδόκησα.</span> 
     </span>
    </p>
   </div>
   <div class='ocr_carea' id='block_1_32' title="bbox 1002 2053 3277 2149">
    <p class='ocr_par' dir='ltr' id='par_1_32' title="bbox 1002 2053 3277 2149">
     <span class='ocr_line' id='line_1_32' title="bbox 1002 2053 3277 2149; baseline 0 -4"><span class='ocrx_word' id='word_1_220' title='bbox 1002 2053 1585 2148; x_wconf 81' lang='lat' dir='ltr'><strong>GBEGORII</strong></span> <span class='ocrx_word' id='word_1_221' title='bbox 1667 2057 2424 2149; x_wconf 81' lang='lat' dir='ltr'><strong>PRESBYTERI</strong></span> <span class='ocrx_word' id='word_1_222' title='bbox 2514 2055 3277 2149; x_wconf 85' lang='lat' dir='ltr'><strong>ANTIOCHENI</strong></span> 
     </span>
    </p>
   </div>
   <div class='ocr_carea' id='block_1_33' title="bbox 751 2182 3542 2266">
    <p class='ocr_par' dir='ltr' id='par_1_33' title="bbox 751 2182 3542 2266">
     <span class='ocr_line' id='line_1_33' title="bbox 751 2182 3542 2266; baseline -0.001 -20"><span class='ocrx_word' id='word_1_223' title='bbox 751 2184 836 2246; x_wconf 84' lang='lat' dir='ltr'><strong>In</strong></span> <span class='ocrx_word' id='word_1_224' title='bbox 891 2182 1006 2246; x_wconf 78' lang='lat' dir='ltr'><strong>illa</strong></span> <span class='ocrx_word' id='word_1_225' title='bbox 1058 2183 1273 2261; x_wconf 75' lang='lat' dir='ltr'><strong>verba,</strong></span> <span class='ocrx_word' id='word_1_226' title='bbox 1322 2207 1352 2242; x_wconf 76' lang='grc' dir='ltr'><strong>α</strong></span> <span class='ocrx_word' id='word_1_227' title='bbox 1396 2185 1522 2246; x_wconf 78' lang='lat' dir='ltr'><strong>Hic</strong></span> <span class='ocrx_word' id='word_1_228' title='bbox 1583 2191 1672 2245; x_wconf 80' lang='lat' dir='ltr'><strong>est</strong></span> <span class='ocrx_word' id='word_1_229' title='bbox 1709 2185 1912 2247; x_wconf 75' lang='lat' dir='ltr'><strong>Filius</strong></span> <span class='ocrx_word' id='word_1_230' title='bbox 1949 2205 2119 2248; x_wconf 81' lang='lat' dir='ltr'><strong>meus</strong></span> <span class='ocrx_word' id='word_1_231' title='bbox 2153 2187 2441 2261; x_wconf 80' lang='lat' dir='ltr'><strong>dilectus,</strong></span> <span class='ocrx_word' id='word_1_232' title='bbox 2486 2187 2555 2247; x_wconf 78' lang='lat' dir='ltr'><strong>in</strong></span> <span class='ocrx_word' id='word_1_233' title='bbox 2582 2205 2702 2266; x_wconf 85' lang='lat' dir='ltr'><strong>quo</strong></span> <span class='ocrx_word' id='word_1_234' title='bbox 2731 2186 2891 2248; x_wconf 78' lang='lat' dir='ltr'><strong>mihi</strong></span> <span class='ocrx_word' id='word_1_235' title='bbox 2928 2184 3078 2246; x_wconf 82' lang='lat' dir='ltr'><strong>bene</strong></span> <span class='ocrx_word' id='word_1_236' title='bbox 3110 2185 3482 2265; x_wconf 79' lang='lat' dir='ltr'><strong>complacui.</strong></span> <span class='ocrx_word' id='word_1_237' title='bbox 3514 2210 3542 2243; x_wconf 78' lang='lat' dir='ltr'><strong>n</strong></span> 
     </span>
    </p>
   </div>
   <div class='ocr_carea' id='block_1_34' title="bbox 573 2279 2096 2362">
    <p class='ocr_par' dir='ltr' id='par_1_34' title="bbox 573 2280 2085 2358">
     <span class='ocr_line' id='line_1_34' title="bbox 573 2280 2085 2358; baseline 0 -16"><span class='ocrx_word' id='word_1_238' title='bbox 573 2282 634 2342; x_wconf 78' lang='grc' dir='ltr'><strong>Ἰ.</strong></span> <span class='ocrx_word' id='word_1_239' title='bbox 671 2280 770 2344; x_wconf 80' lang='lat' dir='ltr'><strong>Hic</strong></span> <span class='ocrx_word' id='word_1_240' title='bbox 797 2303 988 2343; x_wconf 88' lang='lat' dir='ltr'><strong>amans</strong></span> <span class='ocrx_word' id='word_1_241' title='bbox 1019 2288 1256 2343; x_wconf 85' lang='lat' dir='ltr'><strong>filiorum</strong></span> <span class='ocrx_word' id='word_1_242' title='bbox 1290 2287 1474 2354; x_wconf 84' lang='lat' dir='ltr'><strong>Pater,</strong></span> <span class='ocrx_word' id='word_1_243' title='bbox 1516 2295 1740 2358; x_wconf 88' lang='lat' dir='ltr'><strong>propter</strong></span> <span class='ocrx_word' id='word_1_244' title='bbox 1771 2303 1891 2342; x_wconf 88' lang='lat' dir='ltr'><strong>eam</strong></span> <span class='ocrx_word' id='word_1_245' title='bbox 1919 2304 2085 2358; x_wconf 90' lang='lat' dir='ltr'><strong>quam</strong></span> 
     </span>
    </p>
   </div>
   <div class='ocr_carea' id='block_1_35' title="bbox 2206 2279 3760 2362">
    <p class='ocr_par' dir='ltr' id='par_1_35' title="bbox 2262 2279 3760 2362">
     <span class='ocr_line' id='line_1_35' title="bbox 2262 2279 3760 2362; baseline 0.001 -20"><span class='ocrx_word' id='word_1_246' title='bbox 2262 2296 2332 2343; x_wconf 84' lang='grc' dir='ltr'><strong>α’.</strong></span> <span class='ocrx_word' id='word_1_247' title='bbox 2380 2289 2438 2343; x_wconf 90' lang='lat'><strong>&#39;0</strong></span> <span class='ocrx_word' id='word_1_248' title='bbox 2473 2289 2571 2358; x_wconf 81' lang='grc' dir='ltr'>μὲν</span> <span class='ocrx_word' id='word_1_249' title='bbox 2603 2289 2958 2360; x_wconf 74' lang='grc' dir='ltr'><strong>φιλόστοργος</strong></span> <span class='ocrx_word' id='word_1_250' title='bbox 2989 2279 3143 2352; x_wconf 67' lang='grc' dir='ltr'>οὗτος</span> <span class='ocrx_word' id='word_1_251' title='bbox 3182 2288 3376 2358; x_wconf 78' lang='grc' dir='ltr'>Πατὴρ</span> <span class='ocrx_word' id='word_1_252' title='bbox 3409 2286 3544 2357; x_wconf 74' lang='grc'>(54),</span> <span class='ocrx_word' id='word_1_253' title='bbox 3570 2288 3653 2343; x_wconf 77' lang='grc' dir='ltr'><strong>διὰ</strong></span> <span class='ocrx_word' id='word_1_254' title='bbox 3676 2289 3760 2362; x_wconf 70' lang='grc' dir='ltr'>τὴν</span> 
     </span>
    </p>
   </div>
   <div class='ocr_carea' id='block_1_36' title="bbox 506 2378 2094 2450">
    <p class='ocr_par' dir='ltr' id='par_1_36' title="bbox 506 2378 2094 2450">
     <span class='ocr_line' id='line_1_36' title="bbox 506 2378 2094 2450; baseline 0.001 -17"><span class='ocrx_word' id='word_1_255' title='bbox 506 2381 673 2435; x_wconf 75' lang='lat' dir='ltr'><strong>habet</strong></span> <span class='ocrx_word' id='word_1_256' title='bbox 721 2394 849 2450; x_wconf 81' lang='lat' dir='ltr'><strong>erga</strong></span> <span class='ocrx_word' id='word_1_257' title='bbox 896 2394 999 2436; x_wconf 88' lang='lat' dir='ltr'><strong>nos</strong></span> <span class='ocrx_word' id='word_1_258' title='bbox 1037 2378 1384 2444; x_wconf 89' lang='lat' dir='ltr'><strong>charitatem,</strong></span> <span class='ocrx_word' id='word_1_259' title='bbox 1432 2393 1594 2434; x_wconf 90' lang='lat' dir='ltr'><strong>suum</strong></span> <span class='ocrx_word' id='word_1_260' title='bbox 1650 2378 1783 2433; x_wconf 90' lang='lat' dir='ltr'><strong>mihi</strong></span> <span class='ocrx_word' id='word_1_261' title='bbox 1834 2390 1893 2433; x_wconf 88' lang='lat' dir='ltr'><strong>ut</strong></span> <span class='ocrx_word' id='word_1_262' title='bbox 1931 2380 2094 2435; x_wconf 85' lang='lat' dir='ltr'><strong>verba</strong></span> 
     </span>
    </p>
   </div>
   <div class='ocr_carea' id='block_1_37' title="bbox 510 2470 2094 2543">
    <p class='ocr_par' dir='ltr' id='par_1_37' title="bbox 510 2470 2094 2543">
     <span class='ocr_line' id='line_1_37' title="bbox 510 2470 2094 2543; baseline 0.001 -21"><span class='ocrx_word' id='word_1_263' title='bbox 510 2471 708 2525; x_wconf 84' lang='lat' dir='ltr'><strong>faciam</strong></span> <span class='ocrx_word' id='word_1_264' title='bbox 738 2480 934 2526; x_wconf 92' lang='lat' dir='ltr'><strong>nutum</strong></span> <span class='ocrx_word' id='word_1_265' title='bbox 968 2470 1317 2543; x_wconf 79' lang='lat' dir='ltr'><strong>significavit,</strong></span> <span class='ocrx_word' id='word_1_266' title='bbox 1350 2479 1406 2524; x_wconf 90' lang='lat' dir='ltr'><strong>et</strong></span> <span class='ocrx_word' id='word_1_267' title='bbox 1437 2470 1694 2542; x_wconf 89' lang='lat' dir='ltr'><strong>plausum</strong></span> <span class='ocrx_word' id='word_1_268' title='bbox 1727 2485 1889 2540; x_wconf 89' lang='lat' dir='ltr'><strong>quem</strong></span> <span class='ocrx_word' id='word_1_269' title='bbox 1922 2485 2020 2525; x_wconf 90' lang='lat' dir='ltr'><strong>vos</strong></span> <span class='ocrx_word' id='word_1_270' title='bbox 2046 2471 2094 2525; x_wconf 89' lang='lat' dir='ltr'><strong>ei</strong></span> 
     </span>
    </p>
   </div>
   <div class='ocr_carea' id='block_1_38' title="bbox 507 2565 2095 2637">
    <p class='ocr_par' dir='ltr' id='par_1_38' title="bbox 507 2565 2095 2637">
     <span class='ocr_line' id='line_1_38' title="bbox 507 2565 2095 2637; baseline -0.001 -17"><span class='ocrx_word' id='word_1_271' title='bbox 507 2583 602 2633; x_wconf 72' lang='lat' dir='ltr'><strong>ore</strong></span> <span class='ocrx_word' id='word_1_272' title='bbox 631 2583 755 2622; x_wconf 88' lang='lat' dir='ltr'><strong>meo</strong></span> <span class='ocrx_word' id='word_1_273' title='bbox 800 2566 1026 2631; x_wconf 85' lang='lat' dir='ltr'><strong>fecistis,</strong></span> <span class='ocrx_word' id='word_1_274' title='bbox 1081 2565 1334 2637; x_wconf 81' lang='lat' dir='ltr'><strong>praesenti</strong></span> <span class='ocrx_word' id='word_1_275' title='bbox 1371 2567 1641 2621; x_wconf 90' lang='lat' dir='ltr'><strong>concione</strong></span> <span class='ocrx_word' id='word_1_276' title='bbox 1686 2573 2095 2631; x_wconf 86' lang='lat' dir='ltr'><strong>remuneratur,</strong></span> 
     </span>
    </p>
   </div>
   <div class='ocr_carea' id='block_1_39' title="bbox 505 2656 2096 2731">
    <p class='ocr_par' dir='ltr' id='par_1_39' title="bbox 505 2656 2096 2731">
     <span class='ocr_line' id='line_1_39' title="bbox 505 2656 2096 2731; baseline -0.003 -16"><span class='ocrx_word' id='word_1_277' title='bbox 505 2660 787 2731; x_wconf 83' lang='lat' dir='ltr'><strong>proprium</strong></span> <span class='ocrx_word' id='word_1_278' title='bbox 819 2659 1032 2714; x_wconf 87' lang='lat' dir='ltr'><strong>lucrum</strong></span> <span class='ocrx_word' id='word_1_279' title='bbox 1073 2659 1399 2713; x_wconf 78' lang='lat' dir='ltr'><strong>existimans</strong></span> <span class='ocrx_word' id='word_1_280' title='bbox 1445 2656 1684 2712; x_wconf 86' lang='lat' dir='ltr'><strong>filiorum</strong></span> <span class='ocrx_word' id='word_1_281' title='bbox 1726 2671 1954 2711; x_wconf 89' lang='lat' dir='ltr'><strong>suorum</strong></span> <span class='ocrx_word' id='word_1_282' title='bbox 1987 2658 2096 2711; x_wconf 84' lang='lat' dir='ltr'><strong>uti-</strong></span> 
     </span>
    </p>
   </div>
   <div class='ocr_carea' id='block_1_40' title="bbox 510 2749 2096 2822">
    <p class='ocr_par' dir='ltr' id='par_1_40' title="bbox 510 2749 2096 2822">
     <span class='ocr_line' id='line_1_40' title="bbox 510 2749 2096 2822; baseline -0.003 -16"><span class='ocrx_word' id='word_1_283' title='bbox 510 2755 744 2808; x_wconf 83' lang='lat' dir='ltr'><strong>litatem.</strong></span> <span class='ocrx_word' id='word_1_284' title='bbox 779 2753 896 2822; x_wconf 77' lang='lat' dir='ltr'><strong>Ego</strong></span> <span class='ocrx_word' id='word_1_285' title='bbox 926 2766 1058 2805; x_wconf 87' lang='lat' dir='ltr'><strong>vero</strong></span> <span class='ocrx_word' id='word_1_286' title='bbox 1091 2751 1250 2806; x_wconf 82' lang='lat' dir='ltr'><strong>laetus</strong></span> <span class='ocrx_word' id='word_1_287' title='bbox 1283 2751 1696 2805; x_wconf 86' lang='lat' dir='ltr'><strong>hortamentum</strong></span> <span class='ocrx_word' id='word_1_288' title='bbox 1731 2749 1852 2820; x_wconf 85' lang='lat' dir='ltr'><strong>ejus</strong></span> <span class='ocrx_word' id='word_1_289' title='bbox 1883 2750 2096 2820; x_wconf 80' lang='lat' dir='ltr'><strong>excepi,</strong></span> 
     </span>
    </p>
   </div>
   <div class='ocr_carea' id='block_1_41' title="bbox 507 2841 2098 2915">
    <p class='ocr_par' dir='ltr' id='par_1_41' title="bbox 507 2841 2098 2915">
     <span class='ocr_line' id='line_1_41' title="bbox 507 2841 2098 2915; baseline -0.001 -17"><span class='ocrx_word' id='word_1_290' title='bbox 507 2845 794 2915; x_wconf 83' lang='lat' dir='ltr'><strong>libensque</strong></span> <span class='ocrx_word' id='word_1_291' title='bbox 822 2844 1003 2899; x_wconf 90' lang='lat' dir='ltr'><strong>denuo</strong></span> <span class='ocrx_word' id='word_1_292' title='bbox 1036 2843 1178 2897; x_wconf 90' lang='lat' dir='ltr'><strong>inter</strong></span> <span class='ocrx_word' id='word_1_293' title='bbox 1224 2857 1324 2897; x_wconf 88' lang='lat' dir='ltr'><strong>vos</strong></span> <span class='ocrx_word' id='word_1_294' title='bbox 1354 2857 1544 2898; x_wconf 87' lang='lat' dir='ltr'><strong>vocem</strong></span> <span class='ocrx_word' id='word_1_295' title='bbox 1578 2841 1804 2907; x_wconf 84' lang='lat' dir='ltr'><strong>extollo,</strong></span> <span class='ocrx_word' id='word_1_296' title='bbox 1841 2850 1896 2897; x_wconf 92' lang='lat' dir='ltr'><strong>et</strong></span> <span class='ocrx_word' id='word_1_297' title='bbox 1940 2850 2098 2896; x_wconf 88' lang='lat' dir='ltr'><strong>ante-</strong></span> 
     </span>
    </p>
   </div>
   <div class='ocr_carea' id='block_1_42' title="bbox 508 2931 2100 3004">
    <p class='ocr_par' dir='ltr' id='par_1_42' title="bbox 508 2931 2100 3004">
     <span class='ocr_line' id='line_1_42' title="bbox 508 2931 2100 3004; baseline -0.004 -12"><span class='ocrx_word' id='word_1_298' title='bbox 508 2938 716 2994; x_wconf 85' lang='lat' dir='ltr'><strong>riorum</strong></span> <span class='ocrx_word' id='word_1_299' title='bbox 753 2950 1075 2993; x_wconf 89' lang='lat' dir='ltr'><strong>sermonum</strong></span> <span class='ocrx_word' id='word_1_300' title='bbox 1127 2934 1348 3000; x_wconf 86' lang='lat' dir='ltr'><strong>seriem,</strong></span> <span class='ocrx_word' id='word_1_301' title='bbox 1397 2943 1560 3004; x_wconf 86' lang='lat' dir='ltr'><strong>prout</strong></span> <span class='ocrx_word' id='word_1_302' title='bbox 1603 2934 1793 2998; x_wconf 88' lang='lat' dir='ltr'><strong>vultis,</strong></span> <span class='ocrx_word' id='word_1_303' title='bbox 1844 2931 2100 2987; x_wconf 89' lang='lat' dir='ltr'><strong>alacriter</strong></span> 
     </span>
    </p>
   </div>
   <div class='ocr_carea' id='block_1_43' title="bbox 485 3024 2098 3100">
    <p class='ocr_par' dir='ltr' id='par_1_43' title="bbox 485 3024 2098 3100">
     <span class='ocr_line' id='line_1_43' title="bbox 485 3024 2098 3100; baseline -0.005 -14"><span class='ocrx_word' id='word_1_304' title='bbox 485 3045 829 3100; x_wconf 83' lang='lat' dir='ltr'><strong>.persequar.</strong></span> <span class='ocrx_word' id='word_1_305' title='bbox 878 3027 1016 3083; x_wconf 86' lang='lat' dir='ltr'><strong>Nam</strong></span> <span class='ocrx_word' id='word_1_306' title='bbox 1069 3027 1355 3096; x_wconf 87' lang='lat' dir='ltr'><strong>superiore</strong></span> <span class='ocrx_word' id='word_1_307' title='bbox 1401 3026 1490 3082; x_wconf 89' lang='lat' dir='ltr'><strong>die</strong></span> <span class='ocrx_word' id='word_1_308' title='bbox 1541 3025 1831 3081; x_wconf 91' lang='lat' dir='ltr'><strong>Dominico</strong></span> <span class='ocrx_word' id='word_1_309' title='bbox 1885 3024 2098 3080; x_wconf 89' lang='lat' dir='ltr'><strong>ostendi</strong></span> 
     </span>
    </p>
   </div>
   <div class='ocr_carea' id='block_1_44' title="bbox 508 3117 2100 3190">
    <p class='ocr_par' dir='ltr' id='par_1_44' title="bbox 508 3117 2100 3190">
     <span class='ocr_line' id='line_1_44' title="bbox 508 3117 2100 3190; baseline -0.002 -15"><span class='ocrx_word' id='word_1_310' title='bbox 508 3121 664 3177; x_wconf 84' lang='lat' dir='ltr'><strong>vobis</strong></span> <span class='ocrx_word' id='word_1_311' title='bbox 693 3120 972 3176; x_wconf 86' lang='lat' dir='ltr'><strong>Christum</strong></span> <span class='ocrx_word' id='word_1_312' title='bbox 1016 3119 1070 3173; x_wconf 92' lang='lat' dir='ltr'><strong>in</strong></span> <span class='ocrx_word' id='word_1_313' title='bbox 1119 3133 1406 3173; x_wconf 89' lang='lat' dir='ltr'><strong>servorum</strong></span> <span class='ocrx_word' id='word_1_314' title='bbox 1445 3133 1672 3174; x_wconf 89' lang='lat' dir='ltr'><strong>suorum</strong></span> <span class='ocrx_word' id='word_1_315' title='bbox 1707 3119 1872 3190; x_wconf 80' lang='lat' dir='ltr'><strong>globo</strong></span> <span class='ocrx_word' id='word_1_316' title='bbox 1902 3117 1969 3173; x_wconf 91' lang='lat' dir='ltr'><strong>ad</strong></span> <span class='ocrx_word' id='word_1_317' title='bbox 1998 3119 2100 3173; x_wconf 88' lang='lat' dir='ltr'><strong>ba-</strong></span> 
     </span>
    </p>
   </div>
   <div class='ocr_carea' id='block_1_45' title="bbox 488 3209 2102 3283">
    <p class='ocr_par' dir='ltr' id='par_1_45' title="bbox 488 3209 2102 3283">
     <span class='ocr_line' id='line_1_45' title="bbox 488 3209 2102 3283; baseline -0.001 -16"><span class='ocrx_word' id='word_1_318' title='bbox 488 3215 774 3283; x_wconf 88' lang='lat' dir='ltr'><strong>.ptismum</strong></span> <span class='ocrx_word' id='word_1_319' title='bbox 825 3213 1201 3269; x_wconf 87' lang='lat' dir='ltr'><strong>accedentem.</strong></span> <span class='ocrx_word' id='word_1_320' title='bbox 1261 3209 1469 3267; x_wconf 85' lang='lat' dir='ltr'><strong>Deinde</strong></span> <span class='ocrx_word' id='word_1_321' title='bbox 1524 3211 1867 3280; x_wconf 89' lang='lat' dir='ltr'><strong>Baptistam,</strong></span> <span class='ocrx_word' id='word_1_322' title='bbox 1917 3213 2102 3281; x_wconf 79' lang='lat' dir='ltr'><strong>agnito</strong></span> 
     </span>
    </p>
   </div>
   <div class='ocr_carea' id='block_1_46' title="bbox 510 3293 2099 3374">
    <p class='ocr_par' dir='ltr' id='par_1_46' title="bbox 510 3293 2099 3374">
     <span class='ocr_line' id='line_1_46' title="bbox 510 3293 2099 3374; baseline -0.003 -15"><span class='ocrx_word' id='word_1_323' title='bbox 510 3306 768 3372; x_wconf 85' lang='lat' dir='ltr'><strong>Domino,</strong></span> <span class='ocrx_word' id='word_1_324' title='bbox 803 3302 1150 3362; x_wconf 83' lang='lat' dir='ltr'><strong>recusantem</strong></span> <span class='ocrx_word' id='word_1_325' title='bbox 1188 3303 1450 3373; x_wconf 88' lang='lat' dir='ltr'><strong>baptismi</strong></span> <span class='ocrx_word' id='word_1_326' title='bbox 1489 3293 1708 3358; x_wconf 84' lang='lat' dir='ltr'><strong>auctori</strong></span> <span class='ocrx_word' id='word_1_327' title='bbox 1761 3303 2099 3374; x_wconf 87' lang='lat' dir='ltr'><strong>baptismum</strong></span> 
     </span>
    </p>
   </div>
   <div class='ocr_carea' id='block_1_47' title="bbox 509 3395 2102 3468">
    <p class='ocr_par' dir='ltr' id='par_1_47' title="bbox 509 3395 2102 3468">
     <span class='ocr_line' id='line_1_47' title="bbox 509 3395 2102 3468; baseline -0.001 -17"><span class='ocrx_word' id='word_1_328' title='bbox 509 3399 806 3468; x_wconf 86' lang='lat' dir='ltr'><strong>impertiri,</strong></span> <span class='ocrx_word' id='word_1_329' title='bbox 838 3397 906 3453; x_wconf 88' lang='lat' dir='ltr'><strong>ad</strong></span> <span class='ocrx_word' id='word_1_330' title='bbox 939 3407 1244 3452; x_wconf 83' lang='lat' dir='ltr'><strong>extremum</strong></span> <span class='ocrx_word' id='word_1_331' title='bbox 1280 3408 1460 3451; x_wconf 89' lang='lat' dir='ltr'><strong>tamen</strong></span> <span class='ocrx_word' id='word_1_332' title='bbox 1494 3396 1818 3452; x_wconf 66' lang='lat' dir='ltr'><strong>oeconomiae</strong></span> <span class='ocrx_word' id='word_1_333' title='bbox 1848 3395 2102 3450; x_wconf 84' lang='lat' dir='ltr'><strong>ministe-</strong></span> 
     </span>
    </p>
   </div>
   <div class='ocr_carea' id='block_1_48' title="bbox 504 3485 2102 3561">
    <p class='ocr_par' dir='ltr' id='par_1_48' title="bbox 504 3485 2102 3561">
     <span class='ocr_line' id='line_1_48' title="bbox 504 3485 2102 3561; baseline -0.002 -18"><span class='ocrx_word' id='word_1_334' title='bbox 504 3491 619 3554; x_wconf 75' lang='lat' dir='ltr'><strong>rio,</strong></span> <span class='ocrx_word' id='word_1_335' title='bbox 653 3499 818 3561; x_wconf 86' lang='lat' dir='ltr'><strong>prout</strong></span> <span class='ocrx_word' id='word_1_336' title='bbox 850 3489 1109 3545; x_wconf 88' lang='lat' dir='ltr'><strong>Servator</strong></span> <span class='ocrx_word' id='word_1_337' title='bbox 1140 3489 1334 3554; x_wconf 84' lang='lat' dir='ltr'><strong>voluit,</strong></span> <span class='ocrx_word' id='word_1_338' title='bbox 1373 3487 1716 3544; x_wconf 82' lang='lat' dir='ltr'><strong>defunctum.</strong></span> <span class='ocrx_word' id='word_1_339' title='bbox 1737 3485 1932 3543; x_wconf 89' lang='lat' dir='ltr'><strong>Postea</strong></span> <span class='ocrx_word' id='word_1_340' title='bbox 1966 3487 2102 3542; x_wconf 89' lang='lat' dir='ltr'><strong>sub-</strong></span> 
     </span>
    </p>
   </div>
   <div class='ocr_carea' id='block_1_49' title="bbox 508 3575 2103 3646">
    <p class='ocr_par' dir='ltr' id='par_1_49' title="bbox 508 3575 2103 3646">
     <span class='ocr_line' id='line_1_49' title="bbox 508 3575 2103 3646; baseline -0.003 -12"><span class='ocrx_word' id='word_1_341' title='bbox 508 3581 614 3646; x_wconf 71' lang='lat' dir='ltr'><strong>ieci</strong></span> <span class='ocrx_word' id='word_1_342' title='bbox 660 3581 875 3637; x_wconf 89' lang='lat' dir='ltr'><strong>Patrem</strong></span> <span class='ocrx_word' id='word_1_343' title='bbox 911 3579 1138 3634; x_wconf 88' lang='lat' dir='ltr'><strong>Domini</strong></span> <span class='ocrx_word' id='word_1_344' title='bbox 1185 3578 1362 3634; x_wconf 85' lang='lat' dir='ltr'><strong>nostri</strong></span> <span class='ocrx_word' id='word_1_345' title='bbox 1412 3576 1540 3632; x_wconf 84' lang='lat' dir='ltr'><strong>Jesu</strong></span> <span class='ocrx_word' id='word_1_346' title='bbox 1591 3576 1796 3632; x_wconf 90' lang='lat' dir='ltr'><strong>Christi</strong></span> <span class='ocrx_word' id='word_1_347' title='bbox 1842 3576 1908 3631; x_wconf 89' lang='lat' dir='ltr'><strong>de</strong></span> <span class='ocrx_word' id='word_1_348' title='bbox 1961 3575 2103 3630; x_wconf 75' lang='lat' dir='ltr'><strong>cmlo</strong></span> 
     </span>
    </p>
   </div>
   <div class='ocr_carea' id='block_1_50' title="bbox 509 3673 2101 3742">
    <p class='ocr_par' dir='ltr' id='par_1_50' title="bbox 509 3673 2101 3742">
     <span class='ocr_line' id='line_1_50' title="bbox 509 3673 2101 3742; baseline -0.004 -11"><span class='ocrx_word' id='word_1_349' title='bbox 509 3678 845 3731; x_wconf 87' lang='lat' dir='ltr'><strong>clamantem</strong></span> <span class='ocrx_word' id='word_1_350' title='bbox 890 3695 904 3730; x_wconf 89' lang='lat'><strong>:</strong></span> <span class='ocrx_word' id='word_1_351' title='bbox 945 3673 1048 3728; x_wconf 83' lang='lat' dir='ltr'><strong>Hic</strong></span> <span class='ocrx_word' id='word_1_352' title='bbox 1086 3683 1163 3729; x_wconf 80' lang='lat' dir='ltr'><strong>est</strong></span> <span class='ocrx_word' id='word_1_353' title='bbox 1203 3673 1379 3728; x_wconf 83' lang='lat' dir='ltr'><strong>Filius</strong></span> <span class='ocrx_word' id='word_1_354' title='bbox 1414 3690 1560 3728; x_wconf 78' lang='lat' dir='ltr'><strong>meus</strong></span> <span class='ocrx_word' id='word_1_355' title='bbox 1597 3673 1860 3736; x_wconf 72' lang='lat' dir='ltr'><strong>dilectus,</strong></span> <span class='ocrx_word' id='word_1_356' title='bbox 1911 3673 1967 3726; x_wconf 80' lang='lat' dir='ltr'><strong>in</strong></span> <span class='ocrx_word' id='word_1_357' title='bbox 1999 3689 2101 3742; x_wconf 90' lang='lat' dir='ltr'><strong>quo</strong></span> 
     </span>
    </p>
   </div>
   <div class='ocr_carea' id='block_1_51' title="bbox 512 3763 2101 3837">
    <p class='ocr_par' dir='ltr' id='par_1_51' title="bbox 512 3763 2101 3837">
     <span class='ocr_line' id='line_1_51' title="bbox 512 3763 2101 3837; baseline -0.002 -16"><span class='ocrx_word' id='word_1_358' title='bbox 512 3770 638 3823; x_wconf 82' lang='lat' dir='ltr'><strong>mihi</strong></span> <span class='ocrx_word' id='word_1_359' title='bbox 670 3768 795 3823; x_wconf 79' lang='lat' dir='ltr'><strong>bene</strong></span> <span class='ocrx_word' id='word_1_360' title='bbox 819 3765 1115 3837; x_wconf 78' lang='lat' dir='ltr'><strong>complacui</strong></span> <span class='ocrx_word' id='word_1_361' title='bbox 1136 3766 1202 3822; x_wconf 58' lang='lat' dir='ltr'><strong>&#39;h</strong></span> <span class='ocrx_word' id='word_1_362' title='bbox 1233 3765 1484 3837; x_wconf 88' lang='lat' dir='ltr'><strong>Cumque</strong></span> <span class='ocrx_word' id='word_1_363' title='bbox 1507 3765 1573 3819; x_wconf 91' lang='lat' dir='ltr'><strong>ad</strong></span> <span class='ocrx_word' id='word_1_364' title='bbox 1604 3763 1710 3820; x_wconf 88' lang='lat' dir='ltr'><strong>hoc</strong></span> <span class='ocrx_word' id='word_1_365' title='bbox 1739 3779 1916 3834; x_wconf 84' lang='lat' dir='ltr'><strong>usque</strong></span> <span class='ocrx_word' id='word_1_366' title='bbox 1946 3764 2101 3819; x_wconf 89' lang='lat' dir='ltr'><strong>testi-</strong></span> 
     </span>
    </p>
   </div>
   <div class='ocr_carea' id='block_1_52' title="bbox 511 3857 2099 3931">
    <p class='ocr_par' dir='ltr' id='par_1_52' title="bbox 511 3857 2099 3931">
     <span class='ocr_line' id='line_1_52' title="bbox 511 3857 2099 3931; baseline -0.003 -15"><span class='ocrx_word' id='word_1_367' title='bbox 511 3861 758 3916; x_wconf 89' lang='lat' dir='ltr'><strong>monium</strong></span> <span class='ocrx_word' id='word_1_368' title='bbox 791 3859 1186 3931; x_wconf 85' lang='lat' dir='ltr'><strong>pervenissem,</strong></span> <span class='ocrx_word' id='word_1_369' title='bbox 1233 3859 1300 3913; x_wconf 92' lang='lat' dir='ltr'><strong>de</strong></span> <span class='ocrx_word' id='word_1_370' title='bbox 1346 3858 1583 3913; x_wconf 89' lang='lat' dir='ltr'><strong>ambone</strong></span> <span class='ocrx_word' id='word_1_371' title='bbox 1615 3857 1908 3923; x_wconf 88' lang='lat' dir='ltr'><strong>descendi,</strong></span> <span class='ocrx_word' id='word_1_372' title='bbox 1965 3857 2099 3912; x_wconf 86' lang='lat' dir='ltr'><strong>hora</strong></span> 
     </span>
    </p>
   </div>
   <div class='ocr_carea' id='block_1_53' title="bbox 510 3946 2102 4019">
    <p class='ocr_par' dir='ltr' id='par_1_53' title="bbox 510 3946 2102 4019">
     <span class='ocr_line' id='line_1_53' title="bbox 510 3946 2102 4019; baseline -0.004 -11"><span class='ocrx_word' id='word_1_373' title='bbox 510 3953 721 4010; x_wconf 78' lang='lat' dir='ltr'><strong>scilicet</strong></span> <span class='ocrx_word' id='word_1_374' title='bbox 751 3950 1022 4008; x_wconf 84' lang='lat' dir='ltr'><strong>sermonis</strong></span> <span class='ocrx_word' id='word_1_375' title='bbox 1051 3965 1276 4006; x_wconf 89' lang='lat' dir='ltr'><strong>cursum</strong></span> <span class='ocrx_word' id='word_1_376' title='bbox 1308 3950 1688 4019; x_wconf 89' lang='lat' dir='ltr'><strong>abrumpente.</strong></span> <span class='ocrx_word' id='word_1_377' title='bbox 1717 3946 1891 4003; x_wconf 85' lang='lat' dir='ltr'><strong>Hodie</strong></span> <span class='ocrx_word' id='word_1_378' title='bbox 1914 3948 2102 4018; x_wconf 90' lang='lat' dir='ltr'><strong>itaque</strong></span> 
     </span>
    </p>
   </div>
   <div class='ocr_carea' id='block_1_54' title="bbox 513 4039 2101 4114">
    <p class='ocr_par' dir='ltr' id='par_1_54' title="bbox 513 4039 2101 4114">
     <span class='ocr_line' id='line_1_54' title="bbox 513 4039 2101 4114; baseline -0.004 -14"><span class='ocrx_word' id='word_1_379' title='bbox 513 4059 794 4102; x_wconf 88' lang='lat' dir='ltr'><strong>resumere</strong></span> <span class='ocrx_word' id='word_1_380' title='bbox 831 4043 956 4099; x_wconf 86' lang='lat' dir='ltr'><strong>volo</strong></span> <span class='ocrx_word' id='word_1_381' title='bbox 1018 4045 1160 4114; x_wconf 88' lang='lat' dir='ltr'><strong>quod</strong></span> <span class='ocrx_word' id='word_1_382' title='bbox 1223 4041 1490 4113; x_wconf 89' lang='lat' dir='ltr'><strong>temporis</strong></span> <span class='ocrx_word' id='word_1_383' title='bbox 1533 4041 1806 4112; x_wconf 83' lang='lat' dir='ltr'><strong>angustiis</strong></span> <span class='ocrx_word' id='word_1_384' title='bbox 1847 4049 1976 4095; x_wconf 87' lang='lat' dir='ltr'><strong>tunc</strong></span> <span class='ocrx_word' id='word_1_385' title='bbox 2021 4039 2101 4094; x_wconf 84' lang='lat' dir='ltr'><strong>fui</strong></span> 
     </span>
    </p>
   </div>
   <div class='ocr_carea' id='block_1_55' title="bbox 510 4134 2097 4206">
    <p class='ocr_par' dir='ltr' id='par_1_55' title="bbox 510 4134 2097 4206">
     <span class='ocr_line' id='line_1_55' title="bbox 510 4134 2097 4206; baseline -0.002 -16"><span class='ocrx_word' id='word_1_386' title='bbox 510 4145 739 4193; x_wconf 84' lang='lat' dir='ltr'><strong>coactus</strong></span> <span class='ocrx_word' id='word_1_387' title='bbox 786 4137 1076 4198; x_wconf 89' lang='lat' dir='ltr'><strong>omittere,</strong></span> <span class='ocrx_word' id='word_1_388' title='bbox 1134 4144 1299 4206; x_wconf 88' lang='lat' dir='ltr'><strong>atque</strong></span> <span class='ocrx_word' id='word_1_389' title='bbox 1349 4134 1619 4190; x_wconf 85' lang='lat' dir='ltr'><strong>orationis</strong></span> <span class='ocrx_word' id='word_1_390' title='bbox 1671 4148 1807 4188; x_wconf 84' lang='lat' dir='ltr'><strong>meae</strong></span> <span class='ocrx_word' id='word_1_391' title='bbox 1845 4142 2097 4188; x_wconf 89' lang='lat' dir='ltr'><strong>catenam</strong></span> 
     </span>
    </p>
   </div>
   <div class='ocr_carea' id='block_1_56' title="bbox 509 4223 2099 4296">
    <p class='ocr_par' dir='ltr' id='par_1_56' title="bbox 509 4223 2099 4296">
     <span class='ocr_line' id='line_1_56' title="bbox 509 4223 2099 4296; baseline -0.003 -13"><span class='ocrx_word' id='word_1_392' title='bbox 509 4239 837 4285; x_wconf 85' lang='lat' dir='ltr'><strong>connectere</strong></span> <span class='ocrx_word' id='word_1_393' title='bbox 869 4228 1121 4292; x_wconf 86' lang='lat' dir='ltr'><strong>decrevi,</strong></span> <span class='ocrx_word' id='word_1_394' title='bbox 1176 4236 1237 4281; x_wconf 92' lang='lat' dir='ltr'><strong>ut</strong></span> <span class='ocrx_word' id='word_1_395' title='bbox 1269 4241 1368 4282; x_wconf 90' lang='lat' dir='ltr'><strong>vos</strong></span> <span class='ocrx_word' id='word_1_396' title='bbox 1409 4226 1553 4280; x_wconf 89' lang='lat' dir='ltr'><strong>hanc</strong></span> <span class='ocrx_word' id='word_1_397' title='bbox 1611 4225 1939 4296; x_wconf 84' lang='lat' dir='ltr'><strong>arripientes</strong></span> <span class='ocrx_word' id='word_1_398' title='bbox 1964 4265 1979 4288; x_wconf 90' lang='lat'><strong>,</strong></span> <span class='ocrx_word' id='word_1_399' title='bbox 2030 4223 2099 4279; x_wconf 91' lang='lat' dir='ltr'><strong>ad</strong></span> 
     </span>
    </p>
   </div>
   <div class='ocr_carea' id='block_1_57' title="bbox 513 4315 2059 4390">
    <p class='ocr_par' dir='ltr' id='par_1_57' title="bbox 513 4315 2059 4390">
     <span class='ocr_line' id='line_1_57' title="bbox 513 4315 2059 4390; baseline -0.004 -15"><span class='ocrx_word' id='word_1_400' title='bbox 513 4321 666 4375; x_wconf 90' lang='lat' dir='ltr'><strong>illum</strong></span> <span class='ocrx_word' id='word_1_401' title='bbox 700 4335 796 4390; x_wconf 86' lang='lat' dir='ltr'><strong>per</strong></span> <span class='ocrx_word' id='word_1_402' title='bbox 827 4335 948 4375; x_wconf 89' lang='lat' dir='ltr'><strong>eam</strong></span> <span class='ocrx_word' id='word_1_403' title='bbox 985 4317 1298 4376; x_wconf 86' lang='lat' dir='ltr'><strong>ascendatis</strong></span> <span class='ocrx_word' id='word_1_404' title='bbox 1331 4317 1424 4388; x_wconf 88' lang='lat' dir='ltr'><strong>qui</strong></span> <span class='ocrx_word' id='word_1_405' title='bbox 1462 4317 1614 4372; x_wconf 81' lang='lat' dir='ltr'><strong>faber</strong></span> <span class='ocrx_word' id='word_1_406' title='bbox 1649 4315 1896 4387; x_wconf 83' lang='lat' dir='ltr'><strong>ejusdem</strong></span> <span class='ocrx_word' id='word_1_407' title='bbox 1936 4315 2059 4370; x_wconf 91' lang='lat' dir='ltr'><strong>fuit.</strong></span> 
     </span>
    </p>
   </div>
   <div class='ocr_carea' id='block_1_58' title="bbox 582 4492 2102 4563">
    <p class='ocr_par' dir='ltr' id='par_1_58' title="bbox 582 4492 2102 4563">
     <span class='ocr_line' id='line_1_58' title="bbox 582 4492 2102 4563; baseline -0.001 -14"><span class='ocrx_word' id='word_1_408' title='bbox 582 4497 637 4549; x_wconf 77' lang='grc'><strong>2.</strong></span> <span class='ocrx_word' id='word_1_409' title='bbox 695 4494 794 4549; x_wconf 82' lang='lat' dir='ltr'><strong>Hic</strong></span> <span class='ocrx_word' id='word_1_410' title='bbox 845 4505 921 4548; x_wconf 78' lang='lat' dir='ltr'><strong>est</strong></span> <span class='ocrx_word' id='word_1_411' title='bbox 985 4493 1154 4550; x_wconf 79' lang='lat' dir='ltr'><strong>Filius</strong></span> <span class='ocrx_word' id='word_1_412' title='bbox 1216 4512 1361 4550; x_wconf 79' lang='lat' dir='ltr'><strong>meus</strong></span> <span class='ocrx_word' id='word_1_413' title='bbox 1419 4496 1666 4561; x_wconf 77' lang='lat' dir='ltr'><strong>dilectus,</strong></span> <span class='ocrx_word' id='word_1_414' title='bbox 1698 4492 1760 4548; x_wconf 70' lang='lat' dir='ltr'><strong>in</strong></span> <span class='ocrx_word' id='word_1_415' title='bbox 1811 4510 1916 4563; x_wconf 84' lang='lat' dir='ltr'><strong>quo</strong></span> <span class='ocrx_word' id='word_1_416' title='bbox 1968 4493 2102 4548; x_wconf 78' lang='lat' dir='ltr'><strong>mihi</strong></span> 
     </span>
    </p>
   </div>
   <div class='ocr_carea' id='block_1_59' title="bbox 513 4577 2097 4660">
    <p class='ocr_par' dir='ltr' id='par_1_59' title="bbox 513 4577 2097 4660">
     <span class='ocr_line' id='line_1_59' title="bbox 513 4577 2097 4660; baseline 0 -19"><span class='ocrx_word' id='word_1_417' title='bbox 513 4589 639 4643; x_wconf 70' lang='lat' dir='ltr'><strong>bene</strong></span> <span class='ocrx_word' id='word_1_418' title='bbox 659 4587 974 4658; x_wconf 80' lang='lat' dir='ltr'><strong>complacui.</strong></span> <span class='ocrx_word' id='word_1_419' title='bbox 1001 4587 1097 4643; x_wconf 89' lang='lat' dir='ltr'><strong>llic</strong></span> <span class='ocrx_word' id='word_1_420' title='bbox 1117 4598 1197 4644; x_wconf 88' lang='lat' dir='ltr'><strong>est</strong></span> <span class='ocrx_word' id='word_1_421' title='bbox 1212 4591 1302 4660; x_wconf 91' lang='lat' dir='ltr'><strong>qui</strong></span> <span class='ocrx_word' id='word_1_422' title='bbox 1326 4603 1538 4644; x_wconf 84' lang='lat' dir='ltr'><strong>mecum</strong></span> <span class='ocrx_word' id='word_1_423' title='bbox 1557 4577 1824 4659; x_wconf 84' lang='lat' dir='ltr'><strong>Spiritum</strong></span> <span class='ocrx_word' id='word_1_424' title='bbox 1849 4595 2097 4643; x_wconf 88' lang='lat' dir='ltr'><strong>sanctum</strong></span> 
     </span>
    </p>
   </div>
   <div class='ocr_carea' id='block_1_60' title="bbox 511 4677 2097 4749">
    <p class='ocr_par' dir='ltr' id='par_1_60' title="bbox 511 4677 2097 4749">
     <span class='ocr_line' id='line_1_60' title="bbox 511 4677 2097 4749; baseline -0.002 -15"><span class='ocrx_word' id='word_1_425' title='bbox 511 4679 667 4734; x_wconf 85' lang='lat' dir='ltr'><strong>misit</strong></span> <span class='ocrx_word' id='word_1_426' title='bbox 717 4694 879 4749; x_wconf 84' lang='lat' dir='ltr'><strong>supra</strong></span> <span class='ocrx_word' id='word_1_427' title='bbox 933 4679 1172 4748; x_wconf 82' lang='lat' dir='ltr'><strong>seipsum</strong></span> <span class='ocrx_word' id='word_1_428' title='bbox 1207 4699 1222 4735; x_wconf 89' lang='lat'><strong>:</strong></span> <span class='ocrx_word' id='word_1_429' title='bbox 1255 4680 1611 4749; x_wconf 87' lang='lat' dir='ltr'><strong>vicissimque</strong></span> <span class='ocrx_word' id='word_1_430' title='bbox 1664 4693 1827 4749; x_wconf 92' lang='lat' dir='ltr'><strong>quem</strong></span> <span class='ocrx_word' id='word_1_431' title='bbox 1870 4677 2097 4733; x_wconf 89' lang='lat' dir='ltr'><strong>miserat</strong></span> 
     </span>
    </p>
   </div>
   <div class='ocr_carea' id='block_1_61' title="bbox 515 4769 2096 4840">
    <p class='ocr_par' dir='ltr' id='par_1_61' title="bbox 515 4769 2096 4840">
     <span class='ocr_line' id='line_1_61' title="bbox 515 4769 2096 4840; baseline -0.001 -16"><span class='ocrx_word' id='word_1_432' title='bbox 515 4769 781 4840; x_wconf 88' lang='lat' dir='ltr'><strong>Spiritum</strong></span> <span class='ocrx_word' id='word_1_433' title='bbox 816 4770 870 4824; x_wconf 92' lang='lat' dir='ltr'><strong>in</strong></span> <span class='ocrx_word' id='word_1_434' title='bbox 903 4785 962 4825; x_wconf 87' lang='lat' dir='ltr'><strong>se</strong></span> <span class='ocrx_word' id='word_1_435' title='bbox 990 4772 1212 4840; x_wconf 90' lang='lat' dir='ltr'><strong>recepit.</strong></span> <span class='ocrx_word' id='word_1_436' title='bbox 1245 4770 1345 4826; x_wconf 83' lang='lat' dir='ltr'><strong>Hic</strong></span> <span class='ocrx_word' id='word_1_437' title='bbox 1379 4772 1470 4826; x_wconf 90' lang='lat' dir='ltr'><strong>ille</strong></span> <span class='ocrx_word' id='word_1_438' title='bbox 1507 4780 1592 4826; x_wconf 90' lang='lat' dir='ltr'><strong>est</strong></span> <span class='ocrx_word' id='word_1_439' title='bbox 1616 4779 1746 4827; x_wconf 87' lang='lat' dir='ltr'><strong>ante</strong></span> <span class='ocrx_word' id='word_1_440' title='bbox 1775 4769 1960 4824; x_wconf 88' lang='lat' dir='ltr'><strong>omnia</strong></span> <span class='ocrx_word' id='word_1_441' title='bbox 1993 4785 2096 4824; x_wconf 68' lang='lat' dir='ltr'><strong>sa:-</strong></span> 
     </span>
    </p>
   </div>
   <div class='ocr_carea' id='block_1_62' title="bbox 514 4860 2092 4932">
    <p class='ocr_par' dir='ltr' id='par_1_62' title="bbox 514 4860 2092 4932">
     <span class='ocr_line' id='line_1_62' title="bbox 514 4860 2092 4932; baseline -0.003 -16"><span class='ocrx_word' id='word_1_442' title='bbox 514 4861 640 4916; x_wconf 88' lang='lat' dir='ltr'><strong>cula</strong></span> <span class='ocrx_word' id='word_1_443' title='bbox 674 4876 740 4915; x_wconf 80' lang='lat' dir='ltr'><strong>ex</strong></span> <span class='ocrx_word' id='word_1_444' title='bbox 761 4876 846 4915; x_wconf 91' lang='lat' dir='ltr'><strong>me</strong></span> <span class='ocrx_word' id='word_1_445' title='bbox 874 4860 1121 4932; x_wconf 83' lang='lat' dir='ltr'><strong>genitus;</strong></span> <span class='ocrx_word' id='word_1_446' title='bbox 1142 4861 1376 4932; x_wconf 80' lang='lat' dir='ltr'><strong>genitus,</strong></span> <span class='ocrx_word' id='word_1_447' title='bbox 1413 4861 1662 4931; x_wconf 88' lang='lat' dir='ltr'><strong>inquam,</strong></span> <span class='ocrx_word' id='word_1_448' title='bbox 1693 4875 1803 4914; x_wconf 92' lang='lat' dir='ltr'><strong>non</strong></span> <span class='ocrx_word' id='word_1_449' title='bbox 1830 4867 2054 4927; x_wconf 82' lang='lat' dir='ltr'><strong>creatus</strong></span> <span class='ocrx_word' id='word_1_450' title='bbox 2080 4876 2092 4912; x_wconf 90' lang='lat'><strong>:</strong></span> 
     </span>
    </p>
   </div>
   <div class='ocr_carea' id='block_1_63' title="bbox 2204 2380 3766 2453">
    <p class='ocr_par' dir='ltr' id='par_1_63' title="bbox 2204 2380 3766 2453">
     <span class='ocr_line' id='line_1_63' title="bbox 2204 2380 3766 2453; baseline -0.001 -18"><span class='ocrx_word' id='word_1_451' title='bbox 2204 2380 2335 2452; x_wconf 80' lang='grc' dir='ltr'>περὶ</span> <span class='ocrx_word' id='word_1_452' title='bbox 2378 2383 2528 2453; x_wconf 76' lang='grc' dir='ltr'>ἡμᾶς</span> <span class='ocrx_word' id='word_1_453' title='bbox 2571 2381 2833 2453; x_wconf 69' lang='grc' dir='ltr'>στοργήν,</span> <span class='ocrx_word' id='word_1_454' title='bbox 2864 2380 3110 2451; x_wconf 62' lang='grc' dir='ltr'>ἔπεμψέν</span> <span class='ocrx_word' id='word_1_455' title='bbox 3142 2399 3236 2452; x_wconf 88' lang='grc' dir='ltr'><strong>μοι</strong></span> <span class='ocrx_word' id='word_1_456' title='bbox 3261 2381 3360 2434; x_wconf 80' lang='grc' dir='ltr'>τοῦ</span> <span class='ocrx_word' id='word_1_457' title='bbox 3383 2381 3545 2449; x_wconf 78' lang='grc' dir='ltr'>λόγου</span> <span class='ocrx_word' id='word_1_458' title='bbox 3577 2383 3634 2436; x_wconf 78' lang='grc' dir='ltr'>τὸ</span> <span class='ocrx_word' id='word_1_459' title='bbox 3658 2384 3766 2436; x_wconf 81' lang='grc' dir='ltr'>σύν-</span> 
     </span>
    </p>
   </div>
   <div class='ocr_carea' id='block_1_64' title="bbox 2201 2473 3765 2546">
    <p class='ocr_par' dir='ltr' id='par_1_64' title="bbox 2201 2473 3765 2546">
     <span class='ocr_line' id='line_1_64' title="bbox 2201 2473 3765 2546; baseline 0 -19"><span class='ocrx_word' id='word_1_460' title='bbox 2201 2473 2363 2544; x_wconf 91' lang='grc' dir='ltr'>θεμα,</span> <span class='ocrx_word' id='word_1_461' title='bbox 2409 2473 2507 2527; x_wconf 69' lang='grc' dir='ltr'><strong>καὶ</strong></span> <span class='ocrx_word' id='word_1_462' title='bbox 2549 2474 2649 2545; x_wconf 78' lang='grc' dir='ltr'><strong>τὴν</strong></span> <span class='ocrx_word' id='word_1_463' title='bbox 2679 2475 3060 2545; x_wconf 71' lang='grc' dir='ltr'><strong>γεγενημένην</strong></span> <span class='ocrx_word' id='word_1_464' title='bbox 3095 2474 3162 2528; x_wconf 84' lang='grc' dir='ltr'><strong>δι’</strong></span> <span class='ocrx_word' id='word_1_465' title='bbox 3203 2474 3303 2544; x_wconf 83' lang='grc' dir='ltr'><strong>ἐμὲ</strong></span> <span class='ocrx_word' id='word_1_466' title='bbox 3339 2476 3472 2546; x_wconf 81' lang='grc' dir='ltr'>παρ’</span> <span class='ocrx_word' id='word_1_467' title='bbox 3512 2474 3660 2544; x_wconf 67' lang='grc' dir='ltr'>ὑμῶν</span> <span class='ocrx_word' id='word_1_468' title='bbox 3699 2478 3765 2536; x_wconf 76' lang='grc' dir='ltr'>εἰς</span> 
     </span>
    </p>
   </div>
   <div class='ocr_carea' id='block_1_65' title="bbox 2199 2564 3762 2638">
    <p class='ocr_par' dir='ltr' id='par_1_65' title="bbox 2199 2564 3762 2638">
     <span class='ocr_line' id='line_1_65' title="bbox 2199 2564 3762 2638; baseline -0.001 -19"><span class='ocrx_word' id='word_1_469' title='bbox 2199 2567 2364 2620; x_wconf 80' lang='grc' dir='ltr'>αὐτὸν</span> <span class='ocrx_word' id='word_1_470' title='bbox 2421 2566 2697 2636; x_wconf 64' lang='grc' dir='ltr'>εὐφημίαν</span> <span class='ocrx_word' id='word_1_471' title='bbox 2729 2565 3003 2636; x_wconf 64' lang='grc' dir='ltr'>ἠμείψατο</span> <span class='ocrx_word' id='word_1_472' title='bbox 3044 2568 3110 2636; x_wconf 82' lang='grc' dir='ltr'>τῇ</span> <span class='ocrx_word' id='word_1_473' title='bbox 3156 2564 3412 2638; x_wconf 75' lang='grc' dir='ltr'><strong>παρούσῃ</strong></span> <span class='ocrx_word' id='word_1_474' title='bbox 3451 2566 3762 2636; x_wconf 68' lang='grc' dir='ltr'>δημηγορίᾳ,</span> 
     </span>
    </p>
   </div>
   <div class='ocr_carea' id='block_1_66' title="bbox 2200 2657 3769 2728">
    <p class='ocr_par' dir='ltr' id='par_1_66' title="bbox 2200 2657 3769 2728">
     <span class='ocr_line' id='line_1_66' title="bbox 2200 2657 3769 2728; baseline -0.002 -16"><span class='ocrx_word' id='word_1_475' title='bbox 2200 2658 2392 2727; x_wconf 80' lang='grc' dir='ltr'><strong>κέρδος</strong></span> <span class='ocrx_word' id='word_1_476' title='bbox 2421 2660 2619 2712; x_wconf 71' lang='grc' dir='ltr'>οἰκεῖον</span> <span class='ocrx_word' id='word_1_477' title='bbox 2649 2657 2951 2728; x_wconf 80' lang='grc' dir='ltr'>ἡγούμενος</span> <span class='ocrx_word' id='word_1_478' title='bbox 2990 2658 3098 2712; x_wconf 83' lang='grc' dir='ltr'><strong>τῶν</strong></span> <span class='ocrx_word' id='word_1_479' title='bbox 3128 2658 3293 2712; x_wconf 80' lang='grc' dir='ltr'>αὑτοῦ</span> <span class='ocrx_word' id='word_1_480' title='bbox 3328 2659 3536 2712; x_wconf 84' lang='grc' dir='ltr'>τέκνων</span> <span class='ocrx_word' id='word_1_481' title='bbox 3571 2659 3631 2713; x_wconf 76' lang='grc' dir='ltr'>τὸ</span> <span class='ocrx_word' id='word_1_482' title='bbox 3660 2658 3769 2724; x_wconf 53' lang='grc' dir='ltr'>ὅτε·</span> 
     </span>
    </p>
   </div>
   <div class='ocr_carea' id='block_1_67' title="bbox 2199 2749 3770 2822">
    <p class='ocr_par' dir='ltr' id='par_1_67' title="bbox 2199 2749 3770 2822">
     <span class='ocr_line' id='line_1_67' title="bbox 2199 2749 3770 2822; baseline -0.001 -19"><span class='ocrx_word' id='word_1_483' title='bbox 2199 2751 2310 2814; x_wconf 83' lang='grc' dir='ltr'>λος’</span> <span class='ocrx_word' id='word_1_484' title='bbox 2359 2749 2471 2818; x_wconf 76' lang='grc' dir='ltr'><strong>ἐγὼ</strong></span> <span class='ocrx_word' id='word_1_485' title='bbox 2510 2751 2567 2804; x_wconf 85' lang='grc' dir='ltr'>δὲ</span> <span class='ocrx_word' id='word_1_486' title='bbox 2617 2750 2827 2822; x_wconf 85' lang='grc' dir='ltr'>χαίρων</span> <span class='ocrx_word' id='word_1_487' title='bbox 2866 2750 3133 2820; x_wconf 74' lang='grc' dir='ltr'><strong>ἐδεξάμην</strong></span> <span class='ocrx_word' id='word_1_488' title='bbox 3177 2751 3277 2820; x_wconf 77' lang='grc' dir='ltr'>τὴν</span> <span class='ocrx_word' id='word_1_489' title='bbox 3327 2749 3663 2820; x_wconf 77' lang='grc' dir='ltr'>προτροπὴν,</span> <span class='ocrx_word' id='word_1_490' title='bbox 3687 2749 3770 2802; x_wconf 75' lang='grc' dir='ltr'>καὶ</span> 
     </span>
    </p>
   </div>
   <div class='ocr_carea' id='block_1_68' title="bbox 2203 2842 3775 2915">
    <p class='ocr_par' dir='ltr' id='par_1_68' title="bbox 2203 2842 3775 2915">
     <span class='ocr_line' id='line_1_68' title="bbox 2203 2842 3775 2915; baseline -0.001 -20"><span class='ocrx_word' id='word_1_491' title='bbox 2203 2842 2422 2914; x_wconf 68' lang='grc' dir='ltr'>θαρρῶν</span> <span class='ocrx_word' id='word_1_492' title='bbox 2449 2843 2611 2896; x_wconf 84' lang='grc' dir='ltr'>πάλιν</span> <span class='ocrx_word' id='word_1_493' title='bbox 2636 2843 2694 2896; x_wconf 80' lang='grc' dir='ltr'>ὲν</span> <span class='ocrx_word' id='word_1_494' title='bbox 2721 2844 2851 2914; x_wconf 83' lang='grc' dir='ltr'>ὑμῖν</span> <span class='ocrx_word' id='word_1_495' title='bbox 2870 2844 3073 2913; x_wconf 79' lang='grc' dir='ltr'>ἀφίημι</span> <span class='ocrx_word' id='word_1_496' title='bbox 3103 2844 3202 2915; x_wconf 83' lang='grc' dir='ltr'><strong>τὴν</strong></span> <span class='ocrx_word' id='word_1_497' title='bbox 3233 2844 3444 2914; x_wconf 74' lang='grc' dir='ltr'>φωνὴν,</span> <span class='ocrx_word' id='word_1_498' title='bbox 3470 2845 3563 2897; x_wconf 75' lang='grc' dir='ltr'><strong>καὶ</strong></span> <span class='ocrx_word' id='word_1_499' title='bbox 3591 2843 3775 2912; x_wconf 86' lang='grc' dir='ltr'>πρόθυ-</span> 
     </span>
    </p>
   </div>
   <div class='ocr_carea' id='block_1_69' title="bbox 2205 2935 3776 3009">
    <p class='ocr_par' dir='ltr' id='par_1_69' title="bbox 2205 2935 3776 3009">
     <span class='ocr_line' id='line_1_69' title="bbox 2205 2935 3776 3009; baseline -0.001 -19"><span class='ocrx_word' id='word_1_500' title='bbox 2205 2939 2306 3008; x_wconf 88' lang='grc' dir='ltr'><strong>μός</strong></span> <span class='ocrx_word' id='word_1_501' title='bbox 2337 2939 2453 3008; x_wconf 77' lang='grc' dir='ltr'>εἰμι</span> <span class='ocrx_word' id='word_1_502' title='bbox 2483 2938 2591 2990; x_wconf 86' lang='grc' dir='ltr'><strong>τῶν</strong></span> <span class='ocrx_word' id='word_1_503' title='bbox 2620 2937 2905 3008; x_wconf 81' lang='grc' dir='ltr'>προτέρων</span> <span class='ocrx_word' id='word_1_504' title='bbox 2937 2937 3114 3003; x_wconf 86' lang='grc' dir='ltr'>λόγων</span> <span class='ocrx_word' id='word_1_505' title='bbox 3141 2937 3442 2992; x_wconf 80' lang='grc' dir='ltr'>ἀποδοῦναι</span> <span class='ocrx_word' id='word_1_506' title='bbox 3470 2937 3570 3009; x_wconf 74' lang='grc' dir='ltr'><strong>τὴν</strong></span> <span class='ocrx_word' id='word_1_507' title='bbox 3601 2935 3776 2990; x_wconf 80' lang='grc' dir='ltr'>σύντα-</span> 
     </span>
    </p>
   </div>
   <div class='ocr_carea' id='block_1_70' title="bbox 2205 3028 3780 3101">
    <p class='ocr_par' dir='ltr' id='par_1_70' title="bbox 2205 3028 3780 3101">
     <span class='ocr_line' id='line_1_70' title="bbox 2205 3028 3780 3101; baseline -0.001 -19"><span class='ocrx_word' id='word_1_508' title='bbox 2205 3029 2287 3094; x_wconf 83' lang='grc' dir='ltr'><strong>ξιν</strong></span> <span class='ocrx_word' id='word_1_509' title='bbox 2323 3029 2390 3100; x_wconf 71' lang='grc' dir='ltr'>ἣν</span> <span class='ocrx_word' id='word_1_510' title='bbox 2427 3029 2705 3100; x_wconf 81' lang='grc' dir='ltr'>βούλεσθε.</span> <span class='ocrx_word' id='word_1_511' title='bbox 2763 3028 3050 3093; x_wconf 80' lang='grc' dir='ltr'>’Υπέδειξα</span> <span class='ocrx_word' id='word_1_512' title='bbox 3095 3029 3205 3101; x_wconf 79' lang='grc' dir='ltr'><strong>γὰρ</strong></span> <span class='ocrx_word' id='word_1_513' title='bbox 3258 3030 3392 3098; x_wconf 83' lang='grc' dir='ltr'>ὑμῖν</span> <span class='ocrx_word' id='word_1_514' title='bbox 3431 3033 3499 3100; x_wconf 82' lang='grc' dir='ltr'>τῇ</span> <span class='ocrx_word' id='word_1_515' title='bbox 3555 3028 3780 3100; x_wconf 72' lang='grc' dir='ltr'>προτέρᾳ</span> 
     </span>
    </p>
   </div>
   <div class='ocr_carea' id='block_1_71' title="bbox 2206 3121 3780 3193">
    <p class='ocr_par' dir='ltr' id='par_1_71' title="bbox 2206 3121 3780 3193">
     <span class='ocr_line' id='line_1_71' title="bbox 2206 3121 3780 3193; baseline -0.001 -19"><span class='ocrx_word' id='word_1_516' title='bbox 2206 3121 2465 3193; x_wconf 85' lang='grc' dir='ltr'>Κυριακῇ</span> <span class='ocrx_word' id='word_1_517' title='bbox 2497 3122 2590 3174; x_wconf 80' lang='grc' dir='ltr'>τὸν</span> <span class='ocrx_word' id='word_1_518' title='bbox 2620 3123 2663 3174; x_wconf 88' lang='grc' dir='ltr'>Χ</span> <span class='ocrx_word' id='word_1_519' title='bbox 2675 3122 2857 3191; x_wconf 72' lang='grc' dir='ltr'>ριστὸν</span> <span class='ocrx_word' id='word_1_520' title='bbox 2884 3121 3024 3192; x_wconf 86' lang='grc' dir='ltr'><strong>μετὰ</strong></span> <span class='ocrx_word' id='word_1_521' title='bbox 3051 3123 3158 3176; x_wconf 85' lang='grc' dir='ltr'>τῶν</span> <span class='ocrx_word' id='word_1_522' title='bbox 3189 3121 3399 3176; x_wconf 82' lang='grc' dir='ltr'>δούλων</span> <span class='ocrx_word' id='word_1_523' title='bbox 3433 3122 3597 3175; x_wconf 81' lang='grc' dir='ltr'>αὑτοῦ</span> <span class='ocrx_word' id='word_1_524' title='bbox 3629 3137 3780 3190; x_wconf 84' lang='grc' dir='ltr'>προσ·</span> 
     </span>
    </p>
   </div>
   <div class='ocr_carea' id='block_1_72' title="bbox 2205 3215 3780 3288">
    <p class='ocr_par' dir='ltr' id='par_1_72' title="bbox 2205 3215 3780 3288">
     <span class='ocr_line' id='line_1_72' title="bbox 2205 3215 3780 3288; baseline -0.001 -20"><span class='ocrx_word' id='word_1_525' title='bbox 2205 3216 2502 3288; x_wconf 87' lang='grc' dir='ltr'>ερχόμενον</span> <span class='ocrx_word' id='word_1_526' title='bbox 2539 3215 2619 3287; x_wconf 83' lang='grc' dir='ltr'>τῷ</span> <span class='ocrx_word' id='word_1_527' title='bbox 2657 3215 3018 3287; x_wconf 81' lang='grc' dir='ltr'>βαπτίσματι⁶</span> <span class='ocrx_word' id='word_1_528' title='bbox 3048 3215 3166 3271; x_wconf 84' lang='grc' dir='ltr'>εἶτα</span> <span class='ocrx_word' id='word_1_529' title='bbox 3195 3217 3283 3270; x_wconf 79' lang='grc' dir='ltr'>τδν</span> <span class='ocrx_word' id='word_1_530' title='bbox 3315 3216 3633 3287; x_wconf 77' lang='grc' dir='ltr'>Βαπτιστην</span> <span class='ocrx_word' id='word_1_531' title='bbox 3675 3217 3780 3268; x_wconf 74' lang='grc' dir='ltr'>ἔπι·</span> 
     </span>
    </p>
   </div>
   <div class='ocr_carea' id='block_1_73' title="bbox 2205 3307 3779 3380">
    <p class='ocr_par' dir='ltr' id='par_1_73' title="bbox 2205 3307 3779 3380">
     <span class='ocr_line' id='line_1_73' title="bbox 2205 3307 3779 3380; baseline -0.002 -18"><span class='ocrx_word' id='word_1_532' title='bbox 2205 3307 2401 3377; x_wconf 80' lang='grc' dir='ltr'>γνόντα</span> <span class='ocrx_word' id='word_1_533' title='bbox 2438 3307 2529 3360; x_wconf 72' lang='grc' dir='ltr'>τὸν</span> <span class='ocrx_word' id='word_1_534' title='bbox 2555 3307 2920 3376; x_wconf 77' lang='grc' dir='ltr'>προσελθόντα</span> <span class='ocrx_word' id='word_1_535' title='bbox 2953 3309 3250 3380; x_wconf 86' lang='grc' dir='ltr'>Δεσπότην,</span> <span class='ocrx_word' id='word_1_536' title='bbox 3290 3309 3388 3362; x_wconf 76' lang='grc' dir='ltr'><strong>καὶ</strong></span> <span class='ocrx_word' id='word_1_537' title='bbox 3421 3307 3779 3378; x_wconf 83' lang='grc' dir='ltr'>παραιτούμε-</span> 
     </span>
    </p>
   </div>
   <div class='ocr_carea' id='block_1_74' title="bbox 2203 3395 3775 3469">
    <p class='ocr_par' dir='ltr' id='par_1_74' title="bbox 2203 3395 3775 3469">
     <span class='ocr_line' id='line_1_74' title="bbox 2203 3395 3775 3469; baseline 0.001 -19"><span class='ocrx_word' id='word_1_538' title='bbox 2203 3414 2294 3450; x_wconf 91' lang='grc' dir='ltr'><strong>νον</strong></span> <span class='ocrx_word' id='word_1_539' title='bbox 2329 3396 2513 3450; x_wconf 87' lang='grc' dir='ltr'>δοῦναι</span> <span class='ocrx_word' id='word_1_540' title='bbox 2549 3397 2610 3450; x_wconf 78' lang='grc' dir='ltr'><strong>τὸ</strong></span> <span class='ocrx_word' id='word_1_541' title='bbox 2646 3395 2933 3467; x_wconf 78' lang='grc' dir='ltr'>βάπτισμα</span> <span class='ocrx_word' id='word_1_542' title='bbox 2961 3397 3038 3468; x_wconf 85' lang='grc' dir='ltr'>τῷ</span> <span class='ocrx_word' id='word_1_543' title='bbox 3071 3398 3326 3451; x_wconf 82' lang='grc' dir='ltr'><strong>δεδωκότι</strong></span> <span class='ocrx_word' id='word_1_544' title='bbox 3371 3397 3436 3451; x_wconf 79' lang='grc' dir='ltr'><strong>τὸ</strong></span> <span class='ocrx_word' id='word_1_545' title='bbox 3486 3398 3775 3469; x_wconf 67' lang='grc' dir='ltr'>βάπτισμα.</span> 
     </span>
    </p>
   </div>
   <div class='ocr_carea' id='block_1_75' title="bbox 2207 3486 3781 3560">
    <p class='ocr_par' dir='ltr' id='par_1_75' title="bbox 2207 3486 3781 3560">
     <span class='ocr_line' id='line_1_75' title="bbox 2207 3486 3781 3560; baseline 0 -20"><span class='ocrx_word' id='word_1_546' title='bbox 2207 3486 2478 3559; x_wconf 76' lang='grc' dir='ltr'>’Υστερον</span> <span class='ocrx_word' id='word_1_547' title='bbox 2529 3487 2586 3541; x_wconf 85' lang='grc' dir='ltr'><strong>δὲ</strong></span> <span class='ocrx_word' id='word_1_548' title='bbox 2634 3486 2734 3558; x_wconf 81' lang='grc' dir='ltr'><strong>τὴν</strong></span> <span class='ocrx_word' id='word_1_549' title='bbox 2766 3488 3045 3542; x_wconf 81' lang='grc' dir='ltr'>διακονίαν</span> <span class='ocrx_word' id='word_1_550' title='bbox 3082 3491 3182 3560; x_wconf 87' lang='grc' dir='ltr'>τῆς</span> <span class='ocrx_word' id='word_1_551' title='bbox 3215 3490 3541 3559; x_wconf 75' lang='grc' dir='ltr'>οἰκονομίας</span> <span class='ocrx_word' id='word_1_552' title='bbox 3576 3489 3781 3560; x_wconf 72' lang='grc' dir='ltr'>πληρὼο</span> 
     </span>
    </p>
   </div>
   <div class='ocr_carea' id='block_1_76' title="bbox 2211 3579 3784 3654">
    <p class='ocr_par' dir='ltr' id='par_1_76' title="bbox 2211 3579 3784 3654">
     <span class='ocr_line' id='line_1_76' title="bbox 2211 3579 3784 3654; baseline 0.001 -22"><span class='ocrx_word' id='word_1_553' title='bbox 2211 3596 2384 3633; x_wconf 88' lang='grc' dir='ltr'>σαντα</span> <span class='ocrx_word' id='word_1_554' title='bbox 2415 3580 2503 3633; x_wconf 79' lang='grc' dir='ltr'><strong>διὰ</strong></span> <span class='ocrx_word' id='word_1_555' title='bbox 2523 3579 2584 3632; x_wconf 70' lang='grc' dir='ltr'>τὸ</span> <span class='ocrx_word' id='word_1_556' title='bbox 2610 3579 2703 3632; x_wconf 80' lang='grc' dir='ltr'>τοῦ</span> <span class='ocrx_word' id='word_1_557' title='bbox 2724 3580 2978 3652; x_wconf 83' lang='grc' dir='ltr'>Σωτῆρος</span> <span class='ocrx_word' id='word_1_558' title='bbox 3001 3581 3302 3652; x_wconf 77' lang='grc' dir='ltr'>ἐπίταγμα.</span> <span class='ocrx_word' id='word_1_559' title='bbox 3351 3582 3682 3654; x_wconf 71' lang='grc' dir='ltr'>’Υπέγραψα</span> <span class='ocrx_word' id='word_1_560' title='bbox 3706 3582 3784 3634; x_wconf 71' lang='grc' dir='ltr'>τὸν</span> 
     </span>
    </p>
   </div>
   <div class='ocr_carea' id='block_1_77' title="bbox 2208 3668 3784 3744">
    <p class='ocr_par' dir='ltr' id='par_1_77' title="bbox 2208 3668 3784 3744">
     <span class='ocr_line' id='line_1_77' title="bbox 2208 3668 3784 3744; baseline 0.001 -23"><span class='ocrx_word' id='word_1_561' title='bbox 2208 3668 2344 3722; x_wconf 83' lang='grc' dir='ltr'>Θεὸν</span> <span class='ocrx_word' id='word_1_562' title='bbox 2377 3669 2471 3722; x_wconf 78' lang='grc' dir='ltr'><strong>καὶ</strong></span> <span class='ocrx_word' id='word_1_563' title='bbox 2501 3669 2725 3740; x_wconf 84' lang='grc' dir='ltr'>Πατέρα</span> <span class='ocrx_word' id='word_1_564' title='bbox 2766 3670 2861 3724; x_wconf 79' lang='grc' dir='ltr'>τοῦ</span> <span class='ocrx_word' id='word_1_565' title='bbox 2901 3672 3108 3741; x_wconf 81' lang='grc' dir='ltr'>Κυρίου</span> <span class='ocrx_word' id='word_1_566' title='bbox 3140 3672 3296 3743; x_wconf 78' lang='grc' dir='ltr'>ἡμῶν</span> <span class='ocrx_word' id='word_1_567' title='bbox 3340 3673 3525 3744; x_wconf 82' lang='grc' dir='ltr'>Ἰησοῦ</span> <span class='ocrx_word' id='word_1_568' title='bbox 3561 3669 3784 3744; x_wconf 79' lang='grc' dir='ltr'>Χριστοῦ</span> 
     </span>
    </p>
   </div>
   <div class='ocr_carea' id='block_1_78' title="bbox 2205 3759 3788 3834">
    <p class='ocr_par' dir='ltr' id='par_1_78' title="bbox 2205 3759 3788 3834">
     <span class='ocr_line' id='line_1_78' title="bbox 2205 3759 3788 3834; baseline 0.001 -20"><span class='ocrx_word' id='word_1_569' title='bbox 2205 3760 2495 3832; x_wconf 77' lang='grc' dir='ltr'>οὐρανόθεν</span> <span class='ocrx_word' id='word_1_570' title='bbox 2537 3761 2865 3817; x_wconf 67' lang='grc' dir='ltr'>ἐπιϐοῶνται</span> <span class='ocrx_word' id='word_1_571' title='bbox 2910 3759 3100 3828; x_wconf 84' lang='grc' dir='ltr'>Οὗτός</span> <span class='ocrx_word' id='word_1_572' title='bbox 3129 3765 3302 3817; x_wconf 82' lang='grc' dir='ltr'>ἐστιν</span> <span class='ocrx_word' id='word_1_573' title='bbox 3356 3767 3392 3819; x_wconf 83' lang='grc' dir='ltr'><em>ὀ</em></span> <span class='ocrx_word' id='word_1_574' title='bbox 3431 3765 3570 3831; x_wconf 76' lang='grc' dir='ltr'>Υἱός</span> <span class='ocrx_word' id='word_1_575' title='bbox 3605 3781 3719 3834; x_wconf 84' lang='grc' dir='ltr'><strong>μου</strong></span> <span class='ocrx_word' id='word_1_576' title='bbox 3759 3765 3788 3816; x_wconf 86' lang='grc' dir='ltr'><strong>ό</strong></span> 
     </span>
    </p>
   </div>
   <div class='ocr_carea' id='block_1_79' title="bbox 2203 3845 3790 3928">
    <p class='ocr_par' dir='ltr' id='par_1_79' title="bbox 2203 3845 3790 3928">
     <span class='ocr_line' id='line_1_79' title="bbox 2203 3845 3790 3928; baseline 0.002 -21"><span class='ocrx_word' id='word_1_577' title='bbox 2203 3853 2514 3922; x_wconf 75' lang='grc' dir='ltr'>ἀγαπητὸς</span> <span class='ocrx_word' id='word_1_578' title='bbox 2547 3853 2618 3906; x_wconf 84' lang='grc' dir='ltr'><strong>ἐν</strong></span> <span class='ocrx_word' id='word_1_579' title='bbox 2649 3845 2697 3920; x_wconf 80' lang='grc' dir='ltr'><strong>ὦ</strong></span> <span class='ocrx_word' id='word_1_580' title='bbox 2737 3853 3067 3922; x_wconf 84' lang='grc' dir='ltr'>εὐδόκησα.</span> <span class='ocrx_word' id='word_1_581' title='bbox 3115 3855 3228 3909; x_wconf 74' lang='grc' dir='ltr'><strong>Καὶ</strong></span> <span class='ocrx_word' id='word_1_582' title='bbox 3255 3855 3426 3928; x_wconf 85' lang='grc' dir='ltr'>μέχρι</span> <span class='ocrx_word' id='word_1_583' title='bbox 3463 3856 3668 3926; x_wconf 78' lang='grc' dir='ltr'>ταύτης</span> <span class='ocrx_word' id='word_1_584' title='bbox 3702 3854 3790 3924; x_wconf 82' lang='grc' dir='ltr'>τῆς</span> 
     </span>
    </p>
   </div>
   <div class='ocr_carea' id='block_1_80' title="bbox 2207 3943 3791 4017">
    <p class='ocr_par' dir='ltr' id='par_1_80' title="bbox 2207 3943 3791 4017">
     <span class='ocr_line' id='line_1_80' title="bbox 2207 3943 3791 4017; baseline 0.002 -22"><span class='ocrx_word' id='word_1_585' title='bbox 2207 3943 2515 4015; x_wconf 85' lang='grc' dir='ltr'>μαρτυρίας</span> <span class='ocrx_word' id='word_1_586' title='bbox 2562 3944 3028 4016; x_wconf 81' lang='grc' dir='ltr'>παραγενόμενος,</span> <span class='ocrx_word' id='word_1_587' title='bbox 3072 3946 3312 4017; x_wconf 83' lang='grc' dir='ltr'>κατέϐην</span> <span class='ocrx_word' id='word_1_588' title='bbox 3354 3947 3470 4002; x_wconf 83' lang='grc' dir='ltr'>ἀπὸ</span> <span class='ocrx_word' id='word_1_589' title='bbox 3500 3945 3595 4000; x_wconf 79' lang='grc' dir='ltr'>τοῦ</span> <span class='ocrx_word' id='word_1_590' title='bbox 3627 3947 3791 4017; x_wconf 83' lang='grc' dir='ltr'>βήμα-</span> 
     </span>
    </p>
   </div>
   <div class='ocr_carea' id='block_1_81' title="bbox 2203 4035 3793 4110">
    <p class='ocr_par' dir='ltr' id='par_1_81' title="bbox 2203 4035 3793 4110">
     <span class='ocr_line' id='line_1_81' title="bbox 2203 4035 3793 4110; baseline 0.001 -22"><span class='ocrx_word' id='word_1_591' title='bbox 2203 4052 2316 4100; x_wconf 86' lang='grc' dir='ltr'>τος,</span> <span class='ocrx_word' id='word_1_592' title='bbox 2343 4036 2439 4106; x_wconf 82' lang='grc' dir='ltr'>τῆς</span> <span class='ocrx_word' id='word_1_593' title='bbox 2465 4035 2614 4106; x_wconf 83' lang='grc' dir='ltr'>ὧρας</span> <span class='ocrx_word' id='word_1_594' title='bbox 2639 4035 2952 4108; x_wconf 75' lang='grc' dir='ltr'>ὲκκοψάσης</span> <span class='ocrx_word' id='word_1_595' title='bbox 2982 4037 3078 4090; x_wconf 78' lang='grc' dir='ltr'>τοῦ</span> <span class='ocrx_word' id='word_1_596' title='bbox 3109 4038 3267 4106; x_wconf 81' lang='grc' dir='ltr'>λόγου</span> <span class='ocrx_word' id='word_1_597' title='bbox 3299 4038 3398 4092; x_wconf 74' lang='grc' dir='ltr'>τὸν</span> <span class='ocrx_word' id='word_1_598' title='bbox 3425 4039 3648 4110; x_wconf 86' lang='grc' dir='ltr'>δρόμον.</span> <span class='ocrx_word' id='word_1_599' title='bbox 3675 4037 3793 4092; x_wconf 84' lang='grc' dir='ltr'><strong>Βού-</strong></span> 
     </span>
    </p>
   </div>
   <div class='ocr_carea' id='block_1_82' title="bbox 2204 4123 3793 4203">
    <p class='ocr_par' dir='ltr' id='par_1_82' title="bbox 2204 4123 3793 4203">
     <span class='ocr_line' id='line_1_82' title="bbox 2204 4123 3793 4203; baseline 0.002 -24"><span class='ocrx_word' id='word_1_600' title='bbox 2204 4127 2370 4198; x_wconf 86' lang='grc' dir='ltr'>λομαι</span> <span class='ocrx_word' id='word_1_601' title='bbox 2403 4123 2495 4181; x_wconf 82' lang='grc' dir='ltr'><strong>οὖν</strong></span> <span class='ocrx_word' id='word_1_602' title='bbox 2525 4130 2766 4200; x_wconf 82' lang='grc' dir='ltr'>σήμερον</span> <span class='ocrx_word' id='word_1_603' title='bbox 2797 4129 3090 4184; x_wconf 83' lang='grc' dir='ltr'>ἀναλαϐεῖν</span> <span class='ocrx_word' id='word_1_604' title='bbox 3114 4131 3252 4202; x_wconf 84' lang='grc' dir='ltr'>ὅπερ</span> <span class='ocrx_word' id='word_1_605' title='bbox 3278 4131 3404 4186; x_wconf 81' lang='grc' dir='ltr'>τότε</span> <span class='ocrx_word' id='word_1_606' title='bbox 3435 4131 3528 4187; x_wconf 81' lang='grc' dir='ltr'><strong>διὰ</strong></span> <span class='ocrx_word' id='word_1_607' title='bbox 3561 4133 3659 4203; x_wconf 79' lang='grc' dir='ltr'><strong>τὴν</strong></span> <span class='ocrx_word' id='word_1_608' title='bbox 3683 4148 3793 4183; x_wconf 86' lang='grc' dir='ltr'>στε-</span> 
     </span>
    </p>
   </div>
   <div class='ocr_carea' id='block_1_83' title="bbox 2203 4220 3793 4294">
    <p class='ocr_par' dir='ltr' id='par_1_83' title="bbox 2203 4220 3793 4294">
     <span class='ocr_line' id='line_1_83' title="bbox 2203 4220 3793 4294; baseline 0.001 -21"><span class='ocrx_word' id='word_1_609' title='bbox 2203 4220 2473 4291; x_wconf 85' lang='grc' dir='ltr'>νοχωρίαν</span> <span class='ocrx_word' id='word_1_610' title='bbox 2528 4221 2889 4294; x_wconf 78' lang='grc' dir='ltr'>ἠναγκάσθην</span> <span class='ocrx_word' id='word_1_611' title='bbox 2948 4223 3292 4288; x_wconf 80' lang='grc' dir='ltr'>καταλιπεῖν,</span> <span class='ocrx_word' id='word_1_612' title='bbox 3343 4225 3444 4278; x_wconf 77' lang='grc' dir='ltr'><strong>καὶ</strong></span> <span class='ocrx_word' id='word_1_613' title='bbox 3502 4225 3643 4278; x_wconf 83' lang='grc' dir='ltr'>θέλω</span> <span class='ocrx_word' id='word_1_614' title='bbox 3681 4241 3793 4277; x_wconf 73' lang='grc' dir='ltr'>συν-</span> 
     </span>
    </p>
   </div>
   <div class='ocr_carea' id='block_1_84' title="bbox 2204 4309 3795 4389">
    <p class='ocr_par' dir='ltr' id='par_1_84' title="bbox 2204 4309 3795 4389">
     <span class='ocr_line' id='line_1_84' title="bbox 2204 4309 3795 4389; baseline 0.003 -26"><span class='ocrx_word' id='word_1_615' title='bbox 2204 4310 2340 4378; x_wconf 75' lang='grc' dir='ltr'>άψαι</span> <span class='ocrx_word' id='word_1_616' title='bbox 2389 4310 2465 4380; x_wconf 84' lang='grc' dir='ltr'>τῷ</span> <span class='ocrx_word' id='word_1_617' title='bbox 2514 4309 2660 4380; x_wconf 82' lang='grc' dir='ltr'>λόγῳ</span> <span class='ocrx_word' id='word_1_618' title='bbox 2697 4312 2797 4383; x_wconf 80' lang='grc' dir='ltr'><strong>τὴν</strong></span> <span class='ocrx_word' id='word_1_619' title='bbox 2845 4313 3058 4378; x_wconf 74' lang='grc' dir='ltr'>ἅλυσιν,</span> <span class='ocrx_word' id='word_1_620' title='bbox 3093 4315 3181 4368; x_wconf 75' lang='grc' dir='ltr'>ἵνα</span> <span class='ocrx_word' id='word_1_621' title='bbox 3226 4315 3440 4388; x_wconf 79' lang='grc' dir='ltr'>ταύτην</span> <span class='ocrx_word' id='word_1_622' title='bbox 3492 4317 3795 4389; x_wconf 82' lang='grc' dir='ltr'>κρατήσαν-</span> 
     </span>
    </p>
   </div>
   <div class='ocr_carea' id='block_1_85' title="bbox 2201 4402 3791 4479">
    <p class='ocr_par' dir='ltr' id='par_1_85' title="bbox 2201 4402 3791 4479">
     <span class='ocr_line' id='line_1_85' title="bbox 2201 4402 3791 4479; baseline 0.003 -25"><span class='ocrx_word' id='word_1_623' title='bbox 2201 4419 2314 4468; x_wconf 88' lang='grc' dir='ltr'>τες,</span> <span class='ocrx_word' id='word_1_624' title='bbox 2344 4402 2604 4474; x_wconf 85' lang='grc' dir='ltr'>ἀνέλθητε</span> <span class='ocrx_word' id='word_1_625' title='bbox 2627 4404 2869 4476; x_wconf 80' lang='grc' dir='ltr'>διἀὺτῆς</span> <span class='ocrx_word' id='word_1_626' title='bbox 2882 4404 3020 4478; x_wconf 80' lang='grc' dir='ltr'>πρὸς</span> <span class='ocrx_word' id='word_1_627' title='bbox 3040 4407 3132 4461; x_wconf 80' lang='grc' dir='ltr'><strong>τὸν</strong></span> <span class='ocrx_word' id='word_1_628' title='bbox 3159 4408 3367 4477; x_wconf 81' lang='grc' dir='ltr'>ταύτην</span> <span class='ocrx_word' id='word_1_629' title='bbox 3388 4409 3791 4479; x_wconf 83' lang='grc' dir='ltr'>χαλκεύσαντα.</span> 
     </span>
    </p>
   </div>
   <div class='ocr_carea' id='block_1_86' title="bbox 2271 4492 3797 4571">
    <p class='ocr_par' dir='ltr' id='par_1_86' title="bbox 2271 4492 3797 4571">
     <span class='ocr_line' id='line_1_86' title="bbox 2271 4492 3797 4571; baseline -0.009 -5"><span class='ocrx_word' id='word_1_630' title='bbox 2271 4494 2336 4566; x_wconf 76' lang='grc' dir='ltr'><strong>β’·</strong></span> <span class='ocrx_word' id='word_1_631' title='bbox 2369 4492 2558 4564; x_wconf 78' lang='grc' dir='ltr'><strong>οὗτός</strong></span> <span class='ocrx_word' id='word_1_632' title='bbox 2580 4498 2752 4552; x_wconf 77' lang='grc' dir='ltr'><em>ἐστιν</em></span> <span class='ocrx_word' id='word_1_633' title='bbox 2779 4501 2812 4553; x_wconf 84' lang='grc' dir='ltr'><em>δ</em></span> <span class='ocrx_word' id='word_1_634' title='bbox 2845 4501 2979 4567; x_wconf 84' lang='grc' dir='ltr'>Υἱός</span> <span class='ocrx_word' id='word_1_635' title='bbox 3000 4519 3122 4570; x_wconf 85' lang='grc' dir='ltr'><strong>μου</strong></span> <span class='ocrx_word' id='word_1_636' title='bbox 3152 4503 3186 4556; x_wconf 83' lang='grc' dir='ltr'><em>ὁ</em></span> <span class='ocrx_word' id='word_1_637' title='bbox 3205 4501 3521 4571; x_wconf 77' lang='grc' dir='ltr'>ἀγαπητὸς</span> <span class='ocrx_word' id='word_1_638' title='bbox 3545 4503 3616 4555; x_wconf 79' lang='grc' dir='ltr'><strong>ἐν</strong></span> <span class='ocrx_word' id='word_1_639' title='bbox 3639 4496 3688 4569; x_wconf 81' lang='grc' dir='ltr'><strong>ᾧ</strong></span> <span class='ocrx_word' id='word_1_640' title='bbox 3714 4503 3797 4567; x_wconf 71' lang='grc' dir='ltr'><strong>ξὺ-</strong></span> 
     </span>
    </p>
   </div>
   <div class='ocr_carea' id='block_1_87' title="bbox 2202 4583 3798 4664">
    <p class='ocr_par' dir='ltr' id='par_1_87' title="bbox 2202 4583 3798 4664">
     <span class='ocr_line' id='line_1_87' title="bbox 2202 4583 3798 4664; baseline 0.002 -23"><span class='ocrx_word' id='word_1_641' title='bbox 2202 4587 2456 4655; x_wconf 79' lang='grc' dir='ltr'>δόκησα.</span> <span class='ocrx_word' id='word_1_642' title='bbox 2493 4583 2662 4654; x_wconf 76' lang='grc' dir='ltr'>Οὗτός</span> <span class='ocrx_word' id='word_1_643' title='bbox 2692 4591 2842 4646; x_wconf 77' lang='grc' dir='ltr'>ἐστιν</span> <span class='ocrx_word' id='word_1_644' title='bbox 2870 4593 2897 4646; x_wconf 84' lang='grc' dir='ltr'>ὁ</span> <span class='ocrx_word' id='word_1_645' title='bbox 2927 4593 3025 4646; x_wconf 80' lang='grc' dir='ltr'><strong>σὺν</strong></span> <span class='ocrx_word' id='word_1_646' title='bbox 3058 4593 3183 4663; x_wconf 71' lang='grc' dir='ltr'>ἐμοὶ</span> <span class='ocrx_word' id='word_1_647' title='bbox 3223 4593 3454 4664; x_wconf 81' lang='grc' dir='ltr'>πέμψας</span> <span class='ocrx_word' id='word_1_648' title='bbox 3488 4593 3554 4647; x_wconf 81' lang='grc' dir='ltr'>τὸ</span> <span class='ocrx_word' id='word_1_649' title='bbox 3584 4593 3798 4660; x_wconf 78' lang='grc' dir='ltr'>Πνεῦμα</span> 
     </span>
    </p>
   </div>
   <div class='ocr_carea' id='block_1_88' title="bbox 2202 4679 3800 4757">
    <p class='ocr_par' dir='ltr' id='par_1_88' title="bbox 2202 4679 3800 4757">
     <span class='ocr_line' id='line_1_88' title="bbox 2202 4679 3800 4757; baseline 0.003 -25"><span class='ocrx_word' id='word_1_650' title='bbox 2202 4680 2264 4733; x_wconf 81' lang='grc' dir='ltr'>τὸ</span> <span class='ocrx_word' id='word_1_651' title='bbox 2303 4679 2459 4748; x_wconf 77' lang='grc' dir='ltr'>ἅγιον</span> <span class='ocrx_word' id='word_1_652' title='bbox 2498 4681 2584 4750; x_wconf 76' lang='grc' dir='ltr'><strong>ἐφ’</strong></span> <span class='ocrx_word' id='word_1_653' title='bbox 2614 4683 2830 4749; x_wconf 80' lang='grc' dir='ltr'>ἑαυτὸν,</span> <span class='ocrx_word' id='word_1_654' title='bbox 2867 4685 2962 4738; x_wconf 73' lang='grc' dir='ltr'><strong>καὶ</strong></span> <span class='ocrx_word' id='word_1_655' title='bbox 2989 4685 3152 4739; x_wconf 85' lang='grc' dir='ltr'>πάλιν</span> <span class='ocrx_word' id='word_1_656' title='bbox 3186 4687 3324 4757; x_wconf 83' lang='grc' dir='ltr'>ὅπερ</span> <span class='ocrx_word' id='word_1_657' title='bbox 3354 4685 3635 4757; x_wconf 67' lang='grc' dir='ltr'>ἔπεμψεν,</span> <span class='ocrx_word' id='word_1_658' title='bbox 3669 4686 3800 4738; x_wconf 85' lang='grc' dir='ltr'>ὑπο-</span> 
     </span>
    </p>
   </div>
   <div class='ocr_carea' id='block_1_89' title="bbox 2202 4771 3800 4849">
    <p class='ocr_par' dir='ltr' id='par_1_89' title="bbox 2202 4771 3800 4849">
     <span class='ocr_line' id='line_1_89' title="bbox 2202 4771 3800 4849; baseline 0.003 -25"><span class='ocrx_word' id='word_1_659' title='bbox 2202 4771 2497 4841; x_wconf 82' lang='grc' dir='ltr'>δεξάμενος</span> <span class='ocrx_word' id='word_1_660' title='bbox 2529 4774 2775 4845; x_wconf 81' lang='grc' dir='ltr'>Πνεῦμα.</span> <span class='ocrx_word' id='word_1_661' title='bbox 2811 4771 2985 4840; x_wconf 77' lang='grc' dir='ltr'>Οὗτός</span> <span class='ocrx_word' id='word_1_662' title='bbox 3030 4779 3178 4831; x_wconf 75' lang='grc' dir='ltr'>ἐστιν</span> <span class='ocrx_word' id='word_1_663' title='bbox 3211 4779 3238 4831; x_wconf 74' lang='grc' dir='ltr'>ὁ</span> <span class='ocrx_word' id='word_1_664' title='bbox 3275 4778 3382 4849; x_wconf 80' lang='grc' dir='ltr'>πρὸ</span> <span class='ocrx_word' id='word_1_665' title='bbox 3431 4781 3662 4832; x_wconf 82' lang='grc' dir='ltr'>πάντων</span> <span class='ocrx_word' id='word_1_666' title='bbox 3701 4777 3800 4831; x_wconf 75' lang='grc' dir='ltr'>τῶν</span> 
     </span>
    </p>
   </div>
   <div class='ocr_carea' id='block_1_90' title="bbox 2203 4865 3800 4944">
    <p class='ocr_par' dir='ltr' id='par_1_90' title="bbox 2203 4865 3800 4944">
     <span class='ocr_line' id='line_1_90' title="bbox 2203 4865 3800 4944; baseline 0.005 -25"><span class='ocrx_word' id='word_1_667' title='bbox 2203 4865 2416 4921; x_wconf 80' lang='grc' dir='ltr'>αἰώνων</span> <span class='ocrx_word' id='word_1_668' title='bbox 2473 4869 2534 4934; x_wconf 73' lang='grc' dir='ltr'><strong>ἐξ</strong></span> <span class='ocrx_word' id='word_1_669' title='bbox 2580 4869 2714 4941; x_wconf 82' lang='grc' dir='ltr'>ἐμοῦ</span> <span class='ocrx_word' id='word_1_670' title='bbox 2743 4872 3048 4942; x_wconf 84' lang='grc' dir='ltr'>γεννηθείς·</span> <span class='ocrx_word' id='word_1_671' title='bbox 3093 4874 3396 4944; x_wconf 79' lang='grc' dir='ltr'>γεννηθεὶς,</span> <span class='ocrx_word' id='word_1_672' title='bbox 3431 4876 3498 4927; x_wconf 86' lang='grc' dir='ltr'>οὐ</span> <span class='ocrx_word' id='word_1_673' title='bbox 3535 4873 3800 4935; x_wconf 76' lang='grc' dir='ltr'>κτισθεὶς,</span> 
     </span>
    </p>
   </div>
   <div class='ocr_carea' id='block_1_91' title="bbox 514 4949 2096 5050">
    <p class='ocr_par' dir='ltr' id='par_1_91' title="bbox 514 4949 2096 5024">
     <span class='ocr_line' id='line_1_91' title="bbox 514 4949 2096 5024; baseline -0.004 -16"><span class='ocrx_word' id='word_1_674' title='bbox 514 4954 754 5024; x_wconf 84' lang='lat' dir='ltr'><strong>genitus,</strong></span> <span class='ocrx_word' id='word_1_675' title='bbox 775 4967 882 5008; x_wconf 89' lang='lat' dir='ltr'><strong>non</strong></span> <span class='ocrx_word' id='word_1_676' title='bbox 903 4952 1143 5018; x_wconf 88' lang='lat' dir='ltr'><strong>ascitus;</strong></span> <span class='ocrx_word' id='word_1_677' title='bbox 1176 4949 1348 5006; x_wconf 85' lang='lat' dir='ltr'><strong>Filius</strong></span> <span class='ocrx_word' id='word_1_678' title='bbox 1371 4967 1438 5006; x_wconf 82' lang='lat' dir='ltr'><strong>ex</strong></span> <span class='ocrx_word' id='word_1_679' title='bbox 1461 4967 1550 5006; x_wconf 90' lang='lat' dir='ltr'><strong>me</strong></span> <span class='ocrx_word' id='word_1_680' title='bbox 1575 4966 1684 5004; x_wconf 90' lang='lat' dir='ltr'><strong>uno</strong></span> <span class='ocrx_word' id='word_1_681' title='bbox 1714 4951 1949 5021; x_wconf 82' lang='lat' dir='ltr'><strong>genitus,</strong></span> <span class='ocrx_word' id='word_1_682' title='bbox 1977 4950 2096 5003; x_wconf 90' lang='lat' dir='ltr'><strong>uni-</strong></span> 
     </span>
    </p>
   </div>
   <div class='ocr_carea' id='block_1_92' title="bbox 2206 4949 3806 5050">
    <p class='ocr_par' dir='ltr' id='par_1_92' title="bbox 2206 4957 3806 5035">
     <span class='ocr_line' id='line_1_92' title="bbox 2206 4957 3806 5035; baseline 0.004 -27"><span class='ocrx_word' id='word_1_683' title='bbox 2206 4957 2518 5028; x_wconf 71' lang='grc' dir='ltr'>γεννηθεὶς,</span> <span class='ocrx_word' id='word_1_684' title='bbox 2582 4959 2644 5012; x_wconf 86' lang='grc' dir='ltr'><strong>οὐ</strong></span> <span class='ocrx_word' id='word_1_685' title='bbox 2710 4961 3129 5033; x_wconf 72' lang='grc' dir='ltr'>χειροτονηθεὶς,</span> <span class='ocrx_word' id='word_1_686' title='bbox 3201 4963 3329 5026; x_wconf 84' lang='grc' dir='ltr'>Υἱὸς</span> <span class='ocrx_word' id='word_1_687' title='bbox 3384 4964 3685 5035; x_wconf 75' lang='grc' dir='ltr'>γεννηθεὶς</span> <span class='ocrx_word' id='word_1_688' title='bbox 3751 4961 3806 5025; x_wconf 78' lang='grc' dir='ltr'>ἐξ</span> 
     </span>
    </p>
   </div>
   <div class='ocr_carea' id='block_1_93' title="bbox 515 5041 2096 5124">
    <p class='ocr_par' dir='ltr' id='par_1_93' title="bbox 515 5041 2096 5119">
     <span class='ocr_line' id='line_1_93' title="bbox 515 5041 2096 5119; baseline -0.004 -17"><span class='ocrx_word' id='word_1_689' title='bbox 515 5047 738 5119; x_wconf 83' lang='lat' dir='ltr'><strong>genitus</strong></span> <span class='ocrx_word' id='word_1_690' title='bbox 775 5047 938 5102; x_wconf 89' lang='lat' dir='ltr'><strong>unica</strong></span> <span class='ocrx_word' id='word_1_691' title='bbox 983 5045 1268 5116; x_wconf 82' lang='lat' dir='ltr'><strong>genitura,</strong></span> <span class='ocrx_word' id='word_1_692' title='bbox 1316 5052 1478 5114; x_wconf 90' lang='lat' dir='ltr'><strong>prout</strong></span> <span class='ocrx_word' id='word_1_693' title='bbox 1519 5043 1638 5113; x_wconf 90' lang='lat' dir='ltr'><strong>ipse</strong></span> <span class='ocrx_word' id='word_1_694' title='bbox 1687 5043 1841 5100; x_wconf 88' lang='lat' dir='ltr'><strong>solus</strong></span> <span class='ocrx_word' id='word_1_695' title='bbox 1869 5041 2006 5110; x_wconf 88' lang='lat' dir='ltr'><strong>scio,</strong></span> <span class='ocrx_word' id='word_1_696' title='bbox 2047 5050 2096 5096; x_wconf 83' lang='lat' dir='ltr'><strong>et</strong></span> 
     </span>
    </p>
   </div>
   <div class='ocr_carea' id='block_1_94' title="bbox 2206 5041 3803 5124">
    <p class='ocr_par' dir='ltr' id='par_1_94' title="bbox 2209 5046 3803 5124">
     <span class='ocr_line' id='line_1_94' title="bbox 2209 5046 3803 5124; baseline 0.008 -25"><span class='ocrx_word' id='word_1_697' title='bbox 2209 5046 2343 5117; x_wconf 74' lang='grc' dir='ltr'>ἐμοῦ</span> <span class='ocrx_word' id='word_1_698' title='bbox 2403 5049 2590 5120; x_wconf 83' lang='grc' dir='ltr'>μόνου,</span> <span class='ocrx_word' id='word_1_699' title='bbox 2633 5053 2950 5124; x_wconf 81' lang='grc' dir='ltr'>μονογενὴς,</span> <span class='ocrx_word' id='word_1_700' title='bbox 2998 5054 3326 5124; x_wconf 82' lang='grc' dir='ltr'>μονογενῶς⁶</span> <span class='ocrx_word' id='word_1_701' title='bbox 3375 5055 3458 5120; x_wconf 83' lang='grc' dir='ltr'><strong>ὡς</strong></span> <span class='ocrx_word' id='word_1_702' title='bbox 3515 5051 3642 5109; x_wconf 83' lang='grc' dir='ltr'>οἶδα</span> <span class='ocrx_word' id='word_1_703' title='bbox 3709 5054 3803 5124; x_wconf 81' lang='grc' dir='ltr'>μό·</span> 
     </span>
    </p>
   </div>
   <div class='ocr_carea' id='block_1_95' title="bbox 517 5133 2096 5217">
    <p class='ocr_par' dir='ltr' id='par_1_95' title="bbox 517 5133 2096 5208">
     <span class='ocr_line' id='line_1_95' title="bbox 517 5133 2096 5208; baseline -0.001 -17"><span class='ocrx_word' id='word_1_704' title='bbox 517 5146 684 5208; x_wconf 88' lang='lat' dir='ltr'><strong>prout</strong></span> <span class='ocrx_word' id='word_1_705' title='bbox 711 5137 831 5208; x_wconf 78' lang='lat' dir='ltr'><strong>ipse</strong></span> <span class='ocrx_word' id='word_1_706' title='bbox 865 5152 1084 5208; x_wconf 76' lang='lat' dir='ltr'><strong>quoque</strong></span> <span class='ocrx_word' id='word_1_707' title='bbox 1115 5137 1268 5193; x_wconf 90' lang='lat' dir='ltr'><strong>solus</strong></span> <span class='ocrx_word' id='word_1_708' title='bbox 1297 5140 1470 5191; x_wconf 90' lang='lat' dir='ltr'><strong>novit.</strong></span> <span class='ocrx_word' id='word_1_709' title='bbox 1494 5133 1596 5190; x_wconf 68' lang='lat' dir='ltr'><strong>llic</strong></span> <span class='ocrx_word' id='word_1_710' title='bbox 1626 5144 1712 5191; x_wconf 90' lang='lat' dir='ltr'><strong>est</strong></span> <span class='ocrx_word' id='word_1_711' title='bbox 1743 5133 2096 5204; x_wconf 84' lang='lat' dir='ltr'><strong>perfectionis</strong></span> 
     </span>
    </p>
   </div>
   <div class='ocr_carea' id='block_1_96' title="bbox 2206 5133 3808 5217">
    <p class='ocr_par' dir='ltr' id='par_1_96' title="bbox 2209 5139 3808 5217">
     <span class='ocr_line' id='line_1_96' title="bbox 2209 5139 3808 5217; baseline 0.003 -24"><span class='ocrx_word' id='word_1_712' title='bbox 2209 5156 2300 5204; x_wconf 87' lang='grc' dir='ltr'><strong>νος</strong></span> <span class='ocrx_word' id='word_1_713' title='bbox 2344 5139 2478 5210; x_wconf 74' lang='grc' dir='ltr'><strong>ἐγὼ,</strong></span> <span class='ocrx_word' id='word_1_714' title='bbox 2534 5143 2630 5196; x_wconf 76' lang='grc' dir='ltr'>καὶ</span> <span class='ocrx_word' id='word_1_715' title='bbox 2677 5143 2754 5207; x_wconf 84' lang='grc' dir='ltr'>ὡς</span> <span class='ocrx_word' id='word_1_716' title='bbox 2813 5146 2976 5208; x_wconf 78' lang='grc' dir='ltr'>αὐτὸς</span> <span class='ocrx_word' id='word_1_717' title='bbox 3024 5148 3186 5217; x_wconf 80' lang='grc' dir='ltr'>μόνος</span> <span class='ocrx_word' id='word_1_718' title='bbox 3247 5147 3573 5202; x_wconf 80' lang='grc' dir='ltr'>ἐπίσταται.</span> <span class='ocrx_word' id='word_1_719' title='bbox 3641 5141 3808 5208; x_wconf 73' lang='grc' dir='ltr'>Οὗτός</span> 
     </span>
    </p>
   </div>
   <div class='ocr_carea' id='block_1_97' title="bbox 521 5227 2096 5310">
    <p class='ocr_par' dir='ltr' id='par_1_97' title="bbox 521 5227 2096 5302">
     <span class='ocr_line' id='line_1_97' title="bbox 521 5227 2096 5302; baseline -0.002 -17"><span class='ocrx_word' id='word_1_720' title='bbox 521 5246 656 5286; x_wconf 67' lang='lat' dir='ltr'><strong>mea:</strong></span> <span class='ocrx_word' id='word_1_721' title='bbox 676 5230 914 5302; x_wconf 85' lang='lat' dir='ltr'><strong>perfecta</strong></span> <span class='ocrx_word' id='word_1_722' title='bbox 939 5231 1222 5301; x_wconf 79' lang='lat' dir='ltr'><strong>expressio</strong></span> <span class='ocrx_word' id='word_1_723' title='bbox 1248 5247 1261 5284; x_wconf 90' lang='lat'><strong>:</strong></span> <span class='ocrx_word' id='word_1_724' title='bbox 1294 5228 1386 5284; x_wconf 87' lang='lat' dir='ltr'><strong>hic</strong></span> <span class='ocrx_word' id='word_1_725' title='bbox 1404 5235 1488 5284; x_wconf 90' lang='lat' dir='ltr'><strong>est</strong></span> <span class='ocrx_word' id='word_1_726' title='bbox 1517 5228 1611 5299; x_wconf 90' lang='lat' dir='ltr'><strong>qui</strong></span> <span class='ocrx_word' id='word_1_727' title='bbox 1641 5227 1894 5282; x_wconf 86' lang='lat' dir='ltr'><strong>deitatem</strong></span> <span class='ocrx_word' id='word_1_728' title='bbox 1918 5241 2096 5283; x_wconf 91' lang='lat' dir='ltr'><strong>meam</strong></span> 
     </span>
    </p>
   </div>
   <div class='ocr_carea' id='block_1_98' title="bbox 2206 5227 3804 5310">
    <p class='ocr_par' dir='ltr' id='par_1_98' title="bbox 2209 5230 3804 5310">
     <span class='ocr_line' id='line_1_98' title="bbox 2209 5230 3804 5310; baseline 0.004 -28"><span class='ocrx_word' id='word_1_729' title='bbox 2209 5230 2357 5283; x_wconf 83' lang='grc' dir='ltr'>ἐστιν</span> <span class='ocrx_word' id='word_1_730' title='bbox 2413 5232 2442 5284; x_wconf 85' lang='grc' dir='ltr'><strong>ὁ</strong></span> <span class='ocrx_word' id='word_1_731' title='bbox 2493 5231 2594 5302; x_wconf 84' lang='grc' dir='ltr'>τῆς</span> <span class='ocrx_word' id='word_1_732' title='bbox 2649 5234 2790 5305; x_wconf 78' lang='grc' dir='ltr'>ἐμῆς</span> <span class='ocrx_word' id='word_1_733' title='bbox 2832 5235 3168 5307; x_wconf 85' lang='grc' dir='ltr'>τελειότητος</span> <span class='ocrx_word' id='word_1_734' title='bbox 3221 5236 3431 5301; x_wconf 87' lang='grc' dir='ltr'>τέλειος</span> <span class='ocrx_word' id='word_1_735' title='bbox 3489 5241 3804 5310; x_wconf 71' lang='grc' dir='ltr'>χαρακτήρ.</span> 
     </span>
    </p>
   </div>
   <div class='ocr_carea' id='block_1_99' title="bbox 522 5315 2096 5401">
    <p class='ocr_par' dir='ltr' id='par_1_99' title="bbox 522 5317 2096 5393">
     <span class='ocr_line' id='line_1_99' title="bbox 522 5317 2096 5393; baseline -0.001 -16"><span class='ocrx_word' id='word_1_736' title='bbox 522 5324 577 5377; x_wconf 88' lang='lat' dir='ltr'><strong>in</strong></span> <span class='ocrx_word' id='word_1_737' title='bbox 609 5338 670 5378; x_wconf 83' lang='lat' dir='ltr'><strong>se</strong></span> <span class='ocrx_word' id='word_1_738' title='bbox 697 5323 955 5393; x_wconf 76' lang='lat' dir='ltr'><strong>exprimit</strong></span> <span class='ocrx_word' id='word_1_739' title='bbox 983 5340 996 5376; x_wconf 89' lang='lat'>:</span> <span class='ocrx_word' id='word_1_740' title='bbox 1032 5323 1120 5380; x_wconf 89' lang='lat' dir='ltr'><strong>hic</strong></span> <span class='ocrx_word' id='word_1_741' title='bbox 1148 5332 1233 5379; x_wconf 87' lang='lat' dir='ltr'><strong>est</strong></span> <span class='ocrx_word' id='word_1_742' title='bbox 1262 5322 1358 5392; x_wconf 85' lang='lat' dir='ltr'><strong>qui</strong></span> <span class='ocrx_word' id='word_1_743' title='bbox 1389 5335 1564 5376; x_wconf 88' lang='lat' dir='ltr'><strong>meam</strong></span> <span class='ocrx_word' id='word_1_744' title='bbox 1587 5317 1957 5376; x_wconf 88' lang='lat' dir='ltr'><strong>substantiam</strong></span> <span class='ocrx_word' id='word_1_745' title='bbox 1981 5333 2096 5375; x_wconf 84' lang='lat' dir='ltr'><strong>ma-</strong></span> 
     </span>
    </p>
   </div>
   <div class='ocr_carea' id='block_1_100' title="bbox 2206 5315 3810 5401">
    <p class='ocr_par' dir='ltr' id='par_1_100' title="bbox 2211 5315 3810 5401">
     <span class='ocr_line' id='line_1_100' title="bbox 2211 5315 3810 5401; baseline 0.003 -27"><span class='ocrx_word' id='word_1_746' title='bbox 2211 5315 2378 5386; x_wconf 77' lang='grc' dir='ltr'>Οὗτὸς</span> <span class='ocrx_word' id='word_1_747' title='bbox 2405 5323 2554 5376; x_wconf 78' lang='grc' dir='ltr'>ἐστιν</span> <span class='ocrx_word' id='word_1_748' title='bbox 2602 5325 2632 5377; x_wconf 86' lang='grc' dir='ltr'><strong>ό</strong></span> <span class='ocrx_word' id='word_1_749' title='bbox 2675 5323 2774 5396; x_wconf 83' lang='grc' dir='ltr'>τὴν</span> <span class='ocrx_word' id='word_1_750' title='bbox 2803 5325 2944 5398; x_wconf 77' lang='grc' dir='ltr'>ἐμὴν</span> <span class='ocrx_word' id='word_1_751' title='bbox 2987 5327 3218 5398; x_wconf 83' lang='grc' dir='ltr'>θεότητα</span> <span class='ocrx_word' id='word_1_752' title='bbox 3265 5329 3710 5401; x_wconf 72' lang='grc' dir='ltr'>χαρακτηρίςων</span> <span class='ocrx_word' id='word_1_753' title='bbox 3755 5329 3810 5380; x_wconf 85' lang='grc' dir='ltr'>ἐν</span> 
     </span>
    </p>
   </div>
   <div class='ocr_carea' id='block_1_101' title="bbox 588 5414 1092 5482">
    <p class='ocr_par' dir='ltr' id='par_1_101' title="bbox 588 5414 1092 5482">
     <span class='ocr_line' id='line_1_101' title="bbox 588 5414 1092 5482; baseline 0.002 -12"><span class='ocrx_word' id='word_1_754' title='bbox 588 5415 634 5448; x_wconf 71' lang='grc'><strong>³⁵</strong></span> <span class='ocrx_word' id='word_1_755' title='bbox 660 5414 854 5472; x_wconf 81' lang='lat' dir='ltr'><strong>Matth.</strong></span> <span class='ocrx_word' id='word_1_756' title='bbox 882 5433 968 5482; x_wconf 84' lang='grc' dir='ltr'>ιιι,</span> <span class='ocrx_word' id='word_1_757' title='bbox 1002 5417 1092 5472; x_wconf 82' lang='grc' dir='ltr'><strong>ΓΙ.</strong></span> 
     </span>
    </p>
   </div>
   <div class='ocr_carea' id='block_1_102' title="bbox 595 5501 2094 5577">
    <p class='ocr_par' dir='ltr' id='par_1_102' title="bbox 595 5501 2094 5577">
     <span class='ocr_line' id='line_1_102' title="bbox 595 5501 2094 5577; baseline -0.006 -13"><span class='ocrx_word' id='word_1_758' title='bbox 595 5507 708 5577; x_wconf 77' lang='lat'><strong>(3&#39;5)</strong></span> <span class='ocrx_word' id='word_1_759' title='bbox 737 5507 795 5562; x_wconf 91' lang='lat' dir='ltr'><strong>In</strong></span> <span class='ocrx_word' id='word_1_760' title='bbox 836 5507 1029 5563; x_wconf 84' lang='lat' dir='ltr'><strong>Latino</strong></span> <span class='ocrx_word' id='word_1_761' title='bbox 1078 5508 1266 5564; x_wconf 84' lang='lat' dir='ltr'><strong>codice</strong></span> <span class='ocrx_word' id='word_1_762' title='bbox 1321 5507 1533 5577; x_wconf 17' lang='lat' dir='ltr'><strong>titulus,</strong></span> <span class='ocrx_word' id='word_1_763' title='bbox 1561 5503 1734 5577; x_wconf 69' lang='lat' dir='ltr'><strong>sancti</strong></span> <span class='ocrx_word' id='word_1_764' title='bbox 1763 5503 1924 5577; x_wconf 78' lang='lat' dir='ltr'><strong>datur</strong></span> <span class='ocrx_word' id='word_1_765' title='bbox 1957 5501 2094 5577; x_wconf 71' lang='lat' dir='ltr'><strong>Gre-</strong></span> 
     </span>
    </p>
   </div>
   <div class='ocr_carea' id='block_1_103' title="bbox 2200 5507 2908 5577">
    <p class='ocr_par' dir='ltr' id='par_1_103' title="bbox 2200 5507 2908 5577">
     <span class='ocr_line' id='line_1_103' title="bbox 2200 5507 2908 5577; baseline 0.007 -19"><span class='ocrx_word' id='word_1_766' title='bbox 2200 5507 2444 5560; x_wconf 75' lang='lat' dir='ltr'><strong>Antioch.</strong></span> <span class='ocrx_word' id='word_1_767' title='bbox 2481 5522 2532 5577; x_wconf 90' lang='lat' dir='ltr'><strong>p.</strong></span> <span class='ocrx_word' id='word_1_768' title='bbox 2565 5507 2655 5569; x_wconf 88' lang='lat'><strong>99.</strong></span> <span class='ocrx_word' id='word_1_769' title='bbox 2705 5509 2813 5565; x_wconf 91' lang='lat' dir='ltr'><strong>col.</strong></span> <span class='ocrx_word' id='word_1_770' title='bbox 2859 5510 2908 5564; x_wconf 91' lang='lat' dir='ltr'><strong>l.</strong></span> 
     </span>
    </p>
   </div>
   <div class='ocr_carea' id='block_1_104' title="bbox 522 5573 2102 5648">
    <p class='ocr_par' dir='ltr' id='par_1_104' title="bbox 522 5573 2102 5648">
     <span class='ocr_line' id='line_1_104' title="bbox 522 5573 2102 5648; baseline 0.003 -21"><span class='ocrx_word' id='word_1_771' title='bbox 522 5573 714 5644; x_wconf 58' lang='lat' dir='ltr'><strong>got-io;</strong></span> <span class='ocrx_word' id='word_1_772' title='bbox 751 5578 806 5631; x_wconf 91' lang='lat' dir='ltr'><strong>in</strong></span> <span class='ocrx_word' id='word_1_773' title='bbox 834 5578 1047 5642; x_wconf 68' lang='lat' dir='ltr'><strong>Graeco,</strong></span> <span class='ocrx_word' id='word_1_774' title='bbox 1075 5588 1341 5648; x_wconf 83' lang='lat' dir='ltr'><strong>quantum</strong></span> <span class='ocrx_word' id='word_1_775' title='bbox 1374 5576 1620 5648; x_wconf 74' lang='lat' dir='ltr'><strong>memini,</strong></span> <span class='ocrx_word' id='word_1_776' title='bbox 1670 5589 1777 5648; x_wconf 83' lang='lat' dir='ltr'><strong>non</strong></span> <span class='ocrx_word' id='word_1_777' title='bbox 1806 5574 1934 5648; x_wconf 80' lang='lat' dir='ltr'><strong>item</strong></span> <span class='ocrx_word' id='word_1_778' title='bbox 1954 5573 2102 5648; x_wconf 47' lang='lat' dir='ltr'><strong>itte-</strong></span> 
     </span>
    </p>
   </div>
   <div class='ocr_carea' id='block_1_105' title="bbox 2272 5577 3803 5650">
    <p class='ocr_par' dir='ltr' id='par_1_105' title="bbox 2272 5577 3803 5650">
     <span class='ocr_line' id='line_1_105' title="bbox 2272 5577 3803 5650; baseline 0 -20"><span class='ocrx_word' id='word_1_779' title='bbox 2272 5577 2384 5650; x_wconf 66' lang='grc'><strong>(54)</strong></span> <span class='ocrx_word' id='word_1_780' title='bbox 2415 5577 2554 5632; x_wconf 88' lang='lat' dir='ltr'><strong>Dicit</strong></span> <span class='ocrx_word' id='word_1_781' title='bbox 2602 5580 2956 5636; x_wconf 83' lang='lat' dir='ltr'><strong>Anastasinm</strong></span> <span class='ocrx_word' id='word_1_782' title='bbox 3001 5581 3394 5650; x_wconf 75' lang='lat' dir='ltr'><strong>patriarcltam,</strong></span> <span class='ocrx_word' id='word_1_783' title='bbox 3446 5580 3545 5635; x_wconf 88' lang='lat' dir='ltr'><strong>cui</strong></span> <span class='ocrx_word' id='word_1_784' title='bbox 3604 5577 3803 5650; x_wconf 81' lang='lat' dir='ltr'><strong>deinde</strong></span> 
     </span>
    </p>
   </div>
   <div class='ocr_carea' id='block_1_106' title="bbox 523 5643 3808 5720">
    <p class='ocr_par' dir='ltr' id='par_1_106' title="bbox 523 5643 3808 5720">
     <span class='ocr_line' id='line_1_106' title="bbox 523 5643 3808 5720; baseline 0.001 -20"><span class='ocrx_word' id='word_1_785' title='bbox 523 5661 631 5716; x_wconf 81' lang='lat' dir='ltr'><strong>que</strong></span> <span class='ocrx_word' id='word_1_786' title='bbox 659 5648 761 5701; x_wconf 89' lang='lat' dir='ltr'><strong>hoc</strong></span> <span class='ocrx_word' id='word_1_787' title='bbox 783 5649 938 5720; x_wconf 83' lang='lat' dir='ltr'><strong>titulo</strong></span> <span class='ocrx_word' id='word_1_788' title='bbox 973 5643 1143 5720; x_wconf 79' lang='lat' dir='ltr'><strong>agunt</strong></span> <span class='ocrx_word' id='word_1_789' title='bbox 1172 5647 1535 5703; x_wconf 83' lang='lat' dir='ltr'><strong>Combeﬁsins</strong></span> <span class='ocrx_word' id='word_1_790' title='bbox 1561 5647 1629 5720; x_wconf 88' lang='lat' dir='ltr'><strong>_in</strong></span> <span class='ocrx_word' id='word_1_791' title='bbox 1667 5645 1794 5720; x_wconf 81' lang='lat' dir='ltr'><strong>adn.</strong></span> <span class='ocrx_word' id='word_1_792' title='bbox 1835 5643 1905 5720; x_wconf 73' lang='lat' dir='ltr'><strong>ad</strong></span> <span class='ocrx_word' id='word_1_793' title='bbox 1951 5645 2098 5700; x_wconf 90' lang='lat' dir='ltr'><strong>illius</strong></span> <span class='ocrx_word' id='word_1_794' title='bbox 2197 5643 2427 5720; x_wconf 76' lang='lat' dir='ltr'><strong>expnISO</strong></span> <span class='ocrx_word' id='word_1_795' title='bbox 2450 5650 2715 5720; x_wconf 84' lang='lat' dir='ltr'><strong>successit</strong></span> <span class='ocrx_word' id='word_1_796' title='bbox 2749 5651 2861 5718; x_wconf 88' lang='lat' dir='ltr'><strong>ipse</strong></span> <span class='ocrx_word' id='word_1_797' title='bbox 2906 5643 3225 5720; x_wconf 71' lang='lat' dir='ltr'><strong>Gregorius,</strong></span> <span class='ocrx_word' id='word_1_798' title='bbox 3269 5643 3387 5720; x_wconf 76' lang='lat' dir='ltr'><strong>qui</strong></span> <span class='ocrx_word' id='word_1_799' title='bbox 3416 5665 3578 5705; x_wconf 88' lang='lat' dir='ltr'><strong>nunc</strong></span> <span class='ocrx_word' id='word_1_800' title='bbox 3628 5649 3808 5706; x_wconf 86' lang='lat' dir='ltr'><strong>adhuc</strong></span> 
     </span>
    </p>
   </div>
   <div class='ocr_carea' id='block_1_107' title="bbox 523 5715 3665 5793">
    <p class='ocr_par' dir='ltr' id='par_1_107' title="bbox 523 5715 3665 5793">
     <span class='ocr_line' id='line_1_107' title="bbox 523 5715 3665 5793; baseline 0 -20"><span class='ocrx_word' id='word_1_801' title='bbox 523 5715 832 5773; x_wconf 66' lang='lat' dir='ltr'><strong>sermonem</strong></span> <span class='ocrx_word' id='word_1_802' title='bbox 891 5719 944 5774; x_wconf 79' lang='lat' dir='ltr'><strong>in</strong></span> <span class='ocrx_word' id='word_1_803' title='bbox 1005 5715 1136 5772; x_wconf 73' lang='grc' dir='ltr'>ἠιαι.</span> <span class='ocrx_word' id='word_1_804' title='bbox 1170 5733 1422 5790; x_wconf 82' lang='lat' dir='ltr'><strong>unguem,</strong></span> <span class='ocrx_word' id='word_1_805' title='bbox 1462 5728 1515 5775; x_wconf 89' lang='lat' dir='ltr'><strong>et</strong></span> <span class='ocrx_word' id='word_1_806' title='bbox 1557 5715 1824 5773; x_wconf 82' lang='lat' dir='ltr'><strong>Boschius</strong></span> <span class='ocrx_word' id='word_1_807' title='bbox 1863 5716 1918 5771; x_wconf 79' lang='lat' dir='ltr'><strong>in</strong></span> <span class='ocrx_word' id='word_1_808' title='bbox 1946 5725 2094 5786; x_wconf 82' lang='lat' dir='ltr'><strong>patr.</strong></span> <span class='ocrx_word' id='word_1_809' title='bbox 2198 5719 2501 5788; x_wconf 81' lang='lat' dir='ltr'><strong>presbyter,</strong></span> <span class='ocrx_word' id='word_1_810' title='bbox 2537 5715 3060 5793; x_wconf 41' lang='lat' dir='ltr'><strong>iubente—episcopo</strong></span> <span class='ocrx_word' id='word_1_811' title='bbox 3091 5735 3212 5788; x_wconf 91' lang='lat' dir='ltr'><strong>suo,</strong></span> <span class='ocrx_word' id='word_1_812' title='bbox 3262 5715 3665 5778; x_wconf 77' lang='lat' dir='ltr'><strong>concionatur.</strong></span> 
     </span>
    </p>
   </div>
  </div>
