  <div class='ocr_page' id='page_1' title='image "/cluster/home/n/w/nwhite01/storage/ocr_20150623/88/coo.31924054869924/954.png"; bbox 0 0 4062 6404; ppageno 0'>
   <div class='ocr_carea' id='block_1_1' title="bbox 275 459 416 526">
    <p class='ocr_par' dir='ltr' id='par_1_1' title="bbox 275 459 416 526">
     <span class='ocr_line' id='line_1_1' title="bbox 275 459 416 526; baseline 0.035 -4"><span class='ocrx_word' id='word_1_1' title='bbox 275 459 416 526; x_wconf 74' lang='lat'><strong>1873</strong></span> 
     </span>
    </p>
   </div>
   <div class='ocr_carea' id='block_1_2' title="bbox 1295 478 2550 560">
    <p class='ocr_par' dir='ltr' id='par_1_2' title="bbox 1295 478 2550 560">
     <span class='ocr_line' id='line_1_2' title="bbox 1295 478 2550 560; baseline 0.018 -23"><span class='ocrx_word' id='word_1_2' title='bbox 1295 478 1396 539; x_wconf 87' lang='lat' dir='ltr'><strong>DE</strong></span> <span class='ocrx_word' id='word_1_3' title='bbox 1433 480 1812 546; x_wconf 86' lang='lat' dir='ltr'><strong>BAPTISMO</strong></span> <span class='ocrx_word' id='word_1_4' title='bbox 1836 488 2151 556; x_wconf 77' lang='lat' dir='ltr'><strong>CHRISTI</strong></span> <span class='ocrx_word' id='word_1_5' title='bbox 2178 493 2436 558; x_wconf 84' lang='lat' dir='ltr'><strong>SERMO</strong></span> <span class='ocrx_word' id='word_1_6' title='bbox 2465 497 2550 560; x_wconf 69' lang='lat' dir='ltr'><strong>Il‘.</strong></span> 
     </span>
    </p>
   </div>
   <div class='ocr_carea' id='block_1_3' title="bbox 3413 502 3549 570">
    <p class='ocr_par' dir='ltr' id='par_1_3' title="bbox 3413 502 3549 570">
     <span class='ocr_line' id='line_1_3' title="bbox 3413 502 3549 570; baseline 0.015 -2"><span class='ocrx_word' id='word_1_7' title='bbox 3413 502 3549 570; x_wconf 69' lang='grc'><strong>1876</strong></span> 
     </span>
    </p>
   </div>
   <div class='ocr_carea' id='block_1_4' title="bbox 269 564 1857 681">
    <p class='ocr_par' dir='ltr' id='par_1_4' title="bbox 269 564 1857 681">
     <span class='ocr_line' id='line_1_4' title="bbox 269 564 1857 681; baseline 0.016 -56"><span class='ocrx_word' id='word_1_8' title='bbox 269 564 474 681; x_wconf 45' lang='grc' dir='ltr'>ἐαυτῷ.</span> <span class='ocrx_word' id='word_1_9' title='bbox 499 565 672 643; x_wconf 76' lang='grc' dir='ltr'>Οὗτός</span> <span class='ocrx_word' id='word_1_10' title='bbox 705 579 856 635; x_wconf 79' lang='grc' dir='ltr'>ἐστιν</span> <span class='ocrx_word' id='word_1_11' title='bbox 892 583 922 637; x_wconf 85' lang='grc' dir='ltr'><strong>ό</strong></span> <span class='ocrx_word' id='word_1_12' title='bbox 959 583 1057 658; x_wconf 78' lang='grc' dir='ltr'>τὴν</span> <span class='ocrx_word' id='word_1_13' title='bbox 1087 585 1228 660; x_wconf 73' lang='grc' dir='ltr'>ἐμὴν</span> <span class='ocrx_word' id='word_1_14' title='bbox 1270 588 1570 647; x_wconf 77' lang='grc' dir='ltr'><strong>ὑπόστασιν</strong></span> <span class='ocrx_word' id='word_1_15' title='bbox 1601 593 1857 660; x_wconf 82' lang='grc' dir='ltr'>ἐξεικονί-</span> 
     </span>
    </p>
   </div>
   <div class='ocr_carea' id='block_1_5' title="bbox 1962 564 3546 681">
    <p class='ocr_par' dir='ltr' id='par_1_5' title="bbox 1968 601 3546 681">
     <span class='ocr_line' id='line_1_5' title="bbox 1968 601 3546 681; baseline 0.013 -25"><span class='ocrx_word' id='word_1_16' title='bbox 1968 601 2168 661; x_wconf 86' lang='lat' dir='ltr'><strong>nifeste</strong></span> <span class='ocrx_word' id='word_1_17' title='bbox 2198 618 2556 678; x_wconf 60' lang='lat' dir='ltr'><strong>reprmsentat</strong></span> <span class='ocrx_word' id='word_1_18' title='bbox 2585 628 2598 666; x_wconf 91' lang='lat'>:</span> <span class='ocrx_word' id='word_1_19' title='bbox 2631 609 2806 670; x_wconf 82' lang='lat' dir='ltr'><strong>Filius</strong></span> <span class='ocrx_word' id='word_1_20' title='bbox 2835 628 2994 672; x_wconf 86' lang='lat' dir='ltr'><strong>meus</strong></span> <span class='ocrx_word' id='word_1_21' title='bbox 3023 623 3132 681; x_wconf 86' lang='lat' dir='ltr'><strong>est,</strong></span> <span class='ocrx_word' id='word_1_22' title='bbox 3168 629 3277 672; x_wconf 88' lang='lat' dir='ltr'><strong>non</strong></span> <span class='ocrx_word' id='word_1_23' title='bbox 3301 617 3546 676; x_wconf 84' lang='lat' dir='ltr'><strong>alienus:</strong></span> 
     </span>
    </p>
   </div>
   <div class='ocr_carea' id='block_1_6' title="bbox 270 663 1860 754">
    <p class='ocr_par' dir='ltr' id='par_1_6' title="bbox 270 663 1860 754">
     <span class='ocr_line' id='line_1_6' title="bbox 270 663 1860 754; baseline 0.015 -36"><span class='ocrx_word' id='word_1_24' title='bbox 270 663 381 728; x_wconf 78' lang='grc' dir='ltr'>ζων</span> <span class='ocrx_word' id='word_1_25' title='bbox 423 669 631 739; x_wconf 84' lang='grc' dir='ltr'>σαφῶς·</span> <span class='ocrx_word' id='word_1_26' title='bbox 679 671 808 738; x_wconf 83' lang='grc' dir='ltr'>Υἱός</span> <span class='ocrx_word' id='word_1_27' title='bbox 854 675 1002 732; x_wconf 85' lang='grc' dir='ltr'>ἐστιν</span> <span class='ocrx_word' id='word_1_28' title='bbox 1046 677 1198 746; x_wconf 81' lang='grc' dir='ltr'>ἐμὸς,</span> <span class='ocrx_word' id='word_1_29' title='bbox 1238 680 1340 734; x_wconf 85' lang='grc' dir='ltr'>οὐκ</span> <span class='ocrx_word' id='word_1_30' title='bbox 1380 680 1684 754; x_wconf 83' lang='grc' dir='ltr'>ἀλλότριος·</span> <span class='ocrx_word' id='word_1_31' title='bbox 1731 686 1860 753; x_wconf 81' lang='grc' dir='ltr'>Υἱός</span> 
     </span>
    </p>
   </div>
   <div class='ocr_carea' id='block_1_7' title="bbox 270 756 1861 849">
    <p class='ocr_par' dir='ltr' id='par_1_7' title="bbox 270 756 1861 849">
     <span class='ocr_line' id='line_1_7' title="bbox 270 756 1861 849; baseline 0.017 -43"><span class='ocrx_word' id='word_1_32' title='bbox 270 756 418 808; x_wconf 84' lang='grc' dir='ltr'>ἐστιν</span> <span class='ocrx_word' id='word_1_33' title='bbox 456 757 612 849; x_wconf 78' lang='grc' dir='ltr'>ἐμὸς,</span> <span class='ocrx_word' id='word_1_34' title='bbox 656 761 722 815; x_wconf 87' lang='grc' dir='ltr'><strong>ἐκ</strong></span> <span class='ocrx_word' id='word_1_35' title='bbox 763 763 864 834; x_wconf 86' lang='grc' dir='ltr'><strong>τῆς</strong></span> <span class='ocrx_word' id='word_1_36' title='bbox 909 766 1049 837; x_wconf 84' lang='grc' dir='ltr'>ἐμῆς</span> <span class='ocrx_word' id='word_1_37' title='bbox 1092 767 1281 833; x_wconf 79' lang='grc' dir='ltr'>οὐσίας</span> <span class='ocrx_word' id='word_1_38' title='bbox 1325 771 1655 843; x_wconf 86' lang='grc' dir='ltr'>ἀσωμάτως,</span> <span class='ocrx_word' id='word_1_39' title='bbox 1695 777 1861 849; x_wconf 84' lang='grc' dir='ltr'>ἁρεύ-</span> 
     </span>
    </p>
   </div>
   <div class='ocr_carea' id='block_1_8' title="bbox 271 848 1861 935">
    <p class='ocr_par' dir='ltr' id='par_1_8' title="bbox 271 848 1861 935">
     <span class='ocr_line' id='line_1_8' title="bbox 271 848 1861 935; baseline 0.016 -38"><span class='ocrx_word' id='word_1_40' title='bbox 271 861 433 910; x_wconf 84' lang='grc' dir='ltr'>στως,</span> <span class='ocrx_word' id='word_1_41' title='bbox 469 848 717 920; x_wconf 85' lang='grc' dir='ltr'>ἀχρόνως</span> <span class='ocrx_word' id='word_1_42' title='bbox 740 853 1050 927; x_wconf 74' lang='grc' dir='ltr'><strong>ἐκλάμψας,</strong></span> <span class='ocrx_word' id='word_1_43' title='bbox 1073 860 1173 913; x_wconf 86' lang='grc' dir='ltr'><strong>οὑκ</strong></span> <span class='ocrx_word' id='word_1_44' title='bbox 1207 860 1265 926; x_wconf 79' lang='grc' dir='ltr'>ἐξ</span> <span class='ocrx_word' id='word_1_45' title='bbox 1293 862 1483 934; x_wconf 86' lang='grc' dir='ltr'>ἐτέρας</span> <span class='ocrx_word' id='word_1_46' title='bbox 1508 848 1861 935; x_wconf 81' lang='grc' dir='ltr'><strong>ὑποστάσεως</strong></span> 
     </span>
    </p>
   </div>
   <div class='ocr_carea' id='block_1_9' title="bbox 270 938 1860 1028">
    <p class='ocr_par' dir='ltr' id='par_1_9' title="bbox 270 938 1860 1028">
     <span class='ocr_line' id='line_1_9' title="bbox 270 938 1860 1028; baseline 0.017 -39"><span class='ocrx_word' id='word_1_47' title='bbox 270 938 577 1009; x_wconf 72' lang='grc' dir='ltr'>ἀνακύψας·</span> <span class='ocrx_word' id='word_1_48' title='bbox 618 943 748 1009; x_wconf 72' lang='grc' dir='ltr'>Υἱός</span> <span class='ocrx_word' id='word_1_49' title='bbox 799 948 950 1003; x_wconf 86' lang='grc' dir='ltr'>ἐστιν</span> <span class='ocrx_word' id='word_1_50' title='bbox 997 951 1129 1022; x_wconf 83' lang='grc' dir='ltr'>ἐμὸς</span> <span class='ocrx_word' id='word_1_51' title='bbox 1176 953 1357 1024; x_wconf 76' lang='grc' dir='ltr'>φύσει,</span> <span class='ocrx_word' id='word_1_52' title='bbox 1393 957 1452 1009; x_wconf 88' lang='grc' dir='ltr'><strong>οὑ</strong></span> <span class='ocrx_word' id='word_1_53' title='bbox 1491 957 1694 1028; x_wconf 83' lang='grc' dir='ltr'>χάριτι·</span> <span class='ocrx_word' id='word_1_54' title='bbox 1733 963 1860 1028; x_wconf 82' lang='grc' dir='ltr'>Υἱός</span> 
     </span>
    </p>
   </div>
   <div class='ocr_carea' id='block_1_10' title="bbox 270 1031 1856 1123">
    <p class='ocr_par' dir='ltr' id='par_1_10' title="bbox 270 1031 1856 1123">
     <span class='ocr_line' id='line_1_10' title="bbox 270 1031 1856 1123; baseline 0.017 -43"><span class='ocrx_word' id='word_1_55' title='bbox 270 1031 422 1084; x_wconf 78' lang='grc' dir='ltr'>ἐστιν</span> <span class='ocrx_word' id='word_1_56' title='bbox 451 1031 606 1101; x_wconf 81' lang='grc' dir='ltr'>ἐμὸς,</span> <span class='ocrx_word' id='word_1_57' title='bbox 639 1037 911 1100; x_wconf 87' lang='grc' dir='ltr'>συναῖδιός</span> <span class='ocrx_word' id='word_1_58' title='bbox 936 1057 1049 1110; x_wconf 88' lang='grc' dir='ltr'>μοι,</span> <span class='ocrx_word' id='word_1_59' title='bbox 1081 1045 1143 1096; x_wconf 83' lang='grc' dir='ltr'>οὐ</span> <span class='ocrx_word' id='word_1_60' title='bbox 1183 1043 1466 1116; x_wconf 85' lang='grc' dir='ltr'>νεώτερος,</span> <span class='ocrx_word' id='word_1_61' title='bbox 1496 1049 1558 1102; x_wconf 84' lang='grc' dir='ltr'>οὐ</span> <span class='ocrx_word' id='word_1_62' title='bbox 1581 1049 1856 1123; x_wconf 87' lang='grc' dir='ltr'>δεύτερος,</span> 
     </span>
    </p>
   </div>
   <div class='ocr_carea' id='block_1_11' title="bbox 269 1119 1862 1214">
    <p class='ocr_par' dir='ltr' id='par_1_11' title="bbox 269 1119 1862 1214">
     <span class='ocr_line' id='line_1_11' title="bbox 269 1119 1862 1214; baseline 0.018 -44"><span class='ocrx_word' id='word_1_63' title='bbox 269 1119 369 1214; x_wconf 77' lang='grc' dir='ltr'><strong>οὑχ</strong></span> <span class='ocrx_word' id='word_1_64' title='bbox 399 1120 628 1196; x_wconf 83' lang='grc' dir='ltr'>ὕστερον</span> <span class='ocrx_word' id='word_1_65' title='bbox 657 1129 1122 1201; x_wconf 82' lang='grc' dir='ltr'>προσγενόμενος·</span> <span class='ocrx_word' id='word_1_66' title='bbox 1148 1135 1277 1200; x_wconf 86' lang='grc' dir='ltr'>Υἱός</span> <span class='ocrx_word' id='word_1_67' title='bbox 1303 1138 1452 1193; x_wconf 84' lang='grc' dir='ltr'>ἐστιν</span> <span class='ocrx_word' id='word_1_68' title='bbox 1477 1138 1631 1210; x_wconf 81' lang='grc' dir='ltr'>ἐμὸς,</span> <span class='ocrx_word' id='word_1_69' title='bbox 1672 1119 1862 1214; x_wconf 77' lang='grc' dir='ltr'>ὁμοού-</span> 
     </span>
    </p>
   </div>
   <div class='ocr_carea' id='block_1_12' title="bbox 271 1211 1860 1302">
    <p class='ocr_par' dir='ltr' id='par_1_12' title="bbox 271 1211 1860 1302">
     <span class='ocr_line' id='line_1_12' title="bbox 271 1211 1860 1302; baseline 0.018 -40"><span class='ocrx_word' id='word_1_70' title='bbox 271 1211 388 1275; x_wconf 87' lang='grc' dir='ltr'>σιός</span> <span class='ocrx_word' id='word_1_71' title='bbox 426 1230 538 1282; x_wconf 91' lang='grc' dir='ltr'>μοι,</span> <span class='ocrx_word' id='word_1_72' title='bbox 574 1216 674 1270; x_wconf 85' lang='grc' dir='ltr'>οὐκ</span> <span class='ocrx_word' id='word_1_73' title='bbox 707 1218 1040 1285; x_wconf 87' lang='grc' dir='ltr'>ἀλλοούσιος·</span> <span class='ocrx_word' id='word_1_74' title='bbox 1068 1223 1356 1295; x_wconf 85' lang='grc' dir='ltr'>ὁμοούσιός</span> <span class='ocrx_word' id='word_1_75' title='bbox 1396 1246 1491 1299; x_wconf 89' lang='grc' dir='ltr'><strong>μοι</strong></span> <span class='ocrx_word' id='word_1_76' title='bbox 1529 1229 1606 1295; x_wconf 87' lang='grc' dir='ltr'><strong>ὡς</strong></span> <span class='ocrx_word' id='word_1_77' title='bbox 1636 1211 1753 1302; x_wconf 63' lang='grc' dir='ltr'><strong>φῶς</strong></span> <span class='ocrx_word' id='word_1_78' title='bbox 1795 1238 1860 1291; x_wconf 87' lang='grc' dir='ltr'><strong>ἐκ</strong></span> 
     </span>
    </p>
   </div>
   <div class='ocr_carea' id='block_1_13' title="bbox 271 1303 1862 1400">
    <p class='ocr_par' dir='ltr' id='par_1_13' title="bbox 271 1303 1862 1400">
     <span class='ocr_line' id='line_1_13' title="bbox 271 1303 1862 1400; baseline 0.018 -46"><span class='ocrx_word' id='word_1_79' title='bbox 271 1303 572 1400; x_wconf 39' lang='grc' dir='ltr'>ιρωτὸςὶὠς</span> <span class='ocrx_word' id='word_1_80' title='bbox 594 1305 708 1380; x_wconf 77' lang='grc' dir='ltr'><strong>ζωὴ</strong></span> <span class='ocrx_word' id='word_1_81' title='bbox 740 1312 804 1363; x_wconf 87' lang='grc' dir='ltr'><strong>ἐκ</strong></span> <span class='ocrx_word' id='word_1_82' title='bbox 831 1312 1000 1384; x_wconf 78' lang='grc' dir='ltr'>ζωῆς,</span> <span class='ocrx_word' id='word_1_83' title='bbox 1022 1316 1098 1379; x_wconf 87' lang='grc' dir='ltr'>ὡς</span> <span class='ocrx_word' id='word_1_84' title='bbox 1124 1318 1274 1390; x_wconf 83' lang='grc' dir='ltr'>πηγὴ</span> <span class='ocrx_word' id='word_1_85' title='bbox 1306 1321 1369 1373; x_wconf 89' lang='grc' dir='ltr'><strong>ἐκ</strong></span> <span class='ocrx_word' id='word_1_86' title='bbox 1393 1325 1597 1395; x_wconf 84' lang='grc' dir='ltr'>πηγῆς,</span> <span class='ocrx_word' id='word_1_87' title='bbox 1625 1326 1701 1391; x_wconf 87' lang='grc' dir='ltr'><strong>ὡς</strong></span> <span class='ocrx_word' id='word_1_88' title='bbox 1728 1328 1862 1400; x_wconf 80' lang='grc' dir='ltr'>ἀλή-</span> 
     </span>
    </p>
   </div>
   <div class='ocr_carea' id='block_1_14' title="bbox 271 1395 1860 1488">
    <p class='ocr_par' dir='ltr' id='par_1_14' title="bbox 271 1395 1860 1488">
     <span class='ocr_line' id='line_1_14' title="bbox 271 1395 1860 1488; baseline 0.019 -43"><span class='ocrx_word' id='word_1_89' title='bbox 271 1395 398 1488; x_wconf 75' lang='grc' dir='ltr'>θεια</span> <span class='ocrx_word' id='word_1_90' title='bbox 430 1397 488 1462; x_wconf 81' lang='grc' dir='ltr'>ἐξ</span> <span class='ocrx_word' id='word_1_91' title='bbox 519 1399 800 1470; x_wconf 76' lang='grc' dir='ltr'><strong>ἀληθείας,</strong></span> <span class='ocrx_word' id='word_1_92' title='bbox 833 1404 908 1468; x_wconf 84' lang='grc' dir='ltr'>ὡς</span> <span class='ocrx_word' id='word_1_93' title='bbox 940 1406 1166 1478; x_wconf 87' lang='grc' dir='ltr'>δύναμις</span> <span class='ocrx_word' id='word_1_94' title='bbox 1205 1412 1269 1465; x_wconf 84' lang='grc' dir='ltr'><strong>ἐκ</strong></span> <span class='ocrx_word' id='word_1_95' title='bbox 1295 1411 1599 1486; x_wconf 84' lang='grc' dir='ltr'>δυνάμεως,</span> <span class='ocrx_word' id='word_1_96' title='bbox 1634 1419 1707 1483; x_wconf 83' lang='grc' dir='ltr'>ὡς</span> <span class='ocrx_word' id='word_1_97' title='bbox 1729 1395 1860 1488; x_wconf 63' lang='grc' dir='ltr'>Θεός</span> 
     </span>
    </p>
   </div>
   <div class='ocr_carea' id='block_1_15' title="bbox 270 1487 1860 1582">
    <p class='ocr_par' dir='ltr' id='par_1_15' title="bbox 270 1487 1860 1582">
     <span class='ocr_line' id='line_1_15' title="bbox 270 1487 1860 1582; baseline 0.018 -44"><span class='ocrx_word' id='word_1_98' title='bbox 270 1487 529 1582; x_wconf 30' lang='grc' dir='ltr'>ὲκ-Θεοῦ·</span> <span class='ocrx_word' id='word_1_99' title='bbox 564 1491 679 1561; x_wconf 88' lang='grc' dir='ltr'>ἐγὼ</span> <span class='ocrx_word' id='word_1_100' title='bbox 704 1496 996 1568; x_wconf 79' lang='grc' dir='ltr'>ἐγέννησα,</span> <span class='ocrx_word' id='word_1_101' title='bbox 1042 1493 1198 1567; x_wconf 79' lang='grc' dir='ltr'>οὗτος</span> <span class='ocrx_word' id='word_1_102' title='bbox 1233 1505 1580 1578; x_wconf 83' lang='grc' dir='ltr'>γεγέννηται·</span> <span class='ocrx_word' id='word_1_103' title='bbox 1627 1513 1763 1582; x_wconf 86' lang='grc' dir='ltr'>ἐμοῦ</span> <span class='ocrx_word' id='word_1_104' title='bbox 1805 1514 1860 1568; x_wconf 77' lang='grc' dir='ltr'><strong>δὲ</strong></span> 
     </span>
    </p>
   </div>
   <div class='ocr_carea' id='block_1_16' title="bbox 271 1579 1862 1674">
    <p class='ocr_par' dir='ltr' id='par_1_16' title="bbox 271 1579 1862 1674">
     <span class='ocr_line' id='line_1_16' title="bbox 271 1579 1862 1674; baseline 0.018 -44"><span class='ocrx_word' id='word_1_105' title='bbox 271 1579 366 1632; x_wconf 71' lang='grc' dir='ltr'>καὶ</span> <span class='ocrx_word' id='word_1_106' title='bbox 394 1579 608 1648; x_wconf 86' lang='grc' dir='ltr'>τούτου,</span> <span class='ocrx_word' id='word_1_107' title='bbox 642 1584 809 1655; x_wconf 81' lang='grc' dir='ltr'>μέσον</span> <span class='ocrx_word' id='word_1_108' title='bbox 837 1589 1016 1645; x_wconf 81' lang='grc' dir='ltr'>οὐδέν.</span> <span class='ocrx_word' id='word_1_109' title='bbox 1072 1593 1212 1662; x_wconf 88' lang='grc' dir='ltr'><strong>Ἐγὼ</strong></span> <span class='ocrx_word' id='word_1_110' title='bbox 1232 1596 1501 1669; x_wconf 73' lang='grc' dir='ltr'>ἐγέννησα</span> <span class='ocrx_word' id='word_1_111' title='bbox 1530 1601 1606 1665; x_wconf 81' lang='grc' dir='ltr'>ὡς</span> <span class='ocrx_word' id='word_1_112' title='bbox 1624 1601 1862 1674; x_wconf 80' lang='grc' dir='ltr'>ἐπρεπέν</span> 
     </span>
    </p>
   </div>
   <div class='ocr_carea' id='block_1_17' title="bbox 273 1674 1860 1766">
    <p class='ocr_par' dir='ltr' id='par_1_17' title="bbox 273 1674 1860 1766">
     <span class='ocr_line' id='line_1_17' title="bbox 273 1674 1860 1766; baseline 0.018 -43"><span class='ocrx_word' id='word_1_113' title='bbox 273 1687 364 1738; x_wconf 88' lang='grc' dir='ltr'><strong>μοι</strong></span> <span class='ocrx_word' id='word_1_114' title='bbox 407 1674 670 1745; x_wconf 84' lang='grc' dir='ltr'>γεννῆσαι</span> <span class='ocrx_word' id='word_1_115' title='bbox 719 1683 988 1750; x_wconf 81' lang='grc' dir='ltr'><strong>πεφυκότι</strong></span> <span class='ocrx_word' id='word_1_116' title='bbox 1041 1685 1182 1758; x_wconf 84' lang='grc' dir='ltr'>Θεῷ·</span> <span class='ocrx_word' id='word_1_117' title='bbox 1224 1682 1381 1754; x_wconf 75' lang='grc' dir='ltr'>οὗτος</span> <span class='ocrx_word' id='word_1_118' title='bbox 1421 1692 1746 1766; x_wconf 76' lang='grc' dir='ltr'>γεγέννηται</span> <span class='ocrx_word' id='word_1_119' title='bbox 1786 1699 1860 1762; x_wconf 88' lang='grc' dir='ltr'>ὠς</span> 
     </span>
    </p>
   </div>
   <div class='ocr_carea' id='block_1_18' title="bbox 271 1762 1856 1858">
    <p class='ocr_par' dir='ltr' id='par_1_18' title="bbox 271 1762 1856 1858">
     <span class='ocr_line' id='line_1_18' title="bbox 271 1762 1856 1858; baseline 0.018 -43"><span class='ocrx_word' id='word_1_120' title='bbox 271 1762 513 1835; x_wconf 73' lang='grc' dir='ltr'>ἔπρεπεν</span> <span class='ocrx_word' id='word_1_121' title='bbox 565 1770 716 1842; x_wconf 87' lang='grc' dir='ltr'><strong>αὑτῴ</strong></span> <span class='ocrx_word' id='word_1_122' title='bbox 756 1775 1087 1847; x_wconf 78' lang='grc' dir='ltr'>γεννηθῆναι</span> <span class='ocrx_word' id='word_1_123' title='bbox 1137 1779 1257 1852; x_wconf 84' lang='grc' dir='ltr'><strong>Θεῷ</strong></span> <span class='ocrx_word' id='word_1_124' title='bbox 1303 1782 1466 1855; x_wconf 82' lang='grc' dir='ltr'><strong>Λόγῳ</strong></span> <span class='ocrx_word' id='word_1_125' title='bbox 1508 1762 1856 1858; x_wconf 72' lang='grc' dir='ltr'>τυγχάνοντι.</span> 
     </span>
    </p>
   </div>
   <div class='ocr_carea' id='block_1_19' title="bbox 283 1858 1863 1952">
    <p class='ocr_par' dir='ltr' id='par_1_19' title="bbox 283 1858 1863 1952">
     <span class='ocr_line' id='line_1_19' title="bbox 283 1858 1863 1952; baseline 0.018 -42"><span class='ocrx_word' id='word_1_126' title='bbox 283 1858 653 1952; x_wconf 64' lang='grc' dir='ltr'>’ᾼνθρὼπινον</span> <span class='ocrx_word' id='word_1_127' title='bbox 699 1866 760 1921; x_wconf 87' lang='grc' dir='ltr'><strong>τὺ</strong></span> <span class='ocrx_word' id='word_1_128' title='bbox 793 1869 891 1940; x_wconf 76' lang='grc' dir='ltr'>τῆς</span> <span class='ocrx_word' id='word_1_129' title='bbox 921 1875 1227 1944; x_wconf 82' lang='grc' dir='ltr'>γεννήσεως</span> <span class='ocrx_word' id='word_1_130' title='bbox 1256 1877 1450 1950; x_wconf 77' lang='grc' dir='ltr'>ὄνομα,</span> <span class='ocrx_word' id='word_1_131' title='bbox 1480 1880 1619 1935; x_wconf 86' lang='grc' dir='ltr'><strong>ἀλλά</strong></span> <span class='ocrx_word' id='word_1_132' title='bbox 1664 1901 1863 1952; x_wconf 87' lang='grc' dir='ltr'>μυστι-</span> 
     </span>
    </p>
   </div>
   <div class='ocr_carea' id='block_1_20' title="bbox 1962 691 3568 777">
    <p class='ocr_par' dir='ltr' id='par_1_20' title="bbox 1962 691 3568 777">
     <span class='ocr_line' id='line_1_20' title="bbox 1962 691 3568 777; baseline 0.014 -31"><span class='ocrx_word' id='word_1_133' title='bbox 1962 691 2134 750; x_wconf 87' lang='lat' dir='ltr'><strong>Filius</strong></span> <span class='ocrx_word' id='word_1_134' title='bbox 2176 711 2334 756; x_wconf 86' lang='lat' dir='ltr'><strong>meus</strong></span> <span class='ocrx_word' id='word_1_135' title='bbox 2365 701 2658 771; x_wconf 90' lang='lat' dir='ltr'><strong>genuinus,</strong></span> <span class='ocrx_word' id='word_1_136' title='bbox 2697 717 2807 760; x_wconf 93' lang='lat' dir='ltr'><strong>non</strong></span> <span class='ocrx_word' id='word_1_137' title='bbox 2832 705 3120 777; x_wconf 78' lang='lat' dir='ltr'><strong>adoptivus</strong></span> <span class='ocrx_word' id='word_1_138' title='bbox 3147 725 3160 762; x_wconf 90' lang='lat'><strong>:</strong></span> <span class='ocrx_word' id='word_1_139' title='bbox 3195 706 3368 764; x_wconf 83' lang='lat' dir='ltr'><strong>Filius</strong></span> <span class='ocrx_word' id='word_1_140' title='bbox 3395 727 3568 768; x_wconf 79' lang='lat' dir='ltr'><strong>meus-</strong></span> 
     </span>
    </p>
   </div>
   <div class='ocr_carea' id='block_1_21' title="bbox 1961 786 3552 871">
    <p class='ocr_par' dir='ltr' id='par_1_21' title="bbox 1961 786 3552 871">
     <span class='ocr_line' id='line_1_21' title="bbox 1961 786 3552 871; baseline 0.011 -33"><span class='ocrx_word' id='word_1_141' title='bbox 1961 791 2066 851; x_wconf 89' lang='lat' dir='ltr'><strong>est,</strong></span> <span class='ocrx_word' id='word_1_142' title='bbox 2099 786 2195 853; x_wconf 86' lang='lat' dir='ltr'><strong>qui</strong></span> <span class='ocrx_word' id='word_1_143' title='bbox 2232 802 2300 842; x_wconf 80' lang='lat' dir='ltr'><strong>ex</strong></span> <span class='ocrx_word' id='word_1_144' title='bbox 2349 789 2654 848; x_wconf 76' lang='lat' dir='ltr'><strong>substantia</strong></span> <span class='ocrx_word' id='word_1_145' title='bbox 2695 809 2818 850; x_wconf 87' lang='lat' dir='ltr'><strong>mea</strong></span> <span class='ocrx_word' id='word_1_146' title='bbox 2859 797 3300 867; x_wconf 87' lang='lat' dir='ltr'><strong>incorporaliter,</strong></span> <span class='ocrx_word' id='word_1_147' title='bbox 3343 800 3552 871; x_wconf 81' lang='lat' dir='ltr'><strong>absque</strong></span> 
     </span>
    </p>
   </div>
   <div class='ocr_carea' id='block_1_22' title="bbox 1964 874 3552 955">
    <p class='ocr_par' dir='ltr' id='par_1_22' title="bbox 1964 874 3552 955">
     <span class='ocr_line' id='line_1_22' title="bbox 1964 874 3552 955; baseline 0.012 -28"><span class='ocrx_word' id='word_1_148' title='bbox 1964 874 2076 929; x_wconf 91' lang='lat' dir='ltr'><strong>ullo</strong></span> <span class='ocrx_word' id='word_1_149' title='bbox 2109 875 2285 944; x_wconf 82' lang='lat' dir='ltr'><strong>ﬂuxu,</strong></span> <span class='ocrx_word' id='word_1_150' title='bbox 2317 887 2372 934; x_wconf 85' lang='lat' dir='ltr'><strong>et</strong></span> <span class='ocrx_word' id='word_1_151' title='bbox 2405 881 2840 954; x_wconf 88' lang='lat' dir='ltr'><strong>intemporaliter</strong></span> <span class='ocrx_word' id='word_1_152' title='bbox 2868 887 3094 955; x_wconf 76' lang='lat' dir='ltr'><strong>effulsit,</strong></span> <span class='ocrx_word' id='word_1_153' title='bbox 3127 905 3237 945; x_wconf 91' lang='lat' dir='ltr'><strong>non</strong></span> <span class='ocrx_word' id='word_1_154' title='bbox 3273 899 3454 946; x_wconf 83' lang='lat' dir='ltr'><strong>autem</strong></span> <span class='ocrx_word' id='word_1_155' title='bbox 3483 906 3552 946; x_wconf 87' lang='lat' dir='ltr'><strong>ex</strong></span> 
     </span>
    </p>
   </div>
   <div class='ocr_carea' id='block_1_23' title="bbox 1963 968 3552 1045">
    <p class='ocr_par' dir='ltr' id='par_1_23' title="bbox 1963 968 3552 1045">
     <span class='ocr_line' id='line_1_23' title="bbox 1963 968 3552 1045; baseline 0.009 -24"><span class='ocrx_word' id='word_1_156' title='bbox 1963 968 2141 1024; x_wconf 88' lang='lat' dir='ltr'><strong>aliena</strong></span> <span class='ocrx_word' id='word_1_157' title='bbox 2189 970 2494 1030; x_wconf 75' lang='lat' dir='ltr'><strong>substantia</strong></span> <span class='ocrx_word' id='word_1_158' title='bbox 2546 977 2788 1045; x_wconf 90' lang='lat' dir='ltr'><strong>prodiit:</strong></span> <span class='ocrx_word' id='word_1_159' title='bbox 2834 978 3007 1036; x_wconf 90' lang='lat' dir='ltr'><strong>Filius</strong></span> <span class='ocrx_word' id='word_1_160' title='bbox 3044 996 3202 1037; x_wconf 89' lang='lat' dir='ltr'><strong>meus</strong></span> <span class='ocrx_word' id='word_1_161' title='bbox 3227 982 3552 1037; x_wconf 88' lang='lat' dir='ltr'><strong>naturaliter</strong></span> 
     </span>
    </p>
   </div>
   <div class='ocr_carea' id='block_1_24' title="bbox 1961 1065 3548 1138">
    <p class='ocr_par' dir='ltr' id='par_1_24' title="bbox 1961 1065 3548 1138">
     <span class='ocr_line' id='line_1_24' title="bbox 1961 1065 3548 1138; baseline 0.008 -24"><span class='ocrx_word' id='word_1_162' title='bbox 1961 1068 2069 1127; x_wconf 88' lang='lat' dir='ltr'><strong>est,</strong></span> <span class='ocrx_word' id='word_1_163' title='bbox 2104 1077 2213 1116; x_wconf 89' lang='lat' dir='ltr'><strong>non</strong></span> <span class='ocrx_word' id='word_1_164' title='bbox 2247 1065 2488 1133; x_wconf 77' lang='lat' dir='ltr'><strong>gratiose</strong></span> <span class='ocrx_word' id='word_1_165' title='bbox 2513 1083 2527 1120; x_wconf 87' lang='lat'><strong>:</strong></span> <span class='ocrx_word' id='word_1_166' title='bbox 2560 1065 2732 1123; x_wconf 91' lang='lat' dir='ltr'><strong>Filius</strong></span> <span class='ocrx_word' id='word_1_167' title='bbox 2751 1084 2908 1125; x_wconf 90' lang='lat' dir='ltr'><strong>meus</strong></span> <span class='ocrx_word' id='word_1_168' title='bbox 2928 1078 3032 1137; x_wconf 90' lang='lat' dir='ltr'><strong>est,</strong></span> <span class='ocrx_word' id='word_1_169' title='bbox 3062 1081 3366 1128; x_wconf 85' lang='lat' dir='ltr'><strong>coaeternus</strong></span> <span class='ocrx_word' id='word_1_170' title='bbox 3391 1073 3548 1138; x_wconf 90' lang='lat' dir='ltr'><strong>mihi,</strong></span> 
     </span>
    </p>
   </div>
   <div class='ocr_carea' id='block_1_25' title="bbox 1966 1139 3550 1234">
    <p class='ocr_par' dir='ltr' id='par_1_25' title="bbox 1966 1139 3550 1234">
     <span class='ocr_line' id='line_1_25' title="bbox 1966 1139 3550 1234; baseline 0.009 -28"><span class='ocrx_word' id='word_1_171' title='bbox 1966 1139 2089 1208; x_wconf 80' lang='lat' dir='ltr'><strong>non&#39;</strong></span> <span class='ocrx_word' id='word_1_172' title='bbox 2116 1155 2409 1223; x_wconf 88' lang='lat' dir='ltr'><strong>recentior,</strong></span> <span class='ocrx_word' id='word_1_173' title='bbox 2456 1172 2567 1212; x_wconf 90' lang='lat' dir='ltr'><strong>non</strong></span> <span class='ocrx_word' id='word_1_174' title='bbox 2611 1161 2917 1229; x_wconf 90' lang='lat' dir='ltr'><strong>secundus,</strong></span> <span class='ocrx_word' id='word_1_175' title='bbox 2958 1179 3072 1218; x_wconf 91' lang='lat' dir='ltr'><strong>non</strong></span> <span class='ocrx_word' id='word_1_176' title='bbox 3110 1165 3203 1234; x_wconf 89' lang='lat' dir='ltr'><strong>qui</strong></span> <span class='ocrx_word' id='word_1_177' title='bbox 3230 1173 3419 1234; x_wconf 90' lang='lat' dir='ltr'><strong>postea</strong></span> <span class='ocrx_word' id='word_1_178' title='bbox 3452 1180 3550 1221; x_wconf 90' lang='lat' dir='ltr'><strong>su-</strong></span> 
     </span>
    </p>
   </div>
   <div class='ocr_carea' id='block_1_26' title="bbox 1964 1245 3547 1321">
    <p class='ocr_par' dir='ltr' id='par_1_26' title="bbox 1964 1245 3547 1321">
     <span class='ocr_line' id='line_1_26' title="bbox 1964 1245 3547 1321; baseline 0.005 -23"><span class='ocrx_word' id='word_1_179' title='bbox 1964 1245 2274 1313; x_wconf 83' lang='lat' dir='ltr'><strong>pervenerit</strong></span> <span class='ocrx_word' id='word_1_180' title='bbox 2301 1263 2317 1301; x_wconf 85' lang='lat'><strong>;</strong></span> <span class='ocrx_word' id='word_1_181' title='bbox 2351 1245 2526 1303; x_wconf 88' lang='lat' dir='ltr'><strong>Filius</strong></span> <span class='ocrx_word' id='word_1_182' title='bbox 2551 1263 2730 1318; x_wconf 89' lang='lat' dir='ltr'><strong>meus,</strong></span> <span class='ocrx_word' id='word_1_183' title='bbox 2751 1253 3406 1321; x_wconf 86' lang='lat' dir='ltr'><strong>mihiconsubstantialis,</strong></span> <span class='ocrx_word' id='word_1_184' title='bbox 3439 1269 3547 1309; x_wconf 92' lang='lat' dir='ltr'><strong>non</strong></span> 
     </span>
    </p>
   </div>
   <div class='ocr_carea' id='block_1_27' title="bbox 1962 1334 3549 1408">
    <p class='ocr_par' dir='ltr' id='par_1_27' title="bbox 1962 1334 3549 1408">
     <span class='ocr_line' id='line_1_27' title="bbox 1962 1334 3549 1408; baseline 0.008 -22"><span class='ocrx_word' id='word_1_185' title='bbox 1962 1347 2029 1386; x_wconf 81' lang='lat' dir='ltr'><strong>cx</strong></span> <span class='ocrx_word' id='word_1_186' title='bbox 2093 1334 2274 1390; x_wconf 88' lang='lat' dir='ltr'><strong>aliena</strong></span> <span class='ocrx_word' id='word_1_187' title='bbox 2335 1336 2646 1392; x_wconf 83' lang='lat' dir='ltr'><strong>substantia</strong></span> <span class='ocrx_word' id='word_1_188' title='bbox 2713 1346 3009 1408; x_wconf 85' lang='lat' dir='ltr'><strong>constans,</strong></span> <span class='ocrx_word' id='word_1_189' title='bbox 3061 1342 3549 1399; x_wconf 86' lang='lat' dir='ltr'><strong>consubstantialis</strong></span> 
     </span>
    </p>
   </div>
   <div class='ocr_carea' id='block_1_28' title="bbox 1965 1425 3548 1501">
    <p class='ocr_par' dir='ltr' id='par_1_28' title="bbox 1965 1425 3548 1501">
     <span class='ocr_line' id='line_1_28' title="bbox 1965 1425 3548 1501; baseline 0.007 -24"><span class='ocrx_word' id='word_1_190' title='bbox 1965 1425 2100 1480; x_wconf 88' lang='lat' dir='ltr'><strong>mihi</strong></span> <span class='ocrx_word' id='word_1_191' title='bbox 2129 1441 2229 1482; x_wconf 91' lang='lat' dir='ltr'><strong>ceu</strong></span> <span class='ocrx_word' id='word_1_192' title='bbox 2279 1428 2464 1484; x_wconf 91' lang='lat' dir='ltr'><strong>lumen</strong></span> <span class='ocrx_word' id='word_1_193' title='bbox 2507 1430 2574 1484; x_wconf 91' lang='lat' dir='ltr'><strong>de</strong></span> <span class='ocrx_word' id='word_1_194' title='bbox 2621 1429 2846 1498; x_wconf 88' lang='lat' dir='ltr'><strong>lumine,</strong></span> <span class='ocrx_word' id='word_1_195' title='bbox 2883 1431 2995 1486; x_wconf 89' lang='lat' dir='ltr'><strong>vita</strong></span> <span class='ocrx_word' id='word_1_196' title='bbox 3039 1448 3106 1488; x_wconf 84' lang='lat' dir='ltr'><strong>ex</strong></span> <span class='ocrx_word' id='word_1_197' title='bbox 3150 1434 3283 1501; x_wconf 89' lang='lat' dir='ltr'><strong>vita,</strong></span> <span class='ocrx_word' id='word_1_198' title='bbox 3320 1434 3443 1490; x_wconf 89' lang='lat' dir='ltr'><strong>fons</strong></span> <span class='ocrx_word' id='word_1_199' title='bbox 3481 1449 3548 1490; x_wconf 85' lang='lat' dir='ltr'><strong>ex</strong></span> 
     </span>
    </p>
   </div>
   <div class='ocr_carea' id='block_1_29' title="bbox 1964 1516 3546 1589">
    <p class='ocr_par' dir='ltr' id='par_1_29' title="bbox 1964 1516 3546 1589">
     <span class='ocr_line' id='line_1_29' title="bbox 1964 1516 3546 1589; baseline 0.007 -19"><span class='ocrx_word' id='word_1_200' title='bbox 1964 1516 2136 1585; x_wconf 86' lang='lat' dir='ltr'><strong>fonte,</strong></span> <span class='ocrx_word' id='word_1_201' title='bbox 2173 1520 2377 1576; x_wconf 86' lang='lat' dir='ltr'><strong>veritas</strong></span> <span class='ocrx_word' id='word_1_202' title='bbox 2406 1535 2474 1575; x_wconf 85' lang='lat' dir='ltr'><strong>ex</strong></span> <span class='ocrx_word' id='word_1_203' title='bbox 2506 1523 2754 1589; x_wconf 84' lang='lat' dir='ltr'><strong>veritate,</strong></span> <span class='ocrx_word' id='word_1_204' title='bbox 2798 1523 2882 1578; x_wconf 88' lang='lat' dir='ltr'><strong>vis</strong></span> <span class='ocrx_word' id='word_1_205' title='bbox 2913 1539 2979 1579; x_wconf 85' lang='lat' dir='ltr'><strong>ex</strong></span> <span class='ocrx_word' id='word_1_206' title='bbox 3014 1525 3088 1589; x_wconf 94' lang='lat' dir='ltr'><strong>vi,</strong></span> <span class='ocrx_word' id='word_1_207' title='bbox 3129 1525 3273 1582; x_wconf 88' lang='lat' dir='ltr'><strong>Deus</strong></span> <span class='ocrx_word' id='word_1_208' title='bbox 3310 1528 3378 1582; x_wconf 90' lang='lat' dir='ltr'><strong>de</strong></span> <span class='ocrx_word' id='word_1_209' title='bbox 3415 1526 3546 1582; x_wconf 89' lang='lat' dir='ltr'><strong>Deo.</strong></span> 
     </span>
    </p>
   </div>
   <div class='ocr_carea' id='block_1_30' title="bbox 1963 1609 3549 1687">
    <p class='ocr_par' dir='ltr' id='par_1_30' title="bbox 1963 1609 3549 1687">
     <span class='ocr_line' id='line_1_30' title="bbox 1963 1609 3549 1687; baseline 0.006 -23"><span class='ocrx_word' id='word_1_210' title='bbox 1963 1609 2077 1680; x_wconf 80' lang='lat' dir='ltr'><strong>Ego</strong></span> <span class='ocrx_word' id='word_1_211' title='bbox 2111 1612 2298 1682; x_wconf 85' lang='lat' dir='ltr'><strong>genui,</strong></span> <span class='ocrx_word' id='word_1_212' title='bbox 2338 1612 2426 1668; x_wconf 91' lang='lat' dir='ltr'><strong>hic</strong></span> <span class='ocrx_word' id='word_1_213' title='bbox 2455 1613 2674 1683; x_wconf 83' lang='lat' dir='ltr'><strong>genitus</strong></span> <span class='ocrx_word' id='word_1_214' title='bbox 2700 1622 2786 1670; x_wconf 87' lang='lat' dir='ltr'><strong>est</strong></span> <span class='ocrx_word' id='word_1_215' title='bbox 2816 1631 2832 1672; x_wconf 89' lang='lat'><strong>:</strong></span> <span class='ocrx_word' id='word_1_216' title='bbox 2864 1615 3007 1671; x_wconf 88' lang='lat' dir='ltr'><strong>inter</strong></span> <span class='ocrx_word' id='word_1_217' title='bbox 3045 1632 3132 1671; x_wconf 90' lang='lat' dir='ltr'><strong>me</strong></span> <span class='ocrx_word' id='word_1_218' title='bbox 3173 1625 3337 1687; x_wconf 86' lang='lat' dir='ltr'><strong>atque</strong></span> <span class='ocrx_word' id='word_1_219' title='bbox 3381 1617 3549 1683; x_wconf 75' lang='lat' dir='ltr'><strong>hunc,</strong></span> 
     </span>
    </p>
   </div>
   <div class='ocr_carea' id='block_1_31' title="bbox 1965 1702 3552 1782">
    <p class='ocr_par' dir='ltr' id='par_1_31' title="bbox 1965 1702 3552 1782">
     <span class='ocr_line' id='line_1_31' title="bbox 1965 1702 3552 1782; baseline 0.006 -26"><span class='ocrx_word' id='word_1_220' title='bbox 1965 1702 2101 1756; x_wconf 86' lang='lat' dir='ltr'><strong>nihil</strong></span> <span class='ocrx_word' id='word_1_221' title='bbox 2140 1712 2224 1759; x_wconf 87' lang='lat' dir='ltr'><strong>est</strong></span> <span class='ocrx_word' id='word_1_222' title='bbox 2264 1705 2532 1762; x_wconf 89' lang='lat' dir='ltr'><strong>medium.</strong></span> <span class='ocrx_word' id='word_1_223' title='bbox 2577 1705 2691 1777; x_wconf 83' lang='lat' dir='ltr'><strong>Ego</strong></span> <span class='ocrx_word' id='word_1_224' title='bbox 2726 1707 2890 1778; x_wconf 90' lang='lat' dir='ltr'><strong>genui</strong></span> <span class='ocrx_word' id='word_1_225' title='bbox 2943 1724 3006 1764; x_wconf 91' lang='lat' dir='ltr'><strong>ea</strong></span> <span class='ocrx_word' id='word_1_226' title='bbox 3051 1710 3266 1766; x_wconf 84' lang='lat' dir='ltr'><strong>ratione</strong></span> <span class='ocrx_word' id='word_1_227' title='bbox 3307 1725 3416 1782; x_wconf 86' lang='lat' dir='ltr'><strong>qua</strong></span> <span class='ocrx_word' id='word_1_228' title='bbox 3465 1727 3552 1766; x_wconf 88' lang='lat' dir='ltr'><strong>me</strong></span> 
     </span>
    </p>
   </div>
   <div class='ocr_carea' id='block_1_32' title="bbox 1964 1792 3554 1871">
    <p class='ocr_par' dir='ltr' id='par_1_32' title="bbox 1964 1792 3554 1871">
     <span class='ocr_line' id='line_1_32' title="bbox 1964 1792 3554 1871; baseline 0.006 -24"><span class='ocrx_word' id='word_1_229' title='bbox 1964 1792 2121 1847; x_wconf 86' lang='lat' dir='ltr'><strong>decet</strong></span> <span class='ocrx_word' id='word_1_230' title='bbox 2152 1807 2418 1864; x_wconf 85' lang='lat' dir='ltr'><strong>generare</strong></span> <span class='ocrx_word' id='word_1_231' title='bbox 2448 1795 2543 1866; x_wconf 88' lang='lat' dir='ltr'><strong>qui</strong></span> <span class='ocrx_word' id='word_1_232' title='bbox 2581 1793 2728 1853; x_wconf 86' lang='lat' dir='ltr'><strong>Deus</strong></span> <span class='ocrx_word' id='word_1_233' title='bbox 2779 1814 2900 1854; x_wconf 89' lang='lat' dir='ltr'><strong>sum</strong></span> <span class='ocrx_word' id='word_1_234' title='bbox 2931 1817 2944 1854; x_wconf 92' lang='lat'><strong>:</strong></span> <span class='ocrx_word' id='word_1_235' title='bbox 2979 1799 3068 1856; x_wconf 91' lang='lat' dir='ltr'><strong>hic</strong></span> <span class='ocrx_word' id='word_1_236' title='bbox 3097 1801 3316 1871; x_wconf 86' lang='lat' dir='ltr'><strong>genitus</strong></span> <span class='ocrx_word' id='word_1_237' title='bbox 3355 1817 3422 1856; x_wconf 88' lang='lat' dir='ltr'><strong>ea</strong></span> <span class='ocrx_word' id='word_1_238' title='bbox 3461 1817 3554 1857; x_wconf 85' lang='lat' dir='ltr'><strong>ra-</strong></span> 
     </span>
    </p>
   </div>
   <div class='ocr_carea' id='block_1_33' title="bbox 1968 1882 3554 1956">
    <p class='ocr_par' dir='ltr' id='par_1_33' title="bbox 1968 1882 3554 1956">
     <span class='ocr_line' id='line_1_33' title="bbox 1968 1882 3554 1956; baseline 0.006 -20"><span class='ocrx_word' id='word_1_239' title='bbox 1968 1882 2116 1938; x_wconf 91' lang='lat' dir='ltr'><strong>tione</strong></span> <span class='ocrx_word' id='word_1_240' title='bbox 2145 1882 2269 1953; x_wconf 85' lang='lat' dir='ltr'><strong>fuit,</strong></span> <span class='ocrx_word' id='word_1_241' title='bbox 2299 1901 2421 1956; x_wconf 73' lang='lat' dir='ltr'><strong>quae</strong></span> <span class='ocrx_word' id='word_1_242' title='bbox 2445 1885 2617 1944; x_wconf 91' lang='lat' dir='ltr'><strong>Deum</strong></span> <span class='ocrx_word' id='word_1_243' title='bbox 2654 1887 2893 1945; x_wconf 82' lang='lat' dir='ltr'><strong>Verbum</strong></span> <span class='ocrx_word' id='word_1_244' title='bbox 2926 1890 3101 1947; x_wconf 89' lang='lat' dir='ltr'><strong>decet.</strong></span> <span class='ocrx_word' id='word_1_245' title='bbox 3133 1889 3445 1947; x_wconf 81' lang='lat' dir='ltr'><strong>Humanum</strong></span> <span class='ocrx_word' id='word_1_246' title='bbox 3468 1902 3554 1949; x_wconf 85' lang='lat' dir='ltr'><strong>est</strong></span> 
     </span>
    </p>
   </div>
   <div class='ocr_carea' id='block_1_34' title="bbox 273 1948 1857 2055">
    <p class='ocr_par' dir='ltr' id='par_1_34' title="bbox 273 1948 1857 2055">
     <span class='ocr_line' id='line_1_34' title="bbox 273 1948 1857 2055; baseline 0.019 -53"><span class='ocrx_word' id='word_1_247' title='bbox 273 1950 374 2055; x_wconf 63' lang='grc' dir='ltr'>κδν</span> <span class='ocrx_word' id='word_1_248' title='bbox 413 1952 475 2006; x_wconf 80' lang='grc' dir='ltr'>τὸ</span> <span class='ocrx_word' id='word_1_249' title='bbox 520 1955 880 2030; x_wconf 85' lang='grc' dir='ltr'>ὑπερχρόνιον</span> <span class='ocrx_word' id='word_1_250' title='bbox 912 1964 1183 2038; x_wconf 82' lang='grc' dir='ltr'>γέννημα·</span> <span class='ocrx_word' id='word_1_251' title='bbox 1225 1948 1417 2040; x_wconf 82' lang='grc' dir='ltr'>χρόνος</span> <span class='ocrx_word' id='word_1_252' title='bbox 1448 1973 1550 2027; x_wconf 87' lang='grc' dir='ltr'><strong>οὑκ</strong></span> <span class='ocrx_word' id='word_1_253' title='bbox 1588 1948 1731 2030; x_wconf 44' lang='grc' dir='ltr'>οἶδ-εν</span> <span class='ocrx_word' id='word_1_254' title='bbox 1759 1976 1857 2048; x_wconf 81' lang='grc' dir='ltr'>τῆς</span> 
     </span>
    </p>
   </div>
   <div class='ocr_carea' id='block_1_35' title="bbox 1962 1948 3548 2055">
    <p class='ocr_par' dir='ltr' id='par_1_35' title="bbox 1967 1978 3548 2055">
     <span class='ocr_line' id='line_1_35' title="bbox 1967 1978 3548 2055; baseline 0.006 -25"><span class='ocrx_word' id='word_1_255' title='bbox 1967 1978 2340 2046; x_wconf 78' lang='lat' dir='ltr'><strong>generationis</strong></span> <span class='ocrx_word' id='word_1_256' title='bbox 2380 1981 2728 2048; x_wconf 84' lang='lat' dir='ltr'><strong>vocabulum,</strong></span> <span class='ocrx_word' id='word_1_257' title='bbox 2780 1982 2876 2038; x_wconf 90' lang='lat' dir='ltr'><strong>sed</strong></span> <span class='ocrx_word' id='word_1_258' title='bbox 2904 1997 3105 2038; x_wconf 85' lang='lat' dir='ltr'><strong>arcana</strong></span> <span class='ocrx_word' id='word_1_259' title='bbox 3146 1993 3229 2040; x_wconf 89' lang='lat' dir='ltr'><strong>est</strong></span> <span class='ocrx_word' id='word_1_260' title='bbox 3269 1984 3548 2055; x_wconf 85' lang='lat' dir='ltr'><strong>intempo-</strong></span> 
     </span>
    </p>
   </div>
   <div class='ocr_carea' id='block_1_36' title="bbox 269 2045 1857 2140">
    <p class='ocr_par' dir='ltr' id='par_1_36' title="bbox 269 2045 1857 2140">
     <span class='ocr_line' id='line_1_36' title="bbox 269 2045 1857 2140; baseline 0.018 -43"><span class='ocrx_word' id='word_1_261' title='bbox 269 2045 414 2140; x_wconf 65' lang='grc' dir='ltr'>ἐμῆς</span> <span class='ocrx_word' id='word_1_262' title='bbox 449 2051 754 2140; x_wconf 82' lang='grc' dir='ltr'>γεννήσεως</span> <span class='ocrx_word' id='word_1_263' title='bbox 791 2056 850 2109; x_wconf 86' lang='grc' dir='ltr'>τὸ</span> <span class='ocrx_word' id='word_1_264' title='bbox 880 2061 1197 2132; x_wconf 88' lang='grc' dir='ltr'>μυστήριον·</span> <span class='ocrx_word' id='word_1_265' title='bbox 1232 2062 1384 2118; x_wconf 78' lang='grc' dir='ltr'>οὔπω</span> <span class='ocrx_word' id='word_1_266' title='bbox 1423 2066 1533 2138; x_wconf 73' lang='grc' dir='ltr'><strong>γὰρ</strong></span> <span class='ocrx_word' id='word_1_267' title='bbox 1560 2063 1628 2140; x_wconf 78' lang='grc' dir='ltr'>ἦν</span> <span class='ocrx_word' id='word_1_268' title='bbox 1649 2084 1662 2099; x_wconf 91' lang='grc'><strong>·</strong></span> <span class='ocrx_word' id='word_1_269' title='bbox 1685 2045 1857 2140; x_wconf 81' lang='grc' dir='ltr'>ἀγγε-</span> 
     </span>
    </p>
   </div>
   <div class='ocr_carea' id='block_1_37' title="bbox 271 2133 1852 2228">
    <p class='ocr_par' dir='ltr' id='par_1_37' title="bbox 271 2133 1852 2228">
     <span class='ocr_line' id='line_1_37' title="bbox 271 2133 1852 2228; baseline 0.019 -42"><span class='ocrx_word' id='word_1_270' title='bbox 271 2133 577 2228; x_wconf 85' lang='grc' dir='ltr'>λοιταύτην</span> <span class='ocrx_word' id='word_1_271' title='bbox 603 2143 704 2196; x_wconf 83' lang='grc' dir='ltr'><strong>οὑκ</strong></span> <span class='ocrx_word' id='word_1_272' title='bbox 729 2143 928 2199; x_wconf 83' lang='grc' dir='ltr'>ῖσασιν·</span> <span class='ocrx_word' id='word_1_273' title='bbox 952 2147 1180 2220; x_wconf 76' lang='grc' dir='ltr'>ὕστερον</span> <span class='ocrx_word' id='word_1_274' title='bbox 1209 2151 1319 2224; x_wconf 87' lang='grc' dir='ltr'><strong>γὰρ</strong></span> <span class='ocrx_word' id='word_1_275' title='bbox 1351 2133 1521 2227; x_wconf 72' lang='grc' dir='ltr'>αὑτῆς</span> <span class='ocrx_word' id='word_1_276' title='bbox 1542 2133 1852 2228; x_wconf 75' lang='grc' dir='ltr'>γεγόνασιν.</span> 
     </span>
    </p>
   </div>
   <div class='ocr_carea' id='block_1_38' title="bbox 1967 2070 3539 2147">
    <p class='ocr_par' dir='ltr' id='par_1_38' title="bbox 1967 2070 3539 2147">
     <span class='ocr_line' id='line_1_38' title="bbox 1967 2070 3539 2147; baseline 0.005 -23"><span class='ocrx_word' id='word_1_277' title='bbox 1967 2070 2101 2126; x_wconf 88' lang='lat' dir='ltr'><strong>ralis</strong></span> <span class='ocrx_word' id='word_1_278' title='bbox 2132 2072 2436 2141; x_wconf 78' lang='lat' dir='ltr'><strong>generatio.</strong></span> <span class='ocrx_word' id='word_1_279' title='bbox 2487 2073 2735 2145; x_wconf 86' lang='lat' dir='ltr'><strong>Ignotum</strong></span> <span class='ocrx_word' id='word_1_280' title='bbox 2788 2075 3020 2146; x_wconf 87' lang='lat' dir='ltr'><strong>tempori</strong></span> <span class='ocrx_word' id='word_1_281' title='bbox 3054 2085 3139 2131; x_wconf 90' lang='lat' dir='ltr'><strong>est</strong></span> <span class='ocrx_word' id='word_1_282' title='bbox 3160 2076 3539 2147; x_wconf 81' lang='lat' dir='ltr'><strong>generationis</strong></span> 
     </span>
    </p>
   </div>
   <div class='ocr_carea' id='block_1_39' title="bbox 1965 2165 3550 2238">
    <p class='ocr_par' dir='ltr' id='par_1_39' title="bbox 1965 2165 3550 2238">
     <span class='ocr_line' id='line_1_39' title="bbox 1965 2165 3550 2238; baseline 0.004 -22"><span class='ocrx_word' id='word_1_283' title='bbox 1965 2176 2102 2217; x_wconf 72' lang='lat' dir='ltr'><strong>meae</strong></span> <span class='ocrx_word' id='word_1_284' title='bbox 2148 2165 2500 2235; x_wconf 86' lang='lat' dir='ltr'><strong>mysterium;</strong></span> <span class='ocrx_word' id='word_1_285' title='bbox 2536 2179 2713 2236; x_wconf 89' lang='lat' dir='ltr'><strong>neque</strong></span> <span class='ocrx_word' id='word_1_286' title='bbox 2769 2165 2916 2220; x_wconf 88' lang='lat' dir='ltr'><strong>enim</strong></span> <span class='ocrx_word' id='word_1_287' title='bbox 2959 2166 3142 2222; x_wconf 87' lang='lat' dir='ltr'><strong>adhuc</strong></span> <span class='ocrx_word' id='word_1_288' title='bbox 3197 2175 3408 2238; x_wconf 87' lang='lat' dir='ltr'><strong>tempus</strong></span> <span class='ocrx_word' id='word_1_289' title='bbox 3451 2182 3550 2223; x_wconf 50' lang='lat' dir='ltr'><strong>ex.</strong></span> 
     </span>
    </p>
   </div>
   <div class='ocr_carea' id='block_1_40' title="bbox 274 2227 2473 2322">
    <p class='ocr_par' dir='ltr' id='par_1_40' title="bbox 274 2227 2473 2322">
     <span class='ocr_line' id='line_1_40' title="bbox 274 2227 2473 2322; baseline 0.015 -42"><span class='ocrx_word' id='word_1_290' title='bbox 274 2227 526 2322; x_wconf 75' lang='lat' dir='ltr'><strong>sis1ebat.</strong></span> <span class='ocrx_word' id='word_1_291' title='bbox 563 2233 755 2302; x_wconf 82' lang='lat' dir='ltr'><strong>Angeli</strong></span> <span class='ocrx_word' id='word_1_292' title='bbox 790 2253 1007 2308; x_wconf 87' lang='lat' dir='ltr'><strong>quoque</strong></span> <span class='ocrx_word' id='word_1_293' title='bbox 1047 2241 1187 2298; x_wconf 89' lang='lat' dir='ltr'><strong>hanc</strong></span> <span class='ocrx_word' id='word_1_294' title='bbox 1217 2244 1489 2314; x_wconf 84' lang='lat' dir='ltr'><strong>ignorant,</strong></span> <span class='ocrx_word' id='word_1_295' title='bbox 1532 2227 1660 2320; x_wconf 88' lang='lat' dir='ltr'><strong>quia</strong></span> <span class='ocrx_word' id='word_1_296' title='bbox 1685 2261 1810 2322; x_wconf 75' lang='lat' dir='ltr'><strong>ppst</strong></span> <span class='ocrx_word' id='word_1_297' title='bbox 1834 2253 1982 2309; x_wconf 90' lang='lat' dir='ltr'><strong>illam</strong></span> <span class='ocrx_word' id='word_1_298' title='bbox 2025 2227 2473 2312; x_wconf 42' lang='lat' dir='ltr'><strong>creati&#39;fuerunt.</strong></span> 
     </span>
    </p>
   </div>
   <div class='ocr_carea' id='block_1_41' title="bbox 343 2319 1860 2417">
    <p class='ocr_par' dir='ltr' id='par_1_41' title="bbox 343 2319 1860 2417">
     <span class='ocr_line' id='line_1_41' title="bbox 343 2319 1860 2417; baseline 0.02 -45"><span class='ocrx_word' id='word_1_299' title='bbox 343 2319 414 2417; x_wconf 82' lang='grc' dir='ltr'><strong>γ’.</strong></span> <span class='ocrx_word' id='word_1_300' title='bbox 440 2321 522 2417; x_wconf 47' lang='lat' dir='ltr'><strong>Ta</strong></span> <span class='ocrx_word' id='word_1_301' title='bbox 555 2324 841 2398; x_wconf 78' lang='grc' dir='ltr'>Χερουϐὶμ</span> <span class='ocrx_word' id='word_1_302' title='bbox 871 2331 965 2384; x_wconf 73' lang='grc' dir='ltr'>καὶ</span> <span class='ocrx_word' id='word_1_303' title='bbox 996 2331 1064 2385; x_wconf 91' lang='grc' dir='ltr'><strong>τά</strong></span> <span class='ocrx_word' id='word_1_304' title='bbox 1097 2335 1350 2408; x_wconf 76' lang='grc' dir='ltr'>Σεραφὶμ</span> <span class='ocrx_word' id='word_1_305' title='bbox 1387 2340 1456 2394; x_wconf 84' lang='grc' dir='ltr'><strong>τά</strong></span> <span class='ocrx_word' id='word_1_306' title='bbox 1499 2319 1860 2417; x_wconf 75' lang='grc' dir='ltr'>πολυόμματα</span> 
     </span>
    </p>
   </div>
   <div class='ocr_carea' id='block_1_42' title="bbox 272 2410 1861 2504">
    <p class='ocr_par' dir='ltr' id='par_1_42' title="bbox 272 2410 1861 2504">
     <span class='ocr_line' id='line_1_42' title="bbox 272 2410 1861 2504; baseline 0.019 -42"><span class='ocrx_word' id='word_1_307' title='bbox 272 2410 367 2462; x_wconf 74' lang='grc' dir='ltr'>καὶ</span> <span class='ocrx_word' id='word_1_308' title='bbox 410 2412 822 2486; x_wconf 81' lang='grc' dir='ltr'>πολυπρόσωπα</span> <span class='ocrx_word' id='word_1_309' title='bbox 855 2423 977 2485; x_wconf 83' lang='grc' dir='ltr'>ταῖς</span> <span class='ocrx_word' id='word_1_310' title='bbox 1006 2423 1265 2496; x_wconf 82' lang='grc' dir='ltr'><strong>πτέρυξιν</strong></span> <span class='ocrx_word' id='word_1_311' title='bbox 1304 2429 1380 2494; x_wconf 83' lang='grc' dir='ltr'>ὡς</span> <span class='ocrx_word' id='word_1_312' title='bbox 1406 2435 1596 2504; x_wconf 73' lang='grc' dir='ltr'>χερσὶν</span> <span class='ocrx_word' id='word_1_313' title='bbox 1637 2410 1861 2493; x_wconf 28' lang='grc' dir='ltr'>τάυέαυο</span> 
     </span>
    </p>
   </div>
   <div class='ocr_carea' id='block_1_43' title="bbox 270 2502 1854 2600">
    <p class='ocr_par' dir='ltr' id='par_1_43' title="bbox 270 2502 1854 2600">
     <span class='ocr_line' id='line_1_43' title="bbox 270 2502 1854 2600; baseline 0.019 -44"><span class='ocrx_word' id='word_1_314' title='bbox 270 2502 380 2557; x_wconf 86' lang='grc' dir='ltr'>τῶν</span> <span class='ocrx_word' id='word_1_315' title='bbox 434 2508 708 2577; x_wconf 88' lang='grc' dir='ltr'>πρόσωπα</span> <span class='ocrx_word' id='word_1_316' title='bbox 747 2513 1112 2581; x_wconf 80' lang='grc' dir='ltr'>καλύπτοντα,</span> <span class='ocrx_word' id='word_1_317' title='bbox 1142 2519 1441 2588; x_wconf 80' lang='grc' dir='ltr'>ἀπαύστως</span> <span class='ocrx_word' id='word_1_318' title='bbox 1470 2525 1588 2598; x_wconf 79' lang='grc' dir='ltr'>βοᾷ·</span> <span class='ocrx_word' id='word_1_319' title='bbox 1641 2529 1854 2600; x_wconf 83' lang='grc' dir='ltr'>Ἀγιος,</span> 
     </span>
    </p>
   </div>
   <div class='ocr_carea' id='block_1_44' title="bbox 273 2596 1856 2692">
    <p class='ocr_par' dir='ltr' id='par_1_44' title="bbox 273 2596 1856 2692">
     <span class='ocr_line' id='line_1_44' title="bbox 273 2596 1856 2692; baseline 0.019 -44"><span class='ocrx_word' id='word_1_320' title='bbox 273 2596 703 2692; x_wconf 45' lang='grc' dir='ltr'>⁸ῘΑγιος,Ἀγιος,</span> <span class='ocrx_word' id='word_1_321' title='bbox 737 2604 944 2675; x_wconf 86' lang='grc' dir='ltr'>Κύριος</span> <span class='ocrx_word' id='word_1_322' title='bbox 982 2608 1231 2665; x_wconf 80' lang='grc' dir='ltr'>Σαϐαὼθ·</span> <span class='ocrx_word' id='word_1_323' title='bbox 1256 2614 1314 2668; x_wconf 88' lang='grc' dir='ltr'><strong>οὑ</strong></span> <span class='ocrx_word' id='word_1_324' title='bbox 1343 2596 1614 2686; x_wconf 79' lang='grc' dir='ltr'>λέγουσιν,</span> <span class='ocrx_word' id='word_1_325' title='bbox 1641 2596 1856 2692; x_wconf 79' lang='grc' dir='ltr'>Ἀγιος,</span> 
     </span>
    </p>
   </div>
   <div class='ocr_carea' id='block_1_45' title="bbox 272 2687 1861 2789">
    <p class='ocr_par' dir='ltr' id='par_1_45' title="bbox 272 2687 1861 2789">
     <span class='ocr_line' id='line_1_45' title="bbox 272 2687 1861 2789; baseline 0.021 -51"><span class='ocrx_word' id='word_1_326' title='bbox 272 2687 596 2760; x_wconf 82' lang='grc' dir='ltr'>ἁγιώτερος,</span> <span class='ocrx_word' id='word_1_327' title='bbox 623 2693 950 2763; x_wconf 78' lang='grc' dir='ltr'>ἁγιώτατος·</span> <span class='ocrx_word' id='word_1_328' title='bbox 977 2702 1037 2754; x_wconf 80' lang='grc' dir='ltr'>οὐ</span> <span class='ocrx_word' id='word_1_329' title='bbox 1062 2710 1566 2774; x_wconf 79' lang='grc' dir='ltr'>κατασκευάζουσιν</span> <span class='ocrx_word' id='word_1_330' title='bbox 1593 2714 1861 2789; x_wconf 81' lang='grc' dir='ltr'>ὑποϐεϐη-</span> 
     </span>
    </p>
   </div>
   <div class='ocr_carea' id='block_1_46' title="bbox 273 2783 1859 2882">
    <p class='ocr_par' dir='ltr' id='par_1_46' title="bbox 273 2783 1859 2882">
     <span class='ocr_line' id='line_1_46' title="bbox 273 2783 1859 2882; baseline 0.021 -51"><span class='ocrx_word' id='word_1_331' title='bbox 273 2783 455 2882; x_wconf 63' lang='grc' dir='ltr'><strong>κυῖανζ</strong></span> <span class='ocrx_word' id='word_1_332' title='bbox 485 2786 815 2882; x_wconf 35' lang='grc' dir='ltr'>καὶμμικρὸν</span> <span class='ocrx_word' id='word_1_333' title='bbox 851 2795 1279 2865; x_wconf 81' lang='grc' dir='ltr'>ἀναϐεϐηκυῖαν,</span> <span class='ocrx_word' id='word_1_334' title='bbox 1310 2803 1403 2854; x_wconf 75' lang='grc' dir='ltr'>καὶ</span> <span class='ocrx_word' id='word_1_335' title='bbox 1437 2805 1600 2859; x_wconf 87' lang='grc' dir='ltr'>πάλιν</span> <span class='ocrx_word' id='word_1_336' title='bbox 1629 2783 1859 2882; x_wconf 82' lang='grc' dir='ltr'>ὑπερτέ-</span> 
     </span>
    </p>
   </div>
   <div class='ocr_carea' id='block_1_47' title="bbox 275 2873 1856 2971">
    <p class='ocr_par' dir='ltr' id='par_1_47' title="bbox 275 2873 1856 2971">
     <span class='ocr_line' id='line_1_47' title="bbox 275 2873 1856 2971; baseline 0.02 -48"><span class='ocrx_word' id='word_1_337' title='bbox 275 2889 390 2971; x_wconf 45' lang='grc' dir='ltr'>ραν.</span> <span class='ocrx_word' id='word_1_338' title='bbox 429 2873 667 2971; x_wconf 84' lang='grc' dir='ltr'>βαθμίδα</span> <span class='ocrx_word' id='word_1_339' title='bbox 698 2879 954 2952; x_wconf 81' lang='grc' dir='ltr'>θεότητος</span> <span class='ocrx_word' id='word_1_340' title='bbox 981 2886 1123 2958; x_wconf 76' lang='grc'><strong>(55)·</strong></span> <span class='ocrx_word' id='word_1_341' title='bbox 1168 2891 1228 2942; x_wconf 82' lang='grc' dir='ltr'><strong>οὑ</strong></span> <span class='ocrx_word' id='word_1_342' title='bbox 1260 2893 1554 2963; x_wconf 81' lang='grc' dir='ltr'>τέμνουσιν</span> <span class='ocrx_word' id='word_1_343' title='bbox 1595 2898 1694 2970; x_wconf 83' lang='grc' dir='ltr'>τὴν</span> <span class='ocrx_word' id='word_1_344' title='bbox 1725 2873 1856 2971; x_wconf 75' lang='grc' dir='ltr'>μίαν</span> 
     </span>
    </p>
   </div>
   <div class='ocr_carea' id='block_1_48' title="bbox 272 2964 1854 3063">
    <p class='ocr_par' dir='ltr' id='par_1_48' title="bbox 272 2964 1854 3063">
     <span class='ocr_line' id='line_1_48' title="bbox 272 2964 1854 3063; baseline 0.021 -49"><span class='ocrx_word' id='word_1_345' title='bbox 272 2964 460 3063; x_wconf 51' lang='lat' dir='ltr'><strong>obsim</strong></span> <span class='ocrx_word' id='word_1_346' title='bbox 514 2969 595 3032; x_wconf 82' lang='grc' dir='ltr'><strong>είς</strong></span> <span class='ocrx_word' id='word_1_347' title='bbox 645 2970 863 3038; x_wconf 77' lang='grc' dir='ltr'>ἀνίσους</span> <span class='ocrx_word' id='word_1_348' title='bbox 911 2975 1105 3047; x_wconf 77' lang='grc' dir='ltr'>ἀρχάς·</span> <span class='ocrx_word' id='word_1_349' title='bbox 1149 2981 1210 3034; x_wconf 85' lang='grc' dir='ltr'><strong>οὑ</strong></span> <span class='ocrx_word' id='word_1_350' title='bbox 1251 2964 1673 3053; x_wconf 80' lang='grc' dir='ltr'>δογματίζουσιν</span> <span class='ocrx_word' id='word_1_351' title='bbox 1779 2993 1854 3063; x_wconf 82' lang='grc' dir='ltr'>μὴ</span> 
     </span>
    </p>
   </div>
   <div class='ocr_carea' id='block_1_49' title="bbox 273 3054 1857 3146">
    <p class='ocr_par' dir='ltr' id='par_1_49' title="bbox 273 3054 1857 3146">
     <span class='ocr_line' id='line_1_49' title="bbox 273 3054 1857 3146; baseline 0.02 -40"><span class='ocrx_word' id='word_1_352' title='bbox 273 3054 587 3122; x_wconf 76' lang='grc' dir='ltr'>βλέπουσιν·</span> <span class='ocrx_word' id='word_1_353' title='bbox 619 3061 902 3132; x_wconf 74' lang='grc' dir='ltr'>ὑμνοῦσιν,</span> <span class='ocrx_word' id='word_1_354' title='bbox 938 3069 998 3120; x_wconf 87' lang='grc' dir='ltr'>οὐ</span> <span class='ocrx_word' id='word_1_355' title='bbox 1049 3071 1617 3146; x_wconf 80' lang='grc' dir='ltr'>πολυπραγμονοῦσιν,</span> <span class='ocrx_word' id='word_1_356' title='bbox 1665 3080 1725 3134; x_wconf 84' lang='grc' dir='ltr'>ὃν</span> <span class='ocrx_word' id='word_1_357' title='bbox 1769 3083 1857 3136; x_wconf 85' lang='grc' dir='ltr'>σέ-</span> 
     </span>
    </p>
   </div>
   <div class='ocr_carea' id='block_1_50' title="bbox 270 3149 1855 3245">
    <p class='ocr_par' dir='ltr' id='par_1_50' title="bbox 270 3149 1855 3245">
     <span class='ocr_line' id='line_1_50' title="bbox 270 3149 1855 3245; baseline 0.018 -45"><span class='ocrx_word' id='word_1_358' title='bbox 270 3149 478 3204; x_wconf 85' lang='grc' dir='ltr'>ϐουσιν·</span> <span class='ocrx_word' id='word_1_359' title='bbox 505 3158 924 3224; x_wconf 73' lang='grc' dir='ltr'>προσκυνοῦσιν,</span> <span class='ocrx_word' id='word_1_360' title='bbox 958 3163 1019 3215; x_wconf 82' lang='grc' dir='ltr'><strong>οὑ</strong></span> <span class='ocrx_word' id='word_1_361' title='bbox 1044 3162 1423 3233; x_wconf 77' lang='grc' dir='ltr'>λογοθετοῦσιν</span> <span class='ocrx_word' id='word_1_362' title='bbox 1449 3169 1545 3241; x_wconf 81' lang='grc' dir='ltr'>τὴν</span> <span class='ocrx_word' id='word_1_363' title='bbox 1567 3171 1667 3241; x_wconf 85' lang='grc' dir='ltr'>τῆς</span> <span class='ocrx_word' id='word_1_364' title='bbox 1688 3174 1855 3245; x_wconf 85' lang='grc' dir='ltr'>Τριά-</span> 
     </span>
    </p>
   </div>
   <div class='ocr_carea' id='block_1_51' title="bbox 267 3241 1854 3335">
    <p class='ocr_par' dir='ltr' id='par_1_51' title="bbox 267 3241 1854 3335">
     <span class='ocr_line' id='line_1_51' title="bbox 267 3241 1854 3335; baseline 0.017 -43"><span class='ocrx_word' id='word_1_365' title='bbox 267 3241 709 3335; x_wconf 16' lang='grc' dir='ltr'>δοςνταυεότητα·</span> <span class='ocrx_word' id='word_1_366' title='bbox 750 3250 872 3322; x_wconf 82' lang='grc' dir='ltr'>ῖσην</span> <span class='ocrx_word' id='word_1_367' title='bbox 901 3253 1025 3323; x_wconf 78' lang='grc' dir='ltr'>ἐμοὶ</span> <span class='ocrx_word' id='word_1_368' title='bbox 1054 3257 1147 3309; x_wconf 75' lang='grc' dir='ltr'><strong>καὶ</strong></span> <span class='ocrx_word' id='word_1_369' title='bbox 1188 3257 1266 3329; x_wconf 83' lang='grc' dir='ltr'>τῷ</span> <span class='ocrx_word' id='word_1_370' title='bbox 1306 3259 1422 3330; x_wconf 78' lang='grc' dir='ltr'><strong>Υἱῷ</strong></span> <span class='ocrx_word' id='word_1_371' title='bbox 1459 3279 1561 3332; x_wconf 90' lang='grc' dir='ltr'><strong>μου</strong></span> <span class='ocrx_word' id='word_1_372' title='bbox 1603 3262 1702 3334; x_wconf 81' lang='grc' dir='ltr'>τὴν</span> <span class='ocrx_word' id='word_1_373' title='bbox 1738 3241 1854 3335; x_wconf 83' lang='grc' dir='ltr'>ὑμ-</span> 
     </span>
    </p>
   </div>
   <div class='ocr_carea' id='block_1_52' title="bbox 267 3333 1854 3428">
    <p class='ocr_par' dir='ltr' id='par_1_52' title="bbox 267 3333 1854 3428">
     <span class='ocr_line' id='line_1_52' title="bbox 267 3333 1854 3428; baseline 0.018 -44"><span class='ocrx_word' id='word_1_374' title='bbox 267 3333 465 3428; x_wconf 64' lang='grc' dir='ltr'>νῳδίαν</span> <span class='ocrx_word' id='word_1_375' title='bbox 490 3342 912 3412; x_wconf 71' lang='grc' dir='ltr'>προσφέρουσιν,</span> <span class='ocrx_word' id='word_1_376' title='bbox 931 3347 1023 3399; x_wconf 71' lang='grc' dir='ltr'>καὶ</span> <span class='ocrx_word' id='word_1_377' title='bbox 1055 3347 1169 3418; x_wconf 84' lang='grc' dir='ltr'>βίον</span> <span class='ocrx_word' id='word_1_378' title='bbox 1203 3349 1386 3421; x_wconf 82' lang='grc' dir='ltr'>ἔχουσι</span> <span class='ocrx_word' id='word_1_379' title='bbox 1415 3353 1507 3407; x_wconf 81' lang='grc' dir='ltr'>τὸν</span> <span class='ocrx_word' id='word_1_380' title='bbox 1525 3333 1854 3428; x_wconf 82' lang='grc' dir='ltr'>ἀπερίεργον</span> 
     </span>
    </p>
   </div>
   <div class='ocr_carea' id='block_1_53' title="bbox 267 3421 1856 3516">
    <p class='ocr_par' dir='ltr' id='par_1_53' title="bbox 267 3421 1856 3516">
     <span class='ocr_line' id='line_1_53' title="bbox 267 3421 1856 3516; baseline 0.016 -41"><span class='ocrx_word' id='word_1_381' title='bbox 267 3421 456 3516; x_wconf 80' lang='grc' dir='ltr'>ὕμνον·</span> <span class='ocrx_word' id='word_1_382' title='bbox 505 3428 600 3480; x_wconf 79' lang='grc' dir='ltr'>καὶ</span> <span class='ocrx_word' id='word_1_383' title='bbox 658 3429 803 3504; x_wconf 82' lang='grc' dir='ltr'>ζωὴν</span> <span class='ocrx_word' id='word_1_384' title='bbox 860 3435 1155 3504; x_wconf 84' lang='grc' dir='ltr'>κέκτηνται</span> <span class='ocrx_word' id='word_1_385' title='bbox 1200 3441 1300 3511; x_wconf 81' lang='grc' dir='ltr'>τὴν</span> <span class='ocrx_word' id='word_1_386' title='bbox 1345 3421 1678 3514; x_wconf 81' lang='grc' dir='ltr'>ἀπράγμονα</span> <span class='ocrx_word' id='word_1_387' title='bbox 1725 3421 1856 3516; x_wconf 73' lang='grc' dir='ltr'>μελ-</span> 
     </span>
    </p>
   </div>
   <div class='ocr_carea' id='block_1_54' title="bbox 264 3513 1854 3597">
    <p class='ocr_par' dir='ltr' id='par_1_54' title="bbox 264 3513 1854 3597">
     <span class='ocr_line' id='line_1_54' title="bbox 264 3513 1854 3597; baseline 0.017 -33"><span class='ocrx_word' id='word_1_388' title='bbox 264 3513 451 3585; x_wconf 81' lang='grc' dir='ltr'>ῳδίαν.</span> <span class='ocrx_word' id='word_1_389' title='bbox 493 3518 557 3570; x_wconf 79' lang='grc' dir='ltr'><strong>Οἱ</strong></span> <span class='ocrx_word' id='word_1_390' title='bbox 599 3519 822 3591; x_wconf 74' lang='grc' dir='ltr'>οὐρανοὶ</span> <span class='ocrx_word' id='word_1_391' title='bbox 869 3524 1183 3597; x_wconf 79' lang='grc' dir='ltr'>διηγοῦνται</span> <span class='ocrx_word' id='word_1_392' title='bbox 1227 3531 1383 3596; x_wconf 79' lang='grc' dir='ltr'>δόξαν</span> <span class='ocrx_word' id='word_1_393' title='bbox 1437 3534 1574 3588; x_wconf 85' lang='grc' dir='ltr'>Θεοῦ</span> <span class='ocrx_word' id='word_1_394' title='bbox 1621 3536 1716 3589; x_wconf 85' lang='grc' dir='ltr'><strong>τοῦ</strong></span> <span class='ocrx_word' id='word_1_395' title='bbox 1757 3555 1854 3590; x_wconf 88' lang='grc' dir='ltr'>πε-</span> 
     </span>
    </p>
   </div>
   <div class='ocr_carea' id='block_1_55' title="bbox 269 3609 1928 3700">
    <p class='ocr_par' dir='ltr' id='par_1_55' title="bbox 269 3609 1928 3700">
     <span class='ocr_line' id='line_1_55' title="bbox 269 3609 1928 3700; baseline 0.016 -41"><span class='ocrx_word' id='word_1_396' title='bbox 269 3609 563 3679; x_wconf 81' lang='grc' dir='ltr'>ποιηκότος</span> <span class='ocrx_word' id='word_1_397' title='bbox 617 3615 836 3688; x_wconf 83' lang='grc' dir='ltr'>αὑτοὺς,</span> <span class='ocrx_word' id='word_1_398' title='bbox 880 3620 982 3674; x_wconf 82' lang='grc' dir='ltr'>οὐκ</span> <span class='ocrx_word' id='word_1_399' title='bbox 1032 3623 1329 3694; x_wconf 79' lang='grc' dir='ltr'>ἐρευνῶσιν</span> <span class='ocrx_word' id='word_1_400' title='bbox 1386 3628 1485 3700; x_wconf 84' lang='grc' dir='ltr'>τὴν</span> <span class='ocrx_word' id='word_1_401' title='bbox 1535 3629 1724 3685; x_wconf 85' lang='grc' dir='ltr'>οὑσίαν</span> <span class='ocrx_word' id='word_1_402' title='bbox 1758 3631 1852 3685; x_wconf 90' lang='grc' dir='ltr'><strong>τοῦ</strong></span> <span class='ocrx_word' id='word_1_403' title='bbox 1883 3617 1928 3678; x_wconf 79' lang='lat' dir='ltr'><strong>C</strong></span> 
     </span>
    </p>
   </div>
   <div class='ocr_carea' id='block_1_56' title="bbox 265 3699 1851 3790">
    <p class='ocr_par' dir='ltr' id='par_1_56' title="bbox 265 3699 1851 3790">
     <span class='ocr_line' id='line_1_56' title="bbox 265 3699 1851 3790; baseline 0.017 -39"><span class='ocrx_word' id='word_1_404' title='bbox 265 3699 517 3769; x_wconf 87' lang='grc' dir='ltr'>ποιητοῦ·</span> <span class='ocrx_word' id='word_1_405' title='bbox 570 3703 621 3756; x_wconf 74' lang='lat' dir='ltr'><strong>ot</strong></span> <span class='ocrx_word' id='word_1_406' title='bbox 673 3708 894 3778; x_wconf 77' lang='grc' dir='ltr'>οὐρανοὶ</span> <span class='ocrx_word' id='word_1_407' title='bbox 945 3712 1260 3783; x_wconf 84' lang='grc' dir='ltr'>διηγοῦνται</span> <span class='ocrx_word' id='word_1_408' title='bbox 1312 3719 1411 3790; x_wconf 81' lang='grc' dir='ltr'>τὴν</span> <span class='ocrx_word' id='word_1_409' title='bbox 1442 3699 1616 3785; x_wconf 66' lang='grc' dir='ltr'>δόξαν</span> <span class='ocrx_word' id='word_1_410' title='bbox 1662 3723 1851 3788; x_wconf 87' lang='grc' dir='ltr'>αὑτοῦ,</span> 
     </span>
    </p>
   </div>
   <div class='ocr_carea' id='block_1_57' title="bbox 267 3789 1856 3880">
    <p class='ocr_par' dir='ltr' id='par_1_57' title="bbox 267 3789 1856 3880">
     <span class='ocr_line' id='line_1_57' title="bbox 267 3789 1856 3880; baseline 0.019 -40"><span class='ocrx_word' id='word_1_411' title='bbox 267 3789 606 3859; x_wconf 82' lang='grc' dir='ltr'>φαινόμενοι,</span> <span class='ocrx_word' id='word_1_412' title='bbox 628 3796 690 3848; x_wconf 84' lang='grc' dir='ltr'><strong>οὑ</strong></span> <span class='ocrx_word' id='word_1_413' title='bbox 720 3797 1110 3870; x_wconf 86' lang='grc' dir='ltr'>φθεγγόμενοι.</span> <span class='ocrx_word' id='word_1_414' title='bbox 1141 3808 1204 3859; x_wconf 79' lang='grc' dir='ltr'><strong>Οἱ</strong></span> <span class='ocrx_word' id='word_1_415' title='bbox 1232 3789 1510 3880; x_wconf 62' lang='grc' dir='ltr'>προφῆται</span> <span class='ocrx_word' id='word_1_416' title='bbox 1536 3813 1626 3866; x_wconf 78' lang='grc' dir='ltr'><strong>τὸν</strong></span> <span class='ocrx_word' id='word_1_417' title='bbox 1649 3814 1856 3869; x_wconf 82' lang='grc' dir='ltr'>ἀκατά-</span> 
     </span>
    </p>
   </div>
   <div class='ocr_carea' id='block_1_58' title="bbox 265 3880 1854 3973">
    <p class='ocr_par' dir='ltr' id='par_1_58' title="bbox 265 3880 1854 3973">
     <span class='ocr_line' id='line_1_58' title="bbox 265 3880 1854 3973; baseline 0.02 -44"><span class='ocrx_word' id='word_1_418' title='bbox 265 3880 467 3948; x_wconf 78' lang='grc' dir='ltr'>ληπτον</span> <span class='ocrx_word' id='word_1_419' title='bbox 495 3885 824 3940; x_wconf 84' lang='grc' dir='ltr'>καταλαϐεῖν</span> <span class='ocrx_word' id='word_1_420' title='bbox 849 3891 908 3943; x_wconf 91' lang='grc' dir='ltr'><strong>οὑ</strong></span> <span class='ocrx_word' id='word_1_421' title='bbox 940 3893 1274 3965; x_wconf 81' lang='grc' dir='ltr'>δεδύνηνται·</span> <span class='ocrx_word' id='word_1_422' title='bbox 1316 3900 1406 3953; x_wconf 73' lang='grc' dir='ltr'>καὶ</span> <span class='ocrx_word' id='word_1_423' title='bbox 1432 3901 1542 3973; x_wconf 86' lang='grc' dir='ltr'><strong>γὰρ</strong></span> <span class='ocrx_word' id='word_1_424' title='bbox 1571 3905 1719 3957; x_wconf 85' lang='grc' dir='ltr'>πᾶσα</span> <span class='ocrx_word' id='word_1_425' title='bbox 1753 3905 1854 3958; x_wconf 81' lang='grc' dir='ltr'><strong>τῶν</strong></span> 
     </span>
    </p>
   </div>
   <div class='ocr_carea' id='block_1_59' title="bbox 262 3971 1853 4067">
    <p class='ocr_par' dir='ltr' id='par_1_59' title="bbox 262 3971 1853 4067">
     <span class='ocr_line' id='line_1_59' title="bbox 262 3971 1853 4067; baseline 0.014 -43"><span class='ocrx_word' id='word_1_426' title='bbox 262 3971 570 4067; x_wconf 81' lang='grc' dir='ltr'>ἀνθρώπων</span> <span class='ocrx_word' id='word_1_427' title='bbox 612 3979 645 4048; x_wconf 80' lang='grc' dir='ltr'><strong>ἡ</strong></span> <span class='ocrx_word' id='word_1_428' title='bbox 692 3979 853 4048; x_wconf 85' lang='grc' dir='ltr'>φύσις</span> <span class='ocrx_word' id='word_1_429' title='bbox 877 3983 1059 4038; x_wconf 83' lang='grc' dir='ltr'>ἀτονεῖ</span> <span class='ocrx_word' id='word_1_430' title='bbox 1090 3987 1227 4055; x_wconf 85' lang='grc' dir='ltr'>πρὸς</span> <span class='ocrx_word' id='word_1_431' title='bbox 1252 3989 1350 4058; x_wconf 80' lang='grc' dir='ltr'>τὴν</span> <span class='ocrx_word' id='word_1_432' title='bbox 1383 3971 1576 4046; x_wconf 82' lang='grc' dir='ltr'>τούτου</span> <span class='ocrx_word' id='word_1_433' title='bbox 1612 3995 1853 4067; x_wconf 81' lang='grc' dir='ltr'>κατάλη-</span> 
     </span>
    </p>
   </div>
   <div class='ocr_carea' id='block_1_60' title="bbox 261 4063 1851 4152">
    <p class='ocr_par' dir='ltr' id='par_1_60' title="bbox 261 4063 1851 4152">
     <span class='ocr_line' id='line_1_60' title="bbox 261 4063 1851 4152; baseline 0.013 -33"><span class='ocrx_word' id='word_1_434' title='bbox 261 4063 376 4132; x_wconf 73' lang='grc' dir='ltr'>ψιν·</span> <span class='ocrx_word' id='word_1_435' title='bbox 401 4067 528 4133; x_wconf 88' lang='grc' dir='ltr'>νοῦς</span> <span class='ocrx_word' id='word_1_436' title='bbox 547 4071 648 4125; x_wconf 87' lang='grc' dir='ltr'><strong>οὑκ</strong></span> <span class='ocrx_word' id='word_1_437' title='bbox 676 4072 850 4143; x_wconf 75' lang='grc' dir='ltr'>ἰσχύει</span> <span class='ocrx_word' id='word_1_438' title='bbox 874 4076 1122 4146; x_wconf 77' lang='grc' dir='ltr'>χωρῆσαι</span> <span class='ocrx_word' id='word_1_439' title='bbox 1151 4078 1240 4131; x_wconf 81' lang='grc' dir='ltr'>τὸν</span> <span class='ocrx_word' id='word_1_440' title='bbox 1271 4079 1576 4152; x_wconf 86' lang='grc' dir='ltr'>ἀχὼρητον·</span> <span class='ocrx_word' id='word_1_441' title='bbox 1609 4082 1768 4152; x_wconf 87' lang='grc' dir='ltr'>λόγος</span> <span class='ocrx_word' id='word_1_442' title='bbox 1791 4063 1851 4139; x_wconf 81' lang='grc' dir='ltr'>οὐ</span> 
     </span>
    </p>
   </div>
   <div class='ocr_carea' id='block_1_61' title="bbox 261 4161 1851 4250">
    <p class='ocr_par' dir='ltr' id='par_1_61' title="bbox 261 4161 1851 4250">
     <span class='ocr_line' id='line_1_61' title="bbox 261 4161 1851 4250; baseline 0.014 -36"><span class='ocrx_word' id='word_1_443' title='bbox 261 4161 488 4218; x_wconf 76' lang='grc' dir='ltr'>δύναται</span> <span class='ocrx_word' id='word_1_444' title='bbox 527 4167 620 4220; x_wconf 82' lang='grc' dir='ltr'>τὸν</span> <span class='ocrx_word' id='word_1_445' title='bbox 661 4169 1159 4243; x_wconf 84' lang='grc' dir='ltr'>ἐνανθρωπήσαντα</span> <span class='ocrx_word' id='word_1_446' title='bbox 1197 4175 1331 4230; x_wconf 83' lang='grc' dir='ltr'>Θεὸν</span> <span class='ocrx_word' id='word_1_447' title='bbox 1367 4179 1720 4250; x_wconf 82' lang='grc' dir='ltr'>περιλαϐεῖν·</span> <span class='ocrx_word' id='word_1_448' title='bbox 1758 4183 1851 4236; x_wconf 82' lang='grc' dir='ltr'>πί-</span> 
     </span>
    </p>
   </div>
   <div class='ocr_carea' id='block_1_62' title="bbox 267 4255 1843 4346">
    <p class='ocr_par' dir='ltr' id='par_1_62' title="bbox 267 4255 1843 4346">
     <span class='ocr_line' id='line_1_62' title="bbox 267 4255 1843 4346; baseline 0.015 -42"><span class='ocrx_word' id='word_1_449' title='bbox 431 4255 566 4328; x_wconf 83' lang='grc' dir='ltr'>μόνη</span> <span class='ocrx_word' id='word_1_450' title='bbox 608 4263 863 4314; x_wconf 88' lang='grc' dir='ltr'>κατανοεῖ</span> <span class='ocrx_word' id='word_1_451' title='bbox 897 4262 988 4316; x_wconf 79' lang='grc' dir='ltr'><strong>τὸν</strong></span> <span class='ocrx_word' id='word_1_452' title='bbox 1023 4264 1272 4320; x_wconf 83' lang='grc' dir='ltr'>ἀθέατον·</span> <span class='ocrx_word' id='word_1_453' title='bbox 1312 4269 1497 4334; x_wconf 77' lang='grc' dir='ltr'>πίστις</span> <span class='ocrx_word' id='word_1_454' title='bbox 1538 4272 1672 4342; x_wconf 89' lang='grc' dir='ltr'>μόνη</span> <span class='ocrx_word' id='word_1_455' title='bbox 1705 4274 1843 4346; x_wconf 89' lang='grc' dir='ltr'>πλη-</span> 
     </span>
    </p>
   </div>
   <div class='ocr_carea' id='block_1_63' title="bbox 264 4345 1854 4432">
    <p class='ocr_par' dir='ltr' id='par_1_63' title="bbox 264 4345 1854 4432">
     <span class='ocr_line' id='line_1_63' title="bbox 264 4345 1854 4432; baseline 0.016 -36"><span class='ocrx_word' id='word_1_456' title='bbox 264 4345 440 4408; x_wconf 76' lang='grc' dir='ltr'>σιάζει</span> <span class='ocrx_word' id='word_1_457' title='bbox 465 4347 544 4413; x_wconf 84' lang='grc' dir='ltr'>τῷ</span> <span class='ocrx_word' id='word_1_458' title='bbox 572 4350 1032 4428; x_wconf 83' lang='grc' dir='ltr'>ἀπροσπελάστῳ,</span> <span class='ocrx_word' id='word_1_459' title='bbox 1060 4358 1184 4413; x_wconf 85' lang='grc' dir='ltr'>ὅσον</span> <span class='ocrx_word' id='word_1_460' title='bbox 1220 4361 1478 4432; x_wconf 87' lang='grc' dir='ltr'>ἐγχωρεῖ,</span> <span class='ocrx_word' id='word_1_461' title='bbox 1506 4363 1601 4416; x_wconf 72' lang='grc' dir='ltr'>καὶ</span> <span class='ocrx_word' id='word_1_462' title='bbox 1621 4364 1744 4420; x_wconf 85' lang='grc' dir='ltr'>ὅσον</span> <span class='ocrx_word' id='word_1_463' title='bbox 1776 4345 1854 4420; x_wconf 85' lang='grc' dir='ltr'>ἐν·</span> 
     </span>
    </p>
   </div>
   <div class='ocr_carea' id='block_1_64' title="bbox 263 4437 509 4509">
    <p class='ocr_par' dir='ltr' id='par_1_64' title="bbox 263 4437 509 4509">
     <span class='ocr_line' id='line_1_64' title="bbox 263 4437 509 4509; baseline 0.024 -21"><span class='ocrx_word' id='word_1_464' title='bbox 263 4437 509 4509; x_wconf 83' lang='grc' dir='ltr'>δέχεται.</span> 
     </span>
    </p>
   </div>
   <div class='ocr_carea' id='block_1_65' title="bbox 333 4572 1856 4664">
    <p class='ocr_par' dir='ltr' id='par_1_65' title="bbox 333 4572 1856 4664">
     <span class='ocr_line' id='line_1_65' title="bbox 333 4572 1856 4664; baseline 0.016 -37"><span class='ocrx_word' id='word_1_465' title='bbox 333 4575 396 4629; x_wconf 79' lang='grc' dir='ltr'><strong>δ’.</strong></span> <span class='ocrx_word' id='word_1_466' title='bbox 429 4572 621 4648; x_wconf 82' lang='grc' dir='ltr'>Οὗτός</span> <span class='ocrx_word' id='word_1_467' title='bbox 653 4580 828 4636; x_wconf 81' lang='grc' dir='ltr'>ἐστιν</span> <span class='ocrx_word' id='word_1_468' title='bbox 855 4586 888 4638; x_wconf 82' lang='grc' dir='ltr'><strong>ό</strong></span> <span class='ocrx_word' id='word_1_469' title='bbox 924 4585 1058 4651; x_wconf 78' lang='grc' dir='ltr'>Υἱός</span> <span class='ocrx_word' id='word_1_470' title='bbox 1084 4605 1201 4656; x_wconf 87' lang='grc' dir='ltr'><strong>μου</strong></span> <span class='ocrx_word' id='word_1_471' title='bbox 1251 4591 1286 4643; x_wconf 82' lang='grc' dir='ltr'><em>ὁ</em></span> <span class='ocrx_word' id='word_1_472' title='bbox 1331 4590 1641 4661; x_wconf 75' lang='grc' dir='ltr'>ἀγαπητὸς</span> <span class='ocrx_word' id='word_1_473' title='bbox 1693 4595 1764 4650; x_wconf 81' lang='grc' dir='ltr'>ἐν</span> <span class='ocrx_word' id='word_1_474' title='bbox 1805 4589 1856 4664; x_wconf 81' lang='grc' dir='ltr'><strong>ᾧ</strong></span> 
     </span>
    </p>
   </div>
   <div class='ocr_carea' id='block_1_66' title="bbox 256 4666 1852 4757">
    <p class='ocr_par' dir='ltr' id='par_1_66' title="bbox 256 4666 1852 4757">
     <span class='ocr_line' id='line_1_66' title="bbox 256 4666 1852 4757; baseline 0.013 -35"><span class='ocrx_word' id='word_1_475' title='bbox 256 4668 588 4740; x_wconf 79' lang='grc' dir='ltr'>εὐδόκησα.</span> <span class='ocrx_word' id='word_1_476' title='bbox 615 4666 786 4739; x_wconf 77' lang='grc' dir='ltr'>Οὗτός</span> <span class='ocrx_word' id='word_1_477' title='bbox 817 4677 965 4730; x_wconf 87' lang='grc' dir='ltr'>ἐστιν</span> <span class='ocrx_word' id='word_1_478' title='bbox 994 4681 1255 4751; x_wconf 79' lang='grc' dir='ltr'>συνεργὸς</span> <span class='ocrx_word' id='word_1_479' title='bbox 1283 4683 1437 4752; x_wconf 84' lang='grc' dir='ltr'>ἐμὸς,</span> <span class='ocrx_word' id='word_1_480' title='bbox 1466 4685 1585 4740; x_wconf 86' lang='grc' dir='ltr'>ἀλλ’</span> <span class='ocrx_word' id='word_1_481' title='bbox 1619 4687 1716 4757; x_wconf 86' lang='grc' dir='ltr'><strong>οὑχ</strong></span> <span class='ocrx_word' id='word_1_482' title='bbox 1745 4689 1852 4741; x_wconf 87' lang='grc' dir='ltr'>ὑπ-</span> 
     </span>
    </p>
   </div>
   <div class='ocr_carea' id='block_1_67' title="bbox 257 4757 1854 4852">
    <p class='ocr_par' dir='ltr' id='par_1_67' title="bbox 257 4757 1854 4852">
     <span class='ocr_line' id='line_1_67' title="bbox 257 4757 1854 4852; baseline 0.013 -37"><span class='ocrx_word' id='word_1_483' title='bbox 257 4762 482 4852; x_wconf 75' lang='grc' dir='ltr'>ουργός·</span> <span class='ocrx_word' id='word_1_484' title='bbox 539 4757 693 4829; x_wconf 77' lang='grc' dir='ltr'>οὗτος</span> <span class='ocrx_word' id='word_1_485' title='bbox 739 4767 1175 4842; x_wconf 79' lang='grc' dir='ltr'>ἐδημιούργησεν</span> <span class='ocrx_word' id='word_1_486' title='bbox 1220 4773 1312 4827; x_wconf 85' lang='grc' dir='ltr'>τὸν</span> <span class='ocrx_word' id='word_1_487' title='bbox 1346 4777 1579 4846; x_wconf 83' lang='grc' dir='ltr'>οὐρανὸν</span> <span class='ocrx_word' id='word_1_488' title='bbox 1623 4780 1718 4834; x_wconf 77' lang='grc' dir='ltr'><strong>καὶ</strong></span> <span class='ocrx_word' id='word_1_489' title='bbox 1753 4780 1854 4852; x_wconf 83' lang='grc' dir='ltr'>τὴν</span> 
     </span>
    </p>
   </div>
   <div class='ocr_carea' id='block_1_68' title="bbox 255 4850 1854 4933">
    <p class='ocr_par' dir='ltr' id='par_1_68' title="bbox 255 4850 1854 4933">
     <span class='ocr_line' id='line_1_68' title="bbox 255 4850 1854 4933; baseline 0.014 -27"><span class='ocrx_word' id='word_1_490' title='bbox 255 4855 386 4924; x_wconf 79' lang='grc' dir='ltr'>γῆν·</span> <span class='ocrx_word' id='word_1_491' title='bbox 419 4850 574 4922; x_wconf 76' lang='grc' dir='ltr'>οὗτος</span> <span class='ocrx_word' id='word_1_492' title='bbox 611 4856 708 4912; x_wconf 87' lang='grc' dir='ltr'><strong>τοῦ</strong></span> <span class='ocrx_word' id='word_1_493' title='bbox 745 4862 1131 4933; x_wconf 85' lang='grc' dir='ltr'>στερεώματος</span> <span class='ocrx_word' id='word_1_494' title='bbox 1159 4864 1250 4922; x_wconf 80' lang='grc' dir='ltr'>τὸν</span> <span class='ocrx_word' id='word_1_495' title='bbox 1284 4867 1484 4922; x_wconf 84' lang='grc' dir='ltr'>κύκλον</span> <span class='ocrx_word' id='word_1_496' title='bbox 1511 4871 1606 4925; x_wconf 80' lang='grc' dir='ltr'>ἐπὶ</span> <span class='ocrx_word' id='word_1_497' title='bbox 1644 4871 1710 4926; x_wconf 78' lang='grc' dir='ltr'>τὰ</span> <span class='ocrx_word' id='word_1_498' title='bbox 1741 4874 1854 4928; x_wconf 79' lang='grc' dir='ltr'>ἄνω</span> 
     </span>
    </p>
   </div>
   <div class='ocr_carea' id='block_1_69' title="bbox 2033 2347 3548 2421">
    <p class='ocr_par' dir='ltr' id='par_1_69' title="bbox 2033 2347 3548 2421">
     <span class='ocr_line' id='line_1_69' title="bbox 2033 2347 3548 2421; baseline 0.005 -20"><span class='ocrx_word' id='word_1_499' title='bbox 2033 2347 2087 2402; x_wconf 82' lang='grc'><strong>5.</strong></span> <span class='ocrx_word' id='word_1_500' title='bbox 2129 2347 2430 2404; x_wconf 82' lang='lat' dir='ltr'><strong>Cberubini</strong></span> <span class='ocrx_word' id='word_1_501' title='bbox 2459 2364 2525 2405; x_wconf 91' lang='lat' dir='ltr'><strong>ac</strong></span> <span class='ocrx_word' id='word_1_502' title='bbox 2557 2348 2848 2421; x_wconf 88' lang='lat' dir='ltr'><strong>Seraphini</strong></span> <span class='ocrx_word' id='word_1_503' title='bbox 2889 2352 3078 2408; x_wconf 89' lang='lat' dir='ltr'><strong>multis</strong></span> <span class='ocrx_word' id='word_1_504' title='bbox 3114 2351 3289 2408; x_wconf 89' lang='lat' dir='ltr'><strong>oculis</strong></span> <span class='ocrx_word' id='word_1_505' title='bbox 3331 2351 3548 2408; x_wconf 83' lang='lat' dir='ltr'><strong>multis-</strong></span> 
     </span>
    </p>
   </div>
   <div class='ocr_carea' id='block_1_70' title="bbox 1960 2441 3550 2516">
    <p class='ocr_par' dir='ltr' id='par_1_70' title="bbox 1960 2441 3550 2516">
     <span class='ocr_line' id='line_1_70' title="bbox 1960 2441 3550 2516; baseline 0.006 -22"><span class='ocrx_word' id='word_1_506' title='bbox 1960 2455 2069 2511; x_wconf 90' lang='lat' dir='ltr'><strong>que</strong></span> <span class='ocrx_word' id='word_1_507' title='bbox 2098 2441 2338 2498; x_wconf 89' lang='lat' dir='ltr'><strong>vultibus</strong></span> <span class='ocrx_word' id='word_1_508' title='bbox 2361 2443 2600 2513; x_wconf 69' lang='lat' dir='ltr'><strong>pmditi,</strong></span> <span class='ocrx_word' id='word_1_509' title='bbox 2628 2443 2732 2500; x_wconf 91' lang='lat' dir='ltr'><strong>alis</strong></span> <span class='ocrx_word' id='word_1_510' title='bbox 2762 2445 2880 2501; x_wconf 90' lang='lat' dir='ltr'><strong>suis</strong></span> <span class='ocrx_word' id='word_1_511' title='bbox 2909 2445 3070 2516; x_wconf 89' lang='lat' dir='ltr'><strong>quasi</strong></span> <span class='ocrx_word' id='word_1_512' title='bbox 3102 2445 3360 2501; x_wconf 84' lang='lat' dir='ltr'><strong>manibus</strong></span> <span class='ocrx_word' id='word_1_513' title='bbox 3379 2444 3550 2503; x_wconf 80' lang='lat' dir='ltr'><strong>facies</strong></span> 
     </span>
    </p>
   </div>
   <div class='ocr_carea' id='block_1_71' title="bbox 1960 2535 3546 2606">
    <p class='ocr_par' dir='ltr' id='par_1_71' title="bbox 1960 2535 3546 2606">
     <span class='ocr_line' id='line_1_71' title="bbox 1960 2535 3546 2606; baseline 0.003 -16"><span class='ocrx_word' id='word_1_514' title='bbox 1960 2548 2095 2590; x_wconf 85' lang='lat' dir='ltr'><strong>suas</strong></span> <span class='ocrx_word' id='word_1_515' title='bbox 2155 2535 2444 2603; x_wconf 83' lang='lat' dir='ltr'><strong>velantes,</strong></span> <span class='ocrx_word' id='word_1_516' title='bbox 2513 2537 2858 2594; x_wconf 88' lang='lat' dir='ltr'><strong>incessanter</strong></span> <span class='ocrx_word' id='word_1_517' title='bbox 2920 2538 3219 2594; x_wconf 86' lang='lat' dir='ltr'><strong>clamant:</strong></span> <span class='ocrx_word' id='word_1_518' title='bbox 3272 2537 3546 2606; x_wconf 85' lang='lat' dir='ltr'><strong>Sanctus,</strong></span> 
     </span>
    </p>
   </div>
   <div class='ocr_carea' id='block_1_72' title="bbox 1963 2626 3549 2696">
    <p class='ocr_par' dir='ltr' id='par_1_72' title="bbox 1963 2626 3549 2696">
     <span class='ocr_line' id='line_1_72' title="bbox 1963 2626 3549 2696; baseline 0.004 -15"><span class='ocrx_word' id='word_1_519' title='bbox 1963 2626 2230 2696; x_wconf 88' lang='lat' dir='ltr'><strong>Sanctus,</strong></span> <span class='ocrx_word' id='word_1_520' title='bbox 2293 2628 2565 2696; x_wconf 90' lang='lat' dir='ltr'><strong>Sanctus,</strong></span> <span class='ocrx_word' id='word_1_521' title='bbox 2622 2631 2890 2686; x_wconf 89' lang='lat' dir='ltr'><strong>Dominus</strong></span> <span class='ocrx_word' id='word_1_522' title='bbox 2931 2629 3172 2687; x_wconf 84' lang='lat' dir='ltr'><strong>Sabaoth</strong></span> <span class='ocrx_word' id='word_1_523' title='bbox 3197 2631 3264 2686; x_wconf 83' lang='grc'><strong>⁸⁸.</strong></span> <span class='ocrx_word' id='word_1_524' title='bbox 3304 2630 3425 2688; x_wconf 82' lang='lat' dir='ltr'><strong>Non</strong></span> <span class='ocrx_word' id='word_1_525' title='bbox 3466 2632 3549 2688; x_wconf 72' lang='lat' dir='ltr'><strong>cli-</strong></span> 
     </span>
    </p>
   </div>
   <div class='ocr_carea' id='block_1_73' title="bbox 1960 2723 3552 2796">
    <p class='ocr_par' dir='ltr' id='par_1_73' title="bbox 1960 2723 3552 2796">
     <span class='ocr_line' id='line_1_73' title="bbox 1960 2723 3552 2796; baseline 0.004 -22"><span class='ocrx_word' id='word_1_526' title='bbox 1960 2729 2092 2775; x_wconf 82' lang='lat' dir='ltr'><strong>runt</strong></span> <span class='ocrx_word' id='word_1_527' title='bbox 2134 2731 2382 2790; x_wconf 90' lang='lat' dir='ltr'><strong>sanctus,</strong></span> <span class='ocrx_word' id='word_1_528' title='bbox 2416 2723 2686 2789; x_wconf 88' lang='lat' dir='ltr'><strong>sanctior,</strong></span> <span class='ocrx_word' id='word_1_529' title='bbox 2727 2724 3117 2780; x_wconf 89' lang='lat' dir='ltr'><strong>sanctissimus</strong></span> <span class='ocrx_word' id='word_1_530' title='bbox 3146 2743 3159 2780; x_wconf 91' lang='lat'><strong>:</strong></span> <span class='ocrx_word' id='word_1_531' title='bbox 3187 2739 3298 2780; x_wconf 91' lang='lat' dir='ltr'><strong>non</strong></span> <span class='ocrx_word' id='word_1_532' title='bbox 3339 2733 3552 2796; x_wconf 87' lang='lat' dir='ltr'><strong>ponunt</strong></span> 
     </span>
    </p>
   </div>
   <div class='ocr_carea' id='block_1_74' title="bbox 1962 2812 3553 2890">
    <p class='ocr_par' dir='ltr' id='par_1_74' title="bbox 1962 2812 3553 2890">
     <span class='ocr_line' id='line_1_74' title="bbox 1962 2812 3553 2890; baseline 0.006 -23"><span class='ocrx_word' id='word_1_533' title='bbox 1962 2812 2236 2883; x_wconf 84' lang='lat' dir='ltr'><strong>infimum,</strong></span> <span class='ocrx_word' id='word_1_534' title='bbox 2287 2825 2341 2871; x_wconf 94' lang='lat' dir='ltr'><strong>et</strong></span> <span class='ocrx_word' id='word_1_535' title='bbox 2371 2832 2497 2872; x_wconf 88' lang='lat' dir='ltr'><strong>mox</strong></span> <span class='ocrx_word' id='word_1_536' title='bbox 2531 2817 2692 2888; x_wconf 87' lang='lat' dir='ltr'><strong>paulo</strong></span> <span class='ocrx_word' id='word_1_537' title='bbox 2721 2817 3030 2890; x_wconf 70' lang='lat' dir='ltr'><strong>elatiorem,</strong></span> <span class='ocrx_word' id='word_1_538' title='bbox 3065 2826 3342 2889; x_wconf 88' lang='lat' dir='ltr'><strong>postremo</strong></span> <span class='ocrx_word' id='word_1_539' title='bbox 3385 2833 3553 2889; x_wconf 84' lang='lat' dir='ltr'><strong>supe-</strong></span> 
     </span>
    </p>
   </div>
   <div class='ocr_carea' id='block_1_75' title="bbox 1961 2907 3555 2982">
    <p class='ocr_par' dir='ltr' id='par_1_75' title="bbox 1961 2907 3555 2982">
     <span class='ocr_line' id='line_1_75' title="bbox 1961 2907 3555 2982; baseline 0.004 -21"><span class='ocrx_word' id='word_1_540' title='bbox 1961 2907 2160 2962; x_wconf 88' lang='lat' dir='ltr'><strong>riorem</strong></span> <span class='ocrx_word' id='word_1_541' title='bbox 2236 2907 2459 2966; x_wconf 89' lang='lat' dir='ltr'><strong>Deitatis</strong></span> <span class='ocrx_word' id='word_1_542' title='bbox 2517 2911 2744 2982; x_wconf 85' lang='lat' dir='ltr'><strong>gradum</strong></span> <span class='ocrx_word' id='word_1_543' title='bbox 2805 2929 2818 2966; x_wconf 93' lang='lat'>:</span> <span class='ocrx_word' id='word_1_544' title='bbox 2879 2927 2987 2966; x_wconf 91' lang='lat' dir='ltr'><strong>non</strong></span> <span class='ocrx_word' id='word_1_545' title='bbox 3064 2919 3251 2966; x_wconf 85' lang='lat' dir='ltr'><strong>secant</strong></span> <span class='ocrx_word' id='word_1_546' title='bbox 3330 2911 3555 2968; x_wconf 84' lang='lat' dir='ltr'><strong>unicam</strong></span> 
     </span>
    </p>
   </div>
   <div class='ocr_carea' id='block_1_76' title="bbox 1959 3003 3551 3077">
    <p class='ocr_par' dir='ltr' id='par_1_76' title="bbox 1959 3003 3551 3077">
     <span class='ocr_line' id='line_1_76' title="bbox 1959 3003 3551 3077; baseline 0.003 -21"><span class='ocrx_word' id='word_1_547' title='bbox 1959 3003 2326 3057; x_wconf 82' lang='lat' dir='ltr'><strong>substantiam</strong></span> <span class='ocrx_word' id='word_1_548' title='bbox 2391 3003 2446 3057; x_wconf 90' lang='lat' dir='ltr'><strong>in</strong></span> <span class='ocrx_word' id='word_1_549' title='bbox 2499 3003 2732 3073; x_wconf 88' lang='lat' dir='ltr'><strong>imparia</strong></span> <span class='ocrx_word' id='word_1_550' title='bbox 2779 3004 3044 3075; x_wconf 87' lang='lat' dir='ltr'><strong>principia</strong></span> <span class='ocrx_word' id='word_1_551' title='bbox 3091 3023 3104 3060; x_wconf 90' lang='lat'><strong>:</strong></span> <span class='ocrx_word' id='word_1_552' title='bbox 3143 3020 3252 3060; x_wconf 90' lang='lat' dir='ltr'><strong>non</strong></span> <span class='ocrx_word' id='word_1_553' title='bbox 3320 3006 3551 3077; x_wconf 85' lang='lat' dir='ltr'><strong>dogma-</strong></span> 
     </span>
    </p>
   </div>
   <div class='ocr_carea' id='block_1_77' title="bbox 1960 3095 3553 3170">
    <p class='ocr_par' dir='ltr' id='par_1_77' title="bbox 1960 3095 3553 3170">
     <span class='ocr_line' id='line_1_77' title="bbox 1960 3095 3553 3170; baseline 0.004 -21"><span class='ocrx_word' id='word_1_554' title='bbox 1960 3095 2153 3162; x_wconf 84' lang='lat' dir='ltr'><strong>tizant,</strong></span> <span class='ocrx_word' id='word_1_555' title='bbox 2191 3112 2315 3168; x_wconf 71' lang='lat' dir='ltr'><strong>quae</strong></span> <span class='ocrx_word' id='word_1_556' title='bbox 2363 3112 2473 3152; x_wconf 89' lang='lat' dir='ltr'><strong>non</strong></span> <span class='ocrx_word' id='word_1_557' title='bbox 2529 3098 2714 3153; x_wconf 85' lang='lat' dir='ltr'><strong>vident</strong></span> <span class='ocrx_word' id='word_1_558' title='bbox 2743 3118 2758 3154; x_wconf 89' lang='lat'><strong>:</strong></span> <span class='ocrx_word' id='word_1_559' title='bbox 2792 3099 3015 3170; x_wconf 89' lang='lat' dir='ltr'><strong>hymnis</strong></span> <span class='ocrx_word' id='word_1_560' title='bbox 3067 3099 3379 3167; x_wconf 86' lang='lat' dir='ltr'><strong>celebrant,</strong></span> <span class='ocrx_word' id='word_1_561' title='bbox 3438 3117 3553 3155; x_wconf 72' lang='lat' dir='ltr'><strong>non.</strong></span> 
     </span>
    </p>
   </div>
   <div class='ocr_carea' id='block_1_78' title="bbox 1959 3189 3550 3262">
    <p class='ocr_par' dir='ltr' id='par_1_78' title="bbox 1959 3189 3550 3262">
     <span class='ocr_line' id='line_1_78' title="bbox 1959 3189 3550 3262; baseline 0.003 -20"><span class='ocrx_word' id='word_1_562' title='bbox 1959 3189 2181 3245; x_wconf 88' lang='lat' dir='ltr'><strong>curiose</strong></span> <span class='ocrx_word' id='word_1_563' title='bbox 2219 3198 2542 3246; x_wconf 86' lang='lat' dir='ltr'><strong>scrutantur</strong></span> <span class='ocrx_word' id='word_1_564' title='bbox 2573 3206 2735 3262; x_wconf 91' lang='lat' dir='ltr'><strong>quem</strong></span> <span class='ocrx_word' id='word_1_565' title='bbox 2766 3193 2997 3249; x_wconf 89' lang='lat' dir='ltr'><strong>colunt:</strong></span> <span class='ocrx_word' id='word_1_566' title='bbox 3031 3201 3384 3260; x_wconf 88' lang='lat' dir='ltr'><strong>venerantur,</strong></span> <span class='ocrx_word' id='word_1_567' title='bbox 3436 3208 3550 3248; x_wconf 90' lang='lat' dir='ltr'><strong>non</strong></span> 
     </span>
    </p>
   </div>
   <div class='ocr_carea' id='block_1_79' title="bbox 1957 3279 3550 3352">
    <p class='ocr_par' dir='ltr' id='par_1_79' title="bbox 1957 3279 3550 3352">
     <span class='ocr_line' id='line_1_79' title="bbox 1957 3279 3550 3352; baseline 0.004 -20"><span class='ocrx_word' id='word_1_568' title='bbox 1957 3279 2226 3335; x_wconf 89' lang='lat' dir='ltr'><strong>rationem</strong></span> <span class='ocrx_word' id='word_1_569' title='bbox 2260 3294 2590 3352; x_wconf 88' lang='lat' dir='ltr'><strong>exposcunt,</strong></span> <span class='ocrx_word' id='word_1_570' title='bbox 2649 3298 2750 3338; x_wconf 90' lang='lat' dir='ltr'><strong>cur</strong></span> <span class='ocrx_word' id='word_1_571' title='bbox 2784 3283 3030 3352; x_wconf 89' lang='lat' dir='ltr'><strong>ejusdem</strong></span> <span class='ocrx_word' id='word_1_572' title='bbox 3075 3285 3398 3340; x_wconf 85' lang='lat' dir='ltr'><strong>substantiae</strong></span> <span class='ocrx_word' id='word_1_573' title='bbox 3427 3282 3550 3338; x_wconf 87' lang='lat' dir='ltr'><strong>Tri-</strong></span> 
     </span>
    </p>
   </div>
   <div class='ocr_carea' id='block_1_80' title="bbox 1956 3371 3551 3448">
    <p class='ocr_par' dir='ltr' id='par_1_80' title="bbox 1956 3371 3551 3448">
     <span class='ocr_line' id='line_1_80' title="bbox 1956 3371 3551 3448; baseline 0.004 -24"><span class='ocrx_word' id='word_1_574' title='bbox 1956 3371 2101 3427; x_wconf 90' lang='lat' dir='ltr'><strong>nitas</strong></span> <span class='ocrx_word' id='word_1_575' title='bbox 2144 3375 2260 3429; x_wconf 89' lang='lat' dir='ltr'><strong>sit:</strong></span> <span class='ocrx_word' id='word_1_576' title='bbox 2299 3391 2485 3444; x_wconf 87' lang='lat' dir='ltr'><strong>parem</strong></span> <span class='ocrx_word' id='word_1_577' title='bbox 2537 3377 2670 3431; x_wconf 90' lang='lat' dir='ltr'><strong>mihi</strong></span> <span class='ocrx_word' id='word_1_578' title='bbox 2724 3393 2790 3432; x_wconf 89' lang='lat' dir='ltr'><strong>ac</strong></span> <span class='ocrx_word' id='word_1_579' title='bbox 2834 3376 2976 3432; x_wconf 89' lang='lat' dir='ltr'><strong>Filio</strong></span> <span class='ocrx_word' id='word_1_580' title='bbox 3023 3392 3147 3432; x_wconf 91' lang='lat' dir='ltr'><strong>meo</strong></span> <span class='ocrx_word' id='word_1_581' title='bbox 3194 3377 3551 3448; x_wconf 87' lang='lat' dir='ltr'><strong>hymnodiam</strong></span> 
     </span>
    </p>
   </div>
   <div class='ocr_carea' id='block_1_81' title="bbox 1957 3466 3552 3540">
    <p class='ocr_par' dir='ltr' id='par_1_81' title="bbox 1957 3466 3552 3540">
     <span class='ocr_line' id='line_1_81' title="bbox 1957 3466 3552 3540; baseline 0.003 -21"><span class='ocrx_word' id='word_1_582' title='bbox 1957 3466 2215 3521; x_wconf 88' lang='lat' dir='ltr'><strong>attollunt</strong></span> <span class='ocrx_word' id='word_1_583' title='bbox 2247 3485 2259 3521; x_wconf 92' lang='lat'><strong>:</strong></span> <span class='ocrx_word' id='word_1_584' title='bbox 2294 3483 2459 3523; x_wconf 90' lang='lat' dir='ltr'><strong>omne</strong></span> <span class='ocrx_word' id='word_1_585' title='bbox 2494 3478 2710 3538; x_wconf 86' lang='lat' dir='ltr'><strong>tempus</strong></span> <span class='ocrx_word' id='word_1_586' title='bbox 2753 3469 3050 3526; x_wconf 88' lang='lat' dir='ltr'><strong>incuriosis</strong></span> <span class='ocrx_word' id='word_1_587' title='bbox 3091 3469 3313 3540; x_wconf 84' lang='lat' dir='ltr'><strong>hymnis</strong></span> <span class='ocrx_word' id='word_1_588' title='bbox 3345 3483 3552 3525; x_wconf 89' lang='lat' dir='ltr'><strong>consu-</strong></span> 
     </span>
    </p>
   </div>
   <div class='ocr_carea' id='block_1_82' title="bbox 1960 3561 3550 3633">
    <p class='ocr_par' dir='ltr' id='par_1_82' title="bbox 1960 3561 3550 3633">
     <span class='ocr_line' id='line_1_82' title="bbox 1960 3561 3550 3633; baseline 0.003 -21"><span class='ocrx_word' id='word_1_589' title='bbox 1960 3569 2150 3627; x_wconf 88' lang='lat' dir='ltr'><strong>munt;</strong></span> <span class='ocrx_word' id='word_1_590' title='bbox 2213 3561 2335 3616; x_wconf 64' lang='lat' dir='ltr'><strong>vita:</strong></span> <span class='ocrx_word' id='word_1_591' title='bbox 2383 3561 2505 3618; x_wconf 91' lang='lat' dir='ltr'><strong>loco</strong></span> <span class='ocrx_word' id='word_1_592' title='bbox 2568 3561 2677 3617; x_wconf 88' lang='lat' dir='ltr'><strong>illis</strong></span> <span class='ocrx_word' id='word_1_593' title='bbox 2726 3571 2812 3618; x_wconf 91' lang='lat' dir='ltr'><strong>est</strong></span> <span class='ocrx_word' id='word_1_594' title='bbox 2857 3563 3042 3633; x_wconf 90' lang='lat' dir='ltr'><strong>quieta</strong></span> <span class='ocrx_word' id='word_1_595' title='bbox 3101 3562 3360 3620; x_wconf 91' lang='lat' dir='ltr'><strong>melodia.</strong></span> <span class='ocrx_word' id='word_1_596' title='bbox 3413 3561 3550 3617; x_wconf 76' lang='lat' dir='ltr'><strong>Coeli</strong></span> 
     </span>
    </p>
   </div>
   <div class='ocr_carea' id='block_1_83' title="bbox 1961 3654 3550 3726">
    <p class='ocr_par' dir='ltr' id='par_1_83' title="bbox 1961 3654 3550 3726">
     <span class='ocr_line' id='line_1_83' title="bbox 1961 3654 3550 3726; baseline 0.002 -18"><span class='ocrx_word' id='word_1_597' title='bbox 1961 3662 2224 3708; x_wconf 91' lang='lat' dir='ltr'><strong>enarrant</strong></span> <span class='ocrx_word' id='word_1_598' title='bbox 2255 3654 2487 3725; x_wconf 81' lang='lat' dir='ltr'><strong>gloriam</strong></span> <span class='ocrx_word' id='word_1_599' title='bbox 2529 3654 2625 3711; x_wconf 88' lang='lat' dir='ltr'><strong>Dei</strong></span> <span class='ocrx_word' id='word_1_600' title='bbox 2652 3656 2747 3725; x_wconf 91' lang='lat' dir='ltr'><strong>qui</strong></span> <span class='ocrx_word' id='word_1_601' title='bbox 2778 3656 2928 3726; x_wconf 90' lang='lat' dir='ltr'><strong>ipsos</strong></span> <span class='ocrx_word' id='word_1_602' title='bbox 2965 3655 3114 3724; x_wconf 83' lang='lat' dir='ltr'><strong>fecit,</strong></span> <span class='ocrx_word' id='word_1_603' title='bbox 3161 3655 3384 3712; x_wconf 81' lang='lat' dir='ltr'><strong>factoris</strong></span> <span class='ocrx_word' id='word_1_604' title='bbox 3414 3657 3550 3712; x_wconf 90' lang='lat' dir='ltr'><strong>sub-</strong></span> 
     </span>
    </p>
   </div>
   <div class='ocr_carea' id='block_1_84' title="bbox 1961 3748 3550 3820">
    <p class='ocr_par' dir='ltr' id='par_1_84' title="bbox 1961 3748 3550 3820">
     <span class='ocr_line' id='line_1_84' title="bbox 1961 3748 3550 3820; baseline 0.002 -19"><span class='ocrx_word' id='word_1_605' title='bbox 1961 3748 2222 3802; x_wconf 89' lang='lat' dir='ltr'><strong>stantiam</strong></span> <span class='ocrx_word' id='word_1_606' title='bbox 2268 3763 2381 3803; x_wconf 92' lang='lat' dir='ltr'><strong>non</strong></span> <span class='ocrx_word' id='word_1_607' title='bbox 2432 3758 2795 3805; x_wconf 86' lang='lat' dir='ltr'><strong>scrutantur:</strong></span> <span class='ocrx_word' id='word_1_608' title='bbox 2831 3749 2956 3804; x_wconf 62' lang='lat' dir='ltr'><strong>caeli</strong></span> <span class='ocrx_word' id='word_1_609' title='bbox 3003 3757 3266 3805; x_wconf 84' lang='lat' dir='ltr'><strong>enarrant</strong></span> <span class='ocrx_word' id='word_1_610' title='bbox 3315 3750 3550 3820; x_wconf 76' lang='lat' dir='ltr'><strong>gloriam</strong></span> 
     </span>
    </p>
   </div>
   <div class='ocr_carea' id='block_1_85' title="bbox 1960 3841 3552 3912">
    <p class='ocr_par' dir='ltr' id='par_1_85' title="bbox 1960 3841 3552 3912">
     <span class='ocr_line' id='line_1_85' title="bbox 1960 3841 3552 3912; baseline 0.002 -18"><span class='ocrx_word' id='word_1_611' title='bbox 1960 3841 2082 3910; x_wconf 83' lang='lat' dir='ltr'><strong>ejus</strong></span> <span class='ocrx_word' id='word_1_612' title='bbox 2109 3842 2425 3910; x_wconf 88' lang='lat' dir='ltr'><strong>spectaculo</strong></span> <span class='ocrx_word' id='word_1_613' title='bbox 2446 3857 2571 3908; x_wconf 87' lang='lat' dir='ltr'><strong>suo,</strong></span> <span class='ocrx_word' id='word_1_614' title='bbox 2610 3857 2720 3896; x_wconf 91' lang='lat' dir='ltr'><strong>non</strong></span> <span class='ocrx_word' id='word_1_615' title='bbox 2753 3842 2989 3912; x_wconf 89' lang='lat' dir='ltr'><strong>loquela.</strong></span> <span class='ocrx_word' id='word_1_616' title='bbox 3026 3841 3312 3912; x_wconf 59' lang='lat' dir='ltr'><strong>Prophetas</strong></span> <span class='ocrx_word' id='word_1_617' title='bbox 3337 3843 3552 3898; x_wconf 68' lang='lat' dir='ltr'><strong>incom~</strong></span> 
     </span>
    </p>
   </div>
   <div class='ocr_carea' id='block_1_86' title="bbox 1959 3933 3550 4004">
    <p class='ocr_par' dir='ltr' id='par_1_86' title="bbox 1959 3933 3550 4004">
     <span class='ocr_line' id='line_1_86' title="bbox 1959 3933 3550 4004; baseline 0.003 -19"><span class='ocrx_word' id='word_1_618' title='bbox 1959 3933 2387 4002; x_wconf 87' lang='lat' dir='ltr'><strong>prehensibilem</strong></span> <span class='ocrx_word' id='word_1_619' title='bbox 2423 3934 2890 4000; x_wconf 88' lang='lat' dir='ltr'><strong>comprehendere</strong></span> <span class='ocrx_word' id='word_1_620' title='bbox 2928 3949 3038 3989; x_wconf 89' lang='lat' dir='ltr'><strong>non</strong></span> <span class='ocrx_word' id='word_1_621' title='bbox 3089 3943 3418 4004; x_wconf 85' lang='lat' dir='ltr'><strong>potuerunt;</strong></span> <span class='ocrx_word' id='word_1_622' title='bbox 3463 3943 3550 3991; x_wconf 89' lang='lat' dir='ltr'><strong>et-</strong></span> 
     </span>
    </p>
   </div>
   <div class='ocr_carea' id='block_1_87' title="bbox 1958 4024 3550 4096">
    <p class='ocr_par' dir='ltr' id='par_1_87' title="bbox 1958 4024 3550 4096">
     <span class='ocr_line' id='line_1_87' title="bbox 1958 4024 3550 4096; baseline 0 -17"><span class='ocrx_word' id='word_1_623' title='bbox 1958 4024 2106 4079; x_wconf 90' lang='lat' dir='ltr'><strong>enim</strong></span> <span class='ocrx_word' id='word_1_624' title='bbox 2132 4024 2390 4081; x_wconf 87' lang='lat' dir='ltr'><strong>universa</strong></span> <span class='ocrx_word' id='word_1_625' title='bbox 2415 4025 2702 4080; x_wconf 90' lang='lat' dir='ltr'><strong>hominum</strong></span> <span class='ocrx_word' id='word_1_626' title='bbox 2729 4035 2925 4082; x_wconf 87' lang='lat' dir='ltr'><strong>natura</strong></span> <span class='ocrx_word' id='word_1_627' title='bbox 2953 4028 3005 4082; x_wconf 90' lang='lat' dir='ltr'><strong>ei</strong></span> <span class='ocrx_word' id='word_1_628' title='bbox 3034 4027 3550 4096; x_wconf 85' lang='lat' dir='ltr'><strong>comprehendendo</strong></span> 
     </span>
    </p>
   </div>
   <div class='ocr_carea' id='block_1_88' title="bbox 1961 4115 3552 4190">
    <p class='ocr_par' dir='ltr' id='par_1_88' title="bbox 1961 4115 3552 4190">
     <span class='ocr_line' id='line_1_88' title="bbox 1961 4115 3552 4190; baseline 0.005 -21"><span class='ocrx_word' id='word_1_629' title='bbox 1961 4115 2139 4187; x_wconf 88' lang='lat' dir='ltr'><strong>impos</strong></span> <span class='ocrx_word' id='word_1_630' title='bbox 2168 4126 2254 4173; x_wconf 92' lang='lat' dir='ltr'><strong>est</strong></span> <span class='ocrx_word' id='word_1_631' title='bbox 2283 4135 2298 4173; x_wconf 90' lang='lat'><strong>:</strong></span> <span class='ocrx_word' id='word_1_632' title='bbox 2336 4134 2493 4175; x_wconf 89' lang='lat' dir='ltr'><strong>mens</strong></span> <span class='ocrx_word' id='word_1_633' title='bbox 2524 4133 2723 4188; x_wconf 88' lang='lat' dir='ltr'><strong>capere</strong></span> <span class='ocrx_word' id='word_1_634' title='bbox 2764 4119 3098 4177; x_wconf 89' lang='lat' dir='ltr'><strong>immensum</strong></span> <span class='ocrx_word' id='word_1_635' title='bbox 3139 4121 3328 4190; x_wconf 90' lang='lat' dir='ltr'><strong>nequit</strong></span> <span class='ocrx_word' id='word_1_636' title='bbox 3359 4138 3374 4176; x_wconf 89' lang='lat'>:</span> <span class='ocrx_word' id='word_1_637' title='bbox 3407 4122 3552 4177; x_wconf 88' lang='lat' dir='ltr'><strong>ratio</strong></span> 
     </span>
    </p>
   </div>
   <div class='ocr_carea' id='block_1_89' title="bbox 1960 4212 3556 4286">
    <p class='ocr_par' dir='ltr' id='par_1_89' title="bbox 1960 4212 3556 4286">
     <span class='ocr_line' id='line_1_89' title="bbox 1960 4212 3556 4286; baseline 0.003 -20"><span class='ocrx_word' id='word_1_638' title='bbox 1960 4212 2108 4268; x_wconf 89' lang='lat' dir='ltr'><strong>haud</strong></span> <span class='ocrx_word' id='word_1_639' title='bbox 2159 4224 2335 4284; x_wconf 85' lang='lat' dir='ltr'><strong>potest</strong></span> <span class='ocrx_word' id='word_1_640' title='bbox 2391 4214 2750 4270; x_wconf 88' lang='lat' dir='ltr'><strong>humanatum</strong></span> <span class='ocrx_word' id='word_1_641' title='bbox 2813 4215 2983 4271; x_wconf 87' lang='lat' dir='ltr'><strong>Deum</strong></span> <span class='ocrx_word' id='word_1_642' title='bbox 3046 4215 3337 4286; x_wconf 89' lang='lat' dir='ltr'><strong>imaginari</strong></span> <span class='ocrx_word' id='word_1_643' title='bbox 3380 4235 3394 4268; x_wconf 90' lang='lat'><strong>:</strong></span> <span class='ocrx_word' id='word_1_644' title='bbox 3430 4216 3556 4277; x_wconf 69' lang='lat' dir='ltr'><strong>sola.</strong></span> 
     </span>
    </p>
   </div>
   <div class='ocr_carea' id='block_1_90' title="bbox 1961 4304 3552 4380">
    <p class='ocr_par' dir='ltr' id='par_1_90' title="bbox 1961 4304 3552 4380">
     <span class='ocr_line' id='line_1_90' title="bbox 1961 4304 3552 4380; baseline 0.003 -22"><span class='ocrx_word' id='word_1_645' title='bbox 1961 4304 2096 4360; x_wconf 83' lang='lat' dir='ltr'><strong>fides</strong></span> <span class='ocrx_word' id='word_1_646' title='bbox 2127 4321 2252 4361; x_wconf 87' lang='lat' dir='ltr'><strong>eum</strong></span> <span class='ocrx_word' id='word_1_647' title='bbox 2292 4315 2459 4375; x_wconf 88' lang='lat' dir='ltr'><strong>tenet,</strong></span> <span class='ocrx_word' id='word_1_648' title='bbox 2493 4308 2589 4379; x_wconf 92' lang='lat' dir='ltr'><strong>qui</strong></span> <span class='ocrx_word' id='word_1_649' title='bbox 2629 4309 2800 4364; x_wconf 88' lang='lat' dir='ltr'><strong>teneri</strong></span> <span class='ocrx_word' id='word_1_650' title='bbox 2825 4309 3019 4380; x_wconf 87' lang='lat' dir='ltr'><strong>nequit</strong></span> <span class='ocrx_word' id='word_1_651' title='bbox 3049 4327 3063 4364; x_wconf 89' lang='lat'><strong>:</strong></span> <span class='ocrx_word' id='word_1_652' title='bbox 3093 4310 3210 4365; x_wconf 85' lang='lat' dir='ltr'><strong>sola</strong></span> <span class='ocrx_word' id='word_1_653' title='bbox 3247 4309 3380 4364; x_wconf 89' lang='lat' dir='ltr'><strong>fides</strong></span> <span class='ocrx_word' id='word_1_654' title='bbox 3412 4309 3552 4364; x_wconf 78' lang='lat' dir='ltr'><strong>invi—</strong></span> 
     </span>
    </p>
   </div>
   <div class='ocr_carea' id='block_1_91' title="bbox 1957 4398 3548 4472">
    <p class='ocr_par' dir='ltr' id='par_1_91' title="bbox 1957 4398 3548 4472">
     <span class='ocr_line' id='line_1_91' title="bbox 1957 4398 3548 4472; baseline 0.002 -19"><span class='ocrx_word' id='word_1_655' title='bbox 1957 4398 2174 4454; x_wconf 86' lang='lat' dir='ltr'><strong>sibilem</strong></span> <span class='ocrx_word' id='word_1_656' title='bbox 2201 4399 2344 4455; x_wconf 84' lang='lat' dir='ltr'><strong>videt</strong></span> <span class='ocrx_word' id='word_1_657' title='bbox 2379 4418 2393 4455; x_wconf 90' lang='lat'><strong>:</strong></span> <span class='ocrx_word' id='word_1_658' title='bbox 2421 4400 2537 4455; x_wconf 89' lang='lat' dir='ltr'><strong>sola</strong></span> <span class='ocrx_word' id='word_1_659' title='bbox 2574 4401 2707 4457; x_wconf 83' lang='lat' dir='ltr'><strong>fides</strong></span> <span class='ocrx_word' id='word_1_660' title='bbox 2743 4404 3084 4457; x_wconf 90' lang='lat' dir='ltr'><strong>inaccessum</strong></span> <span class='ocrx_word' id='word_1_661' title='bbox 3110 4402 3340 4467; x_wconf 88' lang='lat' dir='ltr'><strong>accedit,</strong></span> <span class='ocrx_word' id='word_1_662' title='bbox 3371 4417 3548 4472; x_wconf 49' lang='lat' dir='ltr'><strong>quan-</strong></span> 
     </span>
    </p>
   </div>
   <div class='ocr_carea' id='block_1_92' title="bbox 1957 4496 3226 4568">
    <p class='ocr_par' dir='ltr' id='par_1_92' title="bbox 1957 4496 3226 4568">
     <span class='ocr_line' id='line_1_92' title="bbox 1957 4496 3226 4568; baseline 0.004 -19"><span class='ocrx_word' id='word_1_663' title='bbox 1957 4503 2074 4549; x_wconf 89' lang='lat' dir='ltr'><strong>tum</strong></span> <span class='ocrx_word' id='word_1_664' title='bbox 2114 4496 2336 4565; x_wconf 87' lang='lat' dir='ltr'><strong>quidem</strong></span> <span class='ocrx_word' id='word_1_665' title='bbox 2378 4497 2469 4552; x_wconf 93' lang='lat' dir='ltr'><strong>ille</strong></span> <span class='ocrx_word' id='word_1_666' title='bbox 2507 4497 2710 4568; x_wconf 89' lang='lat' dir='ltr'><strong>patitur</strong></span> <span class='ocrx_word' id='word_1_667' title='bbox 2740 4514 2806 4552; x_wconf 93' lang='lat' dir='ltr'><strong>ac</strong></span> <span class='ocrx_word' id='word_1_668' title='bbox 2835 4499 3097 4567; x_wconf 88' lang='lat' dir='ltr'><strong>possibile</strong></span> <span class='ocrx_word' id='word_1_669' title='bbox 3122 4508 3226 4554; x_wconf 88' lang='lat' dir='ltr'><strong>est.</strong></span> 
     </span>
    </p>
   </div>
   <div class='ocr_carea' id='block_1_93' title="bbox 2027 4587 3604 4663">
    <p class='ocr_par' dir='ltr' id='par_1_93' title="bbox 2027 4587 3604 4663">
     <span class='ocr_line' id='line_1_93' title="bbox 2027 4587 3604 4663; baseline 0.003 -21"><span class='ocrx_word' id='word_1_670' title='bbox 2027 4589 2080 4643; x_wconf 74' lang='grc'><strong>4.</strong></span> <span class='ocrx_word' id='word_1_671' title='bbox 2125 4587 2232 4643; x_wconf 78' lang='lat' dir='ltr'><strong>Hic</strong></span> <span class='ocrx_word' id='word_1_672' title='bbox 2258 4599 2334 4644; x_wconf 79' lang='lat' dir='ltr'><strong>est</strong></span> <span class='ocrx_word' id='word_1_673' title='bbox 2363 4588 2541 4644; x_wconf 74' lang='lat' dir='ltr'><strong>Filius</strong></span> <span class='ocrx_word' id='word_1_674' title='bbox 2571 4606 2716 4644; x_wconf 81' lang='lat' dir='ltr'><strong>meus</strong></span> <span class='ocrx_word' id='word_1_675' title='bbox 2755 4590 2998 4658; x_wconf 76' lang='lat' dir='ltr'><strong>dilectus,</strong></span> <span class='ocrx_word' id='word_1_676' title='bbox 3037 4592 3095 4645; x_wconf 83' lang='lat' dir='ltr'><strong>in</strong></span> <span class='ocrx_word' id='word_1_677' title='bbox 3126 4608 3229 4663; x_wconf 79' lang='lat' dir='ltr'><strong>quo</strong></span> <span class='ocrx_word' id='word_1_678' title='bbox 3262 4593 3392 4646; x_wconf 84' lang='lat' dir='ltr'><strong>milu&#39;</strong></span> <span class='ocrx_word' id='word_1_679' title='bbox 3427 4593 3604 4648; x_wconf 51' lang='lat' dir='ltr'><strong>licito»</strong></span> 
     </span>
    </p>
   </div>
   <div class='ocr_carea' id='block_1_94' title="bbox 1959 4680 3554 4755">
    <p class='ocr_par' dir='ltr' id='par_1_94' title="bbox 1959 4680 3554 4755">
     <span class='ocr_line' id='line_1_94' title="bbox 1959 4680 3554 4755; baseline 0.004 -19"><span class='ocrx_word' id='word_1_680' title='bbox 1959 4680 2275 4752; x_wconf 78' lang='lat' dir='ltr'><strong>complacui.</strong></span> <span class='ocrx_word' id='word_1_681' title='bbox 2299 4682 2399 4739; x_wconf 85' lang='lat' dir='ltr'><strong>llic</strong></span> <span class='ocrx_word' id='word_1_682' title='bbox 2416 4693 2500 4740; x_wconf 89' lang='lat' dir='ltr'><strong>est</strong></span> <span class='ocrx_word' id='word_1_683' title='bbox 2519 4691 2840 4755; x_wconf 89' lang='lat' dir='ltr'><strong>cooperator</strong></span> <span class='ocrx_word' id='word_1_684' title='bbox 2881 4683 3080 4750; x_wconf 87' lang='lat' dir='ltr'><strong>Filius,</strong></span> <span class='ocrx_word' id='word_1_685' title='bbox 3116 4700 3240 4741; x_wconf 83' lang='lat' dir='ltr'><strong>non-</strong></span> <span class='ocrx_word' id='word_1_686' title='bbox 3267 4687 3554 4742; x_wconf 87' lang='lat' dir='ltr'><strong>ministra-</strong></span> 
     </span>
    </p>
   </div>
   <div class='ocr_carea' id='block_1_95' title="bbox 1957 4777 3553 4850">
    <p class='ocr_par' dir='ltr' id='par_1_95' title="bbox 1957 4777 3553 4850">
     <span class='ocr_line' id='line_1_95' title="bbox 1957 4777 3553 4850; baseline 0.004 -20"><span class='ocrx_word' id='word_1_687' title='bbox 1957 4784 2078 4831; x_wconf 89' lang='lat' dir='ltr'><strong>tor:</strong></span> <span class='ocrx_word' id='word_1_688' title='bbox 2113 4777 2202 4834; x_wconf 91' lang='lat' dir='ltr'><strong>hic</strong></span> <span class='ocrx_word' id='word_1_689' title='bbox 2235 4779 2436 4834; x_wconf 71' lang='lat' dir='ltr'><strong>coelum</strong></span> <span class='ocrx_word' id='word_1_690' title='bbox 2469 4789 2778 4850; x_wconf 87' lang='lat' dir='ltr'><strong>terramque</strong></span> <span class='ocrx_word' id='word_1_691' title='bbox 2807 4779 3050 4835; x_wconf 83' lang='lat' dir='ltr'><strong>creavit:</strong></span> <span class='ocrx_word' id='word_1_692' title='bbox 3091 4781 3180 4837; x_wconf 91' lang='lat' dir='ltr'><strong>hic</strong></span> <span class='ocrx_word' id='word_1_693' title='bbox 3221 4780 3553 4837; x_wconf 82' lang='lat' dir='ltr'><strong>ﬁrmamenti</strong></span> 
     </span>
    </p>
   </div>
   <div class='ocr_carea' id='block_1_96' title="bbox 1959 4869 3560 4943">
    <p class='ocr_par' dir='ltr' id='par_1_96' title="bbox 1959 4869 3560 4943">
     <span class='ocr_line' id='line_1_96' title="bbox 1959 4869 3560 4943; baseline 0.004 -21"><span class='ocrx_word' id='word_1_694' title='bbox 1959 4869 2250 4936; x_wconf 89' lang='lat' dir='ltr'><strong>circulum,</strong></span> <span class='ocrx_word' id='word_1_695' title='bbox 2284 4871 2576 4927; x_wconf 85' lang='lat' dir='ltr'><strong>desursum</strong></span> <span class='ocrx_word' id='word_1_696' title='bbox 2597 4887 2857 4937; x_wconf 85' lang='lat' dir='ltr'><strong>curvans,</strong></span> <span class='ocrx_word' id='word_1_697' title='bbox 2903 4887 3072 4943; x_wconf 85' lang='lat' dir='ltr'><strong>supra</strong></span> <span class='ocrx_word' id='word_1_698' title='bbox 3094 4872 3353 4930; x_wconf 81' lang='lat' dir='ltr'><strong>inferiora</strong></span> <span class='ocrx_word' id='word_1_699' title='bbox 3381 4874 3560 4929; x_wconf 81' lang='lat' dir='ltr'><strong>nitide</strong></span> 
     </span>
    </p>
   </div>
   <div class='ocr_carea' id='block_1_97' title="bbox 254 4947 1857 5046">
    <p class='ocr_par' dir='ltr' id='par_1_97' title="bbox 254 4947 1853 5032">
     <span class='ocr_line' id='line_1_97' title="bbox 254 4947 1853 5032; baseline 0.013 -34"><span class='ocrx_word' id='word_1_700' title='bbox 254 4947 574 5016; x_wconf 81' lang='grc' dir='ltr'>κυρτώσας,</span> <span class='ocrx_word' id='word_1_701' title='bbox 619 4951 714 5004; x_wconf 78' lang='grc' dir='ltr'>ἐπὶ</span> <span class='ocrx_word' id='word_1_702' title='bbox 765 4953 835 5005; x_wconf 85' lang='grc' dir='ltr'><strong>τά</strong></span> <span class='ocrx_word' id='word_1_703' title='bbox 889 4954 1040 5008; x_wconf 88' lang='grc' dir='ltr'>κάτω</span> <span class='ocrx_word' id='word_1_704' title='bbox 1083 4955 1280 5022; x_wconf 81' lang='grc' dir='ltr'>λεάνας</span> <span class='ocrx_word' id='word_1_705' title='bbox 1315 4960 1654 5032; x_wconf 76' lang='grc' dir='ltr'>ἐξήπλωσεν·</span> <span class='ocrx_word' id='word_1_706' title='bbox 1695 4961 1853 5031; x_wconf 78' lang='grc' dir='ltr'>οὗτος</span> 
     </span>
    </p>
   </div>
   <div class='ocr_carea' id='block_1_98' title="bbox 1962 4947 3552 5046">
    <p class='ocr_par' dir='ltr' id='par_1_98' title="bbox 1962 4963 3552 5046">
     <span class='ocr_line' id='line_1_98' title="bbox 1962 4963 3552 5046; baseline 0.003 -30"><span class='ocrx_word' id='word_1_707' title='bbox 1962 4963 2224 5032; x_wconf 81' lang='lat' dir='ltr'><strong>explicuit</strong></span> <span class='ocrx_word' id='word_1_708' title='bbox 2253 4981 2267 5017; x_wconf 88' lang='lat'><strong>:</strong></span> <span class='ocrx_word' id='word_1_709' title='bbox 2304 4963 2394 5019; x_wconf 88' lang='lat' dir='ltr'><strong>hic</strong></span> <span class='ocrx_word' id='word_1_710' title='bbox 2428 4965 2552 5021; x_wconf 71' lang='lat' dir='ltr'><strong>coeli</strong></span> <span class='ocrx_word' id='word_1_711' title='bbox 2583 4975 2866 5037; x_wconf 86' lang='lat' dir='ltr'><strong>aspectum</strong></span> <span class='ocrx_word' id='word_1_712' title='bbox 2892 4967 3168 5023; x_wconf 87' lang='lat' dir='ltr'><strong>sideribus</strong></span> <span class='ocrx_word' id='word_1_713' title='bbox 3197 4981 3295 5022; x_wconf 89' lang='lat' dir='ltr'><strong>ceu</strong></span> <span class='ocrx_word' id='word_1_714' title='bbox 3325 4967 3552 5046; x_wconf 81' lang='lat' dir='ltr'><strong>totidem</strong></span> 
     </span>
    </p>
   </div>
   <div class='ocr_carea' id='block_1_99' title="bbox 251 5040 1850 5130">
    <p class='ocr_par' dir='ltr' id='par_1_99' title="bbox 251 5040 1850 5130">
     <span class='ocr_line' id='line_1_99' title="bbox 251 5040 1850 5130; baseline 0.013 -40"><span class='ocrx_word' id='word_1_715' title='bbox 251 5041 358 5108; x_wconf 81' lang='grc' dir='ltr'>τὴν</span> <span class='ocrx_word' id='word_1_716' title='bbox 373 5040 674 5130; x_wconf 35' lang='grc' dir='ltr'>-ὁρωμένην</span> <span class='ocrx_word' id='word_1_717' title='bbox 708 5043 832 5114; x_wconf 76' lang='grc' dir='ltr'>ὄψιν</span> <span class='ocrx_word' id='word_1_718' title='bbox 866 5048 980 5110; x_wconf 88' lang='grc' dir='ltr'>τοῖς</span> <span class='ocrx_word' id='word_1_719' title='bbox 1007 5048 1232 5118; x_wconf 84' lang='grc' dir='ltr'>ἄστροις</span> <span class='ocrx_word' id='word_1_720' title='bbox 1266 5051 1343 5115; x_wconf 86' lang='grc' dir='ltr'>ὡς</span> <span class='ocrx_word' id='word_1_721' title='bbox 1367 5053 1674 5125; x_wconf 78' lang='grc' dir='ltr'>ὀφθαλμοῖς</span> <span class='ocrx_word' id='word_1_722' title='bbox 1697 5074 1850 5130; x_wconf 74' lang='grc' dir='ltr'>κατ-</span> 
     </span>
    </p>
   </div>
   <div class='ocr_carea' id='block_1_100' title="bbox 249 5125 1854 5217">
    <p class='ocr_par' dir='ltr' id='par_1_100' title="bbox 249 5125 1854 5217">
     <span class='ocr_line' id='line_1_100' title="bbox 249 5125 1854 5217; baseline 0.012 -36"><span class='ocrx_word' id='word_1_723' title='bbox 249 5127 555 5184; x_wconf 81' lang='grc' dir='ltr'>εποίκιλεν·</span> <span class='ocrx_word' id='word_1_724' title='bbox 587 5125 744 5196; x_wconf 73' lang='grc' dir='ltr'>οὗτος</span> <span class='ocrx_word' id='word_1_725' title='bbox 770 5135 1028 5205; x_wconf 80' lang='grc' dir='ltr'>ἐποίησεν</span> <span class='ocrx_word' id='word_1_726' title='bbox 1052 5136 1145 5192; x_wconf 86' lang='grc' dir='ltr'>τὸν</span> <span class='ocrx_word' id='word_1_727' title='bbox 1174 5140 1327 5212; x_wconf 78' lang='grc' dir='ltr'>ἥλιον</span> <span class='ocrx_word' id='word_1_728' title='bbox 1350 5142 1448 5212; x_wconf 83' lang='grc' dir='ltr'>τῆς</span> <span class='ocrx_word' id='word_1_729' title='bbox 1480 5125 1702 5216; x_wconf 27' lang='grc' dir='ltr'>ἡμέρας.</span> <span class='ocrx_word' id='word_1_730' title='bbox 1725 5150 1854 5217; x_wconf 81' lang='grc' dir='ltr'>ἠγε-</span> 
     </span>
    </p>
   </div>
   <div class='ocr_carea' id='block_1_101' title="bbox 255 5220 1852 5308">
    <p class='ocr_par' dir='ltr' id='par_1_101' title="bbox 255 5220 1852 5308">
     <span class='ocr_line' id='line_1_101' title="bbox 255 5220 1852 5308; baseline 0.013 -36"><span class='ocrx_word' id='word_1_731' title='bbox 255 5220 405 5291; x_wconf 85' lang='grc' dir='ltr'>μόνα</span> <span class='ocrx_word' id='word_1_732' title='bbox 438 5222 534 5278; x_wconf 78' lang='grc' dir='ltr'>καὶ</span> <span class='ocrx_word' id='word_1_733' title='bbox 567 5227 895 5299; x_wconf 86' lang='grc' dir='ltr'>στρατηγόν·</span> <span class='ocrx_word' id='word_1_734' title='bbox 935 5223 1090 5294; x_wconf 72' lang='grc' dir='ltr'>οὗτος</span> <span class='ocrx_word' id='word_1_735' title='bbox 1122 5234 1454 5303; x_wconf 75' lang='grc' dir='ltr'>παρέζευξεν</span> <span class='ocrx_word' id='word_1_736' title='bbox 1493 5236 1574 5308; x_wconf 81' lang='grc' dir='ltr'>τῷ</span> <span class='ocrx_word' id='word_1_737' title='bbox 1597 5256 1852 5307; x_wconf 84' lang='grc' dir='ltr'>νυκτερι-</span> 
     </span>
    </p>
   </div>
   <div class='ocr_carea' id='block_1_102' title="bbox 253 5313 1852 5406">
    <p class='ocr_par' dir='ltr' id='par_1_102' title="bbox 253 5313 1852 5406">
     <span class='ocr_line' id='line_1_102' title="bbox 253 5313 1852 5406; baseline 0.014 -41"><span class='ocrx_word' id='word_1_738' title='bbox 253 5313 338 5384; x_wconf 81' lang='grc' dir='ltr'>νῷ</span> <span class='ocrx_word' id='word_1_739' title='bbox 375 5315 523 5388; x_wconf 80' lang='grc' dir='ltr'>ζόφῳ</span> <span class='ocrx_word' id='word_1_740' title='bbox 550 5320 650 5386; x_wconf 82' lang='grc' dir='ltr'>τῆς</span> <span class='ocrx_word' id='word_1_741' title='bbox 683 5320 912 5394; x_wconf 78' lang='grc' dir='ltr'>σελήνης</span> <span class='ocrx_word' id='word_1_742' title='bbox 942 5323 1044 5394; x_wconf 83' lang='grc' dir='ltr'>τὴν</span> <span class='ocrx_word' id='word_1_743' title='bbox 1083 5325 1278 5396; x_wconf 75' lang='grc' dir='ltr'>αἴγλην</span> <span class='ocrx_word' id='word_1_744' title='bbox 1304 5327 1720 5385; x_wconf 84' lang='grc' dir='ltr'>ἀποδιώκουσαν</span> <span class='ocrx_word' id='word_1_745' title='bbox 1752 5334 1852 5406; x_wconf 76' lang='grc' dir='ltr'>τῆς</span> 
     </span>
    </p>
   </div>
   <div class='ocr_carea' id='block_1_103' title="bbox 250 5407 1854 5498">
    <p class='ocr_par' dir='ltr' id='par_1_103' title="bbox 250 5407 1854 5498">
     <span class='ocr_line' id='line_1_103' title="bbox 250 5407 1854 5498; baseline 0.012 -40"><span class='ocrx_word' id='word_1_746' title='bbox 250 5407 454 5473; x_wconf 78' lang='grc' dir='ltr'>νυκτὸς</span> <span class='ocrx_word' id='word_1_747' title='bbox 492 5409 592 5482; x_wconf 83' lang='grc' dir='ltr'>τὴν</span> <span class='ocrx_word' id='word_1_748' title='bbox 642 5413 967 5484; x_wconf 83' lang='grc' dir='ltr'>κατήφειαν·</span> <span class='ocrx_word' id='word_1_749' title='bbox 999 5409 1152 5481; x_wconf 74' lang='grc' dir='ltr'>οὗτος</span> <span class='ocrx_word' id='word_1_750' title='bbox 1181 5418 1396 5490; x_wconf 76' lang='grc' dir='ltr'>ἐξέχεεν</span> <span class='ocrx_word' id='word_1_751' title='bbox 1430 5423 1525 5476; x_wconf 89' lang='grc' dir='ltr'><strong>τοῦ</strong></span> <span class='ocrx_word' id='word_1_752' title='bbox 1553 5424 1715 5496; x_wconf 85' lang='grc' dir='ltr'>ἀέρος</span> <span class='ocrx_word' id='word_1_753' title='bbox 1754 5427 1854 5498; x_wconf 76' lang='grc' dir='ltr'>τὴν</span> 
     </span>
    </p>
   </div>
   <div class='ocr_carea' id='block_1_104' title="bbox 255 5500 1852 5590">
    <p class='ocr_par' dir='ltr' id='par_1_104' title="bbox 255 5500 1852 5590">
     <span class='ocr_line' id='line_1_104' title="bbox 255 5500 1852 5590; baseline 0.013 -37"><span class='ocrx_word' id='word_1_754' title='bbox 255 5500 480 5572; x_wconf 79' lang='grc' dir='ltr'>ἁπαλὴν</span> <span class='ocrx_word' id='word_1_755' title='bbox 511 5503 675 5572; x_wconf 86' lang='grc' dir='ltr'>φύσιν</span> <span class='ocrx_word' id='word_1_756' title='bbox 713 5507 1109 5581; x_wconf 85' lang='grc' dir='ltr'>εἰσπνεομὲνην</span> <span class='ocrx_word' id='word_1_757' title='bbox 1150 5512 1389 5578; x_wconf 68' lang='grc' dir='ltr'>εὐκόλως</span> <span class='ocrx_word' id='word_1_758' title='bbox 1422 5516 1578 5588; x_wconf 85' lang='grc' dir='ltr'><strong>παρά</strong></span> <span class='ocrx_word' id='word_1_759' title='bbox 1607 5517 1717 5572; x_wconf 86' lang='grc' dir='ltr'><strong>τῶν</strong></span> <span class='ocrx_word' id='word_1_760' title='bbox 1753 5520 1852 5590; x_wconf 86' lang='grc' dir='ltr'>ἐμ·-</span> 
     </span>
    </p>
   </div>
   <div class='ocr_carea' id='block_1_105' title="bbox 254 5591 1852 5682">
    <p class='ocr_par' dir='ltr' id='par_1_105' title="bbox 254 5591 1852 5682">
     <span class='ocr_line' id='line_1_105' title="bbox 254 5591 1852 5682; baseline 0.013 -39"><span class='ocrx_word' id='word_1_761' title='bbox 254 5591 695 5664; x_wconf 79' lang='grc' dir='ltr'>πολιτευομένων</span> <span class='ocrx_word' id='word_1_762' title='bbox 728 5597 900 5668; x_wconf 83' lang='grc' dir='ltr'>αὑτῷ,</span> <span class='ocrx_word' id='word_1_763' title='bbox 948 5601 1043 5653; x_wconf 79' lang='grc' dir='ltr'>καὶ</span> <span class='ocrx_word' id='word_1_764' title='bbox 1077 5604 1541 5678; x_wconf 80' lang='grc' dir='ltr'>περισχιζομένην</span> <span class='ocrx_word' id='word_1_765' title='bbox 1589 5609 1852 5682; x_wconf 83' lang='grc' dir='ltr'>εὐμαρῶς</span> 
     </span>
    </p>
   </div>
   <div class='ocr_carea' id='block_1_106' title="bbox 251 5687 1849 5763">
    <p class='ocr_par' dir='ltr' id='par_1_106' title="bbox 251 5687 1849 5763">
     <span class='ocr_line' id='line_1_106' title="bbox 251 5687 1849 5763; baseline 0.014 -27"><span class='ocrx_word' id='word_1_766' title='bbox 251 5687 371 5749; x_wconf 73' lang='grc' dir='ltr'>τοῖς</span> <span class='ocrx_word' id='word_1_767' title='bbox 405 5687 722 5758; x_wconf 84' lang='grc' dir='ltr'>προσώποις</span> <span class='ocrx_word' id='word_1_768' title='bbox 746 5690 856 5744; x_wconf 86' lang='grc' dir='ltr'><strong>τῶν</strong></span> <span class='ocrx_word' id='word_1_769' title='bbox 888 5692 1241 5763; x_wconf 79' lang='grc' dir='ltr'>βαδιζόντων,</span> <span class='ocrx_word' id='word_1_770' title='bbox 1265 5700 1359 5752; x_wconf 79' lang='grc' dir='ltr'>καὶ</span> <span class='ocrx_word' id='word_1_771' title='bbox 1380 5699 1542 5756; x_wconf 84' lang='grc' dir='ltr'>πάλιν</span> <span class='ocrx_word' id='word_1_772' title='bbox 1575 5703 1717 5757; x_wconf 87' lang='grc' dir='ltr'><strong>κατά</strong></span> <span class='ocrx_word' id='word_1_773' title='bbox 1743 5704 1849 5757; x_wconf 84' lang='grc' dir='ltr'><strong>νῶ-</strong></span> 
     </span>
    </p>
   </div>
   <div class='ocr_carea' id='block_1_107' title="bbox 326 5801 692 5867">
    <p class='ocr_par' dir='ltr' id='par_1_107' title="bbox 326 5801 692 5867">
     <span class='ocr_line' id='line_1_107' title="bbox 326 5801 692 5867; baseline 0.014 -12"><span class='ocrx_word' id='word_1_774' title='bbox 326 5801 372 5833; x_wconf 81' lang='lat'>“</span> <span class='ocrx_word' id='word_1_775' title='bbox 398 5801 506 5860; x_wconf 84' lang='lat' dir='ltr'><strong>lsa.</strong></span> <span class='ocrx_word' id='word_1_776' title='bbox 533 5818 606 5867; x_wconf 75' lang='lat' dir='ltr'><strong>vr,</strong></span> <span class='ocrx_word' id='word_1_777' title='bbox 638 5805 692 5862; x_wconf 77' lang='grc' dir='ltr'><strong>ὅ.</strong></span> 
     </span>
    </p>
   </div>
   <div class='ocr_carea' id='block_1_108' title="bbox 1960 5057 3555 5131">
    <p class='ocr_par' dir='ltr' id='par_1_108' title="bbox 1960 5057 3555 5131">
     <span class='ocr_line' id='line_1_108' title="bbox 1960 5057 3555 5131; baseline 0.004 -19"><span class='ocrx_word' id='word_1_778' title='bbox 1960 5057 2138 5113; x_wconf 86' lang='lat' dir='ltr'><strong>oculis</strong></span> <span class='ocrx_word' id='word_1_779' title='bbox 2169 5059 2470 5130; x_wconf 86' lang='lat' dir='ltr'><strong>variegavit</strong></span> <span class='ocrx_word' id='word_1_780' title='bbox 2503 5078 2516 5114; x_wconf 88' lang='lat'><strong>:</strong></span> <span class='ocrx_word' id='word_1_781' title='bbox 2545 5061 2637 5116; x_wconf 90' lang='lat' dir='ltr'><strong>hic</strong></span> <span class='ocrx_word' id='word_1_782' title='bbox 2675 5062 2852 5117; x_wconf 84' lang='lat' dir='ltr'><strong>solem</strong></span> <span class='ocrx_word' id='word_1_783' title='bbox 2874 5061 3003 5118; x_wconf 83' lang='lat' dir='ltr'><strong>fecit</strong></span> <span class='ocrx_word' id='word_1_784' title='bbox 3027 5061 3135 5117; x_wconf 89' lang='lat' dir='ltr'><strong>diei</strong></span> <span class='ocrx_word' id='word_1_785' title='bbox 3159 5061 3356 5117; x_wconf 85' lang='lat' dir='ltr'><strong>ducem</strong></span> <span class='ocrx_word' id='word_1_786' title='bbox 3387 5070 3555 5131; x_wconf 83' lang='lat' dir='ltr'><strong>atque</strong></span> 
     </span>
    </p>
   </div>
   <div class='ocr_carea' id='block_1_109' title="bbox 1961 5150 3555 5218">
    <p class='ocr_par' dir='ltr' id='par_1_109' title="bbox 1961 5150 3555 5218">
     <span class='ocr_line' id='line_1_109' title="bbox 1961 5150 3555 5218; baseline 0.003 -16"><span class='ocrx_word' id='word_1_787' title='bbox 1961 5150 2352 5218; x_wconf 89' lang='lat' dir='ltr'><strong>imperatorem</strong></span> <span class='ocrx_word' id='word_1_788' title='bbox 2387 5169 2402 5207; x_wconf 93' lang='lat'><strong>:</strong></span> <span class='ocrx_word' id='word_1_789' title='bbox 2437 5151 2530 5207; x_wconf 92' lang='lat' dir='ltr'><strong>hic</strong></span> <span class='ocrx_word' id='word_1_790' title='bbox 2551 5153 2838 5208; x_wconf 81' lang='lat' dir='ltr'><strong>nocturnis</strong></span> <span class='ocrx_word' id='word_1_791' title='bbox 2877 5152 3115 5208; x_wconf 86' lang='lat' dir='ltr'><strong>tenebris</strong></span> <span class='ocrx_word' id='word_1_792' title='bbox 3147 5152 3383 5207; x_wconf 89' lang='lat' dir='ltr'><strong>inseruit</strong></span> <span class='ocrx_word' id='word_1_793' title='bbox 3408 5152 3555 5207; x_wconf 68' lang='lat' dir='ltr'><strong>lunas</strong></span> 
     </span>
    </p>
   </div>
   <div class='ocr_carea' id='block_1_110' title="bbox 1961 5239 3554 5314">
    <p class='ocr_par' dir='ltr' id='par_1_110' title="bbox 1961 5239 3554 5314">
     <span class='ocr_line' id='line_1_110' title="bbox 1961 5239 3554 5314; baseline 0.001 -21"><span class='ocrx_word' id='word_1_794' title='bbox 1961 5239 2334 5310; x_wconf 89' lang='lat' dir='ltr'><strong>splendorem,</strong></span> <span class='ocrx_word' id='word_1_795' title='bbox 2375 5244 2473 5314; x_wconf 89' lang='lat' dir='ltr'><strong>qui</strong></span> <span class='ocrx_word' id='word_1_796' title='bbox 2519 5244 2698 5299; x_wconf 90' lang='lat' dir='ltr'><strong>noctis</strong></span> <span class='ocrx_word' id='word_1_797' title='bbox 2733 5245 3046 5299; x_wconf 87' lang='lat' dir='ltr'><strong>torvitatem</strong></span> <span class='ocrx_word' id='word_1_798' title='bbox 3087 5243 3384 5314; x_wconf 85' lang='lat' dir='ltr'><strong>depelleret</strong></span> <span class='ocrx_word' id='word_1_799' title='bbox 3415 5259 3428 5296; x_wconf 87' lang='lat'><strong>:</strong></span> <span class='ocrx_word' id='word_1_800' title='bbox 3458 5242 3554 5296; x_wconf 86' lang='lat' dir='ltr'><strong>hic</strong></span> 
     </span>
    </p>
   </div>
   <div class='ocr_carea' id='block_1_111' title="bbox 1964 5334 3554 5407">
    <p class='ocr_par' dir='ltr' id='par_1_111' title="bbox 1964 5334 3554 5407">
     <span class='ocr_line' id='line_1_111' title="bbox 1964 5334 3554 5407; baseline 0.001 -20"><span class='ocrx_word' id='word_1_801' title='bbox 1964 5334 2183 5389; x_wconf 91' lang='lat' dir='ltr'><strong>mollem</strong></span> <span class='ocrx_word' id='word_1_802' title='bbox 2216 5337 2358 5391; x_wconf 89' lang='lat' dir='ltr'><strong>aeris</strong></span> <span class='ocrx_word' id='word_1_803' title='bbox 2384 5346 2639 5392; x_wconf 89' lang='lat' dir='ltr'><strong>naturam</strong></span> <span class='ocrx_word' id='word_1_804' title='bbox 2668 5338 2948 5407; x_wconf 82' lang='lat' dir='ltr'><strong>expandit,</strong></span> <span class='ocrx_word' id='word_1_805' title='bbox 2984 5337 3142 5392; x_wconf 82' lang='lat' dir='ltr'><strong>facile</strong></span> <span class='ocrx_word' id='word_1_806' title='bbox 3176 5336 3243 5392; x_wconf 93' lang='lat' dir='ltr'><strong>iis</strong></span> <span class='ocrx_word' id='word_1_807' title='bbox 3276 5336 3554 5404; x_wconf 63' lang='lat' dir='ltr'><strong>respiratio</strong></span> 
     </span>
    </p>
   </div>
   <div class='ocr_carea' id='block_1_112' title="bbox 1961 5426 3553 5499">
    <p class='ocr_par' dir='ltr' id='par_1_112' title="bbox 1961 5426 3553 5499">
     <span class='ocr_line' id='line_1_112' title="bbox 1961 5426 3553 5499; baseline 0.003 -19"><span class='ocrx_word' id='word_1_808' title='bbox 1961 5426 2089 5481; x_wconf 83' lang='lat' dir='ltr'><strong>darn</strong></span> <span class='ocrx_word' id='word_1_809' title='bbox 2123 5429 2215 5499; x_wconf 90' lang='lat' dir='ltr'><strong>qui</strong></span> <span class='ocrx_word' id='word_1_810' title='bbox 2247 5429 2303 5484; x_wconf 92' lang='lat' dir='ltr'><strong>in</strong></span> <span class='ocrx_word' id='word_1_811' title='bbox 2330 5429 2424 5484; x_wconf 92' lang='lat' dir='ltr'><strong>illo</strong></span> <span class='ocrx_word' id='word_1_812' title='bbox 2455 5441 2768 5497; x_wconf 80' lang='lat' dir='ltr'><strong>versantur,</strong></span> <span class='ocrx_word' id='word_1_813' title='bbox 2793 5439 2848 5485; x_wconf 90' lang='lat' dir='ltr'><strong>et</strong></span> <span class='ocrx_word' id='word_1_814' title='bbox 2877 5430 3278 5486; x_wconf 85' lang='lat' dir='ltr'><strong>ambulantium</strong></span> <span class='ocrx_word' id='word_1_815' title='bbox 3308 5429 3553 5486; x_wconf 78' lang='lat' dir='ltr'><strong>faciebus</strong></span> 
     </span>
    </p>
   </div>
   <div class='ocr_carea' id='block_1_113' title="bbox 1964 5521 3553 5596">
    <p class='ocr_par' dir='ltr' id='par_1_113' title="bbox 1964 5521 3553 5596">
     <span class='ocr_line' id='line_1_113' title="bbox 1964 5521 3553 5596; baseline 0.003 -22"><span class='ocrx_word' id='word_1_816' title='bbox 1964 5521 2117 5575; x_wconf 79' lang='lat' dir='ltr'><strong>nullo</strong></span> <span class='ocrx_word' id='word_1_817' title='bbox 2154 5522 2344 5579; x_wconf 77' lang='lat' dir='ltr'><strong>labore</strong></span> <span class='ocrx_word' id='word_1_818' title='bbox 2394 5524 2726 5590; x_wconf 84' lang='lat' dir='ltr'><strong>lindendam,</strong></span> <span class='ocrx_word' id='word_1_819' title='bbox 2769 5540 3006 5596; x_wconf 80' lang='lat' dir='ltr'><strong>moxque</strong></span> <span class='ocrx_word' id='word_1_820' title='bbox 3035 5541 3065 5580; x_wconf 89' lang='lat' dir='ltr'><strong>a</strong></span> <span class='ocrx_word' id='word_1_821' title='bbox 3107 5533 3260 5594; x_wconf 85' lang='lat' dir='ltr'><strong>tergo</strong></span> <span class='ocrx_word' id='word_1_822' title='bbox 3290 5523 3409 5580; x_wconf 87' lang='lat' dir='ltr'><strong>sine</strong></span> <span class='ocrx_word' id='word_1_823' title='bbox 3441 5522 3553 5578; x_wconf 87' lang='lat' dir='ltr'><strong>ulla</strong></span> 
     </span>
    </p>
   </div>
   <div class='ocr_carea' id='block_1_114' title="bbox 1963 5618 3554 5678">
    <p class='ocr_par' dir='ltr' id='par_1_114' title="bbox 1963 5618 3554 5678">
     <span class='ocr_line' id='line_1_114' title="bbox 1963 5618 3554 5678; baseline 0.001 -7"><span class='ocrx_word' id='word_1_824' title='bbox 1963 5618 2221 5674; x_wconf 86' lang='lat' dir='ltr'><strong>molestia</strong></span> <span class='ocrx_word' id='word_1_825' title='bbox 2257 5635 2454 5676; x_wconf 87' lang='lat' dir='ltr'><strong>rursus</strong></span> <span class='ocrx_word' id='word_1_826' title='bbox 2489 5621 2545 5675; x_wconf 91' lang='lat' dir='ltr'><strong>in</strong></span> <span class='ocrx_word' id='word_1_827' title='bbox 2577 5636 2638 5677; x_wconf 86' lang='lat' dir='ltr'><strong>se</strong></span> <span class='ocrx_word' id='word_1_828' title='bbox 2672 5621 2993 5678; x_wconf 88' lang='lat' dir='ltr'><strong>redeuntem</strong></span> <span class='ocrx_word' id='word_1_829' title='bbox 3030 5641 3042 5677; x_wconf 89' lang='lat'><strong>:</strong></span> <span class='ocrx_word' id='word_1_830' title='bbox 3077 5621 3166 5676; x_wconf 91' lang='lat' dir='ltr'><strong>hic</strong></span> <span class='ocrx_word' id='word_1_831' title='bbox 3193 5629 3351 5676; x_wconf 86' lang='lat' dir='ltr'><strong>terrae</strong></span> <span class='ocrx_word' id='word_1_832' title='bbox 3381 5620 3554 5674; x_wconf 84' lang='lat' dir='ltr'><strong>visce-</strong></span> 
     </span>
    </p>
   </div>
   <div class='ocr_carea' id='block_1_115' title="bbox 1965 5709 3552 5784">
    <p class='ocr_par' dir='ltr' id='par_1_115' title="bbox 1965 5709 3552 5784">
     <span class='ocr_line' id='line_1_115' title="bbox 1965 5709 3552 5784; baseline 0.001 -20"><span class='ocrx_word' id='word_1_833' title='bbox 1965 5709 2120 5767; x_wconf 86' lang='lat' dir='ltr'><strong>ribus</strong></span> <span class='ocrx_word' id='word_1_834' title='bbox 2155 5710 2438 5768; x_wconf 84' lang='lat' dir='ltr'><strong>l&#39;ructuum</strong></span> <span class='ocrx_word' id='word_1_835' title='bbox 2473 5714 2719 5784; x_wconf 79' lang='lat' dir='ltr'><strong>germina</strong></span> <span class='ocrx_word' id='word_1_836' title='bbox 2759 5713 3008 5780; x_wconf 88' lang='lat' dir='ltr'><strong>inseruit,</strong></span> <span class='ocrx_word' id='word_1_837' title='bbox 3040 5712 3360 5768; x_wconf 88' lang='lat' dir='ltr'><strong>mandatum</strong></span> <span class='ocrx_word' id='word_1_838' title='bbox 3387 5725 3552 5768; x_wconf 89' lang='lat' dir='ltr'><strong>suum</strong></span> 
     </span>
    </p>
   </div>
   <div class='ocr_carea' id='block_1_116' title="bbox 332 5892 3553 5996">
    <p class='ocr_par' dir='ltr' id='par_1_116' title="bbox 332 5892 3553 5996">
     <span class='ocr_line' id='line_1_116' title="bbox 332 5892 3553 5996; baseline 0.006 -37"><span class='ocrx_word' id='word_1_839' title='bbox 487 5893 1557 5996; x_wconf 15' lang='lat' dir='ltr'><strong>Eii-Eill‘gtﬁlittus:Scitin-1:363]:At</strong></span> <span class='ocrx_word' id='word_1_840' title='bbox 1597 5903 1756 5964; x_wconf 84' lang='lat' dir='ltr'><strong>Pater</strong></span> <span class='ocrx_word' id='word_1_841' title='bbox 1791 5921 1843 5966; x_wconf 79' lang='lat' dir='ltr'><strong>rt</strong></span> <span class='ocrx_word' id='word_1_842' title='bbox 1887 5910 2062 5970; x_wconf 82' lang='lat' dir='ltr'><strong>Filius</strong></span> <span class='ocrx_word' id='word_1_843' title='bbox 2096 5925 2144 5971; x_wconf 83' lang='lat' dir='ltr'><strong>ct</strong></span> <span class='ocrx_word' id='word_1_844' title='bbox 2194 5916 2435 5988; x_wconf 79' lang='lat' dir='ltr'><strong>Spiritus</strong></span> <span class='ocrx_word' id='word_1_845' title='bbox 2471 5925 2719 5985; x_wconf 80' lang='lat' dir='ltr'><strong>sanctus,</strong></span> <span class='ocrx_word' id='word_1_846' title='bbox 2751 5936 2858 5978; x_wconf 83' lang='lat' dir='ltr'><strong>non</strong></span> <span class='ocrx_word' id='word_1_847' title='bbox 2930 5921 3186 5992; x_wconf 81' lang='lat' dir='ltr'><strong>gradibus</strong></span> <span class='ocrx_word' id='word_1_848' title='bbox 3255 5921 3364 5978; x_wconf 66' lang='lat' dir='ltr'><strong>subi</strong></span> <span class='ocrx_word' id='word_1_849' title='bbox 3399 5921 3553 5996; x_wconf 54' lang='grc' dir='ltr'>ωδε-ι</span> 
     </span>
    </p>
   </div>
   <div class='ocr_carea' id='block_1_117' title="bbox 256 5963 1543 6038">
    <p class='ocr_par' dir='ltr' id='par_1_117' title="bbox 256 5963 1543 6038">
     <span class='ocr_line' id='line_1_117' title="bbox 256 5963 1543 6038; baseline 0.008 -20"><span class='ocrx_word' id='word_1_850' title='bbox 256 5964 324 6030; x_wconf 90' lang='lat' dir='ltr'><strong>ti,</strong></span> <span class='ocrx_word' id='word_1_851' title='bbox 365 5963 458 6021; x_wconf 84' lang='lat' dir='ltr'><strong>sed</strong></span> <span class='ocrx_word' id='word_1_852' title='bbox 489 5963 782 6038; x_wconf 72' lang='lat' dir='ltr'><strong>majestate</strong></span> <span class='ocrx_word' id='word_1_853' title='bbox 808 5970 1054 6038; x_wconf 82' lang='lat' dir='ltr'><strong>adunati,</strong></span> <span class='ocrx_word' id='word_1_854' title='bbox 1090 5983 1141 6030; x_wconf 87' lang='lat' dir='ltr'><strong>ct</strong></span> <span class='ocrx_word' id='word_1_855' title='bbox 1175 5989 1316 6031; x_wconf 83' lang='lat' dir='ltr'><strong>unus</strong></span> <span class='ocrx_word' id='word_1_856' title='bbox 1339 5963 1496 6033; x_wconf 69' lang='lat' dir='ltr'><strong>Deus.</strong></span> <span class='ocrx_word' id='word_1_857' title='bbox 1527 5994 1543 6028; x_wconf 76' lang='grc' dir='ltr'><strong>ι</strong></span> 
     </span>
    </p>
   </div>
  </div>
