4058 6430
473 485 614 555 1875
1418 483 1481 539 S.
1535 480 1914 540 GREGURII
1955 480 2073 538 ΕΡΙ

2112 478 2296 537 SCOl'l
2334 476 2805 538 ANTIOCHENI
3602 481 3714 553 1876

479 599 602 650 loco
642 592 873 650 seminis
908 593 1181 662 injicicns,
1234 600 1399 661 atque
1432 591 1742 644 innumeris
1772 589 1977 659 plantis
2004 604 2069 641 ac

2116 608 2145 659 λ
2175 603 2268 640 τον
2314 587 2733 656 συναπτομένην
2759 585 3006 648 ἀλύπως·
3031 576 3190 649 οὗτος
3220 584 3468 655 ἐνέθηκεν
3504 596 3607 656 τοῖς
3636 597 3718 651 λα.

476 693 710 748 floribus
762 691 976 746 telluris
1026 691 1221 745 faciem
1275 688 1609 743 coronavit:
1647 687 1733 741 hic
1788 696 1948 741 terra:
2002 702 2068 741 ac

2176 679 2330 746 γόσιν
2365 679 2468 748 τῆς
2495 679 2599 748 γῆς
2634 677 2743 731 τῶν
2792 676 3027 748 καρπῶν
3070 677 3171 739 τὰς
3198 677 3383 745 γονάς,
3429 681 3719 756 πρόσταγμα

471 789 612 844 mari
651 786 872 843 subtilis
923 799 1103 839 arena:
1151 781 1446 838 terminum
1490 780 1860 850 interposuit;
1906 796 2069 851 quem

2237 772 2436 841 ιθάπερ
2461 772 2685 841 σπέρμα
2706 769 3054 834 καταϐαλὼν,
3082 769 3182 823 καὶ⁵
3206 771 3320 831 τοῖς
3343 772 3543 842 μυρίοις
3561 782 3723 844 φυτοῖς
3833 780 3839 786 ·

477 900 637 939 mare
671 884 885 946 videns,
919 882 1059 936 intra
1093 880 1232 934 ﬁnes
1269 893 1403 935 suos
1437 887 1647 943 manet,
1675 876 1930 946 progredi
1958 892 2070 931 non

2179 866 2276 918 καὶ
2303 866 2424 927 τοῖς
2450 863 2676 917 ἄνθεσιν
2706 863 3090 932 ἐστεφάνωσεν
3121 861 3331 929 ταύτης
3355 861 3416 916 τὸ
3443 865 3705 923 πρόσωπον

480 979 716 1041 audens,
759 990 937 1045 neque
968 973 1367 1028 conterminam
1408 980 1611 1026 terram
1649 967 1954 1024 invadere:
1983 969 2075 1022 hic

2176 949 2334 1018 οὗτος
2372 954 2575 1025 μεταξὺ
2601 954 2702 1024 τῆς
2740 953 2846 1023 γῆς
2873 955 2969 1006 καὶ
2996 956 3096 1025 τῆς
3125 953 3402 1025 θαλάσσης
3428 956 3521 1026 την
3548 957 3727 1031 λεπτὴν

478 1073 742 1128 horarum
798 1069 1219 1132 conversiones,
1263 1077 1578 1137 temporum
1627 1066 1982 1128 mutationes,
2020 1074 2074 1117 et

2179 1048 2410 1119 ψάμμον
2445 1047 2701 1118 μεθόριον
2732 1047 2956 1116 ἔπηξεν,
2993 1048 3172 1119 ἥνπερ
3198 1049 3233 1117 ή
3263 1046 3498 1101 θάλασσα
3529 1050 3730 1120 βλέπου-

478 1179 761 1219 annorum
793 1163 1154 1218 incessabiles
1187 1162 1571 1217 successiones
1612 1159 1901 1214 constituit
1936 1175 1950 1211 :
1986 1156 2074 1211 hic

2182 1161 2271 1209 σα,
2307 1144 2462 1213 μένει
2488 1142 2597 1195 τῶν
2625 1140 2827 1209 ἑαυτῆς
2857 1142 3001 1213 ὅρων
3036 1141 3209 1205 ἐντὸς,
3239 1141 3300 1194 οὐ
3328 1141 3578 1212 τολμῶσα
3605 1162 3733 1217 παρ-

476 1256 751 1311 visibilem
779 1255 1226 1324 invisibilemque
1263 1263 1574 1308 creaturam
1611 1252 1742 1308 fecit
1768 1253 2036 1307 exsistere
2057 1289 2072 1313 ,

2181 1235 2378 1298 ελθεῖά,
2425 1234 2552 1287 οὔτε
2600 1234 2996 1303 πλεονεκτῆσαι
3048 1235 3149 1304 τὴν
3197 1235 3395 1305 ὅμορον
3440 1235 3558 1305 γῆν·
3600 1232 3737 1303 οὗτος

477 1364 656 1419 neque
702 1351 965 1417 temporis
996 1350 1203 1403 auxilio
1232 1348 1503 1417 indigens,
1539 1362 1715 1417 neque
1758 1346 1931 1401 labori
1982 1354 2077 1399 ant

2183 1331 2515 1399 ἐτεκτήνατο
2559 1328 2670 1381 τῶν
2714 1328 2876 1398 ὡρῶν
2904 1327 3002 1390 τάς
3028 1328 3260 1397 τροπὰς,
3288 1327 3382 1379 καὶ
3408 1326 3514 1380 τῶν
3551 1330 3738 1400 καιρῶν

476 1441 699 1495 conatui
739 1442 834 1495 ulli
887 1441 1181 1506 obnoxius,
1227 1439 1321 1495 sed
1370 1440 1485 1493 sola
1522 1454 1619 1493 sua
1643 1438 1920 1492 voluntate
1940 1452 2077 1491 cun-

2181 1423 2282 1485 τὰς
2305 1419 2630 1489 ἐναλλαγὰς,
2661 1419 2890 1474 καὶτῶν
2915 1420 3124 1491 χρόνων
3153 1418 3255 1483 τὰς
3279 1418 3561 1483 άλείπτους
3588 1421 3743 1476 διαδι-

483 1543 572 1587 cta
605 1533 765 1589 facile
795 1533 1093 1603 produxit:
1128 1532 1307 1586 innuit
1329 1531 1743 1601 enim,ejusque
1758 1539 1925 1585 nutus
1943 1528 2076 1583 sub.

2184 1514 2306 1585 χάς·
2332 1508 2486 1577 οὗτος
2520 1513 2893 1583 συνεστήσατο
2923 1513 3024 1581 τὴν
3049 1511 3337 1583 ὁρωμένην
3370 1512 3462 1565 καὶ
3486 1513 3578 1582 τὴν
3596 1514 3745 1585 ἀόρα.

488 1628 706 1683 stantia:
739 1626 916 1682 instar
949 1626 1114 1681 rebus
1151 1624 1254 1679 fuit
1294 1642 1308 1679 :
1349 1625 1610 1695 cogitavit
1656 1628 2037 1679 tantummodo
2061 1663 2077 1688 ,

2184 1622 2276 1658 τον
2301 1606 2503 1672 κτίσιν,
2531 1605 2593 1657 οὐ
2627 1605 2821 1675 χρόνου
2858 1604 3121 1675 συνεργοῦ
3146 1604 3382 1675 δεηθεὶς,
3416 1606 3476 1656 οὐ
3504 1606 3641 1674 πίνῳ
3664 1607 3748 1660 καὶ

496 1736 675 1791 eaque
724 1721 985 1793 cogitatio
1016 1721 1070 1773 in
1112 1735 1227 1773 rem
1267 1694 1467 1773 collata
1521 1717 1625 1772 fuit
1657 1737 1670 1773 :
1704 1719 1921 1773 vocavit
1958 1734 2081 1788 quae

2188 1697 2422 1766 καμάτῳ
2446 1694 2759 1760 δουλωθεὶς,
2799 1694 2939 1747 ἀλλὰ
2967 1695 3206 1765 θελήσας
3243 1694 3428 1765 μόνον,
3468 1695 3561 1747 καὶ
3588 1695 3750 1750 πάντα

500 1833 613 1874 non
643 1825 824 1882 erant,
855 1825 1114 1885 tanquam
1143 1814 1190 1869 si
1218 1825 1422 1879 essent,
1452 1814 1752 1884 statimque
1780 1812 1965 1868 omnia
1981 1828 2078 1868 ceu

2191 1804 2387 1877 ῥᾳδίως
2412 1805 2776 1877 παραγαγών
2810 1805 3058 1859 ἐνένευσε
3085 1805 3217 1875 γὰρ,
3246 1805 3342 1859 καὶ
3377 1805 3438 1858 τὸ
3465 1804 3632 1876 νεῦμα
3654 1809 3753 1870 τοῖς

493 1912 931 1983 praeexsistentia
961 1925 1026 1965 ac
1061 1924 1216 1965 serva
1255 1908 1325 1963 ad
1355 1907 1698 1962 Dominicam
1737 1906 2078 1961 vocationem

2156 1981 2158 1983 η
2188 1894 2342 1951 οὖσιν
2387 1898 2547 1950 οὐσία
2580 1897 2896 1969 γεγένηται·
2920 1896 3230 1968 ἐνεθυμήθη
3270 1895 3452 1967 μόνον,
3478 1897 3571 1949 καὶ
3596 1896 3654 1949 τὸ
3681 1897 3758 1949 ἐν.

489 2006 702 2075 trepide
722 2010 1143 2058 concurrerunt.
1172 1999 1272 2055 llic
1297 2009 1403 2067 est,
1428 2001 1651 2070 quicum
1673 2013 1776 2071 ego
1798 1998 2078 2054 communi

2157 1982 2419 2060 ῖούμημα
2461 1991 2696 2060 πρᾶγμα
2741 1994 3035 2058 γενόμενον
3086 1989 3291 2042 forato:
3334 1987 3561 2042 ἐκάλεσε
3589 1988 3655 2041 τὰ
3693 1988 3759 2059 μή

489 2097 726 2151 consilio
780 2095 895 2149 dixi
944 2113 958 2149 :
1008 2092 1301 2147 Faciamus
1355 2091 1622 2145 hominem
1672 2089 1742 2144 ad
1794 2091 2079 2159 imaginem

2186 2080 2315 2134 ὄντα
2338 2080 2414 2144 ὡς
2442 2080 2593 2149 ὄντα,
2631 2082 2728 2134 καὶ
2761 2082 2941 2136 πάντα
2966 2079 3220 2151 καθάπερ
3258 2080 3653 2153 προῦφεστῶτα
3678 2080 3764 2133 καὶ

490 2198 730 2244 nostram
770 2204 835 2242 ac
887 2185 1299 2242 similitudinem
1324 2185 1389 2237 ⁸⁵.
1446 2181 1547 2238 Hic
1585 2191 1669 2238 est
1720 2180 1814 2252 qui
1864 2195 2080 2235 mecum

2188 2171 2353 2225 δοῦλα
2406 2172 2542 2243 πρὸς
2600 2171 2702 2244 τὴν
2747 2172 3085 2245 Δεσποτικὴν
3133 2174 3327 2244 κλῆσιν
3386 2173 3527 2243 μετὰ
3577 2172 3764 2244 δρόμου

495 2283 777 2339 hominem
816 2280 1096 2344 formavit,
1138 2287 1193 2334 et
1215 2279 1311 2349 qui
1345 2287 1568 2349 prepter
1598 2276 1877 2331 hominem
1906 2277 2083 2329 factus

2187 2263 2547 2335 συνέδραμενσ
2576 2257 2732 2329 οὗτός
2763 2265 2912 2317 ἐστιν
2938 2266 3073 2337 πρὸς
3094 2265 3153 2319 ὃν
3182 2264 3660 2335 κοινολογούμενος
3696 2258 3766 2316 εἷ-

490 2385 579 2429 est
627 2374 814 2439 homo,
869 2388 978 2429 non
1033 2379 1216 2427 tamen
1281 2372 1333 2424 in
1385 2369 1665 2424 hominem
1719 2368 2081 2423 immutatus:

2190 2372 2314 2410 πονε
2354 2356 2715 2427 Ποιήσωμεν
2744 2356 3062 2425 ἄνθρωπον
3091 2358 3220 2412 κατ’
3245 2358 3462 2411 είκόνα
3495 2355 3775 2426 ἡμετέραν

490 2467 671 2521 factus
694 2464 882 2529 homo,
903 2477 1013 2518 non
1036 2477 1335 2517 conversus
1363 2461 1418 2515 in
1447 2461 1578 2516 illud
1597 2458 1744 2530 quod
1772 2449 1889 2528 ipse
1910 2456 2090 2511 fartus

2190 2449 2292 2503 καὶ
2316 2450 2447 2503 καθ’
2478 2451 2785 2520 ὁμοίωσιν-ο
2820 2448 2975 2516 οὗτός
3019 2452 3168 2505 ἐστιν
3209 2452 3238 2505 6
3274 2452 3374 2505 σὺν
3417 2450 3545 2520 ἐμοὶ
3578 2447 3775 2510 πλάσας

491 2567 616 2614 est:
649 2556 828 2612 factus
863 2556 1048 2619 homo,
1098 2554 1371 2609 sumendo
1424 2552 1676 2607 videlicet
1714 2548 2077 2605 humanitatis

2192 2542 2288 2596 τὸν
2319 2541 2630 2614 ἄνθρωπον,
2665 2544 2760 2597 καὶ
2792 2543 2881 2597 διὰ
2915 2545 3007 2599 τὸν
3037 2543 3322 2615 ἄνθρωπον
3352 2538 3657 2612 γενόμενος
3696 2540 3780 2593 ἇν-

492 2647 801 2719 primitias,
844 2662 956 2702 non
987 2646 1297 2701 divinitatis
1327 2645 1676 2715 splendorem
1711 2641 2025 2713 abiicienda
2060 2658 2074 2695 :

2192 2634 2431 2706 θρωπος,
2462 2636 2523 2688 οὐ
2548 2636 2785 2707 τραπεὶς
2813 2639 2892 2701 είς
2920 2636 3226 2709 ἄνθρωπονο
3257 2636 3565 2706 γενόμενος
3593 2633 3781 2703 ἄνθρω⁴

491 2737 672 2794 factus
706 2738 895 2802 homo,
930 2735 1185 2806 Deosque
1219 2749 1567 2805 permanens.

2192 2744 2315 2794 πος,
2339 2729 2400 2781 οὐ
2433 2729 2798 2801 μεταϐληθεὶς
2821 2732 2900 2794 είς
2920 2730 2949 2783 6
2975 2732 3220 2799 γέγονεν·
3251 2730 3559 2801 γενόμενος
3589 2726 3787 2797 ἄνθρω-

492 2848 620 2895 πος,
656 2830 737 2901 τῷ
778 2829 965 2883 λαϐεῖν
997 2830 1097 2899 τὴν
1125 2829 1225 2899 τῆς
1262 2825 1680 2898 ἀνθρωπότητος
1710 2823 1988 2895 ἀπαρχὴν,
2018 2820 2082 2873 οὐ
2122 2821 2201 2892 τῷ
2227 2822 2523 2876 ἀποϐαλεῖν
2548 2822 2648 2894 τὴν
2707 2820 2812 2893 τῆς
2876 2821 3128 2895 θεότητος
3158 2822 3483 2893 ἀστραπήν·
3510 2819 3787 2890 γενόμενος

493 2928 801 3000 ἄνθρωπος,
838 2927 933 2981 καὶ
968 2927 1160 2997 μείνας
1188 2925 1344 2988 Θεός.

542 2997 626 3078 -5’.
659 3020 760 3077 llic
787 3030 873 3076 est
902 3020 998 3090 qui
1023 3035 1054 3074 a
1083 3035 1207 3074 meo
1233 3021 1359 3075 sinu
1390 3032 1499 3073 non
1538 3021 1857 3085 separatus,
1902 3009 2090 3064 Maria

2265 3008 2330 3062 ε’.
2364 3004 2534 3071 Οὗτός
2564 3011 2714 3062 ἐστιν
2743 3009 2772 3061 6
2799 3008 2907 3061 τῶν
2938 3006 3090 3079 ἐμῶν
3110 3006 3328 3060 κόλπων
3364 3004 3454 3076 μὴ
3482 2997 3797 3074 χωρισθεὶς.

498 3115 683 3169 sinum
720 3112 1013 3182 occupavit
1042 3130 1055 3166 :
1087 3113 1182 3182 qni
1213 3118 1268 3166 et
1297 3112 1350 3166 in
1382 3126 1471 3166 me
1507 3106 1716 3163 mansit
1748 3103 2091 3175 inseparabi-

2198 3099 2295 3155 καὶ
2330 3100 2430 3171 τῆς
2471 3100 2694 3171 Μαρίας
2725 3101 2850 3163 τοὺς
2878 3099 3113 3163 κόλπους
3143 3097 3505 3151 καταλαϐών·
3543 3094 3573 3147 6
3607 3094 3701 3147 καὶ
3747 3093 3800 3145 ἐν

496 3210 646 3275 liter,
678 3218 731 3264 et
765 3209 820 3263 in
855 3208 946 3262 illa
979 3208 1195 3263 exstitit
1229 3203 1736 3273 incircumscriptus
1764 3217 1778 3255 :
1812 3200 1906 3271 qui
1944 3208 2000 3254 et
2033 3199 2090 3254 in

2196 3192 2324 3263 ἐμοὶ
2377 3192 2554 3263 μένων
2603 3191 2945 3265 άχωρίστως,
3011 3191 3108 3244 καὶ
3160 3192 3219 3244 ἐν
3263 3190 3464 3261 ἐκείνῃ
3517 3187 3798 3257 γενόμενος

499 3302 658 3358 cmlis
691 3309 778 3358 est
806 3301 1233 3367 indivisibiliter,
1268 3309 1322 3353 et
1360 3299 1415 3353 in
1451 3296 1695 3368 Virginis
1742 3302 1899 3350 utero
1931 3292 2089 3347 habio

2202 3285 2650 3355 άπεριγράπτως·
2697 3287 2727 3338 6
2788 3284 2882 3339 καὶ
2939 3285 2998 3337 ἐν
3055 3285 3173 3347 τοῖς
3217 3283 3488 3352 οὐρανοῖς
3546 3279 3804 3351 ὑπάρχων

500 3396 640 3449 tavit
669 3395 1036 3450 intemerate:
1070 3408 1238 3464 quam
1278 3393 1427 3446 enim
1463 3389 1714 3461 creando
1760 3402 1870 3442 non
1912 3385 2095 3441 fuerat

2203 3374 2538 3441 ἀδιαιρέτως,
2574 3375 2670 3428 καὶ
2701 3375 2759 3428 ἐν
2790 3375 2857 3445 τῇ
2888 3371 3191 3444 παρθενικῇ
3227 3371 3427 3443 μήτρᾳ
3450 3368 3805 3439 διαιτώμενος

505 3490 625 3559 ipse
654 3488 920 3558 pollutus,
950 3487 1206 3541 eamdem
1245 3482 1541 3538 incolendo
1564 3495 1676 3534 non
1703 3488 1788 3535 est
1819 3478 2096 3533 contami-

2207 3486 2537 3557 ἅμολύντως·
2596 3487 2664 3559 ἣν
2707 3488 2817 3560 γὰρ
2861 3487 3055 3550 κτίσας
3100 3487 3201 3540 οὐκ
3240 3485 3559 3558 ἐμολύνθη,
3611 3484 3809 3551 ταύτην

504 3586 693 3634 natus.
725 3576 827 3633 Hic
853 3586 939 3632 est
967 3577 1066 3647 qui
1112 3578 1182 3631 de
1213 3577 1374 3631 beato
1406 3584 1599 3630 ventre
1632 3572 1921 3643 processit,
1968 3580 2095 3627 tan-

2210 3579 2320 3633 οὐδὲ.
2353 3579 2687 3650 κατοικήσας
2718 3579 2979 3653 ἐκράνθη·
3009 3573 3162 3644 οὗτός
3195 3580 3346 3633 ἐστιν
3380 3580 3412 3632 6
3438 3574 3732 3650 προελθὼν
3751 3577 3812 3629 ἐκ

506 3683 680 3740 quam
725 3683 794 3723 ex
845 3668 1091 3723 thalamo
1136 3666 1393 3737 virginali
1430 3679 1667 3736 sponsus
1713 3664 1953 3719 hilaris:
2004 3664 2101 3734 qui

2212 3671 2485 3742 μακαρίας
2538 3651 2798 3743 γαστρδς,
2856 3670 2933 3735 ὡς
2988 3672 3054 3725 ἐκ
3114 3670 3397 3735 παστάδος
3460 3668 3814 3741 ἀνυμφεύτου

509 3762 869 3834 generatione
899 3775 999 3816 sua
1028 3760 1440 3832 generationem
1482 3757 1875 3826 terrigenarum
1924 3756 2101 3810 hono-

2213 3763 2435 3834 νυμφίος
2477 3764 2720 3835 φαιδρόςο
2748 3766 2777 3818 ό
2807 3765 3048 3836 τιμήσας
3083 3768 3150 3837 τῇ
3185 3766 3451 3835 γεννήσει
3486 3762 3594 3835 τὴν
3627 3762 3815 3832 γέννη-

509 3856 679 3921 ravit,
708 3864 985 3926 partuque
1015 3852 1384 3921 virginitatem
1416 3850 1663 3921 parentis
1692 3864 1807 3905 suae
1845 3849 2105 3919 obsigna-

2219 3873 2291 3909 τιν
2340 3855 2449 3910 τῶν
2506 3856 2777 3933 γηγενῶν,
2830 3856 2930 3910 καὶ
2983 3858 3291 3927 σφραγίσας
3357 3856 3452 3928 τῷ
3511 3856 3667 3925 τόκῳ
3728 3851 3821 3923 τήν

508 3949 633 4004 vit:
666 3949 763 4020 qui
811 3963 909 4019 per
955 3946 1290 4019 virginitatis
1332 3945 1561 4015 januam
1613 3944 1669 3998 in
1714 3943 1982 3999 mundum
2027 3942 2108 3997 in-

2214 3948 2505 4020 παρθενίαν
2541 3948 2639 4019 τῆς
2671 3948 2939 4021 τεκούσης
2980 3950 3163 4003 αὐτόν·
3196 3949 3224 4001 6
3255 3948 3347 4002 διὰ
3387 3948 3511 4001 τῶν
3540 3949 3649 4018 τῆς
3681 3962 3816 4017 παρ·

512 4055 782 4112 gressus,
836 4055 869 4094 a
921 4053 1034 4110 quo
1088 4052 1372 4108 nunquam
1427 4035 1717 4103 abfuerat,
1774 4035 2107 4107 integritatis

2224 4041 2388 4104 levia;
2420 4041 2605 4095 πυλῶν
2643 4040 2904 4095 είσελθὼν
2929 4042 3010 4105 είς
3032 4043 3124 4095 τὸν
3150 4042 3380 4112 κόσμον,
3412 4040 3551 4095 ὅθεν
3579 4042 3689 4096 οὐκ
3720 4041 3826 4093 άπ-

513 4130 761 4186 claustra
805 4144 916 4185 non
963 4128 1129 4199 fregit
1168 4146 1182 4179 :
1218 4127 1312 4197 qui
1367 4143 1398 4182 a
1452 4137 1631 4182 matre
1678 4141 1781 4182 sua
1830 4136 2103 4198 gestatus,

2226 4133 2340 4205 ἔστη
2366 4133 2517 4197 ποτὲ,
2545 4134 2639 4186 καὶ
2669 4133 2779 4187 τῶν
2806 4136 2904 4206 τῆς
2940 4133 3163 4203 ἁγνείας
3192 4133 3381 4186 πυλῶν
3407 4135 3478 4187 οὐ
3520 4132 3828 4202 συντρίψας

513 4222 709 4278 omnia
739 4223 906 4279 simul
935 4221 1192 4292 portabat
1224 4238 1237 4274 :
1275 4220 1373 4291 qui
1414 4220 1557 4275 lacte
1596 4235 1699 4275 ceu
1735 4235 1873 4290 puer
1900 4220 2107 4289 indige-

2230 4222 2278 4277 τὰ
2319 4224 2563 4296 κλεῖθρα’
2594 4226 2624 4278 6
2666 4224 2818 4297 παρὰ
2861 4226 2963 4295 τῆς
3011 4227 3219 4297 μητρὸς
3250 4224 3428 4279 αὐτοῦ
3467 4224 3832 4297 βασταχθεὶς,

514 4316 634 4377 bat.
661 4326 717 4371 et
746 4315 1058 4371 universam
1091 4320 1405 4369 creaturam
1451 4327 1554 4367 ceu
1605 4311 1846 4367 nutritor
1882 4311 2104 4366 alebat:

2232 4317 2306 4371 ιαὶ
2355 4316 2539 4388 φέρων
2586 4316 2656 4370 τὰ
2703 4315 3017 4388 σύμπαντα·
3060 4318 3089 4370 6
3139 4316 3356 4388 δεηθεὶς
3404 4316 3710 4387 γάλακτος
3763 4314 3834 4377 ὡς

515 4410 615 4478 qui
640 4407 986 4464 infantilibus
1001 4406 1191 4463 fasciis
1212 4421 1310 4462 ceu
1329 4404 1902 4476 puerulusinvolutus,
1919 4419 2111 4474 pecca-

2239 4409 2434 4480 ιρέςρος,
2479 4408 2576 4463 καὶ
2616 4408 2833 4479 τρέφων
2870 4410 3051 4463 πᾶσαν
3082 4408 3181 4479 τὴν
3208 4409 3418 4476 κτίσιν,
3455 4409 3621 4464 ὥστε
3670 4409 3841 4477 αὐτῆς

517 4511 704 4555 torum
762 4498 982 4553 vincula
1031 4506 1292 4567 tanquam
1341 4494 1490 4553 Deus
1529 4496 1839 4552 resolvebat
1876 4513 1890 4549 :
1921 4496 2017 4566 qui
2057 4495 2113 4551 in

2240 4501 2468 4573 ροφεὺς·
2520 4503 2550 4554 6
2600 4501 2940 4573 σπαργάνοις
2992 4502 3261 4564 παιδικοῖς
3319 4501 3714 4573 περιϐληθεὶς
3769 4498 3842 4561 ὡς

517 4592 754 4665 praesepi
787 4592 1005 4663 jacens,
1040 4607 1067 4645 a
1096 4590 1253 4646 stella
1284 4604 1384 4647 ceu
1412 4590 1695 4646 stellarum
1725 4590 1979 4645 conditor
2017 4590 2113 4645 de-

2248 4593 2451 4661 ςαιδίον,
2498 4594 2596 4647 καὶ
2643 4592 2788 4646 λύων
2822 4592 2899 4656 ὡς
2924 4592 3058 4657 Θεὸς
3110 4589 3220 4645 τῶν
3272 4575 3739 4663 ἁμαρτημάτων
3783 4588 3850 4640 τὰ

519 4686 937 4742 monstrabatur
970 4705 983 4741 :
1024 4685 1095 4740 ab
1123 4683 1340 4741 Herode
1381 4684 1648 4754 quassitus
1702 4684 1769 4739 ad
1822 4699 2036 4748 necem,
2082 4700 2112 4738 a

2244 4687 2536 4757 ῖπάργανα·
2580 4687 2611 4739 6
2637 4686 2734 4740 ἐπὶ
2790 4686 3000 4757 φάτνης
3042 4681 3353 4750 ἀναπεσὼν,
3396 4686 3508 4737 καὶ
3543 4684 3712 4754 παρὰ
3754 4678 3846 4733 τοῦ

524 4778 786 4843 Simeone
809 4778 1076 4848 propheta
1096 4793 1163 4833 ac
1186 4778 1470 4834 sacerdote
1489 4776 1755 4833 Dominus
1771 4777 2070 4847 appellatus
2097 4796 2111 4832 :

2256 4779 2447 4850 στέρος
2485 4778 2827 4848 ὑποδειχθεὶς
2856 4777 2932 4841 ὡς
2975 4778 3084 4830 τῶν
3110 4777 3358 4848 ἀστέρων
3394 4776 3796 4849 δημιουργός·
3829 4775 3858 4825 6

522 4872 617 4942 qui
650 4872 711 4931 in
740 4870 1037 4943 Egyptum
1084 4872 1391 4935 descendit,
1419 4871 1513 4926 sed
1555 4869 1869 4926 manufacta
1892 4868 2115 4942 Egypti

2253 4872 2374 4940 παρὰ
2409 4869 2507 4924 τοῦ
2536 4869 2779 4941 Ἡρώδου
2809 4870 3163 4942 πολεμηθεὶς,
3195 4870 3292 4925 καὶ
3331 4871 3509 4941 παρὰ
3551 4868 3855 4939 Συμεῶνος

526 4965 673 5021 idola
705 4966 1045 5034 proterruit,
1102 4980 1393 5035 meamque
1442 4965 1786 5034 prophetiam
1828 4964 2112 5035 implevit,

2261 4961 2315 5018 οὗ
2348 4964 2628 5035 προφήτου
2666 4965 2763 5018 καὶ
2794 4964 2984 5035 ίερέως
3013 4963 3221 5035 Κύριος
3255 4962 3797 5036 προσαγορευθείς⁸
3836 4962 3863 5012 ὀ

527 5069 637 5126 qua
671 5056 918 5111 dixeram
951 5074 965 5110 :
1001 5053 1089 5108 Ea;
1126 5054 1364 5126 Egypto
1398 5054 1578 5109 vocavi
1600 5052 1806 5110 Filium
1842 5070 2018 5109 meum
2043 5054 2109 5110 ³⁷.

2261 5054 2500 5110 ατελθὼν
2545 5057 2627 5121 είς
2678 5056 2958 5126 Αἴγυπτον
3000 5056 3094 5110 καὶ
3125 5056 3309 5118 σείσας
3345 5055 3427 5109 τὰ
3469 5055 3863 5126 χειροποίητα

529 5145 635 5212 Qui
685 5147 859 5202 crevit
916 5148 1168 5217 corporis
1230 5156 1460 5211 statura,
1521 5161 1628 5200 non
1690 5156 1872 5201 tamen
1930 5147 2116 5204 divina

2268 5152 2319 5219 ἧς
2355 5149 2661 5218 Δίγύπτου,
2702 5152 2797 5205 καὶ
2841 5149 3136 5222 πληρώσας
3172 5149 3271 5219 τὴν
3301 5148 3459 5220 ἐμὴν
3494 5149 3870 5221 προφητείαν

529 5239 839 5293 substantia
860 5258 875 5292 :
893 5239 1172 5309 quomodo
1199 5238 1346 5295 enim
1362 5248 1657 5305 cresceret,
1674 5239 1767 5310 qui
1792 5239 1997 5309 ubique
2008 5239 2117 5295 est?

2266 5243 2322 5314 ὴν
2342 5244 2630 5312 λέγουσανι
2650 5244 2753 5311 Ἐξ
2778 5247 3084 5316 Αἰγύπτου
3101 5242 3369 5299 ἐκάλεσα
3398 5243 3530 5299 τὸν
3550 5246 3711 5300 Υἱόν
3724 5259 3868 5315 μου·

531 5330 639 5397 Qui
681 5347 711 5386 a
738 5331 985 5403 Baptista
1031 5333 1367 5402 baptizatus,
1399 5338 1709 5386 creaturam
1754 5330 2103 5388 illuminavit.

2278 5338 2558 5407 προκόψας
2593 5341 2659 5410 τῇ
2685 5338 2782 5393 τοῦ
2813 5337 3066 5410 σώματος
3091 5339 3299 5411 ἡλικίᾳ,
3333 5337 3472 5391 ἀλλ’
3498 5340 3575 5393 οὺ
3632 5342 3709 5411 τῇ
3755 5338 3880 5409 θείᾳ

530 5422 710 5497 οὐσίᾳ·
747 5425 851 5478 ποῦ
865 5424 974 5497 γὰρ
994 5421 1139 5496 εἶχεν
1167 5423 1440 5495 προκόψαι
1462 5424 1490 5476 6
1516 5422 1792 5494 πανταχοῦ
1820 5424 2047 5495 παρὼν;
2080 5428 2109 5481 6
2132 5430 2283 5501 παρὰ
2302 5430 2397 5483 τοῦ
2421 5430 2730 5485 Βαπτιστοῦ
2754 5430 3088 5502 βαπτισθεὶς,
3104 5432 3199 5485 καὶ
3224 5430 3488 5502 φωτίσας
3523 5434 3644 5503 τὴν
3662 5412 3877 5499 κτίσιν;

605 5518 659 5576 6.
702 5516 805 5571 Hic
832 5527 910 5572 est
948 5515 1131 5571 Filius
1171 5532 1317 5571 meus
1352 5514 1602 5582 dilectus,
1634 5516 1690 5570 in
1711 5530 1814 5585 quo
1840 5516 1971 5570 mihi
2000 5516 2125 5572 bene

2294 5520 2371 5586 ς’.
2409 5518 2603 5587 Οὗτός
2638 5523 2811 5578 ἐστιν
2871 5526 2904 5577 ό
2954 5524 3078 5590 Υἱός
3126 5540 3248 5593 μου
3299 5523 3685 5593 ἀγαπητὸς,
3729 5518 3884 5591 ὲνῷ

536 5609 859 5680 complacui.
896 5607 1020 5664 Non
1049 5608 1192 5664 alius
1223 5606 1397 5664 Filius
1444 5622 1620 5673 meus,
1668 5617 1724 5661 et
1765 5607 1906 5663 alius
1944 5607 2128 5665 Marise

2282 5614 2553 5682 iddxnoa.
2585 5615 2700 5669 Οὐκ
2720 5615 2869 5669 ἐστιν
2892 5598 3052 5679 ἄλλος
3077 5617 3105 5669 6
3125 5615 3259 5685 ἐμὸς
3290 5613 3458 5681 Υἱὸς,
3510 5619 3623 5671 καὶ
3654 5616 3829 5679 ἄλλος
3855 5616 3884 5668 6

537 5702 712 5759 Filius
739 5721 753 5757 :
782 5718 893 5757 non
921 5711 1005 5757 est
1034 5701 1175 5758 alius
1204 5702 1297 5771 qui
1327 5702 1381 5757 in
1408 5701 1669 5772 spelunca
1689 5701 1884 5772 jacuit,
1909 5710 1964 5757 et
1985 5703 2129 5759 alius

2288 5723 2327 5776 ςς
2368 5706 2590 5777 Μαρίας
2625 5706 2772 5769 Υἱός·
2808 5707 2909 5760 οὐκ
2937 5706 3085 5760 ἐστιν
3107 5706 3267 5772 ἄλλος
3303 5708 3331 5760 6
3362 5707 3438 5760 ὲν
3477 5707 3574 5779 τῷ
3609 5707 3890 5779 σπηλαίῳ

539 5808 568 5849 a
593 5792 769 5863 magis
794 5792 1053 5847 adoratus
1083 5811 1096 5846 :
1132 5809 1241 5847 non
1268 5803 1355 5847 est
1376 5792 1518 5847 alius
1555 5792 1884 5863 baptizatus,
1910 5805 1962 5851 et
1988 5794 2130 5852 alius

2283 5796 2618 5867 ιταϐληθεὶς,
2644 5799 2737 5852 καὶ
2769 5799 2925 5863 ἄλλος
2956 5803 2983 5855 6
3011 5802 3160 5872 παρὰ
3186 5800 3295 5854 τῶν
3327 5801 3579 5871 Μάγων
3620 5817 3885 5873 προσκυ-

615 5912 660 5944 ³⁶
688 5907 826 5965 Gen.
849 5925 891 5975 ι,
915 5908 1006 5962 26.
1086 5908 1129 5939 ⁸⁷
1164 5904 1305 5963 Osee
1334 5921 1410 5976 τι,
1439 5904 1490 5960 l.
