4058 6412
311 370 448 439 1877

319 553 662 649 βαπτισθείςο
695 571 810 628 ἀλλ’
837 563 991 632 οὗτός
1017 570 1164 623 ἐστιν
1196 568 1224 619 6
1254 563 1382 628 Υἱός
1419 580 1543 635 μου,
1576 554 1730 624 οὗτος
1759 561 1787 613 ὁ
1821 553 1903 622 εἷς

313 673 343 726 6
364 669 654 738 νοούμενος
684 666 779 721 καὶ
813 662 1165 735 βλεπόμενος*
1203 656 1282 723 εἷς
1312 659 1341 711 6
1372 657 1603 729 ἀόρατος
1639 654 1732 707 καὶ
1765 650 1903 722 ὁρώ-

318 776 479 831 μενος
500 736 650 827 Ἵπαρ’
681 754 854 827 ὑμῶν·
892 755 921 808 6
952 752 1123 814 ἀΐδιος
1157 750 1253 804 καὶ
1286 747 1642 819 πρόσκαιρος·
1676 746 1705 798 6
1743 736 1925 807 αὐτὸς

315 852 599 921 ὀμοούσιος
651 850 776 921 ἐμοὶ
813 850 881 919 τῇ
926 846 1166 915 θεότητι,
1204 843 1297 896 καὶ
1325 840 1611 913 ὀμοούσιος
1656 838 1785 909 ὑμῖν
1836 837 1903 907 τῇ

317 944 699 1017 ἀνθρωπότητι
722 940 866 994 κατὰ
892 938 1069 992 πάντα
1091 936 1261 1007 χωρὶς
1289 931 1586 1005 ἁμαρτίας.
1615 929 1710 999 Μὴ
1741 927 1906 998 ζητή-

320 1056 452 1108 σητε
484 1036 587 1107 τῆς
621 1035 823 1105 σαρκὸς
849 1031 1015 1087 αὑτοῦ
1043 1031 1258 1102 πατέρα
1288 1028 1382 1082 ἐπὶ
1399 1027 1498 1098 τῆς
1526 1026 1651 1096 γῆς,
1675 1021 1908 1093 ἀπάτωρ

317 1133 429 1204 γὰρ
463 1130 633 1185 κάτω’
675 1129 750 1200 μὴ
782 1127 1058 1198 ζητήσητε
1089 1125 1188 1195 τῆς
1218 1121 1471 1191 θεότητος
1497 1115 1663 1173 αὐτοῦ
1696 1115 1911 1187 μητέρα

320 1227 380 1278 ὲν
413 1226 528 1286 τοῖς
559 1222 832 1292 οὐρανοῖς,
861 1218 1094 1289 ἀμήτωρ
1125 1215 1233 1285 γὰρ
1254 1214 1385 1268 ἄνω·
1415 1211 1490 1283 μὴ
1519 1209 1781 1282 μερίσητε
1814 1207 1911 1279 τήν

322 1315 554 1383 θεότητα
574 1311 740 1364 αὐτοῦ
768 1309 876 1364 ἀπὸ
906 1308 1006 1378 τῆς
1036 1305 1458 1378 ἀνθρωπότητος
1484 1300 1672 1355 αὐτοῦ’
1708 1301 1784 1371 μὴ
1817 1301 1911 1370 γέ-

325 1404 492 1474 νησθε
538 1402 645 1456 τῶν
695 1400 1006 1473 ἁμερίστων
1042 1399 1204 1453 κακοὶ
1254 1396 1531 1470 μερισταί’
1586 1395 1665 1466 μὴ
1700 1394 1914 1466 διέλητε

324 1493 424 1549 τὴν
465 1490 867 1563 άνθρωπότητα
910 1487 1075 1542 αὑτοῦ
1125 1486 1235 1541 ἀπὸ
1276 1487 1377 1557 τῆς
1422 1484 1677 1557 θεότητος
1724 1481 1911 1536 αὑτοῦ·

326 1584 637 1654 ἀδιαίρετος
684 1581 793 1654 γὰρ
825 1581 964 1653 αὕτη
1002 1581 1097 1634 καὶ
1125 1578 1434 1649 ἀσύγχυτος
1483 1576 1621 1649 μετὰ
1649 1575 1747 1648 τὴν
1779 1575 1917 1628 ἕνω-

328 1691 434 1727 σιν⁸
470 1675 544 1744 μὴ
573 1674 847 1745 χωρίσητε
869 1671 940 1725 τά
966 1673 1024 1725 ἐν
1057 1670 1227 1742 αὐτῷ,
1266 1669 1403 1723 ἀλλὰ
1434 1667 1742 1741 γνωρίσατε
1770 1665 1837 1720 τὰ
1860 1669 1919 1720 ἐν

327 1764 495 1836 αὐτῷ·
523 1765 596 1837 μὴ
627 1767 895 1837 ποιήσητε
920 1763 1013 1818 δύο
1036 1762 1305 1834 πρόσωπα
1331 1761 1392 1815 τὸ
1418 1760 1477 1815 ἓν
1504 1761 1798 1834 πρόσωπον
1823 1758 1918 1812 τοῦ

328 1857 589 1926 Χριστοῦ·
632 1858 706 1929 μὴ
742 1858 1165 1929 χειροτονήσητε
1205 1856 1301 1910 δύο
1339 1856 1654 1931 μονογενεῖς
1701 1853 1794 1907 τὸν
1823 1855 1920 1906 ἕνα

330 1949 635 2020 Μονογενῆο
664 1946 742 2019 μὴ
764 1949 998 2020 στήσητε
1031 1948 1137 2001 ἀνὰ
1168 1947 1334 2019 μέρος
1357 1947 1448 2000 τὸν
1478 1946 1612 2016 ὲμὸν
1644 1944 1794 2009 Υίὸν,
1826 1946 1921 1999 καὶ

332 2041 436 2095 ἀνὰ
469 2041 635 2113 μέρος
662 2041 723 2095 τὸ
753 2039 959 2112 ληφθὲν
1001 2039 1133 2111 παρ’
1158 2039 1347 2094 αὐτοῦ·
1369 2038 1456 2111 ,μή
1487 2038 1800 2110 τολμήσητε
1839 2037 1921 2091 δι-

331 2129 473 2183 ελεῖν
512 2129 611 2200 τὴν
656 2128 965 2200 ἀσύγχυτον
994 2129 1211 2196 ἕνωσιν,
1242 2131 1309 2202 ἣν
1338 2128 1681 2200 διαιρεθῆναι
1723 2128 1922 2182 ἀδύνα-

335 2235 444 2273 τονο
484 2221 623 2291 μήτε
665 2219 799 2274 Θεὸν
829 2219 1058 2291 γυμνὸν,
1103 2220 1231 2274 οὔτε
1276 2220 1564 2291 ἄνθρωπον
1608 2219 1764 2292 ψιλὸν
1821 2220 1925 2273 ὑπ-

335 2312 645 2382 οπτεύσητε
669 2313 761 2366 τὸν
790 2313 1292 2385 ὲνανθρωπήσαντα
1322 2314 1548 2386 Κύριον.
1593 2313 1757 2393 Ἀλλάζ
1791 2314 1925 2369 Θεὸν

335 2405 455 2475 ἅμα
504 2405 599 2458 καὶ
658 2405 947 2476 ἄνθρωπον
991 2405 1322 2461 πιστεύσατε
1351 2406 1445 2459 τὸν
1478 2406 1664 2461 αὐτόν·
1693 2407 1782 2462 ἀεὶ
1825 2408 1926 2479 μὲν

336 2498 469 2550 ὄντα
498 2497 595 2550 καὶ⁴
622 2498 859 2570 προιόντα
889 2497 1043 2564 Θεὸν,
1077 2499 1177 2551 οὐκ
1203 2499 1287 2552 ἀεὶ
1315 2498 1373 2552 δὲ
1406 2500 1502 2552 καὶ
1527 2499 1837 2572 ἄνθρωπονο
1868 2501 1928 2570 ἐξ

339 2589 549 2644 ἐκείνου
579 2590 636 2643 δὲ
676 2590 969 2661 γενόμενον
997 2590 1094 2644 καὶ
1132 2591 1420 2664 ἄνθρωπον
1452 2593 1547 2646 καὶ⁷
1574 2593 1725 2659 ὅντα,
1756 2592 1819 2660 ἐξ
1841 2588 1932 2650 οὗ·-

340 2697 450 2753 περ
478 2679 714 2751 θελήσας
742 2679 1039 2734 ἐπελάϐετο
1060 2680 1157 2735 τοῦ
1190 2682 1510 2752 σπέρματος
1547 2682 1820 2756 Ἀϐραάμ.

412 2773 481 2838 ζ’.
512 2771 633 2828 Κᾶν
671 2773 816 2843 ἴδητε
862 2772 1052 2827 τοῦτον
1092 2774 1183 2828 τὸν
1219 2775 1353 2845 ἐμὸν
1390 2776 1520 2830 Υίὸν
1564 2777 1859 2845 πεινῶντα,
1894 2778 1930 2851 ἢ

338 2863 600 2935 διψῶντα,
633 2863 666 2936 ἢ
697 2864 1048 2926 καθεύδοντα,
1076 2866 1109 2936 ἢ
1158 2864 1463 2934 βαδίζοντα,
1495 2866 1527 2937 ἣ
1563 2866 1863 2930 κοπιῶντα,
1897 2867 1931 2939 ἢ

346 2957 768 3028 μαστιζόμενον,
819 2956 853 3029 ἢ
916 2959 1320 3031 σταυρούμενον
1380 2958 1671 3023 ἑκουσίως,
1728 2958 1760 3029 ἢ
1819 2962 1934 3025 τοῖς

341 3048 495 3119 ἣλοις
531 3049 904 3120 κατεχόμενον
935 3049 1044 3102 ἀπὸ
1078 3049 1327 3120 γνώμης,
1357 3048 1389 3120 ἢ
1419 3047 1782 3120 νεκρούμενον
1817 3049 1934 3121 ἰδίῳ

343 3141 632 3212 θελήματι,
664 3141 696 3212 ἢ
723 3141 1132 3214 φρουρούμενον
1159 3142 1236 3206 ὼς
1265 3143 1455 3215 νεκρὸν
1486 3145 1544 3196 ὲν
1566 3143 1837 3215 μνήματι,
1863 3146 1931 3214 τῇ

1321 357 1421 418 DE
1450 350 1832 416 BAPTISMO
1861 347 2178 410 CHRISTI
2208 343 2471 406 SERMO
2496 344 2585 405 IL

308 482 514 557 νηθείς·
549 480 651 536 οὐκ
675 478 823 533 ἔστιν
847 474 1003 539 ἄλλος
1028 475 1057 527 6
1086 469 1425 544 βαπτισθεὶς,
1456 468 1550 522 καὶ
1582 465 1738 529 ἄλλος
1764 465 1792 518 6
1824 460 1900 533 μὴ
1931 508 1933 516 γ

2041 457 2259 529 aptismi
2308 470 2504 527 expers
2548 473 2561 511 :

3458 336 3617 403 1878,

2624 453 2720 510 sed
2773 452 2864 509 hic
2917 459 3003 509 est
3046 448 3223 505 Filius
3273 462 3428 504 meus
3460 466 3474 502 :
3506 447 3601 503 hic

2009 564 2153 606 unus
2178 547 2270 619 qui
2292 555 2347 603 et
2371 554 2553 601 mente
2579 545 2873 617 cogitatur,
2907 552 2963 600 et
2993 542 3113 597 visu
3141 539 3384 596 cernitur
3411 556 3424 592 :
3454 553 3610 594 unus

2009 643 2269 713 idemque
2296 640 2612 706 invisibilis,
2649 648 2705 694 et
2732 654 2761 693 a
2792 636 2948 693 vobis
2982 637 3134 693 visus
3161 653 3175 690 :
3208 632 3600 703 sempiternus,

2008 745 2062 791 et
2093 736 2458 807 temporalis:
2499 733 2642 787 idem
2691 727 3178 785 consubstantialis
3227 725 3362 780 mihi
3400 722 3601 779 divini-

2010 837 2144 894 tate,
2169 836 2224 882 et
2252 823 2744 884 consubstantialis
2767 821 2926 877 vobis
2943 818 3284 875 humanitate
3302 832 3398 887 per
3418 816 3604 870 omnia

2012 921 2220 991 absque
2248 927 2476 996 peccato
2497 918 2563 970 ³⁸.
2587 914 2667 970 Ne
2686 914 2947 986 quaeratis
2967 919 3178 983 patrem
3198 910 3320 980 eius
3340 909 3395 964 in
3421 916 3566 963 terra
3587 924 3603 972 ;

2014 1023 2099 1069 est
2122 1012 2271 1067 enim
2298 1011 2559 1066 deorsum
2594 1008 2769 1078 patris
2802 1020 3018 1077 expers.
3050 1002 3131 1059 Ne
3160 1000 3426 1075 quaeratis
3460 997 3605 1054 divi-

2015 1110 2213 1167 nitatis
2244 1110 2365 1181 ejus
2393 1116 2627 1163 matrem
2685 1106 2739 1160 in
2788 1104 2975 1170 caelis;
3028 1111 3113 1158 est
3164 1101 3313 1157 enim
3372 1098 3609 1167 desuper

2017 1207 2228 1275 absque
2267 1212 2466 1259 matre.
2508 1200 2588 1256 Ne
2618 1201 2886 1271 separetis
2933 1198 3108 1269 ipsius
3157 1194 3496 1252 divinitatem
3539 1193 3635 1246 ab.

2016 1300 2262 1371 ejusdem
2319 1294 2661 1351 humanitate
2690 1311 2704 1348 :
2736 1307 2806 1348 ne
2838 1289 3258 1347 indivisibilium
3298 1286 3430 1343 mali
3473 1284 3612 1340 divi-

2020 1408 2178 1450 sores
2211 1391 2376 1446 liatis.
2417 1387 2496 1444 Ne
2543 1384 2883 1444 abstrahatis
2931 1382 3328 1438 humanitatem
3372 1378 3492 1450 ejus
3540 1377 3611 1431 ab

2018 1483 2264 1554 ejusdem
2298 1479 2628 1543 divinitate;
2660 1484 2745 1531 est
2775 1472 2924 1529 enim
2954 1472 3071 1527 haec
3112 1464 3499 1539 inseparabilis
3534 1464 3612 1519 si-

2021 1577 2247 1646 mulque
2281 1570 2572 1630 inconfusa
2609 1576 2737 1641 post
2760 1567 3045 1622 unionem.
3099 1560 3179 1617 Ne
3219 1561 3359 1616 duas
3399 1573 3467 1613 ex
3504 1571 3615 1612 una

2021 1666 2225 1724 Christi
2272 1677 2541 1735 personas
2574 1658 2813 1715 faciatis.
2846 1654 2927 1711 Ne
2957 1655 3095 1711 duos
3139 1648 3455 1723 unigenitos
3478 1660 3615 1701 con-

2026 1760 2292 1824 stituatis,
2348 1772 2477 1813 cum
2536 1754 2609 1811 sit
2665 1766 2811 1807 unus
2851 1745 3197 1820 Unigenitus.
3236 1740 3316 1797 Ne
3365 1751 3617 1797 seorsum

2028 1853 2244 1926 ponatis
2302 1848 2502 1904 Filium
2582 1851 2804 1908 meum,
2881 1841 3122 1908 itemque
3194 1847 3448 1890 seorsum
3513 1830 3615 1884 bo-

2028 1917 2236 2001 minem
2298 1939 2367 1995 ab
2430 1952 2497 1993 eo
2534 1939 2904 2001 assumptum.
2937 1926 3017 1982 Ne
3060 1923 3412 1981 inconfusam
3458 1917 3621 1975 unier:

2031 2053 2157 2095 nem
2189 2034 2373 2091 velitis
2408 2042 2722 2091 secernere,
2757 2039 2923 2097 quam
2955 2020 3243 2092 sejungere
3277 2010 3623 2085 impossibile

2031 2140 2137 2188 est.
2174 2129 2364 2199 Neque
2390 2125 2597 2182 nudum
2630 2121 2824 2185 Deum,
2877 2128 3057 2186 neque
3090 2109 3399 2181 simplicem
3440 2104 3623 2160 homi-

2033 2237 2161 2280 nem
2190 2234 2315 2276 esse
2346 2212 2703 2287 suspicemini
2749 2211 3109 2264 humanatum
3152 2199 3483 2262 Dominum;
3527 2193 3625 2250 sed

2034 2313 2287 2370 eumdem
2314 2309 2486 2365 Deum
2512 2304 2680 2362 simul
2703 2311 2759 2359 et
2779 2299 3056 2356 hominem
3083 2294 3381 2351 creditote:
3409 2300 3626 2357 semper

2035 2408 2257 2481 quidem
2281 2402 2637 2460 exsistentem
2666 2405 2721 2454 et
2752 2391 3218 2465 praeexsistentem
3248 2383 3447 2448 Deum,
3477 2377 3627 2435 haud

2037 2473 2223 2558 tamen
2257 2509 2475 2566 semper
2499 2490 2816 2554 hominem;
2843 2483 2942 2541 sed
2966 2496 3033 2538 ex
3061 2495 3127 2536 eo
3148 2487 3396 2547 tempore
3420 2473 3629 2529 factum

2037 2593 2318 2652 hominem
2351 2561 2517 2657 atque
2545 2584 2619 2639 ita
2644 2580 3024 2641 exsistentem,
3068 2588 3135 2629 ex
3179 2584 3290 2641 quo
3328 2561 3630 2623 Abrahami

2038 2702 2225 2746 semen
2254 2677 2666 2754 apprehendere
2688 2672 2883 2729 voluit.

2110 2780 2168 2833 7.
2202 2747 2434 2831 Etiamsi
2471 2782 2603 2823 vero
2631 2762 2887 2821 videritis
2926 2758 3125 2814 Filium
3165 2766 3347 2809 meum
3379 2747 3631 2806 esurien-

2041 2884 2176 2937 tem,
2218 2875 2314 2924 aut
2345 2865 2649 2925 sitientem,
2682 2865 2780 2914 aut
2802 2852 3193 2913 dormientem,
3221 2853 3317 2901 aut
3345 2838 3634 2898 ambulau-

2042 2974 2175 3029 tem,
2216 2967 2312 3016 aut
2340 2957 2654 3028 fatigatum,
2680 2958 2776 3004 aut
2804 2945 3035 3018 ﬂagellis
3064 2952 3295 3003 caesum,
3324 2942 3422 2990 aut
3438 2937 3641 3002 sponte

2043 3050 2395 3113 crucifixum,
2445 3043 2532 3099 vel
2571 3039 2742 3095 clavis
2782 3035 2928 3093 haud
2983 3033 3120 3089 citra
3172 3038 3501 3084 consensum
3549 3034 3637 3074 re-

2044 3153 2282 3210 tentum,
2318 3147 2413 3195 aut
2439 3151 2553 3192 non
2585 3134 2708 3190 sine
2741 3129 2963 3202 propria
2993 3124 3276 3179 voluntate
3317 3122 3596 3175 mortuum
3618 3153 3636 3177 ,

350 3233 515 3302 caput
539 3232 704 3285 αὐτοῦ
724 3231 898 3286 ταῦτα
921 3233 1313 3302 προσνείματε·
1339 3235 1433 3288 καὶ
1459 3233 1643 3299 πάλιν,
1667 3235 1762 3289 ἐὰν
1789 3234 1933 3306 ἴδητε

2043 3244 2140 3295 aut
2201 3207 2465 3304 tanquam
2532 3233 2816 3283 mortuum
2869 3221 2926 3275 in
2981 3217 3236 3289 sepulcro
3275 3207 3636 3269 custoditum.

348 3323 542 3378 τοῦτον
585 3324 676 3378 τὸν
724 3324 857 3395 ἐμὸν
908 3325 1054 3388 Υἱὸν,
1089 3326 1299 3398 λέπραν
1349 3327 1652 3392 ἀποξέοντα
1706 3329 1931 3402 ῥήματι,

351 3418 600 3487 πήρωσιν
632 3416 900 3488 ὀμμάτων
952 3417 1112 3489 πηλῷ
1166 3417 1562 3490 θεραπεύοντα,
1624 3419 1723 3491 τὴν
1775 3420 1937 3490 φύσιν

352 3509 658 3564 πλάττοντα
688 3508 940 3582 νεύματι,
973 3511 1038 3563 ἐκ
1070 3511 1230 3564 πέντε
1259 3512 1440 3581 ἄρτων
1464 3512 1942 3583 πεντακισχιλίους

350 3599 703 3671 κορεννύντα,
739 3602 832 3656 καὶ
887 3603 1008 3666 ταῖς
1060 3602 1344 3672 παλάμαις
1399 3602 1508 3657 τῶν
1561 3602 1824 3674 μαθητῶν
1865 3603 1943 3667 ὡς

351 3690 620 3761 ἀρούραις
667 3692 1090 3763 ὲγγεωργοῦντα
1136 3693 1300 3761 κόρον
1339 3694 1692 3764 αὐτοσχέδιον
1725 3693 1945 3765 ἀγεώρ-

352 3800 541 3850 γητον,
579 3781 678 3851 τήν
725 3781 1006 3837 θάλασσαν
1044 3784 1379 3855 μαινομένην
1439 3786 1534 3838 καὶ
1591 3786 1944 3857 μιμουμένην

353 3874 453 3937 τὰς
508 3872 620 3925 τῶν
652 3872 826 3942 ὀρέων
856 3874 1104 3945 κορυφὰς
1133 3874 1524 3945 ὲξομαλίζοντα
1569 3880 1637 3948 τῇ
1678 3879 1853 3949 φωνῇ,
1884 3878 1947 3931 τὸ

357 3965 596 4034 πέλαγος
651 3965 727 4029 ὡς
776 3964 970 4034 ἔδαφος
1014 3967 1337 4034 πεζεύοντα,
1393 3970 1510 4032 τοῖς
1559 3968 1814 4040 δαίμοσιν
1868 3970 1945 4034 ὡς

358 4059 717 4130 ἀνδραπόδοις
741 4059 1078 4124 δεσποτικῶς
1109 4060 1486 4128 ἐπιτάττοντα,
1509 4064 1575 4134 τῇ
1611 4062 1824 4134 θεότητι
1849 4062 1947 4116 αὐο

360 4150 454 4206 τοῦ
484 4151 656 4205 ταῦτα
680 4150 1021 4223 προσάψατε.
1052 4151 1144 4225 Μή
1164 4153 1324 4208 ἄλλου
1353 4152 1499 4218 τινὸς
1532 4154 1602 4208 τὰ
1635 4155 1813 4225 ὑψηλὰ
1837 4154 1949 4209 τῶν

363 4245 731 4316 πραγμάτων,
768 4245 930 4300 ἄλλου
960 4245 1018 4299 δέ
1052 4263 1197 4309 τινος
1228 4245 1297 4300 τὰ
1333 4247 1568 4301 ταπεινὰ
1601 4247 1708 4303 τῶν
1729 4248 1950 4320 γινομέ-

364 4356 472 4391 νων
504 4338 784 4409 νομίσητε,
817 4337 955 4392 ἀλλὰ
982 4337 1100 4401 ἐνὸς
1125 4339 1219 4392 καὶ
1251 4338 1344 4393 τοῦ
1379 4340 1567 4408 αὐτοῦ,
1593 4342 1821 4395 κάκεῖνα
1853 4341 1951 4395 καὶ

367 4430 540 4484 ταῦτα
570 4430 883 4500 λογίσασθε’
920 4430 1087 4484 αὐτοῦ
1117 4432 1228 4503 γὰρ
1266 4430 1336 4485 τὰ
1380 4432 1501 4486 θεῖα
1542 4434 1742 4501 πάντα,
1783 4431 1949 4487 αὐτοῦ

366 4522 437 4575 τὰ
469 4523 785 4594 ἀνθρώπινα
815 4524 1016 4591 πάντα,
1046 4523 1212 4579 αὐτοῦ
1241 4525 1309 4579 τὰ
1339 4525 1823 4599 δημιουργήματα,
1855 4528 1955 4580 αὑ-

2046 3333 2162 3388 Ιιιεο
2196 3326 2383 3382 omnia
2436 3323 2493 3378 in
2527 3333 2750 3378 carnem
2783 3316 2906 3387 ejus
2958 3310 3225 3367 conferte.
3267 3305 3533 3360 Praeterea
3590 3298 3641 3354 si

2046 3425 2197 3480 hunc
2255 3418 2458 3474 Filium
2507 3426 2690 3469 meum
2741 3405 2991 3464 videritis
3032 3404 3241 3474 lepram
3294 3397 3463 3453 verbo
3511 3408 3642 3464 pur-

2048 3522 2293 3589 gantem,
2349 3509 2638 3565 oculorum
2691 3498 2922 3559 caacitati
2978 3497 3097 3551 luto
3151 3491 3482 3554 medentem,
3544 3498 3645 3538 na-

2051 3576 2231 3665 turam
2264 3576 2403 3659 nutu
2436 3598 2874 3657 reformantem,
2917 3589 3162 3661 quinque
3204 3581 3436 3655 panibus
3476 3576 3643 3649 quin-

2051 3716 2160 3771 que
2179 3695 2472 3753 hominum
2497 3689 2674 3746 millia
2698 3692 3063 3747 saturantem,
3089 3677 3454 3744 manibusque
3474 3669 3644 3727 disci-

2051 3761 2306 3863 pulorum
2333 3796 2596 3854 tanquam
2626 3778 2774 3835 arvis
2796 3776 3067 3832 colentem
3092 3764 3467 3837 extemporale
3498 3761 3645 3818 triti-

2051 3852 2176 3941 cum
2204 3852 2586 3940 illaboratum;
2614 3884 2769 3926 mare
2802 3879 3007 3923 saevum
3036 3872 3091 3918 et
3112 3857 3383 3915 montium
3411 3852 3647 3912 vertices

2054 3972 2315 4030 fluctibus
2342 3967 2592 4030 imitans,
2627 3975 2760 4018 voce
2792 3953 3260 4026 tranquillantem,
3285 3948 3509 4020 pelagus
3543 3960 3647 4002 ceu

2053 4065 2435 4140 pavimentum
2470 4055 2748 4128 quoddam
2782 4048 3016 4120 pedibus
3065 4045 3402 4109 calcantem;
3439 4040 3655 4096 daemoa

2055 4132 2223 4216 nibus
2281 4169 2381 4211 ceu
2438 4146 2733 4217 mancipiis
2779 4141 3026 4199 heriliter
3065 4137 3456 4205 imperantem;
3508 4132 3650 4198 haec,

2058 4254 2307 4322 inquam,
2352 4243 2540 4302 omnia
2603 4235 2878 4297 divinitati
2921 4233 3045 4303 ejus
3094 4227 3401 4285 attribuite.
3453 4224 3656 4283 Cavete

2059 4317 2361 4419 quominus
2387 4336 2616 4395 alterius
2639 4329 2931 4403 cujusdam
2952 4322 3207 4383 sublimia
3229 4335 3420 4391 opera,
3442 4326 3498 4375 et
3520 4317 3657 4375 item

2060 4410 2296 4495 alterius
2338 4428 2630 4502 cujusdam
2667 4421 2901 4480 humilia
2948 4432 3072 4475 esse
3125 4411 3493 4478 existimetis;
3557 4410 3657 4471 sed

2065 4529 2164 4586 uni
2191 4501 2484 4594 eidemque
2529 4529 2584 4576 et
2622 4518 2742 4573 haec
2777 4522 2834 4569 et
2869 4511 2963 4567 illa
2998 4510 3287 4579 imputate.
3336 4502 3473 4574 Ejus
3507 4501 3663 4559 enim

366 4615 463 4669 τοῦ
495 4616 567 4670 τὰ
594 4616 915 4688 παθήματαο
957 4611 1039 4682 εἷς
1067 4618 1178 4690 γάρ
1232 4619 1324 4672 καὶ
1442 4596 1608 4686 αὐτός
1635 4596 1800 4674 ἐστιν
1831 4621 1933 4674 Υἱὸ

2066 4629 2199 4680 sunt
2225 4618 2413 4674 divina
2466 4610 2687 4675 omnia,
2744 4608 2977 4676 ejusque
3034 4603 3165 4657 item
3223 4604 3354 4654 sunt
3414 4596 3661 4653 humana.

368 4712 522 4783 ἐμὸς,
548 4710 616 4765 τὰ
645 4714 745 4782 τῆς
775 4710 965 4765 ἑαυτοῦ
993 4688 1244 4783 θεότητος
1273 4711 1642 4783 ἐργαζόμενος
1668 4711 1827 4785 ἔργα,
1859 4715 1933 4767 καί

2056 4712 2254 4770 omnia
2292 4728 2307 4763 :
2348 4707 2470 4776 ejus
2505 4709 2638 4759 sunt
2672 4697 2995 4761 creationes,
3019 4693 3147 4763 ejus
3179 4690 3311 4746 item
3346 4688 3656 4759 passiones.

369 4806 439 4859 τὰ
468 4804 567 4875 τῆς
599 4803 795 4858 ἑαυτοῦ
829 4804 1036 4876 σαρκὸς
1064 4804 1439 4876 οἰκειούμενος
1479 4807 1721 4862 ἅπαντα.
1768 4801 1933 4862 Οὖτά

2065 4806 2223 4863 Unus
2257 4801 2461 4871 quippe
2499 4795 2757 4863 idemque
2784 4799 2873 4846 est
2910 4786 3085 4842 Filius
3116 4798 3294 4851 meus,
3319 4782 3419 4853 qui
3452 4788 3508 4835 et
3545 4794 3664 4834 sua:

369 4872 543 4955 ἐστιῷ
589 4903 620 4955 ὀ
672 4902 804 4965 Υἱός
851 4872 971 4970 μου
1015 4903 1048 4955 ό
1078 4872 1408 4972 ἀγαπητὸς,
1439 4900 1511 4955 ἐν
1552 4894 1601 4968 ᾧ
1631 4899 1933 4968 εὐδόκησα

2066 4893 2373 4957 divinitatis
2413 4902 2576 4959 opera
2635 4884 2789 4950 facit,
2831 4890 2885 4938 et
2923 4878 3113 4935 omnia
3159 4892 3284 4948 qua:
3329 4872 3513 4931 carnis
3544 4886 3663 4929 sua:

371 4987 542 5057 Οὗτός
577 4994 724 5047 ἐστιν
755 4962 1022 5065 άμπελος,
1050 4962 1146 5049 καί
1184 4962 1327 5064 θύρα
1506 4962 1647 5055 τέως
1671 4962 1931 5064 πλανωμέ

2067 4997 2199 5047 sunt
2226 5031 2242 5055 ,
2293 4984 2397 5041 sibi
2426 4979 2647 5053 propria
2678 4976 2834 5032 facit.
2873 4972 2979 5028 Hic
3015 4979 3093 5025 est
3125 4966 3302 5025 Filius
3333 4981 3479 5021 mus
3524 4962 3662 5018 dile-

371 5104 480 5140 νων
534 5056 845 5159 προϐάτων·
888 5056 1134 5158 ἄμπελος
1178 5088 1211 5158 ή
1243 5056 1302 5139 έν
1339 5085 1592 5156 οὐρανοῖς
1624 5085 1827 5157 ἔχουσα
1861 5056 1930 5155 τὴ

2069 5094 2210 5146 ctus,
2242 5083 2298 5136 in
2325 5093 2428 5149 quo
2460 5074 2589 5130 mihi
2623 5073 2750 5126 bene
2776 5065 3099 5137 complacui.
3133 5062 3242 5117 Hic
3266 5067 3353 5115 est
3375 5057 3525 5121 vitis,
3573 5056 3664 5110 hic

376 5178 554 5251 ῥίζαν,
590 5181 684 5233 ἐπὶ
714 5180 817 5252 γῆς
848 5180 907 5234 δὲ
935 5180 1004 5237 τά
1041 5180 1318 5252 κλήματαο
1347 5179 1595 5249 ἄμπελος
1627 5178 1964 5248 κλαδευομέ-

374 5290 441 5345 νη
478 5272 541 5327 τὸ
576 5272 754 5346 σῶμα,
792 5273 910 5329 ἀλλ’
939 5276 1001 5329 οὐ
1032 5273 1401 5347 ξηραινομένη
1429 5274 1529 5346 τὴν
1566 5272 1744 5345 ῥίζαν*
1790 5270 1969 5342 ἄμπε-

372 5367 468 5431 λος
502 5368 643 5438 μετὰ
689 5368 882 5439 τρίτην
922 5367 1138 5439 ἡμέραν
1178 5366 1275 5421 τοῦ
1308 5368 1689 5437 κλαδευθῆναι,
1740 5363 1970 5436 βλαστά-

374 5476 545 5513 νουσα
587 5459 678 5514 τὸν
715 5459 910 5530 βότρυν
959 5461 1058 5531 τῆς
1113 5461 1487 5525 ἀναστάσεως.
1520 5452 1693 5523 Οὗτός
1738 5459 1888 5510 ἐστιν
1932 5442 1966 5526 ή

376 5551 540 5622 θύρα·
577 5552 648 5607 δι’
678 5552 845 5608 αὐτοῦ
871 5553 981 5625 γὰρ
1007 5555 1035 5606 6
1067 5554 1340 5609 πιστεύων
1363 5552 1669 5624 εἰσέρχεται
1704 5549 1840 5624 πρός
1871 5566 1958 5619 με.

375 5639 552 5709 Οὗτός
601 5645 752 5699 ἐστιν
803 5647 1029 5717 μεσίτης
1075 5647 1208 5719 ὲμὸς
1252 5649 1348 5703 καὶ
1394 5646 1503 5700 τῶν
1532 5645 1735 5700 δούλων
1774 5641 1960 5697 αὑτοῦ·

380 5740 643 5793 συνάπτει
680 5739 789 5810 γάρ
835 5756 924 5809 μοι
974 5739 1101 5807 τοὺς
1146 5738 1660 5814 προσκεκρουκότας
1709 5738 1765 5793 ὲν
1797 5734 1964 5808 αὑτῷ.

457 5832 499 5861 ³⁸
533 5828 693 5887 Hebr.
733 5844 806 5894 tv,
848 5830 931 5885 15.

2065 5173 2235 5244 janua
2262 5146 2569 5225 errantium
2592 5169 2755 5218 antea
2778 5158 2964 5215 ovium
2994 5174 3006 5208 :
3035 5152 3164 5211 vitis
3192 5151 3403 5208 habens
3429 5148 3481 5204 in
3506 5146 3663 5205 cmlis

2073 5236 2293 5321 radices
2316 5299 2332 5325 ,
2390 5258 2444 5312 in
2488 5265 2635 5310 terra
2683 5260 2866 5307 autem
2913 5245 3166 5317 palmites
3199 5261 3214 5297 :
3247 5239 3378 5297 vitis
3413 5236 3663 5308 corporis

2071 5355 2247 5413 ramis
2291 5346 2614 5421 amputatis,
2661 5343 2754 5400 sed
2797 5339 2943 5396 haud
2977 5342 3263 5393 arescente
3286 5332 3468 5388 radice
3494 5348 3509 5385 :
3536 5328 3665 5382 vitis

2070 5464 2195 5523 quae
2222 5454 2350 5519 post
2383 5442 2607 5501 tertium
2635 5454 2665 5494 a
2702 5433 2985 5509 putatione
3029 5430 3177 5486 diem
3240 5421 3665 5483 resurrectionis

2070 5516 2356 5602 racemum
2401 5531 2749 5607 germinavit.
2804 5526 2905 5581 llic
2953 5533 3039 5581 est
3095 5524 3299 5594 janua;
3333 5533 3431 5590 per
3482 5516 3664 5586 ipsum

2074 5635 2225 5690 enim
2255 5630 2352 5703 qui
2380 5606 2555 5684 credit
2591 5623 2658 5679 ad
2685 5637 2774 5677 me
2805 5616 3129 5691 ingreditur.
3158 5613 3262 5669 Hie
3288 5619 3375 5669 est
3396 5606 3666 5664 mediator

2081 5742 2237 5785 meus
2292 5720 2741 5787 famulorumque
2795 5726 3055 5778 suorum;
3086 5705 3287 5765 etenim
3328 5718 3425 5778 per
3462 5704 3670 5758 semetv
