4058 6472
367 434 392 444 -
475 395 608 458 1879

1429 395 1489 454 S.
1523 394 1904 456 GREGOBII
1939 391 2277 451 EPISCOPI
2307 392 2783 452 ANTIOCHENI

3593 393 3708 458 1880

474 511 657 578 ipsum
699 507 837 561 mihi
876 504 1100 576 c0pulat
1151 517 1247 559 eos
1285 504 1379 573 qui
1412 503 1775 562 offenderant.
1834 501 1937 557 Hic
1983 512 2068 558 est

2192 495 2340 567 F516;
2383 506 2532 558 ἔστιν
2559 506 2588 558 ὁ
2625 503 2751 566 Υἱός
2783 519 2889 572 μου
2919 501 3017 555 καὶ
3039 501 3232 570 ἀμνδς,
3261 495 3413 563 οὗτος
3449 502 3610 574 ἱερεὺς
3633 501 3710 562 καὶ

473 599 649 656 Filius
703 615 860 656 meus
896 608 953 655 et
1003 614 1180 669 agnus
1226 616 1240 652 :
1293 595 1384 652 bic
1421 597 1680 652 sacerdos
1719 604 1774 650 et
1804 596 2066 650 victima:

476 692 620 748 idem
666 691 904 749 oﬁerens
952 701 1008 748 et
1045 693 1310 758 oblatus;
1367 691 1510 745 idem
1560 689 1895 745 sacriﬁcium
1939 689 2070 745 elic-

475 794 621 851 ctus,
653 799 706 839 et
736 785 900 840 simul
935 784 1268 841 sacriﬁcium
1299 783 1602 853 excipiens.

547 877 602 930 8.
656 875 785 930 Haec
823 876 1044 946 quidem
1093 875 1161 930 de
1209 873 1503 946 Unigenito
1559 884 1683 945 post
1735 873 2070 945 baptismum

479 967 624 1036 apud
662 965 958 1020 Jordanem
994 965 1156 1021 Pater
1187 975 1419 1022 testatus
1453 978 1555 1022 est.
1599 967 1834 1033 Quando
1886 976 2072 1022 autem

479 1075 665 1112 coram
694 1059 982 1127 discipulis
1020 1059 1279 1114 Christus
1319 1060 1376 1113 in
1412 1068 1601 1114 monte
1652 1059 2074 1128 transﬁguratus

478 1156 583 1212 est,
611 1147 840 1217 ejusque
861 1148 1030 1202 facies
1056 1149 1375 1219 splendores
1396 1150 1580 1205 emisit
1610 1150 1706 1220 qui
1727 1150 1861 1204 solis
1891 1150 2074 1204 radios

479 1239 847 1304 infnscabant,
882 1234 1012 1295 tu‘nc
1042 1256 1265 1312 quoque
1299 1257 1496 1296 rursus
1525 1257 1715 1296 vocem
1751 1243 1899 1296 illam
1926 1243 2072 1296 cmi-

479 1331 552 1384 sit
601 1349 614 1384 :
664 1330 768 1385 Hic
819 1341 896 1386 εει
957 1331 1130 1387 Filius
1188 1351 1334 1388 meus
1368 1335 1614 1400 dilectus,
1667 1336 1724 1387 in
1788 1351 1890 1405 quo
1948 1336 2077 1387 mihi

481 1424 609 1475 bene
634 1423 933 1491 complacui
965 1424 1032 1476 ³³.
1073 1423 1194 1480 Non
1245 1426 1412 1481 semel
1460 1427 1622 1480 Pater
1671 1425 1870 1480 Filium
1912 1443 2074 1481 suum

481 1512 608 1567 Filii
654 1515 877 1570 nomine
906 1516 1161 1586 appellat,
1192 1527 1248 1573 et
1281 1534 1414 1573 voce
1455 1527 1716 1589 tanquam
1741 1535 1906 1572 manu
1934 1527 2080 1573 tenet

485 1603 863 1675 Unigenitum,
897 1617 1121 1678 propter
1151 1624 1248 1665 eos
1277 1610 1373 1680 qui
1403 1610 1597 1664 dicunt
1637 1621 1827 1664 natum
1855 1613 1906 1665 in
1941 1621 2078 1665 tem-

479 1709 618 1763 pore
672 1695 825 1760 illum
866 1697 959 1767 qui
998 1709 1082 1753 est
1128 1699 1512 1770 intemporalis
1546 1719 1560 1754 :
1593 1709 1814 1770 propter
1852 1717 1948 1756 eos
1983 1702 2078 1772 qui

482 1801 612 1839 eum
661 1797 913 1843 creatura
973 1801 1377 1845 connumerant
1438 1801 1710 1846 creatura:
1763 1793 2074 1848 factorem:

480 1888 708 1948 propter
744 1897 839 1937 eos
882 1883 978 1952 qui
1020 1897 1237 1938 servum
1271 1883 1485 1939 faciunt
1517 1885 1868 1941 liberatorem
1901 1905 1914 1940 :
1949 1902 2078 1956 pro-

481 1979 608 2038 pter
653 1987 750 2026 cos
797 1972 893 2042 qui
948 1973 1118 2028 alium
1171 1983 1227 2028 et
1275 1975 1442 2028 alium
1504 1976 1676 2029 tilium
1735 1977 2077 2047 conﬁngunt.

481 2060 777 2132 Propterea
808 2075 1128 2121 constanter
1159 2077 1398 2121 testatur
1425 2085 1439 2122 :
1485 2066 1591 2120 Hic
1619 2077 1697 2121 est
1727 2068 1904 2122 Filius
1936 2085 2080 2122 meus

480 2153 732 2221 dilectus,
763 2157 818 2208 in
845 2173 947 2226 quo
979 2157 1107 2211 milii
1135 2158 1260 2212 bene
1287 2162 1620 2230 complacui,
1663 2162 1835 2230 ipsum
1876 2162 2079 2215 audite.

483 2246 543 2302 Si
578 2248 778 2304 dixerit
798 2268 810 2305 :
831 2251 943 2322 Ego
979 2253 1030 2306 in
1062 2252 1226 2307 Patre
1253 2265 1301 2307 et
1341 2254 1503 2309 l’ater
1525 2257 1578 2308 in
1604 2273 1683 2310 me
1710 2267 1786 2310 est
1811 2256 1875 2319 ⁵⁸,
1903 2257 2081 2326 ipsum

481 2343 689 2398 audite.
728 2344 785 2397 Si
823 2345 1062 2400 dixerit:
1098 2346 1204 2412 Qui
1233 2348 1361 2402 vidit
1401 2365 1501 2416 me,
1538 2351 1668 2403 vidit
1695 2359 1745 2404 et
1772 2348 1990 2404 Patrem
2015 2349 2080 2414 “,

481 2435 666 2504 ipsum
694 2438 878 2492 audite
907 2453 1006 2492 ceu
1033 2455 1146 2494 rem
1174 2456 1356 2496 veram
1388 2453 1727 2498 narrantem.
1765 2442 1820 2496 Si
1848 2443 2081 2498 dixerit:

484 2527 595 2592 Qui
630 2531 772 2584 misit
807 2547 887 2586 me
919 2530 1108 2598 Pater,
1141 2535 1317 2602 major
1351 2552 1432 2590 me
1458 2546 1534 2590 est
1559 2537 1628 2602 ",
1659 2535 2084 2592 condescensio-

482 2619 574 2674 nis
625 2621 749 2690 ejus
782 2625 1105 2678 teconomim
1142 2625 1286 2681 hanc
1334 2627 1670 2683 locutionem
1705 2630 1984 2685 ascribite.
2025 2629 2085 2683 Si

481 2711 687 2768 dixerit
716 2732 730 2769 :
772 2713 889 2768 Hoc
914 2727 989 2769 est
1019 2734 1207 2787 corpus
1245 2736 1418 2772 meum
1442 2721 1581 2790 quod
1623 2738 1718 2790 pro
1758 2721 1900 2775 vobis
1934 2722 2088 2791 franv

481 2807 631 2878 gitur
684 2809 740 2862 in
797 2812 1163 2864 remissionem
1205 2814 1634 2880 peccatorum”,
1680 2823 1923 2885 spectate
1959 2830 2087 2869 cor-

481 2916 590 2970 pus
619 2901 689 2955 ab
725 2902 845 2972 ipso
866 2903 1025 2959 vobis
1047 2915 1358 2970 ostensum,
1391 2915 1633 2976 spectate
1667 2908 1810 2975 quod
1840 2923 1903 2962 ex
1934 2908 2088 2963 vobis

483 2996 767 3058 sumptum
806 2990 1012 3046 factum
1042 3004 1121 3047 est
1159 2996 1281 3063 ejus
1334 2997 1656 3064 proprium,
1711 3007 1766 3052 et
1797 3013 1897 3067 pro
1931 2998 2087 3053 vobis

484 3080 810 3136 contritum.
845 3080 902 3136 Si
939 3082 1143 3138 dixerit
1175 3105 1187 3141 :
1224 3085 1325 3139 Hic
1365 3095 1442 3139 εει
1482 3089 1699 3158 sanguis
1745 3105 1890 3142 meus
1911 3090 1976 3156 δι,
2020 3089 2089 3144 de

2176 597 2396 667 ίερεῖον,
2436 601 2465 652 ὁ
2515 598 2678 660 αὐτὸς
2724 595 3058 667 προσφέρων
3105 595 3202 648 καὶ
3236 595 3716 666 προσφερόμενος,ὁ

2172 685 2336 750 αὐτὸς
2366 686 2528 740 θυσία
2560 687 2876 758 γενόμενος,
2918 685 3014 738 καὶ⁵
3053 683 3216 748 αὐτὸς
3259 685 3360 756 τὴν
3388 682 3564 739 θυσίαν
3591 687 3719 759 δεχό-

2177 793 2340 847 μενος
2365 777 2498 848 (56).

2245 877 2317 939 η’.
2353 870 2539 922 Ταῦτα
2579 869 2677 939 μὲν
2708 866 2804 924 οὖν
2840 868 2981 940 μετά
3031 869 3096 922 τὸ
3143 868 3426 940 βάπτισμα
3471 871 3608 940 παρὰ
3645 875 3724 928 τὸν

2189 962 2465 1032 Ἰορδάνην
2502 964 2630 1030 περὶ
2660 963 2753 1016 τοῦ
2784 961 3127 1031 Μονογενοῦς
3169 960 3542 1032 ἐμαρτύρησεν
3575 965 3601 1016 ὁ
3630 967 3720 1019 [Ia-

2176 1057 2304 1126 τήρ.
2349 1056 2483 1108 Ὅτε
2513 1056 2570 1109 δὲ
2606 1054 2917 1126 βλεπόντων
2957 1053 3066 1108 τῶν
3095 1052 3360 1125 μαθητῶν
3387 1052 3415 1103 ὁ
3438 1053 3650 1123 Χριστὸς
3680 1057 3728 1108 ἐν

2177 1147 2257 1219 τῷ
2290 1147 2410 1218 ὄρει
2445 1147 2877 1218 μετεμορφώθη,
2910 1147 3006 1200 καὶ
3051 1146 3114 1199 τδ
3143 1144 3436 1214 πρόσωπον
3469 1161 3731 1216 μαρμαρυ-

2178 1239 2285 1306 γὰς
2313 1239 2528 1308 ἀφῆκεν
2563 1239 3026 1310 ἀποκρυπτούςας
3053 1239 3152 1299 τὰς
3178 1235 3273 1289 τοῦ
3299 1235 3446 1304 ήλίου
3475 1253 3735 1308 μαρμαρυ-

2178 1332 2303 1398 γὰς,
2338 1331 2432 1383 καὶ
2457 1331 2578 1382 τότε
2614 1331 2777 1385 πάλιν
2799 1331 2898 1399 τὴν
2921 1329 3094 1402 αὐτὴν
3125 1329 3306 1399 ἀφῆκε
3333 1329 3532 1398 φωνήν·
3569 1325 3735 1398 οὗτός

2179 1424 2354 1477 ἐστιν
2407 1426 2440 1476 ό
2496 1424 2631 1488 Υἱός
2655 1440 2776 1492 μου
2810 1425 2843 1476 ό
2881 1420 3210 1491 ἀγαπητὸς,
3250 1420 3322 1472 ἐν
3354 1413 3403 1485 ᾧ
3442 1419 3734 1487 εὐδόκησα.

2183 1520 2456 1583 Πολλάκις
2500 1521 2529 1573 ό
2576 1518 2765 1590 Πατὴρ
2785 1518 2918 1571 Υἱδν
2957 1516 3230 1570 ἀποκαλεῖ
3259 1514 3352 1567 τὸν
3386 1513 3529 1578 Υίὸν,
3569 1516 3654 1566 καὶ
3681 1519 3738 1587 τῇ

2187 1614 2344 1682 φωνῇ
2374 1612 2630 1681 καθάπερ
2663 1611 2806 1682 χειρὶ
2842 1612 3040 1680 κρατεί
3079 1608 3172 1662 τὸν
3195 1607 3498 1677 Μονογενῆ,
3528 1607 3610 1660 διὰ
3635 1607 3742 1669 τοὺς

2183 1703 2442 1773 λέγοντας
2466 1707 2527 1759 ἐν
2550 1704 2730 1775 χρόνῳ
2769 1701 3100 1772 γεγενῆσθαι
3135 1699 3227 1753 τὸν
3261 1699 3508 1770 ἄχρονον,
3533 1699 3616 1750 διὰ
3635 1700 3742 1762 τοὺς

2191 1794 2662 1866 συναριθμοῦντας
2691 1797 2756 1866 τῇ
2789 1795 2964 1848 κτίσει
2994 1793 3087 1846 τὸν
3117 1792 3358 1862 ἐργάτην
3392 1792 3490 1860 τῆς
3517 1789 3743 1852 κτίσεως,

2185 1886 2274 1940 διά
2301 1889 2427 1950 τοὺς
2463 1886 2948 1956 δου).αγωγοῦντας
2984 1884 3077 1938 τὸν
3101 1881 3496 1952 ὲλευθερωτὴν,
3527 1881 3610 1934 διὰ
3639 1882 3748 1944 τοὺς

2186 1981 2638 2045 ἀναπλάττοντας
2697 1980 2855 2034 ἄλλον
2913 1977 3011 2032 καὶ
3070 1975 3229 2031 ἀλλον
3284 1975 3424 2028 υίόν·
3484 1973 3569 2026 διά
3613 1971 3752 2026 τοῦτο

2188 2075 2430 2144 συνεχῶς
2465 2071 2927 2144 ἐπιμαρτύρεται·
2964 2065 3155 2135 Οὗτός
3205 2068 3380 2121 ἐστιν
3418 2067 3450 2120 ό
3498 2066 3625 2132 Υιός
3647 2083 3751 2134 μου

2187 2171 2220 2221 ὁ
2251 2165 2582 2234 ἀγαπητὸς,
2615 2156 2752 2230 ἐ·νῷ
2774 2161 3106 2230 εὐδόκησα,
3136 2158 3325 2215 αὑτοῦ
3347 2159 3612 2214 ἀκούετε.
3647 2157 3754 2210 Ἐάν

2188 2261 2338 2332 εἴπῃ·
2383 2257 2525 2328 Ἐγὼ
2554 2259 2625 2312 ἐν
2652 2254 2736 2322 τῷ
2760 2256 2944 2324 Harp!
2977 2255 3075 2308 καί
3099 2258 3132 2308 ὀ
3162 2253 3366 2321 Πατὴρ
3401 2253 3472 2304 ἐν
3507 2251 3650 2320 ἐμοί·
3673 2251 3756 2303 αὖ·

2187 2353 2283 2407 τοῦ
2326 2349 2576 2405 ἀκούετε.
2615 2348 2743 2402 Ἐάν
2773 2347 2924 2420 εἴπῃ·
2973 2347 3036 2400 '0
3075 2343 3349 2415 ἑωρακὼς
3385 2342 3512 2412 ἐμὲ,
3557 2340 3758 2409 ἑώρακε

2187 2447 2296 2498 τὸν
2324 2441 2577 2511 Πατέρα,
2613 2439 2782 2495 αὐτοῦ
2811 2438 3037 2494 ἀκούετε
3078 2438 3155 2503 ὼς
3185 2434 3620 2507 ὲπαληθεύοντος
3660 2435 3761 2501 τοῖς

2190 2537 2334 2608 πράγ
2348 2553 2532 2607 μασιν.
2579 2533 2707 2586 Ἐὰν
2735 2533 2886 2604 εἴπῃ·
2935 2532 2999 2584 '0
3029 2528 3276 2600 πέμψας
3301 2544 3381 2597 με
3409 2524 3628 2592 Πατὴρ,
3651 2523 3761 2592 μείς

2189 2628 2302 2690 ζων
2343 2627 2463 2697 μού
2509 2626 2705 2689 ἐστιν,
2740 2625 2809 2694 τῇ
2841 2621 3128 2692 οἰκονομίᾳ
3171 2621 3271 2690 τῆς
3319 2615 3764 2686 συγκαταϐάσεως

2190 2719 2356 2776 αὑτοῦ
2387 2718 2486 2785 τὴν
2518 2717 2704 2788 φωνὴν
2746 2714 3197 2787 προσαρμόσατε.
3241 2711 3369 2764 Ἐάν
3420 2711 3568 2780 εῐπῃ·
3607 2705 3767 2761 Τοῦτό

2189 2815 2361 2869 ἐστιν
2398 2811 2466 2865 τὸ
2509 2809 2681 2878 σῶμά
2709 2825 2828 2878 μου
2854 2811 2921 2861 τὸ
2954 2806 3107 2874 ὑπὲρ
3144 2804 3314 2875 ὑμῶν
3353 2802 3664 2871 κλώμενον
3692 2799 3769 2864 εις

2191 2905 2416 2976 ἄφεσιν
2449 2899 2754 2971 ἁμαρτιῶν
2785 2900 2922 2969 (57),
2957 2898 3185 2969 βλέπετε
3210 2897 3272 2949 τὸ
3297 2895 3463 2964 σῶμα
3493 2893 3555 2946 τὸ
3583 2889 3773 2946 δεικνύς

2194 3012 2358 3066 μενον
2389 2994 2520 3063 παρ’
2547 2989 2736 3044 αὐτοῦ·
2775 2989 3002 3060 βλέπετε
3045 2989 3106 3042 τὸ
3139 2987 3346 3056 ληφθὲν
3389 2985 3451 3050 ἐξ
3487 2984 3659 3054 ὑμῶν,
3689 2980 3774 3034 καὶ

2191 3087 2487 3156 γενόμενον
2539 3082 2730 3146 αὐτοῦ,
2776 3080 2874 3135 καὶ
2920 3081 3061 3151 ὑπὲρ
3121 3079 3276 3150 ὑμῶν
3335 3077 3772 3148 συντριϐόμενον.

483 3171 607 3242 ejus
634 3173 729 3242 qui
763 3174 1046 3230 vobiscum
1088 3176 1333 3248 loquitur
1361 3182 1632 3249 sanguine
1666 3181 1920 3251 cogitate,
1972 3197 2083 3236 non

2206 3180 2333 3232 Ἐάν
2356 3177 2506 3248 εἴπῃ·
2542 3175 2728 3231 Τοῦτό
2753 3174 2927 3228 ἐστιν
2951 3173 3020 3227 τὸ
3048 3168 3192 3242 aliud
3207 3189 3351 3242 μου,
3386 3169 3484 3223 τοῦ
3507 3167 3775 3229 λαλοῦντος

486 3263 556 3318 de
587 3264 695 3318 alio
722 3276 920 3334 praeter
953 3267 1156 3336 ipsum.
1193 3270 1251 3322 Si
1283 3270 1483 3324 dixerit
1514 3291 1525 3324 :
1568 3270 1762 3326 Tristis
1790 3282 1869 3326 est
1901 3274 2088 3327 anima

488 3369 605 3407 mea
655 3371 821 3426 usque
870 3359 939 3410 ad
991 3370 1215 3415 mortem
1242 3360 1310 3429 ⁸³,
1353 3362 1553 3418 anian
1598 3363 1721 3433 ejus
1772 3364 2088 3435 passionem

489 3449 750 3504 maeroris
791 3451 1093 3507 attribuite.

560 3632 618 3690 9.
642 3632 766 3690 Haec
783 3649 814 3689 a
840 3634 954 3691 Deo
971 3635 1134 3692 Patre
1157 3638 1334 3695 edocti
1353 3639 1596 3708 fuimus;
1621 3642 1736 3698 haec
1776 3645 2088 3715 unigenitus

491 3727 588 3782 Dei
616 3725 788 3784 Filius
813 3729 973 3785 nobis
994 3729 1248 3786 tradidit:
1282 3733 1424 3788 hanc
1447 3749 1478 3788 a
1505 3743 1696 3790 sancto
1723 3733 1930 3806 Spiritu
1961 3753 2089 3793 cru--

491 3818 754 3874 ditionem
793 3821 1109 3890 accepimus
1139 3840 1152 3876 :
1185 3822 1299 3877 haec
1331 3838 1362 3877 a
1385 3823 1588 3879 divinis
1616 3823 1918 3896 Scripturis
1951 3841 2090 3896 prte-

488 3911 770 3966 dicantur.
805 3912 940 3978 Quae
964 3913 1132 3984 igitur
1156 3913 1492 3985 accepimus,
1521 3916 1640 3970 haec
1658 3917 2040 3972 custodiamus
2072 3936 2085 3971 :

493 4018 616 4074 quae
645 4005 962 4072 didicimus,
996 4005 1114 4061 haec
1164 4006 1522 4063 retineamus.
1558 4007 1670 4064 Cur
1698 4008 1931 4064 invicem
1975 4009 2093 4064 fru-

489 4105 606 4152 stra
631 4111 1015 4170 oppugnamus
1033 4099 1057 4153 ?
1077 4097 1191 4154 Cur
1221 4100 1542 4157 intestinum
1577 4102 1778 4157 bellum
1824 4103 2089 4172 gerimus,

491 4193 592 4262 qui
622 4193 786 4248 eliam
818 4193 1071 4248 inimicos
1104 4194 1330 4265 diligere
1356 4195 1656 4265 jubemur?
1686 4194 1822 4262 Cur,
1853 4197 2093 4252 creduli-

490 4295 609 4342 tate
634 4287 861 4351 omissa,
894 4285 1254 4341 artiﬁciosam
1297 4287 1456 4342 ﬁdem
1496 4288 1890 4343 elaboramus?
1917 4287 2093 4345 Natus

492 4384 602 4440 est,
631 4391 740 4431 non
770 4385 932 4430 natus
963 4385 1076 4439 est;
1101 4389 1322 4444 passus,
1351 4391 1461 4430 non
1492 4392 1721 4446 passus;
1765 4377 2094 4444 resurrexit,

492 4483 609 4524 non
643 4467 965 4523 resurrexit.
995 4465 1106 4523 Cur
1129 4466 1341 4538 judicio
1362 4468 1521 4537 quasi
1553 4467 1935 4523 contendimus
1964 4483 2092 4522 cum

2194 3271 2324 3340 ὑμῖν
2368 3264 2510 3340 αἷμα
2565 3267 2851 3338 νομίσητε,
2893 3265 2970 3337 μὴ
3019 3265 3179 3320 άλλου
3230 3263 3379 3325 τινὸς
3427 3261 3558 3332 παρ’
3610 3257 3778 3313 αὐτόν.

2205 3365 2333 3418 Ἐὰν
2360 3366 2514 3435 είπῃ·
2545 3362 2888 3432 Περίλυπός
2923 3360 3098 3413 ἐστιν
3129 3359 3168 3426 ἠ
3198 3355 3373 3425 ψυχή
3403 3374 3527 3426 μου
3556 3353 3663 3419 ἕως
3693 3353 3780 3405 0a-

2189 3457 2402 3520 νάτου,
2444 3458 2512 3526 τῇ
2548 3455 2695 3526 ψυχῇ
2733 3451 2900 3506 αὑτοῦ
2948 3451 3046 3523 τῆς
3082 3449 3262 3520 λύπης
3307 3449 3372 3502 τὸ
3417 3447 3592 3511 πάθος
3626 3459 3781 3518 προσ-

2191 3551 2367 3619 ἅψατε
2401 3548 2537 3617 ('58).

2264 3642 2331 3695 θ’.
2363 3638 2553 3694 Ταῦτα
2577 3637 2732 3710 παρά
2754 3635 2850 3690 τοῦ
2876 3634 3138 3690 Θεοιῖῖιαὶ
3167 3633 3389 3706 Πατρὸς
3411 3627 3780 3700 δεδιδάγμεθα·

2191 3733 2364 3790 ταῦτα
2399 3733 2553 3804 παρά
2599 3731 2694 3785 τοῦ
2745 3729 3071 3801 μενογενοῦς
3105 3727 3236 3782 Υίοῦ
3265 3726 3360 3781 τοῦ
3403 3725 3549 3780 Θεοῦ
3597 3738 3782 3777 πεπαι-

2192 3826 2458 3898 δεύμεθα·
2502 3823 2678 3878 ταῦτα
2708 3822 2863 3895 παρά
2897 3822 3005 3876 τῶν
3037 3821 3212 3890 ἁγίων
3242 3820 3488 3893 Γραφῶν
3515 3817 3787 3891 διηγόρευ-

2191 3936 2305 3974 ται·
2336 3916 2512 3973 ταῦτα
2541 3916 2694 3989 παρά
2736 3916 2846 3969 τῶν
2895 3915 3060 3969 ὁσίων
3121 3913 3389 3984 Πατέρων
3432 3913 3786 3981 κεκήρυκται.

2199 4012 2269 4065 ’Δ
2297 4010 2479 4064 τοίνυν
2514 4008 2960 4080 παρειλήφαμεν,
3007 4006 3186 4060 ταῦτα
3220 4004 3584 4076 φυλάξωμεν·
3626 4001 3661 4056 ἀ
3708 4015 3785 4073 μευ

2199 4103 2554 4176 μαθήκαμεν,
2585 4101 2760 4154 ταῦτα
2791 4101 3182 4174 κρατήσωμεν.
3217 4098 3284 4151 Τί
3326 4095 3629 4168 μαχόμεθα
3667 4092 3790 4164 πρὸς

2196 4197 2459 4268 ἀλλήλους
2485 4193 2643 4264 εἰκῆ;
2680 4194 2745 4247 Τί
2776 4192 3126 4262 πολεμοῦμεν
3170 4189 3445 4262 ἀλλήλους
3487 4190 3538 4242 oi
3571 4201 3793 4258 προστε-

2195 4288 2462 4359 ταγμένοι
2489 4287 2585 4341 καὶ
2609 4287 2736 4350 τοὺς
2773 4284 3069 4356 μισοῦντας
3097 4283 3302 4353 φιλείν;
3331 4282 3401 4335 Τί
3423 4282 3488 4334 τὸ
3523 4277 3794 4332 πιστεύειν

2197 4381 2450 4451 ἀφέντες,
2483 4378 2913 4452 τεχνολογοῦμεν
2943 4377 3044 4448 τὴν
3075 4378 3298 4443 πίστιν;
3343 4373 3676 4447 Ἐγεννήθη,
3706 4369 3796 4426 οὐκ

2199 4474 2486 4546 ἐγεννήθη·
2522 4472 2748 4535 ἔπαθεν,
2781 4472 2885 4524 οὐκ
2912 4470 3136 4524 ἔπαθεν·
3170 4469 3400 4540 ἀνέστη,
3437 4470 3545 4522 οὐκ
3585 4465 3793 4532 ἀνέστη.

493 4559 838 4615 liberatore?
858 4559 967 4615 Cur
991 4559 1236 4615 rationes
1269 4559 1528 4632 ponimus
1552 4575 1676 4614 cum
1703 4557 2084 4615 benefactore‘!

2199 4570 2266 4623 Τί
2308 4567 2647 4640 δικαζόμεθα
2689 4565 2769 4637 τῷ
2813 4566 3114 4636 Λυτρωτῇ;
3151 4564 3216 4617 Τί
3253 4561 3668 4632 λογοθετοῦμεν
3716 4557 3797 4611 τον

497 4651 705 4716 Semel,
730 4661 789 4707 ut
821 4653 1010 4721 voluit,
1046 4653 1229 4719 venit,
1265 4669 1460 4724 passus
1493 4662 1596 4720 est,
1639 4655 1962 4720 resurrexit,
1993 4655 2115 4710 ad-'

493 4744 712 4816 eritque
755 4744 920 4815 judex
961 4747 1218 4802 vivorum
1254 4762 1321 4802 ac
1345 4758 1726 4814 mortuorum;
1771 4747 1969 4815 aderit,
2007 4749 2104 4803 in-

494 4853 686 4907 quam,
710 4849 875 4909 prout
903 4839 1015 4908 jam
1053 4850 1211 4895 antea
1233 4840 1475 4904 advenit,
1501 4856 1627 4896 cum
1669 4849 1857 4897 nostra
1890 4841 2086 4896 forma.

493 4927 616 4984 Non
646 4931 792 4985 enim
846 4929 988 4984 hanc
1034 4932 1206 4997 exuit,
1253 4948 1414 5002 quam
1451 4942 1734 5002 tantopere
1770 4933 2046 4988 adamavit
2076 4952 2090 4987 :

495 5038 608 5079 non
637 5023 781 5079 hanc
808 5022 1030 5095 abjecit,
1058 5040 1222 5095 quam
1249 5025 1552 5095 plurimum
1574 5024 1764 5080 dilexit
1799 5043 1812 5079 ι
1845 5041 1957 5080 non
1993 5027 2092 5082 de-

495 5116 722 5186 reliquit
769 5116 824 5172 in
878 5118 1135 5188 sepulcro
1183 5133 1404 5174 carnem
1449 5118 1765 5188 propriam,
1813 5133 1980 5188 quam
2023 5121 2094 5176 ob

496 5221 660 5262 suum
685 5222 813 5277 erga
842 5208 1095 5264 homines
1117 5223 1359 5263 amor-em
1381 5207 1732 5278 hypostatice.
1754 5208 1858 5264 sibi
1881 5210 2093 5265 aduna-

495 5299 596 5354 vit.
630 5298 736 5356 Sed
785 5301 860 5354 ita
893 5301 1169 5356 rediturus
1221 5309 1307 5356 est
1357 5301 1423 5355 ad
1449 5300 1810 5370 judicandum
1860 5303 2010 5358 vivos
2032 5317 2098 5358 ac

571 5457 615 5489 ”
649 5455 842 5512 Matth.
871 5474 1006 5522 xvn,
1045 5459 1100 5520 5.

497 5528 591 5588 27.
671 5528 717 5561 ’⁸⁵
755 5529 892 5585 ibid.
928 5529 1020 5585 58.

575 5645 689 5728 (5.6)
719 5645 797 5728 πίε
821 5646 1201 5728 ιιοοιείοεπηθις
1235 5648 1723 5728 ιεεεείξ-βτωοελω
1762 5651 2035 5724 synodum
2067 5667 2096 5706 ει

504 5718 668 5787 nobis
685 5717 888 5787 editam
923 5717 1125 5787 Seript.
1156 5717 1376 5773 Vet.'T.
1415 5718 1506 5774 ιν,

583 5780 897 5868 (57)nVides
909 5780 1292 5868 testiinonium
1325 5790 1392 5868 de
1435 5807 1569 5868 vero
1611 5807 1842 5868 corpore
1880 5805 1931 5850 et
1968 5811 2098 5851 san-

512 5855 677 5935 guine
703 5855 1402 5939 DominiinEucharistia.
1432 5863 1561 5918 item
1585 5879 1637 5934 p.
1672 5855 1773 5920 565
1799 5865 1890 5923 ﬁn.

1178 5459 1224 5492 ⁸ο
1249 5460 1412 5518 Joan.
1446 5477 1560 5527 xw,
1590 5460 1676 5519 Η.

1756 5461 1801 5492 ⁵⁸
1830 5459 1992 5518 Joan.
2024 5478 2146 5529 vnt,
2181 5462 2236 5519 9.
2317 5461 2544 5520 “Joan.
2582 5481 2695 5532 xw,
2724 5464 2817 5518 ‘28.
2893 5464 2940 5496 ⁸³
2973 5465 3164 5520 Matth.
3227 5479 3378 5527 xxvi,
3409 5461 3509 5516 ‘26.

2201 4662 2536 4733 εὐεργέτηνς
2570 4658 2757 4724 Ἀπαξ
2783 4658 2859 4722 ὡς
2887 4657 3154 4728 ἠθέλησεν
3183 4654 3548 4726 παρεγένετο,
3583 4651 3675 4704 καὶ
3708 4647 3797 4700 πέ-

2200 4753 2419 4818 πονθεν,
2448 4753 2544 4806 καὶ
2572 4752 2801 4821 ἀνέστη,
2831 4749 2926 4802 καὶ
2956 4747 3324 4819 παραγίνεται
3361 4745 3570 4816 κριτὴς
3593 4741 3802 4808 ζώντων

2201 4847 2297 4902 καί¹
2335 4847 2567 4918 νεκρῶν,
2593 4846 2689 4899 καὶ
2719 4843 3087 4915 παραγίνεται
3120 4841 3266 4895 καθὰ
3295 4841 3392 4895 καὶ
3427 4839 3536 4912 ἤδη
3573 4835 3804 4906 παρεγέ-

2200 4956 2324 4992 νετο
2359 4938 2502 5010 μετὰ
2531 4937 2633 5006 τῆς
2661 4935 2946 5007 ἡμετέρας
2980 4935 3215 5006 μορφῆς.
3249 4933 3325 4987 Οὐ
3349 4931 3466 5002 γὰρ
3496 4928 3807 4984 ἀπεδύσατο

2200 5029 2406 5100 ταύτην
2449 5030 2517 5101 ἣν
2545 5027 2800 5081 τοσοῦτον
2829 5027 3140 5098 ἠγάπησεν,
3171 5027 3273 5079 οὐκ
3313 5023 3633 5096 ἀπέρριψεν
3681 5018 3808 5074 ταύ-

2203 5140 2303 5194 την
2333 5123 2401 5194 ἣν
2434 5120 2690 5175 τοσοῦτον
2715 5120 2996 5190 ἐφίλησεν,
3030 5121 3090 5172 οὐ
3125 5117 3418 5172 κατέλιπεν
3466 5118 3528 5169 ὲν
3567 5113 3647 5185 τῷ
3681 5112 3809 5184 μνή-

2205 5231 2339 5284 ματι
2367 5214 2466 5286 τὴν
2496 5213 2678 5285 σάρκα
2705 5211 2872 5265 αὑτοῦ
2906 5213 2973 5282 ἢν
3000 5211 3090 5265 διὰ
3129 5209 3557 5282 φιλανθρωπίαν
3602 5209 3806 5280 ἥνωσεν

2203 5303 2382 5376 ἑαυτῷ
2410 5304 2532 5358 καθ’
2566 5303 2888 5358 ὑπόστασιν·
2930 5304 3048 5358 ἀλλ’
3076 5303 3252 5367 οὕτως
3293 5302 3672 5374 παραγίνεται
3705 5299 3807 5353 πά-

3595 5461 3640 5492 ’δδ
3677 5459 3803 5514 ibid.

2281 5651 2393 5726 (58)
2420 5650 2708 5721 Legendus
2745 5653 3040 5725 Augustini
3094 5653 3160 5707 de
3177 5648 3509 5726 gtIajst._83.
3539 5659 3580 5705 t.
3602 5646 3706 5726 _Vl,
3728 5646 3825 5703 col.

2205 5720 2298 5790 55,
2324 5720 2479 5795 locus
2501 5720 2792 5795 "egregius,
2838 5720 2954 5794 quo
3009 5741 3073 5780 ex
3133 5722 3531 5778 aﬁectionibus
3583 5720 3808 5783 demon-

2206 5795 2414 5851 stratin
2447 5794 2670 5851 Christo
2712 5795 2884 5852 fuisse
2927 5795 3191 5851 animam.
