4058 6408
298 366 427 435 1881

1287 371 1387 431 DE
1420 372 1795 434 BAPTISMO
1818 374 2140 437 CHRISTI
2169 374 2425 437 SERMO
2452 377 2538 439 II.

3420 383 3558 451 188?.

285 476 369 532 λιν
396 479 579 548 κρῖναι
616 476 827 543 ζῶντας
860 485 955 534 καὶ
996 481 1244 552 νεκροὺς,
1281 482 1370 536 ⁶ιῖνα
1407 484 1494 558 ἴδῃ
1521 485 1722 551 Ἰούδας
1747 487 1872 543 τίνα

1977 501 2249 546 mortuos.
2271 498 2331 545 ut
2359 488 2530 547 ludas
2563 489 2789 560 aspiciat
2811 506 2976 562 quem
3007 493 3313 551 vendiderit
3339 492 3555 553 Domini

286 569 577 638 πέπρακεν
601 573 713 633 τοῖς
746 570 1157 643 Κυριοκτόνοις,
1180 572 1267 627 ἵνα
1289 572 1591 631 θεάσωνται
1631 577 1871 632 Ἰουδαῖοι

286 663 448 717 ποίαν
473 661 716 736 κεφαλὴν
744 665 863 728 ταῖς
894 663 1158 730 ἀκάνθαις
1189 666 1597 736 ἐστεφάνωσαν,
1631 669 1718 722 ἵνα
1742 670 1871 724 ὅταν

287 757 473 810 ἴδωσιν
496 756 661 811 αὐτὸν
701 758 796 811 ἐπὶ
832 759 925 812 τοῦ
959 760 1275 815 δικαστικοῦ
1304 762 1496 833 θρόνου
1539 765 1872 838 καθήμενον,

286 851 386 907 καὶ
418 852 487 905 τά
515 853 797 923 Χερουϐὶμ
837 854 980 924 μετὰ
1013 857 1180 924 φόϐου
1219 858 1315 910 κα)¹
1347 858 1550 930 τρόμου
1594 858 1871 928 παριστά-

291 959 450 1013 μενα,
499 945 594 997 καὶ
636 944 885 999 είπωσινί
925 947 1116 1016 Ἡμεῖς
1153 946 1339 1001 τοῦτον
1384 948 1485 1001 ούκ
1518 948 1872 1019 ὲσταυρώσαυ

289 1050 413 1104 μεν,
436 1022 715 1090 ἀλλάτινα
748 1035 954 1106 Ἰησοῦν
980 1038 1309 1110 Ναζωρηνὺν
1339 1039 1710 1111 Βηθλεεμίτην
1742 1057 1876 1094 κατ-

264 1124 602 1196 νεκρίναμεν,
636 1126 906 1193 ύποδείξει
934 1130 1119 1194 αὐτοῖς
1149 1129 1247 1201 τὴν
1274 1130 1535 1202 πλευρὰν,
1571 1132 1667 1187 καὶ
1691 1132 1874 1187 ίδωσιν

285 1217 366 1280 είς
400 1214 462 1271 δν
486 1215 872 1291 ἐξεκέντησαν,
909 1221 1004 1274 καὶ
1036 1222 1493 1294 προσκυνήσωσιν
1530 1224 1624 1277 καὶ
1669 1223 1747 1295 μὴ
1780 1223 1875 1277 θέ-

284 1307 495 1374 λοντες.

360 1424 410 1475 ι’.
453 1422 564 1496 (39)
594 1421 685 1495 [Τί
710 1424 892 1480 τοίνυν
932 1426 994 1480 τὸ
1033 1426 1314 1482 πιστεύειν
1351 1426 1582 1496 ἀφέντες
1612 1426 1867 1499 τεχνολο-

284 1512 493 1583 γοῦμεν
525 1515 626 1585 τὴν
654 1515 872 1582 πίστιν;
899 1516 965 1569 Τί
990 1514 1309 1588 πληροῦμεν
1332 1518 1431 1588 τὴν
1452 1516 1752 1587 ἐπιθυμίαν
1778 1515 1874 1571 τοῦ

285 1604 468 1658 κοινοῦ
515 1605 848 1678 δυσμενοῦς;
881 1607 1258 1679 Λογισάμενος
1311 1609 1422 1681 γὰρ
1469 1611 1498 1663 6
1558 1608 1805 1673 διάϐολος
1846 1608 1876 1660 6

285 1697 467 1760 κοινὸς
507 1698 607 1767 τῆς
654 1698 1075 1771 ἀνθρωπότητος
1128 1699 1366 1771 λυμεὼν,
1406 1701 1488 1755 ὅτι
1527 1700 1773 1771 γαλήνης
1816 1700 1877 1752 ὲν

283 1790 420 1859 ἡμῖν
450 1789 900 1860 πολιτευομένης,
928 1790 997 1844 τὰ
1032 1792 1131 1862 τῆς
1167 1792 1449 1856 εὐσεϐείας
1481 1791 1653 1857 ἀνθεῖ,
1691 1793 1791 1861 τῆς
1812 1790 1870 1844 δὲ

286 1881 526 1945 πίστεως
556 1880 881 1954 λαμπούσης
936 1883 1050 1955 (40)
1098 1884 1302 1949 εύζωῖα
1353 1886 1565 1955 κρατεῖ·
1595 1882 1870 1947 πολιτείας

284 1972 341 2026 δὲ
374 1971 653 2040 θεοφιλοῦς
686 1973 1150 2046 κατορθουμένης,
1183 1974 1583 2047 μακαριότητος
1605 1974 1661 2027 δὲ
1697 1990 1874 2044 μεσα-

285 2061 490 2133 ζούσης
540 2063 677 2134 (41),
732 2065 878 2133 φίλοι
924 2065 1019 2119 τοῦ
1070 2065 1420 2138 Δημιουργοῦ
1478 2063 1873 2135 καθιστάμενοι

284 2154 424 2225 πρὸς
460 2154 553 2208 τὸν
592 2155 927 2227 ποθούμενον
957 2159 1331 2230 ἀνατρέχομεν
1359 2156 1494 2228 (42),
1525 2156 1616 2211 ἵνα
1652 2157 1728 2227 μὴ
1781 2156 1876 2209 άν-

285 2245 535 2318 έλθωμεν
566 2248 677 2320 (43)
700 2249 821 2302 ὅθεν
854 2251 1059 2314 ἐκεῖνος
1095 2250 1421 2315 κατέπεσεν,
1464 2250 1630 2318 ὁρᾶτε
1678 2247 1730 2300 τί
1772 2264 1875 2300 πε-

286 2338 536 2408 ποίηκεν,
574 2340 804 2406 καὶπῶς
839 2341 1168 2414 πανούργως
1202 2342 1298 2396 καὶ
1332 2340 1569 2411 δολερῶς
1602 2338 1716 2411 (44)
1751 2339 1874 2394 καθ’

284 2431 447 2501 ἡμῶν
487 2432 811 2505 ὲραψῲδησε
854 2433 1112 2505 πόλεμον,
1156 2436 1185 2488 6
1229 2432 1614 2505 μηχανοράφος
1638 2430 1747 2485 τῶν
1776 2447 1876 2485 και

285 2517 421 2584 κῶν,
459 2521 553 2573 καὶ
581 2521 744 2591 σοφὸς
782 2523 842 2575 ὲν
867 2523 1124 2589 ἀπάταις,
1157 2524 1255 2577 καὶ
1288 2522 1531 2584 ποικίλος
1564 2522 1622 2574 ὲν
1649 2520 1874 2574 επιϐουο

284 2610 426 2678 λατς,
455 2612 551 2666 καὶ
578 2613 834 2678 πλούσιος
868 2616 926 2669 ὲν
952 2619 1065 2679 τοῖς
1085 2618 1280 2679 κακοῖς
1310 2618 1699 2687 μηχανήμασι;
1728 2614 1877 2684 Παρ-

284 2703 586 2758 εσκεύασέν
631 2706 745 2778 (45)
784 2724 941 2771 τινας
975 2711 1032 2762 ὲν
1061 2709 1412 2780 προσχήματι
1452 2708 1552 2778 τῆς
1593 2704 1874 2769 εὐσεϐείας

287 2799 704 2869 στρατεύεσθαι,
751 2804 845 2856 καὶ
891 2804 992 2874 τῆς
1043 2805 1277 2867 πίστεως
1318 2803 1418 2875 τὴν
1462 2802 1693 2874 ζήτησιν
1730 2799 1876 2854 κατὰ

282 2891 386 2961 τῆς
418 2891 657 2956 πίστεως
687 2892 925 2948 ὥπλισεν
959 2894 1093 2966 (44),
1136 2893 1229 2947 καὶ
1260 2895 1396 2947 πᾶσι
1430 2895 1543 2956 τοῖς
1591 2891 1875 2945 εύσεϐέσιν

282 2982 352 3036 δι’
380 2983 560 3039 αὐτῶν
586 2984 814 3057 ἄκαιρον
847 2985 1181 3055 φιλονεικίας
1203 2986 1297 3040 καὶ
1320 2983 1664 3054 ψυχοφθόρον
1694 2982 1877 3036 ἐνέϐα-

218 3104 235 3109 ν
282 3074 345 3129 λε
384 3076 642 3147 πόλεμον,
681 3079 779 3132 καὶ
808 3077 909 3147 τῆς
948 3077 1277 3149 Ἐκκλησίας
1298 3076 1367 3130 τὰ
1396 3076 1532 3147 μέλη
1556 3076 1676 3129 κατ’
1706 3074 1873 3145 ἀλλή-

1978 583 2268 639 homicidts
2293 601 2308 649 ;
2338 591 2398 639 ut
2424 581 2597 640 Judaei
2634 585 2850 641 videant
2878 586 3156 656 quodnam
3184 600 3348 659 caput
3382 592 3556 661 spinis

1974 677 2386 744 coronaverint;
2413 676 2666 747 denique,
2699 689 2759 733 ut
2775 693 2899 734 cum
2927 680 3185 736 videbunt
3214 683 3269 737 in
3299 684 3558 740 tribunali

1975 770 2285 831 sedentem,
2319 777 2374 823 et
2405 769 2752 825 Cherubinos
2780 786 2844 825 ac
2873 769 3208 842 Seraphinos
3254 788 3379 830 cum
3410 786 3557 832 metu

1976 872 2141 932 atque
2184 870 2391 917 terrore
2420 871 2682 929 astantes,
2747 863 3039 935 dicentque
3073 884 3087 920 :
3120 864 3230 922 Nos
3259 868 3405 924 hunc
3447 886 3555 925 non

1974 951 2373 1017 cruciﬁximus,
2427 952 2522 1008 sed
2570 951 2755 1009 Jcsum
2789 958 3079 1025 quemdam
3113 956 3453 1014 Nazarcnum
3490 961 3558 1015 de

1977 1041 2255 1098 Bethleem
2291 1043 2805 1098 condemnavimus:
2837 1048 2954 1113 ipse
2985 1046 3127 1099 latus
3161 1047 3242 1102 eis
3281 1050 3553 1113 ostendat,

1975 1136 2305 1205 videamque
2348 1134 2404 1190 in
2440 1150 2605 1206 quem
2641 1134 3051 1203 transﬁxerint,
3093 1148 3149 1194 et
3189 1139 3272 1195 vel
3307 1142 3555 1197 nolentes

1977 1227 2229 1284 adorent.

2049 1434 2140 1489 i0.
2187 1433 2299 1490 Cur
2328 1435 2509 1504 itaque
2544 1434 2867 1491 credulitate
2909 1435 3139 1505 abiecta,
3179 1437 3449 1507 quoddam
3491 1437 3558 1490 ll-

1976 1528 2062 1584 dei
2094 1526 2383 1582 artiﬁcium
2411 1525 2825 1595 excogitamus?
2850 1526 2962 1581 Cur
2999 1526 3205 1581 inimici
3246 1526 3556 1581 communis

1977 1627 2108 1673 voto
2135 1613 2425 1671 favemus?
2448 1614 2820 1670 Considerans
2866 1615 3014 1671 enim
3047 1615 3357 1670 communis
3381 1615 3559 1669 homi-

1977 1724 2109 1764 num
2145 1707 2319 1779 pestis
2364 1707 2641 1771 diabolus,
2678 1707 2836 1762 nobis
2879 1723 3003 1763 cum
3053 1723 3186 1779 pace
3219 1707 3555 1773 viventibus,

1980 1802 2098 1858 fore
2130 1809 2189 1855 ut
2222 1799 2410 1869 religio
2430 1797 2687 1866 lim-cret;
2718 1807 2779 1853 ut
2811 1797 3051 1869 fulgente
3090 1798 3214 1863 (ide,
3251 1805 3456 1851 rectum
3485 1796 3560 1847 vi-

1976 1904 2044 1950 tae
2072 1908 2247 1965 genus
2276 1891 2715 1956 convalesceret;
2748 1891 3028 1961 gratisque
3062 1890 3170 1944 Deo
3205 1887 3559 1943 moribusin-

1976 1987 2208 2050 stitutis,
2256 1985 2565 2040 beatitatem
2618 1983 2911 2053 quamdam
2953 1981 3154 2052 adepti,
3203 1989 3259 2035 et
3306 1977 3554 2034 Creatori

1972 2080 2084 2150 jam
2112 2077 2286 2142 chari,
2314 2076 2382 2131 ad
2403 2083 2648 2145 Optatum
2674 2075 2834 2129 ﬁnem
2862 2076 3316 2139 decurreremus;
3352 2085 3421 2126 ne
3449 2084 3555 2124 nos

1974 2173 2106 2228 illuc
2149 2168 2535 2236 ascendamus,
2585 2167 2730 2223 unde
2764 2166 2881 2237 ipse
2929 2166 3167 2232 excidit,
3202 2164 3381 2219 videte
3423 2163 3555 2232 quid

1975 2260 2168 2331 egerit,
2186 2267 2240 2313 et
2280 2271 2445 2328 quam
2499 2255 2770 2311 malitiose
2810 2254 3108 2323 doloseque
3148 2252 3411 2307 adversus
3456 2264 3558 2304 nos

1975 2356 2179 2412 bellum
2209 2352 2529 2409 conﬂaverit
2558 2350 2648 2406 hic
2675 2348 3006 2405 artiﬁciosus
3040 2346 3313 2402 malorum
3352 2341 3555 2412 opifex.

1976 2448 2045 2503 ad
2077 2445 2323 2501 fraudem
2362 2443 2613 2506 callidus,
2639 2443 2693 2496 in
2726 2440 2941 2516 insidiis
2971 2446 3239 2504 versatus,
3266 2434 3561 2505 improbis-

1976 2555 2085 2612 que
2132 2538 2510 2594 molitionibus
2543 2535 2717 2590 dives.
2755 2530 2988 2602 Operam
3021 2528 3189 2595 dedit,
3217 2535 3277 2581 ut
3308 2524 3554 2581 nonnulli

1976 2632 2081 2687 sub
2124 2630 2336 2700 pietatis
2367 2628 2591 2683 obtentu
2633 2624 2915 2705 militiam,
2938 2620 3299 2690 susciperent,
3332 2624 3386 2670 et
3434 2615 3560 2669 ﬁdei

1974 2724 2309 2795 quaestiones
2332 2719 2596 2775 adversus
2634 2716 2794 2771 tidem
2821 2713 3073 2778 armavit,
3115 2708 3440 2778 cunctisque
3464 2720 3560 2760 or-

1977 2812 2233 2870 tbodoxis
2267 2826 2362 2882 per
2399 2810 2500 2865 hos
2539 2808 2913 2877 importunum
2944 2802 3341 2870 animabusque
3374 2795 3575 2851 exitio-

1976 2923 2099 2965 sum
2140 2903 2425 2961 discordiae
2456 2901 2658 2956 bellum
2686 2898 2895 2969 injecit,
2929 2904 2986 2952 et
3026 2897 3082 2951 in
3101 2891 3355 2948 Ecclesia:
3391 2903 3564 2944 mem-

1974 3000 2091 3056 bris
2142 2995 2458 3052 intestinam
2493 3006 2727 3064 pugnam
2774 2988 3092 3045 commovit.
3129 2984 3249 3051 Quo
3280 2984 3444 3045 facto,
3484 2979 3564 3033 al-

1978 3100 2090 3146 tum
2113 3087 2310 3143 attollit
2329 3084 2686 3149 cachinnum,
2717 3083 2907 3137 videns
2928 3080 3022 3152 qui
3054 3078 3170 3134 suis
3190 3074 3433 3133 consiliis
3464 3087 3563 3142 pa-

284 3168 394 3222 λων
418 3170 798 3240 ἐστράτευσεν·
835 3166 953 3225 εἶτα
979 3170 1114 3242 γελᾷ
1140 3169 1346 3224 πλατὺν
1392 3168 1623 3237 γέλωτα,
1661 3166 1873 3237 βλέπων

1977 3185 2203 3233 ruerant
2240 3175 2556 3239 subversos,
2591 3178 2756 3243 atq'ue
2784 3186 2851 3225 ex
2882 3184 3073 3225 eorum
3117 3165 3326 3221 mutuis
3346 3161 3564 3216 damnis

283 3263 414 3325 τοὺς
461 3263 822 3335 πειθομένους
858 3262 1008 3334 αὐτῷ
1059 3266 1181 3327 ταῖς
1229 3262 1447 3334 βουλαῖς
1503 3260 1877 3333 τερπομένους

287 3356 419 3426 παρ’
462 3355 653 3424 αὑτοῦ,
687 3357 782 3411 καὶ
807 3356 1109 3428 τέρποντας
1146 3355 1310 3410 αὑτὸν
1344 3349 1429 3418 οἷς
1469 3353 1591 3406 κατ’
1629 3352 1877 3423 ἀλλήλων

286 3447 634 3520 ἐργάζονται,
673 3450 770 3504 καὶ
815 3449 938 3503 οὐδὲ
983 3448 1123 3518 μετὰ
1150 3449 1251 3519 τὴν
1288 3450 1487 3519 πεῖραν
1522 3445 1631 3499 τῶν
1664 3444 1876 3499 κακῶν.

285 3541 619 3614 Στρέφωμεν
663 3541 775 3613 (47)
802 3541 983 3596 τοίνυν
1015 3541 1158 3595 κατὰ
1198 3540 1299 3612 τῆς
1344 3536 1584 3610 πονηροῦ
1637 3536 1879 3608 κεφαλῆς

286 3628 447 3683 τοῦτο
477 3629 542 3701 δὴ
568 3630 631 3684 τὸ
662 3631 846 3700 σοφὸν,
881 3630 973 3684 καὶ
1000 3630 1100 3702 τὴν
1125 3627 1471 3702 εὐφροσύνην
1501 3626 1671 3682 αὐτοῦ
1708 3641 1879 3698 μετα-

291 3720 550 3791 ϐάλωμεν
583 3724 667 3784 είς
695 3722 893 3792 ὀδύνην
930 3722 1028 3775 καὶ
1053 3721 1248 3785 πένθος
1282 3719 1755 3791 ἀπαρηγόρευτοψ
1785 3718 1881 3773 καὶ

289 3811 619 3883 ποθήσωμεν
646 3813 756 3884 τὴν
781 3814 1038 3884 εἰρήνην,
1077 3813 1145 3883 ἣν
1174 3815 1383 3875 ἐκεῖνος
1430 3814 1598 3882 μισετο
1627 3810 1882 3864 καταλεί-

287 3920 482 3972 πωμεν
508 3903 571 3956 τὸ
593 3904 948 3972 ζυγοστατεῑν
979 3903 1090 3975 (48)
1115 3905 1207 3957 καὶ
1234 3902 1556 3972 σταθμίζειν
1575 3902 1675 3965 τάς
1701 3901 1880 3967 λέξεις

284 3994 382 4049 τοῦ
406 3995 695 4067 δόγματος·
724 3994 1063 4066 παυσώμεθα
1094 3993 1191 4048 τοῦ
1223 3994 1399 4047 θέλειν
1427 3989 1568 4047 εἶναι
1594 3993 1704 4049 τῶν
1733 3992 1880 4048 διδα-

290 4086 506 4140 σκάλων
537 4087 871 4142 διδάσκαλον
923 4088 1247 4157 μισήσωμεν
1295 4086 1356 4140 τὸ
1407 4085 1735 4157 λογομαχεῖν
1786 4085 1879 4139 ἐπὶ

288 4183 642 4253 καταστροφῇ
669 4180 779 4235 τῶν
803 4180 1131 4234 ἀκουόντωνο
1168 4179 1558 4250 πιστεύσωμεν
1586 4179 1662 4243 ὡς
1688 4180 1738 4232 oi
1765 4179 1879 4233 Πα-

286 4273 446 4343 τέρες
471 4274 630 4344 ἡμῶν
658 4275 1006 4346 παρέδωκαν·
1037 4273 1141 4326 οὐκ
1170 4272 1341 4342 ἐσμὲν
1368 4271 1478 4325 τῶν
1508 4270 1773 4343 Πατέρων
1798 4287 1882 4325 σο·

289 4367 549 4440 φὼτεροι·
582 4369 684 4422 ούκ
729 4367 895 4438 ἐσμὲν
923 4367 1034 4422 τῶν
1069 4366 1410 4420 διδασκάλων
1439 4365 1601 4436 ἡμῶν
1650 4363 1878 4436 ἀκριϐέ-

289 4477 493 4531 στεροι·
546 4460 647 4513 οὐκ
691 4459 858 4530 ἐσμὲν
901 4458 1013 4512 τῶν
1056 4458 1333 4530 ποιμένων
1395 4456 1681 4528 ποιμένες,
1746 4455 1881 4509 ἀλλὰ

1979 3268 2218 3325 fructum
2248 3266 2492 3336 capiens,
2527 3263 2623 3334 qui
2662 3279 2728 3318 ne
2756 3271 2883 3333 post
2913 3262 3088 3331 ipsam
3127 3257 3348 3327 quidem
3383 3253 3564 3308 malo-

1978 3377 2101 3417 rum
2139 3357 2531 3429 experientiam
2588 3363 2831 3410 cessant.
2884 3351 3265 3422 Torqueamus
3305 3346 3466 3417 igitur
3508 3343 3566 3398 in

1979 3459 2147 3522 caput
2178 3450 2300 3520 ejus
2330 3449 2475 3503 hanc
2505 3447 2680 3517 ipsius
2708 3445 2990 3509 aswtiam,
3027 3440 3398 3512 gaudiumque
3419 3435 3568 3505 ejus-

1980 3545 2105 3600 dem
2130 3545 2186 3599 in
2206 3542 2452 3599 dolorem
2482 3541 2801 3609 luctumque
2821 3546 3139 3608 perpetuum
3163 3538 3565 3605 converta_mus.

1979 3635 2203 3702 Pacem,
2233 3649 2397 3706 quam
2428 3631 2548 3704 ipse
2595 3631 2729 3695 odit,
2762 3638 3049 3699 optemus:
3087 3622 3403 3679 desinamus
3432 3631 3571 3706 pon-

1980 3731 2175 3785 derare
2196 3705 2351 3783 etiad
2368 3726 2578 3780 lancem
2603 3723 2822 3793 exigere
2847 3716 3120 3790 dogmatis
3143 3710 3428 3769 vocabula.
3458 3705 3567 3762 No-

1981 3821 2148 3876 limus
2170 3830 2293 3872 esse
2310 3816 2702 3886 magistrorum
2725 3809 2973 3881 magistri
3001 3825 3015 3861 :
3038 3819 3252 3876 pugnas
3273 3800 3566 3855 verborum

1978 3913 2251 3974 vitemus,
2304 3908 2507 3978 quibus
2557 3903 2837 3959 auditores
2870 3903 3261 3971 pervertuntur
3289 3892 3486 3948 :iidem
3533 3905 3566 3945 ι

1978 4001 2229 4075 patribus
2267 3999 2474 4054 nostris
2502 3994 2758 4050 traditam
2792 4002 3098 4046 teneamus.
3125 3985 3381 4075 Patribus
3405 3982 3568 4075 quip-

1979 4071 2049 4163 pe
2079 4088 2285 4144 nostris
2313 4084 2673 4154 sapientiores
2701 4095 2811 4135 non
2844 4091 3064 4141 sumus,
3104 4088 3207 4130 nec
3246 4071 3566 4127 doctoribus

1979 4181 2189 4239 nostris
2231 4176 2976 4248 ingeniosioreszpastorum
3012 4183 3120 4223 non
3160 4180 3352 4222 sumus
3383 4171 3566 4233 pasto-

1980 4288 2091 4338 res,
2123 4270 2223 4328 sed
2251 4282 2383 4325 oves
2420 4280 2631 4338 :porro
2671 4264 2739 4319 ab
2775 4263 2972 4319 ovibus
3023 4275 3131 4315 non
3178 4265 3443 4329 reguntur
3471 4270 3566 4326 pa-

1984 4374 2185 4428 stores,
2218 4361 2313 4419 sed
2345 4375 2378 4416 a
2398 4358 2711 4430 pastoribus
2748 4371 2898 4411 oves.
2923 4353 3004 4409 Ad
3037 4366 3224 4423 pacem
3254 4365 3358 4404 nos
3390 4348 3559 4411 Deus,

1982 4471 2093 4513 non
2116 4456 2185 4510 ad
2233 4467 2495 4525 pugnam,
2552 4447 2786 4504 vocavit.
2829 4445 3145 4501 Maneamus
3184 4442 3238 4496 in
3284 4439 3564 4495 vocatione

285 4552 557 4623 πρόϐατα
589 4553 651 4606 ού
712 4550 988 4623 ποιμαίνει
1026 4552 1095 4606 τὰ
1137 4551 1387 4621 πρόϐατα
1409 4550 1537 4613 τοὺς
1584 4548 1873 4620 ποιμένας,

1980 4557 2193 4605 nostra.
2233 4545 2515 4617 Mysticam
2563 4554 2808 4596 mensam
2847 4552 2973 4593 cum
3023 4545 3260 4591 tremore
3311 4544 3564 4586 reverea-

284 4641 404 4697 ἀλλ’
433 4645 482 4697 οἱ
518 4643 777 4714 ποιμένες
828 4641 899 4695 τὰ
945 4641 1216 4714 πρόϐατα.
1255 4643 1345 4695 Ἐν
1376 4642 1569 4713 εἰρήνῃ
1611 4640 1724 4721 (49)
1773 4639 1871 4693 xz!-

283 4733 489 4804 κληκεν
519 4734 628 4806 (50)
659 4734 808 4805 ἡμᾶς
845 4735 874 4787 6
901 4733 1056 4800 Θεὸς,
1078 4734 1180 4787 ούκ
1229 4734 1288 4787 ὲν
1318 4734 1486 4805 μάχῃο
1527 4732 1603 4796 ὡς
1638 4731 1877 4804 ἐκλήθη-

285 4846 411 4901 μεν,
447 4827 619 4891 οὕτως
646 4826 1019 4898 ἐμμείνωμεν.
1057 4826 1344 4901 Φρίξωμεν
1379 4828 1491 4899 (5i)
1534 4828 1636 4898 τὴν
1679 4843 1873 4899 μυστιο

359 4963 471 5037 (39)
497 4963 851 5037 Sequentem,
884 4979 1060 5037 usque
1078 4964 1151 5037 ad
1166 4966 1342 5037 yet-ba
1367 4962 1606 5037 _xa.i_€£iw
1629 4963 1867 5033 φιλόνει-

282 5033 397 5099 κοι,
432 5033 667 5089 tractum
693 5033 1089 5089 versiculorum
1127 5034 1220 5099 47,
1258 5035 1443 5089 laudat
1474 5033 1715 5089 Joannes
1750 5049 1869 5087 mo-

282 5107 498 5175 nachus
531 5104 646 5174 (qui
679 5104 908 5175 Heraclii
970 5106 1104 5175 imp.
1159 5120 1276 5160 aevo
1310 5106 1465 5175 vixit)
1498 5106 1553 5158 in
1583 5104 1867 5175 Parallelis

282 5174 718 5245 rupefucaldinis
747 5190 776 5228 a
812 5173 1080 5245 Lequinio
1104 5184 1227 5244 post
1263 5176 1353 5229 illa
1399 5174 1721 5245 Damasceni
1748 5174 1865 5245 edi-

284 5243 380 5305 tis.
416 5256 455 5300 t.
497 5243 559 5307 ll,
595 5260 648 5314 p.
716 5244 840 5305 775.
886 5243 996 5301 non
1068 5243 1186 5300 sine
1216 5254 1396 5299 tamen
1450 5244 1616 5300 variis
1653 5243 1867 5314 mendis

284 5325 454 5386 atque
482 5312 900 5369 ontissionibus.
925 5314 1062 5386 ASed
1116 5324 1322 5386 tamen,
1362 5314 1623 5369 notabilis
1648 5312 1750 5386 ibi
1781 5321 1865 5386 est

285 5383 542 5455 ι.ρίιυίῃῆ
575 5400 751 5455 error,
783 5387 876 5454 qui
908 5383 1174 5454 Gregorio
1200 5385 1544 5439 Antiocheno
1575 5383 1865 5439 substituit

284 5455 540 5538 Gregorii
550 5527 560 5538 .
586 5454 822 5538 yysseni
859 5471 1078 5538 "nouwn
1094 5473 1134 5538 ξ’
1173 5455 1333 5538 cujus
1367 5469 1612 5536 errorem
1639 5463 1864 5538 secutus

286 5534 376 5582 est
400 5523 453 5580 in
482 5523 821 5580 Bibliotheca
855 5525 1040 5581 Graeca
1094 5523 1401 5589 Fabricius,
1432 5524 1525 5594 qui
1593 5524 1737 5577 inter
1766 5523 1863 5578 de-

285 5596 500 5668 perdita
529 5594 761 5668 Nysseni
816 5595 1019 5668 scripta
1071 5603 1322 5668 Ignenset
1356 5596 1862 5668 hune__sermonem

286 5662 359 5720 de
398 5667 507 5721 illis
538 5662 718 5722 verbis
752 5682 766 5720 :
794 5667 897 5720 Hic
931 5662 1031 5720 ἐει
1075 5662 1255 5718 Filius
1294 5681 1439 5719 meus
1463 5663 1710 5726 dilectus,
1755 5672 1863 5719 etc.

288 5734 645 5806 Memnonem
663 5737 806 5792 hanc
823 5735 925 5793 etsi
951 5750 1052 5806 ego
1073 5734 1200 5793 alibi
1225 5734 1404 5791 oblata
1440 5734 1730 5806 occasione
1747 5733 1865 5806 jam

294 5805 556 5877 feceram,
591 5807 838 5865 eamdem
880 5804 1061 5871 tamen
1109 5806 1212 5862 hoc
1265 5806 1436 5877 magis
1483 5804 1708 5881 Pr0prio
1745 5805 1866 5860 loco

1980 4655 2125 4705 mur,
2167 4637 2310 4709 apud
2351 4649 2516 4707 quam
2562 4631 2807 4689 caelestia
2848 4628 3105 4702 mysteria
3138 4625 3563 4697 participamus.

1982 4731 2062 4787 Ne
2090 4728 2263 4785 simus
2290 4723 2484 4781 eodem
2521 4729 2766 4790 tempore
2789 4719 3053 4780 convivae,
3087 4725 3142 4771 et
3172 4713 3406 4769 invicem
3430 4710 3565 4791 insi-f

1990 4822 2231 4879 diatores
2260 4835 2275 4871 :
2303 4830 2372 4871 ne
2418 4814 2509 4870 hic
2539 4810 2946 4869 communionis
2986 4807 3145 4874 socii,
3190 4818 3346 4863 extra
3382 4812 3569 4859 autem

1980 4957 2234 5014 omittere
2261 4969 2370 5009 non
2410 4952 2599 5009 debui.

2047 5026 2160 5099 (40)
2199 5024 2296 5099 βό.
2332 5023 2583 5099 [18αυίπῆ
2614 5019 2948 5099 κρατούσης.

2045 5082 2161 5168 (ιι)
2195 5094 2402 5168 Desunt
2423 5082 2668 5168 quinque
2690 5082 3178 5168 Stiperiora_verba
3204 5085 3259 5140 in
3290 5082 3380 5139 ed.

2046 5157 2161 5233 (42)
2182 5166 2379 5219 Adhuc
2408 5157 2512 5218 tria
2561 5157 2724 5233 verba
2752 5157 2963 5233 desunt
2988 5160 3045 5215 in
3074 5157 3167 5213 ed.

2047 5231 2163 5307 (45)
2193 5235 2293 5307 Ed.
2328 5233 2570 5307 deterius
2603 5231 2946 5307 έπέλθέυμεν.

2048 5301 2160 5376 (lt)
2200 5303 2360 5360 Deest
2396 5305 2454 5359 in
2487 5304 2574 5358 ed.
2598 5301 2852 5376 δολερῶς.

2043 5374 2158 5449 (45)
2185 5376 2286 5449 Ιξιι.
2307 5374 2743 5449 παρασκευάζει.

2050 5442 2163 5518 (46)
2189 5442 2484 5518 _Desuntiu
2507 5444 2600 5518 ed.
2649 5442 2811 5518 verba
2839 5456 2954 5518 se}.

2045 5511 2156 5589 (47)
2188 5515 2397 5589 I_)esu_nt
2429 5515 2485 5569 in
2509 5512 2806 5589 ed._verba
2846 5511 2939 5573 22.

2043 5583 2157 5655 (48)
2191 5584 2291 5639 Ed.
2327 5583 2677 5655 ζυγομαχεῖν.

2043 5653 2157 5731 (49)
2184 5653 2485 5731 gemitum
2524 5653 2612 5709 ed.
2643 5653 2839 5712 verba.
2864 5654 2946 5710 l5.

2046 5724 2160 5798 (50)
2184 5726 2288 5798 Ed.
2313 5724 2573 5798 ἐκάλεσεν

2048 5794 2159 5870 (51)
2183 5797 2283 5853 Ed.
2318 5794 2758 5873 προσμείνωμεν.
