4058 6418
538 366 676 436 1883

1495 374 1558 434 S.
1584 372 1971 435 GREGORII
2006 375 2352 439 EPISCOPI
2376 381 2819 445 ANTIOCHEN
2826 381 2852 441 Ι

3674 380 3789 445 1884

538 487 819 546 discordia
850 487 1139 558 ﬂagrantes
1170 505 1185 542 :
1213 501 1279 543 ne
1313 486 1403 541 hic
1435 487 1492 541 in
1521 486 1629 542 fide
1657 487 1984 555 concordes,
2029 505 2127 546 ex-
2156 544 2159 553 λ

2234 493 2334 564 κὴν
2389 495 2672 567 τράπεζαν
2721 497 2782 548 ὲν
2831 488 3005 567 ᾖτῶν
3046 492 3315 565 οὐρανίων
3360 492 3672 565 μυστηρίων
3692 492 3788 565 (52)

538 594 627 637 tra
657 595 788 636 vero
809 580 1037 637 alterius
1064 578 1321 636 factionis
1352 578 1609 647 assecla;
1640 595 1709 635 ne
1752 579 1894 635 forte
1927 582 1994 637 de
2022 596 2123 637 no-

531 673 619 729 Lis
643 686 863 742 quoque
884 671 1028 727 dicat
1065 670 1331 726 Dominus
1357 689 1371 724 :
1396 667 1570 724 Filios
1600 671 1777 742 genui,
1806 681 1858 726 et
1884 674 2123 730 excitavi

537 781 758 835 meaque
795 780 955 818 carne
993 763 1211 828 nutriri,
1256 762 1362 832 ipsi
1406 779 1526 817 vero
1569 779 1650 818 me
1694 764 2016 837 abnegarunt
2052 767 2121 822 “.

532 854 660 925 Ipse
711 855 920 909 utinam
971 853 1217 907 omnium
1259 850 1539 917 Servator,
1580 852 1733 923 pacis
1767 863 1981 919 auctor,
2035 864 2123 909 tu-

533 946 808 1001 multuum
845 946 1222 1012 bellorumque
1265 943 1526 1013 cupidum
1573 944 1854 1000 diabolum
1895 960 1928 1000 a
1969 945 2125 1002 vobis

532 1042 791 1113 repellat:
816 1042 931 1111 ipse
950 1039 1212 1096 Ecclesiis
1233 1039 1351 1095 suis
1373 1040 1816 1111 tranquillitatem
1833 1041 2121 1100 conciliet:

530 1134 655 1204 ipse
699 1149 917 1189 sacrum
967 1133 1117 1188 hunc
1150 1148 1369 1204 gregem
1421 1142 1751 1189 conservet:
1790 1134 1907 1203 ipse
1944 1134 2125 1206 gregis

531 1236 808 1298 pastorem
842 1234 1132 1297 protegat:
1166 1226 1282 1295 ipse
1308 1226 1455 1295 pium
1492 1227 1806 1297 Christique
1849 1236 2123 1283 amantem

534 1320 917 1390 imperatorem
954 1328 1203 1374 nostrum
1231 1318 1503 1374 custodiat
1529 1339 1544 1375 :
1569 1321 1685 1390 ipse
1708 1321 1761 1374 in
1789 1322 1933 1377 ovile
1961 1336 2122 1376 suum

532 1421 784 1468 errantes
830 1426 963 1466 oves
996 1418 1311 1480 congreget,
1359 1420 1419 1465 ut
1451 1412 1542 1466 fiat
1583 1427 1728 1467 unus
1772 1427 1925 1483 grex,
1956 1427 2126 1467 unum

532 1502 697 1558 ovile.
731 1503 836 1573 lpsi
874 1501 1044 1573 gloria
1075 1509 1130 1556 et
1163 1511 1408 1572 potestas
1447 1503 1503 1557 in
1532 1503 1734 1559 saecula
1773 1503 2122 1559 saeculorum.

485 1632 489 1638 .
531 1593 731 1649 Amen.

2230 585 2745 657 μεταλαμϐάνομεψ
2777 586 2852 656 μὴ
2882 583 3163 656 γινώμεθα
3187 584 3327 637 κατὰ
3353 585 3549 638 ταυτὸν
3562 586 3667 657 (55)
3683 584 3793 658 ὁμου

2224 677 2512 748 τράπεζοι,
2535 680 2631 732 καὶ
2657 678 2903 746 ἀλλήλων
2929 675 3228 730 ἐπίϐουλοι·
3259 675 3337 749 μὴ
3370 676 3606 731 ἐνταῦθα
3629 695 3792 732 κοινω-

2227 771 2393 835 νικοὶ,
2438 769 2535 823 καὶ
2586 770 2692 836 ἔξω
2732 769 3028 838 φιλόνεικοι
3058 762 3327 840 (54)],μη
3355 767 3592 824 ἐνταῦθα
3624 770 3794 840 ὁμότιι-

2230 878 2368 923 στοι,
2399 862 2495 915 καὶ
2542 860 2650 925 ἔξω
2697 861 3021 932 ὲτερόφιλοι,
3074 860 3166 915 ἵνα
3219 860 3295 933 μὴ
3344 858 3477 933 εἴτι-ῃ
3534 860 3629 915 καὶ
3680 864 3794 932 περὶ

2227 955 2261 1025 ἡ
2271 953 2386 1024 μῶν
2413 955 2442 1007 ὁ
2471 952 2699 1025 Κύριος⁹
2746 952 2919 1019 Υἱοὺς
2958 940 3280 1023 ἐγέννησα,
3320 953 3420 1008 καὶ
3450 954 3681 1023 ﬁgit-ma,
3709 954 3795 1009 καὶ

2228 1044 2458 1114 ἔθρεψα
2501 1044 2570 1099 ἐκ
2593 1043 2704 1113 τῆς
2731 1043 2883 1115 ἐμῆς
2908 1043 3159 1113 σαρκὸς,
3187 1044 3363 1099 αὐτοὶ
3404 1044 3472 1098 δέ
3496 1062 3576 1115 με
3609 1046 3796 1115 ἠθέτη-

2226 1153 2371 1192 σαν.
2403 1137 2576 1200 Αὐτὸς
2602 1137 2660 1191 δὲ
2682 1140 2710 1191 ὁ
2742 1136 2851 1190 τῶν
2879 1136 3017 1190 ὅλων
3048 1136 3262 1207 Σωτὴρ,
3294 1134 3322 1186 ὁ
3351 1137 3451 1206 τῆς
3477 1126 3693 1209 εἰρήνης
3714 1139 3797 1210 δη-

2233 1227 2514 1298 μιουργὸς,
2546 1230 2638 1282 τὸν
2659 1228 3030 1300 φιλοτάραχον
3054 1228 3149 1282 καὶ
3180 1227 3546 1299 φιλοπόλεμον
3572 1228 3796 1285 διάϐολον

2229 1323 2289 1389 ἐξ
2318 1324 2475 1395 ὑμῶν
2504 1323 2855 1378 ἀπελάσειεψ
2884 1324 3048 1385 αὐτὸς
3094 1325 3215 1387 ταῖς
3248 1322 3607 1393 Ἐκκλησίαις
3624 1325 3797 1380 ἑαυτοῦ

2224 1415 2334 1485 τὴν
2366 1416 2612 1489 γαλήνην
2640 1416 3015 1488 βραϐεύσειενο
3050 1415 3213 1480 αὐτὸς
3256 1416 3358 1487 τὴν
3422 1417 3577 1488 ἱερὰν
3615 1418 3799 1490 ταύτην

2233 1506 2441 1580 ἀγέλην
2482 1510 2801 1580 τηρήσειεν·
2833 1509 2997 1573 αὐτὸς
3033 1507 3125 1561 τὸν
3154 1507 3472 1580 ἀγελάρχην
3514 1510 3801 1578 φυλάξειεν·

2232 1602 2400 1666 αὐτὸς
2433 1603 2527 1657 τὸν
2582 1603 2786 1672 εὐσεϐῆ
2836 1605 2938 1657 καὶ
2991 1601 3344 1672 φιλόχριστον
3394 1601 3555 1672 ἡμῶν
3606 1602 3807 1673 βασιλέα

536 1688 923 1759 φρουρὴσειενο
976 1690 1138 1754 αὐτὸς
1184 1688 1594 1760 συναθροίσειεν
1641 1690 1723 1753 εἰς
1776 1687 1877 1753 τὰς
1924 1689 2120 1743 ἑαυτοῦ
2165 1692 2410 1764 μάνδρας
2479 1693 2551 1747 τὰ
2590 1693 2919 1764 πλανώμενα
2964 1691 3237 1763 πρόϐατα,
3305 1690 3395 1745 ἵνα
3439 1691 3669 1764 γένηται
3722 1693 3813 1764 μία

536 1780 762 1851 ποίμνη,
802 1781 861 1834 ἓν
889 1782 1157 1853 ποιμνίον.
1191 1782 1352 1853 Αὐτῷ
1385 1782 1568 1854 ήδόξα
1599 1783 1694 1837 καὶ
1720 1783 1780 1835 τὸ
1809 1784 2011 1855 κράτος
2039 1786 2119 1848 εἰς
2158 1786 2285 1850 τοὺς
2345 1787 2550 1852 αἰῶνας
2582 1787 2693 1842 τῶν
2723 1788 2959 1842 αἰώνων.
2995 1787 3194 1858 ’Δμήν.

609 1964 653 1995 ⁴⁶
690 1962 795 2019 lsa.
821 1980 860 2029 ι,
894 1967 950 2020 ‘2.

2218 2102 2221 2105 ’
2309 2124 2425 2196 (54)
2468 2125 2784 2184 Ed.rursus
2815 2129 3118 2188 ἐπίϐουλοι.

605 2118 721 2243 ﬁ?)
759 2119 965 2175 Desunt
992 2120 1044 2211 in
1073 2120 1162 2174 ed.
1194 2120 1360 2204 verba
1383 2120 1507 2177 duo.

630 2191 719 2243 οὗ)
752 2190 887 2243 Cod.
910 2189 1013 2243 καθ
1080 2192 1310 2243 ὲαυτων.

630 2189 719 2259 53)
752 2190 887 2247 Cod.
910 2189 1032 2244 καθ’
1080 2192 1310 2246 ἑαυτῶν.

1318 2554 1951 2643 ΓΡΗΓΟΡῙΟΥ
2004 2552 2236 2643 ΤΟΥ
2281 2555 3056 2646 ΘΕΟΥΠΟΛΕΩΣ

1563 2740 1989 2796 ΔΗΜΗΓΟΡΙΑ
2019 2741 2220 2797 ΠΡΟΣ
2262 2740 2407 2794 ΤΟΝ
2449 2741 2497 2792 Σ
2504 2740 2637 2793 ΤΡΑ
2650 2741 2804 2794 ΤΟΝ.

2131 2922 2203 2937 μ

1373 3066 1953 3182 GREGOBII
2057 3066 2987 3162 THEOPOLI'I‘ANI

1725 3259 2010 3320 ORATIO
2049 3259 2147 3320 AD
2176 3259 2659 3324 EXERCITUM.

609 3415 723 3487 Ego
753 3418 968 3486 quidem
1014 3417 1417 3484 existimabam,
1451 3420 1554 3475 viri
1597 3431 1653 3476 et
1700 3424 1921 3476 nomine
1950 3431 2001 3477 et
2036 3439 2124 3478 re-

2327 3424 2470 3493 Ἐγὼ
2500 3428 2620 3495 μὲν,
2668 3419 2713 3480 ὦ
2750 3428 2943 3498 ἄνδρες
2987 3428 3250 3500 Ῥωμαῖοι
3306 3430 3409 3499 τὴν
3458 3430 3849 3501 προσηγορίαν

535 3511 643 3568 ltus
672 3511 806 3581 ipsis
837 3509 1093 3577 Romani,
1125 3527 1222 3567 vos
1242 3512 1357 3583 jam
1389 3513 1599 3582 pridem
1636 3513 1703 3568 ad
1753 3531 1839 3569 me
1872 3525 2134 3571 venturos

2234 3514 2333 3567 καὶ
2363 3515 2430 3567 τὰ
2478 3516 2806 3585 πράγματα,
2831 3516 2990 3587 ᾤμην
3019 3518 3085 3570 ἐκ
3114 3516 3348 3571 παλαιοῦ
3383 3516 3483 3586 τὴν
3516 3515 3676 3586 ὑμῶν
3709 3514 3847 3587 παρ’

535 3619 683 3667 esse,
717 3615 830 3659 tum
861 3605 928 3659 de
955 3606 1041 3659 his
1063 3620 1182 3675 quae
1212 3605 1548 3670 acciderant,
1577 3622 1792 3661 mecum
1819 3610 2132 3663 communi-

2234 3608 2385 3679 ἡμᾶς
2437 3607 2623 3677 ἄφιξιν
2678 3609 2921 3674 ἔσεσθαι,
2977 3611 3397 3680 κοινωσομένων
3445 3609 3517 3663 τὰ
3568 3609 3850 3680 παρόντα,

536 3702 782 3760 saturos,
805 3702 920 3749 tum
943 3695 1216 3765 ejusmodi
1245 3706 1500 3767 capturos
1525 3699 1818 3754 consilium
1842 3701 1988 3770 quod
2016 3718 2132 3757 mea

2237 3699 2435 3771 βουλήν
2463 3718 2524 3753 τε
2560 3700 2883 3772 ληψομένων
2911 3702 2980 3773 ἢν
3020 3704 3053 3772 ή
3103 3700 3240 3770 πρὸς
3284 3702 3433 3768 ὑμᾶς
3464 3698 3651 3754 εὔνοια
3706 3718 3850 3753 κατ-

533 3803 668 3858 erga
702 3802 797 3844 vos
837 3788 1212 3844 benevolentia
1250 3791 1556 3859 pollicetur.
1589 3790 2005 3868 Quanquidem
2039 3811 2135 3850 su-

2234 3792 2654 3860 επαγγέλλεται,
2694 3797 2808 3859 τοῖς
2842 3794 3214 3866 προλαϐοῦσιν
3249 3795 3350 3847 οὐκ
3381 3791 3715 3857 ἐνδοιαστῶς
3755 3792 3852 3863 βε-

534 3883 850 3953 perioribus
897 3882 1090 3938 olIiciis
1135 3883 1443 3939 certissime
1479 3885 1800 3942 conﬁrmata
1842 3897 1961 3952 est,
2002 3897 2134 3945 tunc

2236 3883 2553 3951 ϐαιωθείσα,
2585 3886 2674 3939 ὅτε
2706 3886 2797 3939 τὸν
2846 3886 3038 3958 νηῒτην
3084 3886 3241 3955 ὑμῶν
3286 3885 3478 3940 κλόνον
3507 3884 3603 3938 καὶ
3635 3884 3732 3936 τὸν
3763 3886 3858 3939 ὲν-

536 3989 664 4029 cum
714 3976 961 4030 navalem
1011 3986 1255 4032 vestrum
1303 3979 1597 4034 tumultum
1649 3987 1705 4033 et
1751 3989 2129 4052 tempestatem

537 4067 666 4123 inde
686 4069 1003 4137 excitatam,
1023 4070 1208 4127 missis
1227 4071 1502 4129 alimentis
1526 4073 1831 4129 sublevavi.
1863 4075 1967 4130 Sed
1994 4092 2136 4145 quo-

536 4162 686 4216 niam
732 4164 996 4219 hactenus
1038 4166 1089 4220 id
1138 4167 1444 4236 neglectum
1489 4176 1614 4234 est,
1657 4168 1844 4224 divina
1896 4170 2131 4228 fortasse

536 4256 879 4324 providentia
920 4257 1041 4326 ejus
1075 4258 1153 4313 rei
1180 4259 1394 4322 coniam
1433 4261 1659 4316 minime
1683 4262 1976 4327 tribuente,
2012 4272 2127 4319 tum

537 4355 599 4400 ut
623 4346 802 4403 Persae
833 4364 861 4402 a
898 4349 1032 4405 viris
1060 4350 1199 4407 duce
1239 4352 1518 4407 destitutis
1553 4355 1819 4424 superati,
1851 4355 2133 4412 Romano-

536 4453 663 4492 rum
698 4438 1076 4497 fortitudinem
1108 4444 1327 4513 penitus
1366 4446 1759 4515 perspicerent,
1791 4454 1907 4501 tum
1939 4457 1996 4503 ut
2039 4464 2137 4505 ve-

540 4540 652 4585 stra
705 4531 759 4585 in
802 4534 1197 4603 rempublicam
1252 4537 1470 4593 sincera
1519 4538 1899 4596 benevolentia
1940 4557 2141 4612 oppor-

539 4630 679 4676 tuno
715 4632 958 4695 tempore
993 4629 1274 4699 explorata
1321 4639 1375 4686 et
1405 4631 1571 4688 rebus
1610 4633 1744 4702 ipsis
1785 4636 2137 4705 comprobata

538 4716 798 4773 omnibus
837 4720 1016 4776 modis
1041 4722 1481 4779 conlirmaretur.
1517 4723 1817 4796 Perspieue
1856 4729 2002 4785 enim
2036 4730 2139 4799 vde-

2236 3977 2423 4032 τεῡθεν
2446 3977 2627 4043 σάλον,
2660 3981 2774 4042 τοῖς
2802 3978 3133 4046 ἐπιτηδείοις
3162 3975 3499 4047 ἐδεξιοῦμεν.
3543 3975 3690 4029 Ἀλλ’
3727 3976 3859 4028 ἐπεὶ

2216 4068 2401 4141 ,μέχρι
2435 4068 2589 4122 τοῦδε
2636 4068 2958 4139 παρῶπται,
3007 4069 3138 4132 ἴσως
3181 4067 3389 4123 ἄνωθεν
3417 4068 3520 4120 οὐκ
3549 4065 3857 4135 ὲνδοσίμου

2218 4162 2562 4232 γενομένου,
2601 4163 2689 4216 ἵνα
2753 4163 2962 4234 Πέρσαι
3015 4163 3113 4233 μὲν
3158 4163 3260 4233 τὴν
3319 4161 3613 4232 Ῥωμαίων
3666 4163 3863 4215 τέλεον

2237 4254 2489 4322 ἀνδρείαν
2518 4254 2830 4326 ἐκμάθοιεν,
2865 4254 3006 4326 πρὸς
3032 4254 3245 4326 ἀνδρῶν
3280 4254 3734 4325 ἀστρατηγήτων
3763 4255 3865 4307 ὲκ·-

2238 4345 2676 4417 πολεμηθέντες*
2712 4348 2746 4417 ἡ
2786 4345 2845 4400 δέ
2876 4362 2939 4415 γε
2980 4345 3137 4416 ὑμῶν
3177 4343 3494 4417 ἀκραιφνὴς
3530 4343 3726 4398 εὔνοια
3766 4345 3867 4398 διὰ

2239 4439 2456 4493 πάντων
2507 4439 2863 4511 βεϐαιωθείη,
2913 4439 2992 4510 τῷ
3044 4439 3223 4511 καιρῷ
3269 4439 3708 4511 βασανισθεῖσα,
3763 4441 3871 4494 καὶ

2241 4533 2355 4595 τοῖς
2384 4530 2569 4602 ἔργοις
2618 4531 3054 4604 μαριυρηθείσα.
3087 4531 3374 4603 Δεδείχατε
3400 4530 3512 4603 γὰρ
3545 4532 3625 4597 ὡς
3674 4534 3727 4586 εἰ
3766 4533 3876 4588 καὶ

2244 4625 2382 4696 πρὸς
2403 4625 2529 4689 τοὺς
2566 4618 3062 4696 στρατηγήσαντας
3088 4623 3244 4696 ὑμῶν
3266 4623 3365 4697 τὴν
3392 4623 3572 4696 λύπην
3605 4624 3879 4697 ὲκληρώο

2246 4718 2435 4789 σασθε,
2459 4718 2615 4772 οὐδὲν
2642 4719 2771 4790 ὑμῖν
2800 4717 2894 4772 τοῦ
2924 4717 3325 4787 πολιτεύματος
3354 4717 3877 4789 προύργιαίτερον.

541 4804 832 4871 clarastis,
865 4808 990 4863 licet
1032 4810 1297 4867 adversus
1338 4813 1510 4870 duces
1544 4825 1759 4872 vestros
1801 4832 1999 4874 causas
2036 4796 2139 4875 do-

2243 4811 2381 4880 Φέρε
2408 4811 2504 4865 νῦν
2531 4812 2659 4885 περὶ
2690 4812 2799 4865 τῶν
2831 4809 3125 4881 πρακτέων
3157 4810 3552 4880 σκοπήσωμεν.
3576 4809 3884 4874 Βασιλεὺς

540 4898 676 4954 loris
705 4915 769 4954 ac
796 4900 1094 4959 simultatis
1128 4905 1375 4961 habeatis
1397 4946 1411 4971 ,
1454 4906 1591 4961 nihil
1633 4917 1815 4964 tamen
1857 4912 2138 4980 republica

541 4995 826 5063 antiquius
848 4997 1005 5052 vobis
1035 5012 1176 5053 esse.
1205 4997 1364 5054 Nunc
1392 5000 1560 5070 igitur
1594 5003 1725 5073 quid
1756 5008 2030 5076 agendum
2067 5007 2141 5063 sit

540 5084 977 5140 consideremus.
1009 5084 1208 5142 Invitat
1241 5104 1339 5144 vos
1368 5089 1686 5160 imperator,
1709 5095 1960 5151 omnium
1993 5111 2134 5167 prae-

434 5180 439 5189 '
541 5177 827 5232 teritorum
858 5179 1186 5236 oblivionem
1218 5182 1588 5253 promittens:
1624 5196 1861 5242 vestram
1896 5190 1953 5244 in
1982 5206 2134 5246 rem-

541 5268 816 5338 publicam
858 5272 1291 5329 benevolentiam
1320 5284 1375 5330 et
1404 5274 1460 5329 in
1507 5279 1698 5346 praelia
1729 5278 2130 5349 fortitudinem,

542 5372 800 5431 tanquam
841 5381 1026 5422 ramos
1058 5376 1115 5423 et
1140 5369 1404 5426 verbenas
1433 5372 1744 5441 supplicum
1779 5376 2131 5446 suscipiens;

540 5460 599 5506 et
638 5453 991 5526 indulgentia:
1022 5474 1137 5516 sua:
1166 5462 1390 5534 pignora
1423 5464 1671 5519 omnium
1702 5468 2009 5523 certissima
2042 5484 2136 5523 vo-

542 5543 632 5603 bis
658 5548 892 5615 donans,
927 5568 1050 5608 cum
1102 5554 1177 5609 ita
1207 5555 1375 5611 dicit:
1418 5556 1473 5611 Si
1500 5544 1650 5613 Deus
1678 5567 1873 5615 vestrae
1901 5560 1953 5614 iu
1988 5576 2135 5616 rem-

542 5637 820 5707 publicam
861 5643 1253 5703 benevolentiae
1285 5649 1573 5707 vietOriam
1603 5650 1882 5708 concessit
1907 5693 1921 5714 ,
1952 5663 2007 5707 et
2038 5652 2132 5708 de-

2244 4905 2391 4972 ὐμᾶς
2423 4903 2834 4974 προσκαλεῖται,
2872 4902 3092 4956 πάντων
3120 4901 3231 4956 τῶν
3261 4902 3639 4972 ἡγησαμένων
3673 4903 3887 4973 ἀμνη-

2246 4995 2401 5050 στίαν
2463 4994 3080 5065 κατεπαγγελλόμενος,
3135 4994 3233 5064 τὴν
3295 4995 3355 5057 ἐς
3406 4992 3506 5065 τὴν
3565 4995 3890 5047 πολιτείαν

2243 5088 2399 5159 ὑμῶν
2430 5087 2677 5150 εὔνοιαν,
2708 5088 2803 5142 καὶ
2845 5087 2946 5160 τὴν
2989 5086 3142 5159 παρὰ
3174 5084 3268 5139 τὸν
3315 5084 3558 5156 πόλεμον
3589 5084 3892 5157 ἀνδρείαν

2242 5186 2302 5246 ὲς
2355 5184 2636 5255 ἱκετηρίαν
2688 5183 2783 5238 καὶ⁹
2827 5182 3057 5247 θαλλοὺς
3105 5183 3439 5254 δεξάμενος·
3492 5182 3685 5237 ταῦτα
3742 5183 3896 5246 δοὺς

2245 5276 2374 5348 ὑμῖν
2419 5277 2518 5347 τῆς
2565 5275 2814 5345 ἀφέσεως
2868 5275 3103 5347 ἐνέχυρα
3152 5277 3372 5331 πάντων
3416 5275 3894 5347 ἀσφαλέστατα*

2241 5370 2337 5426 καί
2367 5388 2567 5441 φησιν,
2598 5371 2675 5435 ὡς
2706 5372 2772 5426 Ei
2801 5373 2829 5424 ὁ
2855 5371 2990 5436 Θεὸς
3018 5375 3085 5444 τῇ
3113 5372 3300 5445 εὐνοίᾳ
3324 5372 3386 5426 τὸ
3417 5371 3581 5427 πλέον
3612 5372 3893 5436 δέδωκε,

2241 5464 2338 5519 καὶ
2381 5463 2491 5517 τῶν
2518 5463 2848 5535 ἁμαρτάδων
2878 5463 3221 5528 ὲξωσθεισῶν
3252 5467 3287 5536 ή
3325 5464 3548 5537 ἀνδρεία
3585 5464 3895 5534 διεφάνη,

2244 5556 2421 5629 σαφὴς
2472 5556 2696 5628 ἔλεγχος
2752 5559 2855 5630 τῆς
2911 5559 3317 5629 συγχωρήσεως
3364 5558 3683 5630 γενομένη·
3744 5556 3895 5619 πῶς

2243 5652 2341 5724 οὐχ
2387 5652 2591 5724 ἕψομαι
2631 5654 2695 5724 τῇ
2733 5651 2856 5723 θεία
2901 5652 3123 5725 κρίσει;
3174 5653 3400 5724 Καρδία
3430 5652 3776 5719 ,βασιλέως
3810 5650 3899 5704 ἐν

622 5794 736 5889 (34)
770 5816 962 5877 Exstat
988 5824 1131 5894 apud
1167 5824 1458 5897 Evagrium
1496 5826 1639 5909 Hist.
1705 5826 1852 5888 Eccl.
1903 5830 1996 5886 lib.
2056 5845 2127 5896 γι,
2165 5845 2284 5900 cap.
2310 5832 2361 5901 5,
2389 5847 2451 5888 ex
2479 5833 2707 5905 interpr.
2743 5831 2916 5890 Henr.
2964 5832 3189 5890 Valcsii.
