4058 6508
337 445 458 509 385
1512 461 1787 522 CONCIO
1815 465 1915 523 AD
1942 444 2414 527 EXERCITUM.
3476 464 3611 528 1886

297 559 470 627 χειρὶ
530 561 708 628 Θεοῦ,
742 564 840 619 καὶ
875 560 948 621 οὗ
984 566 1060 620 ἂν
1098 567 1245 635 θέλῃ
1281 569 1475 623 κλίνει
1525 573 1739 637 αὑτήν.
1788 574 1915 626 ’Υπ-

2022 577 2194 647 pulsis
2224 578 2461 647 peccatis
2508 576 2771 633 fortitudo
2801 586 2983 633 vestra
3010 576 3203 641 eluxit,
3237 576 3385 647 quod
3423 580 3616 634 certis-

295 649 502 716 είξατέ
537 671 633 723 μοι
661 652 775 722 οὗν,
806 650 850 709 ὧ
889 658 1171 729 Ῥωμαῖοι,
1204 661 1435 731 τάχιστα
1461 678 1475 692 °
1510 664 1605 717 καὶ
1633 664 1708 735 μὴ
1745 681 1915 719 κατα-

2021 667 2219 720 simum
2255 679 2339 721 est
2384 676 2766 734 argumentum
2809 666 3033 721 indulta
3075 666 3283 720 venite:
3335 665 3614 735 quomodo

298 743 623 816 προδιῖιμεν
653 747 746 801 τὸν
796 751 1041 819 παρόντα
1089 752 1302 823 καιρὸν,
1353 754 1488 825 μηδὲ
1539 756 1915 825 παρολισθίσοι

2021 758 2137 827 ipse
2159 759 2253 814 Dei
2283 759 2660 830 praeiudicium
2691 774 2797 813 non
2822 759 3057 829 sequar?
3083 758 3189 813 Cor
3211 759 3347 828 regis
3367 759 3421 811 in
3453 773 3614 810 manu

295 834 669 924 διαμαρτών.
717 842 885 894 Μισεῖ
929 842 1038 913 γὰρ
1088 844 1411 913 κρατεῖσθαι
1453 845 1788 920 διαδραμών,
1821 848 1915 901 καὶ

2021 849 2120 904 Dei
2145 859 2243 919 est,
2268 862 2316 906 et
2341 869 2645 924 quocunque
2677 854 2901 906 voluerit
2934 852 3095 916 Deus,
3133 851 3269 905 illud
3294 850 3519 904 inclinat
3543 849 3609 906 ".

297 923 512 1013 ᾧσπερ
548 930 876 998 ἀγανακτῶν
906 934 987 986 ὅτι
1016 950 1081 1002 γε
1129 934 1422 1007 παρώφθη,
1470 936 1773 1009 δύσληπτος
1805 938 1915 1011 (55)

2021 940 2405 1013 Obtemperate
2444 923 2629 1013 itaque
2655 944 2786 999 mihi
2820 960 2981 1013 quam
3018 943 3303 1002 citissime.
3333 942 3564 997 Romani
3594 960 3609 996 :
3674 923 3685 929 ﬁ

298 1012 460 1071 εἶναι
502 1023 765 1090 καθάπαξ
799 1026 899 1079 οὐκ
929 1026 1204 1096 ἀνέχεται.

2024 1048 2121 1087 nec
2144 1036 2486 1088 occasionem
2513 1035 2671 1090 nobis
2695 1035 2929 1089 oblatam
2956 1034 3323 1099 dimittamus,
3349 1051 3449 1089 nec
3471 1034 3611 1088 elabi

298 1112 626 1205 patiamur.
657 1115 790 1172 Nam
822 1130 1108 1189 postquam
1135 1122 1403 1192 ell'ugerit,
1437 1126 1823 1196 comprehendi
1854 1141 1913 1181 se
1953 1143 2062 1181 non
2094 1130 2297 1196 patitur
2327 1148 2341 1184 :
2369 1139 2423 1185 et
2490 1131 2646 1200 quasi
2690 1131 2907 1205 indigne
2942 1128 3122 1184 ferens
3153 1129 3297 1200 quod
3367 1130 3611 1198 neglecta

299 1201 510 1267 fuerit,
551 1224 829 1277 nunquam
862 1225 921 1265 se
948 1212 1032 1266 bis
1062 1215 1180 1283 capi
1215 1215 1367 1270 sinit.

377 1297 869 1370 κληρονομήσατε
914 1299 1007 1356 οὖν
1037 1306 1166 1368 τοὺς
1197 1307 1443 1376 πατέρας
1480 1306 1581 1375 τῆς
1630 1307 1914 1377 εὐηκοῖας,

299 1383 512 1454 ὥσπερ
562 1389 660 1459 τῆς
702 1390 957 1461 ἀνδρείας
996 1393 1495 1467 ἐκληρονόμησατε,
1526 1398 1612 1450 ἵνα
1653 1397 1738 1450 διά
1781 1398 1918 1450 πάν-

2100 1305 2166 1362 ]1.
2225 1306 2480 1360 Iiaarcdes
2511 1314 2683 1360 estote
2719 1306 3041 1360 obedienlize
3084 1307 3354 1376 majorum
3400 1318 3610 1360 vestro-

2026 1413 2169 1463 rum,
2202 1399 2345 1453 sicut
2393 1396 2736 1452 fortitudinis
2784 1411 2975 1451 eorum
3013 1398 3255 1453 hazredes
3301 1396 3521 1464 fuistis;
3553 1407 3611 1452 ut

300 1492 423 1527 των
476 1478 750 1548 Ῥωμαῖοι
796 1482 1068 1551 δειχθῆτε,
1119 1484 1213 1537 καὶ¹
1270 1486 1458 1554 μηδεὶς
1507 1486 1659 1557 ὑμῶν
1711 1485 1915 1556 ἅψηται

307 1565 548 1636 μῶμος,
592 1570 624 1639 ἢ
681 1571 1096 1642 νενοθευμένους
1146 1573 1343 1639 παῖδας
1394 1575 1563 1647 δείξῃ.
1625 1574 1761 1629 Ὑπὸ
1805 1578 1915 1639 τοῖς

305 1657 558 1723 ὑπάτοις
582 1661 676 1714 κα)⁸
698 1661 982 1732 βασιλεῦσι
1006 1666 1345 1735 ταττόμενοι,
1368 1668 1414 1719 οἱ
1450 1669 1592 1737 ὑμᾶς
1620 1667 1912 1737 φύσαντες,

2024 1506 2119 1545 vos
2155 1489 2434 1544 Romanos
2468 1488 2830 1559 undecunque
2864 1489 3186 1549 ostendatis.
3221 1506 3321 1545 nec
3367 1492 3472 1543 ulla
3520 1504 3610 1543 re-

2024 1582 2401 1651 prehensionis
2436 1589 2562 1634 nota
2607 1582 2813 1635 nomini
2849 1588 3033 1634 vestro
3080 1581 3354 1645 inuratur,
3404 1598 3610 1651 vosque

2022 1673 2317 1743 degeneres
2340 1688 2460 1727 esse
2482 1672 2624 1725 filios
2655 1681 2869 1740 arguat.
2899 1671 3133 1742 Majores
3162 1672 3326 1725 vestri
3356 1673 3457 1725 sub
3478 1687 3612 1726 eon-

302 1749 505 1803 πειθοῖ
556 1754 653 1806 κα)⁸
686 1755 909 1826 ἀνδρεία
952 1757 1013 1809 τὸ
1059 1757 1378 1828 οἰκούμενον
1415 1759 1560 1813 ἅπαν
1605 1759 1915 1831 προσεκτή-

2022 1764 2201 1819 sutum
2235 1772 2401 1833 atquc
2436 1763 2822 1832 imperatorum
2856 1763 3120 1833 regimine
3146 1763 3450 1826 constituti,
3482 1763 3614 1816 obe-
3652 1836 3655 1839 γ

305 1859 509 1897 σαντο.
547 1845 787 1909 Μάλλιος
835 1847 1211 1918 Τουρκουᾶτος
1245 1850 1337 1903 τὸν
1367 1851 1532 1905 παῖδα
1561 1852 1917 1920 στεφανώσας

306 1934 566 2000 ἀνεῖλεν,
607 1938 1003 2010 ἀνδρισάμενον
1062 1940 1182 2011 μὲν,
1238 1943 1617 2013 ἀπειθήσαντα
1664 1944 1740 1998 δέ.
1795 1944 1916 1997 Τῶν

305 2026 427 2096 γὰρ
480 2028 807 2096 ἀγαγόντων
832 2032 1090 2104 εὐϐουλία
1135 2035 1229 2088 καὶ
1260 2035 1368 2087 τῶν
1406 2035 1690 2105 ἀγομένων
1732 2036 1916 2087 εὐπει-

306 2119 439 2191 θείᾳ
472 2121 594 2193 (56)
632 2123 844 2193 μεγάλα
885 2124 1195 2195 πεφύκασιν
1223 2114 1402 2196 ἀγαθά
1447 2127 1912 2199 κατεργάζεσθαι·

305 2211 562 2283 θάτερον
589 2214 648 2267 δὲ
674 2215 984 2286 τοῦ-ἐτέρου
1019 2218 1270 2290 χηρεῦον,
1299 2218 1525 2290 χωλεύει
1552 2213 1612 2272 τε
1640 2222 1733 2273 καὶ
1761 2236 1917 2291 περι-

306 2305 616 2378 τρέπεται,
647 2310 742 2362 καὶ
764 2308 1060 2379 σφάλλεται
1091 2312 1328 2376 πάντως,
1358 2312 1457 2382 τῆς
1504 2312 1735 2383 ἀρίστης
1790 2313 1915 2380 ξυν-

306 2398 524 2466 ωρίδος
572 2398 953 2471 διαλυομένης.
979 2401 1073 2472 Μὴ
1099 2397 1192 2455 οὖν
1244 2402 1498 2472 μέλλετε·
1547 2402 1808 2472 πείσθητε
1854 2402 1929 2456 δέ’

313 2505 438 2556 μοι,
471 2490 781 2562 ἱερωσύνης
821 2491 1071 2563 βασιλείᾳ
1098 2493 1192 2546 καὶ
1229 2492 1444 2564 στρατῷ
1485 2493 1912 2564 μεσιτευούσης’

309 2577 414 2630 καὶ
441 2577 660 2644 δείξατε
689 2580 766 2644 ὡς
793 2581 854 2634 οὐ
881 2583 1138 2651 τυραννὶς
1169 2582 1237 2637 τὰ
1263 2582 1523 2654 ὑμέτερα,
1553 2584 1691 2636 ἀλλὰ
1728 2583 1916 2638 δικαία

298 2666 460 2741 ’πρὸς
518 2671 717 2742 μικρὸν
764 2673 1141 2744 ἀγανάκτησις
1201 2674 1341 2728 κατά
1384 2674 1492 2728 τῶν
1540 2675 1916 2746 ἀδικησάντων

308 2762 470 2832 ὑμᾶς
504 2763 847 2835 στρατηγῶν.
904 2765 969 2818 Εἰ
1018 2764 1126 2836 γάρ
1171 2765 1244 2838 μὴ
1288 2766 1387 2838 τὴν
1434 2766 1698 2839 ταχίστην
1747 2785 1916 2838 προσ-

306 2852 609 2923 δράμοιτε,
644 2854 756 2925 ἐγὼ
790 2856 888 2926 μὲν
920 2854 1280 2926 ὲξοσιώσομαι
1308 2859 1401 2912 καὶ
1430 2858 1528 2929 τὴν
1549 2860 1606 2920 ἐς
1640 2858 1738 2932 τὴν
1762 2861 1916 2914 πολι-

306 2946 474 2998 τείαν
514 2945 752 3013 εὔνοιαν,
794 2948 890 3000 καὶ
931 2950 1032 3019 τὴν
1075 2951 1133 3013 ἐς
1188 2951 1333 3020 ὑμᾶς
1382 2949 1599 3019 φιλίαν·
1652 2952 1814 3022 ὑμεῖς
1857 2952 1916 3005 δὲ

309 3038 579 3089 σκοπεῖτε
613 3040 744 3091 ποῖα
770 3037 878 3091 τῶν
926 3039 1207 3111 τυράννων
1234 3041 1305 3094 τὰ
1330 3042 1483 3111 τέλη.
1525 3043 1627 3096 Ποῖ
1669 3042 1777 3113 γὰρ
1811 3045 1906 3097 καὶ

2024 1855 2225 1909 dientia
2252 1870 2316 1909 ac
2355 1853 2680 1909 fortitudine
2724 1855 2910 1908 orbem
2959 1863 3225 1909 terrarum
3261 1854 3611 1923 subegerunt.

2024 1946 2258 2001 Manlius
2280 1946 2589 2015 Torquatus
2617 1945 2786 1999 lilium
2817 1960 2998 2006 suum,
3024 1945 3117 2013 qui
3156 1944 3368 1999 fortiter
3392 1945 3613 2012 quidem

2024 2057 2084 2098 se
2114 2050 2375 2111 gesserat,
2410 2038 2640 2106 imperio
2676 2048 2854 2092 tamen
2901 2037 3124 2091 minime
3154 2046 3429 2106 paruerat,
3461 2051 3617 2091 coro-

2022 2138 2212 2185 natum
2245 2128 2423 2183 securi
2460 2128 2753 2197 percussit.
2802 2126 3012 2181 Ducum
3054 2128 3201 2180 enim
3244 2127 3529 2196 prudentia
3558 2135 3614 2180 et

2023 2222 2257 2275 militum
2283 2220 2592 2274 obedientia
2617 2234 2706 2274 res
2738 2219 2989 2271 maximae
3013 2219 3198 2287 perlici
3229 2218 3432 2272 solent.
3455 2217 3610 2283 Quod

2023 2314 2068 2367 si
2102 2312 2331 2366 alterum
2363 2309 2589 2364 alterius
2615 2323 2718 2378 ope
2747 2307 3100 2376 destituatur,
3122 2307 3395 2361 claudicat
3426 2307 3613 2361 statim

2022 2410 2186 2470 atque
2234 2413 2481 2454 eversum
2530 2398 2767 2463 labitur,
2804 2397 3075 2467 disjuncto
3122 2396 3357 2450 duarum
3395 2396 3611 2451 illarum

2021 2495 2284 2547 virtutum
2318 2491 2769 2562 praestantissimo
2796 2490 2947 2560 jugo.
2980 2489 3158 2543 Nolite
3191 2488 3355 2558 igitur
3381 2487 3613 2556 amplius

2023 2585 2266 2640 cunctari
2300 2600 2314 2636 :
2361 2585 2453 2639 sed
2492 2584 2623 2638 mihi
2667 2584 3063 2652 obtemperate,
3088 2579 3181 2650 qui
3228 2589 3485 2650 tanquam
3522 2593 3614 2634 sa-

2023 2678 2234 2739 cerdos,
2280 2677 2422 2730 inter
2455 2676 2838 2744 imperatorem
2865 2683 2921 2728 et
2959 2673 3261 2727 exercitum
3293 2669 3613 2741 reparanda:

2023 2765 2332 2819 concordia:
2358 2766 2627 2834 interpres
2654 2779 2797 2819 sum.
2824 2763 3106 2818 Ostendite
3126 2763 3327 2816 nullam
3351 2775 3470 2816 esse
3489 2776 3614 2831 per-

2022 2856 2350 2911 duellionem
2381 2856 2434 2909 in
2475 2871 2541 2910 eo
2566 2854 2713 2925 quod
2758 2855 2965 2925 egistis,
3004 2854 3097 2908 sed
3128 2854 3332 2922 justam
3365 2851 3614 2919 indigna-

2025 2947 2224 3002 tionem
2254 2946 2322 3001 ad
2360 2948 2519 3001 breve
2553 2956 2771 3017 tempus
2803 2955 3113 3016 susceptam
3147 2945 3410 2999 adversus
3441 2943 3615 2997 duces

2024 3031 2278 3105 vestros,
2330 3055 2357 3094 a
2405 3039 2607 3108 quibus
2658 3038 2856 3107 injuria
2886 3038 3063 3093 allecti
3103 3037 3256 3091 estis.
3300 3035 3418 3089 Nisi
3465 3034 3611 3087 enim

310 3131 613 3198 περανεῖτε
653 3130 724 3182 τὰ
752 3132 1025 3201 παρόντα;
1070 3130 1326 3202 Ἀθρόους
1358 3129 1519 3201 εἶναι,
1568 3133 1679 3189 τῶν
1708 3136 1906 3190 ἀδυνά-

2021 3146 2185 3201 quam
2220 3131 2503 3186 celerrime
2543 3131 2611 3184 ad
2663 3131 3050 3199 imperatorem
3091 3125 3467 3202 accurreritis,
3512 3138 3615 3194 ego

310 3233 452 3272 των.
500 3218 671 3273 Πόθεν
700 3220 808 3291 γὰρ
837 3223 869 3291 ἡ
901 3220 1012 3277 τῶν
1044 3222 1262 3293 ὡραίων
1314 3227 1637 3298 συγκομιδὴ,
1688 3228 1720 3299 ἢ
1755 3222 1830 3282 ὧν
1856 3230 1915 3293 ὲς

313 3309 613 3380 ἀντίληψιν
654 3313 687 3382 ἡ
731 3311 976 3367 θάλασσα
1012 3316 1078 3386 τῇ
1113 3316 1327 3387 ἠπείρῳ
1351 3317 1587 3385 δίδωσιν,
1625 3320 1671 3372 εἰ
1718 3322 1792 3393 μή
1849 3337 1913 3389 γε

315 3401 692 3471 πολεμοῦντες
745 3405 1138 3476 Χριστιανοὺς,
1193 3409 1289 3461 καὶ
1354 3410 1790 3481 πολεμούμενοι,
1841 3411 1914 3466 τά

316 3491 547 3545 πάντων
591 3494 844 3564 αἴσχιστα
890 3495 1143 3566 δράσοιτε
1182 3499 1275 3550 καὶ
1310 3499 1621 3566 micantis;
1679 3502 1787 3553 Καὶ
1816 3502 1913 3553 ποῖ

313 3583 379 3634 τὸ
406 3582 598 3650 τέλος;
648 3586 921 3658 Σποράδες
955 3588 1232 3660 γενόμενοι
1255 3588 1612 3660 βιοτεύσοιτε.
1660 3592 1900 3645 Λύτόθεν

318 3677 480 3745 παρά
522 3680 754 3757 πόδαςῄ
792 3682 938 3753 δίκη,
991 3684 1323 3755 συγγνώμην
1353 3684 1447 3739 τοῦ
1492 3684 1679 3739 λοιποῦ
1727 3685 1915 3756 νέμειν

313 3766 424 3818 οὐκ
474 3770 804 3841 ἀνεχομένη.
853 3774 1047 3836 Δόντες
1072 3771 1165 3827 οὖν
1196 3775 1395 3841 δεξιὰς,
1428 3779 1520 3829 καὶ
1565 3780 1780 3840 ἑαυτοῖς
1824 3780 1917 3831 καὶ

312 3854 396 3924 τῷ
427 3858 793 3930 πολιτεύματι
828 3863 889 3915 τὸ
930 3868 1171 3919 συνοῖσον
1202 3870 1586 3938 σκοπήσωμεν,
1622 3869 1700 3921 ὅτ’
1724 3868 1790 3923 ἂν
1821 3870 1917 3923 καὶ

313 3947 417 4010 τὰς
453 3950 669 4021 ἡμέρας
696 3954 788 4007 τοῦ
817 3957 1085 4025 σωτηρίου
1115 3957 1341 4022 πάθους,
1371 3960 1463 4012 καὶ
1494 3961 1593 4028 τῆς
1640 3960 1917 4030 παναγίας

313 4040 684 4110 ἀναστάσεως
735 4048 970 4117 Χριστοῦ
998 4048 1094 4102 τοῦ
1136 4048 1273 4102 Θεοῦ
1301 4049 1914 4122 συνεπιλαμὸανομένας

314 4130 434 4202 ἔχω
442 4151 564 4204 μεν.

2022 3224 2241 3295 quidem
2273 3233 2387 3278 tum
2419 3222 2809 3277 benevolentia:
2833 3235 2997 3290 quam
3029 3218 3201 3274 debeo
3228 3216 3280 3270 in
3314 3213 3614 3284 rempubli.

2018 3331 2161 3379 cam,
2197 3323 2312 3368 tum
2348 3327 2483 3367 mea:
2511 3326 2639 3383 erga
2670 3325 2770 3364 vos
2816 3308 3073 3363 amicitia:
3116 3302 3457 3360 satisfecero.
3505 3297 3614 3354 Vos

2017 3420 2148 3460 vero
2172 3402 2536 3466 considerate,
2567 3414 2776 3468 quaeso,
2817 3399 3041 3468 quinam
3083 3395 3196 3451 sint
3223 3393 3401 3447 exitus
3432 3400 3616 3460 tyran-

2017 3510 2237 3551 norum.
2262 3493 2380 3560 Qua
2401 3492 2546 3546 enim
2576 3491 2793 3546 ratione
2818 3488 3169 3559 praesentium
3202 3499 3383 3538 rerum
3412 3491 3616 3537 statum

2013 3584 2420 3643 terminabitis?
2444 3582 2515 3637 Ut
2549 3585 2601 3637 in
2627 3596 2796 3635 unum
2830 3580 3047 3636 collecti
3081 3573 3470 3647 permaneatis,
3498 3564 3616 3627 ﬁeri

2014 3680 2163 3734 nullo
2197 3678 2360 3733 modo
2403 3683 2602 3746 potest.
2651 3672 2807 3729 Unde
2837 3672 2985 3727 enim
3027 3669 3214 3740 fruges
3248 3668 3316 3728 ad
3347 3681 3446 3721 vos
3476 3679 3616 3719 cono

2014 3773 2325 3836 vehentur,
2373 3780 2470 3824 aut
2505 3782 2569 3822 ea
2613 3764 2904 3822 commoda
2951 3778 3075 3832 qua:
3118 3775 3267 3815 mare
3312 3753 3616 3813 continenti

2014 3861 2437 3918 subministrare
2485 3858 2664 3923 solet;
2707 3854 2813 3909 nisi
2860 3851 3189 3908 Christianis
3233 3848 3434 3903 bellum
3480 3842 3617 3898 infe-

2019 3961 2224 4017 rentes,
2250 3959 2305 4004 et
2327 3950 2397 4003 ab
2426 3948 2619 4003 iisdem
2653 3944 2902 4000 vicissim
2941 3942 3085 3997 bello
3116 3939 3363 4010 appetiti.
3397 3950 3482 3989 res
3503 3948 3616 3988 om-

2021 4044 2175 4098 nium
2209 4042 2517 4097 teterrimas
2544 4038 2762 4093 faciatis
2792 4051 2858 4092 ac
2881 4034 3245 4091 sustineatis?
3268 4032 3403 4098 Quis
3428 4036 3613 4083 autem

2023 4139 2220 4193 borum
2253 4136 2375 4190 linis
2422 4133 2642 4189 futurus
2685 4132 2814 4187 est?
2858 4130 2971 4185 llac
3003 4129 3128 4183 illac
3165 4125 3417 4196 dispersi,
3443 4123 3609 4176 vitam

318 4231 662 4301 transigctis.
702 4233 895 4289 Aderit
934 4249 967 4289 e
1009 4234 1235 4304 vestigio
1282 4233 1475 4289 vindex
1522 4234 1754 4305 iustitia,
1792 4251 1902 4289 non
1941 4236 2131 4291 sineus
2166 4243 2226 4287 ut
2292 4230 2508 4285 veniam
2577 4229 2814 4299 amplius
2848 4223 3293 4294 eonsequamini.
3329 4220 3479 4274 Datis
3508 4216 3616 4287 igi-

322 4330 415 4376 tur
452 4325 680 4389 dextris,
708 4342 771 4380 ea
803 4342 924 4396 quae
950 4336 1004 4380 et
1026 4327 1183 4381 nobis
1208 4335 1263 4381 et
1288 4327 1601 4396 reipublica:
1623 4326 1908 4397 profutura
1946 4334 2078 4382 sunt
2106 4324 2509 4395 perpendamus
2535 4341 2550 4376 :
2580 4323 2803 4392 quando
2865 4328 2920 4373 ct
2978 4318 3235 4373 salutaris
3259 4313 3534 4385 passionis
3558 4319 3618 4367 et

325 4418 695 4473 sanctissimae
723 4420 1144 4476 resurrectionis
1184 4418 1281 4476 Dei
1326 4419 1501 4476 nostri
1543 4417 1675 4476 Jesu
1708 4419 1917 4477 Christi
1955 4418 2129 4475 festos
2159 4417 2296 4484 dies,
2335 4414 2496 4471 nobis
2524 4414 2592 4469 ad
2624 4414 2674 4469 id
2701 4411 3085 4483 sullragantes,
3113 4410 3400 4465 habemus.

403 4599 449 4632 ⁸⁷
477 4600 639 4654 Prov.
674 4616 789 4667 χχι,
829 4601 885 4657 1.

407 4756 521 4823 (55)
564 4758 844 4829 Παρώφθη
873 4758 1196 4829 δύσληπτος.
1226 4758 1285 4814 In
1318 4762 1529 4829 optimo
1565 4760 1757 4816 codiCe
1789 4759 1884 4814 Flo

334 4830 552 4882 rentino
584 4837 733 4883 totus
763 4829 849 4882 hic
877 4830 1027 4886 locus
1067 4831 1138 4883 ita
1170 4831 1412 4899 legitur:
1443 4831 1751 4899 Κᾳὶῶσπερ
1778 4832 1921 4898 ἀγα-

335 4899 556 4970 νᾳκτῶνκ
584 4900 666 4952 ὅτι
695 4916 758 4966 γε
784 4899 1087 4970 παρώφθη,
1119 4896 1427 4970 δύσληπτος
1463 4896 1604 4954 εἶναι
1664 4896 1921 4966 καθάτταξ

335 4968 437 5040 οὐκ
467 4969 739 5040 ἀνέχεται.
765 4966 1009 5040 Optime,
1050 4966 1348 5025 dummodo
1381 4968 1669 5036 disjunctis
1693 4972 1921 5026 vocibus

339 5037 716 5112 legamusriia;
764 5038 991 5112 ληπτός,
1037 5040 1499 5112 quemadmodum
1554 5041 1753 5112 legitur
1778 5041 1923 5111 apud

348 5103 740 5179 Nicephorum,
801 5103 897 5169 lib.
949 5103 1103 5176 avni,
1140 5125 1260 5182 cap.
1309 5111 1397 5167 15.
1444 5103 1704 5169 Facessat
1756 5103 1922 5183 igitur

2052 4648 2077 4663 Χ

2023 4757 2509 4827 Christophorsoni
2531 4768 2585 4814 et
2619 4757 2807 4828 Savilii
2838 4757 3179 4828 conjectura,
3221 4753 3314 4824 qui
3345 4750 3615 4823 εὐληπτος

2029 4831 2132 4885 hoc
2175 4831 2295 4883 loco
2319 4830 2701 4884 restitnebant.
2727 4827 2930 4884 VALES.

2094 4901 2207 4970 (56)
2233 4898 2508 4970 Εὐϐουλίᾳ
2534 4929 2606 4940 -
2628 4898 2931 4970 εὐπειθείᾳ.
2962 4896 3329 4970 Scribendum
3352 4899 3450 4970 est
3475 4905 3611 4970 pro-

2024 4954 2112 5039 cul
2130 4954 2314 5024 dubio
2343 4955 2598 5023 εὐϐουλία
2626 4998 2698 5009 —-
2718 4954 3032 5028 εὐπείθεια.
3056 4969 3266 5039 absque
3281 4954 3610 5039 subscripta.

2026 5038 2080 5094 ld
2109 5041 2257 5094 enim
2302 5041 2580 5109 postulant
2626 5039 2786 5110 leges
2840 5038 3213 5110 grammatica:
3262 5054 3275 5090 ε
3322 5043 3486 5101 atque
3532 5038 3610 5082 ita

2022 5111 2185 5167 etiam
2220 5106 2418 5182 legitur
2442 5111 2586 5183 apud
2625 5106 3016 5182 Nicephorum.
3052 5106 3127 5161 In.
