4058 6416
267 313 410 382 1889

1602 307 2208 370 PCENITENTIALE-

3399 305 3537 375 189'}

1059 524 1458 579 ΔΚΟΛΟΥΘΙΑ
1489 523 1611 576 ΚΑΙ
1651 518 1855 575 ΤΑΞΙΣ
1879 519 1996 574 ΕΠΙ
2028 518 2740 574 ΕΞΟΜΟΛΟΓΟΥΜΕΝΩΝ

1721 637 2058 704 Συνταγείσα

949 756 1094 810 Ἀπὸ
1125 757 1234 810 τοῦ
1282 754 1458 809 ὁσίου
1485 751 1722 821 Πατρός
1754 749 1924 821 ἡμῶν
1955 753 2292 806 ΙΩΑΝΝΟΥ
2310 749 2421 804 τοῦ
2457 750 2830 819 Νηστευτοῦ.

725 933 1262 1002 CONSEQUENTIA
1308 933 1398 989 ET
1446 933 1639 991 ORDO
1680 933 1868 990 ERGA
1908 932 2042 989 EOS
2072 929 2192 998 QUI
2230 929 2551 986 PECCATA
2577 929 3074 987 CONFITENTUR

1508 1061 1842 1102 COHPOSITUS
1869 1062 1938 1100 ΕΤ
1971 1059 2296 1098 ιδετιτυτυε

1214 1161 1260 1215 Α
1295 1175 1479 1218 sancto
1509 1160 1675 1218 Patre
1695 1172 1876 1218 nostra
1913 1161 1949 1215 J
1957 1160 2108 1216 ΟΑΝ
2116 1159 2221 1214 ΝΕ
2243 1158 2578 1230 Jejunatore.

327 1267 608 1340 Λαμσάνει
631 1273 659 1324 6
688 1271 867 1342 ἱερεὺς
897 1273 990 1327 τὸν
1021 1273 1283 1345 μέλλοντα
1317 1277 1842 1348 ἐξομολογήσασθαι,

2024 1272 2272 1328 Assumit
2306 1274 2568 1328 sacerdos
2609 1280 2833 1342 peccata
2860 1271 3259 1341 confessurum,
3303 1282 3355 1330 et
3391 1275 3536 1332 sistit

255 1362 353 1415 καὶ
384 1364 506 1434 ἱστᾷ
551 1363 714 1418 αὐτὸν
760 1364 1070 1436 ἔμπροσθεν
1115 1368 1210 1422 τοῦ
1258 1368 1687 1441 Θυσιαστηρίου,
1753 1370 1848 1422 καὶ

252 1451 447 1519 ψάλλει
476 1453 593 1524 μετ’
627 1455 792 1508 αὐτοῦ
829 1455 890 1509 τὸ
917 1457 1200 1528 τρισάγιον
1219 1499 1233 1524 ,
1269 1462 1362 1514 καὶ
1391 1461 1607 1532 ψαλμὸν
1643 1461 1804 1515 ἕκτον
1826 1478 1842 1493 ·

250 1547 454 1613 Κύριε,
496 1546 583 1616 μὴ
622 1547 702 1613 τῷ
747 1549 914 1619 θυμῷ
964 1568 1081 1608 σου
1123 1555 1381 1627 ἐλέγξῃς
1414 1574 1513 1626 με,
1566 1559 1661 1611 καὶ
1702 1558 1842 1629 ψαλ-

254 1637 357 1704 μὸν
398 1638 475 1690 κδ’
506 1654 520 1668 ο
567 1639 725 1708 Πρὸς
764 1641 859 1705 σὲ,
895 1641 1099 1711 Κύριε,
1129 1641 1246 1717 ἦρα
1285 1647 1400 1717 τὴν
1444 1648 1659 1718 ψυχήν
1699 1667 1840 1720 μου·

250 1726 349 1780 καὶ
385 1727 600 1798 ψαλμὸν
625 1728 688 1795 ν’,
723 1731 1021 1802 Ἐλέησόν
1031 1754 1129 1804 με,
1164 1741 1198 1792 ὁ
1221 1741 1387 1806 Θεὸς,
1413 1742 1564 1795 κατὰ
1593 1743 1661 1794 τὸ
1691 1741 1846 1810 μέγα

245 1816 443 1882 ἔλεος.
481 1821 592 1872 Καὶ
627 1821 861 1889 δοξάζει.
897 1821 1033 1880 Εἶτα
1067 1826 1216 1895 λέγει
1241 1829 1454 1901 ψαλμὸν
1487 1830 1568 1885 λα’
1594 1848 1610 1866 ο
1641 1833 1845 1886 Μακά-

244 1928 364 1977 ριοι
412 1907 500 1968 ὧν
546 1916 867 1985 ἀφέθησαν
911 1921 972 1972 al
1018 1920 1260 1990 ἀνομίαι
1293 1939 1309 1954 ο
1356 1926 1450 1977 καὶ
1485 1923 1700 1996 ψαλμὸν
1740 1923 1841 1992 ξθ’,

257 2003 324 2058 '0
361 2007 506 2073 Θεὸς
547 2010 635 2074 εις
663 2009 780 2076 τὴν
799 2010 1093 2079 ,ϐοήθειάν
1106 2031 1227 2081 μου
1262 2017 1550 2086 πρόσχεςο
1579 2017 1673 2071 καὶ
1701 2018 1842 2086 ψαλ-

246 2097 352 2168 μὸν
381 2106 486 2170 ραθ,
541 2103 741 2172 Κύριε,
769 2103 1142 2161 εἰσάκουσον
1168 2108 1281 2178 τῆς
1301 2109 1654 2180 προσευχῆς
1677 2129 1798 2181 μου
1824 2151 1840 2175 ,

241 2191 348 2246 καὶ
385 2193 426 2259 ἡ
481 2195 711 2262 κραυγή
761 2213 903 2264 μου.
937 2199 1116 2263 Δόξα.
1181 2201 1289 2253 Καὶ
1346 2200 1495 2270 λέγει
1526 2203 1840 2274 Τροπάριον

240 2283 384 2355 ήχου
417 2284 464 2337 δ’
500 2301 513 2317 ·
554 2287 673 2354 Τὴν
711 2289 1008 2358 ταπεινήν
1033 2309 1153 2360 μου
1194 2292 1410 2361 ψυχὴν
1442 2295 1836 2350 ἐπισκέπτουο

244 2376 415 2430 ’Δλλο
446 2392 460 2406 ·
515 2379 826 2434 Διαπλέων
851 2381 917 2435 τὸ
945 2382 1230 2453 πέλαγος.
1275 2384 1354 2453 Τῇ
1389 2387 1653 2452 Θεοτόκφ
1680 2389 1840 2441 ἐκτε-

237 2466 368 2536 νῶς
421 2472 913 2543 προσδράμωμεν.
961 2477 1118 2530 Μετὰ
1166 2478 1225 2530 δὲ
1261 2478 1436 2534 ταῦτα
1476 2481 1719 2550 ἐπιλέγει
1745 2481 1837 2534 καὶ

236 2561 348 2633 τὴν
385 2564 657 2634 ὑποτεταγ
664 2567 832 2638 μένην
865 2567 1053 2639 εὐχήν.

1951 1378 2074 1418 eum
2113 1380 2297 1418 curam
2324 1364 2504 1427 altari,
2534 1372 2826 1434 cantatque
2871 1380 2995 1419 cum
3035 1380 3102 1420 eo
3143 1367 3405 1436 trisagion
3430 1406 3448 1433 ,
3479 1375 3536 1423 et

1950 1456 2217 1525 psalmum
2251 1466 2467 1511 sextum
2493 1474 2507 1510 :
2539 1456 2779 1521 Domine,
2810 1472 2872 1510 ne
2903 1457 2960 1509 in
3005 1458 3183 1526 furore
3215 1469 3307 1512 tuo
3337 1477 3534 1529 arguas

1949 1563 2052 1610 me,
2077 1557 2132 1601 et
2151 1546 2425 1616 psalmum
2446 1544 2613 1599 XXIV
2637 1564 2649 1600 :
2669 1546 2749 1599 Ad
2765 1555 2832 1612 te,
2861 1546 3101 1610 Domine,
3119 1547 3287 1602 levavi
3302 1550 3535 1603 animam

1949 1653 2150 1702 meam;
2170 1647 2220 1694 et
2251 1638 2524 1708 psalmum
2548 1639 2586 1692 L
2606 1655 2620 1690 :
2642 1637 2893 1692 Miserere
2921 1643 3041 1704 mei,
3061 1640 3224 1703 Deus,
3247 1644 3536 1695 secundum

1947 1747 2198 1800 magnam
2233 1731 2673 1785 misericordiam.
2717 1730 2905 1802 Kyrie,
2936 1732 3150 1786 eleison.
3183 1732 3388 1788 Deinde
3419 1734 3537 1804 gloo

1948 1822 2146 1876 rilicat.
2176 1820 2371 1877 Postea
2397 1824 2590 1877 recitat
2609 1823 2876 1893 psalmum
2902 1821 3072 1876 XXXI
3105 1823 3296 1879 :Beati
3311 1841 3537 1895 quorum

1947 1915 2181 1968 remissae
2208 1923 2333 1966 sunt
2366 1915 2705 1984 iniquitates;
2737 1924 2793 1970 et
2826 1917 3094 1986 psalmum
3127 1917 3294 1972 LXIX
3324 1937 3338 1973 :
3365 1919 3532 1984 Deus,

1943 2004 1998 2058 in
2028 2004 2360 2074 adjutorium
2391 2022 2564 2060 meum
2603 2008 2855 2073 intende;
2886 2016 2940 2062 et
2978 2010 3249 2079 psalmum
3278 2010 3343 2065 Cl
3370 2029 3382 2064 :
3417 2011 3532 2065 Do-

1944 2097 2104 2162 mine,
2122 2098 2318 2151 exaudi
2345 2099 2642 2152 orationem
2670 2115 2859 2164 meam,
2895 2110 2948 2155 et
2985 2101 3188 2154 clamor
3212 2119 3379 2156 meus.
3412 2101 3537 2157 Glo-

1944 2189 2047 2244 ria.
2077 2188 2145 2244 Et
2162 2190 2362 2244 dicitur
2385 2189 2716 2260 Troparium
2746 2192 2858 2246 toni
2887 2193 3091 2261 quarti,
3116 2192 3388 2249 Humilem
3412 2195 3534 2248 ani-

1943 2299 2084 2336 mam
2117 2299 2286 2336 meam
2314 2283 2491 2338 visita.
2528 2284 2709 2349 Aliud,
2743 2282 3021 2355 Navigans
3047 2287 3286 2358 pelagus.
3321 2287 3404 2342 Ad
3439 2286 3536 2341 Dei

1942 2372 2261 2429 Genitricem
2285 2375 2468 2428 sedulo
2491 2391 2628 2429 nunc
2661 2377 3052 2448 confugiamus.
3079 2378 3271 2435 Postea
3301 2393 3535 2449 sequen-

1943 2475 2050 2521 tem
2076 2468 2267 2523 recitat
2293 2467 2630 2524 orationem:

313 2655 493 2727 Κύριε
527 2658 555 2709 6
583 2630 715 2721 Θεὸς
745 2630 998 2730 ήμῶνίὸ.
1011 2662 1233 2715 πάντων
1263 2662 1454 2734 Πατὴρ
1507 2665 1602 2718 καὶ
1629 2666 1838 2720 Δεσπό-

2017 2646 2245 2702 Domine
2269 2648 2413 2704 Deus
2441 2657 2656 2716 noster,
2684 2651 2778 2721 qui
2807 2651 3055 2706 omnium
3089 2650 3250 2706 Pater
3271 2667 3331 2707 es
3351 2660 3402 2707 et
3425 2651 3534 2706 Do-

233 2765 367 2819 της,
417 2749 514 2803 καὶ
572 2751 749 2805 πάντα
789 2753 1121 2819 ἐπιϐλέπων,
1171 2755 1268 2808 καὶ
1329 2759 1442 2819 τοῖς
1487 2757 1622 2828 πρὸς
1657 2758 1714 2811 σέ
1752 2759 1840 2812 διὰ

239 2843 539 2908 μετανοίας
569 2846 632 2896 ἐκ
657 2843 767 2898 τῶν
801 2845 947 2900 ίδίων
972 2847 1260 2916 ἁμαρτιῶν
1290 2849 1708 2919 ἐπιστρέφουσι,
1739 2853 1839 2922 τὴν

233 2934 452 2990 τούτων
483 2936 678 3005 ἄφεσιν
709 2937 1103 3009 φιλανθρώπως
1131 2940 1492 3012 δωρούμενος,
1521 2945 1550 2996 6
1571 2943 1663 2997 τὸν
1677 2945 1840 2998 Δαυῒδ

234 3027 718 3099 πλημμελήσαντα
777 3029 846 3082 δι’
890 3031 1330 3102 ἐξομολογήσεως
1387 3034 1634 3104 ἐλεήσας,
1686 3038 1714 3090 6
1761 3036 1840 3108 τῷ

248 3118 477 3189 Ἐζεκίᾳ
533 3120 886 3191 δακρύσαντι,
958 3123 1052 3175 καὶ
1108 3124 1210 3193 τὴν
1268 3125 1366 3194 σὴν
1433 3126 1839 3199 εὐσπλαγχνίαν

234 3207 694 3277 ἐκδυσωπήσαντι
722 3209 868 3282 ζωὴν
920 3212 1298 3283 ἐπιμετρήσας
1325 3232 1340 3247 ο
1366 3214 1395 3267 6
1421 3214 1516 3268 τοῦ
1567 3218 1838 3290 Μανασσῆ

231 3295 344 3366 τὴν
411 3298 702 3366 μετάνοιαν
750 3299 1208 3371 προσδεξάμενος,
1255 3305 1350 3356 καὶ
1401 3304 1512 3357 τῶν
1560 3308 1838 3362 τοσούτων

237 3389 428 3444 κακῶν
473 3391 787 3457 ἀπαλλάξας
842 3408 856 3422 ·
905 3394 934 3446 6
985 3393 1064 3465 τῷ
1114 3395 1341 3468 Πέτρῳ,
1388 3397 1485 3451 καὶ
1527 3400 1702 3474 πόρνῃ
1749 3401 1839 3456 διὰ

234 3485 494 3558 δακρύων
523 3488 620 3558 τὴν
670 3487 1020 3562 συγχώρησιν
1049 3493 1471 3564 παρασχόμενος
1498 3511 1513 3526 ο
1543 3497 1572 3549 6
1597 3497 1837 3569 τελώνην

238 3585 577 3652 στενάξαντα
624 3585 925 3652 δικαιώσας
961 3606 975 3619 ·
1003 3590 1031 3642 6
1059 3588 1138 3661 τῷ
1185 3591 1382 3662 ἀσώτῳ
1418 3590 1518 3655 τὰς
1563 3594 1840 3664 πατρικὰς

1943 2742 2148 2805 minus,
2176 2743 2270 2812 qui
2305 2744 2490 2798 omnia
2521 2744 2772 2814 inspicis,
2802 2752 2856 2799 et
2885 2744 2954 2800 iis
2987 2744 3080 2812 qui
3114 2745 3180 2798 ad
3207 2754 3259 2799 te
3293 2759 3390 2814 per
3420 2759 3534 2814 pa:-

1944 2833 2232 2888 nitentiam
2273 2848 2301 2886 a
2334 2834 2574 2904 peccatis
2613 2834 2848 2904 pr0priis
2883 2843 3303 2901 convertuntur,
3337 2849 3402 2889 ea
3439 2836 3535 2889 be-

1943 2925 2108 2994 nigne
2137 2933 2192 2979 et
2218 2935 2467 2980 amanter
2497 2927 2754 2991 remittis,
2786 2926 2882 2996 qui
2919 2925 3140 2981 Davidis
3171 2928 3535 2996 praevarican-

1941 3017 2013 3072 tis
2045 3017 2309 3073 misertus
2339 3033 2398 3073 es
2433 3033 2530 3088 per
2559 3019 2987 3082 confessionem,
3025 3019 3117 3090 qui
3161 3018 3410 3074 Ezechiae
3447 3019 3532 3072 la-

1941 3112 2232 3180 crymanti,
2253 3120 2307 3165 et
2324 3109 2644 3167 facilitatem
2669 3121 2819 3167 tuam
2847 3113 2901 3166 in
2925 3113 3272 3168 clementiam
3294 3112 3533 3168 ﬂectenti

1940 3211 1994 3257 et
2020 3203 2270 3258 exoranti
2300 3205 2466 3258 vitam
2492 3205 2938 3275 superaddidisti.
2970 3205 3062 3276 qui
3093 3204 3380 3261 Manassen
3414 3219 3534 3275 pte-

1941 3295 2226 3351 nitentiam
2279 3297 2594 3366 amplexum
2645 3299 2814 3354 tantis
2867 3299 3027 3353 malis
3077 3298 3380 3363 liberasti;
3435 3297 3532 3368 qui

1940 3387 2102 3443 Petro
2131 3399 2190 3444 et
2214 3389 2488 3445 meretrici
2523 3406 2620 3461 per
2660 3391 2935 3464 Iacrymas
2963 3391 3180 3445 veniam
3211 3390 3532 3461 praebuisti:

1939 3480 2034 3550 qui
2063 3481 2418 3550 publicanum
2455 3491 2759 3553 gementem
2788 3483 3144 3551 justilicasti:
3179 3484 3274 3553 qui
3301 3483 3536 3554 prodigo

1941 3573 2102 3630 ulnas
2132 3584 2386 3644 paternas
2422 3577 2685 3646 aperuisti
2713 3594 2727 3630 :
2759 3575 2854 3647 qui
2886 3583 3082 3631 Omnes
3109 3575 3194 3632 vis
3225 3576 3450 3642 salvari,
3479 3584 3536 3632 et

1942 3664 2010 3718 ad
2043 3666 2295 3721 veritatis
2325 3667 2701 3738 cognitionem
2735 3667 2964 3723 venire:
3005 3667 3100 3737 qui
3137 3667 3341 3722 lmtaris
3369 3682 3535 3737 super

236 3677 538 3744 ὕπανοίξας
573 3679 819 3748 ἀγκάλας
853 3698 868 3713 ·
899 3683 929 3734 6
975 3683 1184 3747 πάντας
1218 3686 1390 3739 θέλων
1441 3686 1703 3758 σωθῆναι,
1741 3689 1840 3742 καὶ

233 3771 320 3832 εἰς
353 3770 649 3838 ἐπίγνωσιν
673 3772 932 3841 ἀληθείας
957 3774 1152 3841 ἐλθεῖν,
1181 3779 1278 3830 καὶ
1302 3779 1510 3848 χαίρων
1534 3780 1628 3832 ἐπὶ¹
1652 3781 1837 3851 ἁμαρ-

1941 3767 2230 3828 peccatore
2255 3762 2577 3828 pmnitente,
2608 3769 2663 3814 et
2685 3774 2795 3814 non
2830 3761 2913 3816 vis
2942 3768 3178 3814 mortem
3205 3761 3531 3829 peccatoris,

227 3861 393 3932 τωλῷ
433 3863 806 3932 μετανοοῦντι,
863 3865 959 3916 καὶ
993 3866 1067 3936 μὴ
1103 3866 1428 3936 βουλόμενος
1470 3871 1562 3923 τὸν
1605 3870 1837 3924 θάνατον

1941 3861 2002 3908 ιιι
2054 3862 2413 3908 convertatur
2463 3863 2519 3909 et
2571 3855 2720 3908 vivat
2757 3873 2773 3910 :
2806 3855 2944 3924 ipse.
2977 3854 3184 3924 optime
3231 3855 3530 3921 Servator,

224 3952 330 4006 τοῦ
350 3953 698 4023 άμαρτωλοῦ,
713 3953 788 4018 ὡς
806 3953 866 4007 τὸ
878 3955 1203 4028 ἐπιπρέψαι
1221 3959 1430 4030 καὶζῆν
1445 3962 1626 4026 αὐτὸν,
1650 3962 1834 4029 αὐτὸς,

1941 3946 2137 4000 exaudi
2171 3946 2611 4015 deprecationem
2655 3961 2859 4008 meam,
2895 3947 3334 4015 deprecationem
3383 3947 3531 4001 indi-

226 4045 556 4113 ύπεράγαθε
586 4046 788 4116 Σῶτερ,
817 4049 913 4102 καὶ
946 4049 1047 4118 τῆς
1084 4050 1223 4121 ἐμῆς
1255 4051 1567 4115 ἐπακούσας
1595 4053 1834 4124 δεήσεως

225 4136 332 4192 τοῦ
398 4138 617 4205 ἀναξίου
669 4141 763 4194 καὶ
818 4141 1040 4212 ἀχρείου
1101 4142 1286 4196 δούλου
1325 4161 1437 4208 σου,
1488 4145 1548 4208 ὃς
1589 4147 1690 4199 οὐκ
1715 4147 1832 4216 εἰμὶ

226 4227 390 4293 ἄξιος
431 4229 494 4283 τὸ
543 4230 635 4283 σὸν
680 4232 1058 4286 ἐπικαλεῖσθαι
1110 4233 1374 4302 πανάγιον
1416 4235 1586 4305 ὄνομα
1634 4235 1724 4288 διὰ
1769 4234 1831 4288 τὸ

229 4321 444 4391 πλῆθος
480 4322 589 4376 τῶν
634 4323 783 4393 ἐμῶν
812 4325 1072 4395 ἀνομιῶν,
1115 4325 1251 4380 ἀλλά
1288 4326 1351 4380 τὸ
1389 4327 1489 4398 τῆς
1533 4328 1832 4400 ἱερωσύνης

232 4415 622 4486 περικείμενος
647 4414 882 4487 ἀξίωμα,
907 4419 1000 4470 καὶ
1023 4418 1164 4472 κατᾶ
1187 4418 1288 4492 τὴν
1318 4419 1418 4490 σὴν
1449 4419 1832 4493 φιλάνθρωπον

230 4503 458 4575 ἐντολὴν
479 4506 605 4568 τοὺς
627 4505 1156 4578 ἐξομολογουμένους
1178 4527 1261 4562 σοι
1285 4511 1354 4564 τὰ
1381 4512 1558 4565 οἰκεῖα
1580 4513 1834 4583 πλημμε-

229 4597 458 4668 λήματα
514 4599 985 4671 προσδεχόμενος,
1051 4602 1191 4672 μετὰ
1249 4602 1416 4672 φόϐου
1471 4604 1566 4656 καὶ
1623 4605 1828 4676 τρόμου

231 4686 575 4742 καθικετεύω
614 4704 694 4741 σε.
755 4688 1090 4744 Ἐπάκουσον
1119 4686 1210 4746 οὖν
1242 4708 1344 4762 μου
1374 4691 1470 4744 τοῦ
1499 4692 1828 4763 ἁμαρτω).οὗ

226 4778 380 4832 κατὰ
419 4779 482 4832 τὸ
513 4777 718 4850 πλῆθος
748 4781 844 4834 τοῦ
877 4781 1061 4844 ἐλέους
1095 4799 1213 4844 σου,
1261 4783 1356 4836 καὶ
1392 4783 1688 4853 πρόσδεξαι
1737 4783 1830 4837 τὸν

222 4870 421 4925 δοῦλόν
481 4887 574 4924 σου
637 4871 728 4924 τὸν
783 4877 841 4929 Δ.
901 4857 1414 4944 ἐξομολογούμενον.
1485 4874 1596 4926 Καὶ
1649 4874 1704 4927 εί
1771 4892 1826 4929 τι

223 4960 708 5033 πεπλημμέληται
761 4963 910 5034 αὐτῷ
971 4964 1217 5018 ἑκούσιον
1264 4966 1296 5035 ἢ
1348 4964 1603 5019 ἀκούσιον
1647 4966 1830 5037 ἁμάρ-

217 5071 293 5124 τη
307 5070 409 5122 μα,
441 5053 500 5105 ἐν
521 5053 682 5124 λόγῳ,
715 5053 995 5126 ἢὲργῳ,ἢ
1033 5055 1174 5109 κατὰ
1203 5055 1442 5109 διάνοιαν
1468 5097 1483 5121 ,
1515 5054 1591 5121 ὡς
1624 5056 1829 5125 ἀγαθὸς

222 5145 453 5216 πάριδε·
521 5147 587 5199 σὺ
643 5146 752 5219 γὰρ
813 5149 974 5219 μόνος
1033 5148 1176 5219 ἔχεις
1240 5147 1489 5214 ἐξουσίαν
1547 5149 1829 5220 ἁμαρτίας

219 5235 478 5307 ἀφιέναι,
515 5239 610 5290 καὶ
639 5239 723 5292 συὶ
756 5239 1192 5310 προσπίπτομεν,
1232 5241 1328 5294 καὶ
1366 5240 1427 5293 σέ
1472 5239 1826 5312 παρακαλού-

1943 4037 2034 4106 gni
2065 4046 2120 4090 ct
2157 4038 2371 4092 inutilis
2402 4039 2546 4092 servi
2577 4039 2677 4104 tui,
2719 4038 2814 4108 qui
2857 4049 3079 4108 propter
3117 4039 3530 4094 multitudinem

1942 4129 2296 4198 iniquitatum
2333 4145 2578 4185 mearum
2629 4131 2831 4201 dignus
2863 4146 2968 4185 non
3002 4145 3123 4186 sum
3155 4132 3248 4201 qui
3279 4131 3530 4187 invocem

1940 4222 2353 4278 sanctissimum
2389 4238 2590 4278 nomen
2625 4230 2803 4278 tuum.
2839 4221 3038 4277 Verum
3067 4224 3198 4294 quia
3237 4225 3530 4281 sacerdotii

1941 4314 2205 4384 dignitate
2251 4313 2517 4384 praeditus
2557 4327 2680 4370 sum
2706 4352 2721 4378 ,
2752 4321 2807 4369 et
2839 4313 3142 4371 secundum
3173 4314 3528 4384 benignitatis

1942 4417 2048 4462 tuac
2077 4405 2395 4460 mandatum
2417 4407 2740 4462 conﬁtentes
2771 4405 2870 4461 tibi
2895 4407 3115 4477 propria
3145 4417 3370 4477 peccata
3402 4423 3530 4463 sus-

1939 4499 2098 4569 cipis,
2121 4514 2247 4554 cum
2284 4500 2480 4554 timore
2509 4508 2564 4554 et
2598 4509 2840 4555 tremore
2869 4499 2966 4554 tibi
3007 4500 3280 4569 supplico.
3316 4499 3532 4557 Exaudi

1941 4591 2106 4663 igitur
2142 4607 2230 4646 me
2261 4598 2610 4662 peccatorem
2643 4592 2943 4648 secundum
2978 4591 3387 4648 multitudinem
3426 4593 3536 4646 mi-

1939 4683 2252 4739 sericordiaa
2283 4692 2410 4749 tuae,
2447 4694 2502 4741 et
2532 4686 2750 4756 suscipe
2788 4701 3008 4741 servum
3045 4695 3198 4740 tuum
3251 4685 3316 4740 N.
3359 4687 3532 4741 conti-

1939 4784 2167 4831 teutem.
2211 4777 2273 4830 Et
2302 4777 2347 4832 si
2376 4777 2597 4849 aliquod
2631 4778 2700 4833 ab
2729 4793 2796 4833 eo
2831 4787 3114 4847 peccatum
3153 4786 3527 4848 perpetratum

1938 4877 2040 4933 est,
2069 4868 2183 4924 sive
2211 4869 2581 4924 voluntarium
2610 4870 2728 4926 sive
2754 4870 3207 4936 involuntarium,
3229 4869 3313 4924 vel
3335 4870 3526 4938 verbo,

1938 4961 2021 5016 vel
2051 4976 2236 5031 opere,
2270 4963 2353 5017 vel
2386 4962 2738 5033 cogitatione,
2771 4971 2836 5018 ut
2859 4962 3130 5033 benignus
3154 4961 3288 5016 illud
3318 4976 3386 5017 ne
3438 4978 3528 5015 re-

1937 5052 2108 5122 spice.
2142 5051 2225 5108 Tu
2263 5053 2410 5108 enim
2446 5053 2600 5109 solus
2627 5062 2952 5123 potestatem
2987 5053 3160 5107 babes
3187 5060 3408 5122 peccata
3437 5067 3528 5106 re-

1935 5144 2205 5209 mittendi,
2239 5156 2293 5200 et
2322 5145 2418 5200 tibi
2449 5144 2774 5210 accidimus,
2807 5154 2967 5216 teque
2995 5159 3274 5215 rogamus,
3307 5152 3364 5198 et
3403 5143 3525 5198 lau-

1935 5237 2132 5291 damus
2171 5236 2559 5307 glorilicantes,
2600 5252 2726 5294 cum
2761 5236 2940 5305 Patre,
2975 5243 3030 5293 et
3068 5244 3260 5293 sancto
3286 5233 3519 5308 Spiritu,

229 5347 361 5402 μεν,
397 5330 492 5382 καὶ
515 5327 862 5400 ἀνυμνοῦμεν
888 5331 1202 5397 δοξάζοντες
1232 5331 1329 5385 σὺν
1358 5333 1536 5404 Πατρὶ
1565 5333 1656 5386 καὶ
1684 5331 1825 5403 ἁγίῳ
1857 5313 1904 5369 Ῑ)
1933 5345 2100 5397 nunc,
2137 5339 2242 5385 etc.

229 5419 538 5489 Πνεύματι,
568 5421 686 5488 νῦν,
727 5439 784 5476 κ.
815 5439 868 5476 τ.
893 5425 944 5476 λ.

307 5513 464 5566 Μετὰ
498 5512 672 5566 ταῦτα
699 5514 1108 5584 παρασκευάζει
1147 5513 1310 5569 αὑτὸν
1355 5516 1588 5570 ἀσκεπεῖ
1617 5519 1684 5588 τῇ
1727 5534 1823 5570 κε·

228 5605 383 5676 φαλῇ
401 5608 547 5676 τρεῖς
567 5605 914 5674 γονυκλισίεις
937 5609 1132 5673 ποιεῖν,
1158 5607 1328 5662 ποιῶν
1347 5610 1441 5662 καὶ
1467 5610 1628 5674 αὐτὸς
1649 5609 1798 5664 ὡσαύ
1812 5637 1824 5648 ο

229 5713 364 5762 τως,
397 5697 490 5751 καὶ
518 5697 826 5766 ἀναστάντα
857 5701 1086 5769 κατηχεῐ
1113 5698 1286 5767 λέγων
1311 5700 1502 5764 οὕτως.

2001 5509 2196 5566 Postea
2242 5507 2420 5579 ipsum
2451 5509 2695 5581 disponit
2722 5517 2774 5565 et
2806 5515 2996 5564 monet
3029 5513 3091 5562 ut
3119 5515 3312 5578 aperto
3339 5504 3518 5576 capite

1933 5610 2046 5656 tres
2075 5601 2484 5673 genuﬂexiones
2517 5601 2703 5669 faciat,
2737 5601 2901 5656 toties
2927 5600 3044 5670 ipse
3069 5599 3234 5654 simul
3274 5595 3515 5669 genuﬂe-

1934 5702 2110 5755 ctens,
2143 5700 2200 5746 et
2237 5700 2522 5762 postquam
2556 5692 2837 5760 surrexit,
2873 5692 2952 5749 sic
2981 5705 3106 5748 eum
3151 5687 3389 5746 instituit
3411 5725 3428 5756 ,
3463 5696 3519 5742 et

1930 5781 2260 5841 cateeltizat:
