  <div class='ocr_page' id='page_1' title='image "/cluster/home/n/w/nwhite01/storage/ocr_20150623/88/coo.31924054869924/964.png"; bbox 0 0 4058 6428; ppageno 0'>
   <div class='ocr_carea' id='block_1_1' title="bbox 315 344 453 415">
    <p class='ocr_par' dir='ltr' id='par_1_1' title="bbox 315 344 453 415">
     <span class='ocr_line' id='line_1_1' title="bbox 315 344 453 415; baseline -0.036 0"><span class='ocrx_word' id='word_1_1' title='bbox 315 344 453 415; x_wconf 75' lang='lat'><strong>1893</strong></span> 
     </span>
    </p>
   </div>
   <div class='ocr_carea' id='block_1_2' title="bbox 1643 346 2247 414">
    <p class='ocr_par' dir='ltr' id='par_1_2' title="bbox 1643 346 2247 414">
     <span class='ocr_line' id='line_1_2' title="bbox 1643 346 2247 414; baseline -0.015 0"><span class='ocrx_word' id='word_1_2' title='bbox 1643 354 1813 414; x_wconf 87' lang='lat' dir='ltr'><strong>P(EN</strong></span> <span class='ocrx_word' id='word_1_3' title='bbox 1822 348 2047 412; x_wconf 86' lang='lat' dir='ltr'><strong>ITENT</strong></span> <span class='ocrx_word' id='word_1_4' title='bbox 2057 349 2126 406; x_wconf 86' lang='lat' dir='ltr'><strong>1A</strong></span> <span class='ocrx_word' id='word_1_5' title='bbox 2135 346 2247 407; x_wconf 90' lang='lat' dir='ltr'><strong>LE.</strong></span> 
     </span>
    </p>
   </div>
   <div class='ocr_carea' id='block_1_3' title="bbox 3452 338 3589 403">
    <p class='ocr_par' dir='ltr' id='par_1_3' title="bbox 3452 338 3589 403">
     <span class='ocr_line' id='line_1_3' title="bbox 3452 338 3589 403; baseline 0.007 -2"><span class='ocrx_word' id='word_1_6' title='bbox 3452 338 3589 403; x_wconf 75' lang='grc'><strong>1894</strong></span> 
     </span>
    </p>
   </div>
   <div class='ocr_carea' id='block_1_4' title="bbox 316 446 1906 535">
    <p class='ocr_par' dir='ltr' id='par_1_4' title="bbox 316 455 1902 535">
     <span class='ocr_line' id='line_1_4' title="bbox 316 455 1902 535; baseline 0.005 -24"><span class='ocrx_word' id='word_1_7' title='bbox 316 456 563 511; x_wconf 83' lang='grc' dir='ltr'>κούλλιον</span> <span class='ocrx_word' id='word_1_8' title='bbox 587 455 789 527; x_wconf 82' lang='grc' dir='ltr'>βαλεῖν,</span> <span class='ocrx_word' id='word_1_9' title='bbox 817 458 912 512; x_wconf 71' lang='grc' dir='ltr'>καὶ</span> <span class='ocrx_word' id='word_1_10' title='bbox 940 464 1124 515; x_wconf 80' lang='grc' dir='ltr'>πεσεῖν</span> <span class='ocrx_word' id='word_1_11' title='bbox 1157 461 1465 533; x_wconf 70' lang='grc' dir='ltr'>ἔμπροσθεν</span> <span class='ocrx_word' id='word_1_12' title='bbox 1490 464 1584 519; x_wconf 80' lang='grc' dir='ltr'><strong>τοῦ</strong></span> <span class='ocrx_word' id='word_1_13' title='bbox 1609 465 1902 535; x_wconf 86' lang='grc' dir='ltr'>θυσιαστη-</span> 
     </span>
    </p>
   </div>
   <div class='ocr_carea' id='block_1_5' title="bbox 2010 446 3589 535">
    <p class='ocr_par' dir='ltr' id='par_1_5' title="bbox 2010 446 3589 535">
     <span class='ocr_line' id='line_1_5' title="bbox 2010 446 3589 535; baseline -0.006 -22"><span class='ocrx_word' id='word_1_14' title='bbox 2010 458 2186 513; x_wconf 80' lang='lat' dir='ltr'><strong>cidere</strong></span> <span class='ocrx_word' id='word_1_15' title='bbox 2208 466 2334 512; x_wconf 89' lang='lat' dir='ltr'><strong>ante</strong></span> <span class='ocrx_word' id='word_1_16' title='bbox 2362 454 2554 519; x_wconf 90' lang='lat' dir='ltr'><strong>altare,</strong></span> <span class='ocrx_word' id='word_1_17' title='bbox 2575 458 2630 505; x_wconf 85' lang='lat' dir='ltr'><strong>et</strong></span> <span class='ocrx_word' id='word_1_18' title='bbox 2657 450 2840 505; x_wconf 85' lang='lat' dir='ltr'><strong>dicere</strong></span> <span class='ocrx_word' id='word_1_19' title='bbox 2864 466 2878 502; x_wconf 90' lang='lat'><strong>:</strong></span> <span class='ocrx_word' id='word_1_20' title='bbox 2916 465 2934 501; x_wconf 76' lang='grc' dir='ltr'><strong>ι</strong></span> <span class='ocrx_word' id='word_1_21' title='bbox 2964 446 3237 504; x_wconf 86' lang='lat' dir='ltr'><strong>Conliteor</strong></span> <span class='ocrx_word' id='word_1_22' title='bbox 3255 446 3374 535; x_wconf 81' lang='lat' dir='ltr'><strong>tibi,</strong></span> <span class='ocrx_word' id='word_1_23' title='bbox 3403 449 3589 513; x_wconf 86' lang='lat' dir='ltr'><strong>Pater,</strong></span> 
     </span>
    </p>
   </div>
   <div class='ocr_carea' id='block_1_6' title="bbox 317 546 1901 625">
    <p class='ocr_par' dir='ltr' id='par_1_6' title="bbox 317 546 1901 625">
     <span class='ocr_line' id='line_1_6' title="bbox 317 546 1901 625; baseline 0.006 -27"><span class='ocrx_word' id='word_1_24' title='bbox 317 547 455 616; x_wconf 87' lang='grc' dir='ltr'>ρίου,</span> <span class='ocrx_word' id='word_1_25' title='bbox 486 546 579 601; x_wconf 65' lang='grc' dir='ltr'><strong>καῖ⁵</strong></span> <span class='ocrx_word' id='word_1_26' title='bbox 603 546 800 615; x_wconf 77' lang='grc' dir='ltr'>λέγειν’</span> <span class='ocrx_word' id='word_1_27' title='bbox 826 567 846 600; x_wconf 85' lang='grc' dir='ltr'><strong>ι</strong></span> <span class='ocrx_word' id='word_1_28' title='bbox 882 549 1338 623; x_wconf 81' lang='grc' dir='ltr'><strong>Ἐξομολογοῦμαί</strong></span> <span class='ocrx_word' id='word_1_29' title='bbox 1361 570 1463 619; x_wconf 89' lang='grc' dir='ltr'>σοι,</span> <span class='ocrx_word' id='word_1_30' title='bbox 1482 555 1685 625; x_wconf 79' lang='grc' dir='ltr'>Πάτερ,</span> <span class='ocrx_word' id='word_1_31' title='bbox 1709 553 1901 620; x_wconf 82' lang='grc' dir='ltr'>οὕτως,</span> 
     </span>
    </p>
   </div>
   <div class='ocr_carea' id='block_1_7' title="bbox 313 635 1904 716">
    <p class='ocr_par' dir='ltr' id='par_1_7' title="bbox 313 635 1904 716">
     <span class='ocr_line' id='line_1_7' title="bbox 313 635 1904 716; baseline 0.004 -26"><span class='ocrx_word' id='word_1_32' title='bbox 313 635 489 708; x_wconf 83' lang='grc' dir='ltr'>Κύριε</span> <span class='ocrx_word' id='word_1_33' title='bbox 544 637 749 709; x_wconf 82' lang='grc' dir='ltr'>ποιητὰ</span> <span class='ocrx_word' id='word_1_34' title='bbox 792 639 1024 710; x_wconf 81' lang='grc' dir='ltr'>ούρανοῦ</span> <span class='ocrx_word' id='word_1_35' title='bbox 1067 643 1162 697; x_wconf 69' lang='grc' dir='ltr'><strong>καὶ</strong></span> <span class='ocrx_word' id='word_1_36' title='bbox 1205 642 1331 713; x_wconf 85' lang='grc' dir='ltr'>γῆς,</span> <span class='ocrx_word' id='word_1_37' title='bbox 1372 647 1551 699; x_wconf 85' lang='grc' dir='ltr'>πάντα</span> <span class='ocrx_word' id='word_1_38' title='bbox 1594 646 1663 699; x_wconf 83' lang='grc' dir='ltr'><strong>τὰ</strong></span> <span class='ocrx_word' id='word_1_39' title='bbox 1698 644 1904 716; x_wconf 80' lang='grc' dir='ltr'>κρύφια</span> 
     </span>
    </p>
   </div>
   <div class='ocr_carea' id='block_1_8' title="bbox 312 726 1906 802">
    <p class='ocr_par' dir='ltr' id='par_1_8' title="bbox 312 726 1906 802">
     <span class='ocr_line' id='line_1_8' title="bbox 312 726 1906 802; baseline 0.005 -23"><span class='ocrx_word' id='word_1_40' title='bbox 312 726 413 796; x_wconf 80' lang='grc' dir='ltr'><strong>τῆς</strong></span> <span class='ocrx_word' id='word_1_41' title='bbox 444 726 671 796; x_wconf 79' lang='grc' dir='ltr'>καρδίας</span> <span class='ocrx_word' id='word_1_42' title='bbox 698 744 826 797; x_wconf 88' lang='grc' dir='ltr'>μου.</span> <span class='ocrx_word' id='word_1_43' title='bbox 869 730 979 783; x_wconf 78' lang='grc' dir='ltr'><strong>Καὶ</strong></span> <span class='ocrx_word' id='word_1_44' title='bbox 1011 731 1150 800; x_wconf 84' lang='grc' dir='ltr'>μετὰ</span> <span class='ocrx_word' id='word_1_45' title='bbox 1185 732 1245 784; x_wconf 89' lang='grc' dir='ltr'><strong>τὸ</strong></span> <span class='ocrx_word' id='word_1_46' title='bbox 1280 734 1457 787; x_wconf 83' lang='grc' dir='ltr'>εἰπεῖν</span> <span class='ocrx_word' id='word_1_47' title='bbox 1481 734 1574 787; x_wconf 81' lang='grc' dir='ltr'>τὸν</span> <span class='ocrx_word' id='word_1_48' title='bbox 1601 734 1759 802; x_wconf 88' lang='grc' dir='ltr'>λόγον</span> <span class='ocrx_word' id='word_1_49' title='bbox 1782 733 1906 787; x_wconf 80' lang='grc' dir='ltr'><strong>τοῦ·</strong></span> 
     </span>
    </p>
   </div>
   <div class='ocr_carea' id='block_1_9' title="bbox 313 817 1906 899">
    <p class='ocr_par' dir='ltr' id='par_1_9' title="bbox 313 817 1906 899">
     <span class='ocr_line' id='line_1_9' title="bbox 313 817 1906 899; baseline 0.009 -31"><span class='ocrx_word' id='word_1_50' title='bbox 313 834 407 870; x_wconf 87' lang='grc' dir='ltr'>τον</span> <span class='ocrx_word' id='word_1_51' title='bbox 428 817 649 888; x_wconf 80' lang='grc' dir='ltr'>ἁνιστᾷν</span> <span class='ocrx_word' id='word_1_52' title='bbox 674 819 838 872; x_wconf 82' lang='grc' dir='ltr'>αὐτὸν</span> <span class='ocrx_word' id='word_1_53' title='bbox 860 822 951 873; x_wconf 71' lang='grc' dir='ltr'>καὶ</span> <span class='ocrx_word' id='word_1_54' title='bbox 985 823 1136 893; x_wconf 82' lang='grc' dir='ltr'>ἱστᾷν</span> <span class='ocrx_word' id='word_1_55' title='bbox 1164 823 1223 874; x_wconf 83' lang='grc' dir='ltr'>ἐν</span> <span class='ocrx_word' id='word_1_56' title='bbox 1250 823 1328 895; x_wconf 82' lang='grc' dir='ltr'><strong>τῷ</strong></span> <span class='ocrx_word' id='word_1_57' title='bbox 1352 825 1433 878; x_wconf 81' lang='grc' dir='ltr'><strong>ἐνί</strong></span> <span class='ocrx_word' id='word_1_58' title='bbox 1455 825 1613 899; x_wconf 85' lang='grc' dir='ltr'><strong>μέρει</strong></span> <span class='ocrx_word' id='word_1_59' title='bbox 1637 827 1739 896; x_wconf 81' lang='grc' dir='ltr'>τῆς</span> <span class='ocrx_word' id='word_1_60' title='bbox 1794 830 1906 882; x_wconf 74' lang='grc' dir='ltr'>εἱσ-</span> 
     </span>
    </p>
   </div>
   <div class='ocr_carea' id='block_1_10' title="bbox 322 907 1904 983">
    <p class='ocr_par' dir='ltr' id='par_1_10' title="bbox 322 907 1904 983">
     <span class='ocr_line' id='line_1_10' title="bbox 322 907 1904 983; baseline 0.006 -24"><span class='ocrx_word' id='word_1_61' title='bbox 322 907 444 960; x_wconf 83' lang='grc' dir='ltr'>όδου</span> <span class='ocrx_word' id='word_1_62' title='bbox 472 907 566 961; x_wconf 80' lang='grc' dir='ltr'><strong>τοῦ</strong></span> <span class='ocrx_word' id='word_1_63' title='bbox 597 908 1106 983; x_wconf 76' lang='grc' dir='ltr'>θυσιαστηρίου,καὶ</span> <span class='ocrx_word' id='word_1_64' title='bbox 1130 914 1290 968; x_wconf 84' lang='grc' dir='ltr'>αὑτὸν</span> <span class='ocrx_word' id='word_1_65' title='bbox 1319 917 1569 972; x_wconf 80' lang='grc' dir='ltr'><strong>ἵστασθαι</strong></span> <span class='ocrx_word' id='word_1_66' title='bbox 1597 919 1675 981; x_wconf 87' lang='grc' dir='ltr'><strong>είς</strong></span> <span class='ocrx_word' id='word_1_67' title='bbox 1704 917 1765 970; x_wconf 79' lang='grc' dir='ltr'>τὸ</span> <span class='ocrx_word' id='word_1_68' title='bbox 1783 916 1904 970; x_wconf 79' lang='grc' dir='ltr'>ἔτε-</span> 
     </span>
    </p>
   </div>
   <div class='ocr_carea' id='block_1_11' title="bbox 317 1000 1903 1078">
    <p class='ocr_par' dir='ltr' id='par_1_11' title="bbox 317 1000 1903 1078">
     <span class='ocr_line' id='line_1_11' title="bbox 317 1000 1903 1078; baseline 0.006 -30"><span class='ocrx_word' id='word_1_69' title='bbox 317 1013 429 1066; x_wconf 90' lang='grc' dir='ltr'>ρον·</span> <span class='ocrx_word' id='word_1_70' title='bbox 461 1000 554 1050; x_wconf 69' lang='grc' dir='ltr'>καὶ</span> <span class='ocrx_word' id='word_1_71' title='bbox 582 1000 874 1073; x_wconf 77' lang='grc' dir='ltr'><strong>ἐπερωτᾷν</strong></span> <span class='ocrx_word' id='word_1_72' title='bbox 903 1003 1069 1057; x_wconf 79' lang='grc' dir='ltr'>αὐτὸν</span> <span class='ocrx_word' id='word_1_73' title='bbox 1094 1005 1231 1074; x_wconf 81' lang='grc' dir='ltr'>μετὰ</span> <span class='ocrx_word' id='word_1_74' title='bbox 1258 1007 1438 1077; x_wconf 84' lang='grc' dir='ltr'>πάσης</span> <span class='ocrx_word' id='word_1_75' title='bbox 1461 1007 1776 1078; x_wconf 77' lang='grc' dir='ltr'><strong>ἱλαρότητος</strong></span> <span class='ocrx_word' id='word_1_76' title='bbox 1812 1005 1903 1059; x_wconf 77' lang='grc' dir='ltr'>καὶ</span> 
     </span>
    </p>
   </div>
   <div class='ocr_carea' id='block_1_12' title="bbox 316 1087 1903 1167">
    <p class='ocr_par' dir='ltr' id='par_1_12' title="bbox 316 1087 1903 1167">
     <span class='ocr_line' id='line_1_12' title="bbox 316 1087 1903 1167; baseline 0.006 -28"><span class='ocrx_word' id='word_1_77' title='bbox 316 1087 645 1156; x_wconf 73' lang='grc' dir='ltr'>προςηνείας</span> <span class='ocrx_word' id='word_1_78' title='bbox 683 1106 696 1119; x_wconf 92' lang='grc'><strong>·</strong></span> <span class='ocrx_word' id='word_1_79' title='bbox 743 1092 792 1142; x_wconf 81' lang='grc' dir='ltr'><strong>εί</strong></span> <span class='ocrx_word' id='word_1_80' title='bbox 824 1092 1050 1146; x_wconf 62' lang='grc' dir='ltr'>δυνατὴν</span> <span class='ocrx_word' id='word_1_81' title='bbox 1095 1095 1190 1148; x_wconf 82' lang='grc' dir='ltr'><strong>καὶ</strong></span> <span class='ocrx_word' id='word_1_82' title='bbox 1226 1098 1542 1167; x_wconf 85' lang='grc' dir='ltr'><strong>καταφιλεῖν</strong></span> <span class='ocrx_word' id='word_1_83' title='bbox 1578 1097 1739 1150; x_wconf 76' lang='grc' dir='ltr'>αὐτὸν</span> <span class='ocrx_word' id='word_1_84' title='bbox 1764 1137 1781 1161; x_wconf 90' lang='grc'><strong>,</strong></span> <span class='ocrx_word' id='word_1_85' title='bbox 1812 1097 1903 1150; x_wconf 64' lang='grc' dir='ltr'>καὶ</span> 
     </span>
    </p>
   </div>
   <div class='ocr_carea' id='block_1_13' title="bbox 316 1178 1902 1256">
    <p class='ocr_par' dir='ltr' id='par_1_13' title="bbox 316 1178 1902 1256">
     <span class='ocr_line' id='line_1_13' title="bbox 316 1178 1902 1256; baseline 0.007 -29"><span class='ocrx_word' id='word_1_86' title='bbox 316 1178 415 1240; x_wconf 80' lang='grc' dir='ltr'><strong>τὰς</strong></span> <span class='ocrx_word' id='word_1_87' title='bbox 446 1180 634 1246; x_wconf 80' lang='grc' dir='ltr'>χεῖρας</span> <span class='ocrx_word' id='word_1_88' title='bbox 665 1180 830 1233; x_wconf 78' lang='grc' dir='ltr'>αὐτοῦ</span> <span class='ocrx_word' id='word_1_89' title='bbox 861 1182 956 1234; x_wconf 79' lang='grc' dir='ltr'><strong>τοῦ</strong></span> <span class='ocrx_word' id='word_1_90' title='bbox 987 1182 1487 1256; x_wconf 81' lang='grc' dir='ltr'>ὲξομολογουμένου</span> <span class='ocrx_word' id='word_1_91' title='bbox 1525 1187 1618 1240; x_wconf 76' lang='grc' dir='ltr'>ἐπὶ</span> <span class='ocrx_word' id='word_1_92' title='bbox 1646 1185 1739 1239; x_wconf 77' lang='grc' dir='ltr'><strong>τὸν</strong></span> <span class='ocrx_word' id='word_1_93' title='bbox 1770 1185 1902 1238; x_wconf 85' lang='grc' dir='ltr'>ῖδιον</span> 
     </span>
    </p>
   </div>
   <div class='ocr_carea' id='block_1_14' title="bbox 317 1263 1902 1344">
    <p class='ocr_par' dir='ltr' id='par_1_14' title="bbox 317 1263 1902 1344">
     <span class='ocr_line' id='line_1_14' title="bbox 317 1263 1902 1344; baseline 0.008 -30"><span class='ocrx_word' id='word_1_94' title='bbox 317 1263 580 1318; x_wconf 80' lang='grc' dir='ltr'>ὲπιτιθεῖν</span> <span class='ocrx_word' id='word_1_95' title='bbox 612 1266 835 1337; x_wconf 83' lang='grc' dir='ltr'>αὐχένα,</span> <span class='ocrx_word' id='word_1_96' title='bbox 870 1269 1106 1340; x_wconf 79' lang='grc' dir='ltr'>μάλιστα</span> <span class='ocrx_word' id='word_1_97' title='bbox 1125 1271 1217 1326; x_wconf 82' lang='grc' dir='ltr'><strong>ἐὰν</strong></span> <span class='ocrx_word' id='word_1_98' title='bbox 1250 1274 1353 1344; x_wconf 82' lang='grc' dir='ltr'><strong>ὁρᾷ</strong></span> <span class='ocrx_word' id='word_1_99' title='bbox 1378 1275 1540 1328; x_wconf 82' lang='grc' dir='ltr'>αὑτὸν</span> <span class='ocrx_word' id='word_1_100' title='bbox 1563 1272 1902 1327; x_wconf 82' lang='grc' dir='ltr'>καταπονού-</span> 
     </span>
    </p>
   </div>
   <div class='ocr_carea' id='block_1_15' title="bbox 320 1363 1901 1440">
    <p class='ocr_par' dir='ltr' id='par_1_15' title="bbox 320 1363 1901 1440">
     <span class='ocr_line' id='line_1_15' title="bbox 320 1363 1901 1440; baseline 0.007 -25"><span class='ocrx_word' id='word_1_101' title='bbox 320 1380 480 1431; x_wconf 80' lang='grc' dir='ltr'>μενον</span> <span class='ocrx_word' id='word_1_102' title='bbox 502 1366 594 1418; x_wconf 65' lang='grc' dir='ltr'><strong>καλ⁴</strong></span> <span class='ocrx_word' id='word_1_103' title='bbox 618 1370 1147 1440; x_wconf 83' lang='grc' dir='ltr'>κατακυριευὸμενον</span> <span class='ocrx_word' id='word_1_104' title='bbox 1174 1368 1279 1422; x_wconf 83' lang='grc' dir='ltr'>ὑπὸ</span> <span class='ocrx_word' id='word_1_105' title='bbox 1299 1370 1397 1436; x_wconf 81' lang='grc' dir='ltr'>τῆς</span> <span class='ocrx_word' id='word_1_106' title='bbox 1422 1366 1700 1436; x_wconf 77' lang='grc' dir='ltr'><strong>ἀφορήτου</strong></span> <span class='ocrx_word' id='word_1_107' title='bbox 1725 1363 1901 1435; x_wconf 80' lang='grc' dir='ltr'>λύπης</span> 
     </span>
    </p>
   </div>
   <div class='ocr_carea' id='block_1_16' title="bbox 318 1456 1898 1533">
    <p class='ocr_par' dir='ltr' id='par_1_16' title="bbox 318 1456 1898 1533">
     <span class='ocr_line' id='line_1_16' title="bbox 318 1456 1898 1533; baseline 0.003 -27"><span class='ocrx_word' id='word_1_108' title='bbox 318 1456 410 1507; x_wconf 73' lang='grc' dir='ltr'>καὶ</span> <span class='ocrx_word' id='word_1_109' title='bbox 442 1456 706 1528; x_wconf 74' lang='grc' dir='ltr'><strong>αἰσχύνης</strong></span> <span class='ocrx_word' id='word_1_110' title='bbox 732 1498 747 1523; x_wconf 87' lang='grc'><strong>,</strong></span> <span class='ocrx_word' id='word_1_111' title='bbox 796 1461 892 1514; x_wconf 82' lang='grc' dir='ltr'>καὶ</span> <span class='ocrx_word' id='word_1_112' title='bbox 923 1461 1164 1533; x_wconf 78' lang='grc' dir='ltr'>πραείᾳ,</span> <span class='ocrx_word' id='word_1_113' title='bbox 1215 1460 1309 1513; x_wconf 76' lang='grc' dir='ltr'>καὶ</span> <span class='ocrx_word' id='word_1_114' title='bbox 1347 1457 1697 1529; x_wconf 79' lang='grc' dir='ltr'>γαληνοτάτῃ</span> <span class='ocrx_word' id='word_1_115' title='bbox 1746 1457 1898 1526; x_wconf 79' lang='grc' dir='ltr'>φωνῇ</span> 
     </span>
    </p>
   </div>
   <div class='ocr_carea' id='block_1_17' title="bbox 319 1543 901 1617">
    <p class='ocr_par' dir='ltr' id='par_1_17' title="bbox 319 1543 901 1617">
     <span class='ocr_line' id='line_1_17' title="bbox 319 1543 901 1617; baseline 0.014 -22"><span class='ocrx_word' id='word_1_116' title='bbox 319 1543 497 1612; x_wconf 81' lang='grc' dir='ltr'>λέγειν</span> <span class='ocrx_word' id='word_1_117' title='bbox 518 1546 655 1617; x_wconf 81' lang='grc' dir='ltr'>πρὸς</span> <span class='ocrx_word' id='word_1_118' title='bbox 689 1549 853 1603; x_wconf 78' lang='grc' dir='ltr'>αὐτόν</span> <span class='ocrx_word' id='word_1_119' title='bbox 886 1563 901 1578; x_wconf 84' lang='grc'>⁶</span> 
     </span>
    </p>
   </div>
   <div class='ocr_carea' id='block_1_18' title="bbox 395 1638 1895 1714">
    <p class='ocr_par' dir='ltr' id='par_1_18' title="bbox 395 1638 1895 1714">
     <span class='ocr_line' id='line_1_18' title="bbox 395 1638 1895 1714; baseline 0.009 -26"><span class='ocrx_word' id='word_1_120' title='bbox 395 1657 412 1688; x_wconf 81' lang='grc' dir='ltr'><strong>ι</strong></span> <span class='ocrx_word' id='word_1_121' title='bbox 454 1638 578 1702; x_wconf 86' lang='grc' dir='ltr'>Πῶς</span> <span class='ocrx_word' id='word_1_122' title='bbox 607 1641 887 1714; x_wconf 87' lang='grc' dir='ltr'>σου,κύριε</span> <span class='ocrx_word' id='word_1_123' title='bbox 915 1642 1133 1711; x_wconf 73' lang='grc' dir='ltr'>ἀδελφὲ,</span> <span class='ocrx_word' id='word_1_124' title='bbox 1177 1642 1212 1712; x_wconf 79' lang='grc' dir='ltr'><strong>ἢ</strong></span> <span class='ocrx_word' id='word_1_125' title='bbox 1251 1639 1487 1711; x_wconf 81' lang='grc' dir='ltr'>ἀδελφὴ,</span> <span class='ocrx_word' id='word_1_126' title='bbox 1514 1641 1571 1694; x_wconf 84' lang='grc' dir='ltr'><strong>ἐν</strong></span> <span class='ocrx_word' id='word_1_127' title='bbox 1603 1638 1837 1711; x_wconf 82' lang='grc' dir='ltr'>πρώτοις</span> <span class='ocrx_word' id='word_1_128' title='bbox 1862 1638 1895 1706; x_wconf 75' lang='grc' dir='ltr'><strong>ἡ</strong></span> 
     </span>
    </p>
   </div>
   <div class='ocr_carea' id='block_1_19' title="bbox 321 1729 1896 1806">
    <p class='ocr_par' dir='ltr' id='par_1_19' title="bbox 321 1729 1896 1806">
     <span class='ocr_line' id='line_1_19' title="bbox 321 1729 1896 1806; baseline 0.004 -25"><span class='ocrx_word' id='word_1_129' title='bbox 321 1730 594 1799; x_wconf 78' lang='grc' dir='ltr'>παρθενία</span> <span class='ocrx_word' id='word_1_130' title='bbox 643 1733 949 1805; x_wconf 52' lang='lat' dir='ltr'><strong>bisetiam;</strong></span> <span class='ocrx_word' id='word_1_131' title='bbox 1002 1734 1102 1787; x_wconf 87' lang='grc' dir='ltr'><strong>Διὰ</strong></span> <span class='ocrx_word' id='word_1_132' title='bbox 1122 1735 1401 1806; x_wconf 85' lang='grc' dir='ltr'><strong>πορνείας,</strong></span> <span class='ocrx_word' id='word_1_133' title='bbox 1442 1733 1475 1804; x_wconf 80' lang='grc' dir='ltr'><strong>ἢ</strong></span> <span class='ocrx_word' id='word_1_134' title='bbox 1527 1731 1615 1786; x_wconf 81' lang='grc' dir='ltr'>διὰ</span> <span class='ocrx_word' id='word_1_135' title='bbox 1663 1729 1896 1802; x_wconf 79' lang='grc' dir='ltr'><strong>νομίμου</strong></span> 
     </span>
    </p>
   </div>
   <div class='ocr_carea' id='block_1_20' title="bbox 2007 530 3594 615">
    <p class='ocr_par' dir='ltr' id='par_1_20' title="bbox 2007 530 3594 615">
     <span class='ocr_line' id='line_1_20' title="bbox 2007 530 3594 615; baseline -0.008 -9"><span class='ocrx_word' id='word_1_136' title='bbox 2007 550 2107 615; x_wconf 87' lang='lat' dir='ltr'><strong>sic,</strong></span> <span class='ocrx_word' id='word_1_137' title='bbox 2132 547 2360 602; x_wconf 87' lang='lat' dir='ltr'><strong>Domine</strong></span> <span class='ocrx_word' id='word_1_138' title='bbox 2389 545 2565 600; x_wconf 85' lang='lat' dir='ltr'><strong>factor</strong></span> <span class='ocrx_word' id='word_1_139' title='bbox 2584 542 2708 598; x_wconf 78' lang='lat' dir='ltr'><strong>coeli</strong></span> <span class='ocrx_word' id='word_1_140' title='bbox 2727 548 2782 596; x_wconf 90' lang='lat' dir='ltr'><strong>et</strong></span> <span class='ocrx_word' id='word_1_141' title='bbox 2811 548 2992 606; x_wconf 79' lang='lat' dir='ltr'><strong>terrae,</strong></span> <span class='ocrx_word' id='word_1_142' title='bbox 3021 539 3210 594; x_wconf 84' lang='lat' dir='ltr'><strong>omnia</strong></span> <span class='ocrx_word' id='word_1_143' title='bbox 3237 530 3453 595; x_wconf 83' lang='lat' dir='ltr'><strong>occulta</strong></span> <span class='ocrx_word' id='word_1_144' title='bbox 3475 555 3594 596; x_wconf 88' lang='lat' dir='ltr'><strong>cor-</strong></span> 
     </span>
    </p>
   </div>
   <div class='ocr_carea' id='block_1_21' title="bbox 2005 631 3593 707">
    <p class='ocr_par' dir='ltr' id='par_1_21' title="bbox 2005 631 3593 707">
     <span class='ocr_line' id='line_1_21' title="bbox 2005 631 3593 707; baseline -0.005 -12"><span class='ocrx_word' id='word_1_145' title='bbox 2005 640 2090 697; x_wconf 89' lang='lat' dir='ltr'><strong>dis</strong></span> <span class='ocrx_word' id='word_1_146' title='bbox 2123 640 2249 695; x_wconf 91' lang='lat' dir='ltr'><strong>mei.</strong></span> <span class='ocrx_word' id='word_1_147' title='bbox 2278 658 2297 691; x_wconf 75' lang='grc' dir='ltr'><strong>ι</strong></span> <span class='ocrx_word' id='word_1_148' title='bbox 2323 637 2625 707; x_wconf 75' lang='lat' dir='ltr'><strong>Postquam</strong></span> <span class='ocrx_word' id='word_1_149' title='bbox 2652 642 2835 688; x_wconf 88' lang='lat' dir='ltr'><strong>autem</strong></span> <span class='ocrx_word' id='word_1_150' title='bbox 2858 632 2973 687; x_wconf 69' lang='lat' dir='ltr'><strong>haec</strong></span> <span class='ocrx_word' id='word_1_151' title='bbox 2995 631 3161 686; x_wconf 78' lang='lat' dir='ltr'><strong>verba</strong></span> <span class='ocrx_word' id='word_1_152' title='bbox 3189 632 3436 696; x_wconf 84' lang='lat' dir='ltr'><strong>protulit,</strong></span> <span class='ocrx_word' id='word_1_153' title='bbox 3465 648 3593 687; x_wconf 88' lang='lat' dir='ltr'><strong>eum</strong></span> 
     </span>
    </p>
   </div>
   <div class='ocr_carea' id='block_1_22' title="bbox 2006 726 3594 803">
    <p class='ocr_par' dir='ltr' id='par_1_22' title="bbox 2006 726 3594 803">
     <span class='ocr_line' id='line_1_22' title="bbox 2006 726 3594 803; baseline -0.006 -14"><span class='ocrx_word' id='word_1_154' title='bbox 2006 748 2232 803; x_wconf 77' lang='lat' dir='ltr'><strong>surgere</strong></span> <span class='ocrx_word' id='word_1_155' title='bbox 2287 731 2444 802; x_wconf 85' lang='lat' dir='ltr'><strong>jubet</strong></span> <span class='ocrx_word' id='word_1_156' title='bbox 2498 737 2555 783; x_wconf 89' lang='lat' dir='ltr'><strong>ct</strong></span> <span class='ocrx_word' id='word_1_157' title='bbox 2619 736 2766 782; x_wconf 84' lang='lat' dir='ltr'><strong>stare</strong></span> <span class='ocrx_word' id='word_1_158' title='bbox 2815 727 2869 780; x_wconf 88' lang='lat' dir='ltr'><strong>in</strong></span> <span class='ocrx_word' id='word_1_159' title='bbox 2939 739 3046 779; x_wconf 87' lang='lat' dir='ltr'><strong>una</strong></span> <span class='ocrx_word' id='word_1_160' title='bbox 3110 734 3263 791; x_wconf 88' lang='lat' dir='ltr'><strong>parte</strong></span> <span class='ocrx_word' id='word_1_161' title='bbox 3311 726 3594 795; x_wconf 83' lang='lat' dir='ltr'><strong>ingressus</strong></span> 
     </span>
    </p>
   </div>
   <div class='ocr_carea' id='block_1_23' title="bbox 2004 818 3595 891">
    <p class='ocr_par' dir='ltr' id='par_1_23' title="bbox 2004 818 3595 891">
     <span class='ocr_line' id='line_1_23' title="bbox 2004 818 3595 891; baseline -0.006 -11"><span class='ocrx_word' id='word_1_162' title='bbox 2004 826 2071 880; x_wconf 88' lang='lat' dir='ltr'><strong>ad</strong></span> <span class='ocrx_word' id='word_1_163' title='bbox 2102 824 2294 888; x_wconf 88' lang='lat' dir='ltr'><strong>altare,</strong></span> <span class='ocrx_word' id='word_1_164' title='bbox 2339 823 2455 891; x_wconf 87' lang='lat' dir='ltr'><strong>ipse</strong></span> <span class='ocrx_word' id='word_1_165' title='bbox 2483 836 2613 875; x_wconf 88' lang='lat' dir='ltr'><strong>vero</strong></span> <span class='ocrx_word' id='word_1_166' title='bbox 2642 821 2691 875; x_wconf 88' lang='lat' dir='ltr'><strong>ei</strong></span> <span class='ocrx_word' id='word_1_167' title='bbox 2724 820 2791 874; x_wconf 88' lang='lat' dir='ltr'><strong>ad</strong></span> <span class='ocrx_word' id='word_1_168' title='bbox 2831 819 3062 873; x_wconf 89' lang='lat' dir='ltr'><strong>alterum</strong></span> <span class='ocrx_word' id='word_1_169' title='bbox 3112 818 3255 872; x_wconf 88' lang='lat' dir='ltr'><strong>latus</strong></span> <span class='ocrx_word' id='word_1_170' title='bbox 3299 827 3476 880; x_wconf 80' lang='lat' dir='ltr'><strong>astat;</strong></span> <span class='ocrx_word' id='word_1_171' title='bbox 3538 824 3595 870; x_wconf 85' lang='lat' dir='ltr'><strong>ct</strong></span> 
     </span>
    </p>
   </div>
   <div class='ocr_carea' id='block_1_24' title="bbox 2002 907 3592 982">
    <p class='ocr_par' dir='ltr' id='par_1_24' title="bbox 2002 907 3592 982">
     <span class='ocr_line' id='line_1_24' title="bbox 2002 907 3592 982; baseline -0.006 -14"><span class='ocrx_word' id='word_1_172' title='bbox 2002 929 2128 969; x_wconf 91' lang='lat' dir='ltr'><strong>eum</strong></span> <span class='ocrx_word' id='word_1_173' title='bbox 2174 915 2474 982; x_wconf 84' lang='lat' dir='ltr'><strong>interrogat</strong></span> <span class='ocrx_word' id='word_1_174' title='bbox 2498 927 2623 967; x_wconf 90' lang='lat' dir='ltr'><strong>cum</strong></span> <span class='ocrx_word' id='word_1_175' title='bbox 2660 910 2809 967; x_wconf 91' lang='lat' dir='ltr'><strong>omni</strong></span> <span class='ocrx_word' id='word_1_176' title='bbox 2854 909 3130 963; x_wconf 87' lang='lat' dir='ltr'><strong>hilaritate</strong></span> <span class='ocrx_word' id='word_1_177' title='bbox 3154 917 3207 962; x_wconf 89' lang='lat' dir='ltr'><strong>et</strong></span> <span class='ocrx_word' id='word_1_178' title='bbox 3232 907 3592 977; x_wconf 88' lang='lat' dir='ltr'><strong>benignitate,</strong></span> 
     </span>
    </p>
   </div>
   <div class='ocr_carea' id='block_1_25' title="bbox 2004 999 3593 1074">
    <p class='ocr_par' dir='ltr' id='par_1_25' title="bbox 2004 999 3593 1074">
     <span class='ocr_line' id='line_1_25' title="bbox 2004 999 3593 1074; baseline -0.006 -15"><span class='ocrx_word' id='word_1_179' title='bbox 2004 1005 2298 1074; x_wconf 89' lang='lat' dir='ltr'><strong>ipsumque</strong></span> <span class='ocrx_word' id='word_1_180' title='bbox 2343 1002 2390 1059; x_wconf 91' lang='lat' dir='ltr'><strong>si</strong></span> <span class='ocrx_word' id='word_1_181' title='bbox 2436 1001 2696 1072; x_wconf 86' lang='lat' dir='ltr'><strong>possibile</strong></span> <span class='ocrx_word' id='word_1_182' title='bbox 2734 1008 2838 1065; x_wconf 88' lang='lat' dir='ltr'><strong>est,</strong></span> <span class='ocrx_word' id='word_1_183' title='bbox 2884 999 3254 1063; x_wconf 89' lang='lat' dir='ltr'><strong>deosculatur,</strong></span> <span class='ocrx_word' id='word_1_184' title='bbox 3296 1009 3353 1052; x_wconf 90' lang='lat' dir='ltr'><strong>et</strong></span> <span class='ocrx_word' id='word_1_185' title='bbox 3395 1011 3593 1052; x_wconf 89' lang='lat' dir='ltr'><strong>manus</strong></span> 
     </span>
    </p>
   </div>
   <div class='ocr_carea' id='block_1_26' title="bbox 1996 1088 3593 1164">
    <p class='ocr_par' dir='ltr' id='par_1_26' title="bbox 1996 1088 3593 1164">
     <span class='ocr_line' id='line_1_26' title="bbox 1996 1088 3593 1164; baseline -0.008 -11"><span class='ocrx_word' id='word_1_186' title='bbox 1996 1095 2312 1153; x_wconf 80' lang='lat' dir='ltr'><strong>confitentis</strong></span> <span class='ocrx_word' id='word_1_187' title='bbox 2346 1095 2568 1164; x_wconf 88' lang='lat' dir='ltr'><strong>proprio</strong></span> <span class='ocrx_word' id='word_1_188' title='bbox 2599 1093 2742 1148; x_wconf 90' lang='lat' dir='ltr'><strong>collo</strong></span> <span class='ocrx_word' id='word_1_189' title='bbox 2786 1092 3018 1160; x_wconf 80' lang='lat' dir='ltr'><strong>imponit</strong></span> <span class='ocrx_word' id='word_1_190' title='bbox 3041 1132 3057 1156; x_wconf 95' lang='lat'><strong>,</strong></span> <span class='ocrx_word' id='word_1_191' title='bbox 3087 1090 3387 1160; x_wconf 75' lang='lat' dir='ltr'><strong>praesertim</strong></span> <span class='ocrx_word' id='word_1_192' title='bbox 3423 1090 3471 1145; x_wconf 90' lang='lat' dir='ltr'><strong>si</strong></span> <span class='ocrx_word' id='word_1_193' title='bbox 3506 1088 3593 1141; x_wconf 86' lang='lat' dir='ltr'><strong>vi-</strong></span> 
     </span>
    </p>
   </div>
   <div class='ocr_carea' id='block_1_27' title="bbox 2003 1179 3593 1256">
    <p class='ocr_par' dir='ltr' id='par_1_27' title="bbox 2003 1179 3593 1256">
     <span class='ocr_line' id='line_1_27' title="bbox 2003 1179 3593 1256; baseline -0.005 -15"><span class='ocrx_word' id='word_1_194' title='bbox 2003 1189 2127 1243; x_wconf 87' lang='lat' dir='ltr'><strong>deat</strong></span> <span class='ocrx_word' id='word_1_195' title='bbox 2155 1187 2336 1256; x_wconf 90' lang='lat' dir='ltr'><strong>ipsum</strong></span> <span class='ocrx_word' id='word_1_196' title='bbox 2367 1185 2698 1241; x_wconf 81' lang='lat' dir='ltr'><strong>intolerabili</strong></span> <span class='ocrx_word' id='word_1_197' title='bbox 2722 1184 2940 1237; x_wconf 85' lang='lat' dir='ltr'><strong>tristitia</strong></span> <span class='ocrx_word' id='word_1_198' title='bbox 2963 1192 3016 1237; x_wconf 89' lang='lat' dir='ltr'><strong>et</strong></span> <span class='ocrx_word' id='word_1_199' title='bbox 3038 1181 3248 1251; x_wconf 87' lang='lat' dir='ltr'><strong>pudore</strong></span> <span class='ocrx_word' id='word_1_200' title='bbox 3277 1179 3593 1236; x_wconf 87' lang='lat' dir='ltr'><strong>confectum</strong></span> 
     </span>
    </p>
   </div>
   <div class='ocr_carea' id='block_1_28' title="bbox 2001 1274 3593 1351">
    <p class='ocr_par' dir='ltr' id='par_1_28' title="bbox 2001 1274 3593 1351">
     <span class='ocr_line' id='line_1_28' title="bbox 2001 1274 3593 1351; baseline -0.006 -16"><span class='ocrx_word' id='word_1_201' title='bbox 2001 1296 2123 1351; x_wconf 63' lang='lat' dir='ltr'><strong>quae</strong></span> <span class='ocrx_word' id='word_1_202' title='bbox 2154 1281 2202 1335; x_wconf 85' lang='lat' dir='ltr'><strong>ei</strong></span> <span class='ocrx_word' id='word_1_203' title='bbox 2234 1279 2510 1336; x_wconf 74' lang='lat' dir='ltr'><strong>serviliter</strong></span> <span class='ocrx_word' id='word_1_204' title='bbox 2551 1277 2902 1332; x_wconf 81' lang='lat' dir='ltr'><strong>dominentur</strong></span> <span class='ocrx_word' id='word_1_205' title='bbox 2925 1316 2941 1340; x_wconf 87' lang='lat'><strong>,</strong></span> <span class='ocrx_word' id='word_1_206' title='bbox 2971 1274 3187 1345; x_wconf 84' lang='lat' dir='ltr'><strong>ipsique</strong></span> <span class='ocrx_word' id='word_1_207' title='bbox 3221 1282 3505 1328; x_wconf 86' lang='lat' dir='ltr'><strong>mansueta</strong></span> <span class='ocrx_word' id='word_1_208' title='bbox 3537 1281 3593 1325; x_wconf 87' lang='lat' dir='ltr'><strong>et</strong></span> 
     </span>
    </p>
   </div>
   <div class='ocr_carea' id='block_1_29' title="bbox 2000 1372 2561 1428">
    <p class='ocr_par' dir='ltr' id='par_1_29' title="bbox 2000 1372 2561 1428">
     <span class='ocr_line' id='line_1_29' title="bbox 2000 1372 2561 1428; baseline -0.007 0"><span class='ocrx_word' id='word_1_209' title='bbox 2000 1388 2189 1428; x_wconf 56' lang='lat' dir='ltr'><strong>serena</strong></span> <span class='ocrx_word' id='word_1_210' title='bbox 2218 1388 2349 1428; x_wconf 83' lang='lat' dir='ltr'><strong>voce</strong></span> <span class='ocrx_word' id='word_1_211' title='bbox 2383 1372 2516 1427; x_wconf 84' lang='lat' dir='ltr'><strong>dicit</strong></span> <span class='ocrx_word' id='word_1_212' title='bbox 2544 1389 2561 1425; x_wconf 87' lang='lat'><strong>:</strong></span> 
     </span>
    </p>
   </div>
   <div class='ocr_carea' id='block_1_30' title="bbox 2074 1622 3592 1695">
    <p class='ocr_par' dir='ltr' id='par_1_30' title="bbox 2074 1622 3592 1695">
     <span class='ocr_line' id='line_1_30' title="bbox 2074 1622 3592 1695; baseline -0.004 -14"><span class='ocrx_word' id='word_1_213' title='bbox 2074 1648 2093 1681; x_wconf 84' lang='grc' dir='ltr'><strong>ι</strong></span> <span class='ocrx_word' id='word_1_214' title='bbox 2129 1629 2439 1695; x_wconf 85' lang='lat' dir='ltr'><strong>Quomodo,</strong></span> <span class='ocrx_word' id='word_1_215' title='bbox 2480 1628 2708 1682; x_wconf 89' lang='lat' dir='ltr'><strong>domine</strong></span> <span class='ocrx_word' id='word_1_216' title='bbox 2741 1626 2911 1681; x_wconf 78' lang='lat' dir='ltr'><strong>frater</strong></span> <span class='ocrx_word' id='word_1_217' title='bbox 2942 1625 3064 1691; x_wconf 76' lang='lat' dir='ltr'><strong>(vel</strong></span> <span class='ocrx_word' id='word_1_218' title='bbox 3100 1638 3256 1679; x_wconf 85' lang='lat' dir='ltr'><strong>soror</strong></span> <span class='ocrx_word' id='word_1_219' title='bbox 3283 1623 3323 1692; x_wconf 88' lang='lat'><strong>),</strong></span> <span class='ocrx_word' id='word_1_220' title='bbox 3360 1622 3592 1690; x_wconf 74' lang='lat' dir='ltr'><strong>primum</strong></span> 
     </span>
    </p>
   </div>
   <div class='ocr_carea' id='block_1_31' title="bbox 1998 1712 3594 1790">
    <p class='ocr_par' dir='ltr' id='par_1_31' title="bbox 1998 1712 3594 1790">
     <span class='ocr_line' id='line_1_31' title="bbox 1998 1712 3594 1790; baseline -0.005 -17"><span class='ocrx_word' id='word_1_221' title='bbox 1998 1720 2282 1790; x_wconf 83' lang='lat' dir='ltr'><strong>virginitas</strong></span> <span class='ocrx_word' id='word_1_222' title='bbox 2308 1729 2399 1773; x_wconf 90' lang='lat' dir='ltr'><strong>tua</strong></span> <span class='ocrx_word' id='word_1_223' title='bbox 2430 1726 2685 1788; x_wconf 91' lang='lat' dir='ltr'><strong>corrupta</strong></span> <span class='ocrx_word' id='word_1_224' title='bbox 2717 1716 2844 1772; x_wconf 83' lang='lat' dir='ltr'><strong>est?</strong></span> <span class='ocrx_word' id='word_1_225' title='bbox 2883 1714 2988 1769; x_wconf 90' lang='lat' dir='ltr'><strong>Pcr</strong></span> <span class='ocrx_word' id='word_1_226' title='bbox 3019 1713 3466 1776; x_wconf 87' lang='lat' dir='ltr'><strong>fornicationem,</strong></span> <span class='ocrx_word' id='word_1_227' title='bbox 3506 1712 3594 1766; x_wconf 90' lang='lat' dir='ltr'><strong>vel</strong></span> 
     </span>
    </p>
   </div>
   <div class='ocr_carea' id='block_1_32' title="bbox 317 1803 1906 1896">
    <p class='ocr_par' dir='ltr' id='par_1_32' title="bbox 317 1803 1892 1896">
     <span class='ocr_line' id='line_1_32' title="bbox 317 1803 1892 1896; baseline -0.005 -17"><span class='ocrx_word' id='word_1_228' title='bbox 317 1821 522 1892; x_wconf 81' lang='grc' dir='ltr'><strong>γάμου,</strong></span> <span class='ocrx_word' id='word_1_229' title='bbox 553 1822 586 1892; x_wconf 82' lang='grc' dir='ltr'>ἢ</span> <span class='ocrx_word' id='word_1_230' title='bbox 624 1823 711 1876; x_wconf 83' lang='grc' dir='ltr'>διὰ</span> <span class='ocrx_word' id='word_1_231' title='bbox 742 1803 1035 1895; x_wconf 78' lang='grc' dir='ltr'>μαλακίας,</span> <span class='ocrx_word' id='word_1_232' title='bbox 1070 1825 1105 1896; x_wconf 76' lang='grc' dir='ltr'><strong>ἥ</strong></span> <span class='ocrx_word' id='word_1_233' title='bbox 1144 1803 1288 1887; x_wconf 83' lang='grc' dir='ltr'>τινος</span> <span class='ocrx_word' id='word_1_234' title='bbox 1328 1823 1437 1876; x_wconf 87' lang='grc' dir='ltr'>τῶν</span> <span class='ocrx_word' id='word_1_235' title='bbox 1464 1803 1625 1893; x_wconf 81' lang='grc' dir='ltr'>παρὰ</span> <span class='ocrx_word' id='word_1_236' title='bbox 1646 1821 1839 1890; x_wconf 82' lang='grc' dir='ltr'>φύσιν;</span> <span class='ocrx_word' id='word_1_237' title='bbox 1872 1837 1892 1871; x_wconf 73' lang='grc' dir='ltr'><strong>ι</strong></span> 
     </span>
    </p>
   </div>
   <div class='ocr_carea' id='block_1_33' title="bbox 2010 1803 3595 1896">
    <p class='ocr_par' dir='ltr' id='par_1_33' title="bbox 2010 1803 3595 1880">
     <span class='ocr_line' id='line_1_33' title="bbox 2010 1803 3595 1880; baseline -0.004 -17"><span class='ocrx_word' id='word_1_238' title='bbox 2010 1810 2307 1880; x_wconf 81' lang='lat' dir='ltr'><strong>legitimum</strong></span> <span class='ocrx_word' id='word_1_239' title='bbox 2340 1808 2778 1873; x_wconf 86' lang='lat' dir='ltr'><strong>matrimonium,</strong></span> <span class='ocrx_word' id='word_1_240' title='bbox 2808 1807 2894 1861; x_wconf 85' lang='lat' dir='ltr'><strong>vel</strong></span> <span class='ocrx_word' id='word_1_241' title='bbox 2922 1822 3015 1875; x_wconf 88' lang='lat' dir='ltr'><strong>per</strong></span> <span class='ocrx_word' id='word_1_242' title='bbox 3038 1804 3344 1869; x_wconf 90' lang='lat' dir='ltr'><strong>mollitiem,</strong></span> <span class='ocrx_word' id='word_1_243' title='bbox 3379 1810 3473 1856; x_wconf 89' lang='lat' dir='ltr'><strong>aut</strong></span> <span class='ocrx_word' id='word_1_244' title='bbox 3494 1803 3595 1857; x_wconf 82' lang='lat' dir='ltr'><strong>ali-</strong></span> 
     </span>
    </p>
   </div>
   <div class='ocr_carea' id='block_1_34' title="bbox 318 1910 1903 1985">
    <p class='ocr_par' dir='ltr' id='par_1_34' title="bbox 318 1910 1903 1985">
     <span class='ocr_line' id='line_1_34' title="bbox 318 1910 1903 1985; baseline -0.001 -22"><span class='ocrx_word' id='word_1_245' title='bbox 318 1911 653 1983; x_wconf 86' lang='grc' dir='ltr'>Συνθέμενον</span> <span class='ocrx_word' id='word_1_246' title='bbox 693 1915 750 1968; x_wconf 89' lang='grc' dir='ltr'>δὲ</span> <span class='ocrx_word' id='word_1_247' title='bbox 795 1916 890 1968; x_wconf 78' lang='grc' dir='ltr'>καὶ</span> <span class='ocrx_word' id='word_1_248' title='bbox 933 1915 1111 1979; x_wconf 77' lang='grc' dir='ltr'>οὕτως</span> <span class='ocrx_word' id='word_1_249' title='bbox 1161 1915 1194 1985; x_wconf 87' lang='grc' dir='ltr'>ἢ</span> <span class='ocrx_word' id='word_1_250' title='bbox 1246 1913 1418 1977; x_wconf 76' lang='grc' dir='ltr'>οὕτως</span> <span class='ocrx_word' id='word_1_251' title='bbox 1461 1914 1702 1976; x_wconf 82' lang='grc' dir='ltr'><strong>εἰπόντα,</strong></span> <span class='ocrx_word' id='word_1_252' title='bbox 1742 1910 1903 1966; x_wconf 84' lang='grc' dir='ltr'>πάλιν</span> 
     </span>
    </p>
   </div>
   <div class='ocr_carea' id='block_1_35' title="bbox 316 1996 1904 2075">
    <p class='ocr_par' dir='ltr' id='par_1_35' title="bbox 316 1996 1904 2075">
     <span class='ocr_line' id='line_1_35' title="bbox 316 1996 1904 2075; baseline -0.003 -20"><span class='ocrx_word' id='word_1_253' title='bbox 316 2004 606 2075; x_wconf 76' lang='grc' dir='ltr'><strong>ἐπερωτᾷν</strong></span> <span class='ocrx_word' id='word_1_254' title='bbox 636 2004 819 2071; x_wconf 82' lang='grc' dir='ltr'>αὑτὸν,</span> <span class='ocrx_word' id='word_1_255' title='bbox 851 2007 929 2069; x_wconf 89' lang='grc' dir='ltr'><strong>εἰς</strong></span> <span class='ocrx_word' id='word_1_256' title='bbox 960 2004 1130 2067; x_wconf 80' lang='grc' dir='ltr'>πόσας</span> <span class='ocrx_word' id='word_1_257' title='bbox 1160 2003 1323 2056; x_wconf 75' lang='grc' dir='ltr'>ἔπεσε</span> <span class='ocrx_word' id='word_1_258' title='bbox 1370 2004 1634 2069; x_wconf 87' lang='grc' dir='ltr'>γυναῖκας</span> <span class='ocrx_word' id='word_1_259' title='bbox 1674 2000 1781 2070; x_wconf 87' lang='grc' dir='ltr'><strong>πρὸ</strong></span> <span class='ocrx_word' id='word_1_260' title='bbox 1811 1996 1904 2052; x_wconf 82' lang='grc' dir='ltr'><strong>τοῦ</strong></span> 
     </span>
    </p>
   </div>
   <div class='ocr_carea' id='block_1_36' title="bbox 317 2090 1904 2167">
    <p class='ocr_par' dir='ltr' id='par_1_36' title="bbox 317 2090 1904 2167">
     <span class='ocr_line' id='line_1_36' title="bbox 317 2090 1904 2167; baseline -0.002 -22"><span class='ocrx_word' id='word_1_261' title='bbox 317 2092 505 2148; x_wconf 78' lang='grc' dir='ltr'>λαϐεῖν</span> <span class='ocrx_word' id='word_1_262' title='bbox 547 2098 803 2163; x_wconf 84' lang='grc' dir='ltr'>γυναῖκα,</span> <span class='ocrx_word' id='word_1_263' title='bbox 850 2095 946 2149; x_wconf 78' lang='grc' dir='ltr'>καὶ</span> <span class='ocrx_word' id='word_1_264' title='bbox 989 2098 1037 2149; x_wconf 87' lang='grc' dir='ltr'><strong>εί</strong></span> <span class='ocrx_word' id='word_1_265' title='bbox 1067 2095 1174 2167; x_wconf 83' lang='grc' dir='ltr'>ἄρα</span> <span class='ocrx_word' id='word_1_266' title='bbox 1204 2090 1345 2166; x_wconf 80' lang='grc' dir='ltr'>ἦσαν</span> <span class='ocrx_word' id='word_1_267' title='bbox 1382 2092 1442 2157; x_wconf 78' lang='grc' dir='ltr'>ἐξ</span> <span class='ocrx_word' id='word_1_268' title='bbox 1477 2092 1659 2147; x_wconf 80' lang='grc' dir='ltr'>αὐτῶν</span> <span class='ocrx_word' id='word_1_269' title='bbox 1696 2090 1904 2156; x_wconf 75' lang='grc' dir='ltr'>δοῦλαι,</span> 
     </span>
    </p>
   </div>
   <div class='ocr_carea' id='block_1_37' title="bbox 318 2181 1908 2257">
    <p class='ocr_par' dir='ltr' id='par_1_37' title="bbox 318 2181 1908 2257">
     <span class='ocr_line' id='line_1_37' title="bbox 318 2181 1908 2257; baseline -0.004 -19"><span class='ocrx_word' id='word_1_270' title='bbox 318 2184 415 2238; x_wconf 75' lang='grc' dir='ltr'><strong>καὶ</strong></span> <span class='ocrx_word' id='word_1_271' title='bbox 448 2185 613 2238; x_wconf 67' lang='grc' dir='ltr'>πόςαι</span> <span class='ocrx_word' id='word_1_272' title='bbox 661 2186 853 2257; x_wconf 82' lang='grc' dir='ltr'>χῆραι,</span> <span class='ocrx_word' id='word_1_273' title='bbox 893 2186 989 2240; x_wconf 69' lang='grc' dir='ltr'><strong>καὶ</strong></span> <span class='ocrx_word' id='word_1_274' title='bbox 1038 2186 1203 2239; x_wconf 89' lang='grc' dir='ltr'>πόσαι</span> <span class='ocrx_word' id='word_1_275' title='bbox 1246 2183 1506 2253; x_wconf 80' lang='grc' dir='ltr'>ὕπανδροι</span> <span class='ocrx_word' id='word_1_276' title='bbox 1531 2225 1547 2250; x_wconf 87' lang='grc'><strong>,</strong></span> <span class='ocrx_word' id='word_1_277' title='bbox 1599 2183 1694 2235; x_wconf 73' lang='grc' dir='ltr'>καὶ</span> <span class='ocrx_word' id='word_1_278' title='bbox 1725 2182 1773 2233; x_wconf 80' lang='grc' dir='ltr'><strong>εί</strong></span> <span class='ocrx_word' id='word_1_279' title='bbox 1800 2181 1908 2250; x_wconf 81' lang='grc' dir='ltr'>ἄρα</span> 
     </span>
    </p>
   </div>
   <div class='ocr_carea' id='block_1_38' title="bbox 335 2269 1906 2344">
    <p class='ocr_par' dir='ltr' id='par_1_38' title="bbox 335 2269 1906 2344">
     <span class='ocr_line' id='line_1_38' title="bbox 335 2269 1906 2344; baseline -0.004 -19"><span class='ocrx_word' id='word_1_280' title='bbox 335 2274 661 2344; x_wconf 83' lang='grc' dir='ltr'>μονάστριαι</span> <span class='ocrx_word' id='word_1_281' title='bbox 687 2313 703 2339; x_wconf 91' lang='grc'><strong>,</strong></span> <span class='ocrx_word' id='word_1_282' title='bbox 747 2274 838 2328; x_wconf 76' lang='grc' dir='ltr'>καὶ</span> <span class='ocrx_word' id='word_1_283' title='bbox 873 2274 1066 2339; x_wconf 87' lang='grc' dir='ltr'>πόσαι,</span> <span class='ocrx_word' id='word_1_284' title='bbox 1122 2274 1216 2327; x_wconf 75' lang='grc' dir='ltr'><strong>καὶ</strong></span> <span class='ocrx_word' id='word_1_285' title='bbox 1249 2274 1297 2324; x_wconf 88' lang='grc' dir='ltr'><strong>εί</strong></span> <span class='ocrx_word' id='word_1_286' title='bbox 1326 2271 1433 2343; x_wconf 83' lang='grc' dir='ltr'>ἄρα</span> <span class='ocrx_word' id='word_1_287' title='bbox 1478 2269 1906 2340; x_wconf 81' lang='grc' dir='ltr'>μεγαλόοχημοι.</span> 
     </span>
    </p>
   </div>
   <div class='ocr_carea' id='block_1_39' title="bbox 310 2360 1908 2436">
    <p class='ocr_par' dir='ltr' id='par_1_39' title="bbox 310 2360 1908 2436">
     <span class='ocr_line' id='line_1_39' title="bbox 310 2360 1908 2436; baseline -0.001 -21"><span class='ocrx_word' id='word_1_288' title='bbox 310 2362 378 2418; x_wconf 77' lang='lat' dir='ltr'><strong>Ai</strong></span> <span class='ocrx_word' id='word_1_289' title='bbox 437 2364 546 2434; x_wconf 82' lang='grc' dir='ltr'>γὰρ</span> <span class='ocrx_word' id='word_1_290' title='bbox 599 2365 966 2436; x_wconf 84' lang='grc' dir='ltr'>μικρόσχημοι</span> <span class='ocrx_word' id='word_1_291' title='bbox 997 2404 1012 2427; x_wconf 91' lang='grc'><strong>,</strong></span> <span class='ocrx_word' id='word_1_292' title='bbox 1060 2365 1137 2428; x_wconf 85' lang='grc' dir='ltr'><strong>ὡς</strong></span> <span class='ocrx_word' id='word_1_293' title='bbox 1179 2363 1376 2436; x_wconf 82' lang='grc' dir='ltr'>πόρναι</span> <span class='ocrx_word' id='word_1_294' title='bbox 1429 2365 1739 2433; x_wconf 81' lang='grc' dir='ltr'><strong>κρίνονται,</strong></span> <span class='ocrx_word' id='word_1_295' title='bbox 1772 2360 1908 2413; x_wconf 80' lang='grc' dir='ltr'>αἰδὲ</span> 
     </span>
    </p>
   </div>
   <div class='ocr_carea' id='block_1_40' title="bbox 321 2451 1909 2528">
    <p class='ocr_par' dir='ltr' id='par_1_40' title="bbox 321 2451 1909 2528">
     <span class='ocr_line' id='line_1_40' title="bbox 321 2451 1909 2528; baseline 0.002 -25"><span class='ocrx_word' id='word_1_296' title='bbox 321 2451 757 2524; x_wconf 83' lang='grc' dir='ltr'>μεγαλόσχημοι,</span> <span class='ocrx_word' id='word_1_297' title='bbox 784 2455 858 2517; x_wconf 71' lang='grc' dir='ltr'>ὡς</span> <span class='ocrx_word' id='word_1_298' title='bbox 887 2454 1173 2528; x_wconf 76' lang='grc' dir='ltr'>ὕπανδροι.</span> <span class='ocrx_word' id='word_1_299' title='bbox 1212 2457 1323 2512; x_wconf 77' lang='grc' dir='ltr'><strong>Καὶ</strong></span> <span class='ocrx_word' id='word_1_300' title='bbox 1347 2457 1396 2508; x_wconf 85' lang='grc' dir='ltr'><strong>εί</strong></span> <span class='ocrx_word' id='word_1_301' title='bbox 1426 2454 1533 2527; x_wconf 81' lang='grc' dir='ltr'>ἄρα</span> <span class='ocrx_word' id='word_1_302' title='bbox 1553 2455 1778 2527; x_wconf 64' lang='grc' dir='ltr'>πόρναι,</span> <span class='ocrx_word' id='word_1_303' title='bbox 1815 2453 1909 2508; x_wconf 77' lang='grc' dir='ltr'>καὶ</span> 
     </span>
    </p>
   </div>
   <div class='ocr_carea' id='block_1_41' title="bbox 318 2544 1148 2621">
    <p class='ocr_par' dir='ltr' id='par_1_41' title="bbox 318 2544 1148 2621">
     <span class='ocr_line' id='line_1_41' title="bbox 318 2544 1148 2621; baseline 0.01 -25"><span class='ocrx_word' id='word_1_304' title='bbox 318 2544 506 2612; x_wconf 87' lang='grc' dir='ltr'>πόσαι,</span> <span class='ocrx_word' id='word_1_305' title='bbox 546 2546 641 2600; x_wconf 74' lang='grc' dir='ltr'>καὶ</span> <span class='ocrx_word' id='word_1_306' title='bbox 664 2547 830 2602; x_wconf 87' lang='grc' dir='ltr'>πόσαι</span> <span class='ocrx_word' id='word_1_307' title='bbox 866 2548 1148 2621; x_wconf 82' lang='grc' dir='ltr'>παρθένοι.</span> 
     </span>
    </p>
   </div>
   <div class='ocr_carea' id='block_1_42' title="bbox 390 2729 1912 2806">
    <p class='ocr_par' dir='ltr' id='par_1_42' title="bbox 390 2729 1912 2806">
     <span class='ocr_line' id='line_1_42' title="bbox 390 2729 1912 2806; baseline 0.003 -24"><span class='ocrx_word' id='word_1_308' title='bbox 390 2729 578 2784; x_wconf 83' lang='grc' dir='ltr'>Ταῦτα</span> <span class='ocrx_word' id='word_1_309' title='bbox 602 2733 660 2784; x_wconf 84' lang='grc' dir='ltr'>ἐν</span> <span class='ocrx_word' id='word_1_310' title='bbox 689 2731 935 2803; x_wconf 81' lang='grc' dir='ltr'>πρώτοις</span> <span class='ocrx_word' id='word_1_311' title='bbox 968 2735 1075 2805; x_wconf 83' lang='grc' dir='ltr'><strong>χρὴ</strong></span> <span class='ocrx_word' id='word_1_312' title='bbox 1103 2734 1194 2788; x_wconf 82' lang='grc' dir='ltr'><strong>τὸν</strong></span> <span class='ocrx_word' id='word_1_313' title='bbox 1221 2735 1321 2799; x_wconf 82' lang='grc' dir='ltr'><strong>τὰς</strong></span> <span class='ocrx_word' id='word_1_314' title='bbox 1345 2735 1756 2806; x_wconf 76' lang='grc' dir='ltr'>ἐξομολογήσεις</span> <span class='ocrx_word' id='word_1_315' title='bbox 1782 2736 1912 2788; x_wconf 86' lang='grc' dir='ltr'>ἀνα-</span> 
     </span>
    </p>
   </div>
   <div class='ocr_carea' id='block_1_43' title="bbox 318 2819 1910 2897">
    <p class='ocr_par' dir='ltr' id='par_1_43' title="bbox 318 2819 1910 2897">
     <span class='ocr_line' id='line_1_43' title="bbox 318 2819 1910 2897; baseline 0.003 -24"><span class='ocrx_word' id='word_1_316' title='bbox 318 2819 613 2892; x_wconf 82' lang='grc' dir='ltr'>δεχόμενον</span> <span class='ocrx_word' id='word_1_317' title='bbox 642 2825 853 2894; x_wconf 79' lang='grc' dir='ltr'><strong>ἐρωτᾷν</strong></span> <span class='ocrx_word' id='word_1_318' title='bbox 874 2825 965 2878; x_wconf 75' lang='grc' dir='ltr'>τὸν</span> <span class='ocrx_word' id='word_1_319' title='bbox 994 2826 1490 2897; x_wconf 77' lang='grc' dir='ltr'>ὲξομολογούμενον</span> <span class='ocrx_word' id='word_1_320' title='bbox 1532 2844 1547 2857; x_wconf 88' lang='grc'><strong>·</strong></span> <span class='ocrx_word' id='word_1_321' title='bbox 1573 2827 1668 2880; x_wconf 75' lang='grc' dir='ltr'>καὶ</span> <span class='ocrx_word' id='word_1_322' title='bbox 1704 2826 1763 2879; x_wconf 86' lang='grc' dir='ltr'>τὸ</span> <span class='ocrx_word' id='word_1_323' title='bbox 1791 2827 1910 2878; x_wconf 84' lang='grc' dir='ltr'><strong>ὅλον</strong></span> 
     </span>
    </p>
   </div>
   <div class='ocr_carea' id='block_1_44' title="bbox 316 2914 1911 2990">
    <p class='ocr_par' dir='ltr' id='par_1_44' title="bbox 316 2914 1911 2990">
     <span class='ocr_line' id='line_1_44' title="bbox 316 2914 1911 2990; baseline 0.003 -26"><span class='ocrx_word' id='word_1_324' title='bbox 316 2915 399 2977; x_wconf 83' lang='grc' dir='ltr'><strong>είς</strong></span> <span class='ocrx_word' id='word_1_325' title='bbox 423 2914 593 2978; x_wconf 84' lang='grc' dir='ltr'>πόσας</span> <span class='ocrx_word' id='word_1_326' title='bbox 617 2915 752 2986; x_wconf 82' lang='grc' dir='ltr'>ὁμοῦ</span> <span class='ocrx_word' id='word_1_327' title='bbox 778 2918 1096 2989; x_wconf 79' lang='grc' dir='ltr'>περιέπεσε.</span> <span class='ocrx_word' id='word_1_328' title='bbox 1126 2919 1238 2990; x_wconf 80' lang='grc' dir='ltr'><strong>Πρὸ</strong></span> <span class='ocrx_word' id='word_1_329' title='bbox 1263 2919 1479 2972; x_wconf 83' lang='grc' dir='ltr'>πάντων</span> <span class='ocrx_word' id='word_1_330' title='bbox 1499 2918 1607 2989; x_wconf 71' lang='grc' dir='ltr'><strong>γὰρ</strong></span> <span class='ocrx_word' id='word_1_331' title='bbox 1630 2919 1659 2970; x_wconf 88' lang='grc' dir='ltr'><strong>ὁ</strong></span> <span class='ocrx_word' id='word_1_332' title='bbox 1680 2916 1911 2988; x_wconf 74' lang='grc' dir='ltr'>ἀριθμὸς</span> 
     </span>
    </p>
   </div>
   <div class='ocr_carea' id='block_1_45' title="bbox 317 3004 1910 3082">
    <p class='ocr_par' dir='ltr' id='par_1_45' title="bbox 317 3004 1910 3082">
     <span class='ocr_line' id='line_1_45' title="bbox 317 3004 1910 3082; baseline 0.001 -21"><span class='ocrx_word' id='word_1_333' title='bbox 317 3004 589 3078; x_wconf 77' lang='grc' dir='ltr'>ζητεῖται,</span> <span class='ocrx_word' id='word_1_334' title='bbox 638 3009 734 3062; x_wconf 76' lang='grc' dir='ltr'><strong>καὶ</strong></span> <span class='ocrx_word' id='word_1_335' title='bbox 782 3011 815 3079; x_wconf 80' lang='grc' dir='ltr'><strong>ἡ</strong></span> <span class='ocrx_word' id='word_1_336' title='bbox 863 3010 973 3063; x_wconf 87' lang='grc' dir='ltr'><strong>τῶν</strong></span> <span class='ocrx_word' id='word_1_337' title='bbox 1017 3011 1327 3082; x_wconf 86' lang='grc' dir='ltr'>προσώπων</span> <span class='ocrx_word' id='word_1_338' title='bbox 1373 3011 1624 3080; x_wconf 76' lang='grc' dir='ltr'>διαφορά.</span> <span class='ocrx_word' id='word_1_339' title='bbox 1656 3011 1753 3076; x_wconf 75' lang='grc' dir='ltr'><strong>Ἓξ</strong></span> <span class='ocrx_word' id='word_1_340' title='bbox 1800 3009 1910 3080; x_wconf 84' lang='grc' dir='ltr'><strong>γάρ</strong></span> 
     </span>
    </p>
   </div>
   <div class='ocr_carea' id='block_1_46' title="bbox 2006 1892 3594 1972">
    <p class='ocr_par' dir='ltr' id='par_1_46' title="bbox 2006 1892 3594 1972">
     <span class='ocr_line' id='line_1_46' title="bbox 2006 1892 3594 1972; baseline -0.004 -19"><span class='ocrx_word' id='word_1_341' title='bbox 2006 1902 2136 1972; x_wconf 89' lang='lat' dir='ltr'><strong>quid</strong></span> <span class='ocrx_word' id='word_1_342' title='bbox 2170 1915 2362 1957; x_wconf 89' lang='lat' dir='ltr'><strong>eorum</strong></span> <span class='ocrx_word' id='word_1_343' title='bbox 2408 1916 2530 1969; x_wconf 78' lang='lat' dir='ltr'><strong>qua:</strong></span> <span class='ocrx_word' id='word_1_344' title='bbox 2575 1908 2704 1954; x_wconf 89' lang='lat' dir='ltr'><strong>sunt</strong></span> <span class='ocrx_word' id='word_1_345' title='bbox 2742 1906 2930 1952; x_wconf 89' lang='lat' dir='ltr'><strong>contra</strong></span> <span class='ocrx_word' id='word_1_346' title='bbox 2966 1894 3263 1950; x_wconf 78' lang='lat' dir='ltr'><strong>naturam?</strong></span> <span class='ocrx_word' id='word_1_347' title='bbox 3296 1914 3316 1946; x_wconf 68' lang='grc' dir='ltr'><strong>ι</strong></span> <span class='ocrx_word' id='word_1_348' title='bbox 3346 1892 3594 1949; x_wconf 88' lang='lat' dir='ltr'><strong>Consen-</strong></span> 
     </span>
    </p>
   </div>
   <div class='ocr_carea' id='block_1_47' title="bbox 2007 1984 3595 2053">
    <p class='ocr_par' dir='ltr' id='par_1_47' title="bbox 2007 1984 3595 2053">
     <span class='ocr_line' id='line_1_47' title="bbox 2007 1984 3595 2053; baseline -0.006 -7"><span class='ocrx_word' id='word_1_349' title='bbox 2007 1993 2231 2047; x_wconf 91' lang='lat' dir='ltr'><strong>tientem</strong></span> <span class='ocrx_word' id='word_1_350' title='bbox 2263 2006 2391 2045; x_wconf 85' lang='lat' dir='ltr'><strong>vero</strong></span> <span class='ocrx_word' id='word_1_351' title='bbox 2421 2000 2476 2044; x_wconf 89' lang='lat' dir='ltr'><strong>et</strong></span> <span class='ocrx_word' id='word_1_352' title='bbox 2503 1990 2771 2044; x_wconf 89' lang='lat' dir='ltr'><strong>dicentem</strong></span> <span class='ocrx_word' id='word_1_353' title='bbox 2818 1986 2898 2041; x_wconf 87' lang='lat' dir='ltr'><strong>sic</strong></span> <span class='ocrx_word' id='word_1_354' title='bbox 2935 1994 2990 2040; x_wconf 89' lang='lat' dir='ltr'><strong>et</strong></span> <span class='ocrx_word' id='word_1_355' title='bbox 3033 1987 3137 2049; x_wconf 85' lang='lat' dir='ltr'><strong>sic,</strong></span> <span class='ocrx_word' id='word_1_356' title='bbox 3168 1986 3367 2039; x_wconf 88' lang='lat' dir='ltr'><strong>iterum</strong></span> <span class='ocrx_word' id='word_1_357' title='bbox 3413 1984 3595 2053; x_wconf 89' lang='lat' dir='ltr'><strong>ipsum</strong></span> 
     </span>
    </p>
   </div>
   <div class='ocr_carea' id='block_1_48' title="bbox 2007 2079 3596 2155">
    <p class='ocr_par' dir='ltr' id='par_1_48' title="bbox 2007 2079 3596 2155">
     <span class='ocr_line' id='line_1_48' title="bbox 2007 2079 3596 2155; baseline -0.004 -17"><span class='ocrx_word' id='word_1_358' title='bbox 2007 2084 2329 2155; x_wconf 78' lang='lat' dir='ltr'><strong>interrogat,</strong></span> <span class='ocrx_word' id='word_1_359' title='bbox 2377 2084 2431 2138; x_wconf 91' lang='lat' dir='ltr'><strong>in</strong></span> <span class='ocrx_word' id='word_1_360' title='bbox 2477 2090 2610 2154; x_wconf 89' lang='lat' dir='ltr'><strong>quot</strong></span> <span class='ocrx_word' id='word_1_361' title='bbox 2656 2082 2913 2137; x_wconf 89' lang='lat' dir='ltr'><strong>mulieres</strong></span> <span class='ocrx_word' id='word_1_362' title='bbox 2964 2079 3256 2145; x_wconf 86' lang='lat' dir='ltr'><strong>inciderit,</strong></span> <span class='ocrx_word' id='word_1_363' title='bbox 3301 2088 3596 2149; x_wconf 86' lang='lat' dir='ltr'><strong>antequam</strong></span> 
     </span>
    </p>
   </div>
   <div class='ocr_carea' id='block_1_49' title="bbox 2009 2168 3597 2243">
    <p class='ocr_par' dir='ltr' id='par_1_49' title="bbox 2009 2168 3597 2243">
     <span class='ocr_line' id='line_1_49' title="bbox 2009 2168 3597 2243; baseline -0.005 -15"><span class='ocrx_word' id='word_1_364' title='bbox 2009 2191 2233 2230; x_wconf 83' lang='lat' dir='ltr'><strong>uxorem</strong></span> <span class='ocrx_word' id='word_1_365' title='bbox 2269 2168 2539 2241; x_wconf 57' lang='lat' dir='ltr'><strong>duceret;</strong></span> <span class='ocrx_word' id='word_1_366' title='bbox 2581 2189 2713 2228; x_wconf 90' lang='lat' dir='ltr'><strong>num</strong></span> <span class='ocrx_word' id='word_1_367' title='bbox 2744 2174 2943 2243; x_wconf 62' lang='lat' dir='ltr'><strong>aliquae</strong></span> <span class='ocrx_word' id='word_1_368' title='bbox 2979 2172 3221 2242; x_wconf 86' lang='lat' dir='ltr'><strong>ipsarum</strong></span> <span class='ocrx_word' id='word_1_369' title='bbox 3268 2177 3453 2226; x_wconf 88' lang='lat' dir='ltr'><strong>essent</strong></span> <span class='ocrx_word' id='word_1_370' title='bbox 3494 2183 3597 2221; x_wconf 90' lang='lat' dir='ltr'><strong>an-</strong></span> 
     </span>
    </p>
   </div>
   <div class='ocr_carea' id='block_1_50' title="bbox 2008 2260 3595 2339">
    <p class='ocr_par' dir='ltr' id='par_1_50' title="bbox 2008 2260 3595 2339">
     <span class='ocr_line' id='line_1_50' title="bbox 2008 2260 3595 2339; baseline -0.007 -14"><span class='ocrx_word' id='word_1_371' title='bbox 2008 2271 2169 2334; x_wconf 68' lang='lat' dir='ltr'><strong>cillae,</strong></span> <span class='ocrx_word' id='word_1_372' title='bbox 2200 2276 2418 2339; x_wconf 70' lang='lat' dir='ltr'><strong>quantae</strong></span> <span class='ocrx_word' id='word_1_373' title='bbox 2460 2267 2655 2329; x_wconf 76' lang='lat' dir='ltr'><strong>viduae,</strong></span> <span class='ocrx_word' id='word_1_374' title='bbox 2696 2275 2750 2321; x_wconf 88' lang='lat' dir='ltr'><strong>et</strong></span> <span class='ocrx_word' id='word_1_375' title='bbox 2791 2279 3014 2334; x_wconf 69' lang='lat' dir='ltr'><strong>quanta:</strong></span> <span class='ocrx_word' id='word_1_376' title='bbox 3049 2271 3274 2332; x_wconf 71' lang='lat' dir='ltr'><strong>nuptm;</strong></span> <span class='ocrx_word' id='word_1_377' title='bbox 3316 2276 3449 2316; x_wconf 90' lang='lat' dir='ltr'><strong>num</strong></span> <span class='ocrx_word' id='word_1_378' title='bbox 3491 2260 3595 2315; x_wconf 87' lang='lat' dir='ltr'><strong>ali-</strong></span> 
     </span>
    </p>
   </div>
   <div class='ocr_carea' id='block_1_51' title="bbox 2009 2354 3595 2434">
    <p class='ocr_par' dir='ltr' id='par_1_51' title="bbox 2009 2354 3595 2434">
     <span class='ocr_line' id='line_1_51' title="bbox 2009 2354 3595 2434; baseline -0.006 -17"><span class='ocrx_word' id='word_1_379' title='bbox 2009 2378 2131 2434; x_wconf 79' lang='lat' dir='ltr'><strong>quae</strong></span> <span class='ocrx_word' id='word_1_380' title='bbox 2162 2360 2464 2421; x_wconf 67' lang='lat' dir='ltr'><strong>monachm,</strong></span> <span class='ocrx_word' id='word_1_381' title='bbox 2497 2370 2551 2413; x_wconf 91' lang='lat' dir='ltr'><strong>et</strong></span> <span class='ocrx_word' id='word_1_382' title='bbox 2588 2367 2724 2428; x_wconf 86' lang='lat' dir='ltr'><strong>quot</strong></span> <span class='ocrx_word' id='word_1_383' title='bbox 2752 2374 2768 2422; x_wconf 90' lang='lat'><strong>;</strong></span> <span class='ocrx_word' id='word_1_384' title='bbox 2800 2356 3161 2426; x_wconf 73' lang='lat' dir='ltr'><strong>num-aliquae</strong></span> <span class='ocrx_word' id='word_1_385' title='bbox 3194 2368 3453 2424; x_wconf 83' lang='lat' dir='ltr'><strong>magnum</strong></span> <span class='ocrx_word' id='word_1_386' title='bbox 3495 2354 3595 2408; x_wconf 81' lang='lat' dir='ltr'><strong>lia-</strong></span> 
     </span>
    </p>
   </div>
   <div class='ocr_carea' id='block_1_52' title="bbox 2012 2445 3595 2526">
    <p class='ocr_par' dir='ltr' id='par_1_52' title="bbox 2012 2445 3595 2526">
     <span class='ocr_line' id='line_1_52' title="bbox 2012 2445 3595 2526; baseline -0.007 -14"><span class='ocrx_word' id='word_1_387' title='bbox 2012 2456 2183 2512; x_wconf 76' lang='lat' dir='ltr'><strong>liitum</strong></span> <span class='ocrx_word' id='word_1_388' title='bbox 2223 2461 2514 2526; x_wconf 86' lang='lat' dir='ltr'><strong>gestarent.</strong></span> <span class='ocrx_word' id='word_1_389' title='bbox 2548 2451 2682 2519; x_wconf 73' lang='lat' dir='ltr'><strong>Quae</strong></span> <span class='ocrx_word' id='word_1_390' title='bbox 2730 2451 2875 2506; x_wconf 89' lang='lat' dir='ltr'><strong>enim</strong></span> <span class='ocrx_word' id='word_1_391' title='bbox 2920 2463 3146 2521; x_wconf 90' lang='lat' dir='ltr'><strong>parvum</strong></span> <span class='ocrx_word' id='word_1_392' title='bbox 3189 2454 3252 2502; x_wconf 88' lang='lat' dir='ltr'><strong>ut</strong></span> <span class='ocrx_word' id='word_1_393' title='bbox 3278 2445 3595 2501; x_wconf 88' lang='lat' dir='ltr'><strong>meretrices</strong></span> 
     </span>
    </p>
   </div>
   <div class='ocr_carea' id='block_1_53' title="bbox 2004 2537 3596 2620">
    <p class='ocr_par' dir='ltr' id='par_1_53' title="bbox 2004 2537 3596 2620">
     <span class='ocr_line' id='line_1_53' title="bbox 2004 2537 3596 2620; baseline -0.007 -17"><span class='ocrx_word' id='word_1_394' title='bbox 2004 2549 2321 2620; x_wconf 84' lang='lat' dir='ltr'><strong>jndicautur</strong></span> <span class='ocrx_word' id='word_1_395' title='bbox 2347 2565 2361 2601; x_wconf 89' lang='lat'>:</span> <span class='ocrx_word' id='word_1_396' title='bbox 2391 2562 2515 2616; x_wconf 78' lang='lat' dir='ltr'><strong>quze</strong></span> <span class='ocrx_word' id='word_1_397' title='bbox 2550 2560 2679 2600; x_wconf 89' lang='lat' dir='ltr'><strong>vero</strong></span> <span class='ocrx_word' id='word_1_398' title='bbox 2721 2558 2979 2613; x_wconf 84' lang='lat' dir='ltr'><strong>magnum</strong></span> <span class='ocrx_word' id='word_1_399' title='bbox 3012 2551 3072 2596; x_wconf 92' lang='lat' dir='ltr'><strong>ut</strong></span> <span class='ocrx_word' id='word_1_400' title='bbox 3109 2549 3311 2610; x_wconf 64' lang='lat' dir='ltr'><strong>nuptm.</strong></span> <span class='ocrx_word' id='word_1_401' title='bbox 3347 2537 3503 2605; x_wconf 85' lang='lat' dir='ltr'><strong>Quod</strong></span> <span class='ocrx_word' id='word_1_402' title='bbox 3547 2538 3596 2593; x_wconf 89' lang='lat' dir='ltr'><strong>si</strong></span> 
     </span>
    </p>
   </div>
   <div class='ocr_carea' id='block_1_54' title="bbox 2011 2631 3452 2706">
    <p class='ocr_par' dir='ltr' id='par_1_54' title="bbox 2011 2631 3452 2706">
     <span class='ocr_line' id='line_1_54' title="bbox 2011 2631 3452 2706; baseline -0.005 -13"><span class='ocrx_word' id='word_1_403' title='bbox 2011 2640 2326 2693; x_wconf 88' lang='lat' dir='ltr'><strong>meretrices</strong></span> <span class='ocrx_word' id='word_1_404' title='bbox 2363 2645 2544 2701; x_wconf 88' lang='lat' dir='ltr'><strong>erant,</strong></span> <span class='ocrx_word' id='word_1_405' title='bbox 2582 2644 2824 2706; x_wconf 59' lang='lat' dir='ltr'><strong>quanta},</strong></span> <span class='ocrx_word' id='word_1_406' title='bbox 2857 2643 2913 2689; x_wconf 85' lang='lat' dir='ltr'><strong>et</strong></span> <span class='ocrx_word' id='word_1_407' title='bbox 2940 2642 3156 2704; x_wconf 67' lang='lat' dir='ltr'><strong>quanta:</strong></span> <span class='ocrx_word' id='word_1_408' title='bbox 3191 2631 3452 2701; x_wconf 82' lang='lat' dir='ltr'><strong>virgines.</strong></span> 
     </span>
    </p>
   </div>
   <div class='ocr_carea' id='block_1_55' title="bbox 2082 2723 3598 2800">
    <p class='ocr_par' dir='ltr' id='par_1_55' title="bbox 2082 2723 3598 2800">
     <span class='ocr_line' id='line_1_55' title="bbox 2082 2723 3598 2800; baseline -0.006 -16"><span class='ocrx_word' id='word_1_409' title='bbox 2082 2730 2208 2786; x_wconf 69' lang='lat' dir='ltr'><strong>Haec</strong></span> <span class='ocrx_word' id='word_1_410' title='bbox 2251 2731 2303 2784; x_wconf 93' lang='lat' dir='ltr'><strong>in</strong></span> <span class='ocrx_word' id='word_1_411' title='bbox 2346 2731 2539 2800; x_wconf 91' lang='lat' dir='ltr'><strong>primis</strong></span> <span class='ocrx_word' id='word_1_412' title='bbox 2580 2727 2953 2783; x_wconf 89' lang='lat' dir='ltr'><strong>confessorem</strong></span> <span class='ocrx_word' id='word_1_413' title='bbox 3002 2730 3225 2793; x_wconf 87' lang='lat' dir='ltr'><strong>oportet</strong></span> <span class='ocrx_word' id='word_1_414' title='bbox 3263 2723 3598 2790; x_wconf 74' lang='lat' dir='ltr'><strong>interrogare</strong></span> 
     </span>
    </p>
   </div>
   <div class='ocr_carea' id='block_1_56' title="bbox 2011 2814 3593 2885">
    <p class='ocr_par' dir='ltr' id='par_1_56' title="bbox 2011 2814 3593 2885">
     <span class='ocr_line' id='line_1_56' title="bbox 2011 2814 3593 2885; baseline -0.006 -6"><span class='ocrx_word' id='word_1_415' title='bbox 2011 2825 2355 2879; x_wconf 79' lang='lat' dir='ltr'><strong>conﬁtentem</strong></span> <span class='ocrx_word' id='word_1_416' title='bbox 2385 2840 2399 2877; x_wconf 88' lang='lat'><strong>:</strong></span> <span class='ocrx_word' id='word_1_417' title='bbox 2435 2823 2489 2877; x_wconf 91' lang='lat' dir='ltr'><strong>in</strong></span> <span class='ocrx_word' id='word_1_418' title='bbox 2529 2821 2844 2876; x_wconf 89' lang='lat' dir='ltr'><strong>universum</strong></span> <span class='ocrx_word' id='word_1_419' title='bbox 2879 2817 3047 2873; x_wconf 88' lang='lat' dir='ltr'><strong>simul</strong></span> <span class='ocrx_word' id='word_1_420' title='bbox 3077 2817 3133 2870; x_wconf 89' lang='lat' dir='ltr'><strong>in</strong></span> <span class='ocrx_word' id='word_1_421' title='bbox 3164 2824 3362 2885; x_wconf 89' lang='lat' dir='ltr'><strong>quotas</strong></span> <span class='ocrx_word' id='word_1_422' title='bbox 3383 2814 3593 2869; x_wconf 89' lang='lat' dir='ltr'><strong>incidit.</strong></span> 
     </span>
    </p>
   </div>
   <div class='ocr_carea' id='block_1_57' title="bbox 2010 2910 3596 2981">
    <p class='ocr_par' dir='ltr' id='par_1_57' title="bbox 2010 2910 3596 2981">
     <span class='ocr_line' id='line_1_57' title="bbox 2010 2910 3596 2981; baseline -0.006 -12"><span class='ocrx_word' id='word_1_423' title='bbox 2010 2916 2151 2971; x_wconf 82' lang='lat' dir='ltr'><strong>Ante</strong></span> <span class='ocrx_word' id='word_1_424' title='bbox 2178 2917 2321 2971; x_wconf 87' lang='lat' dir='ltr'><strong>enim</strong></span> <span class='ocrx_word' id='word_1_425' title='bbox 2349 2914 2534 2969; x_wconf 90' lang='lat' dir='ltr'><strong>omnia</strong></span> <span class='ocrx_word' id='word_1_426' title='bbox 2554 2927 2817 2967; x_wconf 84' lang='lat' dir='ltr'><strong>numerus</strong></span> <span class='ocrx_word' id='word_1_427' title='bbox 2845 2910 3130 2981; x_wconf 59' lang='lat' dir='ltr'><strong>quaeritur,</strong></span> <span class='ocrx_word' id='word_1_428' title='bbox 3159 2915 3214 2962; x_wconf 88' lang='lat' dir='ltr'><strong>et</strong></span> <span class='ocrx_word' id='word_1_429' title='bbox 3239 2921 3596 2977; x_wconf 80' lang='lat' dir='ltr'><strong>personarum</strong></span> 
     </span>
    </p>
   </div>
   <div class='ocr_carea' id='block_1_58' title="bbox 2011 2998 3601 3060">
    <p class='ocr_par' dir='ltr' id='par_1_58' title="bbox 2011 2998 3601 3060">
     <span class='ocr_line' id='line_1_58' title="bbox 2011 2998 3601 3060; baseline -0.004 -3"><span class='ocrx_word' id='word_1_430' title='bbox 2011 3003 2338 3060; x_wconf 75' lang='lat' dir='ltr'><strong>differentia.</strong></span> <span class='ocrx_word' id='word_1_431' title='bbox 2385 3003 2489 3058; x_wconf 80' lang='lat' dir='ltr'><strong>Sex</strong></span> <span class='ocrx_word' id='word_1_432' title='bbox 2540 3003 2686 3057; x_wconf 90' lang='lat' dir='ltr'><strong>enim</strong></span> <span class='ocrx_word' id='word_1_433' title='bbox 2738 3009 2869 3057; x_wconf 85' lang='lat' dir='ltr'><strong>sunt</strong></span> <span class='ocrx_word' id='word_1_434' title='bbox 2913 2999 3256 3055; x_wconf 72' lang='lat' dir='ltr'><strong>differentiae.</strong></span> <span class='ocrx_word' id='word_1_435' title='bbox 3295 2998 3461 3053; x_wconf 85' lang='lat' dir='ltr'><strong>Aliud</strong></span> <span class='ocrx_word' id='word_1_436' title='bbox 3510 3007 3601 3053; x_wconf 89' lang='lat' dir='ltr'><strong>est</strong></span> 
     </span>
    </p>
   </div>
   <div class='ocr_carea' id='block_1_59' title="bbox 316 3092 1906 3197">
    <p class='ocr_par' dir='ltr' id='par_1_59' title="bbox 316 3099 1905 3173">
     <span class='ocr_line' id='line_1_59' title="bbox 316 3099 1905 3173; baseline 0 -21"><span class='ocrx_word' id='word_1_437' title='bbox 316 3099 427 3153; x_wconf 84' lang='grc' dir='ltr'>είσι</span> <span class='ocrx_word' id='word_1_438' title='bbox 468 3101 529 3154; x_wconf 80' lang='grc' dir='ltr'><strong>αἱ</strong></span> <span class='ocrx_word' id='word_1_439' title='bbox 574 3100 851 3173; x_wconf 81' lang='grc' dir='ltr'>διαφοραί.</span> <span class='ocrx_word' id='word_1_440' title='bbox 888 3101 1053 3155; x_wconf 74' lang='grc' dir='ltr'>’Δλλο</span> <span class='ocrx_word' id='word_1_441' title='bbox 1099 3102 1208 3172; x_wconf 81' lang='grc' dir='ltr'><strong>γὰρ</strong></span> <span class='ocrx_word' id='word_1_442' title='bbox 1244 3101 1306 3154; x_wconf 86' lang='grc' dir='ltr'><strong>τὸ</strong></span> <span class='ocrx_word' id='word_1_443' title='bbox 1348 3102 1445 3154; x_wconf 82' lang='grc' dir='ltr'><strong>τοῦ</strong></span> <span class='ocrx_word' id='word_1_444' title='bbox 1478 3101 1666 3154; x_wconf 86' lang='grc' dir='ltr'>δούλου</span> <span class='ocrx_word' id='word_1_445' title='bbox 1710 3103 1905 3170; x_wconf 87' lang='grc' dir='ltr'>κρῖμα,</span> 
     </span>
    </p>
   </div>
   <div class='ocr_carea' id='block_1_60' title="bbox 2010 3092 3599 3197">
    <p class='ocr_par' dir='ltr' id='par_1_60' title="bbox 2010 3092 3599 3168">
     <span class='ocr_line' id='line_1_60' title="bbox 2010 3092 3599 3168; baseline -0.004 -15"><span class='ocrx_word' id='word_1_446' title='bbox 2010 3101 2155 3154; x_wconf 90' lang='lat' dir='ltr'><strong>enim</strong></span> <span class='ocrx_word' id='word_1_447' title='bbox 2182 3100 2450 3168; x_wconf 89' lang='lat' dir='ltr'><strong>judicium</strong></span> <span class='ocrx_word' id='word_1_448' title='bbox 2486 3098 2672 3164; x_wconf 88' lang='lat' dir='ltr'><strong>servi,</strong></span> <span class='ocrx_word' id='word_1_449' title='bbox 2708 3097 2856 3153; x_wconf 87' lang='lat' dir='ltr'><strong>aliud</strong></span> <span class='ocrx_word' id='word_1_450' title='bbox 2901 3096 3130 3161; x_wconf 73' lang='lat' dir='ltr'><strong>liberae;</strong></span> <span class='ocrx_word' id='word_1_451' title='bbox 3165 3093 3313 3148; x_wconf 90' lang='lat' dir='ltr'><strong>aliud</strong></span> <span class='ocrx_word' id='word_1_452' title='bbox 3345 3092 3599 3148; x_wconf 89' lang='lat' dir='ltr'><strong>meretri-</strong></span> 
     </span>
    </p>
   </div>
   <div class='ocr_carea' id='block_1_61' title="bbox 319 3188 1910 3263">
    <p class='ocr_par' dir='ltr' id='par_1_61' title="bbox 319 3188 1910 3263">
     <span class='ocr_line' id='line_1_61' title="bbox 319 3188 1910 3263; baseline 0.001 -22"><span class='ocrx_word' id='word_1_453' title='bbox 319 3189 414 3241; x_wconf 71' lang='lat' dir='ltr'><strong>atai</strong></span> <span class='ocrx_word' id='word_1_454' title='bbox 441 3188 571 3242; x_wconf 75' lang='grc' dir='ltr'>ἄλλο</span> <span class='ocrx_word' id='word_1_455' title='bbox 598 3190 696 3259; x_wconf 82' lang='grc' dir='ltr'>τῆς</span> <span class='ocrx_word' id='word_1_456' title='bbox 737 3190 1055 3263; x_wconf 73' lang='grc' dir='ltr'>ἐλευθέρας,</span> <span class='ocrx_word' id='word_1_457' title='bbox 1083 3190 1212 3246; x_wconf 76' lang='grc' dir='ltr'>ἄλλο</span> <span class='ocrx_word' id='word_1_458' title='bbox 1249 3190 1351 3261; x_wconf 81' lang='grc' dir='ltr'><strong>τῆς</strong></span> <span class='ocrx_word' id='word_1_459' title='bbox 1393 3190 1618 3261; x_wconf 83' lang='grc' dir='ltr'>πόρνης,</span> <span class='ocrx_word' id='word_1_460' title='bbox 1649 3189 1746 3243; x_wconf 76' lang='grc' dir='ltr'>καὶ</span> <span class='ocrx_word' id='word_1_461' title='bbox 1781 3189 1910 3244; x_wconf 81' lang='grc' dir='ltr'>ἄλλο</span> 
     </span>
    </p>
   </div>
   <div class='ocr_carea' id='block_1_62' title="bbox 316 3279 1908 3353">
    <p class='ocr_par' dir='ltr' id='par_1_62' title="bbox 316 3279 1908 3353">
     <span class='ocr_line' id='line_1_62' title="bbox 316 3279 1908 3353; baseline -0.001 -19"><span class='ocrx_word' id='word_1_462' title='bbox 316 3279 420 3350; x_wconf 81' lang='grc' dir='ltr'>τῆς</span> <span class='ocrx_word' id='word_1_463' title='bbox 446 3281 739 3350; x_wconf 83' lang='grc' dir='ltr'>παρθένου,</span> <span class='ocrx_word' id='word_1_464' title='bbox 781 3282 911 3336; x_wconf 75' lang='grc' dir='ltr'>ἄλλο</span> <span class='ocrx_word' id='word_1_465' title='bbox 935 3284 1034 3352; x_wconf 86' lang='grc' dir='ltr'>τῆς</span> <span class='ocrx_word' id='word_1_466' title='bbox 1065 3283 1264 3353; x_wconf 77' lang='grc' dir='ltr'>χήρας,</span> <span class='ocrx_word' id='word_1_467' title='bbox 1308 3281 1402 3335; x_wconf 78' lang='grc' dir='ltr'><strong>καὶ</strong></span> <span class='ocrx_word' id='word_1_468' title='bbox 1431 3281 1559 3335; x_wconf 80' lang='grc' dir='ltr'>ἄλλο</span> <span class='ocrx_word' id='word_1_469' title='bbox 1594 3281 1695 3351; x_wconf 81' lang='grc' dir='ltr'><strong>τῆς</strong></span> <span class='ocrx_word' id='word_1_470' title='bbox 1733 3282 1908 3334; x_wconf 76' lang='grc' dir='ltr'><strong>ὑπάνο</strong></span> 
     </span>
    </p>
   </div>
   <div class='ocr_carea' id='block_1_63' title="bbox 317 3371 1909 3447">
    <p class='ocr_par' dir='ltr' id='par_1_63' title="bbox 317 3371 1909 3447">
     <span class='ocr_line' id='line_1_63' title="bbox 317 3371 1909 3447; baseline 0 -22"><span class='ocrx_word' id='word_1_471' title='bbox 317 3371 468 3445; x_wconf 90' lang='grc' dir='ltr'>δρου,</span> <span class='ocrx_word' id='word_1_472' title='bbox 498 3374 592 3426; x_wconf 74' lang='grc' dir='ltr'>καὶ</span> <span class='ocrx_word' id='word_1_473' title='bbox 630 3374 759 3433; x_wconf 75' lang='grc' dir='ltr'>ἄλλο</span> <span class='ocrx_word' id='word_1_474' title='bbox 791 3378 889 3447; x_wconf 75' lang='grc' dir='ltr'>τῆς</span> <span class='ocrx_word' id='word_1_475' title='bbox 923 3374 1283 3446; x_wconf 75' lang='grc' dir='ltr'>μοναζούσης,</span> <span class='ocrx_word' id='word_1_476' title='bbox 1325 3374 1420 3428; x_wconf 72' lang='grc' dir='ltr'>καὶ</span> <span class='ocrx_word' id='word_1_477' title='bbox 1450 3374 1578 3428; x_wconf 80' lang='grc' dir='ltr'>ἄλλο</span> <span class='ocrx_word' id='word_1_478' title='bbox 1608 3375 1707 3444; x_wconf 76' lang='grc' dir='ltr'><strong>τῆς</strong></span> <span class='ocrx_word' id='word_1_479' title='bbox 1748 3374 1909 3443; x_wconf 90' lang='grc' dir='ltr'>ἱερω-</span> 
     </span>
    </p>
   </div>
   <div class='ocr_carea' id='block_1_64' title="bbox 322 3464 973 3538">
    <p class='ocr_par' dir='ltr' id='par_1_64' title="bbox 322 3464 973 3538">
     <span class='ocr_line' id='line_1_64' title="bbox 322 3464 973 3538; baseline 0.006 -21"><span class='ocrx_word' id='word_1_480' title='bbox 322 3464 484 3534; x_wconf 82' lang='grc' dir='ltr'><strong>μένον</strong></span> <span class='ocrx_word' id='word_1_481' title='bbox 512 3465 749 3536; x_wconf 84' lang='grc' dir='ltr'>ὲχούσης</span> <span class='ocrx_word' id='word_1_482' title='bbox 782 3467 973 3538; x_wconf 78' lang='grc' dir='ltr'>ἄνδρα.</span> 
     </span>
    </p>
   </div>
   <div class='ocr_carea' id='block_1_65' title="bbox 389 3551 1915 3629">
    <p class='ocr_par' dir='ltr' id='par_1_65' title="bbox 389 3551 1915 3629">
     <span class='ocr_line' id='line_1_65' title="bbox 389 3551 1915 3629; baseline 0.002 -21"><span class='ocrx_word' id='word_1_483' title='bbox 389 3556 503 3609; x_wconf 79' lang='grc' dir='ltr'><strong>Καὶ</strong></span> <span class='ocrx_word' id='word_1_484' title='bbox 524 3558 654 3627; x_wconf 75' lang='grc' dir='ltr'>περὶ</span> <span class='ocrx_word' id='word_1_485' title='bbox 676 3557 1086 3627; x_wconf 84' lang='grc' dir='ltr'>ἀρσενοκοιτίας</span> <span class='ocrx_word' id='word_1_486' title='bbox 1124 3557 1330 3628; x_wconf 73' lang='grc' dir='ltr'>ἐρωτᾷν</span> <span class='ocrx_word' id='word_1_487' title='bbox 1353 3572 1369 3587; x_wconf 78' lang='grc'><strong><em>⁸</em></strong></span> <span class='ocrx_word' id='word_1_488' title='bbox 1394 3551 1460 3629; x_wconf 79' lang='grc' dir='ltr'>ἧς</span> <span class='ocrx_word' id='word_1_489' title='bbox 1491 3559 1585 3611; x_wconf 74' lang='grc' dir='ltr'><strong>καὶ</strong></span> <span class='ocrx_word' id='word_1_490' title='bbox 1611 3557 1778 3628; x_wconf 80' lang='grc' dir='ltr'>αὐτῆς</span> <span class='ocrx_word' id='word_1_491' title='bbox 1798 3556 1915 3611; x_wconf 87' lang='grc' dir='ltr'>δια-</span> 
     </span>
    </p>
   </div>
   <div class='ocr_carea' id='block_1_66' title="bbox 319 3648 1915 3720">
    <p class='ocr_par' dir='ltr' id='par_1_66' title="bbox 319 3648 1915 3720">
     <span class='ocr_line' id='line_1_66' title="bbox 319 3648 1915 3720; baseline 0.001 -20"><span class='ocrx_word' id='word_1_492' title='bbox 319 3648 482 3717; x_wconf 74' lang='grc' dir='ltr'>φοραὶ</span> <span class='ocrx_word' id='word_1_493' title='bbox 506 3650 682 3719; x_wconf 82' lang='grc' dir='ltr'>τρεῖς.</span> <span class='ocrx_word' id='word_1_494' title='bbox 726 3649 888 3702; x_wconf 78' lang='grc' dir='ltr'>’Δλλο</span> <span class='ocrx_word' id='word_1_495' title='bbox 914 3648 1022 3720; x_wconf 80' lang='grc' dir='ltr'><strong>γὰρ</strong></span> <span class='ocrx_word' id='word_1_496' title='bbox 1054 3648 1115 3701; x_wconf 83' lang='grc' dir='ltr'>τὸ</span> <span class='ocrx_word' id='word_1_497' title='bbox 1145 3649 1274 3720; x_wconf 77' lang='grc' dir='ltr'>παρ’</span> <span class='ocrx_word' id='word_1_498' title='bbox 1315 3648 1475 3704; x_wconf 81' lang='grc' dir='ltr'>ἄλλου</span> <span class='ocrx_word' id='word_1_499' title='bbox 1509 3649 1724 3713; x_wconf 83' lang='grc' dir='ltr'>παθεῖν,</span> <span class='ocrx_word' id='word_1_500' title='bbox 1757 3650 1786 3701; x_wconf 86' lang='grc' dir='ltr'><strong>ὃ</strong></span> <span class='ocrx_word' id='word_1_501' title='bbox 1822 3649 1915 3702; x_wconf 72' lang='grc' dir='ltr'><strong>καὶ</strong></span> 
     </span>
    </p>
   </div>
   <div class='ocr_carea' id='block_1_67' title="bbox 317 3738 1910 3813">
    <p class='ocr_par' dir='ltr' id='par_1_67' title="bbox 317 3738 1910 3813">
     <span class='ocr_line' id='line_1_67' title="bbox 317 3738 1910 3813; baseline 0.002 -22"><span class='ocrx_word' id='word_1_502' title='bbox 317 3738 648 3808; x_wconf 83' lang='grc' dir='ltr'>κουφότερον</span> <span class='ocrx_word' id='word_1_503' title='bbox 680 3740 928 3809; x_wconf 83' lang='grc' dir='ltr'>ποιῆσαι.</span> <span class='ocrx_word' id='word_1_504' title='bbox 952 3741 1064 3792; x_wconf 73' lang='grc' dir='ltr'><strong>Καὶ</strong></span> <span class='ocrx_word' id='word_1_505' title='bbox 1090 3739 1218 3793; x_wconf 83' lang='grc' dir='ltr'>ἄλλο</span> <span class='ocrx_word' id='word_1_506' title='bbox 1242 3740 1300 3792; x_wconf 79' lang='grc' dir='ltr'>τὸ</span> <span class='ocrx_word' id='word_1_507' title='bbox 1328 3740 1552 3810; x_wconf 85' lang='grc' dir='ltr'>ποιῆσαι</span> <span class='ocrx_word' id='word_1_508' title='bbox 1587 3742 1669 3803; x_wconf 87' lang='grc' dir='ltr'>εἰς</span> <span class='ocrx_word' id='word_1_509' title='bbox 1701 3740 1910 3813; x_wconf 75' lang='grc' dir='ltr'>ἕτερον,</span> 
     </span>
    </p>
   </div>
   <div class='ocr_carea' id='block_1_68' title="bbox 319 3825 1911 3899">
    <p class='ocr_par' dir='ltr' id='par_1_68' title="bbox 319 3825 1911 3899">
     <span class='ocr_line' id='line_1_68' title="bbox 319 3825 1911 3899; baseline 0.002 -21"><span class='ocrx_word' id='word_1_510' title='bbox 319 3826 622 3898; x_wconf 81' lang='grc' dir='ltr'>βαρύτατον</span> <span class='ocrx_word' id='word_1_511' title='bbox 681 3825 776 3880; x_wconf 76' lang='grc' dir='ltr'><strong>τοῦ</strong></span> <span class='ocrx_word' id='word_1_512' title='bbox 824 3827 1021 3880; x_wconf 84' lang='grc' dir='ltr'>παθεῖν</span> <span class='ocrx_word' id='word_1_513' title='bbox 1089 3828 1149 3879; x_wconf 80' lang='grc' dir='ltr'><strong>δν</strong></span> <span class='ocrx_word' id='word_1_514' title='bbox 1187 3843 1201 3857; x_wconf 86' lang='grc'><em>’</em></span> <span class='ocrx_word' id='word_1_515' title='bbox 1250 3827 1379 3881; x_wconf 86' lang='grc' dir='ltr'>ἄλλο</span> <span class='ocrx_word' id='word_1_516' title='bbox 1426 3828 1487 3879; x_wconf 86' lang='grc' dir='ltr'><strong>τὸ</strong></span> <span class='ocrx_word' id='word_1_517' title='bbox 1534 3827 1729 3880; x_wconf 83' lang='grc' dir='ltr'>παθεῖν</span> <span class='ocrx_word' id='word_1_518' title='bbox 1780 3841 1911 3899; x_wconf 84' lang='grc' dir='ltr'>παρ’</span> 
     </span>
    </p>
   </div>
   <div class='ocr_carea' id='block_1_69' title="bbox 317 3914 1912 3988">
    <p class='ocr_par' dir='ltr' id='par_1_69' title="bbox 317 3914 1912 3988">
     <span class='ocr_line' id='line_1_69' title="bbox 317 3914 1912 3988; baseline 0.003 -23"><span class='ocrx_word' id='word_1_519' title='bbox 317 3915 527 3983; x_wconf 75' lang='grc' dir='ltr'>ἐτέρου,</span> <span class='ocrx_word' id='word_1_520' title='bbox 555 3914 649 3966; x_wconf 75' lang='grc' dir='ltr'>καὶ</span> <span class='ocrx_word' id='word_1_521' title='bbox 672 3914 897 3983; x_wconf 82' lang='grc' dir='ltr'>ποιῆσαι</span> <span class='ocrx_word' id='word_1_522' title='bbox 918 3916 997 3975; x_wconf 85' lang='grc' dir='ltr'><strong>εἰς</strong></span> <span class='ocrx_word' id='word_1_523' title='bbox 1022 3915 1231 3986; x_wconf 75' lang='grc' dir='ltr'>ἕτερον,</span> <span class='ocrx_word' id='word_1_524' title='bbox 1259 3914 1286 3967; x_wconf 84' lang='grc' dir='ltr'><strong>ὃ</strong></span> <span class='ocrx_word' id='word_1_525' title='bbox 1316 3914 1411 3967; x_wconf 76' lang='grc' dir='ltr'><strong>καὶ</strong></span> <span class='ocrx_word' id='word_1_526' title='bbox 1433 3914 1543 3967; x_wconf 90' lang='grc' dir='ltr'>τῶν</span> <span class='ocrx_word' id='word_1_527' title='bbox 1572 3918 1912 3988; x_wconf 81' lang='grc' dir='ltr'>προειρημέ-</span> 
     </span>
    </p>
   </div>
   <div class='ocr_carea' id='block_1_70' title="bbox 332 4004 1909 4076">
    <p class='ocr_par' dir='ltr' id='par_1_70' title="bbox 332 4004 1909 4076">
     <span class='ocr_line' id='line_1_70' title="bbox 332 4004 1909 4076; baseline 0.001 -19"><span class='ocrx_word' id='word_1_528' title='bbox 332 4020 441 4057; x_wconf 89' lang='grc' dir='ltr'><strong>νων</strong></span> <span class='ocrx_word' id='word_1_529' title='bbox 475 4004 584 4056; x_wconf 88' lang='grc' dir='ltr'><strong>δύω</strong></span> <span class='ocrx_word' id='word_1_530' title='bbox 610 4004 882 4076; x_wconf 61' lang='grc' dir='ltr'>διαφορῶν</span> <span class='ocrx_word' id='word_1_531' title='bbox 916 4004 1234 4076; x_wconf 85' lang='grc' dir='ltr'>βαρύτερον.</span> <span class='ocrx_word' id='word_1_532' title='bbox 1256 4004 1328 4058; x_wconf 82' lang='grc' dir='ltr'>Τὸ</span> <span class='ocrx_word' id='word_1_533' title='bbox 1347 4004 1455 4074; x_wconf 84' lang='grc' dir='ltr'>γὰρ</span> <span class='ocrx_word' id='word_1_534' title='bbox 1489 4006 1682 4058; x_wconf 87' lang='grc' dir='ltr'>παθεῖν</span> <span class='ocrx_word' id='word_1_535' title='bbox 1728 4006 1909 4074; x_wconf 88' lang='grc' dir='ltr'>μόνον,</span> 
     </span>
    </p>
   </div>
   <div class='ocr_carea' id='block_1_71' title="bbox 315 4093 1912 4166">
    <p class='ocr_par' dir='ltr' id='par_1_71' title="bbox 315 4093 1912 4166">
     <span class='ocr_line' id='line_1_71' title="bbox 315 4093 1912 4166; baseline 0.001 -20"><span class='ocrx_word' id='word_1_536' title='bbox 315 4094 353 4165; x_wconf 81' lang='grc' dir='ltr'>ἢ</span> <span class='ocrx_word' id='word_1_537' title='bbox 382 4096 604 4166; x_wconf 80' lang='grc' dir='ltr'>ποιῆσαι</span> <span class='ocrx_word' id='word_1_538' title='bbox 634 4095 814 4164; x_wconf 85' lang='grc' dir='ltr'>μόνον,</span> <span class='ocrx_word' id='word_1_539' title='bbox 836 4096 936 4149; x_wconf 80' lang='grc' dir='ltr'>οὐκ</span> <span class='ocrx_word' id='word_1_540' title='bbox 958 4094 1070 4148; x_wconf 75' lang='grc' dir='ltr'>ἔστι</span> <span class='ocrx_word' id='word_1_541' title='bbox 1096 4093 1348 4148; x_wconf 81' lang='grc' dir='ltr'>τοσοῦτον</span> <span class='ocrx_word' id='word_1_542' title='bbox 1363 4096 1485 4149; x_wconf 81' lang='grc' dir='ltr'>ὅσον</span> <span class='ocrx_word' id='word_1_543' title='bbox 1511 4095 1572 4148; x_wconf 83' lang='grc' dir='ltr'>τὸ</span> <span class='ocrx_word' id='word_1_544' title='bbox 1596 4095 1787 4148; x_wconf 78' lang='grc' dir='ltr'>παθεῖν</span> <span class='ocrx_word' id='word_1_545' title='bbox 1814 4096 1912 4149; x_wconf 78' lang='grc' dir='ltr'><strong>καὶ</strong></span> 
     </span>
    </p>
   </div>
   <div class='ocr_carea' id='block_1_72' title="bbox 320 4184 1911 4256">
    <p class='ocr_par' dir='ltr' id='par_1_72' title="bbox 320 4184 1911 4256">
     <span class='ocr_line' id='line_1_72' title="bbox 320 4184 1911 4256; baseline 0.001 -18"><span class='ocrx_word' id='word_1_546' title='bbox 320 4186 565 4256; x_wconf 85' lang='grc' dir='ltr'>ποιῆσαι.</span> <span class='ocrx_word' id='word_1_547' title='bbox 626 4185 740 4239; x_wconf 76' lang='grc' dir='ltr'>Καὶ</span> <span class='ocrx_word' id='word_1_548' title='bbox 780 4188 1007 4256; x_wconf 82' lang='grc' dir='ltr'>ὲρευνᾷν</span> <span class='ocrx_word' id='word_1_549' title='bbox 1036 4187 1117 4250; x_wconf 86' lang='grc' dir='ltr'>εἰς</span> <span class='ocrx_word' id='word_1_550' title='bbox 1173 4184 1291 4240; x_wconf 78' lang='grc' dir='ltr'>οἵαν</span> <span class='ocrx_word' id='word_1_551' title='bbox 1335 4184 1538 4239; x_wconf 87' lang='grc' dir='ltr'>τούτων</span> <span class='ocrx_word' id='word_1_552' title='bbox 1567 4185 1675 4238; x_wconf 91' lang='grc' dir='ltr'>τῶν</span> <span class='ocrx_word' id='word_1_553' title='bbox 1725 4186 1911 4255; x_wconf 79' lang='grc' dir='ltr'>διαφο-</span> 
     </span>
    </p>
   </div>
   <div class='ocr_carea' id='block_1_73' title="bbox 323 4275 1909 4349">
    <p class='ocr_par' dir='ltr' id='par_1_73' title="bbox 323 4275 1909 4349">
     <span class='ocr_line' id='line_1_73' title="bbox 323 4275 1909 4349; baseline -0.001 -18"><span class='ocrx_word' id='word_1_554' title='bbox 323 4278 429 4349; x_wconf 88' lang='grc' dir='ltr'><strong>ρῶν</strong></span> <span class='ocrx_word' id='word_1_555' title='bbox 460 4277 737 4342; x_wconf 84' lang='grc' dir='ltr'>πέπτωκε,</span> <span class='ocrx_word' id='word_1_556' title='bbox 767 4278 862 4331; x_wconf 74' lang='grc' dir='ltr'>καὶ</span> <span class='ocrx_word' id='word_1_557' title='bbox 894 4277 1150 4340; x_wconf 82' lang='grc' dir='ltr'>ποσάκις,</span> <span class='ocrx_word' id='word_1_558' title='bbox 1192 4278 1288 4331; x_wconf 77' lang='grc' dir='ltr'>καὶ</span> <span class='ocrx_word' id='word_1_559' title='bbox 1316 4275 1406 4330; x_wconf 85' lang='grc' dir='ltr'>διὰ</span> <span class='ocrx_word' id='word_1_560' title='bbox 1449 4277 1618 4330; x_wconf 89' lang='grc' dir='ltr'>πόσου</span> <span class='ocrx_word' id='word_1_561' title='bbox 1657 4277 1850 4348; x_wconf 80' lang='grc' dir='ltr'>χρόνου</span> <span class='ocrx_word' id='word_1_562' title='bbox 1893 4292 1909 4307; x_wconf 74' lang='grc' dir='ltr'>σ</span> 
     </span>
    </p>
   </div>
   <div class='ocr_carea' id='block_1_74' title="bbox 318 4368 1910 4441">
    <p class='ocr_par' dir='ltr' id='par_1_74' title="bbox 318 4368 1910 4441">
     <span class='ocr_line' id='line_1_74' title="bbox 318 4368 1910 4441; baseline -0.001 -17"><span class='ocrx_word' id='word_1_563' title='bbox 318 4370 414 4424; x_wconf 76' lang='grc' dir='ltr'>καὶ</span> <span class='ocrx_word' id='word_1_564' title='bbox 434 4371 483 4422; x_wconf 83' lang='grc' dir='ltr'><strong>εί</strong></span> <span class='ocrx_word' id='word_1_565' title='bbox 501 4369 607 4440; x_wconf 81' lang='grc' dir='ltr'><strong>πρὸ</strong></span> <span class='ocrx_word' id='word_1_566' title='bbox 628 4368 723 4422; x_wconf 79' lang='grc' dir='ltr'><strong>τοῦ</strong></span> <span class='ocrx_word' id='word_1_567' title='bbox 750 4371 984 4437; x_wconf 85' lang='grc' dir='ltr'>γυναῖκα</span> <span class='ocrx_word' id='word_1_568' title='bbox 1001 4368 1210 4435; x_wconf 77' lang='grc' dir='ltr'>λαϐεῖν,</span> <span class='ocrx_word' id='word_1_569' title='bbox 1236 4368 1271 4441; x_wconf 79' lang='grc' dir='ltr'>ἢ</span> <span class='ocrx_word' id='word_1_570' title='bbox 1296 4368 1393 4423; x_wconf 67' lang='grc' dir='ltr'><strong>καὶ</strong></span> <span class='ocrx_word' id='word_1_571' title='bbox 1423 4368 1564 4439; x_wconf 73' lang='grc' dir='ltr'>μετὰ</span> <span class='ocrx_word' id='word_1_572' title='bbox 1598 4368 1661 4422; x_wconf 83' lang='grc' dir='ltr'>τὸ</span> <span class='ocrx_word' id='word_1_573' title='bbox 1688 4368 1871 4422; x_wconf 80' lang='grc' dir='ltr'>λαϐεῖν</span> <span class='ocrx_word' id='word_1_574' title='bbox 1893 4385 1910 4401; x_wconf 77' lang='grc' dir='ltr'><strong>ο</strong></span> 
     </span>
    </p>
   </div>
   <div class='ocr_carea' id='block_1_75' title="bbox 2011 3184 3597 3260">
    <p class='ocr_par' dir='ltr' id='par_1_75' title="bbox 2011 3184 3597 3260">
     <span class='ocr_line' id='line_1_75' title="bbox 2011 3184 3597 3260; baseline -0.004 -14"><span class='ocrx_word' id='word_1_575' title='bbox 2011 3193 2090 3247; x_wconf 91' lang='lat' dir='ltr'><strong>cis</strong></span> <span class='ocrx_word' id='word_1_576' title='bbox 2115 3231 2131 3257; x_wconf 83' lang='lat'><strong>,</strong></span> <span class='ocrx_word' id='word_1_577' title='bbox 2163 3192 2307 3246; x_wconf 87' lang='lat' dir='ltr'><strong>aliud</strong></span> <span class='ocrx_word' id='word_1_578' title='bbox 2347 3191 2614 3260; x_wconf 88' lang='lat' dir='ltr'><strong>virginis;</strong></span> <span class='ocrx_word' id='word_1_579' title='bbox 2658 3189 2805 3244; x_wconf 89' lang='lat' dir='ltr'><strong>aliud</strong></span> <span class='ocrx_word' id='word_1_580' title='bbox 2845 3188 3064 3253; x_wconf 67' lang='lat' dir='ltr'><strong>viduae,</strong></span> <span class='ocrx_word' id='word_1_581' title='bbox 3099 3195 3155 3241; x_wconf 90' lang='lat' dir='ltr'><strong>et</strong></span> <span class='ocrx_word' id='word_1_582' title='bbox 3198 3184 3345 3240; x_wconf 86' lang='lat' dir='ltr'><strong>aliud</strong></span> <span class='ocrx_word' id='word_1_583' title='bbox 3377 3193 3597 3253; x_wconf 68' lang='lat' dir='ltr'><strong>nuptm;</strong></span> 
     </span>
    </p>
   </div>
   <div class='ocr_carea' id='block_1_76' title="bbox 2013 3277 3600 3350">
    <p class='ocr_par' dir='ltr' id='par_1_76' title="bbox 2013 3277 3600 3350">
     <span class='ocr_line' id='line_1_76' title="bbox 2013 3277 3600 3350; baseline -0.004 -13"><span class='ocrx_word' id='word_1_584' title='bbox 2013 3284 2157 3338; x_wconf 88' lang='lat' dir='ltr'><strong>aliud</strong></span> <span class='ocrx_word' id='word_1_585' title='bbox 2207 3283 2526 3347; x_wconf 79' lang='lat' dir='ltr'><strong>monachae,</strong></span> <span class='ocrx_word' id='word_1_586' title='bbox 2568 3291 2625 3336; x_wconf 91' lang='lat' dir='ltr'><strong>ct</strong></span> <span class='ocrx_word' id='word_1_587' title='bbox 2656 3281 2806 3337; x_wconf 86' lang='lat' dir='ltr'><strong>aliud</strong></span> <span class='ocrx_word' id='word_1_588' title='bbox 2847 3280 3027 3334; x_wconf 86' lang='lat' dir='ltr'><strong>virum</strong></span> <span class='ocrx_word' id='word_1_589' title='bbox 3066 3291 3344 3350; x_wconf 84' lang='lat' dir='ltr'><strong>sacratum</strong></span> <span class='ocrx_word' id='word_1_590' title='bbox 3389 3277 3600 3332; x_wconf 64' lang='lat' dir='ltr'><strong>balteu—</strong></span> 
     </span>
    </p>
   </div>
   <div class='ocr_carea' id='block_1_77' title="bbox 2012 3377 2103 3431">
    <p class='ocr_par' dir='ltr' id='par_1_77' title="bbox 2012 3377 2103 3431">
     <span class='ocr_line' id='line_1_77' title="bbox 2012 3377 2103 3431; baseline -0.011 0"><span class='ocrx_word' id='word_1_591' title='bbox 2012 3377 2103 3431; x_wconf 89' lang='lat' dir='ltr'><strong>tis.</strong></span> 
     </span>
    </p>
   </div>
   <div class='ocr_carea' id='block_1_78' title="bbox 2087 3552 3599 3622">
    <p class='ocr_par' dir='ltr' id='par_1_78' title="bbox 2087 3552 3599 3622">
     <span class='ocr_line' id='line_1_78' title="bbox 2087 3552 3599 3622; baseline -0.002 -12"><span class='ocrx_word' id='word_1_592' title='bbox 2087 3554 2355 3611; x_wconf 83' lang='lat' dir='ltr'><strong>Similiter</strong></span> <span class='ocrx_word' id='word_1_593' title='bbox 2388 3565 2442 3610; x_wconf 90' lang='lat' dir='ltr'><strong>et</strong></span> <span class='ocrx_word' id='word_1_594' title='bbox 2470 3555 2537 3610; x_wconf 88' lang='lat' dir='ltr'><strong>de</strong></span> <span class='ocrx_word' id='word_1_595' title='bbox 2576 3553 2949 3609; x_wconf 86' lang='lat' dir='ltr'><strong>masculorum</strong></span> <span class='ocrx_word' id='word_1_596' title='bbox 2980 3552 3276 3609; x_wconf 84' lang='lat' dir='ltr'><strong>concubitu</strong></span> <span class='ocrx_word' id='word_1_597' title='bbox 3309 3552 3485 3622; x_wconf 89' lang='lat' dir='ltr'><strong>ipsum</strong></span> <span class='ocrx_word' id='word_1_598' title='bbox 3514 3553 3599 3607; x_wconf 88' lang='lat' dir='ltr'><strong>iu-</strong></span> 
     </span>
    </p>
   </div>
   <div class='ocr_carea' id='block_1_79' title="bbox 2017 3643 3602 3716">
    <p class='ocr_par' dir='ltr' id='par_1_79' title="bbox 2017 3643 3602 3716">
     <span class='ocr_line' id='line_1_79' title="bbox 2017 3643 3602 3716; baseline -0.004 -15"><span class='ocrx_word' id='word_1_599' title='bbox 2017 3656 2294 3716; x_wconf 84' lang='lat' dir='ltr'><strong>terrogare</strong></span> <span class='ocrx_word' id='word_1_600' title='bbox 2320 3655 2552 3716; x_wconf 81' lang='lat' dir='ltr'><strong>Oportet,</strong></span> <span class='ocrx_word' id='word_1_601' title='bbox 2582 3645 2740 3716; x_wconf 87' lang='lat' dir='ltr'><strong>cujus</strong></span> <span class='ocrx_word' id='word_1_602' title='bbox 2762 3643 3014 3699; x_wconf 89' lang='lat' dir='ltr'><strong>criminis</strong></span> <span class='ocrx_word' id='word_1_603' title='bbox 3046 3653 3155 3700; x_wconf 88' lang='lat' dir='ltr'><strong>tres</strong></span> <span class='ocrx_word' id='word_1_604' title='bbox 3187 3654 3317 3700; x_wconf 91' lang='lat' dir='ltr'><strong>sunt</strong></span> <span class='ocrx_word' id='word_1_605' title='bbox 3346 3644 3602 3699; x_wconf 74' lang='lat' dir='ltr'><strong>differen-</strong></span> 
     </span>
    </p>
   </div>
   <div class='ocr_carea' id='block_1_80' title="bbox 2016 3735 3600 3811">
    <p class='ocr_par' dir='ltr' id='par_1_80' title="bbox 2016 3735 3600 3811">
     <span class='ocr_line' id='line_1_80' title="bbox 2016 3735 3600 3811; baseline -0.001 -19"><span class='ocrx_word' id='word_1_606' title='bbox 2016 3741 2124 3794; x_wconf 76' lang='lat' dir='ltr'><strong>tiae.</strong></span> <span class='ocrx_word' id='word_1_607' title='bbox 2158 3738 2319 3792; x_wconf 90' lang='lat' dir='ltr'><strong>Aliud</strong></span> <span class='ocrx_word' id='word_1_608' title='bbox 2343 3747 2427 3793; x_wconf 92' lang='lat' dir='ltr'><strong>est</strong></span> <span class='ocrx_word' id='word_1_609' title='bbox 2450 3737 2596 3792; x_wconf 92' lang='lat' dir='ltr'><strong>enim</strong></span> <span class='ocrx_word' id='word_1_610' title='bbox 2624 3738 2693 3791; x_wconf 88' lang='lat' dir='ltr'><strong>ab</strong></span> <span class='ocrx_word' id='word_1_611' title='bbox 2718 3737 2829 3792; x_wconf 90' lang='lat' dir='ltr'><strong>alio</strong></span> <span class='ocrx_word' id='word_1_612' title='bbox 2850 3735 2992 3811; x_wconf 87' lang='lat' dir='ltr'><strong>pati,</strong></span> <span class='ocrx_word' id='word_1_613' title='bbox 3019 3737 3163 3804; x_wconf 88' lang='lat' dir='ltr'><strong>quod</strong></span> <span class='ocrx_word' id='word_1_614' title='bbox 3190 3735 3403 3790; x_wconf 89' lang='lat' dir='ltr'><strong>actione</strong></span> <span class='ocrx_word' id='word_1_615' title='bbox 3426 3735 3600 3790; x_wconf 89' lang='lat' dir='ltr'><strong>levius</strong></span> 
     </span>
    </p>
   </div>
   <div class='ocr_carea' id='block_1_81' title="bbox 2014 3825 3600 3897">
    <p class='ocr_par' dir='ltr' id='par_1_81' title="bbox 2014 3825 3600 3897">
     <span class='ocr_line' id='line_1_81' title="bbox 2014 3825 3600 3897; baseline -0.002 -14"><span class='ocrx_word' id='word_1_616' title='bbox 2014 3838 2126 3895; x_wconf 90' lang='lat' dir='ltr'><strong>est;</strong></span> <span class='ocrx_word' id='word_1_617' title='bbox 2159 3837 2211 3882; x_wconf 89' lang='lat' dir='ltr'><strong>et</strong></span> <span class='ocrx_word' id='word_1_618' title='bbox 2235 3828 2381 3882; x_wconf 87' lang='lat' dir='ltr'><strong>aliud</strong></span> <span class='ocrx_word' id='word_1_619' title='bbox 2409 3829 2461 3881; x_wconf 92' lang='lat' dir='ltr'><strong>in</strong></span> <span class='ocrx_word' id='word_1_620' title='bbox 2487 3828 2717 3882; x_wconf 84' lang='lat' dir='ltr'><strong>alterum</strong></span> <span class='ocrx_word' id='word_1_621' title='bbox 2750 3842 2936 3896; x_wconf 87' lang='lat' dir='ltr'><strong>agere,</strong></span> <span class='ocrx_word' id='word_1_622' title='bbox 2963 3826 3107 3895; x_wconf 90' lang='lat' dir='ltr'><strong>quod</strong></span> <span class='ocrx_word' id='word_1_623' title='bbox 3130 3825 3209 3897; x_wconf 81' lang='grc' dir='ltr'><strong>τῷ</strong></span> <span class='ocrx_word' id='word_1_624' title='bbox 3236 3826 3346 3896; x_wconf 87' lang='lat' dir='ltr'><strong>pati</strong></span> <span class='ocrx_word' id='word_1_625' title='bbox 3376 3826 3600 3895; x_wconf 83' lang='lat' dir='ltr'><strong>gravius</strong></span> 
     </span>
    </p>
   </div>
   <div class='ocr_carea' id='block_1_82' title="bbox 2014 3915 3600 3989">
    <p class='ocr_par' dir='ltr' id='par_1_82' title="bbox 2014 3915 3600 3989">
     <span class='ocr_line' id='line_1_82' title="bbox 2014 3915 3600 3989; baseline -0.001 -20"><span class='ocrx_word' id='word_1_626' title='bbox 2014 3925 2117 3989; x_wconf 81' lang='lat' dir='ltr'><strong>est,</strong></span> <span class='ocrx_word' id='word_1_627' title='bbox 2152 3915 2299 3970; x_wconf 82' lang='lat' dir='ltr'><strong>aliud</strong></span> <span class='ocrx_word' id='word_1_628' title='bbox 2333 3915 2444 3985; x_wconf 91' lang='lat' dir='ltr'><strong>pati</strong></span> <span class='ocrx_word' id='word_1_629' title='bbox 2479 3916 2547 3969; x_wconf 90' lang='lat' dir='ltr'><strong>ab</strong></span> <span class='ocrx_word' id='word_1_630' title='bbox 2573 3915 2770 3980; x_wconf 88' lang='lat' dir='ltr'><strong>altero,</strong></span> <span class='ocrx_word' id='word_1_631' title='bbox 2797 3924 2852 3971; x_wconf 89' lang='lat' dir='ltr'><strong>et</strong></span> <span class='ocrx_word' id='word_1_632' title='bbox 2884 3916 2939 3968; x_wconf 90' lang='lat' dir='ltr'><strong>in</strong></span> <span class='ocrx_word' id='word_1_633' title='bbox 2973 3915 3208 3969; x_wconf 87' lang='lat' dir='ltr'><strong>alterum</strong></span> <span class='ocrx_word' id='word_1_634' title='bbox 3241 3930 3422 3985; x_wconf 82' lang='lat' dir='ltr'><strong>agere,</strong></span> <span class='ocrx_word' id='word_1_635' title='bbox 3453 3916 3600 3985; x_wconf 83' lang='lat' dir='ltr'><strong>quod</strong></span> 
     </span>
    </p>
   </div>
   <div class='ocr_carea' id='block_1_83' title="bbox 2014 4003 3600 4075">
    <p class='ocr_par' dir='ltr' id='par_1_83' title="bbox 2014 4003 3600 4075">
     <span class='ocr_line' id='line_1_83' title="bbox 2014 4003 3600 4075; baseline -0.001 -16"><span class='ocrx_word' id='word_1_636' title='bbox 2014 4005 2228 4060; x_wconf 88' lang='lat' dir='ltr'><strong>duabus</strong></span> <span class='ocrx_word' id='word_1_637' title='bbox 2263 4005 2538 4075; x_wconf 76' lang='lat' dir='ltr'><strong>przedictis</strong></span> <span class='ocrx_word' id='word_1_638' title='bbox 2568 4005 2891 4060; x_wconf 76' lang='lat' dir='ltr'><strong>differentiis</strong></span> <span class='ocrx_word' id='word_1_639' title='bbox 2921 4006 3145 4075; x_wconf 71' lang='lat' dir='ltr'><strong>gravius</strong></span> <span class='ocrx_word' id='word_1_640' title='bbox 3173 4015 3279 4061; x_wconf 85' lang='lat' dir='ltr'><strong>est.</strong></span> <span class='ocrx_word' id='word_1_641' title='bbox 3318 4003 3455 4058; x_wconf 85' lang='lat' dir='ltr'><strong>Nam</strong></span> <span class='ocrx_word' id='word_1_642' title='bbox 3488 4005 3600 4074; x_wconf 84' lang='lat' dir='ltr'><strong>pati</strong></span> 
     </span>
    </p>
   </div>
   <div class='ocr_carea' id='block_1_84' title="bbox 2014 4096 3596 4168">
    <p class='ocr_par' dir='ltr' id='par_1_84' title="bbox 2014 4096 3596 4168">
     <span class='ocr_line' id='line_1_84' title="bbox 2014 4096 3596 4168; baseline 0 -17"><span class='ocrx_word' id='word_1_643' title='bbox 2014 4097 2214 4163; x_wconf 78' lang='lat' dir='ltr'><strong>solum,</strong></span> <span class='ocrx_word' id='word_1_644' title='bbox 2243 4096 2327 4151; x_wconf 83' lang='lat' dir='ltr'><strong>vel</strong></span> <span class='ocrx_word' id='word_1_645' title='bbox 2358 4111 2521 4167; x_wconf 82' lang='lat' dir='ltr'><strong>agere</strong></span> <span class='ocrx_word' id='word_1_646' title='bbox 2566 4096 2740 4151; x_wconf 86' lang='lat' dir='ltr'><strong>solum</strong></span> <span class='ocrx_word' id='word_1_647' title='bbox 2760 4135 2774 4162; x_wconf 91' lang='lat'><strong>,</strong></span> <span class='ocrx_word' id='word_1_648' title='bbox 2812 4104 3024 4151; x_wconf 88' lang='lat' dir='ltr'><strong>tantum</strong></span> <span class='ocrx_word' id='word_1_649' title='bbox 3071 4112 3180 4152; x_wconf 87' lang='lat' dir='ltr'><strong>non</strong></span> <span class='ocrx_word' id='word_1_650' title='bbox 3210 4105 3296 4153; x_wconf 90' lang='lat' dir='ltr'><strong>est</strong></span> <span class='ocrx_word' id='word_1_651' title='bbox 3332 4107 3596 4168; x_wconf 86' lang='lat' dir='ltr'><strong>quantum</strong></span> 
     </span>
    </p>
   </div>
   <div class='ocr_carea' id='block_1_85' title="bbox 2014 4189 3597 4261">
    <p class='ocr_par' dir='ltr' id='par_1_85' title="bbox 2014 4189 3597 4261">
     <span class='ocr_line' id='line_1_85' title="bbox 2014 4189 3597 4261; baseline 0.001 -17"><span class='ocrx_word' id='word_1_652' title='bbox 2014 4191 2122 4261; x_wconf 89' lang='lat' dir='ltr'><strong>pati</strong></span> <span class='ocrx_word' id='word_1_653' title='bbox 2157 4202 2209 4244; x_wconf 91' lang='lat' dir='ltr'><strong>et</strong></span> <span class='ocrx_word' id='word_1_654' title='bbox 2237 4205 2413 4259; x_wconf 82' lang='lat' dir='ltr'><strong>agere.</strong></span> <span class='ocrx_word' id='word_1_655' title='bbox 2446 4190 2726 4259; x_wconf 87' lang='lat' dir='ltr'><strong>lnquirere</strong></span> <span class='ocrx_word' id='word_1_656' title='bbox 2762 4189 2925 4245; x_wconf 89' lang='lat' dir='ltr'><strong>etiam</strong></span> <span class='ocrx_word' id='word_1_657' title='bbox 2966 4198 3182 4259; x_wconf 85' lang='lat' dir='ltr'><strong>oportet</strong></span> <span class='ocrx_word' id='word_1_658' title='bbox 3214 4190 3269 4246; x_wconf 92' lang='lat' dir='ltr'><strong>in</strong></span> <span class='ocrx_word' id='word_1_659' title='bbox 3297 4207 3460 4261; x_wconf 88' lang='lat' dir='ltr'><strong>quam</strong></span> <span class='ocrx_word' id='word_1_660' title='bbox 3494 4192 3597 4246; x_wconf 81' lang='lat' dir='ltr'><strong>lia-</strong></span> 
     </span>
    </p>
   </div>
   <div class='ocr_carea' id='block_1_86' title="bbox 2016 4278 3600 4353">
    <p class='ocr_par' dir='ltr' id='par_1_86' title="bbox 2016 4278 3600 4353">
     <span class='ocr_line' id='line_1_86' title="bbox 2016 4278 3600 4353; baseline 0 -18"><span class='ocrx_word' id='word_1_661' title='bbox 2016 4296 2137 4335; x_wconf 89' lang='lat' dir='ltr'><strong>rum</strong></span> <span class='ocrx_word' id='word_1_662' title='bbox 2168 4278 2596 4336; x_wconf 70' lang='lat' dir='ltr'><strong>differentiarum</strong></span> <span class='ocrx_word' id='word_1_663' title='bbox 2626 4279 2838 4347; x_wconf 86' lang='lat' dir='ltr'><strong>incidit,</strong></span> <span class='ocrx_word' id='word_1_664' title='bbox 2862 4290 2916 4337; x_wconf 88' lang='lat' dir='ltr'><strong>et</strong></span> <span class='ocrx_word' id='word_1_665' title='bbox 2946 4281 3182 4351; x_wconf 87' lang='lat' dir='ltr'><strong>quoties,</strong></span> <span class='ocrx_word' id='word_1_666' title='bbox 3217 4290 3271 4336; x_wconf 88' lang='lat' dir='ltr'><strong>et</strong></span> <span class='ocrx_word' id='word_1_667' title='bbox 3301 4297 3398 4353; x_wconf 84' lang='lat' dir='ltr'><strong>per</strong></span> <span class='ocrx_word' id='word_1_668' title='bbox 3424 4298 3600 4352; x_wconf 80' lang='lat' dir='ltr'><strong>quan-</strong></span> 
     </span>
    </p>
   </div>
   <div class='ocr_carea' id='block_1_87' title="bbox 2017 4371 3600 4445">
    <p class='ocr_par' dir='ltr' id='par_1_87' title="bbox 2017 4371 3600 4445">
     <span class='ocr_line' id='line_1_87' title="bbox 2017 4371 3600 4445; baseline 0.001 -18"><span class='ocrx_word' id='word_1_669' title='bbox 2017 4381 2131 4427; x_wconf 88' lang='lat' dir='ltr'><strong>tum</strong></span> <span class='ocrx_word' id='word_1_670' title='bbox 2160 4380 2419 4442; x_wconf 88' lang='lat' dir='ltr'><strong>tempus:</strong></span> <span class='ocrx_word' id='word_1_671' title='bbox 2454 4371 2559 4427; x_wconf 88' lang='lat' dir='ltr'><strong>etsi</strong></span> <span class='ocrx_word' id='word_1_672' title='bbox 2582 4379 2873 4443; x_wconf 86' lang='lat' dir='ltr'><strong>antequam</strong></span> <span class='ocrx_word' id='word_1_673' title='bbox 2905 4387 3129 4427; x_wconf 74' lang='lat' dir='ltr'><strong>uxorem</strong></span> <span class='ocrx_word' id='word_1_674' title='bbox 3158 4372 3330 4436; x_wconf 80' lang='lat' dir='ltr'><strong>duxit,</strong></span> <span class='ocrx_word' id='word_1_675' title='bbox 3368 4373 3451 4427; x_wconf 90' lang='lat' dir='ltr'><strong>vel</strong></span> <span class='ocrx_word' id='word_1_676' title='bbox 3474 4383 3600 4445; x_wconf 85' lang='lat' dir='ltr'><strong>post</strong></span> 
     </span>
    </p>
   </div>
   <div class='ocr_carea' id='block_1_88' title="bbox 319 4459 1906 4533">
    <p class='ocr_par' dir='ltr' id='par_1_88' title="bbox 319 4459 1904 4533">
     <span class='ocr_line' id='line_1_88' title="bbox 319 4459 1904 4533; baseline -0.001 -17"><span class='ocrx_word' id='word_1_677' title='bbox 319 4464 413 4516; x_wconf 72' lang='grc' dir='ltr'><strong>καὶ</strong></span> <span class='ocrx_word' id='word_1_678' title='bbox 433 4463 483 4515; x_wconf 85' lang='grc' dir='ltr'><strong>εί</strong></span> <span class='ocrx_word' id='word_1_679' title='bbox 532 4461 639 4532; x_wconf 82' lang='grc' dir='ltr'>πρὸ</span> <span class='ocrx_word' id='word_1_680' title='bbox 679 4461 976 4532; x_wconf 83' lang='grc' dir='ltr'>τριάκοντα</span> <span class='ocrx_word' id='word_1_681' title='bbox 1018 4461 1227 4533; x_wconf 84' lang='grc' dir='ltr'>χρόνων</span> <span class='ocrx_word' id='word_1_682' title='bbox 1270 4460 1369 4532; x_wconf 83' lang='grc' dir='ltr'>τῆς</span> <span class='ocrx_word' id='word_1_683' title='bbox 1401 4461 1566 4516; x_wconf 81' lang='grc' dir='ltr'>αὐτοῦ</span> <span class='ocrx_word' id='word_1_684' title='bbox 1609 4461 1825 4530; x_wconf 86' lang='grc' dir='ltr'>ἡλικίας</span> <span class='ocrx_word' id='word_1_685' title='bbox 1868 4459 1904 4531; x_wconf 78' lang='grc' dir='ltr'><strong>ἢ</strong></span> 
     </span>
    </p>
   </div>
   <div class='ocr_carea' id='block_1_89' title="bbox 2010 4459 3601 4533">
    <p class='ocr_par' dir='ltr' id='par_1_89' title="bbox 2010 4461 3601 4533">
     <span class='ocr_line' id='line_1_89' title="bbox 2010 4461 3601 4533; baseline 0.001 -14"><span class='ocrx_word' id='word_1_686' title='bbox 2010 4480 2128 4520; x_wconf 88' lang='lat' dir='ltr'><strong>eam</strong></span> <span class='ocrx_word' id='word_1_687' title='bbox 2177 4464 2416 4519; x_wconf 89' lang='lat' dir='ltr'><strong>ductam.</strong></span> <span class='ocrx_word' id='word_1_688' title='bbox 2486 4461 2542 4517; x_wconf 89' lang='lat' dir='ltr'><strong>Si</strong></span> <span class='ocrx_word' id='word_1_689' title='bbox 2596 4474 2724 4518; x_wconf 85' lang='lat' dir='ltr'><strong>ante</strong></span> <span class='ocrx_word' id='word_1_690' title='bbox 2780 4463 2958 4519; x_wconf 65' lang='lat' dir='ltr'><strong>anatis</strong></span> <span class='ocrx_word' id='word_1_691' title='bbox 3000 4463 3217 4533; x_wconf 80' lang='lat' dir='ltr'><strong>triginta</strong></span> <span class='ocrx_word' id='word_1_692' title='bbox 3262 4479 3456 4530; x_wconf 86' lang='lat' dir='ltr'><strong>annos,</strong></span> <span class='ocrx_word' id='word_1_693' title='bbox 3504 4475 3601 4520; x_wconf 86' lang='lat' dir='ltr'><strong>aut</strong></span> 
     </span>
    </p>
   </div>
   <div class='ocr_carea' id='block_1_90' title="bbox 323 4547 1906 4626">
    <p class='ocr_par' dir='ltr' id='par_1_90' title="bbox 323 4547 1906 4626">
     <span class='ocr_line' id='line_1_90' title="bbox 323 4547 1906 4626; baseline 0.001 -20"><span class='ocrx_word' id='word_1_694' title='bbox 323 4554 461 4625; x_wconf 83' lang='grc' dir='ltr'>μετὰ</span> <span class='ocrx_word' id='word_1_695' title='bbox 495 4552 672 4607; x_wconf 81' lang='grc' dir='ltr'>ταῦτα</span> <span class='ocrx_word' id='word_1_696' title='bbox 704 4569 719 4584; x_wconf 92' lang='grc'><strong>·</strong></span> <span class='ocrx_word' id='word_1_697' title='bbox 755 4552 838 4606; x_wconf 78' lang='grc' dir='ltr'><strong>ἔτι</strong></span> <span class='ocrx_word' id='word_1_698' title='bbox 887 4553 982 4606; x_wconf 74' lang='grc' dir='ltr'><strong>καὶ</strong></span> <span class='ocrx_word' id='word_1_699' title='bbox 1009 4552 1372 4624; x_wconf 81' lang='grc' dir='ltr'>κτηνοϐασίαν</span> <span class='ocrx_word' id='word_1_700' title='bbox 1398 4592 1413 4615; x_wconf 86' lang='grc'><strong>,</strong></span> <span class='ocrx_word' id='word_1_701' title='bbox 1433 4547 1501 4626; x_wconf 80' lang='grc' dir='ltr'>ἧς</span> <span class='ocrx_word' id='word_1_702' title='bbox 1534 4552 1632 4624; x_wconf 85' lang='grc' dir='ltr'><strong>μία</strong></span> <span class='ocrx_word' id='word_1_703' title='bbox 1654 4553 1906 4623; x_wconf 83' lang='grc' dir='ltr'>διαφορά.</span> 
     </span>
    </p>
   </div>
   <div class='ocr_carea' id='block_1_91' title="bbox 327 4638 1908 4715">
    <p class='ocr_par' dir='ltr' id='par_1_91' title="bbox 327 4638 1908 4715">
     <span class='ocr_line' id='line_1_91' title="bbox 327 4638 1908 4715; baseline -0.001 -19"><span class='ocrx_word' id='word_1_704' title='bbox 327 4644 603 4708; x_wconf 80' lang='grc' dir='ltr'>Ὡσαύτως</span> <span class='ocrx_word' id='word_1_705' title='bbox 644 4644 738 4698; x_wconf 74' lang='grc' dir='ltr'>καὶ</span> <span class='ocrx_word' id='word_1_706' title='bbox 784 4644 911 4715; x_wconf 75' lang='grc' dir='ltr'>περὶ</span> <span class='ocrx_word' id='word_1_707' title='bbox 948 4642 1243 4715; x_wconf 84' lang='grc' dir='ltr'>μαλακίας,</span> <span class='ocrx_word' id='word_1_708' title='bbox 1292 4638 1359 4713; x_wconf 80' lang='grc' dir='ltr'>ἧς</span> <span class='ocrx_word' id='word_1_709' title='bbox 1386 4642 1497 4698; x_wconf 89' lang='grc' dir='ltr'><strong>δύω</strong></span> <span class='ocrx_word' id='word_1_710' title='bbox 1527 4644 1665 4696; x_wconf 78' lang='grc' dir='ltr'>είσὶν</span> <span class='ocrx_word' id='word_1_711' title='bbox 1695 4644 1749 4695; x_wconf 80' lang='grc' dir='ltr'>αἱ</span> <span class='ocrx_word' id='word_1_712' title='bbox 1787 4641 1908 4696; x_wconf 87' lang='grc' dir='ltr'>δια-</span> 
     </span>
    </p>
   </div>
   <div class='ocr_carea' id='block_1_92' title="bbox 319 4735 1906 4808">
    <p class='ocr_par' dir='ltr' id='par_1_92' title="bbox 319 4735 1906 4808">
     <span class='ocr_line' id='line_1_92' title="bbox 319 4735 1906 4808; baseline -0.002 -18"><span class='ocrx_word' id='word_1_713' title='bbox 319 4737 525 4808; x_wconf 84' lang='grc' dir='ltr'>φοραί·</span> <span class='ocrx_word' id='word_1_714' title='bbox 559 4737 658 4807; x_wconf 89' lang='grc' dir='ltr'>μία</span> <span class='ocrx_word' id='word_1_715' title='bbox 692 4737 792 4808; x_wconf 80' lang='grc' dir='ltr'><strong>μὲν</strong></span> <span class='ocrx_word' id='word_1_716' title='bbox 820 4738 854 4807; x_wconf 84' lang='grc' dir='ltr'><strong>ἠ</strong></span> <span class='ocrx_word' id='word_1_717' title='bbox 878 4737 966 4791; x_wconf 84' lang='grc' dir='ltr'><strong>διὰ</strong></span> <span class='ocrx_word' id='word_1_718' title='bbox 1009 4736 1221 4800; x_wconf 79' lang='grc' dir='ltr'>οἰκείας</span> <span class='ocrx_word' id='word_1_719' title='bbox 1256 4736 1441 4807; x_wconf 72' lang='grc' dir='ltr'>χειρὸς</span> <span class='ocrx_word' id='word_1_720' title='bbox 1487 4735 1859 4807; x_wconf 77' lang='grc' dir='ltr'>ἐνεργουμένη</span> <span class='ocrx_word' id='word_1_721' title='bbox 1891 4752 1906 4765; x_wconf 76' lang='grc' dir='ltr'><strong>ο</strong></span> 
     </span>
    </p>
   </div>
   <div class='ocr_carea' id='block_1_93' title="bbox 317 4827 1912 4900">
    <p class='ocr_par' dir='ltr' id='par_1_93' title="bbox 317 4827 1912 4900">
     <span class='ocr_line' id='line_1_93' title="bbox 317 4827 1912 4900; baseline -0.001 -19"><span class='ocrx_word' id='word_1_722' title='bbox 317 4828 481 4899; x_wconf 77' lang='grc' dir='ltr'>ἑτέρα</span> <span class='ocrx_word' id='word_1_723' title='bbox 508 4828 567 4883; x_wconf 88' lang='grc' dir='ltr'>δὲ</span> <span class='ocrx_word' id='word_1_724' title='bbox 593 4831 629 4899; x_wconf 83' lang='grc' dir='ltr'><strong>ἡ</strong></span> <span class='ocrx_word' id='word_1_725' title='bbox 661 4827 729 4882; x_wconf 81' lang='grc' dir='ltr'>δι’</span> <span class='ocrx_word' id='word_1_726' title='bbox 756 4827 1063 4900; x_wconf 79' lang='grc' dir='ltr'>ἀλλοτρίας,</span> <span class='ocrx_word' id='word_1_727' title='bbox 1092 4829 1159 4898; x_wconf 82' lang='grc' dir='ltr'><strong>ἢν</strong></span> <span class='ocrx_word' id='word_1_728' title='bbox 1184 4827 1416 4883; x_wconf 77' lang='grc' dir='ltr'>ἐλεεινὸν</span> <span class='ocrx_word' id='word_1_729' title='bbox 1443 4828 1493 4881; x_wconf 82' lang='grc' dir='ltr'><strong>οἱ</strong></span> <span class='ocrx_word' id='word_1_730' title='bbox 1515 4828 1773 4899; x_wconf 79' lang='grc' dir='ltr'>ἄρχοντες</span> <span class='ocrx_word' id='word_1_731' title='bbox 1797 4829 1912 4880; x_wconf 78' lang='grc' dir='ltr'>ἐπι-</span> 
     </span>
    </p>
   </div>
   <div class='ocr_carea' id='block_1_94' title="bbox 315 4917 1903 4989">
    <p class='ocr_par' dir='ltr' id='par_1_94' title="bbox 315 4917 1903 4989">
     <span class='ocr_line' id='line_1_94' title="bbox 315 4917 1903 4989; baseline -0.001 -19"><span class='ocrx_word' id='word_1_732' title='bbox 315 4917 531 4971; x_wconf 82' lang='grc' dir='ltr'>τελοῦσι</span> <span class='ocrx_word' id='word_1_733' title='bbox 574 4917 694 4988; x_wconf 82' lang='grc' dir='ltr'>μεθ’</span> <span class='ocrx_word' id='word_1_734' title='bbox 734 4917 942 4970; x_wconf 79' lang='grc' dir='ltr'><strong>ἑαυτῶν</strong></span> <span class='ocrx_word' id='word_1_735' title='bbox 965 4957 981 4984; x_wconf 91' lang='grc'><strong>,</strong></span> <span class='ocrx_word' id='word_1_736' title='bbox 1015 4918 1110 4971; x_wconf 78' lang='grc' dir='ltr'>καὶ</span> <span class='ocrx_word' id='word_1_737' title='bbox 1141 4918 1363 4988; x_wconf 81' lang='grc' dir='ltr'>ἑτέρους</span> <span class='ocrx_word' id='word_1_738' title='bbox 1410 4917 1903 4989; x_wconf 86' lang='grc' dir='ltr'>προσαπολλύντες,</span> 
     </span>
    </p>
   </div>
   <div class='ocr_carea' id='block_1_95' title="bbox 316 5009 1902 5081">
    <p class='ocr_par' dir='ltr' id='par_1_95' title="bbox 316 5009 1902 5081">
     <span class='ocr_line' id='line_1_95' title="bbox 316 5009 1902 5081; baseline -0.001 -17"><span class='ocrx_word' id='word_1_739' title='bbox 316 5011 442 5074; x_wconf 82' lang='grc' dir='ltr'>τοὺς</span> <span class='ocrx_word' id='word_1_740' title='bbox 469 5013 599 5081; x_wconf 85' lang='grc' dir='ltr'>παρ’</span> <span class='ocrx_word' id='word_1_741' title='bbox 633 5010 843 5064; x_wconf 80' lang='grc' dir='ltr'>ἑαυτῶν</span> <span class='ocrx_word' id='word_1_742' title='bbox 889 5010 951 5063; x_wconf 85' lang='grc' dir='ltr'><strong>τδ</strong></span> <span class='ocrx_word' id='word_1_743' title='bbox 992 5009 1237 5064; x_wconf 73' lang='grc' dir='ltr'>τοιοῦτον</span> <span class='ocrx_word' id='word_1_744' title='bbox 1282 5013 1441 5081; x_wconf 82' lang='grc' dir='ltr'>μῖσος</span> <span class='ocrx_word' id='word_1_745' title='bbox 1467 5009 1902 5081; x_wconf 76' lang='grc' dir='ltr'>δεδιδαγμένους.</span> 
     </span>
    </p>
   </div>
   <div class='ocr_carea' id='block_1_96' title="bbox 328 5103 1902 5179">
    <p class='ocr_par' dir='ltr' id='par_1_96' title="bbox 328 5103 1902 5179">
     <span class='ocr_line' id='line_1_96' title="bbox 328 5103 1902 5179; baseline -0.001 -22"><span class='ocrx_word' id='word_1_746' title='bbox 328 5104 561 5174; x_wconf 82' lang='grc' dir='ltr'>Ὁμοίως</span> <span class='ocrx_word' id='word_1_747' title='bbox 577 5104 670 5156; x_wconf 77' lang='grc' dir='ltr'>καὶ</span> <span class='ocrx_word' id='word_1_748' title='bbox 691 5119 758 5155; x_wconf 86' lang='grc' dir='ltr'><strong>πε</strong></span> <span class='ocrx_word' id='word_1_749' title='bbox 765 5103 821 5174; x_wconf 76' lang='lat' dir='ltr'><strong>pi.</strong></span> <span class='ocrx_word' id='word_1_750' title='bbox 839 5103 938 5175; x_wconf 84' lang='grc' dir='ltr'>τῆς</span> <span class='ocrx_word' id='word_1_751' title='bbox 958 5103 1316 5174; x_wconf 85' lang='grc' dir='ltr'>περιπλόκου,</span> <span class='ocrx_word' id='word_1_752' title='bbox 1344 5104 1438 5157; x_wconf 72' lang='grc' dir='ltr'>καὶ</span> <span class='ocrx_word' id='word_1_753' title='bbox 1459 5104 1902 5179; x_wconf 73' lang='grc' dir='ltr'>πολυμαγγάνου,</span> 
     </span>
    </p>
   </div>
   <div class='ocr_carea' id='block_1_97' title="bbox 317 5191 1902 5267">
    <p class='ocr_par' dir='ltr' id='par_1_97' title="bbox 317 5191 1902 5267">
     <span class='ocr_line' id='line_1_97' title="bbox 317 5191 1902 5267; baseline -0.001 -20"><span class='ocrx_word' id='word_1_754' title='bbox 317 5194 410 5247; x_wconf 74' lang='grc' dir='ltr'>καὶ</span> <span class='ocrx_word' id='word_1_755' title='bbox 441 5195 773 5249; x_wconf 84' lang='grc' dir='ltr'>πολυσκότου</span> <span class='ocrx_word' id='word_1_756' title='bbox 800 5195 1140 5266; x_wconf 83' lang='grc' dir='ltr'>αἱμομιξίας,</span> <span class='ocrx_word' id='word_1_757' title='bbox 1169 5191 1238 5267; x_wconf 82' lang='grc' dir='ltr'>ἧς</span> <span class='ocrx_word' id='word_1_758' title='bbox 1262 5196 1322 5247; x_wconf 79' lang='grc' dir='ltr'>οὐ</span> <span class='ocrx_word' id='word_1_759' title='bbox 1356 5196 1457 5266; x_wconf 80' lang='grc' dir='ltr'><strong>μία</strong></span> <span class='ocrx_word' id='word_1_760' title='bbox 1509 5211 1614 5258; x_wconf 86' lang='grc' dir='ltr'>τις,</span> <span class='ocrx_word' id='word_1_761' title='bbox 1643 5194 1763 5247; x_wconf 73' lang='grc' dir='ltr'>οὐδὲ</span> <span class='ocrx_word' id='word_1_762' title='bbox 1786 5193 1902 5259; x_wconf 87' lang='grc' dir='ltr'>δύο,</span> 
     </span>
    </p>
   </div>
   <div class='ocr_carea' id='block_1_98' title="bbox 316 5284 1903 5358">
    <p class='ocr_par' dir='ltr' id='par_1_98' title="bbox 316 5284 1903 5358">
     <span class='ocr_line' id='line_1_98' title="bbox 316 5284 1903 5358; baseline -0.001 -19"><span class='ocrx_word' id='word_1_763' title='bbox 316 5285 452 5340; x_wconf 82' lang='grc' dir='ltr'><strong>ἀλλᾶ</strong></span> <span class='ocrx_word' id='word_1_764' title='bbox 497 5284 694 5339; x_wconf 73' lang='grc' dir='ltr'>πολλαὶ</span> <span class='ocrx_word' id='word_1_765' title='bbox 738 5288 832 5340; x_wconf 77' lang='grc' dir='ltr'><strong>καὶ</strong></span> <span class='ocrx_word' id='word_1_766' title='bbox 875 5288 1119 5342; x_wconf 78' lang='grc' dir='ltr'>ποικίλαι</span> <span class='ocrx_word' id='word_1_767' title='bbox 1149 5289 1205 5342; x_wconf 80' lang='grc' dir='ltr'>αἱ</span> <span class='ocrx_word' id='word_1_768' title='bbox 1254 5286 1533 5358; x_wconf 82' lang='grc' dir='ltr'>διαφοραί.</span> <span class='ocrx_word' id='word_1_769' title='bbox 1573 5286 1646 5338; x_wconf 79' lang='grc' dir='ltr'><strong>Τὸ</strong></span> <span class='ocrx_word' id='word_1_770' title='bbox 1674 5286 1782 5358; x_wconf 84' lang='grc' dir='ltr'><strong>γὰρ</strong></span> <span class='ocrx_word' id='word_1_771' title='bbox 1823 5288 1903 5350; x_wconf 87' lang='grc' dir='ltr'>εἰς</span> 
     </span>
    </p>
   </div>
   <div class='ocr_carea' id='block_1_99' title="bbox 316 5376 1905 5451">
    <p class='ocr_par' dir='ltr' id='par_1_99' title="bbox 316 5376 1905 5451">
     <span class='ocr_line' id='line_1_99' title="bbox 316 5376 1905 5451; baseline -0.001 -19"><span class='ocrx_word' id='word_1_772' title='bbox 316 5378 411 5432; x_wconf 90' lang='grc' dir='ltr'><strong>δύο</strong></span> <span class='ocrx_word' id='word_1_773' title='bbox 440 5379 761 5451; x_wconf 70' lang='grc' dir='ltr'>περιπεσεῖν</span> <span class='ocrx_word' id='word_1_774' title='bbox 810 5378 1043 5447; x_wconf 78' lang='grc' dir='ltr'>ἀδελφὰς</span> <span class='ocrx_word' id='word_1_775' title='bbox 1079 5381 1141 5432; x_wconf 73' lang='grc' dir='ltr'>ἐκ</span> <span class='ocrx_word' id='word_1_776' title='bbox 1172 5378 1378 5450; x_wconf 86' lang='grc' dir='ltr'>πατρὸς</span> <span class='ocrx_word' id='word_1_777' title='bbox 1426 5378 1458 5448; x_wconf 82' lang='grc' dir='ltr'>ἢ</span> <span class='ocrx_word' id='word_1_778' title='bbox 1495 5379 1561 5430; x_wconf 83' lang='grc' dir='ltr'>ὲκ</span> <span class='ocrx_word' id='word_1_779' title='bbox 1592 5377 1800 5448; x_wconf 79' lang='grc' dir='ltr'>μητρὸς</span> <span class='ocrx_word' id='word_1_780' title='bbox 1821 5418 1835 5442; x_wconf 93' lang='grc'><strong>,</strong></span> <span class='ocrx_word' id='word_1_781' title='bbox 1870 5376 1905 5447; x_wconf 87' lang='grc' dir='ltr'>ἢ</span> 
     </span>
    </p>
   </div>
   <div class='ocr_carea' id='block_1_100' title="bbox 319 5468 1907 5540">
    <p class='ocr_par' dir='ltr' id='par_1_100' title="bbox 319 5468 1907 5540">
     <span class='ocr_line' id='line_1_100' title="bbox 319 5468 1907 5540; baseline -0.003 -15"><span class='ocrx_word' id='word_1_782' title='bbox 319 5473 412 5525; x_wconf 81' lang='grc' dir='ltr'>καὶ</span> <span class='ocrx_word' id='word_1_783' title='bbox 469 5469 530 5536; x_wconf 77' lang='grc' dir='ltr'>ἐξ</span> <span class='ocrx_word' id='word_1_784' title='bbox 574 5468 900 5539; x_wconf 81' lang='grc' dir='ltr'>ἀμφοτέρων</span> <span class='ocrx_word' id='word_1_785' title='bbox 959 5469 1087 5523; x_wconf 81' lang='grc' dir='ltr'>ἄλλο</span> <span class='ocrx_word' id='word_1_786' title='bbox 1115 5487 1127 5499; x_wconf 87' lang='grc'><strong>·</strong></span> <span class='ocrx_word' id='word_1_787' title='bbox 1170 5471 1263 5523; x_wconf 80' lang='grc' dir='ltr'><strong>καὶ</strong></span> <span class='ocrx_word' id='word_1_788' title='bbox 1291 5471 1420 5525; x_wconf 82' lang='grc' dir='ltr'>ἄλλο</span> <span class='ocrx_word' id='word_1_789' title='bbox 1457 5469 1518 5523; x_wconf 82' lang='grc' dir='ltr'><strong>τὸ</strong></span> <span class='ocrx_word' id='word_1_790' title='bbox 1564 5472 1644 5535; x_wconf 85' lang='grc' dir='ltr'><strong>είς</strong></span> <span class='ocrx_word' id='word_1_791' title='bbox 1689 5469 1907 5540; x_wconf 79' lang='grc' dir='ltr'>ἐξαδέλ-</span> 
     </span>
    </p>
   </div>
   <div class='ocr_carea' id='block_1_101' title="bbox 320 5558 1903 5635">
    <p class='ocr_par' dir='ltr' id='par_1_101' title="bbox 320 5558 1903 5635">
     <span class='ocr_line' id='line_1_101' title="bbox 320 5558 1903 5635; baseline -0.004 -19"><span class='ocrx_word' id='word_1_792' title='bbox 320 5578 428 5632; x_wconf 88' lang='grc' dir='ltr'><strong>φην</strong></span> <span class='ocrx_word' id='word_1_793' title='bbox 458 5579 474 5595; x_wconf 78' lang='grc' dir='ltr'><strong>ο</strong></span> <span class='ocrx_word' id='word_1_794' title='bbox 507 5561 696 5635; x_wconf 73' lang='grc' dir='ltr'>ἕτερον</span> <span class='ocrx_word' id='word_1_795' title='bbox 725 5561 788 5615; x_wconf 86' lang='grc' dir='ltr'><strong>τὸ</strong></span> <span class='ocrx_word' id='word_1_796' title='bbox 810 5563 889 5625; x_wconf 86' lang='grc' dir='ltr'><strong>είς</strong></span> <span class='ocrx_word' id='word_1_797' title='bbox 926 5560 1314 5632; x_wconf 75' lang='grc' dir='ltr'>δισέξαδελφην</span> <span class='ocrx_word' id='word_1_798' title='bbox 1339 5578 1355 5594; x_wconf 75' lang='grc' dir='ltr'><strong>ο</strong></span> <span class='ocrx_word' id='word_1_799' title='bbox 1389 5562 1518 5616; x_wconf 79' lang='grc' dir='ltr'>ἄλλο</span> <span class='ocrx_word' id='word_1_800' title='bbox 1546 5562 1609 5614; x_wconf 85' lang='grc' dir='ltr'>τδ</span> <span class='ocrx_word' id='word_1_801' title='bbox 1634 5561 1714 5626; x_wconf 87' lang='grc' dir='ltr'>εἰς</span> <span class='ocrx_word' id='word_1_802' title='bbox 1762 5558 1903 5626; x_wconf 86' lang='grc' dir='ltr'>νύμ-</span> 
     </span>
    </p>
   </div>
   <div class='ocr_carea' id='block_1_102' title="bbox 323 5653 1904 5725">
    <p class='ocr_par' dir='ltr' id='par_1_102' title="bbox 323 5653 1904 5725">
     <span class='ocr_line' id='line_1_102' title="bbox 323 5653 1904 5725; baseline 0 -18"><span class='ocrx_word' id='word_1_803' title='bbox 323 5670 429 5725; x_wconf 81' lang='grc' dir='ltr'>φην</span> <span class='ocrx_word' id='word_1_804' title='bbox 461 5653 603 5720; x_wconf 76' lang='grc' dir='ltr'>υἰοῦ,</span> <span class='ocrx_word' id='word_1_805' title='bbox 639 5653 672 5725; x_wconf 83' lang='grc' dir='ltr'>ἢ</span> <span class='ocrx_word' id='word_1_806' title='bbox 703 5653 933 5725; x_wconf 85' lang='grc' dir='ltr'>ἁδελφοῦ</span> <span class='ocrx_word' id='word_1_807' title='bbox 962 5656 1196 5723; x_wconf 80' lang='grc' dir='ltr'>γυναῖκα</span> <span class='ocrx_word' id='word_1_808' title='bbox 1221 5693 1234 5717; x_wconf 90' lang='grc'><strong>,</strong></span> <span class='ocrx_word' id='word_1_809' title='bbox 1266 5653 1395 5708; x_wconf 60' lang='lat' dir='ltr'><strong>me</strong></span> <span class='ocrx_word' id='word_1_810' title='bbox 1418 5653 1478 5708; x_wconf 81' lang='grc' dir='ltr'><strong>τὸ</strong></span> <span class='ocrx_word' id='word_1_811' title='bbox 1522 5656 1599 5718; x_wconf 81' lang='grc' dir='ltr'>εἰς</span> <span class='ocrx_word' id='word_1_812' title='bbox 1634 5653 1904 5724; x_wconf 76' lang='grc' dir='ltr'>πενθερὰν</span> 
     </span>
    </p>
   </div>
   <div class='ocr_carea' id='block_1_103' title="bbox 320 5744 1908 5820">
    <p class='ocr_par' dir='ltr' id='par_1_103' title="bbox 320 5744 1908 5820">
     <span class='ocr_line' id='line_1_103' title="bbox 320 5744 1908 5820; baseline 0 -23"><span class='ocrx_word' id='word_1_813' title='bbox 320 5744 355 5816; x_wconf 79' lang='grc' dir='ltr'><strong>ἢ</strong></span> <span class='ocrx_word' id='word_1_814' title='bbox 397 5746 478 5809; x_wconf 82' lang='grc' dir='ltr'><strong>είς</strong></span> <span class='ocrx_word' id='word_1_815' title='bbox 521 5746 924 5820; x_wconf 77' lang='grc' dir='ltr'>συμπενθερὰν·</span> <span class='ocrx_word' id='word_1_816' title='bbox 978 5745 1070 5799; x_wconf 75' lang='grc' dir='ltr'><strong>καὶ</strong></span> <span class='ocrx_word' id='word_1_817' title='bbox 1107 5744 1295 5816; x_wconf 70' lang='grc' dir='ltr'>ἕτερον</span> <span class='ocrx_word' id='word_1_818' title='bbox 1338 5745 1398 5799; x_wconf 71' lang='grc' dir='ltr'><strong>τὸ</strong></span> <span class='ocrx_word' id='word_1_819' title='bbox 1438 5747 1516 5809; x_wconf 77' lang='grc' dir='ltr'>εἰς</span> <span class='ocrx_word' id='word_1_820' title='bbox 1559 5745 1828 5816; x_wconf 77' lang='grc' dir='ltr'>μητρυιὰν</span> <span class='ocrx_word' id='word_1_821' title='bbox 1874 5744 1908 5814; x_wconf 74' lang='grc' dir='ltr'>ἦ</span> 
     </span>
    </p>
   </div>
   <div class='ocr_carea' id='block_1_104' title="bbox 2013 4555 3599 4626">
    <p class='ocr_par' dir='ltr' id='par_1_104' title="bbox 2013 4555 3599 4626">
     <span class='ocr_line' id='line_1_104' title="bbox 2013 4555 3599 4626; baseline 0.002 -16"><span class='ocrx_word' id='word_1_822' title='bbox 2013 4565 2204 4626; x_wconf 88' lang='lat' dir='ltr'><strong>postea</strong></span> <span class='ocrx_word' id='word_1_823' title='bbox 2227 4556 2342 4612; x_wconf 67' lang='lat' dir='ltr'><strong>haec</strong></span> <span class='ocrx_word' id='word_1_824' title='bbox 2364 4555 2573 4611; x_wconf 87' lang='lat' dir='ltr'><strong>fecerit.</strong></span> <span class='ocrx_word' id='word_1_825' title='bbox 2596 4556 3023 4626; x_wconf 81' lang='lat' dir='ltr'><strong>InterrOgandus</strong></span> <span class='ocrx_word' id='word_1_826' title='bbox 3051 4565 3313 4626; x_wconf 58' lang='lat' dir='ltr'><strong>praeterea</strong></span> <span class='ocrx_word' id='word_1_827' title='bbox 3340 4572 3408 4611; x_wconf 89' lang='lat' dir='ltr'><strong>au</strong></span> <span class='ocrx_word' id='word_1_828' title='bbox 3434 4557 3599 4615; x_wconf 86' lang='lat' dir='ltr'><strong>bruta</strong></span> 
     </span>
    </p>
   </div>
   <div class='ocr_carea' id='block_1_105' title="bbox 2012 4646 3601 4719">
    <p class='ocr_par' dir='ltr' id='par_1_105' title="bbox 2012 4646 3601 4719">
     <span class='ocr_line' id='line_1_105' title="bbox 2012 4646 3601 4719; baseline 0.001 -17"><span class='ocrx_word' id='word_1_829' title='bbox 2012 4650 2217 4715; x_wconf 86' lang='lat' dir='ltr'><strong>inierit,</strong></span> <span class='ocrx_word' id='word_1_830' title='bbox 2250 4648 2410 4719; x_wconf 83' lang='lat' dir='ltr'><strong>cujus</strong></span> <span class='ocrx_word' id='word_1_831' title='bbox 2456 4663 2564 4703; x_wconf 89' lang='lat' dir='ltr'><strong>una</strong></span> <span class='ocrx_word' id='word_1_832' title='bbox 2609 4656 2695 4703; x_wconf 89' lang='lat' dir='ltr'><strong>est</strong></span> <span class='ocrx_word' id='word_1_833' title='bbox 2736 4647 3064 4703; x_wconf 80' lang='lat' dir='ltr'><strong>differentia.</strong></span> <span class='ocrx_word' id='word_1_834' title='bbox 3111 4646 3373 4703; x_wconf 89' lang='lat' dir='ltr'><strong>Similiter</strong></span> <span class='ocrx_word' id='word_1_835' title='bbox 3398 4690 3413 4714; x_wconf 90' lang='lat'><strong>,</strong></span> <span class='ocrx_word' id='word_1_836' title='bbox 3446 4659 3501 4704; x_wconf 89' lang='lat' dir='ltr'><strong>et</strong></span> <span class='ocrx_word' id='word_1_837' title='bbox 3533 4651 3601 4706; x_wconf 87' lang='lat' dir='ltr'><strong>de</strong></span> 
     </span>
    </p>
   </div>
   <div class='ocr_carea' id='block_1_106' title="bbox 2013 4739 3600 4812">
    <p class='ocr_par' dir='ltr' id='par_1_106' title="bbox 2013 4739 3600 4812">
     <span class='ocr_line' id='line_1_106' title="bbox 2013 4739 3600 4812; baseline -0.001 -16"><span class='ocrx_word' id='word_1_838' title='bbox 2013 4741 2239 4797; x_wconf 88' lang='lat' dir='ltr'><strong>mollitie</strong></span> <span class='ocrx_word' id='word_1_839' title='bbox 2275 4741 2433 4809; x_wconf 85' lang='lat' dir='ltr'><strong>cujus</strong></span> <span class='ocrx_word' id='word_1_840' title='bbox 2471 4740 2595 4795; x_wconf 66' lang='lat' dir='ltr'><strong>duae</strong></span> <span class='ocrx_word' id='word_1_841' title='bbox 2638 4745 2766 4796; x_wconf 81' lang='lat' dir='ltr'><strong>sunt</strong></span> <span class='ocrx_word' id='word_1_842' title='bbox 2805 4739 3143 4802; x_wconf 68' lang='lat' dir='ltr'><strong>differentiae,</strong></span> <span class='ocrx_word' id='word_1_843' title='bbox 3179 4755 3286 4794; x_wconf 91' lang='lat' dir='ltr'><strong>una</strong></span> <span class='ocrx_word' id='word_1_844' title='bbox 3318 4756 3443 4810; x_wconf 68' lang='lat' dir='ltr'><strong>quas</strong></span> <span class='ocrx_word' id='word_1_845' title='bbox 3470 4757 3600 4812; x_wconf 90' lang='lat' dir='ltr'><strong>pro-</strong></span> 
     </span>
    </p>
   </div>
   <div class='ocr_carea' id='block_1_107' title="bbox 2013 4830 3601 4904">
    <p class='ocr_par' dir='ltr' id='par_1_107' title="bbox 2013 4830 3601 4904">
     <span class='ocr_line' id='line_1_107' title="bbox 2013 4830 3601 4904; baseline 0.001 -21"><span class='ocrx_word' id='word_1_846' title='bbox 2013 4834 2128 4904; x_wconf 86' lang='lat' dir='ltr'><strong>pria</strong></span> <span class='ocrx_word' id='word_1_847' title='bbox 2155 4847 2321 4886; x_wconf 89' lang='lat' dir='ltr'><strong>manu</strong></span> <span class='ocrx_word' id='word_1_848' title='bbox 2358 4832 2680 4896; x_wconf 87' lang='lat' dir='ltr'><strong>suscitatur,</strong></span> <span class='ocrx_word' id='word_1_849' title='bbox 2706 4830 2876 4886; x_wconf 87' lang='lat' dir='ltr'><strong>altera</strong></span> <span class='ocrx_word' id='word_1_850' title='bbox 2899 4847 3023 4902; x_wconf 72' lang='lat' dir='ltr'><strong>qua:</strong></span> <span class='ocrx_word' id='word_1_851' title='bbox 3051 4832 3229 4886; x_wconf 86' lang='lat' dir='ltr'><strong>aliena</strong></span> <span class='ocrx_word' id='word_1_852' title='bbox 3259 4848 3423 4901; x_wconf 90' lang='lat' dir='ltr'><strong>quam</strong></span> <span class='ocrx_word' id='word_1_853' title='bbox 3448 4833 3601 4902; x_wconf 82' lang='lat' dir='ltr'><strong>prin-</strong></span> 
     </span>
    </p>
   </div>
   <div class='ocr_carea' id='block_1_108' title="bbox 2012 4923 3603 4994">
    <p class='ocr_par' dir='ltr' id='par_1_108' title="bbox 2012 4923 3603 4994">
     <span class='ocr_line' id='line_1_108' title="bbox 2012 4923 3603 4994; baseline -0.002 -15"><span class='ocrx_word' id='word_1_854' title='bbox 2012 4926 2059 4979; x_wconf 89' lang='lat' dir='ltr'><strong>ci</strong></span> <span class='ocrx_word' id='word_1_855' title='bbox 2069 4939 2164 4994; x_wconf 89' lang='lat' dir='ltr'><strong>pes</strong></span> <span class='ocrx_word' id='word_1_856' title='bbox 2188 4939 2312 4979; x_wconf 89' lang='lat' dir='ltr'><strong>cum</strong></span> <span class='ocrx_word' id='word_1_857' title='bbox 2337 4923 2535 4992; x_wconf 90' lang='lat' dir='ltr'><strong>seipsis</strong></span> <span class='ocrx_word' id='word_1_858' title='bbox 2564 4923 2956 4979; x_wconf 88' lang='lat' dir='ltr'><strong>miserabiliter</strong></span> <span class='ocrx_word' id='word_1_859' title='bbox 2977 4932 3293 4993; x_wconf 88' lang='lat' dir='ltr'><strong>operantur,</strong></span> <span class='ocrx_word' id='word_1_860' title='bbox 3319 4923 3460 4978; x_wconf 84' lang='lat' dir='ltr'><strong>alios</strong></span> <span class='ocrx_word' id='word_1_861' title='bbox 3478 4938 3603 4993; x_wconf 87' lang='lat' dir='ltr'><strong>per-</strong></span> 
     </span>
    </p>
   </div>
   <div class='ocr_carea' id='block_1_109' title="bbox 2013 5012 3602 5086">
    <p class='ocr_par' dir='ltr' id='par_1_109' title="bbox 2013 5012 3602 5086">
     <span class='ocr_line' id='line_1_109' title="bbox 2013 5012 3602 5086; baseline 0 -17"><span class='ocrx_word' id='word_1_862' title='bbox 2013 5016 2204 5071; x_wconf 89' lang='lat' dir='ltr'><strong>dentes</strong></span> <span class='ocrx_word' id='word_1_863' title='bbox 2232 5015 2326 5086; x_wconf 90' lang='lat' dir='ltr'><strong>qui</strong></span> <span class='ocrx_word' id='word_1_864' title='bbox 2361 5024 2569 5070; x_wconf 85' lang='lat' dir='ltr'><strong>tantum</strong></span> <span class='ocrx_word' id='word_1_865' title='bbox 2609 5015 2792 5071; x_wconf 81' lang='lat' dir='ltr'><strong>scelus</strong></span> <span class='ocrx_word' id='word_1_866' title='bbox 2833 5015 2904 5070; x_wconf 90' lang='lat' dir='ltr'><strong>ab</strong></span> <span class='ocrx_word' id='word_1_867' title='bbox 2936 5015 3004 5075; x_wconf 86' lang='lat' dir='ltr'><strong>iis</strong></span> <span class='ocrx_word' id='word_1_868' title='bbox 3035 5013 3209 5070; x_wconf 89' lang='lat' dir='ltr'><strong>edocti</strong></span> <span class='ocrx_word' id='word_1_869' title='bbox 3248 5027 3397 5068; x_wconf 86' lang='lat' dir='ltr'><strong>sunt.</strong></span> <span class='ocrx_word' id='word_1_870' title='bbox 3436 5012 3602 5069; x_wconf 53' lang='lat' dir='ltr'><strong>Sinti-</strong></span> 
     </span>
    </p>
   </div>
   <div class='ocr_carea' id='block_1_110' title="bbox 2013 5101 3605 5175">
    <p class='ocr_par' dir='ltr' id='par_1_110' title="bbox 2013 5101 3605 5175">
     <span class='ocr_line' id='line_1_110' title="bbox 2013 5101 3605 5175; baseline -0.002 -14"><span class='ocrx_word' id='word_1_871' title='bbox 2013 5108 2138 5161; x_wconf 88' lang='lat' dir='ltr'><strong>liter</strong></span> <span class='ocrx_word' id='word_1_872' title='bbox 2175 5114 2231 5161; x_wconf 89' lang='lat' dir='ltr'><strong>et</strong></span> <span class='ocrx_word' id='word_1_873' title='bbox 2271 5105 2340 5161; x_wconf 88' lang='lat' dir='ltr'><strong>de</strong></span> <span class='ocrx_word' id='word_1_874' title='bbox 2380 5104 2673 5175; x_wconf 80' lang='lat' dir='ltr'><strong>perplexa,</strong></span> <span class='ocrx_word' id='word_1_875' title='bbox 2709 5113 2765 5160; x_wconf 89' lang='lat' dir='ltr'><strong>et</strong></span> <span class='ocrx_word' id='word_1_876' title='bbox 2810 5103 3101 5160; x_wconf 84' lang='lat' dir='ltr'><strong>admodum</strong></span> <span class='ocrx_word' id='word_1_877' title='bbox 3142 5101 3502 5173; x_wconf 70' lang='lat' dir='ltr'><strong>praastigiosa,</strong></span> <span class='ocrx_word' id='word_1_878' title='bbox 3548 5114 3605 5158; x_wconf 90' lang='lat' dir='ltr'><strong>ct</strong></span> 
     </span>
    </p>
   </div>
   <div class='ocr_carea' id='block_1_111' title="bbox 2015 5192 3603 5267">
    <p class='ocr_par' dir='ltr' id='par_1_111' title="bbox 2015 5192 3603 5267">
     <span class='ocr_line' id='line_1_111' title="bbox 2015 5192 3603 5267; baseline -0.001 -15"><span class='ocrx_word' id='word_1_879' title='bbox 2015 5198 2173 5252; x_wconf 75' lang='lat' dir='ltr'><strong>valde</strong></span> <span class='ocrx_word' id='word_1_880' title='bbox 2212 5195 2503 5251; x_wconf 87' lang='lat' dir='ltr'><strong>tenebrosa</strong></span> <span class='ocrx_word' id='word_1_881' title='bbox 2548 5195 2831 5267; x_wconf 81' lang='lat' dir='ltr'><strong>sanguinis</strong></span> <span class='ocrx_word' id='word_1_882' title='bbox 2878 5193 3258 5265; x_wconf 88' lang='lat' dir='ltr'><strong>permistione,</strong></span> <span class='ocrx_word' id='word_1_883' title='bbox 3292 5192 3451 5262; x_wconf 88' lang='lat' dir='ltr'><strong>cujus</strong></span> <span class='ocrx_word' id='word_1_884' title='bbox 3490 5209 3603 5250; x_wconf 79' lang='lat' dir='ltr'><strong>non</strong></span> 
     </span>
    </p>
   </div>
   <div class='ocr_carea' id='block_1_112' title="bbox 2013 5283 3601 5356">
    <p class='ocr_par' dir='ltr' id='par_1_112' title="bbox 2013 5283 3601 5356">
     <span class='ocr_line' id='line_1_112' title="bbox 2013 5283 3601 5356; baseline -0.003 -10"><span class='ocrx_word' id='word_1_885' title='bbox 2013 5301 2098 5346; x_wconf 86' lang='lat' dir='ltr'><strong>est</strong></span> <span class='ocrx_word' id='word_1_886' title='bbox 2139 5304 2268 5356; x_wconf 89' lang='lat' dir='ltr'><strong>una,</strong></span> <span class='ocrx_word' id='word_1_887' title='bbox 2314 5297 2409 5343; x_wconf 91' lang='lat' dir='ltr'><strong>aut</strong></span> <span class='ocrx_word' id='word_1_888' title='bbox 2437 5287 2567 5353; x_wconf 87' lang='lat' dir='ltr'><strong>duo,</strong></span> <span class='ocrx_word' id='word_1_889' title='bbox 2612 5287 2708 5342; x_wconf 86' lang='lat' dir='ltr'><strong>sed</strong></span> <span class='ocrx_word' id='word_1_890' title='bbox 2753 5287 2936 5342; x_wconf 75' lang='lat' dir='ltr'><strong>multa:</strong></span> <span class='ocrx_word' id='word_1_891' title='bbox 2962 5293 3015 5341; x_wconf 86' lang='lat' dir='ltr'><strong>et</strong></span> <span class='ocrx_word' id='word_1_892' title='bbox 3056 5284 3220 5340; x_wconf 71' lang='lat' dir='ltr'><strong>varia:</strong></span> <span class='ocrx_word' id='word_1_893' title='bbox 3258 5283 3601 5341; x_wconf 65' lang='lat' dir='ltr'><strong>diﬂ‘ercntiat.</strong></span> 
     </span>
    </p>
   </div>
   <div class='ocr_carea' id='block_1_113' title="bbox 2012 5378 3605 5448">
    <p class='ocr_par' dir='ltr' id='par_1_113' title="bbox 2012 5378 3605 5448">
     <span class='ocr_line' id='line_1_113' title="bbox 2012 5378 3605 5448; baseline -0.003 -11"><span class='ocrx_word' id='word_1_894' title='bbox 2012 5382 2259 5438; x_wconf 83' lang='lat' dir='ltr'><strong>incidere</strong></span> <span class='ocrx_word' id='word_1_895' title='bbox 2289 5381 2432 5437; x_wconf 90' lang='lat' dir='ltr'><strong>enim</strong></span> <span class='ocrx_word' id='word_1_896' title='bbox 2463 5381 2518 5435; x_wconf 89' lang='lat' dir='ltr'><strong>in</strong></span> <span class='ocrx_word' id='word_1_897' title='bbox 2547 5381 2686 5436; x_wconf 89' lang='lat' dir='ltr'><strong>duas</strong></span> <span class='ocrx_word' id='word_1_898' title='bbox 2718 5394 2961 5443; x_wconf 83' lang='lat' dir='ltr'><strong>sorores,</strong></span> <span class='ocrx_word' id='word_1_899' title='bbox 2992 5379 3076 5432; x_wconf 86' lang='lat' dir='ltr'><strong>vel</strong></span> <span class='ocrx_word' id='word_1_900' title='bbox 3100 5393 3166 5433; x_wconf 81' lang='lat' dir='ltr'><strong>ex</strong></span> <span class='ocrx_word' id='word_1_901' title='bbox 3200 5387 3373 5448; x_wconf 88' lang='lat' dir='ltr'><strong>patre,</strong></span> <span class='ocrx_word' id='word_1_902' title='bbox 3414 5378 3500 5433; x_wconf 87' lang='lat' dir='ltr'><strong>vel</strong></span> <span class='ocrx_word' id='word_1_903' title='bbox 3534 5394 3605 5433; x_wconf 77' lang='lat' dir='ltr'><strong>ex</strong></span> 
     </span>
    </p>
   </div>
   <div class='ocr_carea' id='block_1_114' title="bbox 2015 5469 3601 5542">
    <p class='ocr_par' dir='ltr' id='par_1_114' title="bbox 2015 5469 3601 5542">
     <span class='ocr_line' id='line_1_114' title="bbox 2015 5469 3601 5542; baseline -0.002 -14"><span class='ocrx_word' id='word_1_904' title='bbox 2015 5483 2212 5537; x_wconf 84' lang='lat' dir='ltr'><strong>matre,</strong></span> <span class='ocrx_word' id='word_1_905' title='bbox 2243 5473 2326 5527; x_wconf 87' lang='lat' dir='ltr'><strong>vel</strong></span> <span class='ocrx_word' id='word_1_906' title='bbox 2365 5488 2434 5527; x_wconf 80' lang='lat' dir='ltr'><strong>ex</strong></span> <span class='ocrx_word' id='word_1_907' title='bbox 2477 5482 2731 5542; x_wconf 88' lang='lat' dir='ltr'><strong>utroque,</strong></span> <span class='ocrx_word' id='word_1_908' title='bbox 2774 5470 2920 5526; x_wconf 82' lang='lat' dir='ltr'><strong>aliud</strong></span> <span class='ocrx_word' id='word_1_909' title='bbox 2959 5479 3062 5526; x_wconf 89' lang='lat' dir='ltr'><strong>est.</strong></span> <span class='ocrx_word' id='word_1_910' title='bbox 3102 5470 3266 5525; x_wconf 84' lang='lat' dir='ltr'><strong>Aliud</strong></span> <span class='ocrx_word' id='word_1_911' title='bbox 3295 5484 3516 5540; x_wconf 84' lang='lat' dir='ltr'><strong>quoque</strong></span> <span class='ocrx_word' id='word_1_912' title='bbox 3545 5469 3601 5526; x_wconf 87' lang='lat' dir='ltr'><strong>in</strong></span> 
     </span>
    </p>
   </div>
   <div class='ocr_carea' id='block_1_115' title="bbox 2014 5563 3602 5639">
    <p class='ocr_par' dir='ltr' id='par_1_115' title="bbox 2014 5563 3602 5639">
     <span class='ocr_line' id='line_1_115' title="bbox 2014 5563 3602 5639; baseline -0.003 -17"><span class='ocrx_word' id='word_1_913' title='bbox 2014 5566 2346 5639; x_wconf 86' lang='lat' dir='ltr'><strong>patruelem:</strong></span> <span class='ocrx_word' id='word_1_914' title='bbox 2381 5566 2527 5620; x_wconf 90' lang='lat' dir='ltr'><strong>aliud</strong></span> <span class='ocrx_word' id='word_1_915' title='bbox 2560 5566 2613 5619; x_wconf 92' lang='lat' dir='ltr'><strong>in</strong></span> <span class='ocrx_word' id='word_1_916' title='bbox 2646 5566 2909 5635; x_wconf 88' lang='lat' dir='ltr'><strong>patruelis</strong></span> <span class='ocrx_word' id='word_1_917' title='bbox 2938 5565 3103 5619; x_wconf 81' lang='lat' dir='ltr'><strong>filiam</strong></span> <span class='ocrx_word' id='word_1_918' title='bbox 3129 5582 3145 5631; x_wconf 89' lang='lat'><strong>;</strong></span> <span class='ocrx_word' id='word_1_919' title='bbox 3177 5563 3324 5619; x_wconf 93' lang='lat' dir='ltr'><strong>aliud</strong></span> <span class='ocrx_word' id='word_1_920' title='bbox 3355 5564 3410 5618; x_wconf 92' lang='lat' dir='ltr'><strong>in</strong></span> <span class='ocrx_word' id='word_1_921' title='bbox 3436 5579 3602 5634; x_wconf 80' lang='lat' dir='ltr'><strong>spon-</strong></span> 
     </span>
    </p>
   </div>
   <div class='ocr_carea' id='block_1_116' title="bbox 2015 5655 3604 5723">
    <p class='ocr_par' dir='ltr' id='par_1_116' title="bbox 2015 5655 3604 5723">
     <span class='ocr_line' id='line_1_116' title="bbox 2015 5655 3604 5723; baseline -0.003 -9"><span class='ocrx_word' id='word_1_922' title='bbox 2015 5674 2134 5714; x_wconf 87' lang='lat' dir='ltr'><strong>sam</strong></span> <span class='ocrx_word' id='word_1_923' title='bbox 2174 5657 2292 5723; x_wconf 82' lang='lat' dir='ltr'><strong>lilii,</strong></span> <span class='ocrx_word' id='word_1_924' title='bbox 2340 5665 2436 5712; x_wconf 93' lang='lat' dir='ltr'><strong>aut</strong></span> <span class='ocrx_word' id='word_1_925' title='bbox 2474 5655 2663 5713; x_wconf 90' lang='lat' dir='ltr'><strong>fratris</strong></span> <span class='ocrx_word' id='word_1_926' title='bbox 2706 5671 2957 5712; x_wconf 79' lang='lat' dir='ltr'><strong>uxorem.</strong></span> <span class='ocrx_word' id='word_1_927' title='bbox 3000 5656 3159 5711; x_wconf 81' lang='lat' dir='ltr'><strong>Aliud</strong></span> <span class='ocrx_word' id='word_1_928' title='bbox 3202 5656 3256 5711; x_wconf 90' lang='lat' dir='ltr'><strong>in</strong></span> <span class='ocrx_word' id='word_1_929' title='bbox 3290 5670 3509 5711; x_wconf 85' lang='lat' dir='ltr'><strong>socrum</strong></span> <span class='ocrx_word' id='word_1_930' title='bbox 3548 5664 3604 5710; x_wconf 81' lang='lat' dir='ltr'><strong>et</strong></span> 
     </span>
    </p>
   </div>
   <div class='ocr_carea' id='block_1_117' title="bbox 2020 5747 3594 5819">
    <p class='ocr_par' dir='ltr' id='par_1_117' title="bbox 2020 5747 3594 5819">
     <span class='ocr_line' id='line_1_117' title="bbox 2020 5747 3594 5819; baseline -0.001 -15"><span class='ocrx_word' id='word_1_931' title='bbox 2020 5752 2074 5805; x_wconf 92' lang='lat' dir='ltr'><strong>in</strong></span> <span class='ocrx_word' id='word_1_932' title='bbox 2106 5764 2471 5816; x_wconf 88' lang='lat' dir='ltr'><strong>consocrum;</strong></span> <span class='ocrx_word' id='word_1_933' title='bbox 2506 5758 2556 5804; x_wconf 90' lang='lat' dir='ltr'><strong>et</strong></span> <span class='ocrx_word' id='word_1_934' title='bbox 2587 5748 2735 5804; x_wconf 86' lang='lat' dir='ltr'><strong>aliud</strong></span> <span class='ocrx_word' id='word_1_935' title='bbox 2784 5749 2838 5803; x_wconf 86' lang='lat' dir='ltr'><strong>in</strong></span> <span class='ocrx_word' id='word_1_936' title='bbox 2877 5763 3190 5815; x_wconf 87' lang='lat' dir='ltr'><strong>novercam,</strong></span> <span class='ocrx_word' id='word_1_937' title='bbox 3233 5756 3328 5804; x_wconf 87' lang='lat' dir='ltr'><strong>aut</strong></span> <span class='ocrx_word' id='word_1_938' title='bbox 3355 5747 3594 5819; x_wconf 82' lang='lat' dir='ltr'><strong>aliquam</strong></span> 
     </span>
    </p>
   </div>
  </div>
