4058 6424
559 330 697 389 189⁵»

1481 329 1805 391 JOANNIS
1853 332 2362 394 JEIUNATORIS
2394 336 2501 397 CP.
2541 340 2896 400 ARCHIEP.

3640 354 3749 426 1896

552 437 725 508 patris
765 404 1220 511 concubinarum.
1272 434 1504 501 Quidam
1557 436 1624 490 ad
1672 438 1922 508 preprias
1967 455 2128 508 usque

3640 404 3749 426 ιυσυ

2242 458 2365 495 τινα
2393 436 2503 496 τῶν
2551 445 2644 498 τοῦ
2687 448 2896 517 πατρὸς
2935 447 3250 505 παλλακῶν.
3297 452 3540 513 Φθὰνουσι
3571 461 3622 517 δέ
3653 484 3769 531 τινες

553 539 759 583 matres
801 526 1143 597 procedunt.
1176 526 1336 581 Aliud
1389 527 1588 581 iterum
1615 542 1744 582 eum
1777 531 1996 600 propria
2035 531 2144 586 illia

552 617 852 686 spirituali,
876 625 931 670 et
961 615 1108 671 aliud
1137 631 1262 670 cum
1296 631 1402 685 qua
1433 615 1597 670 ﬁliam
1625 617 1678 671 in
1720 618 1991 687 baptismo
2021 635 2147 675 sus-

553 711 717 779 cepit.
759 708 954 765 Scelus
979 710 1198 779 quidem
1225 710 1598 764 masculorum
1629 712 1956 766 concubitus
1983 714 2143 768 multi

552 804 716 856 etiam
751 817 873 856 cum
911 801 1239 856 mulieribus
1269 802 1402 870 ipsis
1432 803 1743 870 perﬁciunt.

627 891 718 947 Sic
767 892 931 946 etiam
969 891 1248 961 inquirere
1309 907 1434 946 eum
1485 901 1702 962 oportet
1746 892 1814 948 de
1855 893 2002 948 caede
2048 909 2147 948 vo-

554 981 789 1035 luntaria
817 989 870 1034 et
907 981 1295 1035 involuntaria.
1331 981 1390 1036 Si
1426 982 1649 1051 injuria,
1689 993 1786 1037 aut
1813 986 2142 1040 contumelia

552 1081 807 1139 parentes
830 1070 1029 1136 affecit,
1052 1081 1148 1126 aut
1175 1072 1502 1137 verberavit,
1530 1073 1616 1128 vel
1649 1075 1914 1129 conviciis
1943 1083 1996 1130 et
2019 1091 2144 1145 pro-

552 1163 669 1218 bris
700 1165 996 1219 insectatus
1022 1173 1126 1219 est.
1161 1164 1220 1218 Si
1251 1173 1538 1234 postquam
1567 1165 1721 1230 bibit,
1761 1177 1855 1222 aut
1883 1169 2140 1234 comedit,

549 1256 1002 1321 communicavit,
1038 1264 1136 1310 aut
1165 1257 1220 1310 in
1253 1258 1677 1327 quadragesima
1711 1274 1770 1314 se
1797 1261 2016 1329 polluit,
2048 1270 2144 1315 aut

550 1347 770 1402 mulieri
793 1347 1120 1402 commistus
1143 1347 1464 1402 indiﬁ‘erens
1492 1358 1546 1403 et
1574 1350 1726 1418 parvi
1752 1354 2013 1407 momenti
2039 1352 2143 1408 hoc

549 1441 876 1495 existimans
903 1449 1094 1494 saneta
1120 1439 1378 1510 mysteria
1409 1442 1662 1509 sumpsit;
1687 1452 1780 1495 aut
1802 1443 2141 1500 clandestino

550 1533 908 1587 matrimonio
931 1533 1158 1601 junctus
1186 1543 1307 1598 est;
1339 1543 1434 1588 aut
1464 1535 1740 1604 impudica
1767 1537 1976 1602 oscula,
2009 1553 2139 1592 con-

549 1625 1014 1693 trectationesque
1040 1624 1191 1690 fecit,
1218 1624 1397 1694 ipsum
1424 1641 1556 1680 vero
1580 1641 1718 1696 opus
1754 1644 1862 1682 non
1889 1627 2136 1699 perfecit;

547 1726 643 1771 aut
673 1733 795 1773 eum
825 1718 1011 1787 pueris
1037 1733 1157 1773 sese
1189 1720 1456 1788 corrupit,
1491 1729 1586 1773 aut
1616 1721 1854 1791 aliquem
1887 1725 2138 1780 mercede

545 1809 866 1875 frustravit;
899 1819 991 1864 aut
1017 1810 1394 1866 maledicentia
1435 1810 1614 1879 laesit;
1656 1824 1750 1868 aut
1782 1814 1983 1884 injuste
2007 1832 2137 1871 con-

548 1901 769 1954 tumelia
797 1899 1008 1967 aﬁeeit;
1045 1911 1142 1956 aut
1169 1905 1516 1972 sanguinem,
1549 1913 1644 1958 aut
1671 1904 2016 1973 suﬁocatum,
2041 1917 2135 1962 aut

544 2009 574 2046 a
611 1992 806 2047 belluis
839 2002 1096 2064 captum,
1143 2002 1199 2049 et
1243 1994 1577 2065 discerptum
1617 2007 1713 2051 aut
1752 2000 2127 2067 morticinum,

542 2094 641 2139 aut
669 2087 737 2140 ab
779 2086 973 2142 avibus
1008 2103 1331 2158 percussum
1381 2089 1658 2158 comedit,
1691 2101 1787 2146 aut
1830 2093 1885 2147 in
1920 2093 2133 2148 divina-

542 2177 804 2244 tionlbus,
839 2186 933 2232 aut
963 2180 1179 2249 magiis,
1208 2189 1304 2234 aut
1327 2181 1604 2237 veneﬁciis
1629 2183 1999 2252 deprehensus
2023 2193 2130 2242 est.

542 2268 724 2339 Atque
748 2271 913 2325 etiam
943 2270 986 2325 si
1015 2275 1080 2325 de
1111 2273 1301 2327 haeresi
1327 2273 1503 2343 ipsum
1528 2277 1786 2344 cogitatio
1826 2277 1994 2347 cepit,
2016 2279 2131 2334 sive

540 2359 745 2415 invidia
784 2369 838 2415 et
881 2362 1009 2415 mali
1049 2363 1257 2432 accepti
1303 2364 1684 2420 recordatione
1730 2367 1993 2424 adversus
2027 2371 2130 2424 ali-

539 2466 700 2520 quem
735 2455 965 2522 laborat,
1005 2457 1121 2511 sive
1161 2458 1444 2528 pejeravit,
1491 2460 1605 2515 sive
1643 2460 1858 2518 furatus
1899 2473 2002 2529 est,
2034 2473 2129 2520 aut

539 2545 716 2599 aliena
756 2547 895 2601 bona
931 2549 1133 2618 rapuit,
1187 2559 1282 2602 aut
1325 2551 1632 2620 depositum
1675 2554 1982 2626 denegavit,
2033 2566 2128 2613 aut

537 2637 735 2693 falsum
787 2640 1164 2694 testimonium
1203 2642 1366 2706 tulit,
1408 2653 1504 2698 aut
1542 2647 1880 2702 sacerdotem
1929 2658 2127 2703 contu-

536 2732 762 2787 meliose
791 2732 999 2798 habuit,
1019 2741 1111 2786 aut
1134 2745 1529 2804 susceptorem.
1558 2738 1756 2807 Atque,
1790 2749 1849 2792 ut
1879 2741 2126 2796 absolute

536 2820 737 2884 dicam,
761 2821 828 2875 de
861 2823 1118 2878 omnibus
1149 2839 1272 2878 eum
1302 2825 1447 2878 omni
1479 2839 1606 2880 cum
1633 2828 1912 2899 diligentia
1945 2829 2126 2901 inqui-

534 2925 657 2965 rere
679 2912 858 2967 debet.
876 2911 1158 2985 Contingit
1179 2915 1324 2970 enim
1348 2917 1676 2988 quandoque
1702 2921 1935 2991 aliquem
1959 2939 2122 2979 omne

532 3006 741 3072 peccati
780 3021 950 3075 genus
977 3008 1198 3078 aggredi
1229 3017 1285 3064 et
1310 3011 1547 3080 operari.
1580 3010 1778 3068 Omnia
1810 3015 1976 3085 igitur
1997 3033 2119 3072 cum

2251 531 2349 583 καὶ
2386 533 2552 604 μέχρι
2586 533 2696 586 τῶν
2734 535 2880 588 ἰδίων
2932 540 3206 608 μητέρων.
3246 540 3402 596 ’Άλλο
3438 548 3582 603 πάλιν
3615 555 3668 608 τὸ
3705 562 3770 623 εἰς

2247 622 2347 693 τὴν
2404 624 2542 679 ἰδίαν
2591 624 2905 692 σύντεκνον,
2952 631 3045 683 καὶ
3093 630 3222 684 ἄλλο
3265 633 3325 684 τὸ
3374 637 3448 699 εἰς
3488 639 3550 709 ἢν
3594 622 3775 711 ἐδέξατο

2247 712 2546 786 θυγατέρα.
2567 715 2640 768 Τὸ
2677 717 2862 788 μέντοι
2891 719 2992 789 τῆς
3015 724 3421 790 ἁρσενοκοιτίας
3449 728 3601 797 μῦσος
3620 737 3776 792 πολλοί

2247 803 2340 856 καὶ
2371 804 2506 873 μετὰ
2529 805 2639 858 τῶν
2671 808 2952 874 γυναικῶν
2983 811 3165 865 αὐτῶν
3190 813 3506 872 ἐκτελοῦσιν.

2327 892 2416 956 ,Ως
2466 893 2523 947 δὲ
2580 897 2675 949 καὶ
2735 897 2864 966 περὶ
2907 900 3072 967 φόνου
3127 903 3377 957 ἑκουσίου
3429 908 3516 962 καὶ
3564 911 3777 973 ἀκουσίου

2244 982 2527 1054 διερευνᾷν
2556 999 2571 1014 °
2619 987 2715 1040 καί⁵
2761 990 2810 1040 εἰ
2844 988 2954 1059 ἄρα
2985 988 3178 1062 ὕϐρισε
3223 995 3418 1062 γονεῖς,
3451 996 3482 1067 ἢ
3521 999 3693 1070 ἔτυψεν
3716 1009 3780 1078 ,ἢ

2245 1075 2556 1147 ἐλοιδόρησε
2580 1094 2594 1109 ·
2647 1080 2746 1133 καὶ
2799 1081 2848 1132 εἰ
2900 1082 3091 1151 φαγὼν
3140 1084 3173 1155 ἢ
3218 1085 3358 1139 πιὼν
3397 1088 3716 1164 ἐκοινώνησε,

2244 1164 2478 1235 ἐμιάνθη
2542 1169 2609 1238 τῇ
2694 1175 3106 1243 τεσσαρακοστῇ
3135 1211 3151 1238 ,
3219 1175 3252 1246 ἢ
3326 1179 3539 1244 γυναικὶ
3607 1164 3788 1253 μιχθεὶς

2245 1257 2555 1329 ἀδιαφόρως
2630 1262 2929 1330 μετέλαϐεν
2978 1280 2994 1296 ο
3053 1265 3086 1338 ἥ
3143 1265 3514 1338 λαθρογαμίαν
3575 1275 3784 1346 ἐποίησε,

2243 1349 2276 1418 ἢ
2333 1351 2660 1421 ἀσπασμοὺς
2713 1354 2810 1407 καὶ
2865 1354 3084 1424 ἐπαιράς
3139 1358 3391 1428 ἐποίησε,
3452 1361 3512 1415 τὸ
3561 1363 3614 1416 δὲ
3655 1365 3791 1437 ἔργον

2243 1446 2343 1500 οὐκ
2395 1447 2612 1500 ἐτέλεσε
2697 1465 2713 1481 ·
2770 1450 2804 1521 ἢ
2857 1451 3341 1525 ἐπαιδοφθόρησεν,
3385 1456 3419 1527 ἦ
3477 1458 3652 1528 μισθόν
3673 1479 3791 1526 τινος

2241 1535 2616 1607 ἀπεστέρησεν
2642 1579 2657 1600 ,
2697 1540 2730 1610 ἢ
2783 1541 3120 1612 κατελάλησέ
3179 1545 3312 1597 ποτέ
3355 1563 3496 1610 τινα,
3543 1549 3575 1620 ἦ
3621 1549 3793 1615 ἀδίκως

2244 1625 2486 1696 ὕϐρισεν,
2520 1629 2802 1702 ἠδίκησεν,
2830 1633 2863 1704 ἢ
2895 1628 3054 1704 αἷμα,
3083 1635 3116 1706 ἢ
3142 1639 3392 1704 πνικτὸν,
3415 1639 3446 1709 ἢ
3471 1639 3793 1711 θηριάλωτον,

2241 1719 2274 1789 ἥ
2318 1719 2658 1793 θνησιμαῖον,
2691 1724 2723 1794 ἢ
2754 1725 3189 1793 ὀρνεοπάτακτον
3215 1728 3444 1800 ἔφαγεν,
3489 1731 3524 1801 ἦ
3566 1733 3640 1796 είς
3681 1751 3798 1802 μαν-

2237 1811 2406 1877 τείας,
2443 1813 2474 1884 ἢ
2500 1816 2582 1878 εἰς
2594 1817 2848 1885 μαγείας,
2880 1818 2914 1890 ἢ
2944 1820 3024 1882 εἰς
3045 1822 3396 1892 φαρμακείας
3429 1822 3738 1893 εὑρέθη·καὶ
3756 1827 3797 1878 εί

2237 1903 2347 1976 ἄρα
2375 1907 2639 1976 λογισμὸς
2660 1903 2825 1978 ἦλθεν
2856 1910 2998 1981 αὐτῷ
3025 1912 3153 1984 περί
3182 1913 3468 1986 αἱρέσεως.
3499 1915 3618 1968 Είτε
3635 1916 3802 1985 φθόνον

2238 1995 2331 2050 καὶ
2388 1999 2756 2067 μνησικακίαν
2788 2000 2900 2070 ἔχει
2927 2003 3072 2057 κατά
3098 2021 3248 2068 τινος
3273 2046 3290 2072 ,
3320 2006 3433 2058 εἴτε
3461 2005 3801 2078 ἐπιώρκησεν,

2233 2087 2266 2158 ἢ
2299 2087 2553 2158 ἔκλεψεν,
2588 2090 2621 2161 ἢ
2656 2091 2934 2164 ἀλλότριον
2969 2097 3200 2167 πρᾶγμα
3225 2097 3498 2167 ἥρπασεν,
3524 2097 3559 2169 ἢ
3582 2114 3806 2170 παρακα-

2233 2179 2485 2251 ταθήκην
2522 2181 2670 2246 τινὸς
2703 2183 2883 2238 λαϐὼν
2919 2187 3196 2258 ἠρνήσατο
3218 2229 3233 2253 ,
3283 2188 3317 2261 ἦ
3353 2187 3806 2260 ψευδομαρτυρίαν

2248 2272 2528 2342 ἐποίησεν,
2555 2273 2586 2344 ἢ
2622 2273 2849 2347 ὕϐρισεν
2885 2279 3054 2348 ἰερέα,
3086 2279 3119 2350 ἢ
3165 2279 3478 2334 σύντεκνον’
3500 2283 3604 2333 -καὶ
3636 2280 3804 2345 ἁπλῶς

2231 2364 2405 2416 εἰπεῖν
2430 2366 2556 2434 περὶ
2577 2366 2796 2420 πάντων
2819 2369 3094 2440 διερευνᾷν
3127 2370 3270 2441 μετὰ
3301 2372 3485 2442 πάσης
3519 2371 3806 2443 ἀκριϐείας.

2241 2454 2710 2530 Ἐνδέχεται-γάρ
2757 2478 2877 2514 τινα
2924 2463 3103 2516 πᾶσαν
3141 2461 3321 2532 κακὴν
3376 2462 3638 2534 ἐργασίαν
3693 2479 3809 2532 μετά

2229 2549 2425 2602 ελθεῖν.
2476 2549 2664 2604 Πάντα
2710 2546 2806 2606 οὖν
2847 2552 3150 2620 ἐξετάσας,
3203 2555 3299 2606 καὶ
3337 2554 3810 2626 ἀκριϐωσὰμενος,

2227 2639 2372 2711 ἅπερ
2409 2642 2634 2696 ἀκούσει
2656 2643 2845 2698 τοῦτον
2875 2644 3265 2716 ὁμολογοῦντα,
3295 2649 3398 2702 καὶ
3433 2646 3815 2716 συγκατατιθέ-

2230 2748 2390 2800 μενον
2419 2732 2622 2802 ὀφείλει
2644 2734 2766 2787 καθ’
2790 2734 3022 2790 ἕκαστον
3051 2735 3232 2805 λέγειν
3253 2751 3266 2766 ⁸
3295 2756 3317 2790 ε
3365 2737 3427 2791 ὐ
3460 2739 3596 2803 Θεὸς
3624 2755 3818 2808 συγχω-

2228 2825 2398 2895 ρήσαι
2453 2842 2570 2878 σοι·
2632 2845 2650 2878 ι
2691 2827 2784 2880 καὶ
2817 2829 2956 2898 μετὰ
2983 2828 3044 2882 τὸ
3083 2828 3585 2901 ἀπαριθμήσασοαι
3633 2831 3819 2896 πάντα,

2224 2916 2322 2969 καὶ
2348 2915 2448 2988 τὴν
2468 2917 2855 2991 ἐξομολόγησιν
2881 2920 3159 2987 δέξασθαι,
3191 2921 3356 2976 πάλιν
3402 2922 3638 2989 ἐπάγειν
3687 2923 3824 2976 κάτω

2225 3003 2482 3074 κειμένου
2507 3005 2602 3058 τοῦ
2635 3006 3051 3076 ἐξαγγείλαντος
3077 3027 3091 3041 ο
3129 3030 3148 3063 ι
3198 3012 3256 3064 ’0
3276 3012 3571 3083 Δεσπότης
3599 3013 3695 3065 καὶ
3724 3011 3825 3066 Κύ-

531 3095 888 3162 exquisierit,
925 3107 979 3154 et
1023 3099 1310 3170 diligenter
1348 3103 1782 3160 consideraverit
1805 3149 1820 3173 ,
1862 3107 2024 3163 debet
2054 3109 2122 3164 ad

2233 3111 2342 3164 ριος
2377 3095 2535 3166 ἡμῶν
2583 3097 2792 3167 Ἰησοῦς
2839 3100 3073 3170 Χριστὸς
3103 3103 3132 3156 6
3174 3101 3308 3166 Θεὸς
3361 3107 3724 3175 συγχωρήσαι
3754 3119 3826 3157 σοι

532 3186 744 3258 singula
773 3189 974 3257 quibus
1001 3191 1350 3247 conﬁtentem
1389 3195 1641 3251 assentiri
1676 3197 1932 3264 audierit,
1968 3200 2119 3255 dice-

530 3292 613 3345 re,
650 3297 669 3330 ι
705 3279 845 3336 Deus
873 3282 968 3336 tibi
1002 3282 1299 3354 indulgeat.
1335 3304 1353 3337 ›
1388 3284 1687 3356 Postquam
1717 3299 1900 3345 autem
1940 3293 2122 3347 omnia

2228 3184 2407 3239 πάντα
2433 3186 2534 3239 ὅσα
2567 3187 2688 3240 κατ’
2741 3189 2972 3243 ἐνώπιον
3023 3190 3188 3246 αὐτοῦ
3236 3193 3304 3262 τῇ
3360 3193 3684 3264 οὕθενότητί
3734 3206 3825 3264 μου

2230 3271 2570 3345 ἐξήγγειλας.
2613 3293 2636 3330 ι

534 3371 890 3439 recensuerit,
927 3382 975 3427 et
1004 3373 1413 3430 confessionem
1451 3381 1760 3449 exceperit,
1787 3382 2078 3438 conﬁtente
2101 3383 2314 3441 inferne
2340 3387 2576 3458 jacente,
2606 3391 2765 3446 addet
2802 3411 2817 3447 :
2858 3410 2876 3443 ι
2911 3391 3084 3451 llerus
3122 3406 3177 3452 et
3205 3397 3486 3455 Dominus
3527 3407 3716 3455 noster
3748 3394 3834 3452 Je-

532 3477 631 3520 sus
669 3464 923 3521 Christus
951 3465 1095 3524 Deus
1137 3468 1417 3540 indulgeat
1481 3473 1582 3530 tibi
1634 3475 1820 3530 omnia
1847 3493 1969 3547 quae
1997 3480 2050 3533 in
2083 3493 2385 3552 conspectu
2417 3485 2544 3555 ejus.
2565 3487 2801 3543 nullitati
2834 3505 2969 3545 mea:
3002 3491 3294 3550 confessus
3329 3511 3416 3552 es.
3455 3517 3475 3549 ι

1132 3650 1258 3704 Alia
1297 3652 1516 3708 solutio.

599 3735 745 3791 Deus
771 3736 865 3806 qui
897 3753 993 3808 per
1025 3737 1240 3796 Nathau
1267 3743 1451 3799 Davidi
1483 3747 1702 3816 propria
1731 3764 1952 3819 peccata
1983 3768 2121 3809 con-

526 3825 703 3880 ﬁtenti
739 3828 999 3896 pepercit,
1030 3838 1086 3884 et
1115 3830 1277 3886 Petro
1312 3834 1729 3905 abnegationem
1768 3855 1924 3894 suam
1961 3841 2120 3897 forti-

525 3927 609 3972 ter
633 3918 872 3984 deﬁenti,
908 3927 962 3974 et
989 3923 1269 3978 meretrici
1306 3925 1627 3996 lacrymanti
1663 3943 1828 3998 super
1857 3932 2120 3987 immacu-

523 4007 665 4063 latos
695 4009 869 4079 ipsius
896 4011 1081 4079 pedes,
1113 4021 1168 4068 et
1193 4013 1469 4081 Manasse,
1491 4025 1545 4070 et
1565 4019 1882 4087 publicano,
1911 4033 1964 4076 et
1989 4038 2118 4092 pro-

522 4104 690 4174 digo;
741 4106 834 4173 qui
877 4107 1058 4164 dixit:
1111 4108 1438 4166 Alterutrum
1485 4117 1812 4184 conﬁtemini
1856 4130 2112 4188 peccata,

522 4196 642 4265 ipse
672 4195 942 4265 Salvator,
972 4211 1026 4255 et
1056 4200 1324 4259 Dominus
1353 4215 1540 4261 noster
1564 4206 1724 4264 Jesus
1752 4210 2006 4269 Christus
2029 4230 2116 4268 re-

523 4288 703 4342 mittat
747 4290 844 4344 tibi
883 4299 937 4344 et
975 4295 1028 4345 in
1069 4292 1173 4348 hoc
1213 4296 1435 4361 saeculo,
1484 4309 1539 4355 et
1589 4301 1644 4354 in
1694 4303 1880 4357 futuro
1919 4307 2105 4361 omnia

521 4395 645 4448 qua:
691 4381 744 4434 in
796 4382 969 4450 ipsius
1015 4393 1310 4455 conspectu
1350 4389 1603 4457 parvitati
1643 4407 1775 4448 meae
1824 4395 2112 4452 confessus

519 4487 620 4537 es,
653 4478 708 4525 et
748 4472 1002 4541 dignetur
1051 4483 1102 4530 te
1130 4489 1256 4532 ante
1303 4480 1541 4535 tribunal
1583 4498 1747 4540 suum
1797 4487 1993 4542 sistere
2033 4489 2116 4542 in-

521 4561 860 4630 demnatum,
887 4565 976 4633 qui
1011 4575 1096 4622 est
1125 4567 1444 4628 benedictus
1475 4573 1530 4628 in
1559 4576 1778 4632 sazcula.
1811 4577 2009 4634 Amen.

1087 4830 1273 4885 Altera
1299 4833 1513 4888 solutio.

592 4913 760 4982 Deus,
794 4916 886 4986 qui
921 4927 1141 4989 propter
1169 4936 1273 4978 nos
1307 4923 1471 4980 homo
1509 4924 1686 4982 factus
1721 4937 1823 4996 est,
1858 4938 1914 4984 et
1937 4932 2105 4988 totius
2138 4943 2183 5002 ι)

521 5007 712 5062 mundi
746 5019 966 5077 peccata
1001 5015 1258 5080 portavit.
1290 5014 1410 5083 Ipse
1441 5031 1538 5086 per
1564 5018 1830 5088 optimam
1864 5020 2108 5094 benigni-

2816 3667 3022 3738 Ἐτέρα
3044 3668 3246 3740 λύσις.

2307 3751 2364 3804 '0
2403 3750 2536 3816 Θεὸς
2580 3753 2608 3807 6
2644 3759 3007 3828 συγχωρήσας
3047 3759 3133 3814 διὰ
3165 3759 3360 3816 Ναθὰν
3427 3763 3520 3837 τῷ
3555 3764 3724 3821 Δαυῒδ
3771 3767 3835 3821 τὰ

2224 3842 2332 3896 ἴδια
2374 3842 2770 3916 ὁμολογήσαντι
2819 3848 3003 3917 κακὰ,
3049 3851 3146 3905 καὶ
3190 3853 3391 3927 Πέτρῳ
3444 3859 3555 3928 τὴν
3605 3857 3834 3930 ἄρνησιν

2220 3933 2517 3990 κλαύσαντι
2553 3937 2824 4011 ἰσχυρῶς,
2859 3942 2952 3995 καὶ
2990 3943 3165 4017 πόρνῃ
3204 3946 3548 4024 δακρυσάσῃ
3583 3952 3680 4004 ἐπὶ⁸
3719 3951 3838 4015 τοὺς

2219 4028 2524 4098 ἀχράντους
2573 4029 2738 4083 αὐτοῦ
2777 4033 2968 4101 πόδας,
3003 4037 3096 4089 καὶ
3141 4039 3450 4113 Μανασσῇ,
3490 4043 3595 4096 καὶ
3633 4045 3837 4116 τελώνῃ

2217 4121 2311 4174 καὶ
2342 4120 2557 4194 ἀσώτῳ,
2589 4125 2618 4176 6
2645 4123 2834 4178 εἰπών’
2879 4126 3378 4199 Ἐξομολονεῖσθε
3418 4133 3740 4202 ἀλλήλοις
3771 4135 3840 4190 τὰ

2217 4213 2660 4282 παραπτώματα
2687 4233 2704 4248 ο
2737 4216 2898 4280 αὐτὸς
2929 4219 2958 4270 6
3006 4218 3198 4291 Σωτὴρ
3247 4218 3414 4293 ήμῶν
3438 4266 3456 4290 ,
3497 4227 3604 4278 καὶ
3640 4227 3844 4298 Κύριος

2215 4304 2396 4374 ἡμῶν,
2433 4307 2527 4358 καὶ
2569 4303 2777 4377 Ἰησοῦς
2829 4307 3084 4381 Χριστὸς,
3125 4314 3503 4386 συγχωρήσαι
3543 4335 3633 4371 σοι
3663 4319 3841 4372 πάντα

2215 4395 2316 4449 ὅσα
2347 4395 2578 4450 ἐνώπιον
2608 4399 2772 4453 αὕτοῦ
2801 4403 2866 4472 τῇ
2914 4402 3022 4473 ἐμῇ
3052 4403 3388 4474 ἐξήγγειλας
3417 4408 3841 4481 ἐλαχιστότητι,

2213 4488 2273 4541 ἐν
2293 4485 2371 4558 τῷ
2401 4489 2496 4542 νῦν
2527 4490 2708 4558 αἰῶνι,
2740 4493 2835 4546 καὶ
2861 4495 2918 4546 ἐν
2946 4494 3024 4565 τῷ
3069 4495 3312 4566 μέλλοντι
3351 4513 3365 4527 ·
3401 4502 3509 4554 καὶ
3538 4503 3844 4575 ἀκατακρί-

2212 4595 2322 4642 τως
2377 4597 2436 4633 σε
2486 4581 2795 4654 ἔμπροσθεν
2841 4584 2934 4639 τοῦ
2997 4586 3238 4658 βήματος
3294 4592 3483 4646 αὑτοῦ
3550 4613 3848 4669 παρασταο

2215 4668 2375 4741 θῆναι
2409 4673 2759 4744 καταξιὼσει,
2796 4680 2823 4730 6
2859 4679 2934 4731 ῶν
2963 4679 3256 4751 εὐλογητὸς
3281 4684 3362 4748 εἰς
3411 4687 3560 4751 τοὺς
3615 4668 3845 4752 αἰῶνας.

2227 4762 2424 4835 Ἀμήν.

2789 4861 2991 4931 Ἑτέρα
3027 4865 3230 4932 λύσις.

2291 4944 2349 4999 ’0
2376 4947 2506 5020 Θεὸς
2535 4949 2564 5001 6
2591 4948 2658 5003 δι’
2678 4951 2824 5022 ἡμᾶς
2855 4953 3281 5024 ἐνανθρωπήσας
3302 4999 3317 5023 ,
3348 4962 3460 5014 καὶ
3499 4964 3730 5029 παντὸς
3763 4965 3856 5020 τοῦ

2207 5037 2411 5109 κόσμου
2462 5039 2562 5104 τὰς
2610 5042 2889 5115 ἁμαρτίας
2936 5047 3245 5119 βαστάζων,
3302 5053 3487 5119 αὐτὸς
3537 5059 3614 5129 τῇ
3682 5059 3855 5113 αὐτοῦ

517 5106 687 5154 tatem
711 5115 866 5153 suam
897 5101 1012 5156 haec
1036 5104 1243 5167 omnia,
1276 5103 1466 5174 frater,
1499 5109 1780 5178 suscipiet,
1812 5127 1935 5182 qua:
1958 5130 2107 5172 nunc

521 5206 702 5218 ,ιι-...ιι
753 5192 871 5218 ζμ-..
911 5207 1046 5218 ...ιιι-ιι
1081 5195 1390 5218 :-..l:_..:-_-2
1445 5199 1580 5218 J_-I,
1611 5216 1643 5218 Α
1691 5202 1727 5218 ,ο
1939 5205 1998 5218 .-Α

2233 5101 2508 5203 ταναγάθῳ
2543 5101 2948 5207 νχρήστότητνιί
2973 5141 3069 5194 καὶ
3116 5101 3290 5196 ταῦτα
3336 5101 3854 5218 πάνέταριἀδελφέ,

519 5206 704 5247 coram
753 5192 874 5262 ipso
911 5207 1046 5248 mea!
1081 5195 1392 5266 indignitati
1437 5199 1768 5267 declarasti,
1816 5205 2105 5261 remittens

2364 5192 2376 5200 ν
2479 5192 2490 5203 .
2567 5192 2619 5204 ...
2660 5192 2671 5204 .
2831 5192 2841 5207 .
2908 5192 2921 5204 1
3129 5192 3290 5196 τ-ήν--ν
3344 5192 3574 5215 -τ---σ-ν
3627 5192 3854 5218 *νυν-τη

2233 5220 2544 5288 ιναδέξεται,
2586 5223 2687 5280 ὅσα
2715 5226 2811 5280 νῦν
2854 5229 3085 5285 ἐνώπιον
3113 5232 3280 5286 αὐτοῦ
3322 5238 3394 5305 τῇ
3450 5237 3573 5306 ἐμῇ
3629 5237 3856 5304 ἐξεῖπες

519 5283 618 5339 tibi
643 5285 854 5347 omnia,
887 5285 1020 5338 etin
1051 5285 1155 5340 hoc
1185 5287 1405 5356 saeculo,
1433 5300 1488 5345 et
1520 5292 1577 5346 in
1609 5291 1812 5358 futuro,
1843 5296 1936 5364 qui
1970 5312 2104 5352 con-

519 5383 728 5430 stanter
755 5377 871 5431 vult
907 5387 962 5432 et
1004 5377 1196 5433 tribuit
1225 5381 1483 5438 omnibus
1511 5386 1766 5452 salutem,
1797 5402 1984 5458 csujue
2015 5388 2104 5443 be-

518 5467 767 5523 nedictus
794 5468 851 5522 in
882 5469 1102 5526 saecula.
1131 5477 1325 5527 Amen.

1013 5644 1205 5703 Postea
1231 5651 1307 5704 sic
1337 5665 1604 5720 precatur.

589 5731 733 5789 Deus
784 5733 1033 5795 Salvator
1077 5751 1262 5798 noster
1296 5744 1387 5812 qui
1436 5760 1533 5814 per
1573 5749 1888 5822 prophetam
1936 5763 2087 5810 tuum

2203 5313 2549 5385 ἁναξιότητι,
2607 5319 2904 5390 συγχωρῶν
2955 5339 3036 5376 σοι
3088 5324 3266 5378 πάντα
3319 5324 3425 5377 καὶ
3493 5327 3565 5380 ἐν
3617 5330 3706 5401 τῷ
3761 5332 3860 5386 νῦν

2209 5403 2368 5456 αἰῶνι
2395 5405 2487 5456 καὶ
2530 5407 2589 5458 ἐν
2631 5409 2708 5480 τῷ
2741 5409 3008 5481 μέλλοντι,
3038 5416 3066 5466 6
3093 5413 3282 5479 θέλων,
3313 5415 3419 5468 καὶ
3491 5420 3720 5490 μένων,
3760 5426 3860 5478 καὶ

2207 5493 2390 5564 νέμων
2437 5496 2694 5552 ἁπάντων
2730 5499 2831 5573 τήν
2870 5505 3165 5574 σωτηρίαν,
3207 5501 3334 5561 δῶν
3388 5511 3734 5585 εὐλογητὸς
3780 5519 3863 5581 εἰς

2205 5586 2330 5649 τοὺς
2358 5587 2580 5653 αἰῶνας.
2635 5594 2827 5664 Ἀμήν.

2635 5679 2779 5736 Εἶτα
2808 5684 2996 5752 οὕτως
3033 5686 3368 5758 ἐπεύχεται.

2284 5759 2344 5815 ὐ
2373 5764 2523 5831 Θεὸς,
2556 5769 2583 5820 6
2632 5767 2820 5839 Σωτὴρ
2855 5769 3009 5841 ἡμῶν
3035 5775 3061 5826 6
3099 5773 3184 5828 διὰ
3219 5777 3313 5830 τοῦ
3369 5783 3706 5855 προφήτου
3758 5801 3855 5839 σου
