4058 6470
292 410 426 483 1897
502 366 505 371 ’

1621 400 2106 473 ΡιΈΝἱἸἚΝΤΙΑ
2118 404 2229 473 LE.

3436 398 3575 467 1893

288 529 493 596 Ναϐὰν,
523 544 757 600 μετανοη
767 541 917 579 σαντι
935 522 1011 597 τῷ
1035 524 1195 579 Δαυῒδ
1213 522 1306 577 ἐπὶ
1324 524 1430 586 τοῖς
1448 522 1598 588 ἰδίοις
1618 523 1721 594 πλη
1732 540 1874 594 μμε-

1997 523 2191 579 N'athan
2212 523 2396 579 Davidi
2416 523 2482 579 de
2505 521 2738 593 propriis
2770 516 2984 576 delictis
3006 518 3380 591 pcenitentiam
3399 523 3577 590 agenti

286 619 521 693 λήμασιν
555 620 746 688 ἄφεσιν
777 616 1163 688 δωρησάμενος
1183 657 1196 682 ,
1231 613 1325 668 καὶ
1353 612 1448 667 τοῦ
1481 615 1750 683 Μανασσῆ
1784 616 1883 684 τὴν

290 711 382 765 επὶ
413 709 676 782 μετανοίᾳ
711 705 1022 779 προσευχὴν
1077 704 1534 777 προσδεξάμενος,
1578 706 1740 769 αὐτὸς
1786 707 1883 760 καὶ

288 802 381 857 τὸν
419 800 604 857 δοῦλόν
647 818 739 855 σου
782 804 840 855 Δ.
891 794 1308 874 μετανοήσαντα
1342 800 1438 854 καὶ
1485 798 1888 870 ἐξομολογησά-

292 912 452 969 μενον
476 892 550 949 τὰ
590 893 700 948 ἴδια
744 891 1173 965 παραπτώματα
1213 890 1509 963 πρόσδεξαι
1554 886 1622 962 τῇ
1664 884 1887 960 συνήθει

292 1003 384 1041 σου
417 985 751 1058 εὐσπλαχνίᾳ
774 999 787 1014 ·
815 985 879 1038 σὺ
912 983 1022 1057 γὰρ
1057 978 1127 1048 εἷ,
1159 982 1353 1054 Κύριε,
1378 984 1405 1035 6
1436 983 1529 1036 καὶ
1553 983 1888 1055 ἑϐδομηκονς

290 1078 453 1142 τάκις
492 1077 634 1131 ἑπτὰ
665 1075 933 1141 κελεύσας
973 1066 1196 1145 ἀφιέναι
1224 1072 1337 1139 τοῖς
1369 1075 1428 1126 ὲν
1464 1070 1762 1146 ἁμαρτίαις
1795 1092 1890 1129 πε-

293 1170 661 1247 ριπίπτουσινδ
682 1163 763 1223 ὅτι
797 1163 968 1240 [dum
1001 1164 1365 1239 μεγαλωσύνη
1394 1182 1509 1232 σου,
1538 1165 1680 1220 οὕτω
1706 1167 1799 1220 καὶ
1824 1157 1886 1221 τὸ

290 1250 436 1327 ἔλεός
462 1280 577 1317 σου.
637 1256 750 1315 Καὶ
798 1259 862 1313 σὺ
886 1253 939 1313 εἷ
969 1260 994 1312 6
1024 1258 1156 1323 Θεὸς
1184 1256 1293 1311 τῶν
1327 1247 1753 1328 μετανοοῦντων,
1787 1275 1881 1329 με·

288 1352 495 1409 τανοῶν
531 1346 624 1406 ἐπὶ
664 1351 869 1416 πάσαις
907 1348 1027 1414 ταῖς
1055 1349 1278 1414 κακίαις
1308 1341 1467 1422 ἡμῶν
1489 1365 1505 1380 ο
1538 1349 1636 1402 καὶ
1670 1348 1754 1401 σοὶ
1789 1349 1890 1417 τὴν

288 1440 444 1512 δόξαν
485 1445 904 1515 ἀναπέμπομεν,
951 1442 1027 1515 τῷ
1056 1442 1233 1513 Πατρὶ
1274 1436 1370 1496 καὶ
1404 1432 1484 1513 τῷ
1529 1438 1646 1513 Υἱῷ
1681 1441 1775 1496 καὶ
1811 1430 1890 1513 τῷ

290 1539 431 1610 ἁγίῳ
465 1537 766 1608 Πνεῦματι,
794 1535 910 1590 νῦν.

360 1631 607 1684 Δέσποτα
634 1620 807 1699 Κύριε
834 1630 862 1681 6
889 1620 1043 1695 Θεὸς,
1084 1629 1113 1682 6
1142 1625 1323 1682 καλῶν
1346 1625 1589 1693 δικαίους
1618 1628 1698 1691 είς
1733 1628 1894 1696 ἁγια-

299 1723 457 1793 σμὸν,
480 1723 575 1775 καὶ
620 1717 976 1792 ἁμαρτωλοὺς
996 1720 1079 1783 είς
1097 1718 1157 1772 τὸ
1174 1716 1464 1772 δικαιῶσαι
1483 1716 1701 1781 αὐτοὺς,
1718 1717 1890 1787 πρόσ-

289 1803 438 1877 δεξαι
472 1804 569 1881 τὴν
599 1807 888 1879 μετάνοιαν
916 1806 1011 1860 τοῦ
1041 1805 1229 1860 δούλου
1251 1822 1345 1858 σου
1365 1803 1461 1858 τοῦ
1487 1805 1574 1869 Δ.,
1611 1803 1706 1857 καὶ
1722 1816 1893 1873 προσ-

291 1895 561 1955 πίπτοντα
596 1902 662 1971 τῇ
699 1897 1061 1970 μεγαλωσύνη
1097 1915 1190 1951 σου
1241 1898 1301 1951 ὲν
1349 1896 1746 1967 ἐξομολογήσει
1780 1895 1888 1949 τῶν
1927 1881 1970 1936 Β

290 1991 700 2066 ἡμαρτημένων
735 1990 881 2061 αὐτῷ
904 1989 1270 2061 ὲλευθέρωσον
1303 1988 1380 2052 ὠς
1410 1985 1612 2056 ἁγαθός
1637 2002 1650 2016 ·
1683 1982 1779 2041 καὶ
1801 1986 1896 2040 λύ-

290 2103 499 2158 τρωσαι
522 2084 685 2139 αὐτὸν
716 2086 782 2138 ἔκ
816 2083 997 2155 πάσης
1013 2080 1284 2155 σαρκικῆς
1315 2077 1609 2153 ἁμαρτίας.
1628 2081 1898 2151 Λάμπρυ-

292 2194 380 2231 νον
414 2180 480 2231 ὲκ
513 2177 695 2247 πάσης
725 2166 1125 2248 ε’ρρυπωμένης
1168 2165 1546 2244 συνειδήσεως,
1599 2172 1897 2244 καθάρισον

294 2270 388 2323 καὶ
422 2268 801 2339 ὲνδυνάμωσον
856 2269 913 2320 ἐν
944 2267 1012 2336 τῇ
1068 2265 1309 2337 ἐργασίᾳ
1345 2256 1454 2319 τῶν
1492 2264 1601 2319 σῶν
1631 2256 1894 2320 ἐντολῶνο

293 2360 637 2427 καταξίωσον
669 2358 766 2432 τῆς
782 2360 1030 2430 ἀφέσεως
1051 2348 1160 2411 τῶν
1181 2357 1467 2429 ἁμαρτιῶν
1498 2356 1686 2422 αὑτοῦ,
1702 2358 1788 2413 ἵνα
1808 2358 1895 2413 διὰ

294 2455 671 2527 καθαρότητος
701 2455 879 2526 ψυχῆς
914 2455 1012 2509 καὶ
1037 2454 1294 2525 σώματος
1338 2454 1775 2526 κατασκηνῶσαν
1796 2455 1882 2508 ἐπ’

295 2548 462 2603 αὐτὸν
508 2547 571 2601 τὸ
617 2549 773 2616 ἅγιον
821 2546 1049 2619 Πνεῦμα
1098 2546 1437 2618 κληρονόμον
1481 2546 1743 2619 ἀποδείξῃ
1792 2547 1892 2619 τῆς

297 2642 575 2714 βασιλείας
636 2644 748 2698 τῶν
814 2644 1082 2717 οὐρανῶν,
1138 2644 1350 2716 χάριτι,
1410 2644 1505 2699 καὶ
1565 2645 1893 2717 οἰκτιρμοῖς,

296 2737 392 2790 καὶ
439 2736 822 2808 φιλανθρωπίᾳ
867 2736 958 2791 τοῦ
1003 2737 1327 2808 μονογενοῦς
1371 2754 1466 2790 σου
1494 2735 1627 2790 Υίοῦ
1675 2736 1798 2806 μεθ’
1832 2730 1894 2792 οὗ

296 2829 589 2900 εὐλογητὸς
637 2826 688 2882 εί
737 2831 836 2883 σὺν
904 2829 981 2901 τῷ
1035 2829 1316 2901 παναγίῳ,
1368 2829 1464 2884 καὶ
1514 2828 1742 2900 ἀγαθῷ,
1801 2829 1895 2883 καὶ

302 2904 556 2994 ζωοποίῷ
582 2941 677 2977 σου
709 2921 1015 2995 Πνεύματι,
1046 2922 1164 2978 νῦν.
1258 2932 1260 2934 ’

304 3086 307 3089 _
369 3014 547 3087 Κύριε
597 3015 627 3068 6
675 3014 807 3078 Θεὸς
849 3014 951 3085 τῆς
1001 3014 1279 3093 σωτηρίας
1321 3014 1432 3069 τῶν
1468 3014 1671 3069 δούλων
1702 3031 1821 3081 σου,
1866 3015 1895 3065 6

300 3100 575 3176 ἐλεήμων,
610 3105 705 3158 καὶ
729 3104 1053 3175 οἰκτίρμων,
1082 3103 1437 3176 μακρόθυμος
1457 3104 1555 3158 καὶ⁸
1585 3103 1890 3168 πολυέλεος,

1991 618 2204 673 veniam
2246 604 2476 687 largitus
2510 630 2591 679 es,
2624 622 2677 669 et
2718 610 2999 667 Manasses
3032 607 3347 680 pmnitentis
3372 609 3582 663 oratio-

1989 726 2112 764 nem
2147 709 2458 780 suscepisti,
2495 708 2611 779 ipse
2658 707 2806 762 hunc
2845 720 3063 762 servum
3104 714 3259 760 tuum
3301 700 3366 757 N.
3401 693 3584 773 pomi:-

1990 811 2216 867 tentem,
2242 810 2296 856 et
2321 802 2668 858 conﬁtentem
2701 804 2920 871 propria
2948 806 3168 868 peccata
3199 797 3416 865 suscipe
3445 810 3583 850 cona

1991 904 2148 950 sueta
2178 886 2272 949 tibi
2302 884 2675 951 miseratione.
2706 890 2790 946 Tu
2823 891 3002 954 enim,
3036 889 3287 954 Domine,
3318 891 3364 944 is
3390 902 3454 943 es
3488 886 3585 957 qui

1985 985 2202 1058 jussiin
2235 985 2545 1055 septuagies
2584 984 2787 1053 septies
2830 981 3107 1037 dimittere
3149 981 3219 1036 iis
3248 978 3342 1050 qui
3374 978 3426 1034 in
3458 993 3585 1049 pec-

1990 1086 2113 1133 cata
2154 1076 2483 1131 inciderunt.
2525 1073 2662 1140 Quia
2704 1073 2846 1129 sicut
2890 1070 3210 1144 magnitudo
3238 1079 3329 1126 tua
3356 1109 3375 1136 ,
3416 1068 3499 1125 sic
3529 1078 3586 1124 et

1990 1167 2368 1224 misericordia
2398 1176 2508 1221 tua.
2539 1164 2622 1220 Tu
2654 1179 2871 1234 quoque
2902 1162 3047 1218 Deus
3086 1178 3148 1218 es
3170 1160 3583 1233 paenitentiam,

1991 1261 2266 1332 paenitens
2296 1272 2459 1329 super
2493 1256 2748 1313 omnibus
2778 1255 3161 1327 iniquitatibus
3191 1252 3417 1317 nostris,
3466 1252 3590 1308 tibi-

1991 1368 2101 1425 que
2137 1352 2367 1424 gloriam
2413 1349 2718 1414 reddimus,
2764 1344 2934 1415 Patri,
2979 1355 3035 1403 et
3074 1343 3234 1413 Filio,
3259 1352 3315 1400 et
3354 1334 3585 1415 Spiritui

1992 1453 2212 1504 sancto,
2240 1459 2406 1498 nunc.

2065 1642 2208 1700 Here
2251 1642 2480 1699 Domine
2513 1641 2678 1706 Deus,
2745 1642 2839 1711 qui
2899 1653 3063 1695 vocas
3119 1638 3301 1709 justos
3343 1636 3411 1693 ad
3457 1651 3586 1693 san»

1995 1731 2383 1791 ctilicationem
2410 1768 2427 1795 ,
2469 1737 2527 1784 et
2550 1736 2869 1800 peccatores
2902 1728 2969 1781 ad
3005 1740 3100 1780 eos
3118 1722 3532 1796 justiﬂcandum
3555 1751 3574 1785 ς

1996 1822 2213 1893 suscipe
2247 1821 2628 1892 paenitentiam
2673 1819 2817 1874 servi
2866 1816 2943 1873 tui
2982 1815 3149 1887 hujus
3176 1813 3269 1883 N.,
3316 1821 3371 1870 et
3398 1813 3583 1884 proci-

1997 1915 2214 1975 dentem
2245 1912 2609 1984 magnitudini
2641 1919 2747 1965 tua:
2780 1910 2833 1963 in
2867 1907 3218 1963 confessione
3248 1920 3441 1961 eorum
3462 1920 3586 1975 quae

2001 2007 2249 2078 peccavit
2289 2006 2525 2074 benigne
2558 2003 2725 2058 libera
2763 2021 2776 2055 :
2823 2011 2881 2056 et
2917 2000 3124 2055 redime
3163 2013 3292 2053 eum
3333 2012 3402 2053 ex
3446 2009 3586 2067 quo-

1997 2113 2220 2169 cunque
2269 2105 2497 2169 peccato
2548 2093 2778 2150 carnali.
2832 2093 3099 2163 Absterge
3146 2105 3273 2146 cum
3324 2089 3393 2144 ab
3434 2089 3585 2144 omni

1997 2190 2341 2247 conscientia
2369 2188 2648 2245 sordidata
2674 2226 2691 2252 ,
2741 2186 3122 2254 illustremque
3149 2191 3205 2237 et
3235 2180 3584 2251 splendidum

1999 2283 2164 2341 redde
2199 2297 2214 2336 :
2253 2279 2517 2352 puriﬁca,
2564 2288 2619 2335 et
2654 2278 2952 2335 cor-robora
2997 2291 3123 2332 eum
3169 2274 3226 2329 in
3271 2274 3588 2343 operatione

1998 2374 2385 2431 mandatorum
2433 2381 2654 2429 tuorum
2700 2388 2716 2427 :
2763 2370 2988 2441 dignum
3033 2381 3160 2422 eum
3194 2365 3360 2422 redde
3389 2364 3586 2420 remis~

1997 2467 2172 2523 sionis
2200 2474 2551 2538 peccatorum
2581 2477 2832 2529 suorum,
2862 2469 2923 2516 ut
2951 2474 3047 2529 per
3074 2459 3274 2515 animm
3302 2466 3359 2513 et
3385 2471 3585 2527 corpo-

1999 2561 2078 2618 ris
2101 2559 2483 2631 purgationem
2511 2556 2753 2625 Spiritus
2772 2562 2997 2609 sanctus
3030 2551 3086 2606 in
3115 2551 3237 2620 ipso
3269 2548 3589 2604 inhabitans

1998 2649 2200 2707 cﬂiciat
2240 2663 2366 2703 eum
2411 2646 2568 2718 regni
2605 2644 2873 2701 caelorum
2924 2641 3234 2704 haeredem,
3275 2638 3450 2709 gratia
3476 2678 3495 2703 ,
3531 2649 3589 2691 et

1998 2740 2401 2806 misericordia,
2428 2749 2482 2795 et
2510 2736 2846 2808 benignitate
2878 2732 3149 2804 unigeniti
3184 2730 3310 2786 Filii
3345 2728 3425 2785 tui
3456 2743 3583 2785 wm

1997 2850 2110 2906 quo
2136 2833 2458 2895 benedictus
2496 2847 2595 2896 es,
2633 2837 2691 2885 et
2731 2843 2858 2884 cum
2900 2823 3251 2883 omnifariam
3295 2829 3490 2878 sancto
3530 2831 3590 2876 et

1996 2924 2144 2979 bono
2166 2965 2183 2991 ,
2223 2931 2278 2979 et
2309 2921 2526 2976 vivitico
2557 2928 2652 2975 tuo
2680 2916 2925 2988 Spiritu,
2957 2931 3125 2971 nunc.

2066 3015 2298 3071 Domine
2331 3013 2475 3070 Deus
2507 3011 2702 3068 salutis
2737 3024 3024 3066 servorum
3056 3017 3278 3063 tuorum
3300 3044 3317 3072 ,
3346 3003 3445 3076 qui
3476 3003 3584 3060 mi-

1997 3107 2231 3162 sericors
2257 3115 2310 3160 et
2338 3105 2627 3175 miserator
2651 3116 2732 3164 es,
2755 3098 3108 3169 longanimis,
3138 3106 3191 3153 et
3217 3096 3399 3152 multa:
3419 3094 3587 3150 mise-

298 3197 331 3249 6
367 3195 645 3269 μετανοῶν
691 3196 786 3250 ἐπὶ
816 3198 936 3260 ταῖς
964 3196 1266 3269 ἡμετέραις
1308 3198 1552 3262 κακίαις,
1586 3198 1615 3250 6
1647 3196 1724 3267 μὴ
1766 3195 1890 3266 βου-

1998 3197 2291 3262 ricordim,
2340 3211 2503 3267 quem
2554 3193 2888 3249 malitiarum
2938 3198 3251 3245 nostrarum
3305 3186 3579 3258 poenitet:

298 3288 531 3358 λόμενος
578 3287 670 3341 τὸν
718 3287 951 3342 θάνατον
997 3286 1093 3341 τοῦ
1134 3286 1485 3360 ἁμαρτωλοῦ,
1538 3287 1615 3351 ὡς
1660 3286 1720 3339 τὸ
1767 3287 1891 3340 ἐπι-

301 3381 541 3453 στρέψαι
573 3381 671 3435 καὶ
700 3379 800 3451 ζῇν
833 3379 1021 3447 αὐτὸν,
1054 3381 1217 3445 αὐτὸς
1253 3381 1349 3434 καὶ
1377 3380 1473 3434 νῦν
1502 3379 1891 3453 παρακλήθητι

297 3474 398 3528 ἐπὶ
437 3474 530 3528 τὸν
577 3472 764 3528 δοῦλόν
814 3491 911 3528 σου
967 3473 1059 3527 τδν
1099 3474 1185 3539 Δ.,
1238 3473 1336 3528 καὶ
1394 3474 1681 3545 παράσχου
1741 3471 1893 3542 αὐτῷ

301 3561 639 3634 συγγνώμην
683 3563 994 3636 ἁμαρτιῶν,
1035 3561 1265 3634 ἱλασμὸν
1308 3563 1570 3638 ἀνομιῶν,
1594 3562 1892 3634 συγχωρῶν

300 3653 456 3724 αὐτῷ
482 3655 591 3709 πᾶν
629 3653 1013 3725 πλημμέλημα
1065 3654 1317 3709 ἑκούσιόν
1360 3673 1418 3709 τε
1469 3655 1564 3709 καὶ
1600 3653 1892 3709 ἀκούσιον·

300 3740 625 3817 διαλλάγηθι
656 3748 750 3801 καὶ
771 3747 974 3801 ἓνωσον
999 3744 1163 3801 αὑτὸν
1196 3752 1263 3821 τῇ
1298 3749 1434 3821 ἁγίᾳ
1462 3764 1556 3803 σου
1595 3747 1895 3819 Ἐκκλησία

302 3843 362 3894 ὲν
402 3838 624 3910 Χριστῷ
688 3836 866 3908 Ἰησοῦ
914 3837 994 3907 τῷ
1043 3839 1236 3909 Κυρίῳ
1295 3838 1474 3910 ημῶν,
1528 3839 1649 3909 μεθ’
1698 3832 1761 3891 οῦ
1810 3855 1894 3890 σοι

305 3929 539 4001 κράτος,
595 3926 960 3998 μεγαλωσύνη
1008 3926 1103 3980 καὶ
1160 3928 1633 3999 μεγαλοπρέπεια,
1672 3930 1769 3983 σὺν
1814 3928 1893 3998 τῷ

303 4019 560 4091 παναγίῳ
592 4018 688 4073 καὶ
717 4016 969 4089 ζωοποιῷ
1004 4017 1311 4089 Πνεῦματι,
1360 4019 1477 4074 νῦν.

375 4108 549 4180 Κύριε
613 4107 790 4179 Ἰησοῦ
824 4107 1057 4179 Χριστὲ,
1093 4107 1191 4160 Υἱὲ
1232 4104 1325 4160 τοῦ
1367 4105 1506 4161 Θεοῦ
1543 4104 1637 4160 τοῦ
1666 4102 1892 4172 ζῶντος,

304 4193 445 4271 άμνὶ
471 4200 566 4255 καὶ
600 4200 826 4273 ποιμὴν,
852 4201 1070 4270 ὁαῖρων
1099 4200 1199 4271 τὴν
1229 4199 1507 4272 ἁμαρτίαν
1535 4198 1632 4254 τοῦ
1662 4200 1892 4270 κόσμου,

303 4295 334 4345 6
369 4293 434 4347 τὸ
482 4293 695 4348 δάνειον
737 4292 1108 4365 χαρισάμενος
1154 4293 1269 4356 τοῖς
1293 4293 1417 4347 δυσὶ
1441 4291 1891 4365 χρεωφειλέταις,

305 4386 403 4439 καὶ
430 4388 496 4457 τῇ
532 4382 847 4456 ἀμαρτωλῷ
896 4384 1119 4452 γυναικὶ
1150 4384 1274 4448 δοὺς
1298 4384 1493 4455 ἄφεσιν
1521 4385 1830 4458 ἁμαρτιῶν,
1866 4387 1894 4439 6

302 4476 408 4549 τὴν
443 4476 590 4533 iactv
616 4474 697 4546 τῷ
720 4475 1022 4549 παραλύτῳ
1058 4474 1447 4547 δωρησάμενος
1476 4476 1575 4530 σὺν
1602 4478 1669 4547 τῇ
1700 4475 1894 4546 ἀφέσει

1992 3291 2088 3362 qui
2120 3305 2233 3345 non
2257 3289 2341 3345 vis
2366 3297 2601 3343 mortem
2631 3284 2934 3357 peccatoris
2961 3321 2976 3351 ,
3013 3281 3113 3338 sed
3141 3290 3202 3336 ut
3231 3289 3587 3336 convertatur

1993 3392 2050 3441 et
2079 3384 2252 3449 vlvat;
2302 3382 2524 3452 placare
2564 3395 2730 3450 super
2778 3391 3000 3434 servum
3038 3385 3196 3431 tuum
3231 3375 3378 3428 hunc
3405 3371 3495 3434 Νι.
3530 3380 3588 3426 et

1993 3477 2174 3548 praebe
2212 3475 2290 3531 illi
2321 3482 2676 3547 peccatorum
2711 3471 2930 3526 veniam
2957 3510 2972 3534 ,
3005 3459 3358 3539 iniquitatum
3396 3464 3587 3536 propi-

1997 3567 2284 3621 tiationem
2323 3605 2341 3630 ,
2393 3564 2717 3620 condonans
2771 3559 2850 3613 illi
2903 3572 3069 3613 omne
3112 3556 3413 3619 delictum,
3471 3553 3588 3609 sive

1995 3655 2365 3715 voluntarium
2394 3656 2511 3711 sive
2546 3651 3004 3710 involuutarium.
3046 3648 3428 3706 Reconciliare
3460 3646 3537 3702 illi
3566 3682 3584 3707 ,

1996 3755 2052 3801 et
2080 3762 2206 3803 eum
2235 3747 2482 3802 adunare
2508 3753 2710 3800 sanctae
2750 3751 2856 3797 tua:
2890 3739 3148 3796 Ecclesia
3176 3753 3272 3809 per
3302 3737 3586 3795 Christum

1993 3836 2181 3895 Jesum
2213 3836 2502 3892 Dominum
2530 3842 2805 3901 nostrum,
2864 3848 2987 3887 cum
3018 3847 3129 3901 quo
3158 3830 3255 3887 tibi
3301 3829 3541 3899 potentia
3561 3862 3585 3894 .

1998 3928 2321 3998 magnitudo
2347 3966 2363 3991 ,
2411 3935 2466 3980 et
2501 3922 2943 3995 magniﬁcentia,
2974 3936 3094 3977 cum
3128 3919 3481 3976 sanctissimo
3526 3926 3586 3972 et

1994 4022 2209 4077 vivilico
2245 4017 2453 4088 Spiritu
2475 4055 2492 4081 ,
2528 4030 2694 4072 nunc.

2064 4110 2294 4169 Domine
2315 4110 2443 4166 Jesu
2470 4104 2833 4170 Cltriste,Fili
2866 4105 2959 4162 Dei
2991 4104 3119 4170 vivi,
3149 4118 3287 4175 agno
3315 4113 3366 4160 et
3394 4113 3584 4176 pastor

1994 4204 2091 4276 qui
2123 4201 2269 4258 tollis
2310 4208 2593 4272 peccatum
2635 4197 2871 4264 mundi,
2926 4195 3019 4268 qui
3059 4196 3303 4253 debitum
3345 4197 3586 4266 gratiose

1995 4296 2216 4354 donasti
2259 4294 2488 4350 "duobus
2520 4291 2902 4358 debitoribus,
2942 4300 2999 4346 et
3031 4290 3321 4361 peccatrici
3363 4289 3583 4345 mulieri

1996 4387 2379 4445 remissionem
2421 4392 2769 4455 peccatorum
2813 4384 3048 4450 dedisti,
3089 4383 3181 4453 qui
3235 4382 3579 4440 sanationem

1996 4478 2299 4549 paralytico
2325 4491 2451 4531 cum
2477 4474 2801 4531 remissione
2830 4482 3180 4543 peccatorum
3206 4471 3448 4541 ’largitus
3471 4486 3533 4529 es
3564 4482 3583 4525 ι

302 4564 415 4620 τῶν
440 4565 727 4638 ἁμαρτιῶν
778 4566 966 4633 αὐτοῦ,
1004 4567 1166 4631 αὐτὸς
1212 4567 1481 4634 Δέσποτα,
1531 4567 1681 4632 ἄνες,
1735 4567 1894 4636 ἄφες,

2002 4570 2138 4639 ipse,
2171 4565 2419 4633 Domine,
2452 4580 2650 4636 parce.
2690 4565 2921 4631 dimitte,
2957 4565 3208 4621 condona
3240 4563 3583 4635 iniquitates,

307 4658 665 4730 συγχώρησον
697 4659 797 4722 τὰς
849 4657 1095 4731 ἀνομίας,
1129 4661 1228 4724 τὰς
1271 4660 1570 4733 ἁμαρτίας,
1609 4660 1679 4715 τὰ
1711 4662 1897 4731 πλημ-

307 4750 625 4821 μελήματα,
660 4750 731 4804 τὰ
758 4748 1012 4816 ἑκούσια,
1046 4752 1116 4804 τὰ
1148 4754 1207 4806 ὲν
1235 4751 1454 4823 γνώσει,
1484 4753 1554 4808 τὰ
1585 4754 1644 4808 έν
1681 4755 1895 4826 ἀγνοίᾳ,

302 4843 378 4897 τὰ
422 4845 481 4895 ὲν
520 4842 776 4912 παρακοῇ
836 4840 933 4897 καὶ¹
979 4841 1039 4895 ὲν
1083 4841 1394 4913 παραϐάσει
1436 4842 1704 4915 γενόμενα
1749 4842 1898 4913 παρὰ

299 4938 403 4992 τοῦ
436 4938 626 4992 δούλου
657 4953 753 4990 σου
788 4935 882 4991 τοῦ
911 4938 998 5001 Δ.,
1029 4937 1125 4990 καὶ
1155 4937 1209 4989 εἴ
1242 4952 1296 4989 τι
1327 4936 1404 5001 ὡς
1433 4936 1721 5004 ἄνθρωπος
1762 4952 1896 5007 σαρ-

299 5028 583 5100 κοφορῶν,
635 5029 728 5082 καὶ
759 5026 852 5081 τὸν
901 5027 1108 5097 κόσμον
1145 5026 1336 5081 τοῦτον
1365 5027 1530 5081 οἰκῶν
1559 5028 1624 5082 ὲκ
1658 5026 1754 5083 τοῦ
1780 5027 1897 5082 δια-

297 5121 470 5176 ϐόλου
501 5119 868 5192 inluviem?)
920 5118 1159 5191 παρέϐη,
1207 5114 1240 5191 ἦ
1295 5118 1746 5191 ἐπλημμέλησεν,
1784 5120 1896 5174 εἴτε

295 5215 368 5268 ἐν
415 5212 581 5282 λόγῳ,
638 5212 747 5266 εἴτε
800 5212 859 5265 ἐν
911 5209 1080 5282 ἔργῳ,
1132 5210 1244 5264 εἴτε
1293 5212 1352 5264 iv
1391 5209 1615 5280 γνώσει,
1673 5211 1785 5265 εἴτε
1839 5214 1896 5264 ὲν

295 5304 525 5376 ἀγνοίᾳ,
570 5302 683 5356 εἴτε
714 5303 858 5375 λόγῳ
885 5303 1172 5373 αἱρέσεως,
1204 5303 1314 5357 εἴτε
1351 5303 1459 5358 ὑπὸ
1491 5302 1741 5376 κατάραν
1773 5304 1895 5373 ἐγέ-

302 5405 455 5457 νετο,
490 5396 602 5449 εἴτε
655 5395 770 5467 ἰδίῳ
802 5395 1107 5467 ἁναθέματι
1140 5396 1417 5451 ὑπέπεσεν
1460 5395 1494 5467 ἢ
1529 5398 1701 5467 ὅρκῳ,
1734 5396 1899 5461 αὐτὸς

302 5481 391 5544 ὡς
421 5482 619 5552 ἀγαθὸς
658 5488 753 5541 καὶ
794 5486 1200 5560 φιλάνθρωπος,
1248 5489 1344 5541 καὶ
1392 5487 1776 5559 ἀμνησίκακος
1803 5491 1901 5542 Δε-

306 5571 522 5640 σπότης
568 5579 829 5644 παριδὼν,
875 5578 954 5649 τῷ
997 5579 1078 5651 σῷ
1122 5579 1267 5651 λόγῳ
1299 5579 1489 5633 τοῦτον
1540 5579 1642 5650 μὲν
1670 5580 1900 5649 λυθῆναι

301 5662 634 5733 εὐδόκησον,
692 5668 990 5735 συγχωρῶν
1046 5668 1199 5741 αὐτῷ
1256 5669 1353 5723 καὶ
1397 5670 1457 5723 τὸ
1513 5670 1646 5723 ῑδιον
1696 5669 1898 5725 αὐτίκα

302 5752 565 5824 ἀνάθεμα
595 5753 690 5808 καὶ
715 5752 806 5808 τὸν
831 5748 994 5827 ὅρκον
1036 5760 1181 5813 κατὰ
1208 5758 1306 5832 τὴν
1337 5758 1436 5830 σὴν
1478 5759 1682 5828 ἄφατον
1711 5759 1897 5831 φιλανο

305 5842 584 5914 θρωπίαν.
628 5845 873 5899 Δέσποτα
923 5846 1097 5918 Κύριε
1144 5850 1173 5902 6
1218 5849 1350 5916 Θεὸς
1380 5851 1565 5923 ήμῶν,
1593 5852 1902 5909 ὲπάκουσὸν

678 5959 952 6021 ΡΑτιιοι.
986 5960 1104 6024 Gn.
1140 5963 1530 6029 LXXXVIII.

2000 4667 2263 4733 peccata,
2312 4659 2509 4714 delicta
2550 4658 2857 4714 voluntaria
2907 4667 2961 4714 et
3014 4658 3384 4713 involuntaria
3412 4699 3425 4721 ,
3468 4661 3589 4717 sive

2001 4755 2238 4811 scienter
2261 4790 2277 4820 ,
2333 4751 2450 4808 sive
2496 4752 2815 4822 ignoranter
2851 4750 2923 4807 ab
2969 4751 3075 4807 hoc
3101 4765 3266 4809 servo
3305 4764 3403 4809 ιιιο
3431 4752 3499 4811 Ν.
3532 4765 3589 4811 οι

2001 4844 2379 4901 inobedienter
2414 4852 2469 4899 et
2502 4858 2626 4898 cum
2664 4841 3117 4913 praevaricatione
3150 4853 3484 4916 perpetrata.
3519 4847 3586 4905 Et

2000 4938 2047 4993 si
2078 4936 2209 5007 quid
2249 4944 2310 4991 ut
2334 4935 2498 4991 homo
2532 4950 2753 4992 carnem
2789 4946 3010 5006 gestans
3038 4976 3055 5001 ,
3098 4944 3156 4991 et
3193 4937 3379 4994 ntundi
3409 4937 3587 4994 incola

2000 5046 2032 5086 a
2069 5029 2293 5086 diabolo
2341 5030 2605 5099 deceptus
2624 5067 2642 5093 ,
2689 5027 2772 5082 vel
2801 5037 3180 5099 transgressus
3211 5035 3297 5084 est
3318 5069 3333 5093 ,
3364 5028 3449 5084 vel
3481 5029 3586 5085 itu-

1999 5122 2284 5179 moderate
2315 5130 2371 5178 et
2393 5129 2584 5176 contra
2614 5120 2886 5177 rationem
2922 5122 3053 5189 egit,
3089 5120 3208 5176 sive
3237 5120 3405 5178 verbo
3424 5159 3442 5185 ,
3472 5123 3589 5179 sive
3633 5118 3639 5124 ’

1998 5230 2200 5286 opere,
2248 5215 2364 5270 sive
2388 5229 2512 5269 cum
2540 5213 2891 5284 cognitione,
2938 5213 3052 5268 sive
3080 5227 3205 5267 cum
3242 5213 3587 5283 ignorantia.

1999 5308 2116 5365 sive
2137 5323 2203 5363 ex
2234 5306 2401 5362 animi
2434 5305 2754 5376 proposito,
2785 5304 2901 5361 sive
2930 5303 3302 5361 tnaledietiont
3330 5306 3590 5377 ιιιιρρωὶο

1999 5409 2089 5456 tus
2132 5398 2324 5465 fuerit,
2366 5399 2480 5453 sive
2529 5399 2583 5452 in
2635 5398 2917 5468 proprium
2955 5397 3249 5452 anathema
3289 5397 3587 5465 inciderit,

1998 5490 2084 5546 vel
2107 5489 2530 5561 jusjurandum:
2565 5489 2685 5558 ipse
2712 5496 2773 5543 ut
2802 5488 3104 5560 benignus,
3138 5498 3195 5545 et
3221 5489 3501 5559 clemens,
3535 5499 3592 5547 et

2000 5577 2267 5633 malorum
2313 5576 2606 5631 immemor
2644 5573 2913 5631 Dominus
2941 5576 3047 5631 ista
3075 5578 3431 5648 praeteriens,
3474 5581 3591 5652 pla-

2005 5678 2130 5727 ceat
2180 5668 2279 5725 tibi
2327 5670 2474 5724 hunc
2521 5668 2691 5724 verbo
2737 5676 2832 5723 tuo
2866 5668 3122 5736 absolvi,
3167 5671 3466 5742 statimque
3512 5672 3590 5729 illi

2006 5758 2258 5814 condona
2310 5767 2365 5814 et
2409 5759 2692 5829 proprium
2732 5757 3060 5825 anathema,
3104 5771 3159 5815 et
3204 5759 3589 5831 jusjurandum

2009 5852 2311 5912 secundum
2350 5850 2773 5909 inenarrabiiem
2810 5858 2967 5908 tuam
3010 5851 3381 5911 clementiam.
3415 5853 3591 5926 Here,

3195 5966 3270 6026 60
