4058 6446
508 418 680 509 fissa

537 532 769 589 Domine
806 530 949 586 Deus
992 537 1197 596 noster,
1240 524 1435 583 exaudi
1472 542 1561 582 me
1593 528 1972 599 deprecantem
2029 529 2130 583 bo-
2162 530 2203 586 Α

450 636 453 639 ’
544 625 771 686 nitatem
802 631 976 688 tuam,
1009 631 1172 690 atque
1203 629 1261 675 ut
1292 620 1520 675 multum
1553 620 1867 676 misericors
1897 620 2008 675 noli
2046 635 2131 675 re-

538 717 752 786 spicere
774 714 957 770 omnia
978 713 1098 784 ejus
1119 725 1361 783 peccata,
1380 725 1615 782 cumque
1640 711 1811 767 libera
1835 713 1904 766 ab
1925 720 2128 766 aeterna

539 805 847 877 punitione.
881 802 963 858 Tu
984 802 1155 869 enim,
1176 800 1431 866 Domine,
1450 800 1637 856 dixisti
1666 818 1680 855 :
1721 799 1784 856 Si
1813 816 1964 870 quem
1991 799 2130 870 liga-

535 898 714 950 veritis
750 911 904 964 super
932 903 1131 947 terram
1158 929 1175 958 ,
1216 889 1418 961 ligatus
1450 891 1551 945 erit
1579 901 1631 945 et
1672 891 1729 944 in
1758 889 1901 943 costis
1941 904 1959 942 :
2005 898 2055 941 et
2082 889 2129 943 si

533 1001 689 1055 quem
712 983 977 1039 solveritis
1000 996 1158 1051 super
1183 989 1403 1046 terram,
1421 989 1624 1035 solutus
1645 980 1744 1034 erit
1772 988 1823 1032 et
1847 978 1901 1032 in
1924 977 2068 1031 caelis
2085 977 2127 1031 ⁸.

533 1074 674 1142 Quia
722 1082 780 1128 tu
826 1088 884 1127 es
921 1072 1067 1127 Dens
1111 1072 1291 1127 omnis
1331 1070 1541 1141 peccati
1569 1085 1798 1140 expers.
1827 1078 1879 1124 et
1908 1076 2129 1138 peccata

532 1165 820 1221 remittere
851 1170 1046 1232 potens
1073 1200 1090 1228 ,
1133 1161 1343 1233 tibique
1378 1160 1606 1232 gloriam
1637 1159 1920 1214 reddimus
1952 1157 2130 1214 Patri-

506 1271 640 1328 que
668 1257 789 1313 sine
819 1254 1089 1327 principio
1108 1295 1121 1319 ,
1156 1252 1501 1324 Spirituique
1528 1262 1623 1309 tuo
1654 1250 1974 1308 omnimode
1997 1266 2129 1307 san-

510 1354 620 1399 icto
651 1353 707 1399 et
732 1343 981 1410 viviﬁco,
1014 1358 1163 1399 nunc
1185 1350 1241 1399 et
1268 1358 1514 1413 semper,
1546 1351 1603 1398 et
1632 1344 1688 1397 in
1725 1342 1947 1397 saecula.

612 1528 776 1584 Pater
811 1527 1072 1594 Domine,
1101 1543 1170 1584 ne
1199 1526 1383 1583 tradas
1414 1542 1633 1583 servum
1668 1534 1826 1581 tuum
1871 1527 2019 1581 hunc
2043 1524 2111 1581 N.

511 1622 592 1677 fin
615 1635 814 1676 manus
834 1620 1061 1685 diaboli,
1088 1634 1158 1674 ne
1175 1619 1361 1674 hostes
1391 1618 1564 1674 nostri
1589 1618 1917 1688 praevaleant
1939 1616 2119 1673 nobis.

526 1713 714 1770 Trade
770 1702 844 1767 iii‘
883 1727 946 1767 os
999 1711 1119 1781 ejus
1174 1710 1615 1766 observationem
1682 1710 2115 1776 mandatorum,

536 1813 594 1861 et
632 1804 791 1860 labiis
851 1802 973 1873 ejus
1029 1802 1307 1858 occultum
1365 1801 1601 1873 sigillum
1641 1809 1704 1856 ut
1768 1801 1959 1857 dolose
2016 1814 2127 1856 non

529 1897 826 1968 loquatur;
866 1895 1028 1949 oculo
1057 1894 1295 1961 superbo
1331 1893 1400 1948 ab
1440 1907 1509 1949 eo
1536 1896 1801 1963 expulso,
1842 1892 2121 1949 luxuriam
2158 1874 2202 1932 Β

512 2000 587 2044 λοι
613 1988 878 2044 malitiam
903 2001 1146 2056 expurga
1171 2000 1237 2041 ex
1267 1986 1453 2040 animo
1480 1985 1601 2056 ejus
1624 2003 1643 2040 :
1696 1987 1930 2056 spiritus
1950 1987 2121 2041 durus

529 2091 587 2136 ct
613 2081 878 2147 insolens,
911 2079 1206 2151 linguaque
1231 2079 1419 2135 dolosa
1448 2095 1515 2136 ne
1543 2080 1655 2136 sint
1674 2080 1729 2135 in
1755 2083 2118 2148 eo.lmmitte,

522 2171 783 2240 Domine,
819 2173 875 2227 in
905 2182 1143 2228 mentem
1175 2171 1296 2242 ejus
1325 2172 1578 2242 spiritum
1601 2171 1838 2241 bonum,
1882 2187 2122 2244 eumque

529 2269 691 2339 expia
712 2266 782 2322 ab
810 2265 962 2321 omni
993 2266 1214 2336 impuro
1263 2264 1485 2333 spiritu.
1520 2264 1723 2321 Averte
1765 2275 1826 2321 et
1862 2267 2002 2337 ejice
2045 2266 2119 2322 ab

528 2372 600 2414 eo
621 2371 840 2413 omnem
867 2357 1148 2413 miseriam
1177 2372 1192 2410 :
1224 2357 1452 2413 remitte
1477 2356 1554 2413 illi
1581 2367 1932 2427 peccatorum
1956 2371 2123 2414 omne

528 2449 792 2506 debitum.
822 2448 1058 2519 Respice
1088 2448 1160 2505 de
1194 2448 1369 2515 coelo,
1406 2456 1461 2504 et
1491 2463 1616 2504 eum
1652 2448 1929 2518 exbilara;
1973 2449 2028 2503 in
2066 2456 2123 2506 te

529 2542 677 2598 enim
710 2542 987 2613 speravit;
1023 2550 1081 2596 et
1112 2542 1412 2596 corrobora
1446 2556 1573 2597 eum
1601 2542 1803 2597 virtute
1835 2541 2013 2597 sancti
2041 2540 2121 2596 tui

531 2630 792 2701 Spiritus,
823 2643 959 2684 neve
990 2628 1274 2698 permittas
1306 2642 1433 2684 eum
1465 2644 1499 2684 a
1528 2629 1752 2685 diabolo
1787 2628 2115 2694 absorberi,

528 2731 586 2776 et
619 2720 919 2792 submergi,
948 2719 1077 2790 quia
1105 2733 1207 2775 nos
1228 2734 1260 2774 a
1295 2729 1471 2776 morte
1492 2728 1707 2790 paterna
1750 2735 1849 2791 per
1884 2721 2121 2792 gratiam

528 2813 739 2869 Christi
762 2812 842 2867 tui
877 2811 1142 2877 liberasti,
1180 2825 1307 2866 cum
1335 2828 1447 2883 quo
1480 2821 1537 2867 et
1564 2811 1774 2884 Spiritu
1808 2821 2002 2870 sancto
2029 2822 2126 2869 tuo

529 2909 676 2963 bono
712 2915 768 2963 et
794 2906 1009 2963 viviﬁco
1041 2905 1360 2962 benedictus
1394 2919 1457 2962 es
1482 2948 1498 2974 ,
1536 2922 1704 2963 nunc.

1471 414 1791 477 JOANNIS
1834 414 2348 478 JEJUNATORIS
2374 414 2480 475 CP.
2525 410 2880 474 ARCHIEP.

3626 429 3732 491 19th

2236 543 2337 597 μου
2391 525 2647 595 δεομένου
2682 526 2785 596 τῆς
2827 520 2931 591 σῆς
2973 522 3333 594 ἀγαθότητος,
3385 527 3466 581 καῖ
3495 530 3660 603 πάριδε
3687 540 3744 606 ὡς

2234 617 2524 682 πολυέλεος
2568 616 2637 670 τὰ
2687 616 3006 686 πταίσματα
3040 615 3206 669 αὑτοῦ
3241 616 3467 680 ἅπαντα.
3507 623 3589 677 καὶ
3616 627 3753 684 ἀπὰλ.

2232 708 2396 775 λαξον
2444 709 2608 764 αὐτὸν
2637 710 2733 781 τῆς
2786 709 3009 764 αἰωνίου
3045 708 3340 789 κολάσεως.
3386 711 3451 764 Σὺ
3478 714 3575 787 γάρ
3599 712 3750 788 εἴπας,

2232 802 2499 869 Δέσποτα,
2531 802 2611 856 ὅτι
2648 805 2757 856 Ὃν
2788 802 2896 857 ἐὰν
2929 801 3159 869 δήσητε
3198 801 3300 854 ἐπὶ
3340 801 3443 870 τῆς
3467 804 3586 875 γῆς,
3615 809 3760 868 ἔσται

2231 889 2553 965 δεδεμένος
2595 894 2691 948 καὶ
2722 894 2792 948 ὲν
2826 894 2950 961 τοῖς
2979 893 3260 962 οὐρανοῖς
3283 910 3298 924 ’
3328 895 3421 950 καὶ
3452 896 3517 950 ὃν
3549 899 3643 954 ἐὰν
3667 905 3759 958 λύ-

2231 1005 2382 1057 σητε
2407 988 2507 1042 ἐπὶ
2531 987 2643 1058 τῆς
2683 986 2817 1058 γῆς,
2863 986 3035 1041 ἔσται
3078 986 3409 1054 λελιμένος
3450 988 3541 1042 καί
3572 990 3631 1044 ἐν
3659 994 3763 1062 τοῖς

2235 1080 2551 1149 οὐραγοῖς·
2584 1080 2667 1133 ὅτι
2716 1082 2781 1132 σὺ
2816 1075 2869 1133 εἷ
2901 1078 3035 1143 Θεὸς
3081 1078 3476 1151 ἀναμάρτητος,
3507 1082 3594 1134 καὶ
3632 1082 3765 1138 δυνά.

2236 1188 2393 1242 μενος
2428 1170 2652 1240 ἀφιέναι
2684 1170 2981 1242 ἁμαρτίας,
3014 1171 3110 1224 καὶ⁸
3140 1171 3225 1225 col
3253 1171 3350 1243 τὴν
3377 1172 3526 1240 δόξαν
3553 1176 3768 1250 ἀνα-πέμ.

2232 1280 2409 1335 πομεν
2444 1264 2543 1318 σὺν
2572 1262 2652 1335 τῷ
2696 1264 2919 1335 ἀνάρχῳ
2951 1280 3043 1317 σου
3077 1264 3274 1335 Πατρὶ,
3307 1264 3399 1318 καὶ
3425 1264 3500 1336 τῷ
3530 1270 3767 1341 παναγίῳ,

2232 1355 2328 1410 καὶ
2350 1353 2561 1426 ἀγαθῷ,
2595 1354 2690 1409 καὶ
2718 1353 2970 1425 ζωοποιῷ
3002 1370 3097 1407 σου
3128 1351 3430 1423 Πνεύματι,
3458 1353 3547 1409 νῦν
3575 1358 3661 1410 καὶ
3679 1359 3770 1425 ἀεὶ,

2232 1448 2327 1501 καὶ
2358 1449 2438 1512 είς
2473 1447 2601 1511 τοὺς
2631 1447 2858 1511 αἰῶνας.

2303 1538 2486 1610 Πάτερ
2515 1539 2710 1611 Κύριε,
2749 1538 2824 1615 μὴ
2856 1537 3150 1612 παραδῴης
3184 1538 3274 1593 τὸν
3301 1537 3486 1595 δοῦλόν
3510 1557 3600 1593 σου
3624 1540 3703 1594 τὸν
3721 1546 3771 1596 Δ.

2233 1629 2339 1684 ὑπὸ
2388 1620 2607 1703 χειρῶνί
2636 1629 2732 1685 τοῦ
2780 1630 3050 1696 διαϐόλου,
3095 1631 3182 1685 ἵνα
3217 1631 3292 1704 μὴ
3333 1633 3382 1685 οε
3424 1632 3602 1703 ἐχθροὶ
3643 1634 3778 1707 ήμῶν

2232 1722 2584 1795 ἐπιχειρῶσιν
2626 1722 2714 1793 ἐφ’
2772 1723 2954 1794 ἡμᾶς’
3002 1723 3091 1787 δὸς
3124 1723 3218 1776 ἐπὶ
3258 1722 3336 1793 τῷ
3377 1725 3599 1792 στόματι
3638 1725 3779 1778 αὑτοῦ

2232 1811 2466 1883 τήρησιν
2498 1810 2751 1879 ἐντολῶν,
2788 1812 2882 1865 καὶ
2910 1811 3003 1865 ἐπὶ
3047 1812 3160 1875 τοῖς
3186 1810 3426 1880 χείλεσιν
3458 1810 3615 1864 αὑτοῦ
3642 1829 3786 1882 σφρα-

2229 1903 2353 1974 γῖδα
2404 1899 2665 1975 κρυφίαν,
2702 1904 2793 1962 ἴνα
2838 1904 2913 1976 μὴ
2948 1903 3084 1975 λαλῇ
3137 1903 3309 1968 δόλον,
3346 1902 3616 1973 ὀφθαλμὸν
3638 1904 3786 1975 ὕπερ-

2230 1993 2436 2064 ήφανον
2463 1992 2689 2057 ἀπώσας
2711 1993 2806 2047 ἀπ’
2819 1991 3008 2056 αὐτοῦ,
3036 1991 3266 2064 στρῆνος
3295 1992 3391 2045 καὶ
3419 1991 3613 2045 κακίαν
3643 1992 3793 2046 καθά-

2231 2101 2383 2156 ρισον
2432 2086 2498 2139 ἐκ
2540 2085 2640 2157 τῆς
2688 2084 2871 2156 ψυχῆς
2921 2083 3124 2147 αὐτοῦ,
3176 2082 3399 2154 πνεῦμα
3444 2083 3669 2155 σκληρὸν
3712 2084 3794 2138 καὶ

2230 2177 2582 2247 ὑπερήφανον
2629 2177 2726 2229 καὶ
2794 2174 3019 2245 γλῶσσα
3062 2174 3213 2230 δολία
3261 2174 3342 2246 μὴ
3389 2176 3505 2245 ἤτω
3554 2174 3611 2227 ἐν
3647 2172 3796 2245 αὐτῷ.

2240 2265 2589 2338 Ἐπίστησον,
2626 2265 2820 2338 Κύριε,
2850 2267 2945 2320 ἐπὶ
2983 2265 3083 2338 τὴν
3108 2267 3354 2321 διάνοιαν
3399 2263 3564 2320 αὐτοῦ
3605 2264 3798 2335 πνεῦμα

2228 2356 2461 2425 ἀγαθὸν,
2493 2359 2587 2410 καὶ
2615 2356 2915 2429 καθάρισον
2939 2357 3104 2411 αὑτὸν
3132 2358 3242 2412 ἀπὸ
3268 2358 3478 2423 παντὸς
3505 2357 3797 2430 ἀκαθάρτου

2228 2447 2544 2521 πνεύματος
2565 2465 2579 2481 ι
2623 2446 2951 2514 ἀποτίναξον
2984 2447 3080 2503 ἀπ’
3113 2449 3283 2504 αὑτοῦ
3331 2452 3519 2504 πᾶσαν
3550 2448 3803 2504 ταλαιπω·

2230 2541 2382 2613 ρίαν⁸
2411 2540 2768 2614 συγχώρησον
2797 2541 2947 2615 αὑτῷ
2977 2544 3086 2597 πᾶν
3106 2540 3538 2615 ἁμαρτημάτων
3568 2541 3776 2613 ὄφλημα
3794 2559 3807 2573 ·

2224 2631 2519 2704 ἐπίϐλεψον
2553 2633 2614 2699 ἐξ
2662 2634 2920 2704 οὐρανοῦ,
2966 2635 3062 2688 καὶ
3099 2633 3376 2705 εὖφρανον
3415 2634 3580 2689 αὐτὸν
3605 2635 3685 2689 ὅτι
3727 2635 3810 2687 ἐπὶ

2227 2725 2313 2778 σοὶ
2344 2726 2542 2797 ήλπισε
2561 2742 2575 2757 ·
2608 2727 2703 2781 καλ⁴
2748 2725 3131 2798 ἐνδυνάμωσον
3159 2727 3329 2781 αὐτὸν
3358 2728 3430 2796 τῇ
3467 2726 3693 2799 δυνάμει
3733 2725 3816 2780 τοῦ

2226 2816 2553 2890 Ιίνεύματός
2613 2836 2709 2872 σου
2771 2817 2866 2873 τοῦ
2916 2819 3112 2889 ἁγίου,
3169 2820 3266 2873 καὶ
3316 2819 3395 2891 μὴ
3446 2820 3621 2891 ἐάσῃς
3672 2817 3817 2873 αὐτὸν

2227 2910 2614 2981 καταποθῆναι
2646 2911 2752 2964 ὑπὸ
2778 2910 2871 2965 τοῦ
2900 2910 3174 2979 διαϐόλου,
3205 2911 3290 2965 ὅτι
3316 2914 3396 2966 σὺ
3434 2913 3660 2988 cepam»
3688 2909 3822 2984 ἡμᾶς

528 3006 594 3055 εκ
629 2999 861 3053 θανάτου
907 2996 1129 3052 αἰωνίου
1173 2997 1262 3052 διὰ
1306 2998 1405 3069 τῆς
1455 2998 1681 3070 χάριτος
1720 2997 1815 3054 τοῦ
1865 2998 2106 3071 Χριστοῦ
2169 3016 2297 3067 σου,
2337 3000 2459 3071 μεθ’
2510 2993 2572 3056 οὗ
2625 3002 2918 3074 εὐλογητὸς
2962 2997 3017 3056 ei
3092 3003 3191 3057 σὺν
3256 3000 3341 3075 τῷ
3394 3001 3679 3074 παναγίῳ,
3741 3005 3825 3057 καὶ

474 3144 487 3157 ,
528 3091 744 3164 ἀγαθῷ,
773 3093 869 3147 καὶ
900 3091 1153 3165 ζωοποιῷ
1187 3108 1284 3146 σου
1316 3092 1623 3163 Πνεύματι.
1652 3094 1769 3149 νῦν.

602 3184 739 3241 Post
768 3185 885 3240 haec
913 3198 1041 3242 eum
1075 3196 1302 3256 surgere
1324 3183 1526 3255 jubens
1559 3194 1812 3242 amanter
1841 3186 2125 3257 amplecti-
2153 3191 2199 3253 α

527 3291 651 3347 tur,
682 3287 737 3334 et
760 3278 904 3333 bono
931 3292 1057 3333 esse
1085 3276 1273 3332 animo
1307 3276 1581 3345 hortatur,
1624 3278 1813 3335 dicens
1844 3279 1895 3335 ei
1931 3298 1945 3334 :

607 3388 626 3421 ι
652 3369 794 3426 Ecce
816 3369 909 3425 Dei
934 3369 1216 3424 voluntate
1245 3371 1495 3426 homines
1518 3371 1777 3440 amantis,
1798 3380 1853 3428 et
1876 3371 2126 3428 timnium

530 3460 764 3516 salutem
793 3461 1050 3523 volentis,
1072 3461 1139 3514 ad
1165 3461 1543 3530 penitentiam
1569 3458 1892 3531 confugisti,
1919 3469 1974 3516 et
1991 3475 2129 3516 eon-

531 3557 746 3619 i'essus,
790 3552 860 3607 ab
902 3551 1162 3607 omnibus
1201 3550 1480 3620 prioribus
1521 3550 1795 3619 cperibuse
1827 3550 1937 3607 tuis
1967 3551 2129 3608 malis

530 3647 797 3701 liberatus
826 3658 909 3701 es.
941 3640 1020 3698 Ne
1050 3642 1218 3714 igitur
1243 3656 1338 3711 per
1358 3641 1627 3696 incuriam
1651 3641 1971 3696 divinorum
1991 3656 2131 3712 prte-
2164 3688 2173 3691 -

532 3745 816 3807 eeptorum
845 3734 1103 3791 secundis
1138 3732 1300 3788 malis
1339 3741 1391 3788 te
1418 3734 1740 3804 prostitues,
1770 3747 1840 3788 ne
1865 3733 1976 3789 sint
2002 3734 2125 3801 tibi,

526 3825 836 3881 secundum
883 3822 1262 3891 evangelicum
1315 3822 1521 3877 dictum
1548 3823 1571 3855 ⁸
1616 3828 1893 3891 postrema
1938 3821 2127 3892 pejora

530 3918 725 3989 primis
749 3960 764 3986 ,
805 3917 1009 3989 quibus
1048 3931 1145 3987 per
1184 3914 1283 3970 Dei
1329 3914 1771 3971 misericordiam
1809 3914 2127 3986 redemptus

529 4027 592 4067 es
626 4028 641 4064 :
701 4011 797 4066 sed
844 4010 1091 4066 studiose
1111 4047 1127 4073 ,
1175 4015 1230 4062 et
1264 4021 1363 4077 pro
1387 4007 1599 4063 viribus
1633 4006 1903 4065 contende
1935 4005 2125 4063 Domi-

532 4105 654 4158 nica
680 4102 964 4159 custodire
1010 4107 1317 4171 praecepta,
1366 4106 1423 4154 et
1449 4099 1680 4155 salutem
1713 4105 2123 4171 consequenter

526 4194 781 4263 adipisci.
821 4211 840 4246 ι
1770 4258 1773 4262 η

600 4284 797 4342 Postea
825 4284 906 4342 sic
935 4284 1066 4340 dicit
1100 4285 1383 4341 sacerdos.
1416 4284 1719 4355 Sapientia.

866 4376 1055 4431 Lectio
1084 4377 1363 4447 prophetae
1390 4375 1701 4432 Ezechielis
1728 4377 1793 4428 ιο.

546 4476 552 4481 ‘
607 4487 628 4521 ι
664 4467 793 4525 Haec
846 4467 983 4525 dicit
1042 4469 1310 4525 Dominus
1367 4470 1765 4539 omnipotens:
1813 4467 2040 4539 Iniquus
2073 4468 2124 4524 si

2302 3181 2437 3239 Εἶτα
2460 3184 2827 3261 διαναστήσας
2861 3184 3046 3254 αὑτὸν,
3074 3185 3417 3255 ἀσπάζεται,
3457 3186 3559 3242 καὶ
3584 3184 3830 3256 εὐθυμεῖν

2231 3273 2603 3346 προτρέπεται
2630 3274 2804 3343 λέγων
2830 3273 2998 3346 αὐτῷ·

2304 3385 2326 3420 ι
2384 3367 2516 3427 Ἰδοὺ
2549 3366 2812 3438 θελήματι
2843 3368 2936 3422 τοῦ
2972 3369 3373 3442 φιλανθρώπου
3404 3368 3553 3425 Θεοῦ
3596 3367 3695 3423 τοῦ
3747 3366 3829 3421 θέο

2228 3460 2416 3525 λοντος
2446 3460 2667 3515 πάντων
2696 3461 2797 3532 τὴν
2847 3463 3143 3534 σωτηρίαν,
3191 3461 3594 3535 προσδραμὼν
3635 3464 3702 3534 τῇ
3753 3476 3839 3532 με·

2228 3550 2420 3622 τανοία
2443 3551 2537 3605 καὶ
2562 3552 3123 3622 ἐξομολογησάμενος,
3159 3552 3394 3606 πάντων
3433 3569 3536 3606 σου
3566 3550 3839 3624 προτέρων

2229 3643 2488 3715 πονηρῶν
2510 3643 2690 3715 ἔργων
2720 3644 3065 3716 ἀπηλλάγης.
3098 3644 3190 3715 Μὴ
3235 3644 3437 3699 τοίνυν
3474 3644 3547 3700 δι’
3584 3642 3837 3714 ἀμελείας

2227 3734 2339 3790 τῶν
2373 3736 2536 3790 θείων
2578 3736 2808 3792 ἐντολῶν
2852 3736 3130 3807 δευτέροις
3177 3739 3381 3802 κακοῖς
3432 3735 3678 3791 σεαυτὸν
3719 3735 3832 3788 0m-

2230 3827 2425 3903 ϐάλῃς,
2448 3828 2541 3883 καὶ
2566 3828 2779 3883 ἔσονταί
2800 3846 2883 3883 σοι
2905 3828 3049 3885 κατὰ
3071 3828 3133 3883 τὸ
3158 3829 3418 3899 Εὐαγγέ)
3430 3848 3523 3884 ιον
3546 3829 3623 3884 τὰ
3648 3828 3847 3898 ἔσχατα

2228 3920 2451 3991 χείρονα
2495 3920 2609 3975 τῶν
2660 3919 2916 3993 πρώτων,
2960 3914 3038 3976 ὧν
3083 3918 3177 3975 διὰ
3226 3921 3685 3994 φιλανθρωπίαν
3724 3915 3849 3974 Θεοῦ

2228 4008 2603 4081 λελύτρωσαι,
2663 4011 2800 4065 ἀλλὰ
2865 4009 3167 4065 σπούδασον
3229 4010 3385 4065 κατά
3448 4009 3702 4083 δύναμιν
3764 4007 3856 4071 τὰς

2228 4102 2570 4166 Δεσποτικάς
2612 4103 2832 4167 ἐντολὰς
2885 4102 3156 4173 φυλάξαι,
3219 4104 3319 4157 καὶ
3376 4103 3721 4166 ἀκολούθως
3764 4101 3856 4170 τῆς

2229 4196 2508 4266 σωτηρίας
2533 4200 2739 4268 τυχεῖν.
2802 4215 2821 4248 ι
3112 4224 3121 4232 -
3744 4206 3751 4209 ‘

2298 4284 2416 4343 Εἶθ’
2449 4288 2624 4353 οὕτως
2649 4291 2800 4359 λέγει
2834 4292 2869 4343 ὁ
2893 4287 3074 4362 ἱερεύς
3096 4307 3111 4322 ο
3161 4290 3363 4361 Σοφία.

2521 4381 2859 4450 Ἂνάγνωσις
2894 4382 3172 4453 προφήτου
3214 4382 3537 4454 Ἰεζεκιήλι

2305 4490 2327 4524 ι
2377 4473 2463 4526 Τὰ
2500 4471 2650 4541 λέγει
2679 4471 2884 4545 Κύριος
2910 4473 3346 4543 παντοκράτωρο
3399 4472 3470 4527 Ὃ
3530 4473 3747 4544 ἄνομος
3777 4468 3870 4523 ἐὰν

530 4561 793 4616 averterit
848 4576 908 4617 se
947 4562 1017 4616 ab
1063 4563 1322 4618 omnibus
1378 4561 1767 4633 iniquitatibus
1826 4562 1943 4618 suis
1981 4576 2122 4633 quas

2235 4564 2553 4637 ἀποστρέψῃ
2583 4566 2649 4620 ἐκ
2695 4564 2889 4618 πασῶν
2922 4564 3031 4619 τῶν
3071 4564 3316 4636 ἀνομιῶν
3346 4559 3437 4620 ὧν
3471 4566 3751 4638 ἐποίησε,
3780 4562 3875 4617 καὶ

535 4652 681 4718 fecit,
706 4660 762 4708 et
791 4653 1115 4709 custodierit
1147 4654 1330 4709 omnia
1352 4662 1623 4725 praecepta
1664 4667 1805 4721 mea,
1847 4652 2125 4710 et-l‘ecerit

529 4743 824 4815 justitiam,
859 4751 915 4799 et
941 4744 1375 4800 misericordiam
1400 4784 1417 4810 ,
1445 4746 1555 4799 vita
1582 4743 1748 4808 vivet,
1780 4752 1837 4799 et
1857 4757 1969 4799 non
2003 4757 2124 4798 mo-

538 4840 728 4894 rietur.
767 4834 971 4893 Omitte
1006 4837 1200 4892 delicta
1225 4837 1381 4908 ejus,
1407 4846 1749 4908 quascunque
1783 4835 1912 4892 fecit
1949 4875 1965 4901 ,
2007 4850 2122 4892 non

536 4931 992 4987 "remorabuntur
1029 4951 1041 4987 :
1082 4946 1141 4985 in
1172 4946 1273 4986 sua
1313 4932 1530 5003 justitia
1566 4945 1730 5002 quam
1771 4928 1921 4997 fecit,
1956 4931 2121 4987 vivet.

532 5022 793 5094 Nunquid
825 5022 1101 5078 voluntate
1130 5023 1310 5077 volam
1341 5032 1575 5078 mortem
1606 5022 1818 5093 iniqui,
1853 5021 1986 5077 dicit
2017 5021 2126 5075 Do-

536 5115 750 5179 minus,
793 5115 938 5171 sicut
978 5114 1152 5170 averti
1200 5115 1381 5183 ipsum
1430 5128 1463 5169 a
1497 5114 1583 5169 via
1621 5128 1725 5169 sua
1765 5115 2043 5184 pessima,
2071 5122 2128 5169 et

536 5210 714 5279 ipsum
748 5208 982 5265 vivere?
1032 5208 1170 5263 Cum
1224 5216 1408 5263 autem
1452 5208 1714 5263 averterit
1770 5221 1831 5262 se
1867 5206 2047 5278 justus
2094 5220 2127 5260 a

480 5296 497 5300 ’
530 5300 744 5371 justitia
783 5308 984 5366 sua,et
1011 5298 1205 5355 fecerit
1231 5298 1559 5369 iujustitiam
1595 5298 1899 5352 secundum
1926 5311 2128 5353 omnes

536 5389 879 5461 iniquitates,
902 5404 1044 5461 quas
1062 5388 1191 5445 fecit
1230 5388 1472 5458 iniquus,
1504 5402 1696 5443 omnes
1721 5385 1953 5458 justitias
1983 5389 2126 5458 ejus,

536 5497 678 5552 quas
715 5480 866 5548 fecit,
902 5496 1010 5538 non
1044 5480 1289 5537 eruntin
1318 5479 1582 5534 memoria
1628 5495 1643 5532 :
1699 5480 1757 5534 iu
1791 5479 1992 5535 delicto
2022 5494 2125 5536 suo

537 5589 651 5645 quo
682 5574 954 5646 deliquit,
996 5584 1051 5630 et
1077 5576 1131 5629 in
1163 5571 1404 5643 peccatis
1436 5571 1556 5627 suis
1582 5586 1709 5642 qua
1741 5577 1986 5643 peccavit
2014 5616 2029 5641 ,
2067 5575 2124 5630 in

538 5663 674 5737 ipsis
693 5667 978 5723 morietur.
1006 5665 1073 5722 Et
1102 5665 1350 5723 dixistis:
1381 5663 1499 5723 Non
1523 5673 1669 5721 recte
1696 5666 1873 5737 pergit
1902 5665 1989 5721 via
2019 5665 2128 5722 Do-

2232 4657 2537 4732 φυλάξηται
2571 4658 2754 4722 πάσας
2794 4648 2925 4722 τὰς’
2947 4655 3165 4721 ἐντολάς
3199 4673 3329 4729 μου,
3381 4659 3497 4713 καὶ
3548 4660 3772 4732 ποιήσῃ
3798 4656 3875 4709 δι-

2229 4748 2547 4821 καιοσύνην,
2594 4748 2688 4803 καὶ
2717 4747 2886 4813 ἕλεος,
2925 4747 3038 4819 ζωῇ
3073 4747 3322 4819 ζήσεται,
3359 4748 3477 4803 καὶ
3510 4750 3581 4803 οὐ
3622 4748 3708 4822 μῆ
3743 4748 3878 4802 ἀποο

2231 4841 2404 4915 θάνῃ’
2452 4840 2633 4895 πάντα
2675 4839 2746 4894 τά
2785 4839 3210 4912 παραπτώματα
3244 4840 3436 4894 αὑτοῦ
3491 4840 3609 4894 ὅσοι
3652 4839 3881 4910 ἐποίησε

2234 4934 2295 4988 οὐ
2348 4931 2758 5005 μνησθήσονται
2778 4948 2792 4963 ο
2825 4934 2884 4983 ἐν
2926 4934 2993 5004 τῇ
3018 4929 3344 5004 δικαιοσύνῃ
3401 4931 3599 4986 αὐτοῦ
3697 4929 3885 5001 ἐποίη-

2232 5042 2293 5079 σε
2346 5027 2590 5097 ζήσεται.
2637 5023 2728 5094 Μὴ
2777 5023 2996 5095 θελήσει
3046 5021 3262 5094 θελήσω
3309 5021 3424 5077 τὸν
3487 5023 3759 5078 θάνατον
3797 5017 3886 5074 τοῦ

2228 5119 2458 5188 ἀνόμου,
2488 5117 2639 5186 λέγει
2678 5115 2906 5188 Κύριος,
2958 5116 3035 5179 ὡς
3079 5113 3142 5167 τὸ
3169 5114 3561 5186 ἀποστρέψαι
3614 5114 3797 5170 αὑτὸν
3828 5112 3887 5165 ἐκ

2228 5210 2330 5280 τῆς
2344 5208 2465 5262 ὁδοῦ
2490 5209 2591 5278 τῆς
2623 5208 2886 5280 πονηρᾶς,
2910 5207 3011 5262 καὶ
3031 5206 3133 5278 ζῇν
3156 5205 3366 5274 αὐτάνς
3406 5206 3523 5262 Ἐν
3545 5209 3621 5262 δὲ
3644 5207 3735 5279 τῷ
3762 5211 3895 5262 ἀποο

2232 5299 2462 5371 στρέψαι
2480 5298 2691 5353 δίκαιον
2717 5299 2784 5352 ἐκ
2798 5299 2896 5369 τῆς
2916 5295 3271 5367 δικαιοσύνης
3292 5296 3497 5351 αὐτοῦ
3519 5297 3635 5353 καὶ
3664 5296 3902 5368 ποιῆσαι

2227 5392 2465 5457 ἀδικίαν,
2486 5391 2628 5447 κατά
2661 5393 2841 5454 πάσας
2866 5390 2969 5454 τὰς
2990 5390 3225 5461 ἀνομίας
3251 5388 3322 5453 ἃς
3366 5392 3683 5463 ἐποίησεν
3716 5394 3748 5444 ὁ
3774 5389 3898 5438 Μο-

2236 5501 2355 5555 μος,
2395 5484 2569 5537 πᾶσαι
2601 5484 2657 5537 αἱ
2685 5482 3021 5537 δικαιοσύναι
3052 5481 3216 5535 αὐτοῦ
3253 5479 3323 5543 ἃς
3356 5482 3693 5557 limina“;
3718 5474 3787 5530 δῦ
3825 5470 3901 5543 μὴ

2235 5560 2584 5647 μνησθῶσιψ
2610 5580 2666 5630 ἐν
2694 5576 2770 5647 τῷ
2802 5575 3211 5648 παραπτώματι
3242 5560 3529 5637 αὺτοᾶῖἷ)
3562 5569 3902 5637 παρέπεσεο

2230 5669 2326 5722 καὶ
2343 5669 2411 5723 ’ἐν
2437 5672 2558 5734 ταῖς
2590 5669 2885 5741 ἁμαρτίαις
2909 5667 3075 5723 αὐτοῦ
3104 5664 3199 5727 αἷς
3236 5660 3562 5733 ἥμαρτεν,
3595 5661 3665 5718 ἐν
3697 5659 3910 5724 obrui;

613 5838 637 5874 '
672 5839 878 5901 Matth.
909 5860 1060 5911 xvtu,
1100 5847 1190 5900 l8.
1267 5844 1505 5900 'liiatth.
1543 5859 1645 5911 xu,
1684 5845 1774 5901 45.
1857 5846 1899 5879 ¹⁹
1938 5845 2133 5902 Ezeclt.
2176 5861 2333 5913 xviii,
2367 5846 2428 5900 2i
2461 5864 2617 5920 seqq.
