4058 6438
342 386 467 456 1901
1660 384 2260 457 PtENtTENTIA'LE.
3456 416 3592 485 1903

336 501 708 559 ἀποθανεῖται.
774 504 882 559 Καὶ
944 504 1167 560 εἴπατε·
1215 506 1288 559 Ού
1345 506 1663 560 κατευθύνει
1713 506 1745 576 ἡ
1789 506 1899 569 ὁδὸς

2011 507 2166 563 mini.
2204 509 2418 578 Audite,
2451 526 2599 569 nunc
2639 520 2817 575 omnis
2848 520 3046 579 domus
3090 523 3284 582 Israel:
3338 528 3589 603 Nunquid

336 594 563 666 Κυρίου.
605 596 901 654 Ἀκούσατε.
948 599 1034 672 δὴ,
1066 600 1175 663 πᾶς
1203 601 1232 653 ό
1263 595 1411 665 οἶκος
1449 601 1702 673 Ἰσραήλ·
1737 603 1829 671 Μὴ
1876 604 1899 671 ἦ

2011 599 2101 654 via
2128 615 2249 657 mea
2280 618 2390 659 non
2418 617 2564 663 recte
2596 614 2819 681 perget?
2841 612 3097 686 Nunquid
3132 618 3216 674 via
3246 630 3422 678 vestra
3449 594 3593 681 recte

333 689 453 752 ὁδός
482 707 585 760 μου
612 691 675 744 ού
700 692 1053 760 κατευθυνεῖ;
1086 693 1274 764 Οὐχὶή
1305 691 1423 757 ὁδὸς
1453 693 1609 763 ὑμῶν
1643 692 1899 746 κατευθύ-

2011 693 2220 763 pergit?
2248 695 2306 750 in
2339 702 2634 757 avertendo
2679 718 2739 759 se
2776 705 2984 776 justum
3028 725 3057 765 a
3093 711 3308 778 jnstitia
3354 731 3451 771 sua
3480 758 3496 783 ,
3541 732 3593 773 et

333 798 448 850 vet;
493 785 580 837 ‘Ev
614 784 695 856 τῷ
725 786 1066 858 ἀποστρέψαι
1090 786 1185 840 τὸν
1214 786 1424 841 δίκαιον
1460 788 1527 842 ἐκ
1566 787 1669 858 τῆς
1697 789 1899 842 δικαιο-

2010 782 2174 840 faciet
2201 786 2456 846 delictum
2484 833 2499 858 ,
2542 802 2598 849 et
2626 797 2891 853 morietur
2920 801 2976 855 in
3005 800 3203 860 delicto
3241 810 3387 877 quod
3414 782 3546 866 fecit
3573 852 3589 875 ,

334 876 503 947 σύνης
522 877 711 944 αὐτοῦ,
741 880 834 935 καὶ
861 881 1078 971 ποιήσει
1111 880 1465 951 παράπτωμα
1483 920 1499 947 ,
1533 881 1632 936 καὶ
1661 880 1899 953 ἀποθάνῃ

2009 874 2066 930 in
2120 875 2242 947 ipso
2293 885 2579 940 morietur.
2638 885 2702 944 Et
2744 889 2799 944 in
2835 897 3128 952 avertendo
3156 912 3217 953 se
3243 874 3491 971 iniquum
3522 905 3591 959 ab

331 967 393 1020 ὲν
423 966 504 1036 τῷ
550 968 959 1041 παραπτώματι
1001 963 1047 1038 ᾧ
1096 971 1373 1042 ἐποίησεν,
1425 973 1485 1026 ὲν
1515 972 1668 1042 αύτῷ
1706 972 1899 1027 ἀποθα-

2010 966 2302 1039 iniquitate
2342 991 2463 1043 sua,
2487 994 2651 1050 quam
2704 981 2865 1049 fecit,
2933 995 2987 1042 et
3027 986 3189 1045 faciet
3223 963 3490 1060 judicium
3536 1002 3592 1051 et

329 1060 521 1113 νεῖται.
565 1061 676 1115 Καὶ
704 1063 766 1115 ὲν
803 1060 883 1132 τῷ
918 1064 1258 1136 ἀποστρέψαι
1288 1066 1488 1134 ἄνομον
1514 1065 1624 1119 ἀπὸ
1647 1065 1749 1135 τῆς
1782 1068 1899 1121 ἀνο-

2005 1061 2274 1132 justitiam
2317 1080 2331 1121 :
2374 1068 2464 1124 hic
2495 1073 2736 1129 animam
2767 1091 2921 1132 suam
2952 1082 3268 1147 custodivit,
3301 1094 3354 1140 ct
3392 1088 3591 1144 avertit

332 1151 465 1221 μίας
496 1152 662 1206 αὑτοῦ
688 1147 757 1225 ἧς
803 1155 1047 1228 ἐποίησε,
1077 1159 1173 1212 καὶ
1206 1158 1424 1230 ποιήσει
1472 1160 1649 1229 κρῖμα
1689 1159 1786 1212 καὶ
1829 1158 1899 1212 δι-

2008 1165 2069 1206 se
2103 1152 2174 1207 ab
2207 1155 2462 1215 omnibus
2513 1159 2883 1232 impietatibus
2936 1170 3052 1224 suis
3080 1210 3094 1235 ,
3146 1184 3283 1241 quas
3336 1173 3584 1232 fecerat:

329 1244 626 1316 καιοσύνην
649 1287 665 1313 ,
709 1241 863 1313 οὗτος
906 1248 1007 1324 τὴν
1047 1249 1227 1322 ψυχὴν
1274 1249 1441 1305 αὑτοῦ
1490 1250 1758 1323 ἐφύλαξε·
1814 1252 1899 1306 και

2005 1241 2119 1298 vita
2149 1245 2295 1302 vivet
2321 1284 2337 1314 ,
2378 1258 2434 1305 et
2463 1262 2573 1307 non
2608 1255 2906 1325 morietur,
2947 1260 3079 1318 dicit
3112 1259 3379 1323 Dominus
3407 1267 3588 1324 omni-

327 1337 671 1412 ἀπέστρεψεν
697 1341 763 1394 ὲκ
800 1342 991 1398 πασῶν
1021 1343 1289 1399 ἀσεϐειῶν
1322 1345 1487 1400 αὐτοῦ
1532 1338 1611 1401 ὧν
1655 1346 1904 1417 ἐποίησε,

328 1428 440 1504 ζωῇ
482 1429 727 1503 ζήσεται,
778 1437 872 1491 καὶ
896 1437 962 1490 οὐ
1003 1437 1079 1509 μὴ
1119 1438 1388 1510 ἀποθάνῃ,
1429 1438 1579 1508 λέγει
1621 1443 1652 1494 ὁ
1703 1439 1905 1509 Κύριος

330 1528 741 1599 παντοκράτωρ.
763 1548 782 1581 ι
1437 1529 1452 1540 ’

717 1705 1050 1775 Εὐαγγέλιον
1081 1708 1223 1763 κατά
1264 1706 1504 1765 Λουκᾶνι

404 1809 423 1844 ι
456 1792 547 1865 Τῷ
576 1794 753 1866 καιρῷ
780 1797 974 1869 ἐκείνῳ
1017 1793 1159 1871 ἦσαν
1214 1800 1530 1869 ἐγγίζοντες
1591 1800 1671 1872 τῷ
1726 1796 1902 1872 Ἰησοῦ

326 1884 527 1949 πάντες
551 1887 601 1939 oi
626 1887 882 1954 τελῶναι,
911 1890 1006 1944 καὶ
1037 1891 1088 1945 ei
1121 1892 1436 1963 ἁμαρτωλοὶ
1465 1890 1687 1947 ἀκούειν
1711 1892 1900 1948 αὐτοῦ.

326 1975 436 2031 Καὶ
476 1975 829 2047 διεγόγγυζον
867 1983 918 2035 oi
958 1984 1245 2053 Φαρισαῖοι
1297 1985 1391 2041 καὶ
1442 1985 1493 2038 οἱ
1527 1985 1567 2038 Γ
1574 1987 1901 2056 pennata“.

202 2068 211 2076 ‘
323 2063 598 2136 λέγοντες,
649 2070 731 2124 ὅτι
772 2067 943 2137 Οὗτος
986 2075 1345 2148 ἁμαρτωλοὺς
1396 2076 1776 2148 προσδέχεται,
1810 2077 1905 2131 κα)⁵

325 2159 597 2214 συνεσθίει
630 2162 836 2230 αὐτοῖς.
880 2162 1021 2220 Εῐπε
1066 2166 1126 2220 δὲ
1171 2167 1309 2240 πρὸς
1336 2168 1533 2232 αὐτοὺς
1580 2168 1681 2240 τὴν
1728 2186 1906 2241 παρα-

324 2247 486 2319 ϐολὴν
506 2251 713 2324 ταύτην
749 2253 959 2323 λέγων·
999 2258 1096 2321 Τίς
1134 2258 1421 2329 ἄνθρωπος
1462 2259 1524 2326 ἐξ
1567 2260 1724 2331 ὑμῶν
1762 2260 1904 2332 ἔχων

322 2339 518 2395 ἑκατὸν
573 2343 843 2415 πρόϐατα,
892 2348 991 2402 καὶ
1034 2349 1308 2414 ἀπολέσας
1362 2351 1421 2404 ἓν
1463 2352 1523 2418 ἐξ
1576 2351 1787 2417 αὐτῶν,
1839 2352 1902 2406 οὐ

322 2432 646 2488 καταλείπει
673 2436 743 2490 τὰ
789 2439 1151 2511 ἐννενήκοντα
1180 2443 1339 2517 ἐννέα
1368 2445 1428 2497 ἐν
1456 2447 1523 2517 τῇ
1555 2445 1768 2516 ἐρήμῳ,
1807 2446 1905 2500 καὶ

321 2524 619 2594 πορεύεται
660 2528 754 2581 ἐπὶ
800 2530 860 2583 τὸ
907 2508 1213 2601 eiiciam:
1257 2535 1363 2598 ἕως
1399 2508 1537 2610 εορῇ
1792 2541 1905 2595 Καὶ

320 2612 500 2685 εὑρὼν
543 2617 856 2690 ἐπιτίθησιν
889 2622 985 2675 ἐπὶ
1024 2624 1152 2688 τοὺς
1196 2624 1380 2696 ὤμους
1425 2627 1620 2681 ἑαυτοῦ
1658 2630 1898 2700 χαίρων·

320 2705 420 2760 καὶ
447 2705 619 2761 ἐλθὼν
650 2711 732 2772 εἰς
770 2710 861 2764 τὸν
923 2708 1095 2780 οἰκον,
1134 2716 1398 2783 συγκαλεῖ
1435 2719 1562 2781 τοὺς
1593 2718 1782 2785 φίλους
1809 2721 1904 2774 καὶ

319 2799 450 2864 τοὺς
492 2801 774 2869 γείτονας,
829 2803 1003 2874 λέγων
1053 2807 1270 2871 αὐτοῖς·
1316 2808 1638 2880 Συγχὰρητέ
1684 2826 1777 2879 μοι
1820 2811 1903 2864 ὅτι

320 2885 481 2962 εὗρον
506 2893 567 2948 τὸ
598 2895 871 2966 πρόϐατόν
899 2913 1007 2969 μου
1037 2898 1100 2952 τὸ
1128 2898 1429 2963 ἀπολωλός.
1459 2902 1621 2970 Λέγω
1665 2903 1795 2973 ὑμῖν
1821 2903 1903 2957 ὅτι

316 2981 464 3037 οὕτω
512 2983 659 3054 χαρὰ
701 2983 854 3040 ἔσται
884 2986 943 3039 ὲν
974 2984 1052 3055 τῷ
1083 2986 1298 3057 οὐρανῷ
1345 2987 1439 3040 ⁷επὶ
1466 2984 1549 3041 ἐνὶ
1591 2988 1903 3059 ἁμαρτωλῷ

320 3072 695 3142 μετανοοῦντι,
725 3073 757 3144 ἢ
794 3076 885 3129 ἐπὶ
911 3076 1268 3148 ἒννενήκοντα
1303 3079 1461 3133 ἐννέα
1491 3077 1739 3143 δικαίοις,
1771 3079 1904 3133 οἵτι-

317 3179 409 3228 νες
438 3165 500 3219 οὗ
523 3167 712 3238 χρείαν
737 3167 921 3239 ἔχουσι
959 3169 1271 3239 μετανοίας.
1291 3171 1361 3224 Ἦ
1383 3170 1468 3236 τίς
1490 3170 1627 3242 γυνὴ
1652 3172 1900 3242 δραχμὰς
1925 3187 1974 3250 c

315 3255 518 3328 ἔχουσα
545 3257 698 3322 δέκα,
720 3259 824 3317 ’ἐὰν
850 3260 1093 3335 ἀπολέσῃ
1117 3261 1365 3335 δραχμὴν
1392 3265 1543 3335 μίαν,
1577 3265 1698 3334 οὐχὶ
1734 3263 1897 3317 ἅπτει

315 3347 531 3420 λύχνον,
563 3351 655 3405 καὶ
708 3355 865 3424 σαροῖ
897 3352 996 3423 τὴν
1028 3354 1230 3419 οἰκίαν,
1279 3352 1378 3411 καὶ
1407 3354 1564 3427 ζητεῖ
1595 3356 1895 3427 ἐπιμελῶς,

312 3438 423 3506 ἕως
444 3443 568 3496 ὅτου
599 3444 772 3516 eum};
802 3445 914 3499 Καὶ
945 3446 1184 3520 εὑροῦσα
1215 3447 1567 3516 συγκαλεῖται
1589 3448 1689 3512 τὰς
1716 3446 1895 3517 φίλας,

315 3533 412 3586 καὶ
465 3535 563 3598 τὰς
615 3537 887 3605 γείτονας,
942 3537 1210 3607 λέγουσα·
1275 3539 1596 3613 Συγχάρητέ
1647 3557 1768 3611 μοι,
1816 3540 1899 3593 ὅτι

315 3615 476 3694 εὗρον
518 3622 618 3695 τὴν
655 3625 906 3697 δραχμὴν
939 3629 1006 3699 ἢν
1038 3628 1324 3684 ἀπώλεσα.
1358 3629 1537 3696 Οὕτω,
1569 3624 1896 3702 λέγωύμῑν,

314 3710 460 3782 χαρὰ
488 3712 697 3780 γίνεται
731 3715 963 3769 ἐνώπιον
1007 3716 1117 3771 τῶν
1146 3718 1395 3787 ἀγγέλων
1417 3718 1512 3771 τοῦ
1537 3715 1671 3771 Θεοῦ
1698 3708 1791 3771 επὶ
1816 3717 1900 3772 ἑνὶ

316 3802 628 3872 ἀμαρτωλῷ
649 3805 1023 3872 μετανοοῦντι.
1059 3826 1077 3859 ι

385 3889 627 3960 Ποιήσας
676 3887 770 3945 οὖν
815 3893 1127 3964 τρισὰγιον,
1180 3894 1274 3948 καὶ
1316 3890 1472 3960 αὖθις
1512 3896 1581 3951 τὰ
1620 3896 1895 3969 τροπὸῳια

311 3980 448 4051 ἤχου
496 3972 560 4045 δ”
621 3981 742 4049 Τὴν
782 3982 1073 4051 ταπεινήν
1114 4004 1233 4057 μου
1280 3987 1531 4055 ψυχήν·
1574 3987 1730 4054 ἄλλα,
1769 3991 1898 4041 Ata-

310 4066 517 4124 πλέων
567 4071 635 4126 τὸ
700 4074 986 4145 πέλαγος,
1034 4075 1113 4145 Τῇ
1167 4079 1424 4144 θεοτόκφ
1470 4076 1731 4144 ἐκτενῶς
1779 4079 1896 4133 νῦν

311 4160 812 4236 προσδράμωμεν·
849 4161 971 4222 εἶτα
990 4167 1073 4236 τὺ,
1101 4166 1277 4237 Κύριε
1300 4169 1602 4239 ἱλάσθητι,
1621 4177 1670 4239 γ’
1699 4166 1893 4237 εἰπὼν,

311 4255 407 4309 καὶ
434 4255 697 4320 ὡσαύτως
741 4260 836 4314 καῖ
867 4259 953 4324 τὸ.
994 4261 1192 4331 Κύριε,
1223 4263 1647 4332 συγχώρησον,
1676 4262 1771 4319 καὶ
1810 4262 1893 4329 τὸ,

311 4346 509 4417 Κύριε,
557 4347 824 4418 ἐλέησον
861 4348 1041 4420 ἡμᾶς,
1087 4353 1184 4407 καὶ
1220 4353 1512 4424 μετανοίας
1544 4360 1599 4425 μ’
1635 4356 1897 4429 ποιήσαν-

308 4450 424 4503 τες,
451 4440 502 4492 οί
544 4440 847 4512 ἀμφότεροι
874 4440 1220 4498 ἀπολύονται.
1252 4446 1410 4500 Μετὰ
1433 4445 1492 4499 δὲ
1521 4445 1581 4499 τὸ
1607 4446 1893 4503 τελειῶσαι

2007 1346 2223 1407 potens.
2259 1358 2279 1392 ι

2184 1707 2536 1793 Evangelium
2569 1728 2872 1785 secundUm
2908 1722 3113 1790 Lucam
3149 1728 3215 1795 “.

2084 1830 2102 1862 ι
2133 1812 2195 1868 in
2214 1812 2308 1870 illo
2335 1827 2582 1888 tempore
2614 1830 2773 1877 erant
2792 1828 3297 1900 appropinquantes
3321 1833 3371 1889 ei
3400 1849 3591 1893 omnes

2005 1899 2285 1969 publicani
2313 1913 2369 1961 et
2400 1916 2713 1975 peccatores
2743 1921 2803 1966 ut
2829 1899 3092 1971 audirent
3117 1917 3293 1975 illum.
3336 1920 3403 1977 Et
3438 1940 3591 1980 mur-

2005 1994 2298 2052 murabant
2352 1995 2637 2069 Pharisaei,
2691 2013 2745 2059 et
2803 2006 3007 2064 Scriba:
3069 2011 3312 2069 dicentes
3365 2033 3379 2072 :
3452 2014 3588 2085 Quia

2005 2086 2097 2142 hic
2124 2097 2442 2157 peceatores
2473 2094 2706 2162 recipit,
2755 2104 2810 2152 et
2862 2101 3156 2158 manducet
3193 2119 3316 2160 cum
3355 2107 3483 2163 illis.
3522 2107 3587 2166 Et

2004 2179 2082 2234 ait
2106 2181 2175 2236 ad
2205 2182 2331 2241 illos
2360 2187 2678 2256 parabolam
2709 2192 2892 2259 istam,
2924 2194 3150 2254 dicens:
3181 2199 3315 2267 Quis
3343 2208 3409 2258 ei
3433 2206 3589 2261 vobis

2002 2272 2207 2341 homo,
2244 2277 2341 2348 qui
2372 2278 2537 2336 habet
2560 2291 2780 2339 centum
2811 2296 2974 2353 oVes,
3005 2302 3059 2346 et
3089 2293 3387 2361 perdiderit
3420 2314 3588 2353 unam

2000 2378 2071 2421 ex
2106 2367 2235 2436 illis,
2269 2384 2383 2426 non
2414 2372 2641 2431 dimittit
2668 2380 2967 2449 nonaginta
3006 2396 3200 2438 novem
3235 2385 3289 2440 in
3326 2387 3583 2455 deserto,

2002 2469 2059 2515 et
2083 2461 2231 2517 vadit
2253 2464 2320 2519 ad
2345 2464 2495 2521 illam
2526 2481 2651 2537 qua:
2672 2471 2939 2539 perierat,
2960 2472 3136 2529 donec
3166 2476 3406 2535 inveniat
3432 2476 3591 2536 Cum?

2005 2552 2074 2608 Et-
2101 2566 2229 2610 cum
2270 2556 2541 2614 invenerit
2573 2573 2692 2615 eam
2719 2602 2734 2627 ,
2782 2563 3015 2634 imponit
3067 2566 3122 2621 in
3159 2567 3419 2626 humeros
3457 2587 3589 2628 suos

2005 2650 2270 2719 gaudens.
2313 2653 2379 2710 Et
2416 2654 2644 2713 veniens
2696 2657 2919 2714 domum
2967 2666 3232 2719 convocat
3277 2668 3486 2723 amicos
3534 2677 3591 2725 et

2004 2743 2247 2812 vicinos,
2297 2746 2487 2804 dicens
2526 2748 2635 2807 illis
2677 2750 3195 2823 :Congratulamini
3243 2758 3410 2825 mihi,
3458 2760 3585 2831 quia

2004 2833 2185 2890 iuveni
2213 2852 2369 2894 ovem
2399 2854 2596 2907 meam,
2622 2856 2744 2912 qua}
2772 2846 3028 2913 perierat.
3084 2846 3217 2904 Dico
3235 2852 3412 2915 vobis,
3438 2855 3587 2923 quod

2006 2927 2078 2982 ita
2103 2928 2359 2998 gaudium
2383 2932 2490 2987 erit
2518 2933 2571 2987 in
2601 2934 2745 2990 cmlo
2767 2952 2933 3007 super
2958 2953 3068 2994 uno
3094 2932 3379 3012 peccatore
3409 2945 3552 3014 paeni
3573 2978 3589 2990 -

2006 3023 2228 3076 tentiam
2255 3031 2468 3095 agente,
2489 3040 2653 3096 quam
2680 3044 2845 3099 super
2863 3031 3157 3104 nonaginta
3186 3050 3377 3090 novem
3400 3036 3585 3108 iustis,
3662 3094 3663 3097 η

2003 3114 2097 3183 qui
2146 3129 2255 3170 non
2297 3116 2542 3188 indigent
2587 3122 2925 3190 poenitentia.
2966 3125 3073 3180 Aut
3112 3142 3234 3197 quae
3263 3128 3459 3185 mulier
3489 3132 3588 3185 lia-

2003 3202 2141 3260 bens
2190 3205 2483 3264 druchmas
2530 3209 2749 3279 decem,
2799 3214 2845 3270 si
2909 3208 3206 3286 perdiderit
3265 3218 3587 3279 drachmam

2004 3306 2189 3364 unam,
2208 3314 2390 3356 nonne
2419 3302 2666 3358 accendit
2694 3304 2996 3375 lucernam,
3019 3316 3073 3364 et
3101 3312 3303 3366 cverrit
3336 3313 3586 3382 domum,

2001 3398 2055 3444 et
2079 3392 2276 3462 quzerit
2303 3392 2615 3465 diligenter,
2642 3397 2814 3455 donec
2835 3400 3119 3456 inveniat?
3162 3402 3228 3459 Et
3264 3421 3389 3460 cum
3429 3406 3581 3463 inve-

2000 3484 2165 3550 nerit,
2201 3494 2469 3541 convocat
2500 3490 2708 3547 amicas
2734 3498 2787 3546 et
2821 3492 3051 3561 vicinas,
3088 3494 3278 3553 dicens
3308 3517 3322 3553 :
3353 3498 3590 3572 Congraa

2001 3576 2253 3632 tulamini
2283 3579 2454 3647 mihi,
2489 3583 2619 3652 quia
2656 3585 2836 3640 inveni
2861 3586 3174 3643 drachmam
3209 3602 3372 3659 quam
3401 3593 3588 3663 perdi-

2000 3665 2212 3723 deram.
2252 3668 2331 3726 lta
2362 3670 2485 3728 dico
2517 3673 2694 3739 vobis,
2730 3678 2985 3747 gaudium
3021 3679 3125 3737 erit
3167 3696 3352 3737 coram
3378 3686 3586 3756 angelis

2000 3762 2095 3819 Dei
2118 3776 2284 3834 super
2317 3776 2426 3820 uno
2457 3774 2747 3837 peccatore
2769 3771 3141 3839 paenitentiam
3180 3785 3392 3846 agente.
3418 3795 3440 3831 ι

2072 3879 2210 3933 Cum
2244 3879 2416 3948 igitur
2454 3882 2717 3952 trisagion
2758 3884 3083 3953 perfecerit,
3118 3895 3176 3943 et
3218 3888 3418 3944 iterum
3470 3902 3585 3947 tro-

1998 3971 2148 4040 paria
2179 3970 2292 4024 toni
2331 3972 2546 4041 quarti,
2596 3971 2869 4030 Humilem
2907 3979 3143 4032 animam
3187 3996 3378 4036 meam.
3419 3982 3540 4038 Alia
3567 4024 3583 4047 ,

1999 4058 2303 4131 Enavigans
2330 4064 2572 4135 pelagus,
2610 4066 2694 4119 Ad
2727 4066 2828 4122 Dei
2865 4067 3186 4126 Genitricem
3234 4072 3417 4127 sedqu
3447 4090 3583 4127 nunc

1998 4153 2393 4224 confugiamus.
2434 4154 2632 4213 Postea
2661 4172 2786 4230 cum
2816 4166 2896 4214 ter
2925 4159 3083 4223 dixit,
3116 4159 3358 4227 Domine,
3396 4164 3584 4233 placa-

2000 4254 2080 4300 tus
2114 4256 2223 4300 esto
2245 4262 2265 4301 :
2295 4246 2549 4303 similiter
2579 4257 2633 4305 et
2664 4251 2793 4318 hoc,
2829 4250 3068 4319 Domine,
3093 4269 3287 4323 parce;
3315 4264 3393 4323 et,
3422 4255 3586 4329 Kyrie

1997 4338 2193 4394 eleison
2223 4339 2460 4407 imas,et
2480 4340 2810 4409 ptenitentiis
2836 4343 3195 4415 quadraginta
3233 4345 3414 4415 factis,
3445 4352 3584 4404 ulri—

1997 4445 2106 4502 que
2151 4440 2391 4488 cessant.
2425 4429 2811 4503 Suprascripta
2844 4433 3014 4491 ofﬁcii
3041 4440 3432 4509 consequentia
3463 4456 3587 4510 pcr-

306 4531 410 4602 τὴν
438 4535 854 4604 προγραφείσαν
883 4535 1210 4590 ἀκολουθίαν
1257 4538 1594 4606 συγκαθίσας
1622 4539 1773 4611 αὑτῷ
1801 4539 1891 4593 λέ-

1998 4530 2117 4578 acta
2146 4521 2249 4594 ipsi
2283 4522 2531 4579 assidens
2559 4524 2735 4589 dicit,
2756 4524 2879 4592 Fili,
2909 4526 3042 4595 quid
3082 4527 3230 4585 vales
3256 4528 3589 4585 observare?

307 4640 433 4693 γει·
467 4626 555 4691 Τί,
597 4627 811 4691 τέκνον,
859 4628 1067 4699 ίσχύεις
1099 4629 1366 4699 φυλάξαις
1404 4632 1563 4686 Κατά
1597 4632 1707 4703 γάρ
1744 4633 1897 4703 ἰσχὺν

306 4717 402 4771 καὶ
440 4719 762 4790 προαίρεσιν
787 4718 881 4773 τοῦ
911 4719 1207 4792 δεχομένου
1244 4723 1314 4776 τὰ
1347 4723 1602 4795 ἐπιτίμια
1632 4724 1893 4793 δίδονται,

306 4810 404 4864 καὶ
458 4813 520 4865 ού
569 4812 713 4868 κατά
757 4812 1051 4882 ἀναλογίαν
1103 4815 1211 4870 τῶν
1263 4817 1674 4889 ἡμαρτημένων
1717 4818 1889 4891 αὐτῷ.

321 4900 624 4975 Ἐνδέχεται
655 4903 764 4977 γὰρ
808 4904 902 4958 τὸν
936 4906 1038 4977 μὲν
1079 4905 1239 4976 ὀλίγα
1275 4908 1660 4981 ἁμαρτάνοντα
1688 4912 1896 4982 πρόθυο

305 5010 412 5066 μον
437 4995 570 5050 ὅντα
596 4996 738 5066 μέγα
756 4997 942 5052 λαϐεῖν
962 4998 1261 5071 ὲπιτίμιον,
1297 5000 1385 5054 ἵνα
1408 5004 1486 5073 μὴ
1512 5000 1672 5072 μόνον
1697 5005 1893 5073 ἄφεσιν

301 5085 614 5157 ἁμαρτιῶν,
666 5087 803 5141 ἀλλά
851 5090 947 5143 καὶ
1000 5089 1269 5159 στέφανον
1325 5094 1657 5166 κομίσηται·
1706 5097 1800 5151 τὸν
1836 5097 1895 5154 δὲ

303 5178 479 5234 πολλά
508 5180 815 5237 πταίσαντα
849 5182 1093 5254 ῥᾴθυμον
1115 5184 1244 5238 ὄντα
1277 5185 1484 5261 μικρὰν
1527 5187 1676 5259 ἔχειν
1701 5190 1895 5245 ἔπιτε-

304 5288 496 5344 μησιν,
517 5273 591 5337 ώς
614 5271 681 5328 ἂν
708 5275 783 5346 μὴ
816 5275 1103 5347 καταποθῇ
1128 5277 1208 5347 τῷ
1235 5276 1416 5349 βάρει,
1442 5280 1538 5334 καὶ
1564 5281 1894 5353 ῥᾳθυμήσας

303 5363 491 5439 ἀφήσῃ
519 5365 728 5420 πάντα·
757 5367 817 5421 οὐ
848 5367 960 5439 γὰρ
980 5370 1403 5442 προσετάγημεν
1433 5370 1578 5443 βάρη
1611 5373 1894 5442 κουφίζειν

305 5452 402 5507 καὶ
441 5456 581 5528 βάρη
629 5460 914 5515 ὶπιτιθεῖν.
950 5462 1202 5534 Χρηστδς
1231 5463 1345 5535 γάρ
1375 5464 1527 5518 ἐστιν
1569 5467 1599 5518 ὁ
1631 5465 1728 5519 τοῦ
1760 5468 1895 5535 Χριο

308 5541 438 5597 ατοῦ
465 5543 652 5614 ζυγὸς,
678 5552 769 5603 καί
804 5550 866 5604 τὸ
918 5553 1136 5623 φορτίον
1185 5553 1447 5625 ὲλαερρόν.
1492 5555 1807 5626 Διακρίνειν
1836 5558 1894 5611 δὲ

305 5632 512 5701 όρείλει
565 5636 1048 5712 φιλευσπλάγχνως
1096 5645 1187 5699 καὶ
1246 5647 1552 5719 προσώπων
1598 5648 1888 5721 διαφορὰν,

305 5728 406 5782 καὶ
450 5727 679 5800 καιρῶν,
730 5732 824 5785 καὶ
864 5734 1063 5804 τόπων,
1101 5739 1193 5792 καὶ
1239 5740 1521 5809 γνώσεως,
1567 5742 1661 5798 καὶ
1703 5745 1891 5811 ἀγνω-

391 5865 582 5926 “Luc.
610 5874 847 5941 ιν,1-9.

1996 4630 2176 4686 paenae
2200 4616 2344 4671 enim
2371 4616 2728 4686 imponuntur
2751 4618 3051 4674 secundum
3081 4619 3226 4675 vires
3250 4630 3305 4677 et
3338 4622 3587 4679 volunta-

1996 4720 2105 4766 tem
2135 4726 2231 4767 eas
2262 4711 2640 4782 suscipientis,
2670 4721 2724 4767 et
2755 4726 2862 4766 non
2897 4710 3200 4769 secundum
3224 4723 3581 4783 peccatorum

1994 4803 2430 4874 proportionem.
2458 4802 2742 4873 Contingit
2761 4802 2907 4858 enim
2926 4816 3053 4857 eum
3076 4802 3171 4872 qui
3200 4819 3378 4873 pauca
3398 4820 3587 4875 pecca-

1992 4895 2102 4964 vit,
2133 4911 2261 4951 cum
2292 4896 2478 4951 animo
2511 4904 2595 4952 est
2629 4895 2775 4951 bono
2813 4903 2869 4953 et
2910 4906 3187 4966 prompto,
3221 4911 3412 4967 pinnas
3471 4897 3587 4953 sive

1992 4987 2239 5059 epitimia
2294 5004 2491 5059 magna
2541 4988 2776 5043 libenter
2829 4988 3108 5059 accipere,
3149 4998 3209 5044 ut
3255 5003 3368 5043 non
3421 4990 3585 5044 modo

1993 5090 2344 5151 peccatorum
2388 5080 2770 5149 remissionem
2817 5079 3059 5147 referat,
3097 5079 3195 5137 sed
3224 5080 3386 5135 etiam
3425 5095 3585 5138 coro-

1993 5186 2120 5226 nam
2153 5194 2165 5228 :
2210 5173 2378 5229 istum
2407 5187 2540 5228 vero
2588 5174 2683 5245 qui
2715 5174 2882 5229 multa
2912 5172 3154 5246 peccavit
3175 5210 3191 5237 ,
3243 5187 3369 5228 cum
3403 5172 3587 5228 animo

1992 5273 2076 5318 est
2096 5263 2330 5319 remisso
2363 5272 2418 5318 et
2467 5265 2641 5336 segni,
2688 5265 3046 5336 castigatione
3080 5262 3226 5319 affici
3272 5277 3469 5334 parum
3499 5276 3588 5317 se-

1993 5372 2120 5411 vera
2147 5398 2163 5422 ,
2215 5371 2283 5413 ne
2319 5372 2497 5429 pana:
2550 5358 2816 5429 gravitate
2853 5357 3215 5413 absorbeatur
3242 5396 3259 5421 ,
3298 5365 3355 5410 et
3399 5354 3585 5410 animo

1993 5449 2263 5522 languens
2292 5452 2479 5507 omnia
2508 5451 2742 5507 deserat.
2780 5445 2900 5503 Non
2931 5449 3078 5504 enim
3109 5449 3367 5518 jubemur
3398 5445 3585 5516 gravia

1993 5545 2219 5601 reddere
2255 5544 2394 5600 levia
2419 5586 2434 5611 ,
2468 5553 2517 5599 et
2551 5545 2733 5615 gravia
2770 5544 3078 5612 imponere.
3112 5541 3292 5597 Suave
3324 5548 3409 5595 est
3434 5541 3583 5595 enim

1994 5636 2197 5708 Christi
2222 5637 2439 5708 jugum,
2466 5645 2523 5689 et
2556 5650 2696 5689 onus
2730 5637 2864 5690 leve.
2901 5632 3213 5704 Dijudieare
3243 5632 3394 5688 enim
3425 5630 3588 5688 debet

1982 5698 2263 5797 amanter,
2289 5698 2354 5787 et
2392 5729 2686 5785 clementer
2711 5726 3096 5795 diiIercntiam,
3123 5735 3175 5782 et
3203 5737 3583 5798 personarum,
