4058 6424
517 367 664 433 19ὓ3

1449 369 1481 430 ,ἰ
1486 369 1692 432 ΟΑΝΝ
1699 369 1771 429 IS
1790 368 2311 434 JEJUNATORIS
2353 373 2461 435 (ΞΡ.
2516 373 2875 438 ARCHIEP.

3616 396 3619 401 ’
3631 385 3747 456 ίθύί

518 488 576 538 et
607 480 878 548 locorum,
904 487 957 535 et
985 476 1253 544 scientiae,
1279 486 1330 532 et
1368 477 1692 550 ignorantia:
1713 516 1728 544 ,
1754 487 1812 534 et
1853 479 1909 534 in
1940 479 2117 534 omni-

2234 482 2368 548 πίας,
2420 483 2514 537 καὶ
2552 484 2611 539 ἓν
2646 486 2782 539 πᾶσι
2821 481 2899 555 τῷ
2942 482 3129 556 σκοπῷ
3167 483 3275 538 τῶν
3319 484 3478 554 ἁγίων
3524 491 3747 569 Euripus

519 572 626 629 bus
680 580 998 630 sanctorum
1042 571 1267 627 Patrum
1304 584 1530 641 scopum
1558 580 1611 626 et
1654 580 1893 628 mentem
1928 585 2116 643 presse

522 665 745 721 sectari.
808 664 903 721 Sic
924 663 1072 721 enim
1098 664 1173 719 ait
1195 670 1418 720 sanctus
1441 661 1905 736 Chrysostomus:
1948 683 1969 717 ι
1990 662 2117 720 Ρω-

522 759 751 816 nitentia
783 766 1029 830 tempore
1056 772 1166 824 non
1191 756 1509 828 judicatur,
1540 757 1635 813 sed
1672 757 1844 813 animi
1876 757 2115 829 disposi-

524 852 696 909 tione.
730 868 750 904 ι
794 849 1021 922 Magnus
1057 846 1293 905 Basilius
1330 845 1689 904 conlormiter
1717 867 1733 905 :
1762 868 1782 901 ι
1822 848 1929 906 ista
1969 860 2111 905 tem-

523 956 660 1015 pore
706 957 817 998 non
858 941 1174 1012 judicamus
1201 978 1218 1007 ,
1275 939 1371 996 sed
1403 939 1460 994 in
1497 939 1725 996 modum
1773 939 2121 1009 formamque

520 1033 862 1105 paenitentiae
884 1040 1121 1089 mentem
1155 1031 1518 1087 intendimus.
1556 1047 1577 1084 ι
1615 1030 1887 1088 Praeterea
1919 1031 2121 1087 huma-

522 1125 791 1181 nissimus
825 1122 1259 1196 Chrysostomus
1303 1119 1578 1178 Ninivitas
1616 1122 1806 1180 multis
1830 1136 1944 1180 non
1979 1136 2122 1193 epus

523 1214 783 1273 habuisse
812 1216 1006 1272 diebus
1035 1222 1095 1270 ut
1115 1213 1497 1285 paenitentiam
1521 1222 1788 1286 agerent,
1812 1213 1909 1270 sed
1941 1214 2121 1269 tribus

524 1310 660 1369 solis
695 1330 709 1367 :
743 1311 1009 1366 latronem
1034 1322 1167 1365 vero
1206 1321 1275 1362 ne
1311 1307 1539 1377 quidem
1580 1316 1659 1363 tot
1694 1309 1990 1372 horarum,
2023 1305 2123 1364 sed

524 1405 658 1461 satis
696 1405 775 1460 illi
807 1402 911 1459 fuit
953 1400 1023 1458 ad
1063 1400 1443 1473 paenitentiam
1495 1398 1627 1455 illud
1681 1399 1946 1470 temporis
1995 1412 2123 1469 spa-

525 1497 665 1555 tium
695 1513 808 1569 quo
839 1496 1063 1553 verbum
1099 1491 1500 1566 pronuntiavit,
1533 1492 1609 1546 ita
1647 1499 1710 1547 ut
1743 1491 1799 1545 in
1841 1498 2124 1547 momento

525 1590 843 1660 paradisum
900 1586 1204 1643 intraverit.
1259 1582 1386 1639 llazc
1445 1583 1611 1654 igitur
1657 1598 2001 1653 cognoscens
2056 1597 2127 1639 ne

524 1693 781 1740 accurate
816 1680 1118 1738 secundum
1151 1691 1397 1733 canones
1425 1675 1677 1748 epitimia
1709 1674 1941 1733 deﬁnias
1966 1715 1982 1742 ,
2024 1676 2125 1732 sed

527 1774 833 1833 secundum
887 1788 1139 1846 personae
1183 1772 1505 1843 qualitatem
1557 1787 1574 1825 :

526 1869 662 1925 viris
716 1879 767 1924 te
816 1881 994 1939 geres.
1050 1865 1192 1935 Erga
1246 1865 1505 1921 mulieres
1538 1871 1733 1920 autem
1771 1862 2021 1935 diligenti
2066 1872 2123 1923 et

526 1972 786 2018 accurata
830 1959 1189 2032 inquisitione
1231 1959 1309 2014 uti
1357 1959 1546 2016 debes.
1608 1955 1923 2012 Procedunt
1970 1954 2121 2011 enim

529 2055 600 2112 ad
631 2069 806 2127 usque
832 2054 1043 2124 magias
1064 2060 1122 2108 et
1153 2052 1418 2108 veneﬁcia
1443 2090 1462 2118 ,
1493 2059 1549 2106 et
1564 2049 1686 2104 alia
1715 2063 1881 2120 opera
1915 2063 2122 2121 propu—

528 2150 682 2206 diosa
705 2189 723 2217 ,
755 2163 990 2220 quorum
1023 2147 1108 2202 vel
1140 2145 1461 2202 meminisse
1492 2145 1829 2201 horrendum
1861 2152 1949 2199 est
1970 2184 1987 2209 ,
2028 2158 2124 2199 ne-

529 2240 663 2298 dum
694 2255 973 2312 peragere.
1005 2237 1267 2296 Polluunt
1304 2252 1526 2309 quoque
1567 2252 1665 2309 per
1705 2247 1990 2293 menstrua
2023 2252 2124 2292 sua

530 2346 797 2393 consueta
826 2334 975 2390 viros
1014 2348 1148 2389 suos
1187 2331 1422 2388 istorum
1459 2331 1707 2403 ignaros.
1752 2328 1893 2386 Cum
1942 2338 2125 2386 autem

528 2429 889 2496 conﬁtentur,
952 2425 1273 2498 permittere
1334 2439 1445 2480 non
1511 2431 1731 2496 oportet
1776 2437 1870 2479 eas
1913 2422 2128 2478 detecto

527 2536 653 2579 esse
672 2521 871 2592 capite.
903 2519 1021 2576 Hoc
1042 2519 1192 2574 enim
1212 2519 1482 2573 monitum
1501 2517 1635 2572 viris
1658 2516 1848 2571 datum
1868 2524 1976 2571 est.
1991 2514 2131 2570 Pro.

528 2612 739 2666 cedunt
772 2607 939 2681 igitur
969 2607 1233 2663 mulieres
1270 2620 1447 2676 usque
1471 2604 1540 2661 ad
1570 2603 1755 2661 varias
1789 2606 1987 2669 caedes,
2017 2617 2130 2659 non

529 2701 696 2757 modo
713 2700 771 2754 in
788 2696 1244 2768 conceptionibus
1260 2696 1399 2761 suis,
1420 2709 1610 2751 verum
1631 2694 1795 2749 etiam
1822 2693 1876 2747 in
1896 2707 2131 2764 puerpe-

531 2796 652 2852 riis.
687 2793 893 2850 Eorum
933 2791 1081 2847 enim
1130 2791 1416 2847 nonnullae
1475 2803 1581 2860 ope
1621 2787 1907 2860 cujusdam
1949 2787 2133 2844 herba

530 2887 764 2960 singulis
806 2884 1090 2943 mensibus
1123 2881 1327 2940 caedem
1367 2889 1630 2954 patrant,
1682 2889 1742 2936 ut
1777 2895 1877 2951 ego
1908 2880 2133 2937 humilis

532 2983 628 3040 Dei
659 2996 853 3038 servus
891 2976 1269 3036 miserandum
1310 2977 1417 3033 hoc
1462 2991 1590 3034 cum
1633 2976 1895 3032 omnibus
1935 2990 2133 3046 supra-

530 3073 752 3146 scriptis
795 3069 1153 3129 confessione
1204 3067 1417 3140 excepi.
1460 3068 1801 3139 Quapropter
1841 3075 2132 3138 postquam

2218 572 2616 638 ίξακολουθεῐν.
2674 575 2787 629 Kal
2834 574 2942 648 γὰρ
2991 576 3023 630 ὁ
3072 577 3179 649 μὶν
3220 576 3364 641 θεῖος
3409 579 3750 658 Χρυσόστομος

2219 664 2363 719 οὕτω
2406 665 2607 738 φησίνο
2655 685 2674 718 ι
2722 667 2799 721 Οὐ
2833 667 3012 739 χρόνῳ
3062 667 3309 741 κρίνεται
3344 671 3601 740 μετάνοια.
3641 678 3755 734 ἀλλὰ

2220 759 2464 814 διαθέσει
2504 759 2706 831 ψυχῆς.
2763 779 2783 812 ι
2850 758 3182 832 ὀμοφώνως
3210 761 3271 815 δὲ
3298 762 3388 816 καὶ
3414 762 3442 816 ό
3477 765 3632 836 μέγας
3665 770 3760 826 Ba-

2224 853 2448 919 σίλειος,
2491 855 2578 909 ὅτι
2610 872 2630 908 ι
2668 855 2743 908 Οὐ
2788 854 2970 926 χρόνῳ
3011 854 3274 926 κρίνομεν
3301 854 3367 909 τὰ
3394 857 3621 925 τοιαῦτα,
3648 854 3777 919 ens

2219 946 2304 1052 ﬁt
2326 947 2513 1052 τρέπφ
2543 947 2646 1052 ..ἰῆς
2691 947 2985 1052 “Evolat;
3031 947 3400 1052 προσέχομεν.
3455 968 3473 1005 t
3512 953 3624 1007 Ἔτι
3660 955 3710 1010 δὲ
3742 944 3785 1052 6i

2222 1038 2739 1112 φιλανθρωπότατος
2783 1041 3195 1112 Χρυσόστομος,
3237 1040 3322 1095 ὅτι
3372 1059 3393 1094 ι
3427 1043 3489 1098 Ol
3525 1043 3771 1104 Νινευῐται

2221 1133 2283 1187 οὐ
2312 1133 2525 1188 πολλῶν
2550 1132 2856 1206 ὶδεήθησαν
2878 1133 2991 1189 τῶν
3016 1132 3246 1206 ἡμερῶν
3270 1134 3357 1196 είς
3375 1135 3435 1189 τὸ
3457 1139 3774 1211 μετανοῆσαι,

2222 1226 2362 1281 ἀλλὰ
2386 1226 2557 1299 τριῶν
2581 1228 2767 1299 μόνον.
2807 1228 2870 1282 Ὀ
2896 1228 2955 1281 δὲ
2975 1227 3184 1301 λῃστὴς
3207 1228 3330 1283 οὐδὲ
3348 1229 3505 1300 ὡρῶν
3535 1234 3777 1290 τοσούτων

2224 1319 2445 1392 δδεήθη,
2474 1319 2612 1375 ἀλλὰ
2639 1319 2707 1375 τὸ
2728 1319 3012 1393 διάστημα
3038 1313 3100 1376 οὗ
3141 1319 3335 1393 εἴρηκε
3369 1322 3601 1394 ῥήματος
3632 1325 3777 1397 ἤρκε-

2224 1430 2319 1467 σεν
2347 1413 2498 1486 αὑτῷ
2525 1416 2607 1480 είς
2649 1414 2965 1486 μετάνοιαν,
3002 1414 3079 1479 ὡς
3109 1416 3169 1468 ὲν
3203 1416 3479 1487 ἀκαριαίῳ
3504 1416 3593 1470 τοῦ
3625 1424 3780 1492 παράο

2224 1504 2405 1561 δείσου
2459 1505 2614 1568 me;
2645 1506 2923 1577 γενέσθαι.
2963 1526 2982 1559 ι
3018 1506 3204 1562 Ταῦτα
3233 1503 3329 1561 οὖν
3352 1506 3528 1574 είδὼς,
3555 1509 3627 1580 μὴ
3662 1514 3784 1567 κατά

2226 1600 2326 1672 τὴν
2366 1598 2655 1672 ἀκρίϐειαν
2684 1598 2793 1654 τῶν
2826 1598 2988 1654 θείων
3027 1601 3272 1655 κανόνων
3303 1600 3558 1671 διορίζειν
3592 1602 3655 1657 τὰ
3685 1604 3788 1658 ἑπι-

2228 1692 2407 1763 τίμια,
2442 1691 2580 1747 ἀλλὰ
2610 1691 2753 1747 κατά
2783 1691 2882 1763 τὴν
2912 1691 3176 1762 ποιότητα
3201 1691 3303 1746 τοῦ
3346 1690 3653 1764 προσώπου.
3692 1694 3791 1749 Καὶ

1632 1770 1715 1828 εἷο
1747 1778 1949 1835 ,θυιθω
1995 1784 2121 1826 αισι
2154 1834 2196 1858 ﬁ
2227 1784 2404 1839 ταῦτα
2446 1783 2546 1855 μὲν
2577 1783 2673 1838 sul
2710 1782 2944 1856 ἀνδρῶν.
2988 1783 3116 1837 Ἐπὶ
3160 1783 3273 1854 γὰρ
3306 1783 3582 1853 γυναικῶν
3612 1785 3791 1858 πολλὴν

2226 1873 2434 1945 ὀφείλει
2479 1873 2580 1947 τὴν
2620 1873 2853 1945 ἔρευναν
2899 1872 2998 1927 καὶ
3042 1872 3143 1945 τὴν
3192 1873 3481 1945 ἀκρίϐειαν
3523 1874 3792 1931 ποιεῖσθαι.

2229 1966 2501 2022 ⁶ι’θάνουσι
2552 1966 2663 2039 γὰρ
2713 1966 2812 2021 καὶ
2859 1966 2967 2030 ἕως
3005 1966 3253 2038 μαγειῶν
3309 1967 3405 2021 καὶ
3439 1967 3793 2039 φαρμακειῶν.

2232 2060 2327 2114 καὶ
2353 2059 2558 2130 ἑτέρων
2593 2058 3017 2132 αίσχροεργιῶν,
3048 2052 3127 2114 ὧν
3149 2058 3245 2113 καί
3269 2060 3333 2111 τὸ
3371 2059 3668 2132 μνησθῆναι
3692 2076 3799 2133 φρι-

2234 2151 2387 2216 κτὸν,
2423 2152 2547 2223 οὐχὶ
2587 2150 2646 2206 δὲ
2688 2152 2787 2206 καὶ
2832 2151 2896 2206 τὸ
2942 2150 3372 2224 διαπράξασθαι.
3419 2151 3717 2207 Μολύνουσι
3753 2152 3800 2206 δὲ

2233 2244 2329 2297 καὶ
2372 2244 2433 2298 ἐν
2478 2243 2594 2304 τοῖς
2623 2241 2931 2315 συνηθείαις
2971 2242 3083 2298 τῶν
3127 2241 3492 2313 καταμηνίων
3526 2242 3699 2297 αὐτῶν
3738 2244 3802 2314 μὴ

2234 2334 2443 2398 εἰδότας
2486 2335 2616 2398 τοὺς
2647 2334 2869 2402 ἀνδρας.
2912 2333 3130 2389 Τούτων
3164 2334 3355 2405 μέντοι
3394 2333 3804 2407 ἐξομολογουμέ-

2234 2441 2343 2478 νων
2362 2423 2426 2478 οὐ
2451 2423 2535 2477 δεῖ
2559 2423 2661 2495 τὴν
2687 2422 2942 2507 κεφαλὴχ
2974 2425 3447 2480 ἀκατακάλυπτον
3472 2420 3633 2479 εἶναι.
3655 2422 3807 2478 Τοῦτο

2234 2515 2347 2588 γὰρ
2376 2517 2492 2579 τοῖς
2532 2513 2765 2585 ἀνδράσι
2795 2515 3233 2588 προτέτραπται.
3263 2517 3540 2573 Φθάνουσι
3565 2516 3738 2572 τοίνυν
3760 2517 3810 2570 ei

2236 2610 2499 2679 γυναῖκες
2528 2608 2624 2661 καὶ
2655 2606 2818 2679 μέχρι
2852 2607 3033 2678 φόνων
3069 2609 3349 2680 διαφόρων
3381 2611 3444 2665 ἓν
3471 2612 3594 2674 ταῖς
3631 2606 3809 2678 συλλή·

2236 2699 2419 2771 ψεσιν,
2452 2697 2594 2753 ἀλλά
2612 2698 2710 2751 καὶ
2734 2699 2796 2751 ὲν
2823 2699 3016 2763 αὐταῖς
3041 2703 3165 2764 ταῖς
3191 2702 3439 2766 τελείαις
3468 2700 3683 2772 ἁποκυή
3694 2716 3814 2753 sset.

2239 2792 2400 2857 Τινὲς
2433 2793 2545 2863 γὰρ
2579 2791 2761 2847 αὐτῶν
2794 2793 2889 2846 καὶ
2917 2791 3064 2847 κατά
3100 2794 3248 2866 μῆνα
3280 2795 3450 2865 φόνον
3494 2792 3705 2848 ποιοῦσι
3736 2790 3815 2845 διά

2237 2903 2385 2951 τινος
2429 2885 2684 2957 βοτάνης,
2724 2884 2803 2950 ὡς
2847 2886 2877 2939 ό
2910 2887 3170 2952 ταπεινὸς
3203 2886 3317 2957 ἑγὼ
3361 2887 3510 2959 μετὰ
3553 2885 3665 2940 τῶν
3696 2899 3818 2957 προ-

2239 2977 2565 3049 γραφέντων
2599 2976 2820 3031 πάντων
2860 2977 2957 3032 καὶ
3001 2977 3160 3033 τοῦτο
3192 2979 3548 3050 ἀνεδεξάμην
3576 2976 3639 3031 τδ
3665 2976 3822 3030 ὲλεει·

2240 3071 2353 3126 νόν.
2387 3070 2500 3126 Καὶ
2527 3069 2617 3125 διὰ
2660 3069 2820 3124 τοῦτο
2850 3068 2994 3140 μετά
3023 3070 3086 3125 τὺ
3124 3070 3306 3126 πάντα
3342 3068 3642 3139 διεξελθεῖν
3680 3068 3827 3140 ἔρεοο

531 3171 650 3226 haec
676 3165 863 3222 omnia
900 3161 1255 3235 percurrerit,
1285 3176 1382 3218 eas
1408 3161 1750 3245 interrogare
1781 3168 1996 3232 oportet
2021 3202 2038 3229 ,
2077 3161 2130 3217 et

2242 3164 2342 3236 νᾷν
2401 3163 2485 3217 δεῖ
2536 3162 2678 3217 πόσα
2730 3161 3028 3232 ἐφόνευσαν
3075 3163 3284 3228 παιδία,
3341 3164 3446 3218 καὶ
3502 3160 3737 3233 μάλιστα
3777 3159 3827 3212 αι

531 3258 837 3331 praesertim
866 3255 1062 3312 viduas
1091 3261 1148 3310 et
1176 3252 1481 3310 monachae
1516 3258 1652 3324 quot
1684 3252 1948 3323 puerulos
1979 3252 2130 3306 occio

530 3353 734 3409 derunt
756 3392 773 3421 ,
807 3357 944 3423 quot
972 3348 1154 3405 modis
1186 3354 1241 3403 et
1277 3346 1534 3419 qualibus
1575 3345 1683 3401 hoc
1719 3353 2128 3416 perpetrarunt.

532 3442 698 3501 Aliud
744 3443 894 3500 enim
934 3449 1021 3498 est
1064 3441 1430 3512 pbarmacum
1476 3439 1733 3504 ebibere,
1777 3454 1889 3509 quo
1937 3438 2033 3495 ﬁat
2072 3446 2134 3494 ut

535 3547 646 3589 non
675 3531 916 3603 amplius
941 3530 1082 3587 ﬁlios
1106 3544 1408 3601 procreare
1435 3527 1651 3600 possit,
1700 3528 1849 3599 quod
1879 3529 2130 3583 omnium

535 3623 924 3699 gravissimum
958 3631 1080 3679 est:
1112 3621 1263 3678 aliud
1296 3636 1429 3677 vero
1455 3621 1509 3678 id
1525 3635 1631 3691 per
1662 3621 1851 3677 intrita
1881 3621 2132 3692 quaedam

536 3724 822 3789 praestare,
855 3715 1005 3786 quod
1036 3711 1299 3787 praedicto
1330 3712 1505 3768 levius
1536 3719 1640 3767 est.
1672 3709 1822 3768 istud
1852 3725 2003 3776 vero,
2039 3726 2135 3782 per

538 3808 739 3866 herbas
767 3806 1033 3879 quasdam
1082 3804 1314 3877 singulis
1352 3804 1639 3861 mensibus
1666 3801 1840 3860 fetum
1877 3815 2137 3862 excutere

538 3901 690 3958 omni
721 3899 870 3957 cmde
891 3897 1263 3970 perniciosius
1289 3903 1397 3961 est,
1420 3896 1611 3967 illique
1634 3895 1744 3953 nisi
1775 3894 2029 3962 desistat,
2065 3898 2133 3952 ad

540 4003 777 4051 mortem
806 4005 1118 4064 usqne'non
1150 3990 1565 4047 communicare
1592 3989 1901 4061 epitimium
1941 3989 2136 4046 tribui-

542 4097 655 4143 tur.
684 4083 940 4140 Mulieres
964 4099 1091 4140 cum
1116 4082 1192 4140 ab
1220 4082 1473 4140 ecclesiis
1494 4089 1761 4153 separatae
1784 4090 1915 4139 sunt
1933 4120 1949 4146 ,
1984 4081 2137 4152 capi-

542 4182 616 4237 tis
651 4177 1038 4235 inclinationes
1071 4175 1205 4232 sine
1246 4173 1714 4245 prostrationibus
1758 4170 1984 4229 faciant.
2022 4170 2133 4229 Nec

543 4274 662 4328 inec
690 4278 907 4327 tantum
941 4268 1200 4323 mulieres
1233 4265 1461 4333 faciunt,
1494 4264 1593 4321 sed
1628 4264 1794 4320 etiam
1829 4276 1938 4319 non
1974 4277 2136 4320 secus

543 4379 611 4421 ac
646 4365 748 4418 viri
796 4361 1155 4433 polluuntur;
1203 4358 1310 4414 illa
1347 4358 1513 4413 etiam
1557 4372 1681 4430 quae
1719 4358 1773 4413 in
1820 4357 2137 4429 virginitate

543 4461 768 4527 degunt,
798 4464 853 4511 et
882 4453 1090 4509 nullam
1127 4453 1575 4524 qualemcunque
1604 4451 1711 4507 viri
1740 4451 2134 4523 experientiam

546 4550 768 4605 habent.
790 4544 1069 4617 Hactenus
1097 4545 1167 4602 de
1193 4544 1446 4618 diligenti
1482 4553 1539 4602 et
1574 4553 1830 4601 accurata
1870 4545 2136 4602 conﬁten-
2167 4567 2215 4627 ο

541 4643 682 4698 tium
725 4640 1103 4712 inquisitione,
1140 4654 1446 4709 eorumque
1469 4636 1798 4695 diﬂ'erentia.

611 4733 1011 4806 Castigationes
1031 4741 1237 4800 autem,
1267 4747 1570 4804 earumque
1588 4730 1909 4788 diﬁ‘erentiae
1931 4729 2134 4787 eaedem

540 4842 690 4885 sunt.
715 4827 1066 4899 Quaecunque
1103 4834 1416 4898 perpetrata
1454 4835 1584 4883 sunt
1620 4834 1748 4881 ante
1782 4839 1989 4880 annum
2034 4824 2135 4878 tri-

541 4920 810 4975 ccsimum
840 4917 957 4974 sive
999 4932 1030 4973 a
1063 4918 1231 4984 viris,
1268 4915 1385 4973 sive
1422 4931 1453 4972 a
1480 4915 1845 4981 mulieribus,
1882 4914 2044 4971 lacile
2075 4922 2129 4970 et

541 5011 794 5068 celeriter
815 5010 1219 5077 continuentur,
1243 5008 1650 5080 qualiacunque
1666 5006 1801 5074 sint,
1817 5008 1891 5062 ita
1914 5016 1978 5063 ut
1997 5006 2135 5063 duo-

540 5118 666 5161 rum
695 5112 791 5160 ant
820 5103 988 5159 trium
1018 5117 1294 5159 annorum
1318 5114 1540 5173 pcenam
1569 5116 1680 5157 non
1709 5099 1999 5165 excedant,
2025 5099 2134 5156 nisi

540 5197 721 5252 caedes
737 5195 810 5251 sit
839 5194 1118 5266 quaelibet,
1138 5207 1449 5265 magnaque
1474 5192 1656 5264 aliqua
1685 5192 1972 5263 sanguinis
2005 5206 2136 5264 per-

545 5287 759 5353 mistio,
784 5287 901 5343 sive
930 5286 1198 5342 incestus.
1230 5283 1433 5341 Eorum
1464 5298 1599 5339 vero
1621 5297 1746 5354 qua:
1775 5292 1901 5353 post
1924 5296 2135 5338 annum

541 5380 883 5438 tricesimum
920 5388 1327 5450 perpetrantur,
1362 5392 1540 5448 poena:
1578 5377 1632 5431 in
1673 5392 1880 5432 annum
1911 5375 2136 5432 tertium

539 5486 594 5529 et
624 5482 882 5544 quartum
915 5471 1308 5529 extenduntur.
1347 5469 1454 5527 Ubi
1486 5485 1618 5526 vero
1651 5468 1828 5526 caedes
1858 5479 1942 5525 est
1986 5485 2096 5525 una
2118 5512 2134 5537 ,

540 5575 633 5622 aut
664 5567 870 5637 plures,
904 5572 999 5619 aut
1029 5578 1355 5635 magnorum
1384 5565 1719 5619 incestnrum
1746 5563 1988 5632 aliquod,
2019 5561 2139 5618 vel-

541 5653 621 5707 uti
659 5668 785 5707 cum
818 5666 1010 5708 sorore
1063 5665 1357 5721 germana,
1404 5651 1520 5707 sive
1564 5665 1630 5705 ex
1679 5659 1865 5720 patre,
1912 5649 2031 5705 sive
2068 5664 2137 5705 ex

541 5751 717 5799 matre
738 5781 756 5808 ,
787 5744 874 5797 vel
903 5741 1007 5797 ﬁlii
1036 5756 1239 5807 uxore,
1272 5743 1360 5798 vel
1407 5742 1775 5811 susceptrice,
1815 5742 1901 5797 vel
1938 5756 2133 5796 eorum

541 5834 635 5901 qui
665 5833 805 5891 duas
836 5849 1059 5891 sorores
1091 5835 1442 5891 matrimonio
1489 5843 1586 5889 aut
1622 5834 1983 5891 contubernio
2026 5832 2135 5889 sibi

2239 3252 2568 3327 μονάζουσαι
2587 3267 2602 3282 ·
2638 3252 2734 3307 καὶ
2759 3252 2850 3307 διά
2889 3251 3059 3306 ποίων
3082 3252 3178 3307 καὶ
3205 3253 3399 3309 πόσων
3424 3269 3440 3283 ο
3472 3252 3609 3308 ἀλλο
3638 3248 3746 3320 γὰρ
3768 3245 3827 3302 sb

2234 3348 2383 3401 πιεῖν
2433 3346 2726 3417 φάρμακον
2778 3345 2876 3401 καὶ
2924 3346 3125 3417 μηκέτι
3170 3346 3602 3418 παιδοτοοιῆσαι,
3656 3345 3687 3399 δ
3740 3344 3825 3397 καὶ

2237 3437 2538 3511 βαρύτερον
2568 3438 2817 3494 πάντων·
2852 3437 2948 3492 καὶ
2979 3436 3167 3510 ἕτερον
3201 3438 3262 3492 τδ
3293 3437 3390 3493 διὰ
3430 3438 3783 3510 τριμμάτω,
3807 3434 3835 3489 ὃ

2236 3529 2334 3585 τοῦ
2385 3528 2792 3602 προρρηθέντος
2838 3529 3192 3601 κουφότερον.
3245 3529 3321 3582 Τὸ
3362 3528 3433 3583 δὲ
3470 3528 3570 3583 διά
3621 3527 3834 3599 βοτάνης

2238 3625 2382 3681 κατὰ
2411 3626 2555 3697 μῆνα
2573 3625 2812 3697 ἔμϐρυον
2844 3623 3223 3689 ἀποτίθεσθαι,
3252 3623 3488 3679 πάντων
3520 3622 3704 3695 φόνων
3730 3620 3841 3676 6).:-

2236 3716 2557 3790 θριώτερον,
2590 3718 2619 3771 ὃ
2650 3717 2746 3771 καὶ
2789 3716 2896 3782 ἕως
2923 3716 3157 3772 θανάτου
3190 3716 3253 3772 τὸ
3282 3717 3584 3788 ἐπιτίμιον
3619 3714 3751 3787 ἔχει,
3778 3711 3840 3766 ἂν

2236 3809 2398 3865 τοῦτο
2429 3811 2532 3864 οὐκ
2560 3809 2836 3882 ἀποκόψῃ,
2871 3808 2946 3882 μὴ
2977 3810 3280 3864 κοινωνεῖν.
3315 3809 3389 3863 Δί
3429 3810 3707 3880 γυναῖκες
3727 3806 3845 3861 ὅταν

2237 3902 2580 3974 κεκομμέναι
2637 3901 2749 3956 sini.
2792 3904 2893 3974 τῆς
2946 3900 3245 3973 ἐκκλησίας
3288 3901 3467 3974 μόνον
3531 3901 3846 3974 προσκυνήο

2241 4011 2355 4059 σεις
2388 3993 2718 4049 ποιείτωσαν
2748 3994 2921 4065 χωρὶς
2954 3993 3277 4065 μετανοιῶν.
3325 3994 3408 4048 οὐ
3463 3995 3584 4069 μὴν
3616 3993 3702 4061 δὲ,
3725 3991 3853 4049 ἀλλὰ

2239 4085 2334 4140 καὶ
2386 4082 2780 4158 μαλακίζονται
2827 4085 2887 4137 αἱ
2929 4083 3192 4154 γυναῖκες
3241 4084 3319 4148 ὡς
3359 4084 3419 4138 οἱ
3468 4084 3713 4157 ἄνδρεςο
3764 4082 3852 4137 καὶ

2238 4176 2401 4230 αὐταὶ
2428 4174 2487 4235 δὲ
2520 4173 2957 4248 παρθενεύουσαι
2988 4176 3084 4229 καὶ
3115 4173 3255 4240 δλως
3294 4174 3375 4248 μὴ
3411 4175 3631 4231 εἰδυῖαι
3660 4176 3855 4246 πεῖραν

2237 4270 2435 4343 ἀνδρδς
2466 4268 2568 4342 τὴν
2594 4267 2833 4325 οίανοῦν.
2887 4269 2999 4324 Καὶ
3024 4268 3196 4323 ταῦτα
3243 4270 3343 4343 μὲν
3372 4270 3522 4344 περὶ
3546 4270 3656 4341 τῆς
3701 4270 3854 4341 ἀκρι-

2240 4361 2370 4426 ϐοῦς
2441 4360 2670 4433 ἐρεύνης
2746 4361 2845 4416 καὶ
2884 4360 3153 4436 διαφορᾶς
3231 4361 3343 4417 τῶν
3399 4360 3860 4437 ὲξομολογουμέο

2242 4469 2351 4509 νων
2359 4492 2372 4507 .

2309 4718 2377 4771 Ai
2422 4717 2481 4772 δὲ
2528 4717 2880 4789 δαιτιμήσεις
2930 4717 3025 4771 καὶ
3069 4718 3125 4773 al
3162 4717 3426 4791 διαφοραὶ
3481 4719 3643 4775 είσὶν
3680 4711 3868 4776 αὗται.

2240 4810 2382 4866 Ὅσα
2428 4808 2681 4881 ἐγένοντο
2716 4810 2824 4881 πρὸ
2862 4809 3160 4881 τριάκοντα
3199 4809 3410 4881 χρόνων
3445 4810 3516 4867 ἔν
3539 4828 3608 4866 τε
3639 4810 3873 4885 ἀνδράσι

2237 4902 2295 4958 εν
2309 4919 2368 4957 τε
2379 4902 2645 4974 γυναιξὶν,
2664 4901 3054 4971 εὐσύγγνωστα
3070 4900 3168 4956 καὶ
3177 4918 3317 4974 ταχυ
3325 4902 3531 4975 συγχώ
3538 4921 3696 4976 ρητα
3708 4903 3877 4958 εστω-

2241 5012 2340 5051 σαν
2370 4990 2459 5052 οῖα
2487 4995 2593 5051 κάν
2628 4996 2791 5061 εἰσιν,
2834 4993 2980 5049 ὥστε
3032 4996 3125 5049 καὶ
3157 4995 3263 5060 ἕως
3291 4995 3472 5068 τριῶν
3506 4997 3549 5069 ἢ
3584 4997 3711 5052 δύω
3745 4994 3879 5050 ἑτῶν

2239 5085 2389 5158 ἔχειν
2407 5086 2506 5159 τὴν
2530 5088 2857 5159 ἐπιτίμησιν
2875 5128 2892 5154 ,
2926 5087 3023 5143 ἐὰν
3051 5091 3156 5143 οὐκ
3178 5088 3294 5143 ἔστι
3311 5090 3484 5161 φόνος
3507 5084 3642 5156 οἷος
3671 5089 3882 5163 δήποτε

2238 5178 2364 5234 οὔτε
2406 5179 2617 5251 μεγάλη
2673 5179 2991 5252 αίμομιξία.
3050 5182 3178 5237 Ἐὰν
3235 5182 3296 5237 δὲ
3348 5181 3504 5254 μετά
3564 5186 3884 5257 τριάκοντα

2239 5271 2450 5344 χρόνων
2471 5271 2754 5341 γεγόνασι,
2784 5272 2891 5327 καὶ
2934 5273 3041 5338 ἕως
3068 5273 3198 5346 τρία
3227 5275 3324 5329 καὶ
3351 5274 3653 5350 τέσσαρα.
3695 5276 3882 5330 Ὅπου

2239 5360 2297 5416 δέ
2324 5364 2442 5416 ἐστι
2487 5364 2649 5432 φόνος
2678 5361 2715 5435 ἢ
2759 5364 2858 5418 καὶ
2898 5365 3049 5434 φόνοι
3076 5365 3173 5421 καὶ
3214 5367 3322 5421 ἀπὸ
3348 5366 3468 5421 τῶν
3508 5367 3767 5440 ὑψηλῶν
3792 5369 3883 5417 ιι-

2244 5454 2550 5527 μομιξιῶνι,
2606 5456 2728 5529 ἦτοι
2782 5457 2917 5531 περὶ
2964 5459 3195 5532 γνησίας
3238 5459 3517 5532 ἀδελφῆς,
3582 5463 3769 5530 ἤγουν
3820 5457 3887 5509 ὲκ

2240 5549 2453 5620 πατρὸς
2479 5550 2577 5604 καὶ
2622 5550 2852 5623 μητρὸς,
2898 5551 2932 5625 ἢ
2963 5551 3084 5607 υίοῦ
3120 5553 3400 5622 γυναικὸς,
3432 5554 3479 5620 ἦ
3535 5550 3888 5615 συντέκνου,

2240 5642 2276 5714 ἢ
2306 5642 2417 5696 τῶν
2465 5640 2563 5697 δύο
2592 5642 2830 5714 ἀδελφὰς
2860 5644 3250 5716 λαμϐανόντων
3292 5645 3376 5707 είς
3406 5647 3826 5711 συνοικέσιον,
3852 5641 3891 5714 ἢ

2240 5739 2322 5800 είς
2342 5737 2442 5801 τὰς
2470 5738 2745 5809 μητρυιὰς
2779 5739 2960 5794 αὐτῶν
2983 5737 3419 5811 ἐπιμαινόμενοι,
3459 5737 3576 5810 ἐτη
3620 5734 3725 5808 ιβ’.
3762 5735 3894 5790 Ἐὰν

2241 5830 2298 5886 δὲ
2327 5830 2467 5903 τύχῃ
2502 5830 2776 5904 θυγατρὸς
2802 5827 2871 5904 ἦς
2898 5832 3148 5899 ἐδέξαντο
3179 5831 3211 5901 ἢ
3238 5831 3319 5896 είς
3355 5827 3506 5885 ἰδίαν
3542 5830 3819 5906 μητέρα,
3850 5827 3889 5901 ἢ
