4058 6418
371 394 510 458 1905

1716 413 2321 479 ΡαξΝΙΤΕΝΤΙΑιΕ.

3518 403 3654 466 19.06

369 507 448 566 εξς
492 503 626 558 ἰδίαν
667 503 962 581 θυγατέρα,
993 512 1086 585 ἔτη
1121 513 1199 568 ις’.
1250 516 1374 571 Ἐὰν
1408 519 1464 572 δέ
1495 538 1576 584 τις
1631 522 1771 575 κατὰ
1799 522 1949 591 eadem

2068 518 2348 590 capulant,
2379 515 2460 571 vel
2495 516 2548 570 in
2582 527 2844 569 novercas
2878 512 3088 579 lurunt,
3131 511 3182 565 in
3215 525 3416 566 annum
3450 512 3661 567 duode-

368 595 585 684 ἥμαρτε
619 596 781 667 μόνον
814 601 909 654 καὶ
933 601 994 655 οὑ
1021 604 1348 676 περιέπεσεν
1372 612 1452 675 είς
1477 610 1547 665 τὰ
1577 613 1728 684 παρά
1771 612 1955 681 φύσιν,

368 683 493 739 οὔτε
523 688 602 751 είς
629 689 953 760 αίμομιξίας
994 688 1084 749 οἵα
1134 698 1236 754 κάν
1284 702 1390 755 είσι
1429 702 1524 756 καὶ
1556 683 1677 770 ὅσα,
1711 703 1805 757 καὶ
1851 704 1956 769 ἕως

369 774 585 845 χρόνου,
637 777 669 848 ἢ
721 780 815 834 καὶ
846 780 1018 852 ἥμισυ
1059 786 1457 858 ἐπιτιμᾶσθαι·
1489 791 1584 846 ἐὰν
1625 792 1683 846 δὲ
1722 793 1818 846 ἐπὶ
1855 810 1953 862 γυ-

366 869 533 920 ναῖκα
562 869 715 937 φόνοι
747 873 892 937 τινὲς
918 873 1189 948 διάφοροι,
1221 881 1314 934 καὶ
1350 884 1574 950 μαγεῖαι
1599 883 1954 955 ἐπράχθησαν

367 955 403 1028 ἢ
433 958 530 1012 καὶ
566 960 672 1024 ἕως
697 963 809 1017 τῶν
839 965 990 1036 παρὰ
1029 969 1211 1037 φύσιν,
1245 971 1340 1027 καὶ
1369 972 1474 1038 ἕως
1499 973 1664 1041 ὀκτὼ,
1699 975 1794 1028 καὶ
1821 976 1955 1031 δέκα

367 1047 729 1120 ἐπιτιμᾶσθαι
751 1055 922 1121 αὐτὰς
945 1059 1103 1116 ἐτῶν.

2069 611 2271 666 cimum
2295 621 2454 680 poena
2478 613 2826 677 prorogatur.
2852 603 2909 659 Si
2932 618 3060 658 vero
3090 602 3199 657 ﬁlia
3231 602 3469 672 potiatur
3493 617 3657 674 quam

2070 700 2136 755 de
2162 699 2313 754 fonte
2346 695 2628 767 suscepit,
2669 695 2757 750 vel
2795 695 2847 749 in
2878 693 3156 765 propriam
3187 700 3414 746 matrem
3437 732 3451 757 ,
3481 693 3564 746 vel
3605 691 3660 746 in

2063 791 2344 862 propriam
2367 789 2558 850 ﬁliam,
2587 787 2642 841 in
2666 800 2870 840 annum
2895 799 3070 855 usque
3090 783 3363 839 decimum
3383 783 3657 854 quintum.

2065 882 2124 938 Si
2157 899 2283 939 vero
2308 883 2609 938 secundum
2641 890 2894 936 naturam
2929 886 3141 934 tantum
3172 875 3436 947 peccavit,
3469 889 3571 930 nec
3602 873 3658 928 in

2061 991 2125 1031 ea
2156 992 2280 1047 qua:
2310 985 2506 1047 prater
2537 984 2792 1030 naturam
2825 982 2954 1029 sunt
2987 971 3200 1033 incidit,
3231 984 3331 1025 nec
3359 968 3412 1023 in
3449 970 3659 1023 incesta

2059 1069 2465 1139 qualiacunque
2495 1069 2646 1132 sint,
2688 1075 2744 1122 et
2781 1074 2948 1138 quola
2979 1105 2994 1130 ,
3026 1065 3079 1118 in
3112 1079 3314 1118 annum
3347 1070 3439 1117 aut
3471 1061 3658 1131 sesqui

368 1157 576 1198 annum
601 1146 782 1215 puniri
805 1159 1040 1220 oportet.
1078 1153 1136 1210 Si
1162 1167 1344 1212 autem
1369 1174 1400 1215 a
1429 1161 1754 1220 mulieribus
1784 1168 1958 1219 caedes
1997 1163 2164 1219 variae
2213 1171 2263 1220 et
2322 1165 2519 1235 magia
2584 1162 2742 1217 factas
2811 1171 2978 1228 sunt,
3011 1159 3094 1214 vel
3133 1173 3308 1230 usque
3337 1157 3406 1213 ad
3445 1171 3507 1212 ca
3537 1170 3660 1224 quae

367 1248 498 1291 sunt
527 1249 722 1306 praeter
747 1251 1000 1314 naturam
1045 1261 1366 1316 processum
1411 1249 1614 1319 fuerit,
1651 1253 1719 1308 ad
1765 1253 2079 1310 octennium
2113 1263 2168 1310 et
2217 1254 2547 1310 decennium
2575 1267 2669 1308 eas
2695 1250 2879 1321 puniri
2912 1257 3144 1318 oportet;

438 1327 549 1381 Καὶ
577 1327 782 1396 ταύτας
818 1332 875 1388 δέ
923 1334 1021 1400 τὰς
1061 1338 1326 1412 διαφορὰς
1361 1344 1453 1397 καὶ
1485 1344 1584 1409 τὰς
1611 1347 1961 1418 ἐπιτιμήσεις

2135 1345 2248 1404 Has
2294 1346 2632 1403 diﬂ‘erentias
2672 1352 2728 1399 et
2781 1342 3094 1414 punitiones
3147 1339 3214 1395 de
3260 1338 3654 1395 communione

367 1418 498 1490 περὶ
528 1419 631 1490 τῆς
664 1425 952 1490 κοινωνίας
984 1428 1260 1501 ὁρίζομεν.
1311 1433 1540 1489 Πάντων
1585 1437 1694 1508 γὰρ
1722 1437 1949 1511 βαρύτε-

2063 1438 2411 1497 decernimus
2447 1456 2459 1492 :
2496 1443 2783 1510 peccatum
2814 1432 2958 1487 enim
2988 1429 3234 1485 omnium
3269 1429 3650 1498 gravissimum

370 1527 465 1581 ρον
484 1511 791 1586 ἁμάρτημα
814 1517 873 1570 τὸ
901 1519 1139 1586 ἀναξίως
1166 1529 1461 1581 κοινωνεῖν.
1503 1529 1565 1580 Ὃ
1594 1506 1689 1584 κοιλ⁵
1713 1506 1949 1585 διέλαθεν

2062 1537 2168 1594 est,
2199 1529 2422 1598 indigne
2441 1506 2872 1582 communicare.
2902 1521 3065 1578 Istius
3093 1520 3172 1576 rei
3206 1535 3234 1574 a
3266 1518 3651 1574 conﬁtentibus

366 1603 517 1672 ἡμᾶς
555 1604 866 1676 ἐρωτᾶσθαι
919 1611 1048 1675 τοὺς
1099 1612 1639 1687 ἐξομολογουμένους
1678 1621 1817 1691 μετὰ
1856 1621 1949 1692 τὴν

2061 1619 2422 1691 interrogatio
2445 1628 2567 1689 post
2593 1616 2841 1671 omnium
2870 1620 3221 1685 peccatorum
3249 1611 3649 1667 confessionem

367 1693 586 1796 ἅπασαν
610 1697 719 1796 τῶν
741 1700 1157 1796 αμαρτημάτων
1190 1705 1599 1779 ἐξομολόγησιν,
1643 1710 1726 1772 τὸ.
1766 1715 1814 1765 εί
1844 1712 1954 1779 ἄρα

365 1786 434 1886 τά
482 1786 1056 1886 προεξομολογηθέντα
1108 1796 1280 1849 ποιῶν
1333 1799 1645 1854 ἐκοινώνειο
1679 1801 1816 1873 ὅπερ
1854 1803 1952 1858 ἐὰν

365 1877 519 1947 εἴπῃ,
554 1877 664 1931 Ναί
682 1894 695 1907 ο
733 1882 828 1934 καὶ
875 1883 1108 1952 μάλιστα
1136 1886 1241 1952 ἔξω
1262 1889 1354 1943 τοῦ
1385 1891 1596 1962 Πάσχα,
1629 1895 1788 1959 τοῦτο
1818 1897 1952 1951 πάν-

361 1981 474 2019 των
503 1969 683 2039 χεῖρον
709 1965 886 2025 εἶναι·
921 1970 1034 2029 οἷον
1077 1978 1182 2033 κᾶν
1211 1980 1332 2034 ἐστι
1370 1982 1482 2036 τῶν
1511 1985 1812 2056 ἐλαχίστων
1841 2005 1952 2042 πα-

370 2056 666 2150 ράπτωμα,
704 2062 822 2132 ἤτοι
852 2064 915 2117 τὸ
951 2066 1256 2140 ἁμάρτημα
1280 2086 1295 2102 ·
1330 2073 1423 2126 καὶ
1482 2073 1666 2130 πλεῖον
1699 2077 1800 2150 τὴν
1845 2079 1952 2134 άπ-

367 2147 503 2218 οχὴν
533 2153 711 2205 ποιεῖν
743 2155 845 2224 τῆς
877 2157 1148 2228 ἀχράντου
1177 2164 1483 2229 κοινωνίας.

436 2237 573 2334 ξΙερὶ
618 2240 687 2334 δὲἒ
720 2242 979 2314 βρώσεως
1023 2249 1120 2302 καὶ¹
1164 2251 1378 2316 πόσεως
1423 2255 1518 2308 καὶ
1556 2257 1744 2329 εὐχῆς,
1791 2260 1868 2325 ὡς
1915 2262 1950 2334 ἡ

363 2327 596 2422 ἑκάστου
629 2331 854 2389 δύναται
901 2337 1070 2406 φύσις
1115 2341 1210 2394 καὶ
1251 2341 1446 2414 γνώμη
1491 2347 1587 2400 καὶ
1624 2327 1950 2422 προαίρεσις

364 2420 459 2514 καὶ
487 2423 642 2494 ίσχὺς
668 2427 763 2514 καὶ
799 2427 1036 2496 διάθεσις
1059 2447 1088 2465 ··
1115 2435 1279 2503 ἡμεῖς
1313 2434 1373 2488 δὲ
1397 2435 1492 2489 δύο
1520 2439 1658 2503 τέως
1685 2420 1950 2514 διαφορὰς

362 2510 561 2605 ἔχομεν
594 2515 653 2581 ἐξ
702 2512 778 2572 ὧν
817 2521 913 2574 καὶ
963 2523 1227 2596 ποιοῦμεν
1265 2527 1358 2581 καὶ
1398 2528 1616 2602 δίδομεν
1657 2535 1771 2598 τοῖς
1817 2510 1950 2605 ἡμῖν

361 2601 904 2698 ἐξομολογουμένοις.
945 2609 1071 2669 Οἷον
1107 2618 1207 2672 κᾶν
1250 2621 1418 2686 ἐστιν,
1463 2601 1630 2693 ἢνοῖα
1667 2623 1737 2678 τὰ
1767 2601 1952 2698 ἁμαρ-

365 2695 612 2789 τηματα,
640 2702 736 2754 καὶ
782 2704 840 2757 ἐν
868 2708 981 2770 τοῖς
1025 2708 1281 2778 μεγάλως
1326 2711 1421 2765 καὶ
1450 2713 1665 2784 μικρῶς
1695 2695 1951 2789 ήμαήρτηο

367 2786 508 2840 κόσι.
560 2790 905 2862 Προείπομεν
937 2796 1046 2869 γὰρ
1077 2799 1161 2852 ὅτι
1188 2802 1247 2853 ἐν
1274 2798 1386 2867 τοῖς
1434 2786 1951 2876 ἐξομολογουμένοις

362 2879 482 2982 ἐστὶ
503 2882 598 2982 καλ
620 2887 678 2939 ἐν
702 2889 816 2982 τοῖς
838 2889 1256 2982 άναδεχομένοις
1284 2896 1317 2966 ή
1339 2895 1553 2968 ἐλαφρὰ
1581 2902 1674 2952 καὶ
1697 2901 1729 2971 ἡ
1755 2900 1951 2972 βαρεῖα

361 2974 799 3063 ἐπιτιμίων
842 2979 1010 3044 δόσις.
1065 2983 1130 3036 Ἠ
1162 2984 1272 3054 γὰρ
1318 2986 1411 3040 τοῦ
1455 2988 1947 3063 ἐξομολογουμένου

2061 1727 2165 1768 nos
2221 1710 2481 1782 fugerat,
2540 1708 2802 1774 scilicet,
2864 1722 2933 1762 an
2994 1704 3358 1776 praeconl'cssa
3397 1711 3651 1773 operatus

2057 1803 2567 1862 communicaverit.
2595 1801 2734 1856 Cum
2770 1799 2988 1864 dixerit,
3026 1800 3103 1853 Ita
3141 1817 3154 1853 :
3206 1796 3442 1851 maxime
3466 1804 3649 1851 autem

2054 1907 2209 1955 extra
2254 1897 2487 1964 Pascha,
2529 1896 2635 1950 hoc
2657 1893 2900 1949 omnium
2948 1891 3135 1961 pejus,
3177 1889 3305 1944 licet
3334 1887 3537 1943 oﬂ'ensa
3578 1887 3652 1942 sit

2053 1990 2122 2046 de
2183 1988 2464 2054 minimis,
2517 1985 2686 2042 veluti
2738 1983 2964 2054 simplex
3021 1989 3362 2054 peccatum;
3431 1979 3649 2049 longior

2055 2078 2390 2136 abstinentia
2415 2075 2784 2132 immaculata;
2816 2069 3216 2129 communionis
3246 2069 3319 2124 illi
3351 2077 3434 2124 est
3467 2067 3645 2137 impo-

2051 2172 2254 2228 nenda.

2124 2259 2284 2328 Quod
2321 2272 2451 2314 vero
2481 2256 2550 2313 ad
2595 2257 2780 2314 cibum
2802 2297 2816 2321 ,
2867 2263 3055 2325 potum
3096 2260 3150 2309 et
3175 2250 3480 2308 orationem
3516 2248 3644 2302 atti-

2053 2361 2185 2419 net,
2237 2360 2505 2422 quantum
2550 2347 2986 2418 uniuscujusque
3026 2353 3260 2407 natura,
3333 2342 3644 2411 ingenium,

2053 2443 2247 2500 electio
2267 2483 2283 2508 ,
2311 2442 2487 2498 virtus
2511 2482 2526 2506 ,
2564 2449 2619 2497 et
2656 2438 2942 2509 dispositio
2974 2435 3118 2491 ferre
3150 2432 3368 2505 poterit.
3403 2431 3514 2485 Nos
3549 2445 3646 2483 au-

2053 2548 2162 2594 tem
2192 2537 2456 2593 hactenus
2481 2535 2692 2590 duabus
2735 2530 3057 2587 differentiis
3087 2529 3171 2585 usi
3225 2541 3419 2581 sumus
3446 2538 3646 2578 secun-

2053 2628 2183 2685 dum
2225 2641 2365 2698 quas
2392 2626 2608 2696 agimus
2627 2665 2642 2689 ,
2673 2632 2728 2678 et
2769 2622 2928 2678 nobis
2955 2618 3347 2676 conﬁtentibus
3376 2616 3647 2688 poeniten-

2058 2721 2167 2776 tias
2228 2719 2586 2790 imponimus.
2655 2715 2953 2782 Qualenam
3020 2710 3151 2766 illud
3196 2709 3290 2775 sit,
3333 2707 3418 2762 vel
3462 2708 3646 2779 qualia

2054 2821 2318 2884 peccata;
2369 2812 2414 2868 si
2457 2811 2598 2865 inter
2663 2823 2760 2864 eos
2816 2804 3158 2876 reponendus
3213 2802 3306 2873 qui
3338 2815 3535 2868 magna
3563 2800 3648 2856 vel

2053 2916 2220 2971 parva
2252 2906 2569 2970 peccarunt;
2625 2905 2785 2951 antea
2828 2892 2972 2962 enim
3018 2891 3261 2947 diximus
3290 2889 3435 2960 quod
3471 2887 3647 2942 conﬁ-

2053 2987 2325 3052 tentibus,
2370 2996 2508 3041 utet
2536 2981 2988 3046 confessoribus,
3015 2979 3150 3034 levis
3195 2986 3309 3043 est,
3355 2985 3412 3031 et
3463 2977 3648 3046 gravis

361 3060 686 3129 ἀδίστακτος
721 3068 906 3133 πίστις
952 3087 1012 3123 τε
1059 3075 1150 3127 καὶ
1187 3074 1244 3142 ἐξ
1276 3068 1351 3129 ὧν
1385 3077 1498 3148 ἔχει
1545 3060 1851 3149 μετάδοσις,
1886 3083 1949 3153 ἦν

2059 3097 2348 3152 pennarum
2390 3079 2688 3151 impositio.
2728 3075 2863 3132 Nam
2894 3085 3040 3131 certa
3089 3085 3143 3130 et
3178 3072 3482 3128 indubitata
3514 3087 3648 3126 con-

364 3168 468 3206 που
497 3155 526 3206 ό
559 3157 830 3228 μακάριος
872 3161 1190 3226 Ἀπόστολος
1235 3165 1450 3235 καρπὸν
1499 3169 1734 3234 πίστεως
1768 3171 1950 3225 ἐπιλέ-

362 3243 607 3347 vetant
649 3245 682 3315 ἠ
731 3245 852 3347 τοῦ.
878 3248 1278 3321 ἀναδεχομένου
1310 3253 1401 3307 τὸν
1453 3255 1950 3331 ἐξομολογούμενον

361 3331 723 3405 ἐύσύγκριτος
759 3339 940 3409 κρίσις
973 3341 1069 3394 καὶ
1111 3343 1312 3412 γνῶσις
1346 3348 1441 3400 καὶ
1490 3350 1781 3422 συμπαθὴς
1822 3369 1952 3422 συγ-

363 3425 666 3492 κατάὸασις
699 3430 877 3484 πάντα
906 3431 1122 3507 ἐλαφρὰ
1155 3431 1264 3490 οἶδε
1296 3441 1390 3493 καὶ
1419 3443 1485 3495 τὰ
1535 3443 1665 3515 περὶ
1692 3442 1950 3516 βρώσεως

362 3517 459 3610 καὶ
491 3517 704 3583 πόσεως
750 3523 848 3576 καὶ
886 3528 1192 3598 κοινωνίας,
1244 3532 1338 3584 καὶ
1371 3532 1611 3603 μάλιστα
1649 3536 1700 3588 ει
1736 3535 1875 3610 τύχῃ
1921 3538 1950 3592 ό

361 3609 859 3698 ἐξομολογούμενος
893 3619 979 3671 ἵνα
1029 3620 1136 3692 πρὸ
1175 3595 1268 3676 τοῦ
1305 3595 1951 3698 ἐξομολογήσασθαιϋάπ-

361 3697 529 3791 inulas
569 3703 662 3757 τοῦ
697 3705 1054 3778 ἁμαρτάνειν,
1100 3711 1132 3781 ἢ
1171 3714 1426 3783 ὁμολογεῖ
1455 3716 1562 3772 κᾶν
1594 3697 1707 3772 άπὸ
1737 3720 1838 3791 τῆς
1865 3721 1952 3786 ἐξ·

361 3789 741 3860 ομολογήσεως
790 3797 1146 3854 ἀποκόπτειν.
1191 3805 1383 3858 Πολλοὶ
1413 3807 1522 3878 γάρ
1567 3811 1674 3861 είσι
1724 3789 1819 3864 καλ.
1861 3813 1950 3879 ἐξ-

359 3881 752 3975 ομολογοῦνται
784 3889 877 3941 καὶ
907 3888 1228 3958 λυποῦνται,
1275 3896 1394 3949 ἀλλ’
1420 3899 1571 3968 ὅμως
1618 3899 1649 3968 ἢ
1697 3899 1878 3967 φύσει,
1912 3904 1946 3975 ἢ

359 3971 558 4064 κλοπῇ,
601 3975 632 4046 ἦ
678 3981 1060 4054 κακογνωμίᾳ,
1106 3983 1138 4055 ἢ
1175 3986 1269 4038 καὶ
1298 3991 1513 4060 πονηρᾷ
1546 3991 1807 4064 συνηθείᾳ
1844 3971 1948 4048 πάξ

358 4063 440 4117 λιν
467 4067 794 4136 σφάλλονται
840 4074 935 4128 καὶ
965 4076 1387 4146 περιπίπτουσιν
1415 4063 1832 4156 ἁμαρτήμασιν.
1880 4086 1946 4140 Οἱ

358 4156 590 4214 τοιοῦτοι
636 4162 815 4218 τοίνυν
862 4166 950 4219 ἵνα
995 4168 1228 4222 πάντοτε
1271 4170 1703 4244 ἐξομολογῶνται
1749 4180 1945 4244 ὁσάκις

358 4249 454 4345 say
491 4251 753 4309 πέσωσιν.
798 4257 923 4310 Ἐὰν
967 4260 1024 4313 δὲ
1051 4261 1145 4314 καὶ
1184 4263 1251 4316 τὰ
1299 4265 1553 4338 ἐπιτίμια
1589 4269 1772 4325 αὐτῶν
1807 4272 1945 4345 πλη-

362 4341 633 4412 ρώσωσιν,
660 4347 760 4400 ὅσα
789 4349 855 4402 ἂν
890 4350 985 4422 ἐτη
1016 4351 1207 4408 ἔλαϐον
1239 4356 1390 4427 παρὰ
1420 4359 1516 4413 τοῦ
1544 4341 1944 4433 δεσμεύσαντος

2055 3175 2258 3232 ﬁtentis
2293 3175 2429 3230 ﬁdes
2453 3214 2468 3239 ,
2519 3182 2574 3228 et
2609 3186 2809 3227 eorum
2843 3185 2966 3240 qua:
3007 3167 3248 3238 possidet
3288 3165 3607 3221 distributio
3631 3207 3644 3230 ,

2053 3285 2219 3342 quam
2267 3269 2463 3325 beatus
2500 3266 2792 3337 Apostolus
2836 3263 3036 3320 alicubi
3091 3260 3216 3316 ﬁdei
3258 3260 3496 3315 fructum
3547 3275 3646 3313 vo-

2057 3372 2148 3420 cat
2182 3365 2227 3395 ¹²
2252 3404 2268 3428 ,
2310 3371 2365 3416 et
2389 3358 2724 3415 confessoris
2754 3352 3334 3424 selectumjud-icium,
3365 3361 3421 3406 et
3458 3353 3650 3422 cogni-

2055 3458 2169 3523 tio,
2212 3455 2502 3524 facilisque
2543 3460 2598 3508 et
2647 3449 2987 3519 compatiens
3026 3445 3466 3502 accommodatio
3511 3444 3648 3498 levia

2054 3547 2240 3604 omnia
2274 3544 2555 3609 decernit,
2595 3541 2709 3598 sive
2736 3541 2918 3597 cibum
2954 3544 3230 3608 spectent,
3274 3535 3388 3590 sive
3421 3542 3607 3604 potum
3631 3575 3644 3594 ,

2053 3639 2168 3695 sive
2199 3635 2686 3697 communionem,
2744 3628 3042 3702 pratsertim
3069 3627 3116 3682 si
3149 3625 3433 3694 contingat
3479 3623 3649 3678 conﬁ-

2053 3739 2256 3786 tentem
2285 3736 2413 3783 ante
2443 3724 2849 3781 conlessionem
2883 3737 2912 3775 a
2946 3730 3170 3790 peccato
3197 3717 3476 3772 destitisse
3503 3755 3516 3778 ,
3551 3725 3647 3769 aut

2051 3819 2338 3889 pollicetur
2383 3831 2442 3871 se
2486 3813 2834 3869 confessione
2886 3809 3032 3864 facta
3083 3807 3438 3862 destiturum.
3493 3802 3647 3856 Multi
3693 3823 3706 3832 ν

2049 3910 2196 3965 enim
2218 3907 2572 3970 conﬁtentur,
2602 3913 2656 3959 et
2687 3903 2754 3958 de
2791 3899 3027 3972 peccatis
3049 3898 3295 3952 dolorem
3325 3895 3647 3966 concipiunt

2047 4011 2102 4058 et
2149 3999 2473 4065 tristitiam;
2527 4006 2768 4052 attamen
2811 3995 2894 4048 vel
2935 4002 3128 4047 natura
3153 4032 3168 4057 ,
3205 3990 3289 4044 vel
3335 3989 3646 4060 subreptio—

2049 4109 2156 4160 ne,
2191 4092 2274 4148 vel
2321 4091 2460 4146 mala
2511 4099 2564 4145 et
2605 4088 2905 4144 deliberata
2963 4085 3135 4140 animi
3189 4081 3459 4140 sententia
3489 4121 3504 4147 ,
3557 4087 3644 4136 vel

2047 4197 2216 4254 prava
2243 4181 2640 4238 consuetudine
2677 4180 2874 4234 iterum
2912 4176 3286 4246 dejiciuntur,
3324 4183 3379 4227 et
3423 4173 3476 4226 in
3521 4187 3647 4235 occa

2049 4284 2174 4333 cata
2227 4273 2498 4329 incidunt.
2551 4270 2721 4341 Igitur
2772 4270 2863 4341 qui
2921 4278 3050 4324 sunt
3105 4266 3374 4336 ejusmodi
3431 4278 3647 4333 semper

2053 4367 2418 4424 conﬁteantur
2451 4363 2670 4434 quoties
2723 4361 3058 4418 ceciderunt.
3113 4357 3172 4413 Si
3223 4372 3353 4412 vero
3398 4353 3643 4424 epitimia

359 4435 596 4503 αὐτοὺς,
649 4440 742 4493 καὶ
784 4440 1039 4512 μέλλουσι
1087 4451 1369 4502 κοινωνεῖν
1418 4430 1944 4526 ἀποπληρώσαντες,

2057 4461 2302 4530 ipsorum
2332 4455 2727 4527 compleverint
2752 4495 2767 4519 ,
2814 4461 2893 4508 tot
2939 4451 3154 4507 scilicet
3197 4463 3372 4504 annos
3403 4457 3536 4518 quot
3576 4449 3645 4500 ab

547 4530 667 4584 τότε
722 4537 1154 4592 κοινωνείτωσαν
1185 4542 1235 4594 εί
1271 4541 1408 4607 ὅλως
1451 4545 1648 4610 αὐτοὺς
1698 4548 1943 4618 ἐλεῶσιν,

358 4614 497 4669 ἀλλὰ
548 4621 1162 4690 παραφυλάττεσθωσαν
1192 4629 1293 4700 τὴν
1339 4631 1612 4704 ἄχραντον
1658 4614 1946 4694 κοινωνίαν

356 4706 461 4771 ἕως
498 4709 565 4763 ἂν
603 4711 985 4784 ἀποκόψωσινο
1033 4719 1219 4783 ἐλέους
1260 4722 1368 4794 γὰρ
1410 4725 1506 4778 καὶ
1552 4725 1742 4782 τούτου
1783 4730 1946 4787 ἕνεκα

360 4798 521 4869 μόνον
559 4802 619 4855 ἐν
649 4806 716 4875 τῇ
745 4807 927 4876 κρίσει
954 4807 1373 4882 ἀξιωθήσονται.

2054 4564 2120 4605 eo
2148 4549 2245 4619 qui
2273 4562 2370 4603 eos
2413 4547 2602 4618 ligavit
2639 4552 2988 4614 acceperunt,
3023 4550 3074 4596 et
3107 4540 3257 4594 velut
3289 4539 3374 4593 his
3401 4537 3645 4607 comple-

2055 4642 2126 4697 tis
2153 4639 2267 4709 jam
2298 4638 2754 4696 communicaturi
2784 4645 2956 4702 sunt,
3002 4636 3046 4691 si
3079 4634 3307 4690 omnino
3345 4632 3429 4687 sui
3471 4631 3646 4701 ipsius

2055 4733 2385 4790 miserentur
2413 4773 2431 4799 ,
2472 4747 2651 4802 neque
2694 4741 2826 4785 tunc
2867 4728 3308 4791 communicent,
3355 4724 3450 4782 sed
3489 4723 3646 4779 tlill‘e-

2054 4837 2177 4884 rant
2226 4836 2280 4884 et
2341 4838 2633 4884 reservent
2681 4824 3088 4881 immaculatam
3147 4820 3591 4878 communionem
3625 4878 3642 4900 ν

331 4893 531 4994 donec
570 4909 803 4965 peccare
871 4898 1229 4958 destiterint:
1280 4905 1444 4976 hujus
1485 4908 1630 4964 enim
1684 4914 1761 4969 rei
1807 4929 1973 4973 causa
2013 4919 2192 4975 solum
2253 4921 2310 4976 in
2378 4921 2465 4978 die
2518 4918 2710 4994 judicii
2794 4915 3170 4974 misericordia
3233 4913 3380 4984 digni
3449 4893 3641 4966 cense;

356 4990 582 5044 buntur.

440 5080 660 5154 Ἐπειδὴ
689 5083 748 5138 δέ
771 5085 880 5139 εἰσί
897 5104 1046 5152 τινες
1083 5091 1176 5162 βίᾳ
1193 5091 1361 5158 ’ἕξεως
1387 5095 1527 5169 μηδὲ
1551 5098 1610 5152 ἐν
1637 5103 1700 5172 τῇ
1729 5102 1945 5176 μεγάλῃ

356 5171 782 5247 Τεσσαρακοστῇ
839 5183 1114 5251 κρατῆσαι
1152 5161 1160 5162 7
1191 5161 1420 5251 ἑαυτοὺς
1451 5161 1588 5244 ’ἀπὸ

357 5265 653 5333 ἔσχύοντες,
681 5269 776 5322 καὶ
796 5269 950 5324 αὐτοὶ
972 5271 1028 5324 δὲ
1059 5273 1317 5341 πολλάκις
1340 5278 1390 5331 οί
1419 5285 1685 5349 γυναῖκας
1707 5285 1944 5356 ἔχοντες,

356 5356 464 5428 χρὴ
504 5358 644 5428 μετὰ
673 5361 734 5414 τὸ
779 5363 1067 5434 πληρῶσαι
1099 5369 1192 5422 καὶ
1223 5371 1420 5436 αὐτοὺς
1452 5373 1522 5428 τὰ
1561 5376 1742 5431 αὐτῶν
1767 5380 1945 5433 ἐπιτί-

359 5463 498 5550 μῖν
551 5452 648 5506 ἐὰν
693 5453 914 5550 ἐλθωσιλ
952 5457 1134 5530 χρόνοι
1182 5462 1427 5519 πλεῖστοι
1477 5467 1572 5521 καὶ
1627 5469 1728 5523 οὐκ
1774 5469 1941 5542 ἔχωσι

361 5547 480 5633 πως
496 5547 822 5617 κοινωνῆσαι
843 5548 930 5602 διὰ
956 5550 1014 5604 τὸ
1044 5552 1133 5605 ἀεὶ
1156 5553 1354 5620 αὐτοὺς
1377 5558 1727 5628 περιπίπτειν
1760 5563 1940 5633 ἁμαρ-

358 5629 590 5701 τήμασι,
626 5640 997 5708 κρατείτωσαν
1027 5644 1124 5698 κᾶν
1153 5646 1248 5718 τὴν
1286 5647 1448 5716 ἁγίαν
1475 5629 1932 5726 Τεσσαρακοστην

1434 5719 1457 5739 .

436 5801 478 5838 ³⁸
520 5798 651 5863 Joel.
710 5826 771 5877 ll,
843 5814 925 5871 l2.

2116 5103 2252 5162 Cum
2281 5115 2412 5158 vero
2445 5101 2698 5158 nonnulli
2718 5109 2848 5157 sunt
2879 5101 2973 5171 qui
2996 5113 3106 5170 prae
3140 5095 3478 5151 habitudinis
3522 5096 3642 5149 vio-

2045 5197 2213 5253 lentia
2250 5195 2464 5265 seipsos
2511 5210 2542 5250 a
2572 5194 2810 5264 peccatis
2841 5208 2909 5248 ne
2961 5192 3016 5246 in
3047 5191 3163 5261 ipsa
3194 5188 3412 5261 quidem
3443 5204 3643 5258 magna

2044 5291 2475 5361 Quadragesima
2524 5291 2805 5346 continere
2865 5295 3117 5358 possunt.
3151 5282 3462 5354 cuiusmodi
3510 5293 3643 5334 sunt

2045 5398 2189 5453 saepe.
2243 5383 2410 5438 etiam
2447 5380 2484 5436 ii
2522 5380 2614 5450 qui
2643 5393 2844 5434 uxores
2873 5377 3097 5440 habent,
3141 5383 3354 5445 oportet
3389 5381 3443 5428 ct
3493 5371 3640 5441 ipsus

2047 5472 2387 5544 pcenitentiis
2413 5471 2698 5540 completis
2731 5469 2776 5525 si
2823 5475 3108 5524 transeant
3143 5466 3271 5522 anni
3301 5461 3502 5526 multi,
3540 5477 3639 5514 nec

2050 5565 2287 5621 habeant
2313 5567 2423 5634 qua
2449 5565 2657 5633 ratione
2683 5559 3113 5621 communicent,
3145 5572 3211 5612 eo
3250 5555 3396 5628 quod
3427 5566 3642 5622 semper

2048 5651 2103 5709 in
2143 5658 2366 5722 peccata
2394 5649 2654 5720 incidant,
2680 5647 2960 5707 continere
2989 5662 3047 5706 se
3091 5661 3136 5704 a.
3172 5653 3396 5718 peccato
3443 5641 3640 5701 saltem
