4058 6414
365 334 504 406 1909

1694 345 2297 410 PCENITENTIALE.

3488 340 3627 404 tam

362 451 536 510 ταῦτα
586 451 986 525 γεγραμμένων
1036 453 1165 527 περὶ
1227 453 1503 527 βρώσεως,
1554 455 1650 509 καὶ
1704 456 1939 521 πόσεως,

2060 458 2436 515 :ommunione
2454 455 2704 528 privandi
2727 455 2995 513 suntvieo
3015 453 3385 527 epitimiorum
3403 452 3458 508 in
3488 455 3634 517 cibo.

364 543 463 597 καὶ
515 542 682 615 εὐχῆς
725 544 783 597 ἐν
826 544 978 616 τόπῳ
1022 543 1315 616 ἐπιτιμίων
1343 562 1358 578 ο
1387 547 1441 601 εἱ
1472 563 1525 600 τι
1582 544 1652 600 ἂν
1699 547 1793 602 καὶ
1828 541 1943 601 οἷον

365 634 753 707 προαιροῦνται
792 634 900 690 ἀπὸ
934 635 1041 692 τῶν
1069 635 1261 709 τριῶν.
1300 638 1363 691 Οἱ
1392 637 1449 691 δέ
1497 638 1764 710 νομίμους
1794 637 1945 709 έχον-

363 741 455 789 τες
484 728 773 794 γυναῖκας,
808 726 840 799 ἢ
889 730 1148 797 γυναῖκες
1192 727 1414 801 ἄνδρας,
1463 729 1556 784 καὶ
1597 730 1655 783 ἐν
1684 730 1946 803 τέσσαρσι

363 815 398 886 ἢ
428 815 591 869 πέντε
647 815 824 872 ἐτεσιν
869 812 1340 889 ἐπιτὶμάσθωσαν,
1384 820 1482 872 καὶ
1513 819 1749 892 μάλιστα
1776 823 1826 875 εί
1853 821 1947 875 τύ-

365 922 450 978 χοι
478 908 535 960 ἐν
582 907 792 978 ἑτέροις
841 911 1163 983 περιπεσεῖν
1189 910 1608 983 ἁμαρτήμασιν.
1652 910 1718 965 Ei
1765 911 1822 964 δὲ
1851 910 1949 964 καὶ

370 998 509 1069 μετὰ
534 999 697 1069 φόϐου
724 1000 820 1055 καὶ
854 1001 1104 1069 ἐξουσίας
1147 1002 1181 1074 ἢ
1218 1003 1306 1057 διὰ
1343 1003 1639 1074 πτωχείαν,
1689 1002 1786 1058 ἕνα
1824 1003 1949 1075 χρό-

366 1106 455 1169 νον
484 1090 517 1162 ἢ
547 1088 640 1143 δύο
687 1090 1156 1163 ἐπιτιμάσθωσαν.
1199 1095 1534 1167 Ἱερωμένων
1567 1094 1627 1147 δὲ
1661 1098 1947 1164 γυναῖκες,

364 1181 511 1235 τοῦτ’
539 1182 653 1236 ἐστι
685 1183 969 1253 διακόνων,
1000 1186 1034 1259 ἢ
1068 1186 1474 1259 πρεσϐυτέρων,
1519 1187 1654 1241 ὅπου
1699 1187 1797 1242 ἐὰν
1839 1204 1950 1241 πα-

369 1278 674 1344 ραπὲσωσι,
719 1272 965 1348 τριετίαν
1013 1279 1460 1349 ἐπιτιμάσθωσαν
1504 1279 1581 1345 ὡς
1618 1279 1746 1344 τοὺς
1782 1281 1950 1351 ἱερεῖς

367 1366 546 1423 αὐτῶν
589 1367 957 1437 φονεύσασαι·
990 1371 1089 1426 οὐκ
1127 1371 1207 1425 ἔτι
1255 1371 1362 1442 γὰρ
1411 1373 1611 1451 ἐκεῖνοι
1664 1372 1952 1446 ἱερουργή-

370 1474 579 1525 σουσιν,
606 1459 655 1513 εἱ
686 1460 825 1530 μετὰ
853 1460 960 1515 τῶν
1006 1463 1283 1531 γυναικῶν
1324 1462 1503 1516 αὐτῶν
1539 1462 1814 1535 συμϐῆναι
1847 1463 1952 1535 ἕως

367 1549 514 1618 ἅπαξ
544 1550 865 1624 Θελήσωσιν.
923 1551 1112 1627 Ἰερεϊς
1159 1554 1218 1609 δὲ
1270 1552 1364 1608 καὶ
1402 1533 1641 1608 διάκονοι
1683 1555 1817 1607 ὅπου
1857 1533 1952 1608 ἐάν

336 1641 788 1712 -παραπέσωσιν,
810 1645 858 1698 εἱ
897 1645 990 1699 καὶ
1030 1643 1174 1712 ἅπαξ
1226 1645 1321 1698 καὶ
1352 1635 1514 1715 μόνον
1547 1646 1581 1715 ἡ
1620 1643 1826 1709 πτῶσις
1860 1643 1954 1710 γέ-

367 1747 550 1801 νηται,
593 1734 790 1805 μηκέτι
834 1736 896 1789 τὸ
937 1735 1156 1790 σύνολον
1191 1738 1583 1809 ἱερουργήσωσι
1609 1755 1623 1768 ο
1666 1736 1944 1792 κοινωνεὶ-

2045 560 2199 621 potu,
2227 559 2285 606 et
2306 549 2554 606 oratione
2586 547 2886 606 secundum
2912 545 3061 619 quod
3099 545 3304 617 aliquid
3328 559 3394 601 ex
3428 545 3515 605 his
3540 545 3638 600 tri-

2046 640 2149 696 bus
2189 639 2473 712 elegerint,
2525 647 2586 695 ιιι
2635 638 2876 708 posthaec
2927 636 3288 694 describetur.
3339 635 3444 703 Qui
3509 651 3637 692 vero

2046 731 2317 804 legitimas
2370 731 2662 786 habuerint
2714 744 2937 794 uxores,
2998 729 3082 784 vel
3128 742 3329 784 uxores
3369 727 3638 799 legitimos

2047 822 2214 889 viros,
2247 830 2483 892 quatuor
2516 821 2602 876 vel
2655 820 2900 890 quinque
2936 818 3098 874 annis
3126 818 3460 889 plectuntur,
3509 831 3641 888 pra:-

2049 909 2239 964 sertim
2271 907 2319 964 si
2353 908 2635 979 conlingat
2676 922 2770 962 eos
2798 906 2923 963 aliis
2954 907 3313 963 succumbere
3370 907 3638 978 peccatis.

2052 999 2111 1054 Si
2129 1013 2256 1054 vero
2281 1013 2408 1053 eum
2435 997 2651 1064 timore,
2685 1004 2740 1052 et
2771 996 2994 1053 alterius
3012 1005 3284 1068 potestate
3305 996 3506 1060 adacti,
3542 1004 3657 1050 aut,

2051 1100 2272 1162 propter
2299 1098 2695 1161 paupertatem,
2739 1103 2945 1143 annum
2986 1098 3080 1146 aut
3112 1088 3254 1145 duos
3305 1088 3627 1159 puniuntor.

2052 1183 2406 1240 Sacratorum
2438 1196 2569 1237 vero
2609 1179 2887 1244 mulieres,
2914 1181 3019 1237 hoc
3040 1188 3125 1236 est
3143 1220 3160 1246 ,
3190 1180 3548 1235 diaconorum
3577 1188 3633 1235 et

2049 1274 2515 1347 presbyterorum,
2557 1287 2680 1327 cum
2721 1273 2775 1327 in
2818 1272 2933 1327 haec
2966 1271 3293 1335 inciderint,
3340 1270 3641 1326 triennium

2052 1365 2376 1438 puniuntur,
2397 1361 2562 1417 veluti
2587 1376 2711 1432 quae
2734 1362 2961 1416 maritos
2985 1376 3118 1417 suos
3157 1360 3460 1417 occiderint
3485 1376 3498 1413 :
3532 1375 3638 1414 non

2051 1454 2199 1510 enim
2234 1453 2469 1523 amplius
2522 1451 2697 1507 sacris
2746 1450 3067 1506 ministeriis
3121 1451 3532 1520 operabuntur,
3593 1451 3641 1506 si

2052 1557 2241 1620 postea
2262 1562 2387 1602 cum
2411 1545 2733 1603 mulieribus
2756 1544 2871 1601 suis
2888 1544 2970 1598 vel
2992 1544 3159 1599 semel
3177 1543 3431 1615 congredi
3452 1544 3642 1600 volue-

2056 1639 2187 1695 rint.
2241 1637 2566 1694 Sacerdotes
2605 1645 2660 1692 et
2684 1636 2899 1693 diaconi
2944 1635 2990 1692 si
3034 1636 3119 1692 vel
3142 1636 3309 1692 semel
3325 1636 3638 1700 ceciderint,

2056 1732 2346 1802 solumque
2369 1745 2532 1787 casus
2559 1730 2673 1792 ﬁat,
2698 1727 2845 1784 nullo
2871 1727 3034 1783 modo
3060 1734 3251 1798 postea
3284 1741 3440 1783 sacra
3470 1725 3645 1782 admi-

368 1840 548 1878 τωσαν
575 1824 631 1878 δὲ
672 1825 762 1879 ὅτε
802 1826 897 1881 καὶ
942 1825 1210 1893 θέλουσιν,
1260 1816 1352 1881 καὶ
1395 1826 1746 1896 ἀναγνώστου
1791 1827 1945 1894 τάξιν

2060 1799 2396 1879 distrahunt:
2464 1820 2875 1878 communicent
2922 1832 3055 1873 vero
3088 1832 3213 1872 cum
3261 1816 3559 1881 voluerint,
3590 1825 3651 1871 et

369 1919 664 1989 ἐχέτωσαν,
725 1921 825 1975 ὅσα
861 1916 1002 1976 οἶδεν
1059 1921 1417 1992 ἀναγνώστης
1469 1919 1946 1994 ἀνερυθριάστως,

369 2010 739 2082 ἐνεργοῦντες.
775 2011 1154 2083 Ἀναγνώστης
1180 2012 1236 2067 δὲ
1280 2011 1376 2067 ἐὰν
1427 2013 1591 2084 πέσῃ,
1625 2012 1659 2083 ἢ
1687 2013 1723 2085 ἡ
1756 2012 1950 2068 τούτου

369 2103 528 2176 γυνὴ,
583 2105 684 2158 οὐκ
747 2103 827 2159 ἔτι
870 2103 960 2160 τὸν
1011 2104 1365 2177 ἀναγνώστην
1407 2106 1719 2177 περαιτέρω
1750 2106 1952 2177 προκό-

370 2212 548 2262 πτειν,
568 2194 703 2249 ἀλλα
723 2195 905 2266 μένειν
925 2197 1261 2268 ἀπρόκοπον.
1307 2197 1433 2253 Ἐὰν
1447 2198 1504 2250 δέ
1530 2214 1615 2261 τις
1642 2197 1853 2252 παιδίον
1874 2196 1953 2252 ὢν

368 2287 403 2359 ἢ
446 2291 684 2359 κοσμικῇ
732 2288 765 2360 ἢ
825 2292 1095 2361 μοναχικῇ
1146 2288 1319 2355 τάξει,
1370 2289 1529 2361 ἥκαὶ
1580 2288 1951 2362 παπαδίτξης.

369 2380 553 2454 φθαρῇ
584 2381 641 2433 δὲ
673 2381 779 2435 ὑπὸ
816 2398 961 2445 τινος
991 2381 1206 2453 ἀνδρὸς,
1240 2382 1290 2436 εἱ
1337 2382 1438 2453 μέν
1474 2384 1555 2445 εἱς
1588 2383 1714 2447 τοὺς
1744 2382 1954 2454 μηροὺς

368 2468 404 2540 ἢ
433 2469 613 2540 μόνον,
650 2469 1074 2541 ἐπιτιμάζεσοαι
1105 2470 1206 2542 μὲν
1227 2471 1324 2525 καὶ
1352 2471 1421 2526 τά
1453 2470 1713 2542 μάλιστα,
1736 2473 1785 2524 εἱ
1803 2469 1957 2535 ἅπαξ

370 2560 465 2615 καὶ
502 2559 585 2623 δὶς
613 2561 831 2630 ἐγένετο
856 2578 869 2592 ·
903 2562 951 2614 εἱ
979 2561 1036 2614 δὲ
1072 2559 1254 2615 πλεῖον
1287 2560 1502 2626 τούτου,
1524 2559 1673 2614 τοῦτ’
1700 2561 1847 2616 ἐστιν
1875 2562 1956 2625 είς

369 2650 679 2722 ἀφεδρῶνα,
737 2652 874 2724 μηδέ
920 2651 984 2707 τὸ
1032 2652 1252 2708 σύνολον
1302 2650 1559 2725 ἔρχεσθαι
1602 2655 1683 2718 είς
1707 2651 1958 2708 διακόνου

370 2741 660 2814 ἐμϐάθμου
719 2742 751 2813 ἦ
803 2743 995 2816 ἱερέως
1065 2744 1243 2811 ἀξίαν.
1289 2745 1354 2799 Εἰ
1411 2744 1522 2816 γὰρ
1564 2745 1818 2808 κάκεῖνος
1858 2744 1960 2815 οὐχ

369 2836 639 2908 ἥμαρτεν,
676 2835 794 2889 ἀλλ’
816 2838 964 2907 ὅμως
999 2836 1058 2889 τὸ
1107 2834 1301 2901 σκεῦος
1331 2836 1567 2909 ἐρράγη,
1603 2835 1699 2889 καὶ
1736 2835 1836 2889 οὐκ
1873 2837 1960 2891 ὲν·

371 2925 587 2997 δέχεται
627 2926 790 2980 αὑτὸν
820 2926 1179 3000 ἱερονργῆσαι
1199 2942 1211 2956 ·
1237 2926 1507 2998 ἐμολύνθη
1538 2925 1668 3001 γάρ.
1696 2925 1758 2980 Εἱ
1784 2926 1842 2980 δὲ
1864 2925 1960 2981 καὶ

372 3019 456 3081 εἱς
495 3017 772 3086 μαλακίαν
817 3018 957 3092 πέσῃ
994 3017 1102 3091 πρὸ
1140 3017 1234 3072 τοῦ
1276 3004 1743 3092 ἱερουργηθῆναιξ
1769 3019 1845 3091 μὴ
1877 3016 1959 3073 εἱ-

2022 1970 2025 1971 .
2049 1917 2272 1973 lectoris
2290 1917 2458 1989 gradu
2478 1916 2772 1987 potiantur,
2789 1930 2909 1985 qua:
2925 1912 3141 1969 lectoris
3155 1919 3284 1968 sunt
3298 1907 3484 1964 munia
3508 1921 3644 1962 con-

2053 2011 2282 2067 ﬁdenter
2324 2021 2663 2067 exercentes.
2713 2008 2910 2064 Lector
2944 2022 3074 2062 vero
3119 2007 3165 2062 si
3209 2003 3510 2068 ceciderit,
3562 1999 3649 2058 vel

2053 2095 2228 2174 ipsius
2281 2117 2439 2167 uxor,
2492 2102 2636 2157 ultra
2676 2100 2900 2156 lectoris
2936 2098 3163 2171 gradum
3187 2095 3500 2167 promoveri
3536 2106 3644 2148 non

2054 2193 2275 2263 poterit,
2301 2191 2393 2248 sed
2424 2191 2767 2262 permanebit
2797 2206 2904 2247 non
2935 2189 3172 2260 amplius
3215 2185 3646 2258 promovendus.

2059 2282 2118 2340 Si
2145 2300 2277 2340 vero
2305 2284 2428 2357 quis
2460 2299 2594 2355 puer
2621 2284 2709 2338 vel
2736 2281 3037 2348 smcularis,
3075 2279 3159 2335 vel
3187 2279 3518 2344 monachus,
3556 2278 3646 2332 vel

2057 2378 2219 2434 etiam
2250 2378 2509 2443 clericus,
2539 2376 2652 2433 sive
2682 2376 2874 2439 lector,
2905 2375 2978 2430 ab
3001 2374 3188 2447 aliquo
3213 2379 3507 2441 corruptus
3538 2376 3647 2433 est,
3706 2409 3711 2413 ρ

2056 2469 2104 2526 si
2159 2469 2338 2526 solum
2400 2469 2548 2525 intra
2594 2484 2799 2534 coxas,
2841 2466 3089 2538 cpitimio
3133 2462 3487 2534 castigandus
3538 2469 3645 2523 est.

2058 2561 2298 2617 maxime
2326 2560 2371 2617 si
2406 2561 2575 2617 semel
2601 2569 2655 2615 et
2676 2560 2763 2616 bis
2784 2561 2887 2614 hoc
2915 2557 3163 2628 contigit.
3224 2554 3381 2623 Quod
3419 2553 3465 2610 si
3503 2551 3647 2607 ultra

2058 2651 2163 2707 hoc
2191 2648 2399 2720 aliquid
2447 2650 2500 2704 in
2544 2649 2723 2718 ipsum
2758 2658 3126 2719 perpetratum
3160 2653 3264 2705 est,
3300 2642 3407 2697 hoc
3439 2649 3544 2705 est,
3592 2640 3649 2697 in

2058 2743 2386 2815 posteriora,
2436 2741 2587 2797 nullo
2617 2742 2779 2797 modo
2849 2742 2914 2796 ad
2959 2738 3174 2796 diaconi
3219 2738 3300 2793 vel
3349 2735 3651 2793 sacerdotis

2061 2834 2377 2907 dignitatem
2395 2834 2692 2904 perveniet.
2716 2831 2867 2887 Licet
2882 2832 3029 2887 enim
3052 2832 3168 2901 ipse
3190 2845 3295 2883 non
3321 2826 3648 2899 peccaverit,

2060 2940 2160 2982 vas
2195 2932 2381 2981 tamen
2422 2925 2596 2995 ipsius
2632 2925 2941 2996 disruptum
2975 2931 3092 2987 est,
3119 2931 3174 2978 et
3214 2935 3323 2975 non
3360 2919 3487 2974 licet
3544 2918 3650 2985 ipsi
3755 2918 3769 2933 '

2064 3032 2220 3074 sacra
2254 3017 2603 3085 ministrare;
2638 3025 2723 3072 est
2775 3016 2921 3071 enim
2954 3015 3218 3085 pollutus.
3263 3010 3321 3066 Si
3372 3011 3427 3064 in
3472 3009 3652 3063 molli-

371 3107 479 3173 δὼς
503 3108 554 3162 τί
588 3110 726 3174 ἐστι,
762 3108 859 3163 καὶ
878 3111 962 3162 ὅτι
985 3109 1245 3180 ἀπείργει
1271 3109 1437 3163 αὐτὸν
1472 3109 1568 3163 τοῦ
1596 3109 1673 3182 μὴ
1701 3107 1956 3175 δέξασθαι

2064 3111 2193 3168 tiem
2235 3109 2493 3165 inciderit
2525 3120 2651 3166 ante
2676 3109 3142 3166 consecrationem
3163 3149 3185 3173 ,
3223 3104 3476 3160 nesciens
3519 3101 3656 3171 quid

375 3201 761 3274 ἱερωσύνην,ἢ
812 3201 957 3256 κατὰ
997 3202 1272 3271 ἀγνωσίαν
1317 3202 1351 3274 ἢ
1402 3202 1533 3275 παρ’
1582 3201 1743 3258 ἄλλου
1785 3202 1957 3275 ψυχο-

372 3293 577 3365 φθόρου
617 3291 650 3364 ἢ
700 3292 981 3362 ἀγνώστου
1030 3294 1188 3349 τοῦτο
1244 3293 1518 3366 ἐδιδάχθη,
1548 3295 1665 3350 ἔστι
1697 3297 1755 3351 δὲ
1796 3300 1824 3351 6
1866 3296 1960 3352 ἆν-

375 3386 592 3458 θρωπος
621 3387 653 3458 ἦ
690 3386 873 3458 σοφὸς,
902 3387 936 3458 ἢ
979 3386 1235 3458 εὐλαϐὴς,
1262 3386 1297 3459 ἢ
1327 3388 1421 3442 καὶ
1463 3390 1606 3443 κατὰ
1645 3390 1956 3462 ἀμφότερα,

374 3477 723 3549 ἐπιτιμάσθω
766 3479 1056 3550 πρότερον,
1099 3478 1198 3534 καὶ
1245 3475 1347 3533 εἷθ’
1371 3477 1546 3545 οὕτως
1575 3478 1866 3545 ἀξιούσθω.
1896 3480 1961 3535 Ei

372 3566 431 3623 δὲ
477 3569 616 3640 μετὰ
671 3569 770 3644 τὴν
828 3570 1127 3643 ἱερωσύνην
1173 3571 1253 3636 εἱς
1282 3570 1441 3625 τοῦτο
1478 3571 1644 3639 ἐάλω,
1682 3573 1825 3627 κατὰ
1864 3574 1960 3629 τὸν

377 3661 580 3715 σκοπὸν
613 3660 673 3716 ὃν
715 3664 1153 3736 προειρήκαμεν,
1191 3663 1225 3735 ἢ
1262 3663 1407 3717 κατὰ
1448 3662 1694 3734 ἄγνοιαν,
1736 3664 1770 3737 ἢ
1816 3665 1961 3721 κατὰ

375 3751 1041 3828 ψυχοφθόρου“διδαχθεὶς
1088 3752 1168 3827 μὴ
1213 3750 1355 3812 εῖναι
1388 3756 1596 3837 ἤκακδν,
1636 3757 1962 3830 λαμϐανέτω

376 3844 571 3915 χρόνον
594 3842 894 3914 ἐπιτίμιον,
923 3843 1297 3917 κρατούμενος
1343 3838 1442 3901 καὶ
1487 3850 1585 3902 τοῦ
1628 3849 1957 3922 ἱερουργεῖν,

372 3934 472 3989 καὶ
498 3929 672 3997 οὕτως
697 3934 1078 4005 ἱερουργείτω.
1196 3924 1372 3990 δὲ’καὶ
1391 3934 1742 4009 δευτερώσει,
1774 3938 1807 4011 ἢ
1839 3956 1959 4010 τρι-

371 4025 562 4088 τώσει,
627 4025 822 4097 μηκέτι
873 4025 1247 4097 ἱερουργείτω,
1308 4025 1535 4090 ἁλλέἱς
1583 4027 1681 4100 τὴν
1706 4027 1801 4082 τοῦ
1827 4031 1960 4083 ἀνα-

377 4117 621 4180 γνώστου
671 4118 826 4185 τάξιν
876 4116 1139 4191 ἐρχέσθω.
1183 4117 1309 4173 Ἐάν
1361 4117 1419 4172 δέ
1448 4136 1535 4183 τις
1560 4117 1752 4191 ἔκλεψε
1788 4137 1960 4190 κεφα-

376 4209 581 4281 λαιώδη
651 4210 966 4282 κλέμματα,
1040 4211 1115 4283 μὴ
1176 4211 1424 4284 ἐρχέσθω
1488 4214 1570 4277 εἱς
1635 4212 1957 4286 ἱερωσύνην.

391 4301 623 4372 Ὁμοίως
667 4299 723 4353 δὲ
751 4302 800 4354 εἱ
839 4299 979 4371 μετὰ
1019 4302 1120 4373 τὴν
1146 4300 1476 4374 ἱερωσύνην,
1504 4302 1702 4375 μηκέτι
1747 4304 1958 4377 ἱερουρ-

377 4392 566 4462 γείτω.
611 4389 888 4457 Ὡσαύτως
912 4393 1006 4446 καὶ
1034 4393 1085 4446 οἱ
1111 4394 1278 4465 χωρὶς
1301 4393 1603 4467 ἱερωσύνης
1627 4393 1955 4459 κλέπτοντες

2060 3207 2169 3264 hoc
2196 3212 2362 3271 esset,
2387 3212 2442 3260 et
2471 3203 2616 3274 quod
2648 3205 2752 3259 hoc
2797 3200 3050 3273 prohibet
3074 3199 3252 3269 ipsum
3298 3212 3329 3251 a
3360 3192 3661 3251 sacerdotii

2063 3299 2439 3369 susceptione,
2482 3296 2568 3351 vel
2600 3305 2819 3366 propter
2857 3293 3244 3364 ignorantiam,
3285 3288 3369 3343 vel
3399 3287 3541 3359 quod
3573 3286 3655 3342 sic

2061 3391 2131 3448 ab
2151 3392 2458 3446 animarum
2473 3396 2794 3459 corruptore
2815 3395 2871 3441 et
2893 3386 3179 3457 ignorante
3208 3382 3435 3438 edoctus
3459 3378 3652 3444 fuerit;

2059 3483 2145 3538 vir
2172 3493 2351 3538 tamen
2379 3491 2463 3536 est
2502 3481 2583 3535 vel
2622 3480 2861 3550 sapiens,
2896 3478 2975 3533 vel
3027 3477 3173 3548 pius,
3225 3475 3310 3530 vel
3361 3483 3656 3542 utrumque

2062 3574 2327 3646 puniatur
2347 3572 2521 3643 prius,
2560 3585 2830 3642 poenaque
2853 3569 3099 3625 exsoluta
3131 3564 3442 3625 sacerdotio
3457 3564 3657 3635 dignus

2063 3665 2352 3721 habeatur.
2410 3664 2564 3731 Quod
2602 3663 2647 3718 si
2682 3672 2808 3733 post
2845 3677 3063 3718 sacrum
3105 3660 3474 3717 ministerium
3529 3671 3656 3713 sus-

2062 3766 2282 3827 ceptum
2331 3756 2384 3810 in
2418 3755 2521 3810 hoc
2561 3754 2792 3810 crimine
2825 3767 2895 3807 ea
2936 3751 3149 3807 ratione
3196 3765 3360 3820 quam
3391 3744 3652 3818 praedixi-

2052 3836 2208 3911 ‘mus,
2241 3843 2611 3915 deprehensus
2636 3850 2739 3908 est,
2763 3839 2845 3896 vel
2867 3850 3087 3910 propter
3125 3834 3514 3910 ignorantiam,
3558 3834 3643 3891 vel

2063 3937 2209 4009 quod
2269 3936 2373 3990 hoc
2412 3950 2519 3989 non
2561 3948 2684 3989 esse
2733 3933 2937 3986 malum
2989 3931 3059 3986 ah
3113 3930 3300 4001 aliquo
3346 3922 3655 3983 animarum

2062 4036 2380 4098 corruptore
2399 4025 2629 4080 edoctus
2645 4020 2737 4090 sit,
2764 4022 2929 4079 unius
2958 4022 3089 4077 anni
3110 4020 3488 4093 paenitentiam
3511 4018 3659 4074 acci-

2061 4120 2231 4193 piata
2272 4130 2430 4172 sacro
2452 4114 2758 4170 ministerio
2781 4113 3087 4179 abstinens,
3113 4122 3166 4168 et
3198 4113 3277 4169 sic
3307 4111 3656 4185 postmodum

2065 4207 2240 4265 sacris
2265 4198 2538 4278 dperetur.
2601 4203 2759 4272 Quod
2799 4202 2847 4259 si
2888 4205 2972 4261 bis
3012 4213 3161 4259 terve
3203 4202 3312 4259 hoc
3343 4200 3646 4264 iteraverit,

2062 4313 2174 4355 non
2204 4297 2439 4369 amplius
2457 4296 2629 4352 sacris
2655 4295 2948 4362 ministret,
2976 4294 3071 4351 sed
3094 4293 3387 4351 inlectoris
3408 4291 3655 4349 ordinem

2063 4390 2379 4447 descendat.
2443 4387 2501 4443 Si
2550 4387 2677 4459 quis
2713 4385 2857 4442 furta
2890 4386 3149 4458 capitalia
3191 4384 3408 4440 furatus
3464 4383 3649 4447 fuerit,

380 4485 460 4556 μὴ
502 4482 853 4557 ὲρχέσθωσαν
890 4484 968 4549 είς
1016 4484 1317 4557 ἱερωσύνην
1372 4485 1527 4551 ποτὲ,
1567 4486 1702 4541 ἀλλὰ
1749 4487 1811 4539 τὸ
1855 4485 1956 4541 τῶν

2071 4498 2287 4542 sacrum
2336 4480 2682 4536 ministeriun
2719 4496 2825 4534 non
2889 4479 3248 4550 adipiscatur.
3313 4473 3576 4531 Similiter
3614 4478 3665 4532 si

379 4572 598 4647 πύρνων
630 4572 1060 4644 λαμϐανέτωσαν
1100 4574 1399 4646 ἐπιτίμιον.

2071 4583 2197 4648 post
2238 4573 2493 4643 adeptum
2533 4572 2897 4627 sacerdotium
2937 4571 3043 4626 hoc
3093 4569 3502 4641 perpetraverit,
3550 4582 3663 4623 non

363 4669 616 4739 amplius
667 4667 956 4743 sacriﬁcet.
1036 4664 1237 4725 Eadem
1290 4680 1409 4726 esto
1456 4672 1596 4728 ratio
1642 4686 1836 4729 eorum
1865 4675 1960 4746 qui
1999 4689 2161 4731 sacro
2200 4670 2507 4729 ministerio
2536 4684 2646 4725 non
2688 4666 2891 4757 initiati
2962 4668 3259 4723 furantur:
3295 4663 3662 4723 sacerdotium

367 4773 660 4830 nunquam
691 4769 1081 4829 assequantur,
1110 4761 1208 4816 sed
1234 4760 1620 4818 fornicantium
1644 4763 1967 4833 poenitentia
2003 4765 2334 4837 plectantur.

449 4851 571 4906 Τῶν
602 4851 658 4905 δὲ
692 4851 1131 4920 ἐξαγγελλόντων
1157 4854 1263 4907 eisi
1300 4855 1493 4927 τρόποι
1520 4855 1652 4928 παρ’
1684 4857 1808 4928 ἐμοὶ
1840 4857 1963 4911 δια-

380 4944 639 5017 φέροντες
684 4944 931 5017 ἀλλήλων
977 4945 1130 5001 δέκα.
1170 4946 1400 5019 Ἕτερος
1452 4948 1481 5001 6
1542 4947 1724 5017 ὀλίγον
1782 4948 1966 5020 ἁμαρο

380 5035 553 5108 τήὰας
583 5036 680 5090 καὶ
708 5035 1152 5109 αύτοπροαιρέτῳ
1168 5035 1363 5112 γνώμῃ
1390 5038 1751 5109 μετανοήσας,
1786 5038 1845 5105 ὃς
1871 5042 1966 5095 καὶ

380 5130 463 5193 εἱς
509 5126 569 5182 ἓν
608 5128 933 5200 πρόσωπονο
983 5129 1078 5182 καὶ
1128 5129 1318 5201 ἐτερος
1362 5129 1391 5184 6
1434 5129 1696 5195 πολλάκις
1744 5132 1843 5186 καὶ
1885 5134 1967 5197 εἱς

380 5219 554 5276 πολλὰ
578 5219 741 5284 ἁλοὺς
764 5220 1063 5294 πρόσωπαο
1097 5223 1195 5275 καὶ
1215 5222 1403 5293 ἔτερος
1426 5223 1455 5276 6
1496 5222 1639 5277 κατὰ
1680 5222 1841 5294 φύσιν
1867 5224 1968 5296 μὲν

378 5313 730 5384 ἁμαρτήσας,
759 5314 890 5376 ἴσως
917 5312 1012 5367 καὶ
1048 5314 1128 5377 εἰς
1153 5312 1212 5366 ἓν
1251 5315 1546 5386 πρόσωπον
1568 5330 1583 5346 °
1628 5315 1885 5388 χρονίσας
1910 5315 1968 5370 δὲ

380 5403 478 5454 καὶ
509 5402 612 5465 ἐως
636 5402 821 5474 γήρως
844 5419 857 5432 ·
887 5402 1076 5474 ἐτερος
1104 5403 1162 5456 δέ
1192 5404 1220 5456 6
1250 5402 1399 5478 παρὰ
1421 5403 1584 5473 φύσιν
1617 5405 1965 5477 ἁμαρτήσας,

380 5493 571 5564 τάχιον
594 5493 651 5545 δέ
684 5493 990 5562 ἀποκόψας,
1040 5493 1129 5547 διὰ
1159 5493 1253 5548 τδν
1297 5494 1395 5549 τοῦ
1457 5493 1595 5549 Θεοῦ
1630 5495 1796 5566 φόϐον
1827 5513 1841 5527 ·
1872 5496 1967 5550 καὶ

382 5583 571 5656 ἕτερος
597 5584 628 5638 6
650 5583 719 5638 6t’
747 5584 1055 5653 ἀσθένειαν,
1083 5585 1178 5640 καὶ
1203 5586 1529 5657 περίστασιν
1569 5587 1858 5659 συμφορᾶς
1886 5588 1966 5650 εἱς

384 5674 775 5746 ἐξομολόγησιν
804 5673 994 5743 ἐλθὼν,
1031 5675 1185 5747 ﬂocci
1235 5678 1293 5730 ἐν
1327 5676 1477 5748 αὐτῷ
1515 5676 1593 5748 τῷ
1628 5676 1844 5749 θανάτῳ
1879 5677 1963 5744 ἐξ·

386 5764 884 5837 ομολογησάμενος,
941 5766 1034 5820 καὶ
1071 5766 1280 5823 θανόνθ’
1336 5768 1640 5842 καὶέτερος
1670 5771 1696 5823 6
1742 5771 1959 5826 παυσά·

2140 4856 2336 4912 Decem
2360 4864 2488 4912 sunt
2516 4853 2660 4926 apud
2688 4868 2775 4909 me
2800 4852 3179 4910 confitentium
3207 4851 3414 4923 species
3434 4865 3466 4905 a
3496 4865 3556 4906 se
3580 4847 3669 4904 in“

2067 4950 2243 5005 vicem
2273 4946 2608 5004 diﬂ'erentes.
2672 4944 2828 5001 Alius
2874 4946 3193 5017 pauculum,
3247 4953 3301 4999 et
3330 4957 3441 4998 uno
3475 4942 3662 5002 modo,

2070 5038 2338 5111 peccavit,
2365 5050 2420 5092 et
2448 5045 2642 5109 sponte
2672 5037 2931 5109 poenitet;
2984 5036 3126 5091 alius
3148 5034 3366 5104 szepius,
3398 5041 3451 5086 et
3478 5033 3666 5085 multis

2074 5132 2290 5199 modis;
2342 5130 2484 5186 alius
2540 5129 2840 5186 secundum
2896 5137 3173 5193 naturam,
3224 5134 3280 5181 et
3318 5140 3430 5180 uno
3480 5124 3666 5179 forsan

2078 5221 2264 5289 modo,
2288 5221 2381 5277 sed
2407 5222 2461 5275 in
2501 5235 2568 5276 eo
2592 5222 2982 5291 perseveravit,
3007 5222 3167 5275 etiam
3196 5234 3369 5290 usque
3399 5224 3467 5274 ad
3503 5234 3667 5274 senc-

2070 5324 2311 5381 ctutem;
2365 5314 2507 5369 alius
2537 5323 2733 5384 praeter
2756 5321 3006 5367 naturam
3030 5310 3295 5382 peccavit,
3331 5311 3519 5366 statim
3536 5325 3664 5365 vero

2073 5406 2321 5476 resipnit,
2349 5414 2405 5460 et
2436 5405 2704 5461 abstinuit
2749 5410 2968 5474 propter
3014 5401 3106 5455 Dei
3157 5400 3450 5469 timorem;
3522 5402 3663 5455 alius

2070 5498 2166 5568 qui
2196 5498 2517 5553 inﬁrmitate
2547 5505 2721 5564 actus,
2766 5496 2849 5550 vel
2879 5494 3209 5550 calamitatis
3246 5491 3663 5547 circumstantia

2072 5589 2139 5644 ad
2172 5587 2577 5645 confessionem
2604 5603 2662 5643 se
2689 5585 2946 5657 accingit,
2985 5586 3065 5639 vel
3098 5586 3149 5639 in
3178 5584 3296 5655 ipsa
3333 5595 3504 5639 nim-te
3526 5597 3664 5639 con-

2074 5681 2277 5745 ﬁtetur,
2321 5688 2375 5735 et
2408 5669 2679 5744 moritur;
2734 5677 2876 5733 alius
2914 5677 3003 5746 qui
3051 5691 3080 5729 a
3121 5685 3346 5746 peccato
3401 5683 3661 5735 cessavit,

2071 5771 2446 5844 qualecunque
2499 5769 2627 5825 illud
2656 5768 2840 5837 fuerit,
2875 5778 2928 5825 et
2962 5778 3149 5839 postea
3186 5767 3266 5824 sic
3290 5775 3507 5838 peccata
3532 5780 3665 5822 con-
