4058 6430
516 350 651 418 1911

1443 352 1688 417 IOANN
1699 356 1767 415 lS
1791 355 1908 417 JEJ
1922 352 2313 415 UNATORIS
2353 354 2461 414 (ΣΡ.
2511 354 2868 416 ARCHIEP.

3627 364 3740 433 1912

510 470 723 524 litetur:
772 464 916 523 alius
962 465 1057 537 qui
1108 464 1177 522 ad
1225 463 1630 521 confessionem
1671 480 1845 536 usque
1890 473 2104 537 peccat,

2214 480 2380 533 μενος
2450 464 2554 535 τῆς
2608 466 2911 537 ἁμαρτίας,
2968 465 3058 521 οἶα
3122 468 3223 523 κᾶν
3275 463 3335 543 ᾖ,
3363 467 3454 525 καὶ
3475 464 3567 526 εἶθ’
3599 477 3742 543 οὕτως

516 558 615 617 sed
640 557 994 615 confessione
1024 557 1169 613 facta
1221 557 1499 624 abstinet;
1552 558 1692 613 alius
1738 559 1835 628 qui
1877 567 2103 628 peccata

510 649 734 722 quidem
761 649 1056 705 contltetur
1076 688 1093 715 ,
1133 651 1228 704 sed
1272 648 1343 703 ab
1374 647 1441 702 iis
1468 647 1747 703 abstinere
1791 662 1900 703 non
1931 648 2097 715 valet,

510 752 607 799 aut
634 757 745 798 non
774 741 923 808 vult;
956 739 1098 795 alius
1127 739 1222 810 qui
1246 738 1536 809 pollicetur
1562 738 1783 811 quidem
1809 738 1881 794 ab
1922 738 2103 793 omni-

509 835 616 890 bus
653 832 893 905 peccatis
920 845 982 887 se
1003 830 1383 887 abstenturum
1402 867 1418 895 ,
1445 830 1540 886 sed
1562 830 1617 885 in
1650 844 1759 885 una
1781 828 1966 900 specie
1999 829 2103 886 hoc

514 940 621 982 non
654 933 852 997 potest.
901 924 1004 978 Alii
1032 938 1162 979 vero
1188 923 1284 994 qui
1314 923 1372 978 in
1390 922 1612 988 militia,
1668 931 1725 979 et
1756 923 2100 988 necessitate,

507 1028 605 1074 aut
623 1018 838 1084 timore,
881 1015 969 1072 vel
997 1016 1164 1079 dono,
1197 1015 1282 1071 vel
1329 1014 1642 1081 insolentia,
1669 1013 1756 1069 vel
1791 1013 1916 1069 aliis
1934 1012 2103 1069 variis

508 1109 689 1165 modis
729 1117 1015 1181 peccantes
1047 1106 1403 1164 conﬁtentur.
1477 1105 1766 1177 Ejusmodi
1824 1106 2103 1176 inquirere

507 1209 745 1273 oportet,
779 1201 826 1257 si
869 1215 1227 1273 personarum
1260 1208 1318 1256 et
1352 1197 1783 1279 diliferentiarum
1823 1198 2102 1269 quantita-

506 1307 618 1352 tem
648 1295 877 1352 delinire
899 1295 1135 1366 possint,
1166 1293 1253 1348 vel
1271 1308 1403 1351 non.
1447 1291 1553 1360 Qui
1583 1292 1730 1348 enim
1762 1291 2103 1347 liocdetlnire

509 1386 719 1456 nequit,
753 1393 816 1441 ut
846 1385 996 1441 luxui
1036 1393 1093 1440 et
1136 1384 1474 1457 intemperiei
1531 1384 1748 1439 deditus
1799 1382 2097 1453 iudicatur.

512 1474 594 1529 Illi
627 1483 811 1531 autem
843 1488 1057 1537 omnes,
1083 1483 1139 1529 et
1171 1488 1364 1530 eorum
1408 1474 1791 1544 unusquisque
1828 1471 2100 1542 dijudica-

504 1576 621 1635 tur,
668 1575 836 1639 prout
867 1565 923 1622 in
961 1580 1296 1637 unoquoque
1332 1580 1399 1621 ex
1439 1564 1548 1621 illis
1596 1564 1785 1620 decem
1833 1563 2014 1620 modis
2041 1578 2103 1619 se

503 1675 768 1733 peccasse
810 1658 1124 1715 confitetur.
1186 1658 1475 1715 Declarare
1509 1655 1671 1712 debet
1715 1656 1770 1711 in
1808 1664 1944 1727 quot
1973 1670 2100 1728 per-

505 1767 675 1809 sonas
696 1751 907 1818 incidit,
937 1751 1043 1807 boc
1061 1758 1167 1815 est,
1200 1751 1257 1805 in
1285 1757 1422 1820 quot
1447 1748 1733 1805 mulieres:
1761 1746 2015 1804 similiter
2047 1757 2103 1803 et

504 1845 789 1900 mulieres.
856 1842 1014 1899 Tunc
1049 1842 1145 1914 qui
1179 1841 1587 1899 confessionem
1611 1855 1803 1896 eorum
1847 1838 1957 1895 Deo
2000 1839 2099 1895 ad-

500 1937 730 2008 juvante
758 1936 979 2007 excipit,
1022 1937 1322 2008 interroget
1358 1950 1456 1993 eos
1505 1934 1699 2005 quales
1728 1949 1795 1990 ex
1820 1933 1934 2004 iam
1962 1948 2100 1989 enu-

504 2026 735 2085 meratis
758 2043 853 2084 sex
881 2026 1264 2084 fornicationis
1311 2024 1641 2082 differentiis
1663 2033 1795 2082 sunt
1826 2038 2096 2096 personae,

503 2120 616 2175 hoc
651 2127 759 2188 est,
789 2129 925 2191 quot
947 2120 1283 2183 meretrices,
1314 2130 1449 2191 quot
1481 2120 1683 2189 viduae,
1709 2130 1841 2190 quot
1863 2120 2097 2187 ancill-.9,

502 2218 642 2281 quot
697 2225 928 2281 parvum
965 2209 1213 2266 habitum
1268 2210 1655 2267 monachicum
1685 2211 1909 2275 indutae,
1965 2220 2103 2281 quot

502 2319 788 2374 magnum,
819 2311 953 2374 quot
984 2313 1236 2368 sacratae,
1268 2303 1374 2359 hoc
1412 2312 1496 2359 est
1522 2302 1854 2375 presbytera:
1892 2310 1946 2358 et
1980 2301 2100 2357 dia-

503 2410 773 2452 eonorum
806 2410 1026 2452 uxores.
1078 2394 1239 2451 Parvi
1289 2397 1440 2452 enim
1487 2395 1706 2453 habitus
1736 2394 2018 2451 monachae
2046 2402 2103 2451 et

505 2490 771 2545 lectorum
787 2502 991 2544 uxores
1010 2496 1066 2543 ut
1084 2487 1399 2543 meretrices
1413 2485 1749 2557 judicantur,
1771 2487 1952 2560 magni
1968 2503 2101 2543 vero

505 2579 731 2637 habitus
747 2580 1034 2635 monaclia:
1054 2588 1114 2634 ut
1131 2578 1480 2650 nuptaMSum
1492 2594 1626 2634 vero
1637 2579 1960 2635 confitentes
1977 2579 2102 2635 isto-

501 2690 628 2729 rum
645 2673 981 2730 differentias
1006 2681 1059 2730 et
1077 2673 1410 2744 quantitates
1434 2673 2104 2744 declaraverint,ctquan-

504 2775 620 2822 tum
659 2764 923 2837 temporis
945 2764 998 2819 in
1013 2766 1113 2820 ista
1142 2779 1309 2835 prava
1335 2763 1507 2820 animi
1530 2762 2103 2822 aﬂeclionecontrive-

503 2857 656 2912 rint:
684 2865 850 2928 atque
878 2855 924 2911 si
945 2855 1142 2926 aliqua:
1164 2871 1229 2910 ex
1259 2856 1395 2927 ipsis
1418 2866 1745 2927 pepererunt
1775 2858 1860 2912 vel
1887 2872 2031 2926 non;
2057 2859 2102 2915 si

504 2957 690 3004 essent
709 2945 817 3001 illis
833 2959 1054 3012 uxores,
1074 2945 1158 3002 vel
1177 2960 1285 3001 non
1302 2962 1317 3010 ;
1337 2946 1383 3002 si
1400 2946 1701 3002 secundum
1718 2955 1993 3015 naturam,
2012 2960 2105 3007 aut

505 3049 743 3112 utroque
768 3041 964 3110 modo;
985 3041 1032 3097 si
1055 3051 1183 3097 ante
1207 3041 1427 3112 triginta
1449 3055 1644 3107 annos,
1671 3051 1989 3113 autpostea,
2018 3046 2104 3101 vel

2131 1811 2174 1868 Β

2205 555 2536 626 ἐξαγγείλας
2569 558 2640 611 τὰ
2669 557 2821 636 αότῷ
2862 559 3231 631 ήμαρτήμενα
3251 577 3265 590 υ
3301 560 3394 614 καὶ
3437 561 3580 628 ἄλλος
3604 569 3628 618 ὁ
3656 570 3743 634 ἕως

2202 648 2304 721 τῆς
2354 648 2802 721 ἐξομολογήσεως
2857 651 3211 725 ἁμαρτάνων,
3252 651 3390 723 μετὰ
3418 652 3510 725 τὴν
3531 655 3746 726 ἐξομολὸ-

2204 755 2367 810 γησιν
2423 738 2482 793 δὲ
2531 739 2889 811 παυσάμενος
2915 756 2930 773 ⁶
2969 742 3065 796 καὶ
3115 740 3305 813 ἕτερος
3356 744 3384 795 ό
3436 744 3748 817 ἐξομολογού-

2207 850 2369 905 μενος
2406 833 2507 905 μὲν
2543 833 2646 899 τὰς
2676 835 2953 907 ἁμαρτίας
2988 835 3184 903 αὐτοῦ,
3225 835 3435 909 ἀποχὴν
3468 837 3521 890 δὲ
3554 839 3751 910 ποιῆσαι

2207 927 2284 1001 μὴ
2318 924 2540 998 ίσχὺων,
2574 927 2742 999 ἤγουν
2775 929 2836 981 οὐ
2880 928 3052 984 θέλων
3075 945 3091 960 ο
3120 928 3217 982 καὶ
3257 928 3417 993 ἄλλος
3451 930 3478 983 ό
3508 930 3750 1003 ὁμολογῶν

2208 1019 2307 1091 μὲν
2340 1019 2559 1075 πάντων
2580 1019 2852 1074 ποιεῖσθαι
2877 1021 3066 1074 κακῶν
3087 1020 3322 1091 ἀποχὴν,
3376 1020 3491 1085 ἐνὸς
3519 1022 3572 1075 δὲ
3606 1040 3754 1096 προσ-

2203 1108 2357 1165 ώπου
2400 1109 2479 1182 μὴ
2540 1109 2845 1181 δυνάμενος
2871 1127 2883 1143 ·
2914 1112 3010 1165 καὶ
3042 1110 3196 1166 ἄλλοι
3225 1111 3283 1164 δέ
3310 1111 3362 1164 οἱ
3390 1111 3482 1163 ἐπὶ
3518 1111 3656 1177 τάξει
3676 1116 3755 1168 καὶ

2203 1199 2348 1254 κατὰ
2373 1200 2475 1274 τὴν
2507 1200 2780 1272 ἀνάγκην,
2811 1200 2845 1272 ἢ
2876 1199 3061 1271 φόϐον,
3091 1200 3125 1273 ἢ
3154 1200 3350 1273 δῶρον,
3383 1200 3415 1271 ἢ
3446 1200 3699 1272 εὐήθειαν,
3729 1206 3757 1275 ἢ

2202 1292 2348 1348 κατὰ
2369 1293 2664 1365 διαφόρους
2704 1292 2944 1365 τρόπους
2983 1292 3405 1365 ἁμαρτάνοντες
3440 1292 3762 1363 ἐξομολογού-

2207 1403 2381 1457 μενοι.
2424 1386 2682 1458 Ἐρευνᾷν
2705 1386 2763 1440 δὲ
2785 1385 2985 1449 αὐτοὺς
3011 1385 3107 1441 καὶ
3140 1388 3189 1439 ei
3218 1385 3467 1457 ἰσχῦουσι
3503 1385 3598 1458 τὴν
3625 1388 3765 1441 ποσό-

2201 1494 2344 1544 τητα
2365 1476 2473 1531 τῶν
2493 1476 2807 1549 προσώπων
2841 1477 3039 1539 εἰπεῖν,
3070 1476 3107 1547 ἢ
3139 1477 3228 1531 οὔ.
3267 1477 3327 1530 '0
3351 1475 3459 1551 γὰρ
3486 1476 3559 1547 μὴ
3589 1477 3765 1549 ίσχύων

2203 1570 2380 1625 εἰπεῖν
2407 1569 2484 1634 ὡς
2508 1570 2717 1635 ἄσωτος
2748 1570 3016 1642 κρίνεται.
3045 1563 3205 1623 Οὗτοι
3245 1568 3304 1622 δέ
3337 1568 3538 1633 πάντες
3563 1569 3769 1633 ἕκαστος

2204 1660 2385 1717 αὐτῶν
2455 1661 2903 1732 ἀνακρινόμενος,
2957 1658 3031 1723 ὡς
3080 1658 3179 1712 καὶ
3218 1658 3455 1721 ἕκαστος
3487 1656 3770 1729 ἐξήμαρτεν

2204 1753 2313 1808 ἀπὸ
2354 1752 2466 1807 τῶν
2508 1753 2643 1807 δέκα
2689 1753 2899 1808 τούτων
2946 1753 3163 1824 τρόπων
3213 1750 3518 1822 ὁμολογῶν.
3561 1752 3775 1822 ὐφεί).ει

2202 1849 2377 1902 εἰπεῖν
2405 1848 2486 1912 είς
2514 1848 2618 1902 ὅσα
2656 1847 2925 1919 πρόσωπα
2955 1845 3139 1912 ἔπεσε,
3173 1843 3323 1899 τοῦτ’
3352 1844 3471 1898 ἐστι
3505 1846 3771 1912 γυναῖκας,

2200 1938 2404 2010 ὁμοίως
2444 1939 2539 1992 καὶ
2567 1940 2622 1993 ai
2656 1940 2937 2007 γυναῖκες.
2988 1936 3101 1991 Καὶ
3143 1936 3263 1991 τότε
3289 1938 3319 1990 ό
3364 1934 3653 2005 δεχόμενος
3695 1936 3780 1995 civ

2200 2030 2320 2103 Θεῷ
2366 2030 2465 2101 τὴν
2516 2029 2910 2102 ἐξομολόγησιν
2974 2027 3157 2083 αὐτῶν
3206 2026 3560 2097 ἀνακρινάτω
3597 2025 3779 2090 αὐτοὺς

2199 2122 2361 2175 ὁποῖα
2414 2115 2556 2191 ἦσαν
2588 2119 2659 2173 τὰ
2704 2120 2974 2193 πρόσωπα
3008 2117 3117 2173 suo
3161 2116 3274 2171 τῶν
3314 2115 3375 2181 ἐξ
3400 2113 3673 2185 διαφορῶν
3695 2114 3785 2183 τῆς

2204 2212 2464 2286 πορνείας
2489 2230 2502 2244 ·
2531 2211 2677 2267 τοῦτ’
2727 2212 2845 2275 ἐστι
2882 2211 3050 2267 πόσαι
3104 2210 3327 2280 πόρναι,
3380 2209 3482 2262 καὶ
3511 2206 3673 2260 πόσαι
3699 2206 3785 2278 χῆ-

2206 2326 2316 2381 ραι,
2341 2309 2437 2363 καὶ
2460 2308 2626 2361 πόσαι
2664 2308 3062 2378 μικρόσχημοι,
3080 2305 3178 2359 καὶ
3195 2305 3359 2358 πόσαι
3388 2301 3788 2375 μεγαλόσχημοι

2206 2400 2556 2474 μονάστριαι,
2592 2400 2687 2455 καὶ
2719 2400 2887 2454 πόσαι
2933 2398 3260 2470 ἱερωμέναι,
3286 2397 3465 2468 ἤγουν
3499 2392 3789 2465 πρεσϐυτέ-

2208 2510 2395 2565 ρισσαι
2425 2493 2458 2565 ἢ
2485 2492 2788 2565 ἐμϐἀθμων
2821 2492 3085 2547 διακόνων
3130 2492 3417 2560 γυναῖκες.
3455 2488 3525 2540 Al
3560 2485 3670 2556 γὰρ
3715 2501 3796 2554 μι-

2206 2587 2510 2659 κρόσχημοι
2541 2584 2888 2657 μονάστριαι,
2916 2585 3011 2638 καὶ
3032 2584 3142 2637 τῶν
3167 2579 3547 2650 ἁναγνωστῶν
3561 2577 3636 2641 ὡς
3653 2576 3779 2645 πόρ-

2204 2696 2294 2732 ναι
2330 2677 2630 2750 ’κρίνονται
2659 2693 2672 2704 ·
2704 2675 2761 2728 αἱ
2822 2674 2880 2728 δὲ
2935 2674 3351 2746 μεγαλόσχημοι
3405 2671 3484 2735 ὡς
3523 2668 3797 2737 ὕπανδροι.

2205 2773 2318 2826 Καὶ
2350 2772 2479 2826 ὅταν
2512 2769 2720 2823 τούτων
2759 2768 2858 2832 τὰς
2904 2768 3169 2838 διαφορὰς
3212 2765 3306 2821 καὶ
3351 2765 3460 2828 τὰς
3503 2763 3803 2830 ποσότητας
3918 2764 3923 2772 ’

2206 2865 2496 2937 ἐξείπωσιν
2517 2864 2567 2917 οί
2596 2861 3105 2933 ἐξομολογούμενοι,
3143 2858 3237 2913 καῖ⁹
3279 2857 3489 2911 ὁπόσον
3524 2854 3807 2926 ἐχρόνισαν

2207 2957 2288 3021 είς
2338 2956 2573 3014 ἑκαστον
2629 2952 2809 3006 αὐτῶν
2860 2952 3052 3015 πάθος,
3106 2949 3202 3004 καὶ
3232 2950 3282 3002 εί
3307 2948 3506 3001 ἔτεκον
3543 2944 3605 3009 ἐξ
3637 2940 3809 2996 αὐτῶν

2206 3067 2376 3117 τινες,
2407 3047 2442 3119 ἢ
2466 3044 2527 3100 οὔ
2555 3061 2569 3076 ⁸
2596 3046 2691 3102 καὶ
2719 3046 2768 3097 εἰ
2800 3039 2945 3113 εἶχον
2976 3044 3244 3111 γυναῖκας
3284 3040 3317 3111 ἢ
3348 3039 3461 3092 οὐκ
3505 3033 3681 3107 εἶχον,
3723 3034 3814 3093 καὶ

506 3141 741 3204 utroque
758 3133 920 3193 modo
938 3154 951 3189 ε
968 3134 1015 3190 si
1034 3133 1225 3199 semel,
1245 3133 1332 3190 vel
1349 3133 1456 3197 bis,
1475 3133 1557 3189 vel
1578 3144 1681 3200 ter,
1703 3143 1799 3189 aut
1814 3137 2036 3207 saepius;
2060 3138 2105 3193 si

2212 3145 2262 3198 εί
2290 3140 2434 3197 κατὰ
2477 3139 2640 3210 φύσιν
2678 3139 2930 3209 ἥμαρτον
2970 3135 3004 3206 ἢ
3052 3135 3149 3189 καὶ
3188 3131 3309 3187 κατ’
3343 3130 3688 3203 ἀμφότερα·
3725 3125 3814 3183 καὶ

515 3226 866 3293 destiterunt,
897 3227 989 3281 vel
1008 3226 1076 3282 ad
1104 3232 1443 3283 senectutem
1476 3242 1672 3297 usque,
1703 3236 1758 3283 et
1783 3228 1926 3284 diem
1950 3229 2103 3285 illum

508 3319 566 3375 in
614 3334 726 3390 quo
760 3319 1090 3376 conﬁtentur
1127 3314 1512 3389 peccaverunt,
1540 3320 1625 3375 vel
1646 3319 1761 3390 jam
1803 3321 2106 3380 desierant.

507 3417 791 3482 πολλάκις,
839 3416 935 3470 καὶ
974 3415 1025 3468 ει
1067 3413 1353 3485 ἐξέκοψαν,
1423 3413 1456 3486 ἢ
1505 3415 1601 3469 καὶ
1646 3414 1753 3479 ἕως
1793 3417 2003 3488 γήρως,
2068 3424 2166 3477 καὶ

506 3508 845 3583 ἡμάρτανον,
870 3506 908 3578 ἢ
945 3505 1364 3579 προαπέκοψαν.

576 3605 876 3677 Postquam
933 3602 1361 3667 dilerentiarum
1412 3602 1641 3659 istarum
1714 3603 2100 3677 interrogatio-

509 3715 635 3757 nem
656 3699 879 3764 linierit,
904 3710 1002 3754 eos
1035 3698 1233 3753 iterum
1253 3698 1318 3752 de
1336 3695 1562 3752 incestis
1588 3695 1844 3752 omnibus
1866 3698 2104 3755 interro-

508 3790 940 3872 gabit.Nunquid
958 3789 1250 3860 aliquando
1268 3788 1323 3844 in
1336 3798 1597 3861 cognatas
1629 3798 1682 3844 et
1698 3788 1886 3846 amnes
1903 3791 2107 3848 incide-

507 3887 641 3944 rint.
681 3883 740 3940 Si
772 3881 1186 3954 deprehenderit
1210 3895 1306 3937 eos
1336 3882 1388 3935 in
1424 3880 1628 3951 aliquid
1656 3881 1927 3951 ejusmodi
1968 3883 2109 3939 inci-

509 3978 684 4053 disse,
706 3974 1085 4048 interrogabit,
1110 3989 1178 4029 an
1220 3975 1417 4029 iterum
1454 3973 1827 4033 converterint
1856 3989 1916 4029 se
1945 3989 1975 4029 a
2016 3989 2110 4030 se-

507 4072 692 4129 cundo
721 4070 892 4145 gradu
918 4066 1344 4147 propinquitatis
1362 4066 1429 4122 ad
1456 4066 1718 4141 primum,
1743 4066 1829 4123 vel
1844 4081 1975 4122 non.
1996 4065 2111 4123 Hoc

508 4162 657 4218 enim
685 4161 842 4236 pejus
870 4169 971 4216 est.
1006 4157 1203 4215 Postea
1228 4159 1311 4215 sic
1341 4173 1437 4217 eos
1465 4159 1799 4233 interrogare
1824 4159 1974 4215 deiis
1990 4175 2113 4230 quae

508 4264 702 4313 contra
740 4263 993 4310 naturam
1033 4258 1417 4323 perpetrantur
1449 4268 1462 4304 :
1494 4265 1565 4304 an
1590 4249 1892 4306 ceciderint
1930 4236 2027 4307 veli
2058 4252 2112 4306 in

509 4348 712 4411 virum,
731 4345 813 4402 vel
830 4346 883 4401 in
916 4358 1144 4424 puerum
1157 4383 1170 4408 ,
1187 4342 1271 4398 vel
1293 4343 1347 4397 in
1354 4341 1688 4418 iumentum,
1701 4341 1785 4397 vel
1801 4343 1857 4396 in
1871 4341 2111 4405 volatile,

509 4439 597 4497 vel
616 4441 668 4494 in
686 4439 981 4511 puellulam
998 4445 1347 4495 antesextum
1370 4435 1643 4491 decimum
1664 4450 1893 4490 annum.
1920 4433 2114 4491 Postea

514 4530 896 4612 progredietur
922 4530 991 4585 ad
1028 4529 1509 4599 interrogationem
1538 4527 1606 4583 dc
1636 4526 1782 4591 caede
1810 4526 2117 4585 voluntaria

511 4633 569 4681 ct
596 4621 984 4689 invoiuntaria,
1015 4619 1179 4677 simul
1205 4628 1260 4676 et
1282 4620 1348 4675 de
1366 4618 1516 4691 gravi
1533 4616 1803 4695 etduplici
1835 4617 1925 4672 illa
1943 4617 2121 4673 molli-

516 4721 612 4776 tie.
645 4717 780 4773 Cum
811 4726 993 4773 autem
1035 4716 1391 4788 pmnitentem
1426 4714 1495 4771 de
1532 4714 1618 4770 his
1674 4713 1933 4769 oninibus
1974 4721 2119 4778 recte

514 4819 795 4872 scrutatus
815 4808 999 4875 fuerit,
1020 4818 1135 4863 tum
1166 4809 1233 4862 ad
1251 4808 1393 4862 vires
1411 4807 1532 4883 eius
1553 4807 1796 4862 animum
1815 4815 2117 4869 convertet,

2214 3236 2264 3289 εί
2298 3233 2404 3305 πρὸ
2429 3230 2730 3303 τριάκοντα
2773 3228 3005 3299 χρόνων,
3041 3225 3076 3297 ἢ
3104 3226 3200 3279 καὶ
3232 3222 3375 3296 μετὰ
3414 3219 3627 3284 ταῦτα,
3664 3216 3701 3288 ἢ
3728 3215 3817 3270 καὶ

2214 3326 2337 3382 κατ’
2365 3322 2656 3395 ἀμφότερα
2676 3337 2691 3353 ο
2727 3321 2824 3374 καὶ
2851 3320 2900 3373 εί
2932 3315 3105 3383 ἅπαξ,
3147 3317 3244 3371 καὶ
3265 3314 3372 3380 δὶς,
3409 3316 3514 3368 xa‘t.
3544 3312 3692 3382 τρὶς,

2207 3422 2254 3486 εἰ
2302 3394 2421 3485 ἓως
2465 3418 2567 3489 τῆς
2627 3416 2841 3493 ἡμέρας
2894 3412 3112 3483 ἐκείνης
3155 3404 3282 3486 ἐν
3321 3394 3825 3481 ἐξωμολογήσανῇ

2276 3604 2393 3665 Καὶ,
2437 3603 2567 3656 ὅταν
2602 3600 2823 3658 πάντων
2878 3596 3087 3653 τούτων
3136 3593 3346 3667 ἐξείποι
3384 3591 3496 3655 τὰς
3530 3586 3824 3661 διαφορὰς,

2206 3696 2370 3755 πάλιν
2397 3692 2612 3764 ἐρωτᾷν
2644 3690 2845 3752 αὐτοὺς
2880 3689 3012 3759 περὶ
3047 3685 3156 3740 τῶν
3199 3673 3582 3755 αἱμομιξιῶν,
3613 3683 3824 3752 μήποτε

2206 3790 2288 3852 είς
2311 3784 2637 3855 συγγενείας
2651 3781 2809 3845 τινὰς
2835 3782 2869 3852 ἢ
2903 3764 3174 3842 ἱδιοσόνας
3202 3777 3430 3830 ἔπεσον.
3479 3774 3604 3829 Καὶ
3638 3773 3689 3826 εί
3723 3770 3829 3843 ἄρα

2208 3880 2359 3953 εὖροι
2385 3877 2585 3941 αὐτοὺς
2610 3876 2667 3929 ἓν
2701 3893 2807 3935 τινι
2843 3871 3073 3936 τούτων,
3116 3869 3331 3941 ἐρωτᾷν
3361 3867 3588 3931 αὐτοὺς
3625 3866 3677 3918 εί
3739 3864 3834 3916 ἐπ·

2211 3971 2565 4044 ἐστράφησαν
2596 3968 2705 4028 ἀπὸ
2728 3965 2822 4022 τοῦ
2853 3964 3109 4036 δευτέρου
3137 3960 3445 4033 προσώπου
3490 3960 3601 4031 τῆς
3634 3971 3834 4026 συγγε-

2212 4066 2362 4129 νείας
2393 4063 2486 4117 ἐπὶ
2513 4061 2575 4116 τὸ
2607 4059 2825 4132 πρῶτον
2870 4057 3053 4120 πάλιν,
3085 4054 3117 4127 ἦ
3161 4053 3222 4107 οὔ
3254 4070 3266 4082 ·
3307 4056 3507 4124 χεῖρον
3559 4052 3678 4122 γάρ
3721 4051 3836 4102 ἐστι

2213 4156 2392 4212 τοῦτο.
2414 4155 2527 4215 Καὶ
2549 4148 2649 4206 εἷθ’
2680 4150 2854 4214 οὕτως
2881 4149 3109 4221 ἐρευνᾷν
3132 4144 3334 4208 αὐτοὺς
3368 4144 3520 4215 περὶ
3543 4141 3661 4196 τῶν
3686 4138 3838 4211 παρὰ

2216 4248 2381 4319 φύσιν
2405 4262 2421 4279 ο
2455 4246 2489 4318 ἢ
2520 4246 2600 4310 είς
2651 4244 2841 4316 ἄνδρα,
2884 4242 2917 4310 ἢ
2957 4242 3038 4303 εἰς
3077 4237 3314 4302 παιδίον,
3341 4236 3379 4312 ἢ
3418 4237 3509 4298 εἰς
3550 4230 3838 4305 κτῆνος,ἢ

2219 4342 2299 4404 είς
2331 4337 2538 4411 ὄρνεον,
2567 4336 2600 4408 ἢ
2634 4336 2715 4400 είς
2746 4334 3007 4405 κοράσιον
3044 4332 3150 4411 πρὸ
3192 4327 3286 4380 τοῦ
3332 4326 3679 4398 ὡρισμένου
3712 4320 3841 4397 χρό-

2218 4449 2311 4486 νου
2337 4430 2446 4484 τῶν
2471 4434 2546 4495 ις’
2573 4426 2711 4481 ἐτῶν
2766 4424 3125 4501 περιέπεσαν.
3169 4419 3283 4474 Ka‘t
3326 4413 3441 4471 εἷθ’
3477 4417 3672 4477 οὕτως
3717 4412 3845 4492 περὶ

2221 4522 2473 4579 ἑκουσίου
2523 4521 2618 4575 καὶ
2654 4518 2912 4573 ἀκουσίου
2973 4513 3160 4585 φόνου,
3209 4510 3347 4581 ὁμοῦ
3410 4510 3523 4563 καὶ
3580 4506 3719 4579 περὶ
3747 4504 3847 4573 τῆς

2222 4614 2402 4686 δεινῆς
2446 4612 2541 4667 καὶ
2581 4611 2766 4681 διττῆς
2811 4606 3109 4679 μαλακίας.
3156 4604 3268 4658 Kal.
3311 4604 3409 4656 ὅτε
3448 4600 3647 4655 ταῦτα
3672 4599 3851 4652 πάντα

2224 4708 2313 4761 τὸν
2352 4704 2717 4777 μετανοοῦντα
2745 4701 2930 4766 καλῶς
2962 4699 3260 4773 ἐρευνήσῃ,
3280 4695 3406 4749 τότε
3433 4696 3592 4767 πρὸς
3629 4692 3736 4764 τὴν
3765 4688 3852 4743 δύο

2225 4818 2389 4877 ναμιν
2411 4797 2598 4865 αὑτοῦ,
2625 4796 2826 4868 μᾶλλον
2846 4795 2903 4849 δέ
2926 4793 3061 4864 πρὸς
3086 4791 3185 4860 τὴν
3212 4786 3557 4861 κατάνυξιν,
3582 4785 3690 4839 καὶ
3718 4782 3857 4851 πρὸς

516 4903 820 4977 pmsertim
852 4903 921 4965 ad
968 4874 1476 4977 compunctionem,
1529 4908 1585 4953 et
1622 4899 2009 4964 humilitatem,
2043 4899 2108 4956 ad

2216 4892 2317 4963 τὴν
2344 4892 2697 4955 ταπείνωσιν,
2728 4889 2823 4942 καὶ
2873 4886 3014 4959 πρὸς
3055 4882 3125 4937 τὰ.
3148 4882 3384 4952 δάκρυα,
3420 4879 3531 4933 καὶ
3570 4878 3723 4949 πρὸς
3761 4874 3859 4942 τὴν

516 4976 809 5068 lacrymas,
838 4992 905 5049 ad
933 4976 1340 5064 eleemosynam
1372 5006 1535 5068 quam
1569 5007 1629 5046 se
1663 5007 1826 5065 posse
1857 4991 1966 5048 Deo
1986 4993 2120 5047 dare

518 5090 738 5144 fatetur.
787 5083 1031 5143 Tandem
1060 5083 1183 5140 fidei
1224 5081 1491 5137 fervorem
1520 5090 1576 5137 et
1613 5084 1951 5153 propositum
1983 5099 2120 5139 con-

522 5176 831 5242 siderabit;
865 5174 1126 5244 dabitque
1162 5172 1213 5228 ei
1248 5170 1512 5241 scriptum
1546 5156 1737 5241 ipsius~
1772 5173 2113 5238 mandatum,

523 5270 628 5326 hoc
651 5276 756 5333 est,
790 5266 1198 5338 pceuitentiam.
1228 5261 1384 5329 Quod
1416 5262 1483 5316 ad
1535 5263 1977 5320 communionem
2033 5272 2117 5318 at-

521 5355 681 5420 tinet,
717 5363 779 5411 ut
811 5369 981 5425 supra
1007 5353 1213 5417 dictum
1251 5362 1354 5419 est,
1389 5351 1755 5408 abstinebitur
1781 5353 1849 5407 ab
1900 5370 1965 5409 ea
2020 5369 2115 5423 per

524 5444 761 5516 spatium
784 5445 949 5502 unius
978 5444 1131 5510 anni,
1165 5443 1425 5509 duorum,
1462 5442 1651 5503 trium,
1682 5444 2117 5514 quatuor,quin-

524 5549 655 5604 que,
711 5549 887 5605 usque
914 5535 982 5590 ad
1011 5544 1253 5598 sextum,
1283 5542 1338 5589 et
1367 5533 1685 5604 septimum.
1729 5541 1919 5602 postea
1978 5547 2111 5587 con-

528 5627 771 5691 cedetur.
800 5626 957 5695 Quod
988 5627 1054 5682 ad
1089 5626 1272 5681 cibum
1294 5634 1349 5682 et
1382 5634 1571 5698 potum
1614 5624 1824 5688 attinet,
1861 5624 2120 5681 utferuut

530 5717 965 5790 uniuscujusque
1020 5728 1218 5774 natura
1248 5728 1301 5773 et
1331 5718 1495 5774 vires.
1532 5716 1687 5784 Quod
1733 5730 1864 5772 vero
1929 5715 1999 5772 ad
2054 5717 2117 5771 li-

531 5809 788 5886 ltlrgiam,
832 5825 953 5867 cum
985 5811 1393 5879 catechumenis
1428 5809 1576 5871 exire
1620 5825 1649 5867 c
1681 5810 1907 5888 templo,
1961 5819 2013 5866 et
2062 5808 2115 5866 ’m

2216 4982 2593 5057 ἐλεημοσύνην
2625 4980 2793 5036 αὑτοῦ
2824 4980 2890 5051 ἢν
2924 4978 3201 5049 ὁμολογεῖ,
3231 4974 3265 5045 ἢ
3293 4972 3412 5044 ἔχει
3463 4970 3643 5041 ἰσχὺν
3668 4965 3862 5021 δοῦναι

2215 5077 2294 5149 τῷ
2322 5077 2461 5146 Θεῷ.
2502 5075 2619 5136 Καὶ,
2638 5074 2794 5136 τέλος
2823 5072 2961 5152 πρὸς
2996 5069 3095 5141 τὴν
3136 5068 3367 5133 ζέουσαν
3418 5061 3614 5118 αἴδτοῦ
3670 5060 3862 5113 πίστιν

2217 5172 2312 5225 καὶ
2382 5169 2664 5239 πρόθεσιν,
2722 5165 2888 5219 δίδειν
2944 5162 3095 5233 αὐτῷ
3137 5161 3444 5232 ἐγγράφως
3479 5158 3598 5227 τὴν
3632 5152 3868 5228 ἐντοᾎὴν

2218 5257 2404 5323 αὐτοῦ,
2435 5257 2601 5327 ῆγουν
2634 5254 2731 5326 τὴν
2762 5251 3108 5327 ἐπιτίμησιν.
3136 5250 3248 5303 Καὶ
3283 5246 3426 5317 περὶ
3463 5244 3580 5315 μὲν
3607 5244 3721 5313 τῆς
3747 5257 3867 5295 κοι-

2218 5350 2435 5413 νωνίας,
2468 5347 2543 5412 ὡς
2573 5328 2831 5418 ἀνωτέρω
2862 5344 3102 5417 εἴρηται,
3135 5342 3232 5395 καὶ
3268 5339 3346 5403 εἰς
3376 5339 3609 5409 χρόνον
3654 5337 3762 5390 καὶ
3792 5335 3875 5395 είς

2216 5441 2333 5507 δύο,
2366 5442 2460 5494 καὶ
2498 5442 2579 5503 εἰς
2628 5439 2776 5512 τρία,
2819 5437 2912 5491 καὶ
2956 5438 3035 5498 εἰς
3077 5434 3343 5503 τέσσαρα,
3386 5430 3502 5484 καὶ
3544 5431 3638 5492 είς
3675 5428 3872 5486 πέντε,

2216 5535 2313 5587 καὶ
2346 5533 2427 5596 είς
2460 5530 2537 5597 ἐξ,
2574 5531 2670 5585 καὶ
2707 5531 2787 5594 εἰς
2827 5527 2966 5582 ἐπτὰ
3015 5526 3338 5596 συγχωρεῖν,
3400 5524 3557 5595 περὶ
3618 5522 3684 5575 δέ
3724 5519 3879 5591 βρώ-

2224 5642 2364 5689 σεως
2392 5623 2485 5679 καὶ
2514 5622 2749 5687 πόσεως,
2781 5621 2856 5683 ὡς
2888 5618 3001 5690 ἔχει
3033 5617 3269 5675 ἑκάστου
3300 5612 3486 5682 φύσις
3528 5614 3639 5666 καὶ
3683 5609 3875 5682 ἰσχύς.

2227 5718 2339 5770 Καὶ
2364 5715 2494 5787 περὶ
2556 5715 2653 5786 μὲν
2710 5712 2811 5791 τῆς
2862 5708 3209 5782 λειτουργίας
3243 5704 3353 5759 ἀπὸ
3392 5705 3549 5769 τοὺς
3581 5719 3881 5775 κατηχονο

2236 5809 2428 5885 μένους
2461 5806 2779 5881 ἐξέρχεσοαι
2808 5802 2900 5858 τοῦ
2934 5801 3061 5858 ναοῦ
3095 5799 3184 5856 καὶ
3218 5798 3456 5869 στήκειν
3490 5799 3588 5864 εἰς
3616 5796 3719 5853 τδν
3743 5796 3883 5869 νάρ⁶
