4058 6410
361 342 500 413 1913

1708 349 2322 417 ΡιΕΝιΤΕΝΤιΑιΕ.

3522 353 3654 420 19H

358 457 529 536 θηκα.
565 455 660 520 El;
689 452 746 509 δὲ
767 453 829 508 τὸ
863 455 1151 529 ἑσπερινδν
1196 457 1290 512 καὶ
1320 457 1519 533 ὄρθρον
1566 460 1662 516 καὶ
1709 464 1777 517 τά
1807 462 1945 517 ἄλλα

2064 463 2312 518 uarthece
2343 471 2491 519 stare
2531 461 2834 534 jubentor:
2868 463 2923 518 in
2961 461 3214 536 Vesperis
3262 479 3408 529 vero,
3442 476 3495 520 et
3532 483 3653 520 Illa-

359 535 643 606 ἀκώλυτον
672 539 814 602 εἶναι
851 547 995 604 κατὰ
1037 548 1218 605 πάντα
1262 551 1398 606 ὅπου
1440 551 1585 607 θέλει
1617 551 1951 609 ῐστασθαιὲν

357 639 438 712 τῷ
467 637 607 710 ναῷ,
641 639 733 694 ὅτι
765 640 860 699 καὶ
883 639 949 694 ἂν
981 639 1133 714 θέλῃ.
1164 642 1247 698 Τὰ
1270 642 1331 697 δὲ
1368 642 1612 715 Χριστοῦ
1636 644 1826 715 γέννα,
1854 645 1953 700 καὶ

358 729 613 793 τὰ,Φῶτα
636 731 732 787 καὶ
763 730 862 796 τὰς
890 733 1042 803 τρεῖς
1080 732 1175 791 τοῦ
1222 734 1416 806 Πάσχα
1461 737 1701 810 ἡμέρας,
1740 739 1859 810 ἢτοι
1884 743 1951 813 τῇ

363 822 584 897 μεγάλῃ
617 823 684 890 ε’,
731 822 828 879 καὶ
856 824 938 898 τῷ
984 826 1211 897 μεγάλῳ
1260 827 1552 900 Σαϐϐάτῳ.
1609 829 1709 884 καὶ
1749 832 1817 902 τῇ
1849 847 1949 901 με·

361 910 502 985 γάλῃ
531 914 816 986 κυριακῇ,
841 914 939 972 καὶ
964 913 1072 968 τῶν
1090 913 1285 983 ’Δγίων
1314 913 1652 970 Ἀποστόλων
1685 916 1788 987 τὴν
1819 919 1955 988 μνή-

366 1021 497 1076 μην,
522 1002 605 1077 [κ]
622 1006 690 1060 άν
705 1022 759 1063 τι
776 1005 1070 1071 κοινωνίας
1095 1006 1564 1079 μεταλαμϐάνειν,
1579 1006 1834 1080 ἀγίασμα
1847 1006 1956 1063 τῶν

361 1097 587 1164 Φὼτων,
642 1099 744 1157 καὶ
798 1098 944 1155 οὕτω
991 1099 1342 1155 διαλύεινοοί
1374 1101 1475 1173 μὲν
1525 1101 1760 1175 μοναχοὶ
1790 1102 1956 1174 τυρὸν

362 1187 461 1244 καὶ
485 1187 616 1258 ὠὸν,
643 1191 695 1244 οί
721 1189 779 1249 δὲ
812 1192 910 1246 καὶ
955 1191 1113 1263 κρέα.
1146 1193 1310 1263 Τρεῖς
1342 1193 1400 1246 δὲ
1434 1193 1704 1266 διαφοράς
1740 1193 1805 1249 τὸ
1831 1194 1955 1250 κατ’

363 1277 468 1351 ἒμὲ
494 1280 635 1346 τέως
670 1280 840 1353 ἔχειν,
882 1284 963 1348 είς
1002 1283 1073 1338 τὰ
1121 1285 1253 1355 περὶ
1306 1282 1567 1356 βρώσεως
1618 1286 1716 1341 καὶ
1742 1287 1958 1352 πόσεως

364 1370 445 1435 είς
487 1372 699 1438 πάντας
739 1375 1007 1447 ἐπιτιμῶ.
1046 1375 1111 1430 Ἡ
1158 1376 1299 1446 αὑτὴ
1329 1377 1440 1449 γὰρ
1480 1376 1549 1436 ἂν
1593 1379 1816 1450 άκρισις
1860 1379 1958 1435 καὶ

363 1462 639 1537 διάκρισις
658 1468 756 1525 καὶ
785 1467 969 1541 κρίσις
998 1468 1204 1540 ὀφείλει
1227 1469 1474 1540 γίνεσθαι
1516 1471 1608 1526 καὶ
1645 1473 1740 1525 ἐπὶ
1768 1489 1958 1542 γυναι-

365 1556 481 1613 κῶν
507 1559 608 1617 καὶ
630 1560 870 1633 ἀνδρῶν,
897 1561 1182 1635 κοσμικῶς
1201 1580 1263 1617 τε
1294 1563 1390 1619 καὶ
1424 1563 1809 1638 μοναχ[ικ]ὦς,
1827 1566 1959 1621 ἄνευ

365 1647 573 1704 δούλων
594 1650 689 1706 καὶ
719 1651 993 1709 δουλίδων.
1025 1653 1094 1708 Οἵ
1127 1670 1188 1707 τε
1230 1654 1340 1725 γὰρ
1398 1654 1579 1710 δοῦλοι
1610 1657 1707 1711 καὶ
1736 1659 1799 1711 αί
1835 1659 1960 1713 δου-

367 1737 512 1806 λίδες
539 1744 636 1798 καὶ
665 1744 820 1817 παρὰ
846 1744 956 1803 τῶν
1012 1745 1175 1802 θείων
1214 1745 1644 1821 ἑκανονίσθησαν
1691 1750 1958 1818 κανόνων,

2059 555 2256 611 tntinis
2324 554 2527 613 Ofﬁciis
2556 565 2611 612 et
2638 557 2764 612 aliis
2796 557 3031 613 liberum
3096 557 3482 613 omninoerit
3545 558 3651 612 illis

2055 648 2282 705 starein
2312 648 2516 720 templo
2568 649 2663 705 ubi
2689 647 2985 705 voluerint.
3051 648 3189 705 Cum
3215 662 3346 704 vero
3384 648 3655 718 paenitens

2057 741 2312 807 voluerit,
2350 741 2406 796 in
2449 740 2747 797 Nativitate
2781 739 3011 806 Christi,
3055 748 3112 796 et
3148 740 3209 794 in
3237 738 3567 810 Epiphania,
3601 750 3656 794 et

2057 833 2233 889 tribus
2255 830 2540 889 Paschatis
2573 832 2790 897 diebus,
2818 832 3072 888 videlicet
3099 845 3297 903 magna
3327 830 3463 886 feria
3494 830 3657 899 quin-

2057 935 2134 992 ta,
2185 935 2243 981 et
2266 941 2464 997 magno
2493 926 2751 993 Sabbato,
2782 935 2839 982 et
2871 940 3071 995 magna
3107 924 3414 989 Dominica,
3446 933 3654 978 etcum

2058 1026 2375 1074 sanctorum
2400 1018 2771 1089 apostolorum
2792 1018 3054 1074 memoria
3089 1017 3418 1082 celebratur,
3448 1015 3655 1085 aliquid

2058 1110 2465 1166 communionis
2496 1110 2827 1181 participare
2880 1116 3083 1180 potest,
3125 1106 3446 1180 Epiphaniae
3504 1106 3655 1163 scili-

2060 1201 2188 1257 licet
2219 1202 2735 1267 sanctiﬁcationem,
2758 1210 2816 1257 et
2835 1201 2919 1256 sic
2973 1200 3351 1270 paenitentiam
3385 1197 3497 1254 illis
3533 1198 3656 1254 die-

2061 1294 2167 1351 bus
2211 1293 2471 1357 relaxari,
2537 1292 2828 1349 monachis
2872 1293 3092 1362 quidem
3156 1306 3374 1348 caseum
3429 1299 3485 1347 et
3527 1304 3653 1357 ova,

2060 1386 2184 1443 aliis
2210 1401 2343 1442 vero
2392 1387 2570 1443 etiam
2607 1400 2851 1442 carnem.
2877 1384 3013 1442 Tres
3047 1391 3227 1439 autem
3241 1394 3369 1440 sunt
3395 1383 3537 1454 apud
3565 1396 3656 1438 nte

2063 1478 2234 1549 hujus
2270 1479 2348 1536 rei
2379 1478 2722 1537 diﬁ‘erentire.
2752 1477 2886 1544 Qua:
2907 1477 3089 1533 cibum
3110 1488 3164 1532 et
3192 1486 3379 1546 potum
3406 1484 3654 1544 spectant

2061 1572 2321 1627 omnibus
2357 1571 2604 1642 impono.
2665 1571 2870 1626 Eadem
2916 1578 3099 1624 autem
3163 1566 3547 1632 indifferentia,
3594 1577 3652 1621 et

2062 1665 2420 1734 comparatio,
2472 1673 2530 1721 et
2576 1662 2861 1730 discretio,
2915 1671 2970 1718 et
2994 1659 3261 1732 judicium
3317 1661 3372 1715 in
3404 1659 3652 1715 mulieri-

2064 1753 2167 1810 bus
2196 1765 2252 1811 οι
2300 1756 2455 1813 νίιὶεΔ
2492 1771 2615 1812 esse
2644 1755 2827 1820 debet,
2862 1755 2977 1809 sive
3003 1753 3318 1819 saeculares,
3366 1751 3483 1807 sive
3534 1765 3655 1807 me-

324 1894 329 1901 .
366 1831 428 1891 τὺ
452 1832 626 1906 ἥμισυ
658 1821 717 1890 δέ
751 1835 914 1907 μόνον
946 1836 1049 1907 τῆς
1082 1837 1460 1908 ἐπιτιμήσεως
1506 1838 1831 1911 λαμϐάνειν,
1871 1841 1960 1896 διὰ

2064 1847 2248 1914 nachi,
2283 1848 2380 1903 sed
2429 1846 2737 1917 excipiendi
2770 1853 2901 1902 sunt
2951 1844 3092 1901 servi
3140 1852 3196 1898 et
3234 1843 3463 1899 ancillae.
3497 1843 3653 1898 Servi

365 1922 429 1978 τδ
454 1923 531 1996 μὴ
552 1921 694 1983 εῖναι
716 1928 921 1992 αὐτοὺς
948 1929 1008 1982 ὲν
1030 1931 1100 2000 τῇ
1136 1929 1245 2001 ἰδίᾳ
1277 1928 1522 2003 ἐξουσίᾳ.

2059 1948 2244 1997 autem
2299 1948 2358 1997 et
2405 1939 2616 1996 ancilla:
2674 1940 2973 1995 secundum
3026 1937 3335 1993 divinorum
3376 1949 3654 1991 canonum

365 2015 587 2075 decreta
663 2019 902 2076 mediam
952 2016 1166 2076 tantum
1226 2021 1672 2091 pmnitentiarum
1727 2032 1940 2096 partem
1975 2043 2100 2101 qua:
2174 2031 2414 2089 dominis
2450 2031 2659 2103 imponi
2730 2032 2891 2098 solet,
2929 2030 3215 2102 suscipere
3281 2037 3557 2095 tenentur,
3585 2040 3656 2086 eo

366 2110 514 2183 quod
545 2112 603 2167 in
643 2127 745 2168 sua
791 2127 901 2168 non
932 2112 1045 2169 sint
1071 2122 1365 2184 potestate.

437 2219 610 2290 Οὗτος
629 2222 724 2281 οὖν
746 2227 786 2279 ὁ·
801 2226 1020 2299 πρῶτος
1042 2229 1145 2298 τῆς
1178 2229 1556 2301 ἐπιτιμήσεως
1574 2229 1684 2285 τῶν
1708 2233 1951 2301 πάντων,

364 2319 538 2392 χωρἰς
559 2318 766 2373 δούλων
788 2320 886 2373 καὶ
909 2319 1195 2386 δουλίδων,
1236 2320 1370 2393 παρ’
1395 2321 1523 2392 ἐμοὶ
1553 2321 1837 2394 διδόμενος
1871 2326 1954 2388 είς

364 2411 576 2475 πάντας
605 2409 716 2465 τῶν
765 2411 1062 2482 ἐπιτιμίων
1089 2413 1237 2482 ὄρος.
1285 2413 1561 2484 Δευτέραν
1607 2414 1709 2484 μὲν
1744 2417 1840 2469 καὶ
1866 2432 1957 2468 τε·

365 2503 922 2576 τραδοπαρασκευὴν,
963 2503 1169 2559 ἐσθίειν
1207 2504 1390 2559 ἔλαιον
1430 2506 1530 2559 καὶ
1558 2505 1786 2578 ὄσπριον
1815 2507 1955 2578 μετὰ

364 2593 618 2666 λαχάνων
643 2595 806 2667 μόνον
826 2635 843 2662 ,
873 2593 1047 2667 τυροῦ
1072 2596 1130 2649 δὲ
1168 2595 1266 2652 καὶ⁸
1313 2594 1429 2650 ὠοῦ-
1466 2596 1565 2651 καὶ
1607 2597 1841 2668 κρέατος
1862 2598 1957 2651 καὶ

364 2685 599 2758 ὀψαρίου
640 2687 985 2757 ἀπέχεσθαι’
1013 2688 1204 2759 τρίτην
1247 2686 1305 2741 δὲ
1344 2687 1441 2741 καὶ
1488 2686 1749 2760 πέμπτην
1776 2689 1957 2743 πάντα

366 2778 573 2834 ἐσθίειν
626 2778 930 2844 ἀκωλύτως
971 2779 1101 2841 ἄνευ
1155 2780 1410 2853 κρέατος.
1459 2779 1727 2851 Σαϐϐάτῳ
1768 2779 1825 2836 δὲ
1865 2780 1962 2833 καὶ⁵

366 2872 619 2943 κυριακῇ
650 2872 725 2944 μὴ
756 2871 814 2925 ἔν
862 2889 971 2926 τινι
1012 2871 1266 2944 βρώματι
1296 2873 1328 2944 ἢ
1376 2872 1586 2943 πόματι
1616 2872 1680 2926 τὺ
1726 2866 1840 2926 οἷον
1866 2868 1961 2927 οὖν

367 2963 730 3034 ἐπιτιμᾶσθαι
755 2981 770 2995 ο
803 2963 920 3018 ἀλλ’
976 2959 1122 3018 εἶναι
1165 2963 1447 3019 ἀκώλυτον
1513 2967 1595 3027 εἰς
1638 2965 1838 3028 πάντα,
1886 2967 1964 3029 ὠς

367 3052 573 3119 πάντες
604 3057 655 3109 οἱ
701 3055 777 3127 μὴ
801 3055 1017 3126 ἔχοντες
1067 3056 1343 3125 ἐπιτίμιον
1365 3097 1380 3121 ,
1431 3055 1576 3110 τοῦτ’
1615 3056 1732 3115 ἔστι
1765 3059 1859 3111 καὶ
1884 3060 1966 3122 εἰς

2134 2211 2263 2270 Haec
2291 2219 2375 2267 est
2397 2211 2560 2282 igitur
2580 2211 2761 2281 prima
2791 2208 3166 2279 castigationis
3189 2218 3243 2265 et
3305 2209 3657 2279 penitentia-

2058 2318 2182 2358 rutn
2204 2301 2484 2364 omnibus,
2502 2300 2548 2356 si
2561 2315 2751 2356 servos
2763 2308 2816 2354 et
2835 2299 3063 2354 ancillas
3077 2298 3340 2368 excipias,
3369 2314 3400 2354 a
3430 2300 3653 2356 medata

2057 2392 2326 2449 deﬁnitio.
2350 2391 2507 2448 Feria
2535 2407 2574 2447 ιι
2595 2403 2737 2457 ettv,
2755 2399 2809 2445 et
2834 2390 3132 2446 Parasceve
3157 2391 3336 2446 oleum
3369 2391 3655 2448 comedere

2057 2494 2115 2543 et
2142 2485 2417 2556 legumina
2447 2499 2573 2540 cum
2605 2483 2849 2539 oleribus
2874 2492 3086 2538 tantum
3115 2500 3131 2551 ;
3185 2483 3462 2551 abstinere
3527 2498 3654 2539 vero

2057 2590 2093 2632 λ
2141 2590 2333 2642 caseo,
2379 2588 2504 2640 ovo,
2534 2582 2590 2630 et
2636 2586 2824 2640 carne,
2859 2584 2912 2628 et
2941 2573 3223 2643 piscibus;
3254 2577 3411 2628 tertia
3445 2587 3575 2627 vero
3600 2582 3653 2628 et

2059 2668 2252 2737 quinta
2320 2667 2505 2721 omnia
2577 2665 2748 2721 libere
2797 2664 3083 2720 comedere
3136 2672 3333 2735 praeter
3386 2679 3649 2719 carnem:

2058 2758 2304 2815 Sabbato
2336 2772 2472 2812 vero
2505 2765 2562 2811 et
2593 2755 2877 2812 Dominica
2925 2755 2980 2810 in
3022 2756 3145 2811 cibo
3205 2764 3259 2811 et
3315 2765 3444 2826 potu
3501 2753 3656 2812 nullo

2061 2864 2392 2920 quocunque
2426 2847 2590 2905 modo
2618 2848 2827 2919 puniri,
2856 2848 2953 2904 sed
3001 2848 3056 2903 in
3106 2848 3367 2904 omnibus
3420 2849 3654 2904 liberum

2062 2957 2204 3006 esse,
2238 2954 2344 2997 non
2373 2956 2532 2996 secus
2570 2955 2635 2996 ac
2679 2937 2757 2996 illi
2788 2941 2883 3012 qui
2911 2941 3061 2996 nullo
3095 2940 3346 3010 epitimio
3375 2950 3654 3006 tenentur,

2064 3033 2169 3089 boc
2208 3045 2311 3101 est,
2362 3034 2418 3088 in
2466 3034 2615 3101 vino,
2651 3033 2706 3089 in
2755 3049 2947 3100 carne,
2996 3042 3055 3089 et
3087 3033 3318 3104 reliquis
3374 3033 3652 3090 omnibus.

367 3148 548 3220 κρέας
600 3124 712 3203 καὶ*
747 3124 1040 3215 είςνοῖνον,
1093 3151 1187 3203 καὶ
1224 3124 1304 3213 είς
1342 3151 1540 3221 πάντα.
1593 3150 1824 3221 Ὁμοίως
1868 3151 1960 3206 καὶ

2070 3124 2270 3181 Eadem
2318 3126 2460 3180 ratio
2497 3125 2603 3180 erit
2633 3125 2688 3179 in
2728 3126 2986 3182 omnibus
3036 3124 3192 3182 festis
3222 3125 3549 3189 Dominicis,
3597 3135 3656 3180 et

367 3245 451 3306 είς
499 3243 682 3296 πᾶσαν
724 3242 923 3313 ἑορτὴν
983 3242 1325 3315 Δεσποτικὴν
1378 3243 1479 3297 καὶ
1526 3243 1626 3314 τῆς
1681 3244 1957 3311 παναγίας

373 3333 668 3395 Θεοτόκου,
735 3335 830 3388 καὶ
893 3334 1003 3390 τῶν
1047 3335 1114 3407 ιβ’
1157 3336 1500 3391 Ἀποστόλων
1528 3336 1641 3389 οἴου
1690 3334 1757 3389 ἂν
1816 3334 1958 3408 λάχῃ

369 3426 568 3497 ὄνομα,
599 3428 695 3481 καὶ
738 3428 828 3482 οἷα
882 3427 987 3482 κάν
1031 3428 1180 3482 ἐστιν
1233 3428 1441 3499 ἡμέρα,
1499 3423 1639 3481 εἶναι
1677 3424 1958 3480 ἀκώλυτον

369 3520 431 3572 ὲν
471 3515 673 3590 βρώσει
705 3519 803 3572 καὶ
827 3516 987 3571 πόσει
1036 3517 1129 3572 τὸν
1154 3517 1587 3588 ἐπιτιμώμενον.
1624 3515 1733 3569 Καὶ
1762 3516 1841 3585 μὴ
1871 3530 1960 3568 τε·

369 3607 604 3680 τράδαῆ
657 3608 1024 3680 παρασκευὴν
1072 3608 1363 3677 φυλάττειν
1405 3609 1463 3661 ἐν
1503 3605 1730 3678 τοιαύτῃ
1771 3606 1956 3677 ἑορτῇ.

380 3697 618 3770 Ὀμοίως
650 3703 746 3753 καὶ
769 3699 865 3754 τοῦ
917 3700 1263 3772 Προδρόμου,
1299 3701 1395 3754 καὶ
1424 3698 1488 3752 τὸ
1513 3697 1959 3770 δωδεκαήμερον,

372 3791 468 3846 καὶ
496 3788 598 3859 τὴν
642 3790 919 3861 ἑϐδομάδα
975 3790 1071 3843 τοῦ
1116 3789 1336 3860 Πάσχα,
1388 3792 1483 3844 καὶ
1537 3791 1638 3861 τὴν
1692 3789 1804 3843 ἀπὸ
1859 3789 1961 3858 τῆς

371 3881 780 3953 Πεντηκοστῆς,
833 3879 905 3951 ἦν
960 3879 1059 3934 τοῦ
1104 3880 1264 3949 ἁγίου
1320 3879 1641 3949 Πνεύματος
1683 3880 1963 3950 καλοῦμεν

369 3971 644 4043 ἑϐδομάδα
663 3987 678 4002 ο
711 3971 810 4035 τάς
839 3970 899 4024 δὲ
922 3969 1034 4024 άπὸ
1056 3968 1152 4022 τοῦ
1189 3969 1527 4038 Ἀντίπασχα
1559 3968 1665 4032 ἕως
1696 3969 1795 4038 τῆς
1827 3971 1963 4025 Πεν-

370 4064 644 4136 τηκοστῆς
701 4062 936 4135 ἡμέρας,
998 4060 1144 4115 οὕτω
1207 4059 1309 4131 μὲν
1338 4054 1480 4113 εἶναι
1508 4062 1590 4123 είς
1642 4058 1813 4123 αὐτὰς
1840 4060 1961 4115 ὁλο-

370 4151 675 4215 απολύτους
704 4154 785 4214 εἰς
815 4152 992 4205 πάντα
1013 4149 1153 4222 πλὴν
1183 4148 1791 4221 τετραδοπαρασκευῆς,
1821 4166 1960 4222 κρα-

370 4248 487 4301 τεῖν
522 4245 988 4318 μονοπροσώπως,
1038 4246 1166 4307 τοὺς
1200 4243 1300 4313 μὲν
1345 4244 1649 4313 κοσμικοὺς
1679 4241 1739 4296 τὸ
1767 4243 1958 4314 κρέας,

371 4340 500 4405 τοὺς
530 4338 588 4392 δὲ
616 4332 899 4409 ’μοναχοὺς
950 4336 1043 4390 τὸν
1095 4335 1260 4408 τυρὸν
1313 4335 1407 4393 καὶ
1441 4333 1545 4391 ὠά.
1580 4330 1737 4388 Εἶναι
1777 4334 1835 4388 δὲ
1870 4334 1963 4390 καὶ

371 4431 471 4496 τὰς
501 4430 598 4484 δύο
623 4428 951 4500 ἑϐδομάδας,
987 4429 1086 4495 τῆς
1128 4444 1188 4480 τε
1228 4426 1528 4497 Ἀποκρέου
1560 4425 1655 4480 καὶ
1686 4427 1785 4498 τῆς
1819 4428 1963 4498 Προ-

2065 3218 2428 3274 sanctissimae
2459 3216 2556 3272 Dei
2586 3216 2902 3284 Genitricis,
2933 3226 2989 3272 et
3019 3217 3310 3273 duodecim
3374 3220 3655 3287 apostolo-

2060 3325 2181 3365 rum
2217 3309 2599 3380 cujuscunque
2646 3323 2845 3364 nomen
2876 3308 3160 3374 sortiatur,
3211 3318 3267 3364 et
3336 3309 3655 3379 qualiscun-

2060 3418 2167 3472 que
2194 3402 2267 3456 sit
2297 3402 2415 3458 dies
2447 3418 2465 3467 ;
2518 3401 2840 3472 ptenitentia
2914 3401 3180 3456 multatus
3222 3400 3358 3456 liber
3398 3415 3523 3456 esse
3561 3399 3657 3454 de-

2060 3494 2152 3550 bet
2192 3494 2247 3548 in
2281 3508 2382 3549 esu
2429 3501 2485 3548 et
2530 3502 2703 3563 potu:
2741 3507 2922 3563 neque
2950 3493 3006 3547 in
3045 3491 3317 3562 ejusmodi
3363 3490 3521 3548 festis
3575 3488 3658 3546 fc-

2063 3587 2203 3642 riam
2259 3594 2533 3655 quartam,
2567 3592 2663 3639 aut
2715 3582 3060 3639 Parasceven
3087 3582 3424 3638 observabit.
3489 3581 3657 3637 Simi-

2064 3680 2184 3736 liter
2212 3689 2266 3735 et
2302 3679 2358 3734 in
2383 3677 2521 3734 festo
2564 3675 2793 3733 Joannis
2820 3675 3098 3744 Baptistae,
3159 3683 3214 3730 et
3242 3675 3657 3740 dodecaemero,

2061 3784 2118 3831 et
2168 3773 2456 3829 Paschalis
2486 3774 2812 3843 septimana,
2837 3779 2890 3825 et
2916 3785 3038 3840 quae
3073 3769 3435 3825 Pentecosten
3458 3769 3655 3837 sequi-

2063 3876 2172 3932 tur,
2227 3880 2393 3935 quam
2428 3864 2602 3921 sancti
2663 3862 2897 3932 Spiritus
2955 3862 3315 3931 septimanam
3367 3876 3652 3927 vocamus,

2062 3960 2179 4015 dies
2228 3973 2446 4029 quoque
2498 3956 2569 4012 ab
2616 3955 3064 4020 Anti-Paschate,
3097 3954 3214 4009 sive
3248 3952 3529 4009 Dominica
3595 3953 3658 4012 in

2060 4052 2237 4120 Albis,
2266 4065 2443 4122 usque
2492 4049 2560 4109 ad
2607 4049 2989 4111 Pentecosten,
3028 4052 3246 4117 oportet
3296 4059 3419 4100 esse
3477 4047 3656 4100 omnl-

2061 4146 2166 4202 bus
2208 4144 2389 4200 modis
2429 4143 2654 4210 liberas,
2703 4148 2901 4212 praeter
2932 4153 2986 4192 ιν
3011 4148 3068 4194 et
3132 4154 3187 4192 vt
3261 4136 3481 4203 feriam,
3513 4153 3653 4208 quo-

2063 4253 2186 4295 rum
2222 4235 2550 4293 abstinentia
2602 4242 2687 4289 est
2709 4230 3048 4296 uninsrnodi,
3081 4229 3428 4285 saecularium
3464 4244 3497 4284 a
3529 4244 3656 4285 car--

2064 4329 2248 4395 nibus,
2283 4326 2683 4382 monachorum
2720 4339 2753 4378 a
2793 4337 2956 4377 caseo
2979 4330 3035 4377 et
3058 4320 3199 4376 ovis.
3229 4319 3459 4375 Duabus
3502 4319 3655 4374 insu-

2063 4434 2160 4490 per
2206 4413 2666 4479 hebdomadibus,
2704 4411 3058 4468 abstinentiae
3102 4409 3341 4468 carnalis
3369 4417 3420 4465 et
3442 4410 3655 4466 denun-

372 4522 693 4594 φωνησίμου
720 4519 1036 4583 ἀκωλύτους
1079 4518 1327 4582 ἅπαντας
1377 4520 1460 4582 είς
1505 4518 1706 4581 πάντα,
1739 4518 1866 4582 τούς
1902 4534 1960 4570 τε

2072 4508 2337 4574 tiationis,
2373 4507 2478 4562 hoc
2501 4514 2604 4572 est,
2657 4502 3025 4574 Sexagesima:
3063 4508 3119 4557 et
3170 4517 3295 4572 quae
3349 4516 3470 4557 eam
3520 4516 3658 4571 prae-

375 4614 646 4686 μοναχοὺς
671 4615 750 4677 εἰς
789 4611 955 4683 τυρὸν
987 4612 1083 4665 καὶ
1122 4611 1249 4677 ὠὸν,
1280 4609 1413 4674 τούς
1452 4626 1514 4664 τε
1556 4610 1857 4680 κοσμικοὺς
1882 4609 1963 4672 εις

373 4707 545 4777 κρέας
588 4705 865 4776 παρεκτὸς
917 4702 1030 4763 τῶν
1099 4701 1705 4774 τετραδοπαρασκευῶν
1757 4700 1960 4757 αὐτῶν.

372 4796 594 4861 Ταύτας
651 4797 764 4866 γὰρ
812 4796 936 4850 τότε
986 4795 1251 4864 ὀλοάγνας
1299 4796 1545 4866 κρατεῖν,
1602 4796 1655 4848 εἰ
1715 4793 1961 4861 δυνατὸν,

373 4889 470 4942 sul
494 4887 727 4959 ὁψαρίου
756 4888 946 4959 χωρὶς,
980 4887 1076 4940 καὶ
1099 4886 1208 4951 ἕιως
1235 4886 1335 4956 ὀψὲ
1360 4885 1678 4957 νηστεύειν.
1706 4887 1964 4958 Ὤρισται

369 4982 485 5053 γὰρ
515 4982 611 5036 καὶ
636 4980 797 5035 τοῦτο
820 4980 975 5052 παρὰ
996 4979 1094 5032 τοῦ
1126 4980 1274 5035 θείου
1309 4981 1537 5041 κανόνος
1558 4980 1673 5045 ἀεὶ,
1704 4980 1783 5044 ὡς
1814 4983 1969 5054 εἰρη-

373 5092 491 5144 ται,
506 5074 636 5128 ἄνευ
656 5074 851 5145 ἑορτῆς
875 5073 972 5131 καὶ
988 5072 1236 5143 δωδεκαη
1245 5074 1414 5143 μέρου
1427 5074 1523 5127 καί
1544 5074 1954 5145 Πεντηκοστῆς,

374 5168 521 5239 μήτε
558 5168 640 5228 εἰς
672 5165 826 5235 φίλον
859 5166 999 5221 κατὰ
1048 5163 1257 5218 οίονοῦν
1291 5164 1588 5225 καταλύειν
1614 5165 1833 5228 αὐτοὺς,
1865 5166 1967 5218 οὐκ

373 5257 494 5317 οἶδα
527 5262 595 5316 ἂν
627 5262 771 5317 κατὰ
791 5261 1105 5328 ἀσθένειαν,
1140 5260 1174 5331 ἢ
1204 5260 1375 5332 ἄλλην
1403 5261 1654 5331 μεγάλην
1701 5259 1969 5331 περίστα-

380 5373 487 5411 σιν.
518 5356 705 5426 Ἐχειν
737 5355 795 5410 δὲ
825 5354 973 5408 οίνου
1006 5355 1134 5425 ὅρον
1162 5356 1288 5419 τοὺς
1324 5353 1769 5425 ὲπιτιμωμένους
1793 5355 1841 5406 εἰ
1872 5352 1966 5405 δυ-

379 5445 542 5502 νατὸν
562 5446 820 5514 πάντοτε,
854 5446 1012 5510 ἐκτὸς
1042 5444 1568 5516 Σαϐϐατοκυριακῆς
1607 5445 1703 5498 καὶ
1748 5445 1968 5516 ἑορτῆς,

380 5537 795 5609 ἁσυγχωρήτως
823 5536 881 5590 δὲ
922 5537 1061 5600 τέως
1103 5536 1369 5607 δευτέραν
1413 5536 1510 5589 καὶ
1552 5534 1971 5606 τετραδοπαρα-

382 5628 577 5699 κσυὴν,
620 5628 767 5683 τοῦτ’
801 5628 919 5682 ἐστι
966 5627 1096 5699 μίαν
1138 5627 1331 5699 λίτραν
1381 5628 1558 5682 πίνειν
1598 5627 1700 5697 τὴν
1732 5626 1968 5697 ἡμέραν,

384 5715 517 5771 ιίδέ
560 5735 646 5783 τις
695 5718 920 5772 δύναται
980 5718 1058 5789 μὴ
1114 5718 1175 5772 τὸ
1204 5716 1424 5771 σύνολον
1454 5716 1552 5780 τὰς
1596 5718 1742 5788 τρεῖς
1769 5713 1971 5777 ταύτας

391 5806 602 5897 ἡμέρας
659 5809 836 5866 πίνειν
891 5803 1056 5877 οἶνον,
1089 5808 1264 5881 μέγαν
1306 5808 1495 5888 μισθὸν
1526 5807 1661 5883 ἔχει.
1708 5805 1897 5881 Ὅμως
1935 5806 1968 5879 ἡ

2071 4603 2232 4668 cedit,
2265 4601 2335 4656 ab
2363 4598 2622 4655 omnibus
2653 4595 2990 4667 pmnitentiis
3022 4593 3247 4649 liberari
3269 4594 3488 4660 debent,
3539 4607 3657 4647 mo-

2067 4696 2234 4755 nachi
2282 4696 2352 4750 ab
2379 4692 2710 4749 abstinentia
2767 4689 2912 4746 casei
2950 4697 3007 4745 et
3050 4704 3302 4754 ovorum,
3360 4688 3657 4771 saeculares

2068 4786 2275 4853 carnis,
2309 4794 2504 4857 praeter
2527 4798 2718 4840 earum
2766 4794 2823 4835 tv
2854 4787 2910 4835 et
2938 4795 2991 4833 vr
3032 4778 3222 4834 ferias.
3251 4777 3376 4834 Illas
3404 4777 3572 4842 enim,
3609 4778 3657 4834 si

2068 4880 2329 4953 possibile
2356 4885 2461 4943 est,
2497 4875 2725 4933 omnino
2756 4887 2924 4943 puras
2958 4880 3150 4927 tenere
3187 4877 3424 4939 oportet,
3489 4870 3657 4924 etiam

2069 4974 2189 5032 sine
2250 4969 2520 5042 piscibus,
2546 4977 2600 5023 et
2628 4967 2682 5021 in
2719 4966 2788 5025 iis
2828 4978 3001 5035 usque
3046 4963 3115 5018 ad
3165 4961 3459 5031 Vesperam
3511 4961 3658 5033 jeju.

2070 5079 2226 5122 nare.
2261 5061 2555 5118 Deﬁnitum
2581 5067 2666 5116 est
2693 5058 2839 5114 enim
2868 5073 2901 5111 a
2930 5055 3117 5114 divino
3135 5068 3346 5111 canone
3374 5068 3656 5126 nunquam

2069 5159 2260 5223 licere,
2295 5165 2354 5211 ut
2382 5152 2590 5209 dictum
2625 5158 2732 5216 est,
2790 5158 3151 5221 praeterquam
3183 5147 3237 5202 in
3269 5146 3426 5203 festis
3453 5156 3508 5203 et
3558 5148 3661 5204 don

2070 5252 2419 5315 decaemero,
2443 5257 2497 5305 et
2526 5248 2850 5304 Pentecoste
2869 5242 3145 5314 jejunium
3192 5241 3425 5307 solvere,
3474 5242 3660 5313 ncqui-

2072 5347 2196 5402 dem
2262 5351 2489 5416 propter
2544 5341 2782 5396 amicum
2824 5337 3302 5407 qualemcunque:
3361 5334 3549 5389 nescio
3587 5350 3657 5393 an

2073 5445 2292 5510 propter
2338 5432 2740 5496 inﬁrmitatem,
2780 5438 2875 5481 aut
2921 5426 3192 5496 insignem
3221 5424 3385 5479 aliam
3419 5424 3658 5495 circium

2074 5529 2358 5587 stantiam.
2394 5526 2624 5596 Semper
2656 5530 2837 5578 autem
2870 5518 3127 5575 convenit
3173 5518 3495 5591 poenitentia
3524 5517 3659 5573 aﬁ‘ea

2073 5632 2216 5689 ctos,
2260 5622 2308 5678 si
2344 5619 2605 5691 possibile
2636 5626 2738 5685 est,
2768 5616 2881 5673 vini
2903 5614 3317 5672 determinatam
3381 5609 3661 5683 quantita-

2076 5725 2184 5770 tem
2216 5712 2443 5777 habere,
2475 5709 2719 5780 exceptis
2748 5706 3022 5774 Sabbatis,
3068 5703 3372 5762 Dominicis
3404 5711 3459 5759 et
3482 5700 3658 5761 festis.

2079 5805 2234 5868 Tunc
2289 5814 2472 5866 autem
2500 5816 2611 5861 non
2651 5800 2993 5863 concedatur“
3011 5798 3166 5859 feriis
3184 5814 3224 5859 ιι
3256 5814 3308 5857 tv
3337 5807 3514 5871 ραι,
3547 5793 3660 5856 viui
