4058 6446
477 400 610 466 1919

1392 404 1718 468 JOANNIS
1754 400 2269 466 JEJUNATOIUS
2304 401 2413 464 CP.
2456 399 2810 463 ARCHIEP.

3584 395 3705 462 1020

1104 692 1413 748 ΙΩΑΝΝΟΥ
1437 690 1799 759 ΜΟΝΑΧΟΥ,
1829 680 2278 745 ΠΑΤΡΙΛΡΧΟΥ
2301 687 3115 745 ΚΩΝΣΤΑΝΤΙΝΟΥΠΟΛΕΩΣ

1820 848 1965 902 ΤΟΥ
1982 846 2422 903 ΝΗΣΤΕΥΤΟΥ

909 983 1101 1054 Λόγος
1123 983 1273 1054 πρὸς
1312 984 1421 1039 τὸν
1447 983 1759 1054 μέλλοντα
1789 980 2188 1054 ἐξαγορεῦσαι
2234 981 2344 1036 τόν
2370 980 2592 1036 ἑαυτοῦ
2640 980 3053 1051 πνευματικὸν
3072 978 3325 1050 Πατέρα.

2068 1123 2140 1138 -ο

1038 1211 1356 1273 JOANNIS
1387 1211 1731 1273 MONACHI
1775 1210 2282 1272 PATRIABCHE
2319 1205 3205 1270 CONSTANTINOPOLITANI

2048 1342 2206 1379 νοισο

1819 1436 2409 1500 JEJUNATORIS

723 1560 948 1623 Sermo
994 1559 1072 1623 ad
1112 1578 1225 1624 eos
1255 1560 1365 1641 qui
1427 1567 1833 1652 peccatorum
1863 1560 2342 1627 confessionem
2392 1559 2556 1623 Patri
2587 1577 2704 1623 suo
2741 1558 3052 1640 spirituali
3083 1557 3308 1649 edituri
3340 1562 3506 1620 sunt.

554 1723 823 1781 Dominus
859 1735 1048 1782 noster
1077 1723 1242 1782 Jesus
1276 1724 1531 1783 Christus
1556 1764 1572 1791 ,
1626 1723 1945 1796 unigenitus
1978 1724 2071 1782 Dei
2102 1729 2150 1789 Α

481 1814 701 1883 Filius,
773 1817 868 1888 qui
917 1826 1136 1888 propter
1185 1827 1535 1888 peccatorum
1604 1820 1838 1877 salutem
1907 1819 2072 1877 homo

482 1907 664 1965 factus
692 1917 813 1977 est,
857 1923 1203 1981 cognoscens
1256 1920 1472 1969 natura;
1521 1920 1723 1971 nostrae
1765 1913 2071 1981 lubricum,

482 2001 729 2073 lapsibus
760 2004 928 2060 variis
959 2004 1286 2071 obnoxium,
1314 2014 1369 2060 et
1396 2006 1543 2078 quod
1574 2021 1729 2063 mens
1774 2006 2012 2065 hominis
2041 2023 2075 2064 a

483 2093 765 2162 iuventute
807 2112 905 2154 sua
932 2104 1199 2169 perpetuo
1228 2106 1283 2155 et
1329 2097 1563 2156 sollicite
1614 2099 1844 2159 inclinat
1883 2100 1937 2157 in
1987 2117 2076 2159 res

482 2185 678 2252 malas,
705 2186 858 2242 nullo
878 2187 1042 2243 modo
1062 2202 1255 2243 eorum
1282 2204 1471 2244 curam
1501 2189 1763 2259 deseruit,
1782 2190 1876 2247 sed
1901 2192 2076 2260 legem

483 2275 568 2331 eis
600 2275 665 2331 ad
701 2276 966 2332 auxilium
1002 2277 1173 2342 dedit,
1212 2278 1435 2350 angelos
1461 2278 1720 2335 custodes
1751 2280 2073 2351 praeposuit,

482 2367 804 2438 prophetas,
831 2370 1134 2440 apostolos,
1159 2372 1471 2442 episcopos,
1493 2373 1860 2444 presbyteros,
1887 2373 2079 2429 docto-

487 2472 579 2514 res
616 2459 766 2515 misit
824 2459 892 2515 ad
943 2474 1042 2517 eos
1088 2462 1362 2533 spiritales
1404 2462 1690 2518 doctrinas
1740 2463 2077 2520 edocendos.

485 2544 784 2603 Monachus
804 2548 1030 2620 insuper
1057 2550 1123 2606 ad
1149 2549 1574 2619 exhortandum,
1607 2551 1675 2606 ad
1701 2551 2079 2611 confessiones

484 2636 633 2707 apud
666 2638 817 2709 ipsos
856 2653 981 2694 cum
1025 2640 1353 2710 pmnitentia
1381 2638 1691 2705 edendum,
1751 2650 1812 2697 ιιι
1861 2641 2074 2699 nullam

482 2730 820 2786 obtrectator
879 2740 935 2787 et
986 2732 1159 2789 hostis
1194 2740 1385 2788 noster
1429 2732 1720 2788 adversum
1771 2748 1875 2789 nos
1922 2748 2083 2791 noxa:

486 2820 787 2879 inferenda
820 2824 1167 2879 occasionem
1218 2823 1485 2891 inveniat,
1528 2840 1666 2881 neve
1700 2839 1801 2882 nos
1829 2834 1955 2896 post
1982 2841 2081 2880 ca-

491 2929 613 2968 sum
650 2915 703 2969 in
740 2915 1181 2988 desperationem
1226 2917 1423 2974 salutis
1460 2918 1670 2988 laqueis
1702 2927 1758 2974 et
1795 2917 2084 2974 tendiculis

484 3007 603 3061 suis
655 3007 900 3073 inducat,
957 3018 1011 3064 et
1056 3008 1296 3075 irrctiat,
1341 3009 1436 3065 sed
1504 3009 1647 3065 intra
1704 3008 1897 3065 salutis
1953 3023 2083 3082 por-

2259 1726 2321 1781 Ὀ
2339 1726 2719 1799 nemo;st
2759 1725 2966 1800 Ἰησοῦς
2997 1726 3253 1798 Χριστὸς,
3289 1729 3320 1783 ὁ
3351 1731 3638 1803 μονογενὴς
3657 1733 3745 1789 τοῦ

2174 1813 2312 1869 Θεοῦ
2350 1819 2501 1884 παῖς,
2539 1818 2569 1872 ὀ
2600 1815 2690 1871 διὰ
2733 1814 2833 1888 τὴν
2863 1816 3025 1888 ήμῶν
3058 1815 3170 1871 τῶν
3201 1817 3548 1888 ἁμαρτωλῶν
3585 1837 3746 1893 amq-

2177 1904 2300 1976 ρίαν
2330 1905 2625 1978 γενόμενος
2657 1905 2966 1976 ἄνθρωπος,
3009 1906 3166 1971 εἰδὼς
3199 1906 3360 1978 ὴμῶν
3388 1906 3452 1962 τὸ
3481 1908 3751 1982 ὀλισθηρὸν

2175 1995 2272 2051 καὶ
2320 1996 2421 2068 τῆς
2467 1996 2683 2067 φύσεως
2727 1995 2789 2051 τὸ
2833 1996 3135 2064 εὐόλισθον,
3186 1996 3282 2052 καὶ
3324 1996 3409 2051 ὅτι
3445 1997 3533 2053 διὰ
3569 2000 3752 2063 παντὸς
3843 2009 3849 2015 ’

2175 2086 2426 2160 ἔγκειται
2464 2090 2500 2161 ή
2546 2088 2758 2145 διάνοια.
2805 2089 2900 2145 τοῦ
2945 2089 3240 2163 ἀνθρώπου
3291 2089 3389 2144 ἐπὶ
3436 2089 3506 2144 τὰ
3558 2093 3758 2164 πονηρὰ

2176 2182 2458 2254 ἐπιμελῶς
2493 2183 2561 2240 ἐκ
2593 2184 2867 2255 νεότητος,
2913 2183 3165 2255 οὐδαμῶς
3212 2184 3398 2239 εῐασεν
3442 2183 3758 2257 ἀνεπιμελής

2177 2291 2327 2341 τους,
2362 2274 2478 2330 ἀλλ’
2506 2276 2677 2332 ἔδωκε
2711 2277 2878 2349 νόμον
2911 2277 2993 2340 εἰς
3031 2275 3316 2349 βοήθειαν,
3379 2276 3645 2346 ἀγγέλους
3673 2278 3759 2347 ἐφ-

2178 2368 2385 2441 έστηκε
2415 2369 2686 2440 φύλακας,
2707 2369 3060 2436 ἐξαπέστειλε
3091 2370 3757 2442 προφήτας,ἀποστόλους,

2181 2460 2465 2534 ίεράρχας,
2498 2462 2689 2532 ἱερεῖς,
2724 2460 3082 2525 διδασκάλους
3104 2462 3185 2525 είς
3215 2460 3572 2526 διδασκαλίας
3606 2477 3761 2515 πνους

2181 2552 2422 2625 ματικας
2452 2568 2466 2583 ·
2514 2553 2791 2624 μοναχοὺς
2817 2551 2877 2606 δέ
2919 2552 3083 2607 πάλιν
3130 2553 3192 2606 τὸ
3225 2553 3546 2624 παραινεῖν,
3589 2551 3680 2606 ἐπὶ
3713 2551 3767 2606 τὺ

2182 2641 2626 2714 ἐξομολογεῖσθαι
2667 2645 2749 2708 εἰς
2777 2643 2975 2709 αὐτοὺς
3024 2643 3165 2716 μετὰ
3201 2643 3524 2714 μετανοίας,
3561 2643 3651 2698 ἵνα
3677 2659 3771 2714 μη·

2181 2732 2377 2805 δεμίαν
2420 2733 2628 2807 βλάσην
2660 2734 2785 2790 καθ’
2824 2735 2985 2806 ἡμῶν
3034 2734 3170 2807 εὕρῃ
3216 2737 3247 2789 ὁ
3298 2734 3578 2806 βάσκανος
3627 2734 3775 2806 ἡμῶν

2182 2824 2378 2898 ἐχθρὸς
2410 2825 2506 2882 καὶ
2536 2826 2820 2898 πολέμιος,
2852 2827 2949 2882 καὶ
2976 2826 3329 2892 ἀνελπιστίας
3360 2829 3525 2899 ἡμᾶς
3550 2827 3644 2882 τοῦ
3679 2826 3777 2880 σώ-

2183 2916 2373 2983 ζεσθαι
2409 2917 2549 2988 μετὰ
2577 2918 2637 2972 τδ
2675 2921 2864 2972 πεσεῖν
2900 2917 3113 2990 βρόχοις
3144 2918 3242 2974 καὶ
3271 2918 3489 2988 πάγαις
3520 2918 3776 2992 περιάψῃ,

2184 3008 2299 3063 ἀλλ’
2339 3008 2449 3064 ἔσω
2476 3008 2588 3064 τῶν
2618 3011 2719 3080 τῆς
2752 3009 3028 3081 σωτηρίας
3056 3008 3295 3080 λιμένων
3338 3008 3644 3064 ἰθύνεσθαι.
3677 3008 3779 3063 Καὶ

485 3107 601 3153 tum
637 3095 782 3154 Deus
812 3100 1032 3170 dirigat.
1068 3100 1136 3156 Iis
1185 3102 1330 3157 enim
1360 3101 1455 3172 qui
1500 3101 1570 3159 ad
1623 3101 1801 3172 ipsum
1853 3116 1921 3158 ex
1970 3109 2084 3158 toto

2189 3102 2298 3174 γὰρ
2320 3102 2448 3167 τοὺς
2475 3102 2615 3174 πρὸς
2639 3101 2805 3155 αὐτὸν
2832 3101 2894 3167 ἐξ
2927 3102 3056 3173 ὅλης
3083 3101 3310 3174 καρδίας
3338 3101 3442 3156 καὶ
3465 3099 3780 3172 είλικρινοῢς

485 3189 691 3258 corde,
742 3200 797 3246 et
838 3190 1053 3251 sincero
1100 3194 1381 3265 proposito
1434 3202 1852 3259 convertuntur,
1888 3209 2084 3252 occur-

485 3282 593 3349 iit,
644 3289 700 3338 et
744 3297 842 3339 eos
904 3283 960 3339 in
1010 3284 1158 3340 ulnis
1222 3285 1557 3356 amplectens
1593 3284 1966 3352 deosculatur,
2030 3291 2085 3341 et

487 3373 739 3445 suscipit,
793 3383 855 3433 ut
902 3374 1216 3448 prodigum,
1270 3385 1329 3431 ut
1377 3376 1669 3445 latronem,
1722 3389 1783 3433 ut
1829 3376 2087 3435 meretri-

487 3480 630 3532 cem,
675 3465 772 3536 qui
825 3468 1133 3537 peccatoris
1168 3476 1399 3527 mortem
1446 3484 1559 3525 non
1601 3469 1740 3537 vult,
1792 3477 1852 3526 ut
1894 3485 2084 3528 eorum

486 3555 941 3623 conversionem,
996 3564 1051 3611 et
1086 3555 1276 3612 vitam.
1323 3557 1459 3613 Cum
1488 3557 1676 3629 igitur,
1702 3557 1924 3626 fratres,
1973 3568 2085 3619 tam

486 3648 678 3707 multis
706 3648 1037 3705 testimoniis
1070 3649 1434 3719 abundemus,
1466 3657 1578 3705 tam
1609 3664 1679 3705 ex
1704 3647 1887 3706 Veteri
1918 3665 2084 3722 quam

487 3756 555 3796 ex
590 3738 745 3796 Novo
778 3739 1159 3809 Testamento,
1213 3757 1337 3813 quae
1386 3757 1487 3797 nos
1537 3751 1597 3798 ιιι
1642 3743 1840 3799 salutis
1884 3752 2110 3801 nostrte‘

488 3845 678 3888 curam
715 3846 945 3902 agamus
975 3831 1315 3900 admonent,
1366 3832 1759 3905 confugiamus
1805 3833 1874 3888 ad
1912 3832 2086 3891 Deum

487 3931 737 3979 nostrum
773 3924 827 3979 in
866 3922 1238 3993 confessione,
1264 3926 1363 4001 qui
1398 3940 1596 3984 omnes
1629 3933 1982 3996 peccatores,
2026 3934 2089 3982 ιιι

488 4013 654 4070 saluti
687 4029 801 4070 suae
826 4014 1158 4081 consulant,
1194 4016 1544 4082 exhortatur,
1586 4031 1797 4087 eosque
1823 4033 1921 4089 per
1956 4032 2087 4088 pro-

489 4106 708 4177 phetam
753 4104 872 4162 Joel
919 4107 987 4162 ad
1041 4108 1422 4178 paenitentiam
1469 4123 1781 4179 provocans
1814 4110 1924 4166 alta
1952 4126 2088 4168 voce

486 4199 761 4254 exclamat
790 4198 977 4255 dicens
1010 4216 1023 4255 :
1060 4197 1444 4257 Couvertimini
1481 4200 1551 4255 ad
1585 4218 1667 4256 me
1698 4218 1764 4258 ea;
1797 4207 1905 4258 toto
1931 4204 2087 4261 corde

486 4299 695 4358 uestro,
730 4299 780 4345 et
830 4292 1061 4361 rumpite
1097 4292 1262 4347 corda
1309 4301 1505 4357 uestra,
1560 4308 1665 4348 non
1705 4302 1883 4350 autem
1926 4296 2084 4352 vesti-

490 4392 667 4438 menta
698 4395 874 4438 vestra
898 4384 963 4437 ".
1008 4383 1069 4440 Et
1098 4400 1195 4456 per
1220 4383 1417 4441 Isaiam
1453 4404 1466 4442 :
1499 4384 1780 4442 Lauamini
1803 4428 1819 4454 ,
1871 4397 1921 4442 et
1962 4388 2086 4458 puri

2187 3191 2498 3263 προθέσεως
2554 3191 2985 3262 ἐπιστρέφοντας
3038 3193 3392 3263 προῦπαντᾷ,
3443 3193 3538 3246 καὶ
3565 3189 3784 3260 ἀγκαλιο

2186 3280 2452 3352 ζομένους
2487 3279 2803 3350 καταφιλῶν
2827 3279 3172 3351 ὑποδέχεται,
3199 3281 3276 3345 ὡς
3304 3280 3414 3352 τὴν
3447 3282 3682 3346 ἄσωτον,
3710 3279 3780 3344 ὡς

2184 3370 2277 3428 τὸν
2321 3369 2545 3444 λῃστὴν,
2587 3370 2665 3434 ὡς
2703 3368 2801 3440 τὴν
2849 3369 3079 3441 πόρνην,
3128 3372 3157 3424 ὁ
3205 3369 3281 3441 μὴ
3331 3368 3673 3440 βουλόμενος
3699 3367 3784 3422 τὸν

2187 3462 2415 3522 θάνατον
2444 3464 2477 3534 ἡ
2486 3460 2603 3533 μῶν
2625 3461 2733 3516 τῶν
2759 3461 3125 3533 ἁμαρτωλῶν,
3143 3461 3220 3525 ὡς
3242 3461 3306 3516 τὸ
3335 3461 3678 3533 ἐπιστρέψαι
3700 3460 3787 3514 καὶ

2186 3554 2288 3627 ζῇν
2337 3554 2526 3610 αὐτόν.
2572 3554 2831 3625 Ἔχοντες
2882 3550 2998 3621 οὖν,
3052 3553 3294 3623 ἀδελφοὶ,
3341 3553 3669 3626 μαρτυρίας
3709 3552 3785 3604 ὅτι

2187 3630 2447 3712 πλείστας
2475 3647 2855 3720 παραινούσας
2896 3649 3045 3719 ἡμᾶς
3095 3647 3177 3711 είς
3210 3646 3273 3701 τὸ
3308 3646 3599 3712 σώζεσθαι
3648 3644 3712 3699 ἐκ
3734 3661 3788 3697 τι

2185 3739 2285 3811 τῆς
2314 3739 2559 3804 Παλαιᾶς
2589 3738 2804 3813 καὶτῆς
2828 3738 2973 3803 Νέας
3004 3738 3307 3811 Διαθήκης,
3337 3738 3789 3810 προσδράμωμεν

2184 3830 2269 3902 τῷ
2294 3829 2414 3899 Θεῷ
2456 3831 2618 3902 ἡμῶν
2667 3831 2727 3884 ἐν
2776 3829 3189 3901 ἐξομολογήσει,
3238 3830 3323 3884 ὅτι
3365 3829 3595 3892 πάντας
3630 3844 3791 3897 προσ-

2187 3923 2437 3982 καλεῖται
2480 3924 2610 3988 τοὺς
2656 3921 3022 3994 ἁμαρτωλοὺς
3052 3923 3134 3985 είς
3162 3919 3223 3975 τδ
3257 3919 3682 4005 σώζεσθαιηὼς
3708 3918 3795 3972 διὰ

2186 4014 2280 4072 τοῦ
2310 4016 2593 4089 προφήτου
2654 4014 2812 4086 Ἰωὴλ
2847 4015 3063 4079 πάντας
3106 4012 3247 4086 πρὸς
3280 4004 3603 4084 μετάνοιαν
3629 4028 3796 4082 προσ-

2186 4109 2524 4181 καλούμενος
2564 4107 2870 4179 ἀναφωνῶν
2907 4106 3099 4176 λέγει’
3148 4106 3606 4177 Ἐπιστρὰςρητε
3651 4106 3795 4175 πρός

2183 4222 2260 4276 με
2281 4204 2353 4271 ἐξ
2370 4203 2522 4273 ὅλης
2547 4203 2660 4274 τῆς
2684 4202 2939 4273 καρδίας
2959 4199 3144 4272 ὑμῶν,
3173 4199 3276 4255 καὶ
3298 4198 3680 4270 διαρῤιὶξατε
3696 4198 3800 4263 τὰς

2187 4296 2436 4366 καρδίας
2466 4294 2634 4366 ὑμῶν
2656 4296 2755 4351 καὶ
2793 4294 2879 4366 μὴ
2930 4295 3005 4349 τὰ
3050 4293 3252 4365 ἱμάτια
3297 4292 3500 4362 ὑμῶν.
3558 4293 3672 4347 Καὶ
3715 4290 3800 4344 διὰ

2200 4385 2424 4443 Ἡσαΐου
2468 4370 2639 4455 λέγει,
2694 4384 3033 4448 Λούσασθε,
3075 4383 3175 4438 καὶ
3217 4382 3477 4451 καθαροὶ
3525 4383 3798 4454 γένεσθε,

487 4481 674 4537 estote,
705 4472 875 4526 tollite
903 4483 1118 4543 peccata
1148 4473 1212 4529 de
1244 4475 1523 4531 animabus
1553 4477 1738 4532 vestris
1769 4478 1831 4532 ¹³⁵.
1882 4456 2084 4550 lit—per

2190 4476 2445 4548 ἀφέλετε
2499 4476 2610 4543 τὰς
2663 4475 2952 4546 ἁμαρτίας
2991 4473 3111 4530 ἀπὸ
3166 4474 3288 4528 τῶν
3331 4472 3569 4543 ψυχῶν
3612 4470 3797 4543 optim

487 4562 658 4616 alium
686 4561 883 4617 iterum
917 4563 1050 4619 dicit
1083 4583 1097 4618 :
1129 4564 1232 4618 Dic
1269 4575 1327 4620 tu
1360 4567 1594 4636 primum
1625 4576 1844 4638 peccata
1878 4578 1993 4634 tua,
2024 4577 2084 4622 ut

478 4652 797 4722 justiﬁceris
829 4654 895 4708 “.
931 4655 1249 4726 lternmque
1278 4674 1291 4710 :
1329 4655 1522 4714 Justus
1555 4660 1640 4714 sui
1676 4660 1850 4730 ipsius
1879 4668 1963 4715 est
1994 4675 2087 4716 ae-

487 4753 715 4800 cusator
743 4746 796 4800 in
834 4749 1276 4805 contradictione
1302 4751 1365 4806 ¹⁸.
1409 4752 1478 4806 Ει
1537 4767 1636 4823 per
1690 4751 2079 4808 Ezechielem:

501 4837 627 4892 Vivo
661 4853 756 4908 ego
801 4837 930 4894 dicit
971 4837 1272 4906 Dominus;
1318 4841 1441 4897 nolo
1489 4851 1711 4897 mortem
1764 4845 2081 4913 peccatoris,

488 4937 549 4985 ut
574 4941 936 4997 convertatur,
986 4940 1036 4987 et
1080 4934 1190 5002 ipse
1220 4934 1358 4989 vivat
1384 4934 1488 4989 "'.
1529 4934 1594 4989 Et
1637 4950 1733 5005 per
1772 4933 2029 4992 Davidem
2062 4952 2077 4989 :

488 5020 621 5076 Dixi
649 5038 668 5076 :
693 5021 994 5093 Conﬁtsbor
1022 5024 1305 5083 adversum
1328 5041 1410 5080 me
1426 5025 1757 5095 iniquitatem
1776 5041 1946 5080 meam
1970 5024 2086 5080 Do-

488 5113 657 5179 mino,
688 5124 738 5168 et
771 5125 827 5169 tu
864 5117 1116 5172 remisisti
1150 5117 1476 5186 impietatem
1514 5116 1690 5173 cordis
1721 5120 1823 5173 mei
1848 5119 1891 5151 "
1913 5118 1971 5175 “'.
2015 5121 2085 5176 Et

489 5206 715 5264 iterum:
735 5206 1041 5277 Conﬁtebor
1071 5209 1186 5277 tibi,
1212 5209 1452 5276 Domine,
1474 5212 1531 5265 in
1561 5221 1672 5265 toto
1695 5212 1851 5266 corde
1876 5228 1988 5268 meo
2016 5214 2081 5265 ".

491 5296 559 5353 Et
584 5296 815 5354 iterum:
841 5296 1107 5371 Cogitatio
1133 5295 1369 5355 hominis
1389 5301 1726 5372 conﬁtebitur
1754 5303 1849 5357 tibi
1875 5303 1921 5336 “
1947 5305 1989 5359 '.
2018 5303 2086 5360 Et

491 5405 590 5460 per
624 5387 889 5445 Jacobum
934 5390 1166 5448 fratrem
1216 5390 1435 5448 Domini
1469 5412 1484 5449 :
1524 5392 1866 5464 Conﬁtentini
1918 5395 2085 5451 alter-

490 5491 673 5539 utrum
702 5493 924 5554 peccata
952 5493 1146 5554 vestra,
1181 5492 1229 5539 et
1265 5495 1415 5541 orate
1443 5501 1540 5556 pro
1567 5488 1789 5541 inuicem
1828 5496 1886 5541 ut
1927 5503 2085 5542 sane-

495 5575 630 5630 mini
661 5574 726 5631 ".
767 5574 859 5633 Sic
880 5584 938 5632 et
966 5577 1098 5634 alibi
1129 5594 1142 5632 :
1181 5574 1444 5652 Nunquid
1471 5580 1561 5649 qui
1587 5579 1736 5633 cadit
1774 5595 1877 5634 non
1908 5595 2086 5635 resur-

571 5754 613 5786 ¹³
644 5751 762 5813 Joel
792 5773 854 5821 tt,
890 5758 975 5814 12.

494 5838 586 5896 es,
624 5824 675 5884 Ι.
752 5825 818 5860 ¹⁶⁹
846 5828 991 5887 isal.
1029 5845 1191 5899 Lxxv,
1231 5831 1311 5886 ll.
1365 5824 1433 5864 V"
1474 5829 1588 5888 Jac.
1633 5847 1685 5897 ν,
1720 5832 1805 5894 16.

2184 4570 2297 4624 Ka‘t
2332 4569 2401 4623 δι’
2445 4567 2636 4639 ἐτέρου
2681 4568 2845 4621 πάλιν
2878 4567 3047 4636 λέγει,
3096 4565 3249 4635 Λέγε
3276 4564 3360 4619 σὺ
3406 4563 3665 4634 πρῶτον
3701 4564 3805 4628 τὰς

2182 4659 2472 4732 ἁμαρτίας
2504 4673 2620 4713 σου
2652 4659 2754 4713 ἵνα
2798 4655 3138 4727 δικαιωθῇς.
3190 4658 3300 4710 Καὶ
3349 4658 3551 4724 πάλιν,
3583 4658 3804 4716 Δίκαιος

2184 4750 2378 4806 ἑαυτοῦ
2401 4752 2707 4821 κατήγορος
2731 4753 2788 4803 ἐν
2811 4748 3112 4820 ἀντιλογίᾳ,
3142 4750 3239 4803 καὶ
3262 4748 3351 4803 διὰ
3372 4748 3474 4804 τοῦ
3513 4744 3805 4817 Ἰεζεκιὴλ,

2180 4843 2277 4901 Ζῶ
2299 4842 2436 4914 ἐγὼ,
2468 4841 2632 4913 λέγει
2658 4843 2898 4909 Κύριος,
2924 4842 3005 4895 οὐ
3030 4839 3338 4911 ,βούλομαι
3376 4840 3497 4896 τὸν
3540 4840 3810 4896 θάνατον

2185 4931 2295 4989 τοῦ
2324 4931 2678 5004 άμαρτωλοῦ
2714 4932 2796 4998 ὡς
2826 4930 2895 4985 τὸ
2921 4928 3283 5000 ἐπιστρέψαι
3312 4930 3414 4986 καὶ
3446 4928 3570 5001 ζῇν
3596 4931 3811 4985 αὐτόν.

2189 5024 2303 5079 Καὶ
2328 5023 2419 5081 διὰ
2446 5022 2539 5078 τοῦ
2567 5020 2750 5087 Δασὶδ,
2782 5016 2931 5075 Εἶτα
2954 5020 3333 5090 ἐξαγορεῦσαι
3353 5021 3497 5079 κατ’
3520 5021 3680 5091 ἐμοῦ
3697 5019 3815 5088 τὴν

2187 5116 2447 5187 ἀνομίαν
2472 5132 2593 5185 μου
2622 5113 2703 5179 τῷ
2731 5113 2948 5182 Κυρίῳ,
2990 5112 3089 5167 καὶ
3119 5112 3201 5167 σὺ
3235 5110 3490 5182 ἀφῆκας
3515 5111 3647 5183 τὴν
3669 5112 3818 5169 dae-

2189 5210 2357 5263 68tar
2382 5206 2497 5276 τῆς
2530 5203 2781 5274 καρδίας
2817 5221 2962 5274 μου.
3008 5205 3121 5259 Καὶ
3152 5205 3339 5268 πάλιν,
3382 5203 3815 5275 Ἐξομολοτή-

2188 5302 2375 5371 σομαί
2392 5315 2513 5363 σοι,
2544 5299 2745 5367 Κύριε,
2771 5297 2842 5351 ἐν
2889 5295 3003 5365 ὅλῃ
3048 5296 3263 5366 καρδίᾳ
3296 5314 3442 5368 μου.
3476 5298 3601 5352 Καὶ
3630 5292 3817 5363 αὖθις,

2193 5392 2323 5449 Ὅτι
2376 5391 2665 5462 ἐνθύμιον
2728 5388 3046 5461 ἀνθρώπου
3105 5389 3650 5461 ἐξομολογήσεται
3692 5405 3815 5444 σοι.

2191 5484 2306 5540 Καὶ
2336 5483 2425 5537 διὰ
2463 5479 2723 5537 Ἰακώϐου
2762 5480 2858 5535 τοῦ
2902 5481 3252 5552 ἁδελφοθέου,
3293 5477 3823 5553 Ἔξομολογεῖὁνθε

2197 5577 2498 5645 ἀλλήλοις
2538 5560 2613 5630 τὰ
2662 5573 3140 5645 παραπτώματα,
3184 5574 3282 5630 καὶ
3327 5572 3609 5643 εὔχεσθε
3664 5570 3821 5641 ὑπὲρ

1085 5759 1266 5832 ¹³ῐειι.
1336 5760 1506 5832 1,16:
1587 5761 1629 5792 ιε
1686 5761 1817 5816 ibitl.
1879 5762 1967 5820 ts.
2051 5763 2084 5795 η

2184 5760 2358 5819 isech.
2436 5777 2625 5832 xum,
2663 5764 2750 5819 li.
2832 5761 2920 5795 "“
2982 5758 3126 5815 Psal.
3191 5772 3342 5823 xxxi,
3402 5756 3465 5810 5.
3556 5757 3604 5788 ι⁶
3665 5740 3818 5815 Ρειιι.
