4058 6410
330 317 505 407 '1921

1553 322 1808 399 SERMO
1847 337 1946 398 DE
1995 332 2504 397 PtENITENTIA.

3514 326 3654 397 1922

371 450 685 521 ἀλλήλων,
715 450 815 504 ἵνα
838 449 1071 517 ἰαθῆτε.
1113 448 1200 512 Ὠς
1235 444 1329 503 καὶ
1368 448 1626 519 ἀλλαχοῦ,
1673 448 1772 517 Μὴ
1803 452 1835 503 ό
1870 450 1967 501 πί-

2069 456 2149 519 get
2181 448 2220 479 ¹⁷
2241 448 2300 501 ’Ἰ
2329 445 2396 501 Ει
2424 446 2619 502 iterum
2650 462 2661 498 :
2699 436 2964 513 Etsurge,
2982 443 3073 513 qui
3100 439 3323 507 dormis,
3343 443 3406 498 ab
3441 440 3652 498 incuria

371 554 538 594 πτων
558 540 669 592 οὐκ
693 538 1035 602 ἀνίσταταις
1058 538 1169 592 Καὶ
1197 536 1675 607 πάλιν,¹Εγειραι,
1702 540 1735 592 ὀ
1755 539 1959 593 καθεύ-

371 632 512 699 δων,
532 631 642 702 τῆς
663 633 964 701 ἀμελείας,
983 632 1076 687 καί
1102 629 1339 686 ἀνάστα
1364 631 1435 685 ὲκ
1460 632 1578 687 τῶν
1599 630 1831 700 νεκρῶν
1849 631 1959 701 τῆς

371 724 789 791 ἀνελπιστίας,
823 723 920 778 καί
951 723 1273 791 ἐπιφαύσει
1305 740 1402 777 σοι
1430 726 1462 777 ό
1488 724 1805 791 Χριστὸς-,ὁ
1832 723 1959 778 ἄδυ-

382 832 461 879 τος
494 814 668 885 ἥλιος,
704 817 733 867 ὁ
762 811 1014 881 φωτίζων
1041 813 1110 866 τὰ
1138 813 1526 884 ὲσκοτισμένα.

442 906 698 959 Τοιοῦτον
727 901 820 958 οὖν
851 904 1085 976 ἔχοντες,
1137 906 1429 977 ἀγαπητοὶ,
1461 907 1740 979 Δεσπότην
1783 907 1962 975 ἀνεξί-

372 1014 566 1063 κακον,
615 998 953 1068 ἀνόργητον,
1006 997 1294 1067 συμπαθῆ,
1348 996 1670 1066 φιλάγαθον,
1723 999 1958 1070 ἀμνησί-

371 1104 562 1151 κακον,
613 1087 1071 1160 εὐσυμπάθητον,
1128 1086 1204 1158 μὴ
1255 1089 1638 1162 αἰσχυνθῶμεν
1683 1091 1752 1145 τὰ
1802 1090 1961 1161 ἡμῶν

372 1180 692 1251 πταίσματα
741 1180 1100 1251 δημοσιεῦσαι
1150 1183 1539 1252 πνευματικοῖς
1588 1183 1818 1255 ἀνδράσι
1855 1183 1962 1254 πρὸ

370 1271 465 1325 τοῦ
502 1267 737 1340 φοϐεροῦ
773 1272 986 1326 ἐκείνου
1015 1272 1111 1325 καὶ
1135 1270 1367 1344 φρικτοῦ
1398 1273 1705 1343 κριτηρίου.
1749 1273 1960 1344 Γέγρα-

374 1382 505 1418 πται
552 1365 682 1437 γὰρ,
725 1366 940 1420 Ἔστιν
977 1367 1244 1435 αἰσχύνη
1290 1364 1604 1435 ἐπάγουσα
1647 1366 1969 1435 ἁμαρτίαν,

372 1458 470 1513 καί
501 1458 675 1513 ἐστιν
699 1458 963 1527 αἰσχύνη
1001 1457 1175 1528 χάρις
1220 1456 1319 1511 καί
1361 1456 1532 1522 δόξα.
1573 1456 1746 1519 Εἰδὼς
1792 1458 1901 1530 γὰρ
1932 1459 1961 1510 6

374 1550 565 1622 Σωτὴρ
614 1550 770 1622 ἡμῶν
825 1549 922 1606 καὶ
967 1550 1099 1614 Θεὸς
1148 1552 1229 1605 ὃτι
1272 1549 1383 1605 νέοι
1435 1548 1824 1621 βαπτιζόμενοι
1868 1551 1961 1606 καὶ

375 1644 765 1715 προϐαίνοντες
794 1644 852 1696 ὲν
881 1643 1070 1716 ἡλικίᾳ
1100 1643 1404 1715 μολύνομεν
1436 1644 1527 1698 διὰ
1553 1643 1653 1708 τὰς
1689 1643 1964 1714 ἁμαρτίας

372 1730 463 1784 τὸν
486 1730 544 1797 ἐξ
562 1730 752 1795 ὓδατος
773 1732 866 1787 καὶ
885 1731 1192 1803 πνεύματος
1215 1730 1583 1801 ἐξυφανθέντα
1605 1735 1735 1805 ἡμῖν
1761 1734 1962 1804 χιτῶνα

2067 550 2181 603 tua,
2215 547 2263 593 et
2298 554 2510 608 resurge
2540 554 2571 592 a
2605 537 2852 604 mortuis,
2891 542 2940 590 et
2989 537 3353 605 desperatione
3379 577 3395 604 ,
3438 546 3486 589 et
3521 533 3653 591 illu-

2065 636 2287 690 minabit
2319 645 2366 690 te
2387 634 2626 690 Christus
2654 635 2694 665 ¹⁷
2720 635 2782 699 “,
2821 633 2912 704 qui
2944 633 3025 688 sol
3047 642 3134 696 est
3160 648 3265 686 non
3296 631 3656 697 occumbens,

2065 727 2160 798 qui
2190 727 2432 783 tenebris
2465 726 2658 782 obruta
2697 726 2819 782 luce
2850 724 3148 797 perfundit.

2136 882 2323 940 Talem
2355 885 2538 954 igitur,
2586 883 2802 951 dilecti,
2848 883 3114 938 habentes
3161 882 3455 939 Dominum
3505 883 3653 953 inju-

2065 974 2274 1033 riarum
2297 979 2638 1043 tolerantem,
2663 977 2891 1031 minime
2929 977 3279 1043 iracundum,
3313 978 3651 1047 compatien-

2068 1077 2197 1135 tem,
2230 1072 2504 1124 bonorum
2537 1079 2835 1135 amantem,
2862 1070 3131 1124 malorum
3160 1069 3560 1136 immemorem,
3586 1071 3661 1124 ad

2068 1160 2500 1215 misericordiam
2551 1162 2687 1216 adeo
2745 1162 3080 1231 proclivem,
3139 1176 3208 1217 ne
3263 1161 3661 1217 erubescamus

2069 1262 2192 1307 ante
2232 1251 2577 1307 tremendum
2612 1260 2666 1309 et
2696 1253 2936 1307 terribile
2969 1253 3098 1307 illud
3128 1252 3396 1322 judicium
3431 1261 3659 1324 peccata

2068 1352 2257 1399 nostra
2303 1344 2439 1399 viris
2490 1344 2872 1413 spiritualibus
2914 1345 3234 1413 publicare:
3269 1339 3661 1415 scriptum'cst

2067 1435 2212 1491 enim
2247 1455 2258 1489 :
2292 1434 2392 1489 Est
2420 1436 2593 1498 pudor
2637 1436 2905 1490 adducens
2932 1444 3222 1507 peccatum,
3256 1445 3303 1490 et
3345 1446 3424 1491 est
3460 1435 3651 1505 pudor,

2068 1529 2244 1597 gratia
2273 1538 2324 1582 et
2360 1527 2534 1598 gloria
2559 1528 2624 1582 “.
2660 1529 2852 1585 Sciens
2898 1529 3046 1584 enim
3101 1527 3359 1583 Servator
3408 1536 3462 1584 et
3510 1526 3662 1582 Deus

2070 1629 2277 1685 noster,
2321 1620 2468 1691 quod
2504 1620 2736 1689 juvenes
2764 1621 3023 1691 baptizati
3049 1620 3178 1675 dum
3208 1628 3369 1674 actate
3398 1619 3655 1690 provehi-

2068 1721 2194 1763 mur
2236 1726 2330 1779 per
2375 1720 2598 1782 peccata
2648 1711 3091 1767 contaminamus
3139 1713 3376 1766 tunicam
3416 1725 3483 1766 ex
3512 1725 3660 1782 aqua

373 1823 474 1892 τῆς
511 1821 843 1893 ἀφθαρσίας,
877 1801 1108 1879 δέδωκεν
1151 1826 1283 1896 ἡμῖν
1310 1824 1470 1879 πάλιν
1501 1825 1571 1877 δι’
1603 1801 1807 1879 οἰκείαν
1830 1843 1967 1898 χρη·

2071 1809 2123 1855 et
2157 1801 2354 1871 spiritu
2399 1803 2561 1859 nobis
2595 1811 2931 1868 contextam,
2980 1804 3220 1858 tunicam
3272 1804 3657 1859 immortalita-

377 1913 610 1983 στότητα
656 1914 723 1968 δι’
763 1915 1204 1987 ὲξομολογήσεως
1232 1910 1329 1971 καὶ
1360 1917 1650 1987 μετανοίας
1679 1918 1964 1987 καθαίρειν

262 2044 263 2047 η
372 2004 562 2059 τοῦτον
590 2006 687 2059 καὶ
711 2004 968 2078 λαμπρὸν
996 2007 1438 2077 ἀπεργάσασθαι,
1473 2007 1558 2061 ἵνα
1595 2003 1762 2063 πάλιν
1792 2004 1873 2073 εἰς
1904 2008 1967 2064 τὸ

373 2098 603 2169 ἀρχαῖον
633 2098 1032 2169 ὲπαναχθῶμεν
1062 2099 1303 2170 ἀξίωμα,
1340 2099 1433 2154 καὶ
1462 2098 1723 2171 φύγωμεν
1749 2096 1840 2152 διὰ
1863 2100 1966 2171 τῆς

376 2192 582 2261 μικρᾶς
620 2191 824 2262 ταύτης
856 2191 1144 2264 αἰσχύνης,
1182 2193 1282 2262 τῆς
1312 2190 1614 2264 μελλούσης
1645 2193 1769 2246 τότε
1788 2182 1965 2262 Ἷγενέ-

377 2282 502 2337 σθαι
532 2282 765 2338 ἐνώπιον
802 2284 1019 2339 πάντων
1047 2283 1296 2352 ἀγγέλων
1357 2286 1450 2339 καὶ
1478 2283 1802 2356 ἀνθρώπων,
1836 2285 1965 2340 ὅταν

373 2374 650 2429 ἀποδώσει
678 2375 896 2447 ἑκάστῳ
925 2375 1067 2429 κατὰ
1095 2375 1163 2429 τὰ
1192 2375 1332 2447 ἔργα
1357 2375 1543 2430 αὑτοῦ.
1576 2376 1671 2446 Μὴ
1700 2377 1810 2448 γὰρ
1835 2376 1966 2430 ἀνα-

378 2467 656 2538 μάρτητόν
705 2484 827 2521 τινα
869 2470 897 2522 ὁ
949 2467 1187 2539 Χριστός
1226 2484 1309 2520 σοι
1342 2466 1707 2537 ἐπηγγείλατο
1744 2464 1838 2520 τοῦ
1880 2466 1966 2532 ἐξ·

375 2555 734 2631 αγορεύει[ν],
767 2558 800 2628 ἢ
826 2556 1077 2626 ἄγγελον,
1107 2558 1140 2629 ἢ
1177 2557 1386 2611 δίκαιον
1416 2557 1511 2612 καὶ
1543 2559 1843 2628 ἀνέπαφον,
1878 2558 1966 2613 ἵνα

374 2648 475 2720 τὴν
529 2649 724 2703 ἑαυτοῦ
775 2650 1082 2721 ἀποτομίαν
1127 2648 1444 2723 δειλιάσῃςο
1497 2649 1633 2703 ἀλλά
1677 2650 1965 2721 ἄνθρωπον

376 2740 702 2812 ἁμαρτωλὸν
727 2741 819 2795 καὶ
840 2742 1144 2813 ὁμοιοπαθῆ
1176 2759 1291 2808 σου,
1327 2741 1413 2795 ἵνα
1444 2741 1531 2795 διὰ
1555 2743 1655 2813 τῆς
1683 2742 1966 2813 παρούσης

376 2832 582 2904 ταύτης
628 2832 917 2903 αἰσχύνης,
964 2833 1066 2904 τῆς
1114 2834 1419 2905 μελλούσης
1470 2832 1567 2887 καὶ
1599 2834 1821 2888 αἰωνίου
1869 2834 1966 2888 λυ-

374 2922 655 2997 τρωθήσῃ.
685 2923 873 2978 Ταῦτα
902 2918 995 2978 οὖν
1029 2924 1176 2978 κατὰ
1217 2923 1344 2979 νοῦν
1386 2924 1613 2994 θέμενος
1644 2925 1966 2995 ἀναλόγισαί

379 3032 473 3068 σου
528 3014 599 3068 τὰ
643 3017 1037 3088 πεπραγμένα,
1083 3016 1358 3087 ἀγαπητὲ,
1394 3017 1461 3071 τὰ
1504 3018 1563 3071 ὲν
1595 3016 1771 3083 νυκτὶ,
1806 3017 1877 3072 τά
1905 3019 1965 3071 ὲν

2067 1893 2175 1961 lis;
2236 1894 2383 1949 dedit
2422 1895 2582 1952 nobis
2647 1896 2963 1951 facultatem
3027 1897 3226 1952 iterum
3271 1911 3393 1952 eam
3456 1912 3661 1952 secun-

2067 1986 2195 2042 dum
2239 1985 2561 2043 familiarem
2615 1988 2721 2044 sibi
2760 1990 3058 2044 bonitatem
3106 2004 3202 2059 per
3249 1987 3657 2045 confessionem

2067 2088 2122 2136 et
2159 2082 2536 2153 paenitentiam
2586 2085 2917 2155 repurgandi
2974 2092 3031 2140 et
3068 2084 3400 2150 illustrandi,
3453 2092 3513 2140 ut
3553 2098 3655 2140 an-
3702 2110 3713 2132 .-

2067 2171 2277 2242 tiquam
2326 2172 2647 2243 dignitatem
2696 2186 3124 2244 recuperemus,
3183 2178 3237 2229 et
3278 2188 3378 2244 per
3430 2173 3659 2228 brevem
3717 2158 3719 2162 6

2066 2271 2122 2319 et
2169 2273 2609 2320 momentaneam
2664 2265 2809 2319 hanc
2858 2265 3287 2320 erubescentiam
3331 2264 3657 2335 effugiamus

2066 2371 2186 2410 eam
2244 2372 2368 2425 quas
2425 2372 2611 2412 coram
2684 2357 2890 2427 angelis
2964 2368 3018 2413 et
3088 2357 3407 2414 hominibus
3470 2357 3656 2411 futura

2075 2458 2191 2516 est,
2231 2465 2355 2506 cum
2404 2449 2549 2506 Deus
2577 2450 2873 2522 unicuique
2916 2452 3105 2507 reddet
3147 2451 3444 2507 secundum
3486 2460 3656 2522 opera

2066 2545 2205 2615 ejus.
2285 2544 2405 2601 Non
2462 2547 2606 2601 enim
2662 2547 2758 2601 tibi
2812 2548 3064 2617 promisit
3141 2546 3394 2602 Christus
3447 2546 3656 2617 impec-

2067 2639 2297 2694 cabilem
2333 2639 2570 2709 aliquem
2601 2640 2689 2694 cui
2725 2638 3085 2706 conﬁtere-ris,
3135 2642 3219 2694 vel
3266 2639 3542 2710 angulum,
3571 2636 3654 2692 vel

2062 2730 2301 2803 justum,
2332 2747 2644 2803 purumque
2688 2741 2853 2803 atque
2890 2732 2959 2788 ab
2993 2732 3143 2786 omni
3174 2739 3328 2803 parte
3364 2732 3655 2796 intactum,

2069 2831 2129 2879 ut
2156 2824 2332 2895 ipsius
2365 2840 2598 2880 examen
2634 2832 2688 2880 et
2733 2841 2978 2882 severam
3023 2823 3431 2897 inquisitionem
3462 2825 3654 2879 timeas

2065 2927 2121 2975 et
2149 2919 2421 2992 refugias;
2447 2922 2540 2978 sed
2570 2922 2848 2976 hominem
2875 2931 3217 2992 peccatorem
3241 2921 3433 2976 iisdem
3455 2919 3655 2991 quibus

2066 3022 2125 3069 tu
2155 3014 2324 3068 animi
2357 3014 2643 3071 aﬂ‘ectibus
2675 3014 3001 3080 obnoxium,
3035 3023 3095 3069 ut
3123 3030 3221 3085 per
3250 3012 3392 3069 hanc
3416 3027 3657 3084 praesen-

375 3106 587 3179 ἡμέρᾳ,
614 3107 683 3161 τὰ
716 3110 774 3162 ἐν
801 3107 1025 3177 γνώσει,
1051 3107 1124 3162 τὰ
1150 3110 1206 3162 ὲν
1240 3107 1457 3180 ἀγνοίᾳ,
1486 3107 1704 3163 ἅπαντα
1730 3108 1963 3164 ἐνώπιον

2069 3115 2174 3163 tem
2211 3108 2649 3164 erubescentiam
2704 3123 2735 3163 a
2779 3108 2964 3162 futura
3010 3119 3063 3162 et
3088 3117 3291 3163 mterna
3344 3104 3653 3161 redimaris.

375 3196 473 3252 τοῦ
501 3197 742 3269 Χριστοῦ
783 3200 879 3253 καὶ
906 3198 1016 3255 τῶν
1058 3197 1332 3253 ἐκλεκτῶν
1363 3198 1612 3269 ἀγγέλων
1645 3199 1834 3265 αὐτοῦ,
1867 3201 1963 3255 καὶ

2069 3197 2197 3256 Haec
2224 3199 2389 3270 igitur
2422 3200 2608 3256 animo
2635 3201 2922 3256 revolvens
2951 3201 3261 3266 considera,
3289 3209 3341 3255 et
3376 3199 3444 3255 ad
3472 3198 3657 3254 calcu-

376 3289 808 3363 ἀνερυθρίαστος
851 3290 990 3363 πρός
1042 3307 1112 3360 με
1148 3290 1240 3344 τὸν
1272 3277 1602 3361 ἁμαρτωλὸν
1648 3290 1817 3364 μηδὲν
1848 3291 1965 3347 δια-

2069 3291 2181 3347 lum
2230 3308 2451 3360 revoca,
2500 3293 2718 3360 dilecte,
2747 3309 2870 3365 qua;
2901 3292 3101 3360 fecisti,
3131 3308 3253 3364 quae
3300 3298 3488 3356 noctu,
3534 3303 3658 3360 qua:

380 3380 753 3452 στειλάμενος.

2072 3383 2327 3450 interdiu,
2363 3400 2485 3456 quae
2512 3384 2717 3451 sciens,
2760 3401 2884 3456 quae
2918 3384 3179 3454 ignorans
3212 3402 3228 3439 :
3259 3384 3443 3438 omnia
3469 3396 3656 3438 coram

379 3471 600 3528 Christo
631 3480 686 3527 et
709 3468 900 3527 electis
925 3469 1047 3542 ejus
1074 3468 1306 3542 angelis,
1340 3468 1483 3525 nihil
1515 3467 1724 3542 pudore
1752 3470 1990 3528 reticens
2027 3481 2124 3529 aut
2173 3473 2507 3530 contrahens
2531 3516 2549 3541 ,
2580 3473 2919 3530 confidenter
2960 3474 3094 3529 mihi
3171 3474 3443 3545 peecatori
3523 3487 3661 3530 eon-

383 3565 558 3621 ﬁtere.

466 3656 702 3727 ’οφείλει
739 3656 798 3713 δὲ
829 3658 857 3712 6
885 3656 1352 3730 ὲξαγορευόμενος
1393 3659 1568 3714 ποιεϊν
1604 3660 1754 3733 τρεῖς
1807 3676 1975 3731 μετα-

382 3750 531 3812 νοίας
560 3751 619 3803 ὲν
646 3752 713 3819 τῇ
749 3748 941 3819 εἰσόδῳ
967 3750 1064 3804 τοῦ
1098 3750 1255 3820 ἁγίου
1291 3751 1704 3823 θυσιαστηρίου,
1751 3752 1845 3805 καὶ
1885 3751 1976 3806 λέ-

383 3856 503 3907 γειν
541 3839 606 3891 ὲκ
638 3837 844 3908 τρίτου,
882 3857 902 3889 ι
939 3838 1405 3910 Ἐξομολογοῦμαί
1438 3857 1548 3907 σοι,
1586 3842 1768 3912 Πάτερ
1801 3840 1975 3911 Κύριε

383 3932 411 3983 6
439 3929 571 3994 Θεὸς
614 3929 709 3984 τοῦ
754 3928 985 4000 οὐρανοῦ
1031 3930 1128 3984 καὶ
1177 3931 1276 4001 τῆς
1304 3931 1432 4000 γῆς,
1467 3933 1646 3987 πάντα
1692 3933 1761 3986 τὰ
1794 3933 1853 3983 ὲν
1894 3930 1975 4004 τῷ

384 4021 617 4094 κρυπτῷ
641 4021 743 4094 τῆς
779 4021 1012 4094 καρδίας
1044 4037 1171 4092 μου.
1207 4038 1229 4074 ι
1272 4021 1385 4076 Καὶ
1419 4020 1562 4091 μετά
1590 4021 1652 4076 τὸ
1678 4022 1853 4076 εἰπεῖν
1879 4022 1974 4076 τὸν

381 4110 542 4180 λόγον
569 4109 758 4166 τοῦτον
792 4111 1019 4183 ἀνιστᾷν
1047 4108 1234 4174 αὐτὸν,
1270 4110 1366 4165 καὶ
1394 4109 1648 4166 ἵστασθαι
1677 4114 1770 4167 τόν
1798 4128 1859 4166 τε
1885 4110 1974 4177 ἐξ·

383 4202 815 4274 ομολογούμενον
854 4205 951 4257 καὶ
982 4201 1074 4256 τὸν
1105 4201 1521 4275 ἀναδεχόμενον,
1557 4202 1653 4257 καὶ
1687 4204 1973 4274 ἐπερωτᾷν

384 4294 549 4349 αὐτὸν
586 4295 646 4348 ὲν
674 4297 826 4369 πάσῃ
855 4294 1159 4367 ἱλαρότητι,
1194 4295 1245 4348 εἰ
1272 4294 1501 4349 δυνατὸν
1530 4295 1628 4350 καὶ
1654 4294 1975 4365 καταφιλεῖν

383 4385 570 4451 αὐτὸν,
617 4386 715 4439 καί⁸
761 4386 860 4450 τὰς
899 4389 1091 4458 χεῖρας
1130 4385 1299 4441 αὐτοῦ
1324 4386 1419 4441 τοῦ
1451 4386 1974 4459 ὲξομολογουμένου,

386 4475 483 4530 καὶ
509 4475 769 4547 μάλιστα,
805 4477 900 4533 ἐὰν
939 4479 1042 4550 ὁρᾷ
1088 4478 1255 4533 αὑτὸν
1283 4479 1436 4534 κάτω
1475 4494 1583 4533 που
1622 4479 1730 4533 ὑπὸ
1768 4478 1974 4551 πολλῆς

385 4562 482 4618 καὶ
522 4565 800 4636 ἀφορήτου
844 4565 1024 4638 λύπης
1087 4568 1186 4621 καὶ
1240 4567 1503 4639 αἰσχύνης
1549 4569 1973 4642 κυριευόμενον,

386 4655 594 4727 πραεία
620 4656 715 4710 καὶ
742 4657 904 4730 ίλαρᾷ
930 4662 998 4730 τῇ
1033 4661 1187 4731 φωνῇ
1218 4658 1401 4729 λέγειν
1432 4658 1607 4726 οὕτως
1641 4677 1656 4693 ·

457 4744 597 4815 Περί
643 4745 906 4812 πίστεως,
951 4749 1082 4820 περὶ
1133 4749 1461 4822 ἱεροσυλίας,
1516 4750 1649 4824 περὶ
1685 4751 1971 4824 αἱρέσεως,

386 4839 518 4909 περὶ
537 4837 909 4911 βλασφημίας,
935 4842 1066 4912 περὶ
1087 4841 1294 4914 φθορᾶς
1328 4843 1623 4916 παρθένου,
1654 4844 1785 4917 περὶ
1816 4862 1977 4917 μετα-

2152 3660 2321 3718 Debet
2356 3671 2536 3718 autem
2583 3662 2676 3733 qui
2715 3661 3008 3718 conﬁtetur
3051 3668 3162 3717 tres
3195 3659 3545 3732 pmnitentias
3582 3657 3664 3715 fa-

2075 3770 2197 3810 cere
2220 3756 2273 3810 in
2299 3757 2525 3810 introitu
2558 3755 2734 3811 sancti
2766 3754 2977 3820 altaris,
3016 3762 3207 3822 terque
3241 3753 3448 3819 dicere,
3473 3751 3662 3807 «Con-

2073 3847 2269 3901 fltebor
2290 3846 2410 3913 tibi,
2430 3845 2610 3907 Pater,
2629 3844 2861 3899 Domine
2885 3842 3028 3898 Deus
3049 3843 3174 3898 coeli
3197 3852 3250 3898 et
3269 3854 3448 3908 teme,
3474 3844 3660 3898 omnia

2073 3951 2198 4007 qua:
2238 3936 2293 3990 in
2330 3935 2657 3992 abscondito
2704 3934 2892 3990 cordis
2939 3934 3048 3990 mei
3094 3942 3240 3990 sunt.
3281 3953 3302 3986 ι
3338 3934 3437 3990 His
3473 3935 3659 3998 dictis,

2073 4042 2197 4084 eum
2227 4025 2389 4097 erigit
2436 4023 2741 4091 confessor,
2780 4033 2838 4081 et
2872 4034 3108 4095 utroque
3157 4032 3339 4080 stante
3376 4023 3663 4081 confessor

2072 4134 2198 4176 eum
2237 4120 2578 4191 interrogare
2604 4117 2766 4175 debet
2799 4132 2926 4173 cum
2959 4119 3111 4175 omni
3132 4118 3424 4186 hilaritate,
3450 4120 3661 4189 ipsum-

2073 4228 2181 4284 que
2212 4210 2260 4268 si
2286 4211 2404 4267 lieri
2434 4220 2615 4283 potest
2647 4209 2980 4279 deosculari,
3025 4226 3334 4282 manusque
3358 4211 3501 4282 ejus,
3526 4227 3662 4281 pra-

2075 4305 2266 4363 sertim
2296 4304 2344 4360 si
2373 4304 2572 4360 viderit
2622 4318 2748 4360 eum
2799 4303 2988 4359 animo
3016 4303 3287 4374 deiectum
3317 4314 3373 4360 et
3402 4303 3661 4359 intolera-

2074 4397 2238 4454 bilem
2280 4396 2519 4468 aliquam
2575 4395 2857 4473 tristitiam
2903 4403 2959 4451 et
3009 4396 3276 4466 pudorem
3328 4395 3433 4467 ipsi
3480 4394 3663 4452 domi-

2077 4499 2323 4569 nantem,
2364 4505 2499 4547 voee
2539 4498 2827 4547 mansueta
2859 4497 2916 4546 et
2945 4503 3141 4546 serena
3192 4489 3277 4546 sic
3325 4489 3660 4560 alloquetur.

2145 4738 2224 4795 De
2254 4737 2381 4804 fide,
2408 4736 2477 4793 de
2507 4734 2827 4808 sacrilegio,
2862 4735 2935 4793 de
2959 4735 3177 4803 heresi,
3200 4736 3268 4792 de
3297 4736 3661 4809 blasphemia.

2075 4828 2146 4885 de
2181 4827 2409 4899 virginis
2448 4828 2822 4898 corruptione,
2850 4827 2920 4884 de
2948 4828 3358 4903 communione,
3390 4829 3460 4884 de
3483 4843 3662 4899 quan-

383 4929 625 5002 λήψεως,
662 4932 792 5003 περὶ
836 4932 1139 5004 ποσότητος
1184 4934 1487 5003 γυναικῶν,
1522 4936 1656 5007 περὶ
1693 4937 1967 5010 πορνείας,

2079 4920 2234 4976 titate
2264 4920 2584 4987 mulierum,
2614 4919 2682 4975 de
2713 4918 3100 4987 fornicatione,
3129 4919 3199 4976 de
3237 4919 3512 4976 adulterio
3534 4959 3554 4987 ,
3594 4919 3663 4975 de

386 5019 517 5091 περὶ
558 5022 824 5092 μοιχείας,
858 5024 987 5094 περὶ
1021 5023 1322 5090 παπαδίας,
1355 5026 1484 5095 περὶ
1519 5023 1764 5096 μοναχῆς
1797 5043 1970 5096 μεγα-

382 5111 686 5182 λοσχήμου,
723 5113 853 5183 περὶ
888 5115 1291 5186 μικροσχήμου,
1323 5116 1454 5187 περὶ
1484 5117 1812 5188 ἱερωμένης,
1839 5119 1971 5189 περὶ

383 5202 728 5273 αίμομιξίας,
772 5205 902 5276 περὶ
925 5196 1579 5280 γυναιωρῤενομανίας,
1620 5209 1750 5278 περὶ
1777 5227 1971 5281 κτηνο-

385 5293 598 5359 Gaiae,
629 5297 760 5368 περὶ
787 5297 1160 5368 ὀρνεοὸατίας,
1190 5299 1321 5371 περὶ
1347 5298 1641 5371 μαλακίας,
1682 5300 1812 5372 περὶ
1843 5317 1971 5354 συν-

382 5385 713 5459 τρίμματος,
744 5390 873 5461 περὶ
900 5390 1049 5461 ἁφῆς
1069 5390 1381 5461 ἀλλοτρίας,
1408 5391 1540 5463 περὶ
1568 5390 1854 5455 συνουσίας
1881 5391 1969 5445 εύ-

384 5476 600 5550 νούχου,
637 5481 767 5551 περὶ
802 5480 1164 5551 κτηνοϐατίας
1201 5481 1452 5554 ἀρρένων
1491 5481 1669 5549 ζώων,
1712 5482 1842 5553 ἰτερί⁸
1874 5481 1967 5535 πί-

390 5585 618 5635 πτοντος
645 5573 724 5634 εἰς
764 5569 1124 5635 ἀϐάπτιστον,
1157 5573 1288 5641 περὶ
1314 5571 1573 5643 ἁρπαγῆς
1605 5572 1799 5643 κόρης,
1840 5570 1971 5643 περὶ

2072 5026 2246 5068 uxore
2298 5011 2624 5079 sacerdotis,
2671 5012 2740 5068 de
2788 5012 3019 5068 moniali
3069 5012 3253 5082 magni
3296 5011 3543 5076 habitus,
3593 5011 3664 5067 de

2073 5104 2299 5161 moniali
2342 5105 2496 5175 parvi
2540 5104 2788 5169 habitus,
2829 5104 2898 5161 de
2927 5104 3273 5168 diaconissa,
3321 5103 3390 5160 de
3423 5104 3657 5164 incestu.

2072 5198 2143 5254 de
2174 5198 2371 5255 insano
2406 5198 2779 5255 masculorum
2813 5212 2939 5254 cum
2987 5195 3208 5252 feminis
3233 5196 3552 5265 concubitu,
3593 5196 3663 5252 de

2072 5291 2221 5348 coitu
2252 5307 2382 5347 eum
2415 5291 2615 5357 brutis,
2656 5306 2782 5348 cum
2813 5288 3154 5353 volatilibus.
3202 5288 3271 5345 de
3314 5288 3563 5356 mollitie,
3597 5289 3665 5346 de

2074 5384 2456 5450 eonfrietione.
2481 5385 2549 5441 de
2575 5393 2725 5441 tactu
2757 5383 2960 5449 alieno,
2982 5382 3052 5439 de
3073 5396 3375 5454 congressu
3398 5380 3655 5444 eunuchi,

2073 5477 2142 5532 de
2195 5474 2499 5531 irrationali
2546 5474 2841 5532 concubitu
2890 5473 3264 5529 masculorum
3319 5471 3661 5530 animalium.

2077 5571 2146 5626 de
2177 5568 2248 5627 iis
2269 5568 2369 5640 qui
2396 5584 2525 5627 cum
2563 5583 2674 5625 non
2704 5566 2998 5640 baptizatis
3020 5566 3371 5638 copulantur,
3400 5565 3470 5622 de
3500 5571 3661 5633 raptu

459 5769 745 5830 "‘Jerem.
777 5790 892 5847 vm,
924 5774 977 5830 4.
1054 5776 1143 5811 ¹⁷⁴⁶
1178 5776 1376 5848 Epltes.
1414 5792 1466 5842 ν,
1503 5776 1588 5830 id.
1672 5775 1715 5808 ¹⁸
1755 5772 2026 5843 Εεοιὶδιν,
2058 5772 2154 5829 35-
