4058 6418
515 384 658 451 1923
1438 369 1762 436 JOAN’NIS
1793 356 2310 429 JEJUNATORIS
2349 358 2456 419 ce.
2493 342 2827 420 ARCHIEP
3641 350 3755 414 1924

510 495 728 569 puellae,
781 494 849 548 de
903 493 972 548 iis
1010 492 1103 562 qui
1154 498 1309 545 extra
1357 501 1452 540 vas
1495 481 1750 553 genitale,
1802 479 1872 569 de
1912 472 2098 569 copula

2224 471 2332 541 ἔξω
2416 471 2515 541 τῆς
2631 471 2792 540 ἥϐης,
2840 471 2969 541 περὶ
3006 470 3311 523 πιπτόντων
3344 467 3419 528 εἰς
3450 466 3550 531 τὰς
3578 466 3761 519 ἑαυτῶν

511 557 638 640 cum
668 581 866 637 ancilla
898 598 1030 645 sua,
1063 582 1131 636 de
1166 575 1357 633 osculo
1396 572 1645 644 corporis
1689 566 1994 629 muliebris,
2031 564 2098 617 de

2202 560 2427 625 δούλας,
2479 560 2607 631 περὶ
2651 560 2947 630 ἀσπασμοῦ
3015 560 3266 628 σώματος
3316 557 3610 627 γυναικκ,
3654 558 3762 629 περὶ

510 674 786 731 desiderio
827 672 1150 743 privationis
1180 671 1441 733 filiorum,
1486 667 1553 721 de
1597 664 1812 727 abortu,
1842 660 1910 714 de
1936 660 2098 729 phar-

2206 651 2373 703 πόθου
2398 649 2675 717 ἀτεκνίας,
2702 651 2831 722 περὶ
2860 648 3239 722 ὶκτρὼματος,
3273 649 3401 719 περὶ
3432 647 3578 701 κατά
3617 648 3676 701 τὰ
3703 647 3765 718 μή

511 767 685 822 ηιοοὶε
723 740 1117 836 componendis
1145 762 1210 818 ad
1238 756 1636 832 impediendam
1665 753 2098 823 conceptionem,

2206 741 2606 815 συλλαμϐάνειν
2636 744 2859 815 ποιῆσαι
2883 743 3137 814 βοτάνην,
3159 743 3288 812 περὶ
3310 740 3637 814 μαϐλησίας,
3657 741 3766 812 περί

511 860 582 916 de
610 860 837 914 mollitie
852 832 1100 913 alterius
1129 870 1231 926 ope
1263 854 1465 921 excita,
1514 851 1582 906 de
1623 848 1828 919 magia,
1860 845 1929 901 de
1968 860 2098 900 aru-

2206 835 2461 906 μαγείας,
2492 834 2622 905 περὶ
2669 834 3050 905 όρνεοσκόπων
3071 879 3087 901 ,
3146 834 3277 904 περὶ
3330 832 3593 901 μαντείας
3612 871 3626 891 .
3658 832 3768 903 περὶ

510 952 744 1026 spicina,
767 951 836 1006 de
851 947 1203 1014 divinatione,
1233 945 1299 1002 de
1328 943 1671 1015 gonorrbsea,
1698 938 1766 995 de
1792 936 2098 1009 pharmacis

2201 928 2525 1001 πνορῤύης,
2561 927 2693 999 περὶ
2738 928 3091 1000 φαρμακείας
3137 927 3462 997 θανασίμου,
3498 928 3630 994 περὶ
3656 926 3769 979 κα).-

511 1018 863 1109 mortalibus,
892 1041 960 1095 de
1001 1041 1115 1095 oris
1154 1036 1513 1100 ornamentis,
1562 1042 1618 1091 et
1656 1032 1811 1087 vultu
1851 1027 2098 1084 muliebri

2200 1021 2487 1092 λωπισμοῦ
2519 1020 2696 1091 ὅψεως
2723 1021 3006 1090 γυναικὸς,
3053 1022 3183 1092 περὶ
3214 1019 3326 1073 τῶν
3371 1018 3656 1073 τιλλόντων
3682 1018 3768 1081 τὰς

509 1135 719 1201 iucato,
746 1133 814 1189 de
846 1132 1209 1188 avellentibus
1242 1129 1347 1185 sibi
1375 1128 1537 1198 pilos,
1570 1125 1637 1181 de
1681 1120 2098 1192 impedientibus

2202 1114 2412 1168 ἑαυτῶν
2440 1112 2652 1185 τρίχας,
2690 1112 2824 1184 περὶ
2854 1112 3276 1184 άποστρεφικῶν
3297 1111 3393 1165 τοῦ
3433 1111 3507 1183 μὴ
3542 1108 3770 1180 βυζάνειν

509 1237 716 1282 matres
750 1239 817 1280 ne
844 1223 1082 1279 infantes
1128 1223 1353 1287 lactent,
1396 1228 1451 1275 et
1485 1218 1739 1280 educent,
1778 1214 1845 1269 de
1883 1211 2098 1267 vinculo

2199 1208 2269 1261 τὰ
2313 1206 2527 1262 ἑαυτῶν
2567 1207 2777 1271 παιδία,
2831 1207 2960 1277 περὶ
3003 1205 3304 1276 δέματοςῆ
3350 1204 3615 1276 λύματος,
3660 1205 3771 1275 περὶ

508 1329 567 1376 et
602 1319 873 1376 solutione
910 1317 1149 1387 magica,
1197 1316 1266 1372 de
1297 1313 1526 1378 invidia,
1565 1312 1632 1366 de
1673 1307 2098 1372 detrectatione,

2200 1300 2420 1371 φθόνου,
2468 1301 2597 1371 περὶ
2644 1299 3015 1366 καταλαλιάς,
3067 1299 3199 1371 περὶ
3248 1297 3607 1370 κατηγορίας,
3657 1297 3771 1368 περὶ

492 1412 579 1483 ,ὀθ
604 1410 975 1475 accusatione,
1003 1386 1071 1464 de
1097 1408 1403 1474 mendacio,
1429 1406 1497 1460 de
1535 1403 1698 1469 furto,
1727 1402 1794 1457 de
1824 1398 2098 1470 sepulcro-

2197 1392 2452 1465 ψεύδους,
2499 1390 2628 1462 περὶ
2656 1390 2904 1461 κλεψιᾶς,
2939 1390 3068 1461 περὶ
3094 1387 3495 1461 τυμϐωρύχων,
3528 1388 3654 1459 περὶ
3680 1386 3772 1439 λω-

508 1518 635 1559 rum
671 1502 1051 1568 eﬂ‘ossoribus,
1094 1502 1163 1556 de
1197 1500 1649 1555 vestimentorum
1681 1492 2007 1565 spoliatione
2028 1490 2098 1547 iis

2199 1485 2481 1551 ποδυσίας,
2526 1485 2656 1556 περὶ
2705 1483 2883 1548 δόλου,
2942 1482 3071 1554 περὶ
3128 1482 3342 1554 ὕϐρεως
3395 1481 3607 1552 ἱερέως,
3656 1479 3770 1550 περὶ

508 1594 677 1661 facta,
707 1595 775 1649 de
800 1594 948 1658 dolo,
975 1594 1043 1649 de
1065 1588 1268 1662 injuria
1296 1590 1569 1647 sacerdoti
1604 1588 1776 1652 illata,
1811 1584 1879 1641 de
1901 1583 2098 1655 injuria

2200 1577 2413 1649 ὕϐρεως
2444 1574 2822 1648 πνευματικοῦ
2851 1575 3086 1647 Πατρὸς,
3124 1573 3254 1646 περῖ
3282 1572 3637 1643 πατραλοίας,
3656 1571 3771 1642 περὶ

508 1687 791 1757 spirituali
820 1683 967 1739 Patri
1002 1685 1174 1750 illata,
1214 1684 1283 1739 de
1344 1680 1680 1753 parricidio,
1730 1679 1799 1735 de
1844 1678 2098 1736 sordibus

2202 1668 2580 1745 μαγαρισμοῦ,
2624 1669 2753 1742 περὶ
2790 1665 3183 1740 μιαροφαγίας,
3213 1667 3343 1737 περὶ
3375 1664 3583 1736 κλοπῆς
3608 1663 3770 1731 ζώων,

507 1787 565 1835 et
592 1778 1047 1848 inquinamentis,
1076 1778 1145 1832 de
1185 1790 1367 1831 rerum
1402 1773 1735 1845 pollutarum
1762 1786 1884 1837 esu,
1912 1771 1980 1828 de
2007 1785 2097 1826 ra-

2199 1764 2333 1837 περὶ
2367 1761 2564 1835 μέθης,
2616 1760 2747 1833 περὶ
2774 1760 3006 1832 αἵματος
3052 1757 3281 1813 πνικτοῦ
3314 1757 3408 1811 καὶ
3447 1758 3770 1830 οίουδήποτε,

507 1869 641 1939 pina
675 1868 1018 1934 animalium,
1055 1868 1123 1924 de
1144 1868 1434 1933 ebrietate,
1459 1866 1527 1922 de
1552 1863 1820 1936 sanguine
1842 1862 2094 1919 suti‘ocati

2196 1856 2325 1928 περὶ
2375 1853 2770 1925 παραϐλέψεως
2814 1849 3063 1920 ἐνδεοῦς,
3116 1850 3249 1922 περὶ
3298 1849 3555 1922 βρώσεως
3599 1848 3774 1939 θνησι-

490 1961 916 2032 cujuscunque,
949 1960 1018 2015 de
1044 1969 1360 2030 contemptu
1389 1959 1668 2031 pauperis,
1708 1958 1776 2013 de
1798 1957 1923 2013 cibo
1947 1970 2096 2011 mor‘

2197 1946 2384 2019 μαίου,
2413 1946 2543 2017 περὶ
2570 1944 2833 2009 πνικτῶν,
2861 1943 2991 2015 περὶ
3023 1944 3281 2016 ἁρπαγῆς
3305 1942 3627 2014 οίουδήποτε
3651 1940 3774 2012 πρά-

508 2048 703 2114 ticino,
730 2050 798 2104 de
824 2047 1138 2116 suffocatis,
1160 2053 1227 2108 de
1252 2050 1446 2120 rapina
1473 2048 1855 2120 cujuscunque
1885 2046 1986 2111 rei,
2026 2045 2096 2102 de

2196 2055 2426 2111 γματος,
2471 2039 2601 2111 περὶ
2641 2034 3029 2110 μνησικακίας,
3065 2037 3196 2105 περὶ
3227 2034 3628 2107 ὑπερηφανίας,
3656 2034 3776 2105 περὶ

508 2140 785 2196 malorum
821 2148 876 2195 et
907 2140 1233 2209 injuriarum
1266 2138 1555 2207 memoria,
1586 2139 1655 2194 de
1688 2138 1977 2208 superbia,
2027 2137 2096 2194 de

2196 2128 2517 2199 κενοδοξίας,
2575 2129 2705 2201 περὶ
2747 2128 3009 2192 πτώσεως
3062 2126 3295 2200 ἐχθρῶν,
3349 2127 3479 2198 περὶ
3521 2125 3777 2197 κατακρίο

488 2248 650 2309 vana
675 2232 871 2303 gloria,
897 2236 968 2288 de
990 2248 1121 2290 casu
1153 2241 1205 2288 et
1232 2241 1409 2289 morte
1444 2231 1709 2299 hostium,
1740 2230 1810 2287 de
1834 2231 2095 2289 condem-

2196 2241 2370 2289 σεως,
2422 2223 2552 2294 περὶ
2603 2220 2945 2292 φυσιώσεως,
2998 2221 3130 2294 περὶ
3176 2220 3617 2291 μισανθρωπίας,
3660 2218 3774 2289 περὶ

507 2328 757 2395 natione,
793 2328 861 2384 de
895 2328 1064 2382 animi
1097 2328 1378 2383 inflatione
1408 2336 1463 2383 et
1489 2326 1750 2392 elatione,
1796 2327 1863 2381 de
1887 2324 2095 2380 misan-

2196 2311 2513 2379 ἀκολασίας,
2561 2313 2689 2386 περὶ
2725 2311 3113 2384 φιλαργυρίας,
3144 2311 3274 2382 περὶ
3316 2309 3774 2382 γαστριμαργίας,

490 2418 752 2496 ,ιω-θρῖα,
783 2420 852 2476 de
883 2420 1300 2489 intemperantia
1334 2426 1389 2474 et
1418 2418 1743 2490 petulantia,
1777 2417 1847 2472 de
1884 2415 2093 2486 argenti

2196 2407 2324 2477 περὶ
2361 2404 2762 2475 άσπλαγχνίας,
2798 2404 2932 2476 περὶ
2983 2403 3354 2474 νηστευόντων
3381 2401 3637 2455 Σάϐϐατα
3688 2401 3778 2455 καὶ

507 2510 834 2581 cupiditate.
865 2512 934 2567 de
962 2512 1171 2568 ventris
1202 2511 1466 2582 ingluvie,
1496 2510 1564 2565 de
1598 2510 1770 2565 animi
1795 2507 2017 2576 duritie,
2041 2518 2097 2565 et

2196 2498 2509 2569 Ι(υριακάς,
2540 2497 2673 2568 περὶ
2699 2494 3036 2567 χορευόντων
3053 2494 3148 2548 καὶ
3175 2494 3622 2566 τραγῳδούντῶν,
3656 2494 3779 2565 περὶ

507 2599 1014 2670 immisericordia,
1065 2603 1133 2658 de
1172 2602 1241 2659 iis
1292 2602 1385 2672 qui
1421 2602 1672 2672 jejunant
1724 2599 1981 2655 Sabbatis
2041 2606 2097 2654 et

2197 2608 2303 2649 των
2331 2590 2630 2644 ποιούντων
2664 2588 2894 2657 παίγνια
2939 2585 3227 2650 σατανικὰ,
3284 2586 3415 2657 περὶ
3456 2584 3637 2640 αὐλῶν
3689 2587 3780 2639 καὶ

508 2690 708 2749 diebus
742 2692 1060 2761 DominiCis,
1100 2695 1166 2750 de
1204 2694 1533 2751 saltantibus
1574 2707 1700 2748 cum
1731 2691 2018 2748 cantilenis
2042 2699 2097 2746 et

2196 2680 2398 2746 παντὸς
2425 2681 2601 2744 εἴδους
2634 2678 2918 2750 μουσικοῦ,
2946 2677 3075 2750 περὶ
3108 2677 3511 2749 πορνοϐοσκῶν,
3536 2672 3668 2749 περὶ
3696 2678 3783 2732 τό·

509 2782 718 2840 cboros
747 2786 1105 2856 agitantibus,
1139 2787 1205 2842 de
1237 2785 1567 2841 facientibus
1604 2784 1881 2840 satanicos
1915 2783 2094 2850 lusus,

2196 2790 2308 2829 κων
2337 2773 2692 2838 δανείζοντος,
2741 2772 2875 2845 περὶ
2921 2770 3130 2844 μισθῶν
3162 2769 3455 2844 μισθωτοῦ,
3486 2772 3616 2843 περὶ
3644 2788 3784 2841 καμ-

505 2873 579 2931 de
623 2873 769 2929 tibiis
815 2884 870 2930 et
917 2876 1068 2931 omni
1115 2876 1296 2946 specie
1342 2871 1694 2930 instrumenti
1762 2872 1984 2938 musici,
2028 2872 2097 2929 de

2197 2862 2480 2931 πανιστοῦ,
2529 2866 2661 2934 περὶ
2691 2861 2803 2916 τῶν
2833 2861 3103 2932 λεγόντων
3137 2861 3421 2932 βιοθανῶν,
3476 2862 3603 2933 περὶ
3629 2861 3785 2934 ὑδρο-

507 2964 826 3031 lenonibus,
860 2966 929 3023 de
957 2976 1151 3024 mutuo
1177 2967 1341 3023 dante
1367 2965 1434 3020 ad
1475 2980 1721 3028 usuram,
1758 2965 1824 3019 de
1845 2962 2098 3020 mercede

2199 2959 2427 3030 μίκτων,
2477 2954 2608 3027 περὶ
2655 2952 2951 3009 ποιούντων
2992 2955 3337 3025 μνημόσυνον
3369 2952 3783 3025 βιοθανούντων,

428 3075 433 3079 ’
509 3054 866 3119 mercenarii,
899 3055 967 3111 de
997 3055 1063 3111 iis
1091 3057 1185 3126 qui
1224 3064 1427 3110 statera
1456 3052 1803 3110 fraudulente
1840 3062 2091 3121 utuntur,

2197 3046 2329 3117 περὶ
2379 3043 2860 3116 μνησικακοῦντων
2910 3044 3005 3098 καὶ
3045 3043 3328 3113 αἰφνιδίως
3376 3044 3784 3127 ἀποθανόντων,

507 3144 579 3203 de
606 3145 677 3202 iis
705 3146 797 3217 qui
827 3147 931 3203 sibi
960 3147 1226 3205 violentas
1260 3162 1459 3204 manus
1497 3146 1762 3214 inferunt,
1796 3147 1862 3203 de
1903 3146 1971 3202 iis
1999 3145 2093 3217 qui

2199 3138 2329 3209 περὶ
2364 3137 2473 3190 τῶν
2504 3136 2812 3207 φορούντων
2843 3133 3210 3207 φυλακτήρια,
3254 3135 3384 3205 περὶ
3419 3135 3784 3208 ὲμπυριστοῦ,

507 3247 683 3308 aquas
713 3238 977 3309 augenda:
1009 3239 1090 3295 rei
1132 3255 1247 3298 suae
1283 3240 1458 3312 gratia
1497 3237 1750 3305 miscent,
1781 3238 1847 3294 de
1886 3236 1956 3293 iis
1998 3236 2094 3308 qui

2198 3231 2329 3304 περὶ
2375 3229 2838 3303 παραυλακιστοῦ,
2876 3229 3004 3301 περὶ
3049 3227 3457 3301 παρακροατοῦ,
3505 3227 3636 3300 περὶ
3676 3228 3791 3282 τῶν

505 3338 872 3385 monumenta
925 3339 1149 3387 struunt
1185 3341 1421 3388 mortem
1464 3331 1572 3388 sibi
1613 3329 1996 3395 inferentibus,
2028 3328 2097 3384 de

2196 3323 2637 3396 τὺνουχιζόντων,
2682 3322 2811 3393 περὶ
2856 3320 3468 3393 ψευδομαρτυροῦντων,
3506 3322 3637 3394 περὶ
3675 3322 3789 3376 τῶν

507 3415 583 3474 iis
612 3419 707 3489 qui
735 3420 790 3474 in
825 3420 963 3476 alios
996 3421 1266 3477 malevolo
1297 3430 1429 3478 sunt
1450 3421 1636 3476 animo
1662 3460 1677 3486 ,
1721 3428 1776 3476 et
1810 3418 2097 3490 repentina

2196 3414 2588 3487 ἀπερχομένων
2619 3416 2699 3480 είς
2726 3415 2960 3485 γάμους,
2991 3412 3120 3486 περὶ
3148 3412 3257 3466 τῶν
3286 3414 3680 3485 ἀπερχομένων
3706 3415 3790 3477 είς

508 3518 688 3563 morte
710 3508 778 3565 iis
797 3511 1130 3566 obeuntibus
1157 3511 1555 3581 imprecantur,
1579 3512 1648 3566 de
1671 3511 1740 3566 iis
1761 3511 1854 3581 qui
1882 3517 2098 3580 gestant

2198 3506 2441 3577 μάντεις,
2477 3505 2605 3577 περὶ
2634 3504 2745 3559 τῶν
2776 3503 3218 3559 κακοποιούντων
3250 3505 3378 3568 τοὺς
3410 3504 3621 3558 ἑαυτῶν
3664 3504 3787 3558 δού-

506 3600 773 3667 amuleta,
826 3601 896 3657 de
947 3600 1307 3667 incendiaria,
1346 3603 1413 3657 de
1455 3602 1800 3657 moventibus
1830 3600 2098 3656 terminos

2196 3599 2341 3665 λους,
2378 3599 2507 3671 περὶ
2556 3599 2667 3653 τῶν
2717 3597 3099 3669 μανθανόντων
3148 3598 3371 3670 ἑτέρους
3418 3599 3639 3664 κακίας,
3691 3599 3788 3651 καὶ

507 3704 791 3762 agrorum,
824 3693 892 3748 de
920 3709 986 3749 eo
1017 3695 1110 3765 qui
1144 3694 1285 3750 clam
1320 3695 1614 3759 auscultat,
1645 3704 1700 3750 et
1757 3709 1827 3751 ex
1890 3692 2098 3762 impro-

2198 3691 2329 3762 περὶ
2351 3691 2977 3764 ψευδοῦπογραψάντων.

506 3782 650 3851 viso,
680 3794 734 3841 et
757 3786 940 3841 audita
963 3784 1271 3854 suspiciose
1292 3784 1481 3851 refert,
1509 3784 1578 3841 de
1600 3785 1670 3841 iis
1727 3784 1823 3857 qui
1878 3780 2165 3841 eunuchos
2201 3781 2436 3850 faciunt,
2472 3782 2539 3838 de
2581 3782 2651 3838 iis
2693 3782 2785 3854 qui
2824 3780 3021 3838 falsum
3059 3781 3433 3841 testimonium
3473 3786 3786 3857 perhibent,

504 3877 578 3936 de
606 3877 675 3933 iis
699 3879 792 3948 qui
817 3875 1123 3948 prostibula
1172 3875 1398 3944 adeunt,
1447 3877 1515 3934 de
1556 3877 1624 3933 iis
1665 3878 1759 3948 qui
1796 3877 2000 3933 abeunt
2025 3874 2094 3929 ad
2131 3873 2371 3941 divinos,
2433 3877 2501 3932 de
2534 3876 2605 3933 iis
2645 3876 2739 3943 qui
2777 3876 3037 3933 atrociter
3102 3885 3341 3936 tractant
3391 3892 3585 3938 servos
3633 3897 3787 3947 suos,

505 3970 578 4029 de
602 3971 669 4028 iis
689 3970 784 4042 qui
814 3970 951 4027 alios
987 3969 1330 4040 iniquitatem
1366 3969 1588 4039 docent,
1628 3971 1694 4047 de
1719 3971 1787 4025 iis
1853 3970 1949 4041 qui
2009 3966 2165 4025 falsis
2200 3968 2700 4043 subscriptionibus
2733 3969 3053 4025 abutuntur.

579 4066 876 4140 Postquam
927 4083 1051 4124 eum
1107 4069 1188 4125 vel
1241 4081 1362 4124 eam
1417 4067 1790 4141 interrogavit,
1848 4074 1962 4122 tum
1997 4065 2099 4123 de-

490 4160 645 4235 tegit
686 4177 813 4218 eum
864 4161 1082 4219 etiamsi
1136 4158 1386 4218 diadema
1433 4169 1605 4237 gerat,
1660 4175 1770 4216 non
1818 4162 2021 4227 autem,
2048 4158 2095 4215 si

510 4254 731 4312 mulier.

1197 4358 1407 4435 Oratio.

490 4440 503 4550 ξ
583 4480 729 4537 Deus
757 4478 1250 4545 Salvatorjnoster,
1287 4479 1383 4547 qui
1431 4491 1529 4548 per
1573 4476 1892 4547 prophetam
1936 4486 2089 4530 tuum
2120 4487 2167 4546 ι)

2275 4067 2387 4122 Καὶ
2419 4065 2561 4138 μετὰ
2585 4065 2648 4121 τδ
2680 4064 2957 4137 ἐρωτῆσαι
2982 4064 3144 4119 αὐτὸν
3168 4066 3202 4138 ἢ
3234 4065 3403 4138 αὐτὴν
3431 4069 3622 4134 ταῦτα,
3651 4074 3795 4126 ἀπο-

2204 4159 2468 4226 σκεπάζει
2495 4158 2677 4226 αὐτὸν,
2711 4158 2806 4216 ἐάν
2832 4157 2949 4211 ἔστι
2974 4156 3070 4211 καὶ
3095 4160 3125 4211 ὀ
3154 4158 3215 4212 τὺ
3239 4160 3477 4234 διάδημα
3502 4165 3710 4236 φορῶν,
3743 4168 3793 4220 el

2201 4249 2259 4304 δὲ
2288 4249 2449 4322 γυνὴ,
2477 4247 2561 4304 ού.

2902 4366 3097 4436 Εὐχή.

2276 4479 2336 4535 '0
2378 4478 2513 4543 ese;
2557 4481 2586 4533 ὀ
2633 4475 2824 4551 Σωτὴρ
2850 4478 3030 4550 ήμῶν,
3060 4481 3089 4533 ό
3132 4478 3223 4534 διὰ
3248 4478 3345 4533 τοῦ
3375 4483 3660 4554 προφήτου
3692 4499 3796 4536 σου

509 4567 727 4629 Nathan
782 4569 973 4625 Davidi
1022 4570 1088 4624 de
1136 4571 1372 4639 pr0priis
1432 4568 1668 4640 peccatis
1721 4567 2098 4639 paenitentiam

2196 4571 2389 4626 Νάθαν
2420 4574 2815 4642 μετανοήισαντι
2859 4571 2937 4643 τῷ
2963 4572 3127 4626 Δασιδ
3149 4573 3244 4626 ἐπὶ
3273 4575 3387 4639 τοῖς
3419 4573 3574 4638 ἰδίοις
3618 4574 3798 4629 αὐτοῦ

514 4663 704 4736 agenti
752 4663 968 4718 veniam
1018 4662 1279 4727 tribuisti,
1334 4671 1387 4717 et
1441 4660 1717 4716 Manasses
1782 4659 2101 4730 paenitentis

511 4755 814 4813 orationem
836 4753 1147 4823 suscepisti,
1168 4754 1289 4823 ipse
1316 4752 1463 4810 hunc
1496 4766 1715 4808 servum
1749 4761 1905 4806 tuum
1934 4748 2002 4805 Ν.
2032 4749 2100 4806 de

508 4845 748 4920 propriis
770 4844 1015 4915 peccatis
1031 4844 1415 4915 penitentiam
1443 4855 1697 4915 agentem
1720 4843 1943 4913 suscipe
1966 4856 2100 4898 con-

509 4950 671 4997 sueta-
732 4938 835 4992 tibi
887 4936 1263 5002 miseratione,
1309 4935 1668 4991 dissimulans
1705 4945 1763 4991 et
1814 4949 1927 4990 non
1967 4932 2090 4989 ani-

508 5027 859 5085 madvertéas
886 5027 1063 5099 ipsius
1093 5035 1338 5096 peccata.
1371 5023 1459 5079 Tu
1487 5027 1639 5080 enim
1663 5026 1711 5082 is
1737 5040 1819 5091 es,
1841 5023 2089 5088 Domiues

510 5122 605 5193 qui
639 5123 842 5192 septies
875 5119 1187 5198 septuagies
1219 5132 1443 5190 parcere
1469 5118 1684 5189 iussisti
1722 5116 2091 5176 incidentibus

509 5217 568 5273 in
601 5204 830 5286 peccata
857 5230 874 5270 :
908 5215 1039 5285 quia
1070 5215 1216 5271 sicut
1240 5212 1569 5283 magnitudo
1600 5219 1715 5277 tua,
1747 5212 1819 5266 ita
1842 5220 1898 5267 et
1924 5211 2092 5268 misso

510 5309 750 5365 rtem-dia
778 5319 891 5376 tua,
924 5317 1097 5379 mque
1127 5323 1189 5364 es
1226 5304 1392 5372 Deus,
1426 5304 1573 5361 Deus
1595 5303 1998 5376 penitentiam,
2031 5311 2089 5360 et

510 5400 791 5471 penitens-
845 5400 907 5456 in
961 5401 1217 5456 omnibus
1264 5398 1651 5470 iniquitatibus
1701 5395 1925 5455 nostris,
1961 5396 2088 5451 tibi.

510 5502 618 5562 que
636 5491 870 5563 gloriam
904 5491 1215 5556 reddimus,
1248 5488 1416 5557 Patri,
1465 5498 1521 5546 ei
1557 5486 1717 5556 Filio,
1759 5497 1817 5543 et
1859 5487 2087 5558 Spiritui

502 5592 701 5639 sancto
721 5621 740 5644 .
796 5596 944 5641 nunc
970 5591 1026 5640 et
1053 5596 1293 5657 semper,
1325 5595 1381 5642 et
1415 5585 1469 5638 in
1507 5582 1704 5641 saecula
1735 5581 2086 5639 saeculorum.

512 5676 708 5729 Amen.

2197 4663 2665 4736 πλημμελήμασιν
2712 4665 2907 4735 ἄφεσιν
2953 4665 3362 4736 δωρησάμενος,
3405 4668 3503 4722 καὶ
3536 4666 3637 4723 τοῦ
3663 4668 3800 4723 Ma-

2196 4754 2369 4825 νασσῆ
2391 4752 2489 4825 τὴν
2518 4754 2613 4808 ἐπὶ
2646 4754 2907 4825 μετανοίᾳ
2933 4757 3246 4826 προσευχὴν
3275 4754 3589 4827 δεξάμενος,
3625 4758 3804 4821 αὑτὸς

2195 4845 2295 4900 καὶ
2319 4844 2413 4899 τὸν
2436 4843 2624 4899 δοῦλόν
2658 4858 2754 4899 σου
2796 4845 2947 4903 τόνδε
2988 4845 3080 4900 τὸν
3113 4847 3523 4919 μετανοήσαντα
3551 4850 3650 4903 ἐπὶ
3678 4850 3806 4912 τοῖς

2202 4936 2357 4999 ἰδίοις
2383 4935 2796 5007 παραπτώμασι
2828 4934 3120 5006 πρόσδεξαι
3149 4938 3216 5008 τῇ
3267 4937 3489 5007 συνήθει
3534 4950 3634 4993 σου
3664 4938 3804 5006 φιλ-

2196 5025 2506 5098 ανθρωπίᾳ,
2528 5024 2791 5098 παρορῶν
2812 5025 2978 5081 αὐτοῦ
2994 5025 3067 5081 τὰ
3091 5026 3562 5099 πλημμελήματα.
3578 5028 3660 5081 Σὺ
3678 5028 3804 5097 γὰρ

2196 5118 2271 5188 εἴ,
2298 5114 2344 5175 ὧ
2357 5118 2556 5189 Κύριε,
2575 5120 2603 5171 ὁ
2627 5116 3091 5189 ἑϐδομηκοντάκις
3125 5116 3498 5187 ἑπτάάφιέναι
3515 5118 3804 5182 κελεύσας

2196 5213 2309 5274 τοῖς
2352 5210 2773 5282 περιπίπτουσιν
2804 5213 2864 5264 ἂν
2895 5210 3215 5282 ἁμαρτίαις,
3242 5211 3324 5265 ὅτι
3351 5210 3428 5273 ὡς
3468 5211 3502 5280 ἡ
3533 5211 3808 5279 μεγαλω-

2196 5303 2334 5374 σύνη
2382 5318 2477 5356 σου
2512 5301 2683 5366 οὕτως
2741 5304 2838 5356 καὶ
2880 5302 2943 5356 τὸ
2974 5300 3125 5366 ἔλεός
3160 5316 3279 5368 σου,
3310 5301 3392 5356 δτι
3426 5301 3495 5356 σὺ
3527 5297 3580 5355 εί
3625 5301 3801 5367 Θεὸς,

2193 5395 2327 5459 Θεὸς
2372 5394 2482 5448 τῶν
2536 5392 2960 5465 μετανοούντων,
3005 5393 3100 5448 καὶ
3151 5393 3429 5465 μετανοῶν
3473 5394 3534 5448 ἐν
3576 5393 3807 5456 πάσαις

2193 5488 2314 5550 ταῖς
2338 5485 2575 5550 ἀδικίαις
2608 5485 2795 5557 ἡμῶν,
2820 5485 2916 5540 καὶ
2944 5486 3028 5540 σοὶ
3050 5485 3152 5557 τὴν
3180 5485 3341 5552 δόξαν
3375 5485 3808 5556 ἁναπέμπομεν

2194 5578 2274 5649 τῷ
2320 5578 2517 5649 Πατρὶ,
2568 5578 2659 5633 καὶ⁵
2707 5578 2788 5649 τῷ
2830 5576 2967 5649 Υἱῷ,
3016 5578 3112 5632 καὶ
3157 5576 3238 5650 τῷ
3288 5577 3427 5648 ἁγίῳ
3475 5577 3807 5647 Πνεύματι,

2201 5671 2432 5726 πάντοτε
2465 5671 2559 5727 νῦν
2580 5671 2673 5726 καὶ
2703 5671 2791 5727 ἀεὶ
2817 5672 2910 5726 καὶ
2944 5672 3024 5735 είς
3047 5670 3173 5735 τοὺς
3192 5672 3393 5735 αίῶνας
3413 5670 3523 5726 τῶν
3545 5670 3809 5726 αῑὼνων.

2208 5763 2402 5834 Ἀμήν.
