4058 6442
495 357 628 424 1927

1430 349 1460 408 J
1469 350 1673 410 OANN
1682 345 1754 409 IS
1787 342 1818 410 ,ἶ
1829 343 1908 409 Ε]
1919 347 2021 409 UN
2033 346 2306 410 ATORIS
2355 349 2463 410 CP.
2495 342 2846 410 ARCHIEP.

3615 347 3732 428 1928

493 490 560 531 ne
595 469 865 543 gravitate
894 463 1229 538 poenitentiae
1269 476 1390 516 cum
1428 460 1595 514 animi
1635 461 1863 531 segnitia
1897 470 1951 514 et
1981 459 2074 515 de-

2215 464 2314 514 εἰν.
2345 461 2594 532 Χρηστδς
2619 460 2728 530 γὰρ
2753 463 2779 513 ὁ
2803 458 2896 513 τοῦ
2922 453 3129 528 Κυρίου
3162 457 3324 526 ζυγὸς
3349 458 3439 512 καὶ
3460 462 3515 515 τὸ
3537 472 3736 540 φορτίον

493 566 703 623 ιιὶιὶιοιο
729 561 1024 631 conjuncta
1049 558 1263 611 deserat
1286 552 1490 608 omnia.
1516 551 1636 608 Non
1667 553 2081 621 enimjubemur

493 656 678 730 gravia
710 653 923 709 efﬁcere
948 651 1106 715 levia,
1139 655 1192 700 et
1224 645 1409 716 gravia
1447 645 1746 713 imponere.
1794 643 1972 698 Suave
1999 652 2084 699 est

492 751 636 804 enim
678 745 895 802 Domini
926 745 1144 815 jugum,
1179 747 1234 792 et
1288 752 1428 792 onus
1481 737 1617 791 leve.
1671 734 1854 790 Venite
1897 736 2082 801 enim,

493 843 694 913 inquit,
727 840 794 894 ad
829 854 929 902 me,
948 845 995 890 et
1013 851 1107 904 ego
1133 833 1270 886 dabo
1297 829 1438 884 vobis
1467 829 1698 899 requiem
1713 829 1780 882 '°.
1806 826 2088 897 Contingit

494 937 695 990 iterum
733 932 970 1000 aliquem
1022 927 1078 980 in
1133 937 1302 994 parva
1351 931 1595 991 peccata,
1634 921 1715 975 vel
1771 921 1825 973 in
1880 922 2083 981 multa,

495 1029 589 1082 sed
628 1027 842 1080 minora
897 1019 1160 1083 incidere,
1219 1015 1582 1086 pluribusque
1627 1012 1788 1068 annis
1845 1010 2088 1081 epitimia

491 1117 604 1185 jam
638 1121 1018 1176 exercentem,
1073 1107 1338 1176 majorem
1379 1115 1562 1159 tamen
1613 1103 1864 1172 accipere
1909 1097 2090 1172 poeni-

495 1211 718 1264 tentiam
753 1221 819 1260 co
857 1204 952 1274 qui
985 1215 1182 1271 magna
1229 1208 1283 1253 et
1315 1196 1500 1267 gravia
1546 1195 1777 1250 crimina
1822 1192 2088 1263 peccavit,

495 1303 755 1370 huncque
804 1297 970 1351 etiam
1019 1301 1244 1363 propter
1295 1289 1390 1344 Dei
1426 1288 1682 1342 timorem
1714 1301 1826 1357 quo
1857 1285 2091 1340 afﬁcitur

495 1393 734 1448 Celerius
769 1388 1036 1461 proﬁcere
1085 1393 1140 1440 et
1181 1391 1405 1453 peccata
1451 1379 1726 1435 deserere.
1778 1375 1898 1431 Non
1942 1378 2090 1432 enim

495 1488 802 1542 aestimatur
831 1478 1152 1551 poenitentia
1175 1515 1190 1540 ,
1225 1475 1318 1530 sed
1353 1472 1525 1527 animi
1571 1470 1888 1541 dispositio,
1924 1479 1985 1524 ut
2018 1469 2093 1525 ait

500 1592 736 1650 magnus
793 1573 1065 1636 Basilius,
1124 1566 1270 1638 quod
1311 1576 1560 1634 tempore
1616 1579 1726 1616 non
1775 1561 2092 1632 judicamus

499 1666 772 1740 ejusmodi
803 1665 1176 1724 conﬁtentem,
1226 1657 1320 1712 sed
1353 1656 1574 1711 modum
1623 1654 1961 1722 poenitentiae
2003 1661 2092 1706 at-

2187 552 2442 625 ἐλαφρόνο
2468 553 2646 606 Δεῦτε
2670 551 2798 622 γὰρ,
2824 552 2976 622 φησι,
3001 553 3152 619 πρός
3173 550 3426 622 μείκάγὼ
3443 553 3740 618 ἀναπαύσω

2189 644 2367 716 ὑμᾶς.
2411 644 2717 714 Ἐνδέχεται
2747 644 2910 698 πάλιν
2950 645 3030 706 εἰς
3065 641 3240 713 μικρὰ
3273 643 3626 715 ἁμαρτήματα
3655 653 3741 722 ἐμ-

2187 738 2444 804 πεσόντα,
2473 736 2506 807 ἢ
2537 737 2633 790 καὶ
2661 737 2742 800 εἰς
2767 735 2958 800 πολλὰ,
2989 735 3248 789 ἐλάττονα
3285 733 3364 797 δὲ,
3394 736 3742 798 ἀπολαύσαντα

2187 827 2247 882 δὲ
2279 827 2426 880 ἔτεσι
2454 827 2732 890 πλείστοις
2759 826 2870 880 τῶν
2902 826 3195 898 ἐπιτιμίων
3239 825 3406 879 αὐτοῦ
3435 828 3638 886 πλείονα
3661 835 3745 890 las

2190 919 2306 973 ϐεἴν
2354 919 2675 990 ἐπιτίμησιν
2707 918 2802 972 τοῦ
2834 922 2914 983 εἰς
2955 919 3165 989 μεγάλα
3196 919 3293 974 καὶ
3323 917 3487 989 βαρέα
3514 939 3743 997 παραπε.

2197 1015 2382 1078 σόντος
2427 1014 2829 1085 ἁμαρτήματα,
2857 1012 3063 1083 -τάχιον
3113 1012 3171 1066 δὲ
3218 1012 3309 1065 διὰ
3359 1011 3448 1064 τὸν
3497 1013 3586 1066 τοῦ
3630 1017 3746 1072 Θεοῦ

2192 1105 2358 1174 φόϐον
2389 1104 2765 1172 ἀποκόψαντα.
2803 1104 2877 1157 Οὐ
2915 1104 3025 1174 γὰρ
3053 1102 3303 1171 κρίνεται
3337 1103 3602 1173 μετάνοια,
3631 1107 3750 1162 ἀλλὰ

2189 1197 2430 1261 διάθεσις
2461 1196 2658 1266 ψυχῆς,
2697 1193 2774 1258 ὥς
2813 1211 2978 1264 φησιν
3006 1197 3034 1248 ὁ
3066 1193 3238 1264 μέγας
3271 1193 3562 1260 Βασίλειος,
3598 1197 3673 1250 ὅτι
3697 1200 3750 1253 οὐ

2190 1289 2370 1361 χρόνῳ
2400 1288 2660 1359 κρίνομεν
2701 1285 2792 1340 τὸν
2823 1285 2894 1338 τὰ
2924 1285 3152 1341 τοιαῦτα
3200 1285 3608 1357 ἐξαγορεύοντα,
3636 1290 3755 1346 ἀλλὰ

2191 1381 2381 1454 τρόπῳ
2407 1382 2504 1450 τῆς
2543 1379 2835 1450 μετανοίας
2873 1380 3237 1451 προσέχομεν,
3275 1380 3359 1432 ὃτι
3391 1377 3628 1444 ἐξουσίαν
3653 1383 3753 1456 ἔχει

2192 1476 2221 1528 ὁ
2247 1474 2636 1544 ὲμπιστευθεὶς
2667 1472 2821 1545 παρὰ
2849 1472 2951 1541 τῆς
2973 1471 3067 1524 τοῦ
3092 1471 3228 1524 Θεοῦ
3251 1470 3650 1543 φιλανθρωπίας
3667 1475 3754 1546 τὴν

2192 1565 2371 1636 ψυχὴν
2403 1564 2620 1633 εκείνην
2650 1562 3261 1636 φιλανθρωπεύσασθαι.
3315 1563 3506 1632 Ἡμεῖς
3536 1563 3756 1619 κελεύσει

2192 1656 2285 1711 τοῦ
2317 1657 2476 1726 ἁγίου
2508 1656 2826 1726 Πνεύματος
2857 1654 3176 1725 ἐγράψαμεν
3224 1655 3305 1718 εἰς
3353 1655 3448 1706 καὶ
3482 1654 3574 1725 τὴν
3622 1655 3756 1710 ἐλάτ-

496 1759 799 1816 tendimus.
866 1753 1001 1808 Nam
1057 1751 1143 1804 cui
1190 1763 1286 1818 per
1328 1746 1421 1801 Dci
1479 1744 1914 1800 misericordiam
1977 1744 2093 1798 haec

2212 1767 2359 1805 εωσιν
2400 1750 2511 1803 τῶν
2541 1749 2750 1821 χρόνων
2783 1749 2894 1802 τῶν
2937 1748 3252 1820 ἐπιτιμίων.
3289 1747 3405 1800 Οὐκ
3438 1747 3583 1800 ἔσται
3609 1751 3763 1805 κατάδ

498 1850 814 1908 concredita
863 1853 1010 1910 sunt,
1061 1849 1383 1912 potestatem
1433 1839 1596 1893 habet
1645 1837 1885 1891 animam
1940 1835 2091 1889 illam

2212 1861 2401 1912 γνωσις
2429 1844 2707 1909 ἀξιώσεως
2735 1842 2829 1896 τοῦ
2862 1841 3220 1913 ἐξαγορεῦσαί
3249 1858 3343 1894 σου
3365 1840 3468 1912 τὴν
3495 1843 3764 1914 ἁμαρτίαν,

500 1940 801 1997 humanius
865 1934 1153 1990 tractandi.
1214 1930 1326 1986 Nos
1381 1931 1540 2001 jussu
1605 1927 1846 1997 Spiritus
1915 1927 2092 1982 sancti

505 2030 837 2101 scripsimus
892 2028 946 2080 in
985 2025 1400 2081 diminutionem
1453 2022 1716 2090 temporis
1744 2019 2094 2089 paenitentia-

501 2139 649 2178 rum.
693 2119 811 2175 Non
843 2119 948 2175 erit
994 2118 1097 2173 hoc
1145 2113 1533 2172 condemnatio
1571 2111 1857 2181 dignitatis
1899 2120 1954 2166 et
1981 2126 2095 2165 mc-

501 2217 595 2271 riti
625 2211 986 2269 confessionis
1014 2216 1364 2279 peccatorum
1407 2213 1624 2260 tuorum
1654 2203 1798 2258 sicut
1825 2211 1880 2256 et
1921 2201 2099 2272 Chry-

504 2317 785 2362 sostomus
829 2303 984 2370 dicit,
1015 2301 1161 2371 quod
1202 2297 1457 2354 Ninivita:
1487 2310 1595 2350 non
1631 2294 1818 2350 multis
1847 2294 2098 2364 indigue-

504 2407 634 2453 rnut
667 2397 880 2459 diebus,
907 2393 1001 2449 sed
1034 2391 1211 2446 tribus
1235 2390 1436 2444 solum.
1476 2387 1581 2442 Sed
1611 2387 1750 2440 latro
1772 2400 1841 2440 ne
1870 2385 2094 2455 quidem

508 2493 704 2553 tribus,
735 2489 830 2545 sed
868 2502 968 2542 nec
995 2503 1105 2540 uno
1135 2483 1245 2548 die,
1289 2492 1342 2536 at
1380 2489 1646 2551 quantum
1679 2479 1802 2550 quis
1833 2486 1894 2533 ut
1923 2493 2093 2532 unum

504 2585 734 2638 verbum
768 2580 1032 2653 proferat,
1074 2575 1465 2647 pronuntians,
1493 2573 1636 2626 viam
1671 2572 1738 2626 ad
1782 2570 2096 2640 paradisum

507 2675 763 2730 confecit.
808 2673 932 2727 Haec
987 2686 1016 2725 a
1071 2669 1232 2724 nobis
1270 2668 1417 2724 dicta
1448 2675 1612 2722 sunto
1639 2672 1857 2734 propter
1885 2677 1981 2718 eos
2007 2663 2100 2733 qui

508 2769 719 2824 insulse
736 2764 1087 2838 pwnitentias
1111 2767 1430 2833 aggravant,
1452 2759 1569 2815 etin
1584 2773 1776 2814 omnes
1797 2755 2100 2813 secundum

2201 1935 2384 2000 καθὼς
2409 1937 2503 1990 καὶ
2532 1939 2561 1990 ό
2591 1935 2982 2008 Χρυσόστομός
3009 1952 3197 2005 φησιν,
3233 1935 3317 1988 ὅτι
3346 1937 3395 1987 οἱ
3425 1935 3695 1989 Νινευῗται
3716 1939 3768 1991 ού

2200 2026 2411 2081 πολλῶν
2437 2027 2739 2098 ἐδεήθησαν
2768 2026 3015 2098 ἡμερῶν,
3047 2025 3185 2080 ἀλλὰ
3228 2027 3401 2098 τριῶν
3438 2027 3612 2096 μόνον,
3642 2029 3725 2083 καὶ
3745 2031 3770 2082 6

2201 2118 2407 2190 λῃστὴς
2437 2119 2495 2172 δὲ
2523 2118 2646 2172 οὕτε
2676 2117 2846 2184 τριῶν
2891 2117 2923 2188 ἢ
2963 2119 3092 2188 μιᾶς
3126 2118 3362 2190 ἡμέρας,
3397 2118 3534 2172 ἀλλὰ
3575 2120 3692 2173 ὅσον
3719 2121 3774 2175 ἀν

2205 2227 2289 2273 τις
2315 2209 2447 2281 εἴπῃ
2487 2209 2546 2262 ἓν
2589 2211 2760 2282 ῥῆμα,
2810 2210 3182 2283 φθεγγόμενος
3231 2211 3331 2284 τὴν
3377 2214 3462 2277 είς
3493 2213 3582 2267 τὸν
3618 2214 3776 2284 παρὰ·

2205 2299 2382 2375 δεισον
2413 2300 2613 2370 ἤνυσεν
2650 2300 2791 2356 ὁδόν.
2841 2301 3028 2354 Ταῦτα
3078 2302 3136 2355 δὲ
3179 2301 3313 2374 παρ’
3349 2302 3510 2373 ἡμῶν
3559 2302 3779 2357 λέλεκται

2203 2389 2292 2442 διὰ
2304 2390 2429 2452 τοὺς
2450 2390 2693 2459 ἀνοήτως
2713 2390 2780 2461 βα
2787 2390 3044 2464 ρύνοντας
3058 2391 3128 2445 τὰ
3143 2392 3422 2462 ἐπιτίμια,
3440 2395 3533 2446 καὶ
3548 2394 3624 2457 είς
3637 2393 3782 2448 ἅπαν.

2204 2497 2305 2542 τας
2336 2481 2478 2534 κατά
2507 2481 2600 2536 τὸν
2642 2481 2873 2553 ὁρισμὸν
2902 2481 3012 2536 τῶν
3051 2483 3213 2536 θείων
3256 2484 3502 2537 κανόνων
3535 2484 3783 2555 ἐκλαμϐά-

2209 2590 2420 2637 νοντας,
2441 2574 2502 2627 ού
2533 2575 2712 2639 καλῶς
2731 2575 2855 2629 οὐδὲ
2870 2575 3048 2648 ὀρθῶς
3071 2576 3194 2629 οὐδὲ
3223 2575 3476 2644 δικαίως,
3505 2576 3616 2629 ἀλλ’
3637 2578 3785 2631 ἀπαν-

2211 2665 2444 2736 θρώπως
2509 2671 2604 2722 καὶ
2663 2669 2942 2732 ἀσυνέτως
2976 2672 3100 2724 -καὶ
3162 2668 3464 2738 ἀγνώστως
3519 2669 3788 2738 λαμϐάνειν

2211 2757 2680 2829 ἐπηγγελμένους.
2721 2761 2834 2813 Καὶ
2869 2760 3041 2814 ταῦτα
3072 2761 3172 2832 μὲν
3207 2763 3337 2832 περὶ
3364 2760 3597 2832 ἀνδρῶν.

510 2864 827 2918 divinorum
902 2873 1182 2914 canonum
1249 2855 1622 2911 deﬁnitionem
1667 2868 1763 2910 cas
1815 2852 2095 2922 accipiunt
2137 2860 2194 2909 et
2230 2853 2686 2924 interpretantur,
2729 2871 2839 2911 non
2881 2865 3029 2912 recte
3073 2872 3251 2928 neque
3287 2857 3461 2927 juste,
3513 2857 3606 2914 sed
3649 2857 3793 2912 inluta

512 2960 775 3023 inanitus,
827 2954 1226 3026 imprudenter,
1272 2961 1325 3007 et
1358 2952 1676 3024 ignoranter
1705 2949 1808 3006 ista
1842 2965 1902 3005 se
1931 2949 2112 3006 facere
2149 2951 2491 3020 proﬁtentes.
2525 2954 2703 3024 Atque
2733 2954 2851 3011 haec
2881 2955 2950 3011 de
2977 2955 3136 3011 viris.

586 3049 848 3106 Mulieres
871 3056 1051 3102 autem
1074 3046 1140 3101 de
1165 3046 1415 3116 pluribus
1441 3043 1779 3114 inquirendae
1798 3053 2104 3113 suntquam

2282 3047 2350 3100 Ai.
2377 3047 2431 3100 δὲ
2457 3051 2717 3115 γυναῖκες
2752 3049 2974 3103 πλείονα
3007 3049 3286 3119 ὀφείλουσι
3315 3051 3432 3106 τῶν
3467 3053 3794 3125 προγραφένιι

522 3143 589 3198 de
618 3142 685 3197 iis
715 3156 836 3211 quae
880 3155 978 3209 pro
1015 3138 1145 3192 viris
1176 3137 1376 3206 scripta
1429 3143 1578 3190 sunt.
1612 3134 1922 3190 Procedunt
1959 3133 2108 3189 enim

516 3249 692 3305 usque
725 3232 790 3288 ad
816 3229 1075 3286 veneﬁcia
1096 3238 1149 3283 et
1172 3229 1382 3299 magias
1399 3243 1523 3299 quae
1538 3226 1724 3282 dicere
1747 3227 2108 3291 horrendum,

516 3329 716 3383 nedum
753 3322 1020 3394 exsequi,
1067 3332 1230 3392 atque
1275 3321 1441 3375 etiam
1484 3335 1660 3389 usque
1688 3321 1757 3375 ad
1791 3320 1974 3375 varias
2003 3335 2112 3375 caec-

517 3420 633 3482 des,
668 3417 722 3471 in
771 3413 1244 3484 conceptionibus,
1275 3421 1330 3467 et
1379 3411 1434 3466 in
1475 3412 1592 3481 ipso
1639 3413 1883 3481 perfecto
1926 3421 2110 3482 partu.

519 3507 722 3563 Eorum
748 3506 894 3561 enim
927 3504 1125 3574 aliquae
1153 3504 1301 3557 circa
1347 3516 1592 3558 mensem
1627 3503 1960 3572 completum
2009 3518 2114 3558 ca:-

527 3601 652 3655 dem
699 3604 1037 3668 perpetrant,
1075 3602 1137 3649 ut
1189 3609 1288 3663 ego
1335 3593 1558 3648 humilis
1598 3602 1722 3662 post
1763 3593 1882 3648 haec
1930 3592 2115 3647 omnia

523 3691 764 3759 scripta,
808 3688 995 3757 accepi
1024 3702 1118 3742 eas
1165 3685 1539 3753 miserandum
1586 3684 1690 3740 hoc
1721 3683 1937 3740 facinus
1972 3699 2114 3740 unos

522 3797 744 3853 quoque
771 3794 959 3834 mense
984 3793 1082 3850 per
1117 3778 1316 3833 herbas
1345 3785 1684 3847 perpetrare.
1711 3776 2008 3847 Diligenter
2037 3777 2118 3832 in-

525 3874 808 3943 quirendae
835 3871 1116 3935 mulieres,
1143 3877 1204 3923 ut
1232 3868 1346 3924 dixi
1375 3886 1388 3922 :
1420 3877 1708 3939 postquam
1751 3870 1898 3923 enim
1929 3869 2114 3924 omnia

523 3974 747 4036 peccata
785 3977 905 4028 sua,
946 3970 1008 4016 ut
1033 3961 1159 4026 viri,
1201 3957 1467 4014 confessa:
1499 3957 1726 4026 fuerint,
1773 3959 2116 4030 interrogen-

527 4067 618 4112 tur
642 4056 792 4110 etde
823 4054 949 4117 hoc,
998 4058 1136 4121 quot
1174 4049 1478 4104 infantulos
1523 4049 1864 4113 occiderunt,
1899 4059 1953 4105 et
1981 4064 2118 4121 quo-

533 4147 720 4211 modo,
767 4143 1068 4215 praesertim
1125 4143 1167 4198 si
1221 4141 1402 4198 viduae
1440 4140 1668 4207 fuerint,
1718 4151 1774 4196 et
1812 4143 2116 4197 monachae.

535 4239 698 4295 Aliud
746 4238 892 4293 enim
927 4244 1012 4293 est
1063 4235 1418 4306 pharmacum
1462 4232 1666 4300 facere,
1710 4241 1770 4289 ut
1822 4233 1965 4290 ﬁlios
2007 4250 2117 4289 non

525 4333 762 4403 amplius
799 4338 1064 4400 procreet,
1101 4327 1242 4396 quod
1281 4325 1527 4380 omnium
1567 4323 1948 4394 gravissimum
2004 4333 2116 4391 est;

2218 3157 2326 3194 των
2352 3141 2568 3211 ἀνδρῶν
2596 3142 2946 3213 ἐρευνᾶσθαιο
2973 3142 3239 3210 φθάνουσι
3267 3143 3382 3216 γὰρ
3415 3145 3510 3198 καὶ
3540 3145 3642 3208 ἕως
3668 3161 3794 3216 (pap-

2221 3234 2469 3306 μακειῶν
2525 3235 2620 3288 καὶ
2672 3234 2914 3305 μαγειῶν
2951 3228 3026 3290 ὧν
3071 3235 3164 3289 καὶ
3218 3237 3283 3290 τὸ
3331 3239 3516 3292 εἰπεῖν
3567 3237 3798 3310 φρικτὸν,

2219 3327 2344 3398 οὐχὶ
2393 3329 2451 3382 δὲ
2479 3326 2542 3380 τὸ
2583 3327 3011 3398 διαπράξασθαι,
3031 3329 3127 3381 καὶ
3159 3329 3335 3399 φόνων
3364 3329 3429 3384 δὲ
3459 3331 3722 3401 διαφόρων
3749 3331 3798 3382 ἐν

2219 3421 2342 3482 ταῖς
2385 3419 2684 3491 συλλήψεσι
2731 3420 2826 3474 καὶ
2857 3422 2915 3476 ὲν
2947 3423 3136 3485 αὐταῖς
3177 3424 3302 3485 ταῖς
3331 3423 3581 3487 τελείαις
3607 3423 3796 3476 ἀποκυ-

2221 3508 2401 3578 ήσεσιο
2446 3509 2606 3572 Τινὲς
2635 3510 2746 3581 γὰρ
2787 3510 2965 3564 αὐτῶν
2992 3511 3086 3564 καὶ
3117 3513 3262 3565 κατὰ
3299 3509 3453 3581 μῆνα
3482 3511 3697 3583 ἡμερῶν
3718 3507 3800 3578 φόο

2171 3664 2176 3667 _
2221 3615 2312 3651 νον
2346 3599 2613 3662 ποιοῦσιν,
2643 3601 2718 3665 ὡς
2766 3604 2794 3655 ὁ
2826 3603 3084 3667 ταπεινὸς
3114 3603 3226 3673 ἐγὼ
3267 3604 3362 3656 καὶ
3414 3603 3556 3674 μετὰ
3591 3601 3657 3657 τὰ
3681 3619 3802 3674 γραο

2223 3688 2394 3757 φέντα
2424 3689 2604 3743 πάντα
2635 3691 2728 3743 καὶ
2757 3691 2918 3745 τοῦτο
2941 3691 3281 3763 ἀνεδεξάμην
3311 3691 3556 3747 ἐλεεινὸν
3589 3691 3647 3746 τὸ
3677 3686 3802 3745 κατὰ

2227 3781 2375 3852 μῆνα
2418 3783 2578 3852 φόνον
2617 3784 2708 3838 διά
2757 3801 2903 3849 τινος
2938 3785 3170 3857 βοτάνης
3211 3787 3412 3840 ποιεῖν.
3464 3783 3807 3857 Ἐρευνᾶοθαι

2223 3874 2470 3945 ἀκριϐῶς
2505 3874 2601 3928 καὶ
2634 3876 2734 3940 τὰς
2773 3879 3058 3945 γυναῖκας,
3087 3876 3164 3940 ὡς
3201 3872 3354 3931 εἷπον
3375 3891 3394 3906 ·
3446 3876 3590 3947 μετὰ
3629 3876 3732 3946 γὰρ
3757 3866 3808 3925 τδ

2225 3966 2402 4018 εἰπεῖν
2441 3965 2624 4019 αὐτῶν
2657 3966 2835 4020 πάντα
2863 3967 2932 4020 τὰ
2963 3966 3398 4038 παραπτώματα
3426 3968 3506 4032 ὡς
3539 3969 3587 4020 οι
3612 3965 3810 4037 ἄνδρες.

2225 4054 2635 4126 ὲρωτάσθωσαν
2660 4058 2960 4126 καὶτοῦτο,
2993 4060 3135 4113 πόσα
3165 4059 3473 4129 ἐφόνευσαν
3492 4061 3695 4124 παιδία,
3727 4057 3811 4111 καὶ

2229 4147 2468 4218 μάλιστα
2512 4151 2570 4202 αἱ
2605 4151 2771 4221 χῆραι
2802 4153 2897 4204 καὶ
2926 4153 2983 4205 at
3017 4153 3365 4223 μονάστριαι,
3404 4154 3504 4208 καὶ
3539 4153 3628 4208 διὰ
3656 4151 3814 4206 ποίων

2225 4237 2466 4310 τρόπων·
2504 4239 2636 4294 ἄλλο
2673 4244 2785 4314 γὰρ
2830 4242 2890 4295 τὸ
2933 4245 3110 4297 ποιεῖν
3142 4244 3444 4315 φάρμακον
3489 4245 3590 4300 καὶ
3629 4243 3813 4316 μηκέτι

2229 4332 2456 4403 ποιῆσαι
2483 4333 2720 4389 παιδίον·
2749 4335 2822 4416 τὸ.
2846 4335 2940 4389 καὶ
2971 4334 3272 4407 βαρύτερον
3301 4337 3553 4391 πάντων
3587 4337 3691 4392 οὐκ
3716 4330 3815 4389 οἶδε

531 4439 640 4480 non
701 4422 857 4478 novit
914 4419 1058 4475 enim
1113 4426 1246 4489 quot
1298 4426 1416 4472 erat
1472 4418 1738 4488 paritura.
1779 4417 1942 4472 Aliud
1990 4433 2104 4473 νει-ι

2227 4424 2338 4493 γὰρ
2371 4423 2516 4479 πόσα
2544 4424 2748 4496 ⁴ἤμελλε
2786 4408 2981 4481 ποιεῖν.
3015 4427 3125 4480 Καὶ
3157 4428 3346 4498 ἕτερον
3374 4429 3442 4482 τὸ
3461 4427 3554 4483 διὰ
3584 4425 3814 4499 τριμμά-

537 4516 644 4568 hoc
681 4520 944 4583 prmstare
973 4527 1071 4582 per
1095 4509 1472 4566 contusionem
1502 4509 1588 4563 vel
1617 4507 1805 4564 intrita
1844 4508 2116 4578 quendam,

526 4604 810 4673 quod:alio
837 4603 1012 4657 levius
1050 4611 1152 4658 est.
1188 4599 1432 4671 Singulis
1471 4609 1652 4655 autem
1685 4600 1966 4657 mensibus
2014 4617 2118 4672 ope

532 4695 819 4766 cujusdam
847 4695 1028 4749 herhze
1054 4694 1318 4764 embryon
1341 4691 1596 4748 occidere
1621 4692 1850 4747 omnino
1876 4700 1959 4748 est
1988 4708 2113 4764 per-

530 4787 827 4849 niciosum,
853 4793 909 4840 et
933 4785 1082 4839 omni
1116 4784 1263 4838 caede
1296 4783 1787 4852 sanguinolentius,
1831 4785 1919 4840 cui
1947 4787 2112 4840 etiam

528 4880 595 4935 ad
623 4887 852 4934 mortem
877 4892 1052 4947 usque
1079 4875 1384 4946 cpitimium
1410 4875 1744 4942 decernitur,
1786 4876 1895 4932 nisi
1941 4877 2114 4930 absti-

529 4981 675 5028 neat.
704 4972 882 5041 Atque
914 4971 1030 5025 haec
1067 4969 1135 5023 de
1161 4967 1406 5038 diligenti
1451 4967 1836 5037 inquisitione,
1874 4977 1929 5023 et
1959 4968 2116 5024 diffe-

530 5065 707 5121 rentia
738 5062 1175 5125 confessionum,
1207 5069 1262 5114 et
1293 5059 1361 5114 de
1394 5059 1603 5115 ratione
1632 5075 1739 5131 qua
1775 5076 2119 5132 quacunque

531 5156 675 5213 facta
715 5163 863 5218 sunt,
889 5153 1134 5209 conﬁteri
1169 5160 1400 5222 oportet.

601 5244 1002 5317 Castigationes
1043 5251 1098 5298 et
1135 5241 1584 5313 pmnitentiarum
1627 5243 1950 5300 differentia:
2001 5247 2120 5300 ista:

533 5346 685 5394 sunt.
721 5336 852 5402 Quae
885 5335 1028 5392 facta
1068 5345 1195 5390 sunt
1225 5344 1333 5389 tam
1369 5349 1400 5390 a
1426 5335 1557 5390 viris
1603 5352 1768 5406 quam
1799 5353 1829 5391 a
1875 5339 2123 5394 mulieri-

537 5434 640 5483 bus
678 5439 804 5482 ante
835 5443 1039 5481 annum
1094 5426 1272 5481 aetatis
1301 5427 1639 5483 tricesimum
1674 5468 1691 5494 ,
1744 5427 1901 5483 facile
1935 5431 2123 5483 remit-

535 5532 749 5586 tuntur,
788 5531 842 5576 et
864 5522 1160 5582 donantur,
1200 5520 1605 5591 qualiacunque
1641 5519 1771 5584 sint,
1821 5520 1898 5575 ita
1939 5528 1998 5575 ut
2025 5536 2120 5576 eo-

538 5629 661 5668 rum
715 5614 999 5686 castigatio
1031 5614 1103 5668 sit
1135 5613 1282 5667 velut
1324 5613 1490 5668 trium
1537 5623 1630 5670 aut
1657 5612 1893 5670 duorum
1947 5628 2122 5669 anno-

611 5788 657 5820 ”
696 5787 886 5840 Matth.
922 5787 1211 5851 x1,28-30.

2226 4533 2358 4580 των,
2391 4515 2454 4569 τὸ
2492 4518 2588 4571 καὶ
2620 4515 2716 4570 τοῦ
2747 4518 2910 4572 ἄλλου
2934 4519 3287 4590 κουφότερον·
3323 4519 3386 4573 τδ
3420 4519 3482 4574 δὲ
3511 4518 3657 4575 κατὰ
3686 4518 3818 4590 μῆνα

2225 4608 2315 4662 διά
2368 4625 2514 4672 τινος
2567 4608 2799 4680 βοτάνης
2829 4609 3068 4682 ἔμϐρυον
3109 4611 3462 4665 ἀποκτείνειν
3499 4611 3681 4666 πάντα
3724 4626 3817 4662 που

2224 4701 2469 4772 ὀλέθριον
2534 4703 2630 4757 καὶ
2685 4702 2889 4766 παντὸς
2949 4702 3113 4772 φόνου
3174 4703 3575 4776 φονικώτερον,
3644 4701 3674 4756 ὃ
3735 4696 3822 4755 καὶ

2227 4792 2332 4857 ἕως
2365 4793 2597 4848 θανάτου
2631 4793 2693 4848 τὸ
2723 4793 2999 4865 ἐπιτίμιον
3037 4793 3173 4865 ἔχει,
3203 4793 3270 4852 ἂν
3296 4794 3465 4849 τοῦτο
3515 4795 3594 4867 μὴ
3631 4793 3819 4849 ἀποκό-

2223 4883 2321 4955 ψῃ.
2366 4883 2478 4937 Kal
2505 4882 2680 4939 ταῦτα
2712 4883 2811 4954 μὲν
2837 4883 2967 4953 περὶ
3007 4883 3106 4954 τῆς
3151 4883 3418 4954 ἀκριϐοῦς
3458 4884 3695 4956 ἐρεύνης
3739 4879 3824 4938 καὶ

2228 4976 2497 5047 διαφορᾶς
2536 4975 2645 5028 τῶν
2673 4975 3134 5048 ὲξομολογήσεων,
3166 4976 3262 5030 καὶ
3292 4975 3412 5041 πῶς
3453 4975 3542 5030 δεῖ
3581 4972 3827 5048 ἐξομολο-

2228 5067 2472 5137 γεῖσθαι,
2497 5067 2592 5122 καὶ⁵
2620 5069 2723 5122 ὅσα
2753 5067 3022 5137 ἐγένοντο.

2302 5246 2372 5301 At
2400 5247 2458 5301 δὲ
2487 5249 2838 5319 ἐπιτιμήσεις
2877 5248 2971 5303 καὶ
3010 5249 3065 5301 αἱ
3095 5247 3348 5320 διαφοραὶ
3387 5240 3505 5302 τῶν
3537 5240 3828 5317 ἐπιτιμίων

2231 5334 2420 5404 αὗται,
2449 5340 2545 5394 καὶ
2573 5341 2674 5394 ὅσα
2695 5340 2944 5409 ἐγένοντο
2964 5340 3071 5412 πρὸ
3098 5339 3208 5393 τῶν
3233 5339 3277 5394 λ’
3303 5339 3443 5393 ἐτῶν
3465 5339 3528 5393 ἐν
3547 5355 3609 5393 τε
3641 5335 3834 5408 ἀνδράρ

2236 5447 2329 5484 σιν
2395 5431 2454 5486 ἓν
2481 5445 2542 5484 τε
2602 5430 2820 5499 γυναιξὶ
2864 5430 3258 5499 εύσύγγνωστα
3297 5429 3390 5483 καὶ
3429 5429 3831 5499 εὐσυγχώρητα

2231 5524 2504 5590 εστωσαν,
2539 5517 2628 5578 οἷα
2661 5522 2762 5578 κάν
2807 5525 2934 5589 εἱσι,
2969 5523 3111 5578 ὥστε
3151 5523 3226 5588 ὡς
3271 5520 3442 5594 τριῶν
3489 5521 3523 5591 ἢ
3569 5520 3656 5575 δύ’
3701 5519 3830 5573 ἑτῶν

2232 5614 2385 5685 ἔχειν
2433 5615 2531 5685 τὴν
2566 5615 2906 5685 ἐπιτίμησιν,
2944 5615 3039 5670 ἐὰν
3083 5615 3183 5669 οὐκ
3216 5614 3333 5668 ἔστι
3375 5611 3547 5681 φόνος
3593 5606 3706 5676 οἷος
3741 5609 3830 5681 dir
