4058 6424
329 308 353 372 1
365 302 481 370 929

1504 286 1762 349 SERMO
1802 286 1905 350 DE
1960 286 2468 351 ΡίΕΝῙΤΕΝΤΙΑ.

3490 292 3629 359 1930

324 426 495 474 ποτε,
532 405 666 463 οὔτε
720 398 930 476 μεγάλη
981 397 1289 473 αίμομιξία.
1336 396 1462 452 Ἐὰν
1502 397 1560 451 δὲ
1588 395 1740 468 ’μετὰ
1763 394 1806 448 λ’
1841 394 1936 464 ἔτη

2044 408 2189 459 rum,
2223 395 2327 451 nisi
2357 395 2534 451 caedes
2558 396 2632 453 sit
2650 398 3068 474 qualiscunque,
3101 413 3194 459 aut
3228 420 3461 475 magnus
3491 409 3631 479 qui-

334 503 624 574 ίεγόνασι,
643 498 738 553 καὶ
767 497 871 561 ἓως
894 495 1065 568 τριῶν
1081 494 1176 547 καὶ
1196 488 1704 563 τεσσάρων.·”οπου
1728 487 1784 541 δέ
1812 489 1930 541 ἐστι

325 596 499 666 φόνος
521 593 557 665 ἥ
584 591 761 662 φόνοι,
798 590 893 644 καὶ
921 588 1032 643 ἀπὸ
1057 586 1169 641 τῶν
1193 582 1415 658 ὑψηλῶν
1444 580 1795 654 αίμομιξιῶν,
1821 581 1941 648 ἦτοι

257 704 267 713 ’
325 687 469 758 περὶ
499 682 741 756 γνησίας
771 682 1028 753 ἀδελφῆς,
1063 682 1098 754 ἢ
1130 678 1249 734 υίοῦ
1283 676 1541 748 γυναικὸς
1569 676 1602 748 ῆ
1635 675 1731 730 καὶ
1749 676 1943 748 τετάρ-

326 797 430 834 του
464 778 567 832 καὶ
600 775 875 847 πέμπτου.
924 775 1053 828 Ἐάν
1094 772 1152 826 δέ
1196 771 1333 843 τύχῃ
1365 770 1656 824 συντέκνου
1711 770 1744 834 ἢ
1775 768 1944 821 θυναο

326 872 467 943 τρὸς
504 863 579 940 ἧς
611 868 853 935 ἐδέξατο,
882 866 916 939 ἢ
959 865 1188 937 μητρὸς,
1224 864 1318 918 καὶ
1354 863 1461 927 ἕως
1489 860 1532 916 s'
1569 861 1665 917 καὶ
1699 860 1776 925 ς’.
1813 859 1943 915 Ἐὰν

326 960 388 1014 δὲ
422 958 580 1013 κατὰ
608 955 770 1028 φύσιν
808 974 893 1021 τις
921 956 1194 1027 ἥμαρτεν,
1226 954 1288 1007 οὐ
1330 951 1627 1025 περιέπεσε
1671 950 1729 1004 δὲ
1759 952 1839 1014 είς
1873 951 1943 1005 τὰ

327 1049 496 1123 παρὰ
530 1047 718 1119 φύσιν,
755 1046 881 1102 οὔτε
919 1049 1002 1111 είς
1046 1044 1369 1117 αἰμομιξίας
1404 1038 1518 1098 οἷαι
1558 1043 1662 1098 κάν
1695 1045 1801 1096 εἰσι
1847 1042 1945 1096 καὶ

328 1144 485 1206 ὅσαι,
518 1141 618 1196 καὶ
647 1142 727 1205 si;
758 1140 953 1212 χρόνον
995 1139 1030 1210 ἢ
1083 1139 1180 1193 καὶ
1223 1138 1318 1191 δύο
1358 1136 1721 1208 ἐπιτιμᾶσθαι
1757 1137 1939 1206 μόνον.

328 1236 535 1290 Ταῦτα
573 1235 674 1306 μὲν
705 1234 807 1288 ὅσα
838 1229 1295 1303 καταχρηστικῶς
1337 1229 1588 1302 ἐπράχθη
1636 1231 1733 1282 καὶ
1787 1228 1945 1299 ἐχρό-

329 1344 498 1384 νισαν
546 1325 816 1391 πολλάκις
849 1327 942 1380 καὶ
971 1324 1077 1388 ἕως
1122 1323 1322 1394 γῆρας,
1352 1324 1401 1375 εἰ
1433 1321 1492 1375 δὲ
1521 1320 1723 1392 ἅπαξῆ
1762 1321 1866 1387 δὶς,
1906 1321 1940 1391 ἢ

329 1423 460 1493 τρὶς
496 1421 764 1490 γεγόνασι
791 1418 887 1473 καὶ
913 1417 1256 1488 ἐξεκόπησαν
1284 1410 1376 1469 οἷα
1404 1414 1507 1469 κάν
1545 1415 1652 1466 εἰσι
1680 1414 1783 1477 ’ἐως
1813 1414 1943 1485 χρό-

330 1530 429 1567 νου
487 1513 524 1583 ἢ
560 1513 737 1584 ἥμισυ
769 1509 1245 1581 ἐπιτιμᾶσθωσαν.
1290 1509 1415 1562 Ἐάν
1444 1507 1503 1562 δὲ
1543 1508 1638 1560 ἐπὶ
1669 1499 1945 1577 γυναικῶν

329 1605 492 1675 φόνοι
523 1603 780 1676 διάφοροί
812 1619 958 1667 τινες
988 1601 1085 1656 καλ⁸
1120 1603 1343 1672 μαγεῖαι
1375 1600 1752 1671 ἐπράχθησαν,
1780 1598 1813 1668 ἢ
1849 1598 1945 1652 καὶ

329 1696 443 1762 ἕως
471 1696 660 1751 αὐτῶν
693 1696 803 1751 τῶν
833 1695 987 1768 παρὰ
1012 1694 1201 1764 φύσιν,
1228 1693 1322 1748 καὶ
1358 1692 1466 1756 ἕως
1488 1690 1633 1747 ὀκτὼ
1689 1692 1784 1745 καὶ
1808 1690 1943 1745 δέκα

334 1789 506 1845 ἐτῶν.

2047 487 2171 542 dam
2201 489 2468 545 incestus.
2506 488 2565 545 Si
2610 507 2743 548 vero
2790 505 2918 565 post
2964 495 3185 567 triginta
3226 511 3425 565 annos,
3459 515 3631 572 usque

2047 579 2113 633 ad
2147 580 2364 635 tertium
2397 591 2492 637 aut
2519 592 2778 651 quartum
2804 600 3009 641 annum
3032 602 3207 658 prauae
3245 604 3627 661 protegantur.

2051 670 2155 725 Ubi
2181 685 2310 727 vero
2332 673 2562 731 interest
2591 677 2769 733 caades
2803 694 2909 734 una
2938 690 3035 735 aut
3064 682 3269 751 plures,
3293 683 3378 739 vel
3405 699 3634 756 magno-

2044 781 2170 821 rum
2211 765 2543 824 incestorum
2575 769 2820 841 aliquod,
2877 773 3043 829 veluti
3079 790 3203 830 cum
3234 791 3492 846 germana
3542 794 3634 834 so-

2045 858 2191 923 rore,
2220 858 2304 913 vel
2342 873 2518 915 uxore
2540 861 2659 928 filii,
2696 862 2779 918 vel
2812 879 2988 935 usque
3014 866 3083 921 ad
3104 875 3366 937 quartum
3389 877 3442 924 et
3475 873 3637 940 quin-

2046 956 2189 1004 tum.
2231 947 2291 1003 Si
2315 964 2446 1005 vero
2477 952 2723 1020 potiatur
2749 964 3075 1023 commatre,
3125 968 3221 1012 aut
3248 957 3361 1013 filia
3386 974 3551 1030 quam
3579 962 3634 1015 in

2050 1040 2327 1113 baptismo
2384 1054 2722 1116 susceperat,
2771 1056 2868 1103 aut
2922 1049 3114 1106 matris
3147 1051 3307 1122 eius,
3348 1068 3525 1124 usque
3567 1056 3634 1108 ad

2047 1135 2300 1205 quintum
2331 1142 2427 1191 aut
2478 1144 2693 1193 sextum
2746 1155 2972 1196 annum.
3007 1140 3065 1197 Si
3121 1158 3250 1199 vero
3279 1145 3405 1214 quis
3434 1161 3634 1201 secun-

2046 1224 2179 1280 dum
2214 1233 2469 1281 naturam
2501 1229 2766 1297 peccavit,
2789 1245 2897 1287 non
2917 1232 3108 1289 incidit
3134 1243 3317 1290 autem
3343 1237 3399 1291 in
3418 1252 3482 1292 ea
3511 1253 3634 1307 qua-

2047 1329 2237 1375 contra
2282 1326 2536 1399 naturam
2587 1330 2751 1387 sunt,
2789 1338 2966 1394 neque
3012 1327 3067 1380 in
3113 1327 3321 1383 incesta
3362 1331 3543 1400 qualia
3581 1346 3636 1385 (ιι

2047 1419 2475 1481 quantacunque
2495 1409 2723 1477 fuerint,
2752 1429 2898 1470 anno
2925 1432 3035 1472 uno
3057 1428 3155 1474 aut
3184 1420 3401 1477 duobus
3422 1431 3635 1477 tantum

2046 1503 2328 1574 puniatur.
2376 1502 2507 1559 Haec
2543 1506 2801 1575 equidem
2834 1523 2963 1579 erga
3006 1524 3101 1565 eos
3134 1512 3228 1581 qui
3275 1513 3363 1567 bis
3406 1514 3635 1583 quibus-
3684 1513 3692 1519 ’

2051 1611 2276 1666 curaque
2306 1595 2469 1651 abusi
2500 1596 2726 1665 fuerint,
2752 1599 2883 1654 etin
2925 1601 2993 1657 iis
3034 1603 3235 1672 saepius
3264 1606 3332 1660 ad
3382 1614 3635 1660 senectu—

2048 1697 2158 1743 tem
2197 1703 2374 1760 usque
2408 1692 2903 1760 perseveraverint.
2926 1690 3001 1748 At
3023 1695 3068 1750 si
3099 1697 3288 1763 semel,
3314 1698 3398 1753 vel
3421 1698 3527 1763 bis,
3553 1698 3636 1753 vel

1968 1762 2017 1821 Β
2047 1793 2131 1837 ter
2175 1783 2232 1838 id
2275 1782 2529 1852 fecerint,
2586 1794 2641 1841 ct
2677 1787 3018 1857 destiterint,
3070 1791 3478 1863 qualiacunque
3514 1762 3635 1848 ista

336 1882 583 1949 fuerint,
614 1897 821 1938 annum
844 1897 1036 1949 unum,
1070 1880 1157 1937 vel
1205 1879 1597 1951 sesquiannum
1626 1878 1944 1950 puniantur.
1982 1876 2038 1931 Si
2073 1891 2203 1932 vero
2228 1893 2258 1931 a
2291 1879 2612 1935 mulieribus
2670 1882 2902 1937 diversae
2927 1883 3125 1948 cades,
3183 1893 3239 1940 et
3265 1888 3458 1958 magia:
3479 1887 3638 1946 factae

330 1974 577 2039 fuerint,
613 1984 668 2029 et
701 1973 769 2029 ad
810 1988 877 2028 ea
910 1987 1089 2042 usque
1134 1986 1256 2041 quae
1300 1979 1490 2027 contra
1516 1978 1765 2025 naturam
1810 1977 1945 2024 sunt.
1976 1980 2280 2039 progressae
2310 1967 2536 2034 fuerint,
2605 1971 3000 2040 protrahantur
3032 1989 3228 2031 eorum
3296 1980 3636 2049 paenitentia:

330 2067 402 2123 ad
434 2083 650 2122 annum
676 2083 853 2138 usque
886 2077 1139 2123 octavum
1168 2054 1264 2122 aut
1291 2069 1454 2122 etiam
1488 2064 1782 2121 decimum.

405 2155 636 2226 Ταύτας
667 2162 724 2216 δὲ
756 2162 856 2225 τὰς
881 2159 1147 2233 διαφορὰς
1171 2162 1267 2216 καὶ
1292 2161 1644 2232 ἐπιτιμήσεις
1677 2161 1807 2231 περὶ
1837 2158 1939 2229 τῆς

330 2254 635 2318 κοινωνίας
691 2254 968 2325 ὁρίζομενο
1032 2253 1252 2308 πάντων
1309 2252 1420 2321 γάρ
1478 2254 1597 2306 ἐστι
1637 2250 1940 2322 βαρύτερον

332 2349 656 2420 ἁμάρτημα
717 2346 780 2400 τὸ
839 2344 1075 2410 ἀναξίως
1121 2348 1424 2411 κοινωνεῖν,
1465 2344 1494 2398 ὃ
1544 2344 1639 2399 καὶ
1693 2343 1940 2398 διέλαθεν

333 2439 509 2510 ἡμᾶς.
551 2437 895 2511 Ἐρωτᾶσθαι
940 2438 1022 2492 δεῖ
1063 2439 1190 2502 τοὺς
1236 2438 1765 2510 ἐξομολογουμένους
1800 2438 1941 2510 μετὰ

329 2531 435 2604 τὴν
468 2533 696 2587 ἅπασαν
736 2531 847 2586 τῶν
880 2532 1297 2603 ἁμαρτημάτων
1330 2532 1743 2603 ἐξομολόγησιν,
1774 2532 1837 2585 τὸ
1891 2534 1940 2585 εί

332 2623 448 2694 ἄρα
496 2624 573 2677 τά
602 2622 1176 2695 προεξομολογηθέντα
1204 2622 1375 2678 ποιῶν
1414 2622 1730 2689 ἐκοινώνει;
1764 2622 1941 2694 Ὅπερ

334 2718 435 2771 ἐὰν
466 2718 624 2790 εἴπῃ,
657 2717 767 2770 Ναὶ
788 2715 1146 2788 ἐκοινώνησα,
1179 2715 1275 2769 καὶ
1302 2714 1409 2783 ἔξω
1424 2715 1754 2786 Πασχαλίου,
1779 2714 1942 2770 τοῦτο

336 2809 530 2881 χεῖρον
576 2806 797 2862 πάντων
835 2802 926 2879 ἦν,
954 2800 1066 2859 οἷον
1105 2806 1208 2861 κάν
1241 2806 1358 2859 ἐστι
1387 2806 1498 2860 τῶν
1539 2806 1843 2877 ἐλαχίστων
1880 2806 1943 2860 τὸ

335 2899 681 2972 ἁμάρτημα,
732 2898 827 2953 καὶ
878 2898 1104 2953 πλείονα
1170 2894 1272 2968 τὴν
1336 2896 1551 2969 ἀποχὴν
1604 2899 1786 2957 ποιεῖν
1840 2900 1944 2972 τῆς

339 2994 623 3067 ἀχράντου
653 2994 960 3057 κοινωνίας.

338 3094 341 3099 ’
412 3085 555 3157 Περὶ
605 3084 660 3138 δέ
693 3082 952 3156 βρώσεως
1001 3085 1095 3139 καὶ
1135 3082 1346 3149 πόσεως
1378 3083 1455 3149 ὡς
1503 3084 1737 3140 ἑκάστου
1774 3084 1940 3155 φύσις

2114 2153 2228 2210 Has
2279 2154 2699 2227 castigationum
2750 2157 3084 2216 differentias
3127 2160 3197 2217 de
3239 2165 3635 2221 communione

2041 2247 2338 2303 definimus
2391 2247 2701 2303 :omnium
2751 2260 3100 2318 peccatorum
3130 2255 3517 2325 gravissimum
3548 2268 3635 2313 est

2041 2337 2262 2409 indigne
2276 2340 2705 2405 communicare,
2723 2342 2867 2411 quod
2891 2358 2993 2399 nos
3012 2343 3292 2416 effugerat.
3326 2347 3634 2420 interroga-

2043 2444 2104 2485 re
2123 2430 2290 2500 igitur
2306 2440 2521 2501 oportet
2538 2432 2858 2490 confitentcs
2876 2449 2997 2504 post
3013 2448 3263 2493 exactam
3283 2451 3630 2510 peccatorum

2040 2522 2465 2591 confessionem,
2497 2526 2768 2596 nunquid,
2790 2542 2914 2582 cum
2943 2530 3129 2584 omnia
3164 2532 3416 2590 confessa
3438 2551 3632 2606 perpe-

2040 2622 2262 2681 trasset,
2313 2618 2762 2673 communicavit.
2787 2618 2945 2685 Quod
2978 2621 3023 2676 si
3062 2623 3265 2680 dixerit
3308 2646 3322 2681 :
3375 2626 3451 2682 Ita
3480 2644 3633 2684 com-

2043 2708 2342 2775 municavi,
2369 2719 2425 2765 et
2448 2719 2601 2766 extra
2629 2710 2916 2769 Pascbatis
2950 2724 3201 2786 tempus;
3244 2718 3348 2775 hoc
3382 2722 3631 2776 omnium

2043 2798 2204 2870 pejus
2227 2807 2333 2867 est,
2362 2798 2491 2855 licet
2527 2800 2582 2855 in
2618 2798 2871 2857 minimis
2902 2807 3138 2873 peccatis
3165 2809 3475 2879 contigerit,
3512 2828 3628 2866 me-

2042 2899 2308 2961 relurque
2366 2891 2772 2949 diuturniorem
2811 2894 3181 2954 immaculata
3220 2904 3630 2959 communionis
3687 2942 3691 2945 -

2043 2982 2456 3040 abstinentiam.

2113 3072 2271 3141 Quod
2302 3075 2372 3130 ad
2401 3076 2506 3132 cibi
2538 3086 2814 3151 potusque
2843 3074 3233 3140 abstinentiam
3270 3087 3487 3155 attinet,
3521 3089 3629 3144 im-

337 3177 572 3233 δύναται
606 3176 924 3249 ὑποφέρειν,
953 3178 1117 3248 ἡμεῖς
1151 3176 1209 3230 δὲ
1235 3176 1330 3230 δύο
1365 3177 1503 3241 τέως
1526 3176 1795 3249 διαφορὰς
1818 3177 1936 3247 ἔχο-

2041 3167 2282 3237 peranda
2314 3176 2398 3224 est
2432 3180 2593 3241 prout
2626 3174 3062 3246 uniuscujusque
3118 3189 3315 3236 natura
3352 3180 3498 3237 ferre
3528 3199 3630 3255 po-

343 3289 471 3341 μεν,
497 3271 555 3338 ἐξ
578 3264 654 3326 ὧν
687 3271 782 3325 καὶ
808 3269 1071 3341 ποιοῦμεν
1095 3270 1192 3324 καὶ
1219 3269 1434 3341 δίδομεν
1458 3272 1719 3342 τοῖςήμίν
1736 3271 1929 3340 ἐξομο-

2041 3268 2166 3317 test.
2193 3259 2307 3318 Nos
2327 3276 2456 3318 vero
2476 3264 2690 3319 interim
2707 3267 2846 3329 duas
2863 3268 3197 3327 differentias
3216 3276 3631 3341 constituimus,

338 3363 695 3433 λογουμένοις
720 3356 808 3414 οἵα
839 3359 943 3414 κᾶν
969 3360 1076 3413 εἰσι
1108 3358 1178 3413 τὰ
1212 3360 1588 3433 ἁμαρτήματα
1619 3361 1712 3413 καὶ
1744 3361 1801 3414 ἐν
1825 3361 1936 3424 τοῖς

2043 3354 2345 3410 secundum
2376 3372 2513 3426 quas
2555 3359 2793 3430 agimus,
2828 3370 2882 3415 et
2914 3363 3293 3432 paenitentiam
3329 3370 3521 3425 damus
3562 3371 3631 3426 iis

343 3455 606 3524 μεγάλως
652 3454 747 3509 καὶ
795 3452 1009 3526 μικρῶς
1044 3452 1411 3524 ἡμαρτηκόσι.
1444 3452 1789 3523 Προείπομεν
1826 3453 1936 3520 γάρ

2045 3450 2139 3516 qui
2173 3456 2395 3518 peccata
2414 3462 2512 3505 sua
2534 3451 2942 3523 qualiacunque
2966 3455 3092 3517 sint,
3124 3456 3241 3513 sive
3269 3473 3485 3528 inagna,
3516 3460 3633 3516 sive

338 3549 425 3601 ὅτι
464 3548 525 3601 ἐν
561 3552 672 3611 τοῖς
703 3546 1219 3618 ἐξομολογουμένοις
1249 3545 1367 3598 ἐστὶ
1399 3544 1494 3598 καὶ
1521 3546 1636 3609 τοῖς
1672 3543 1936 3608 τοιούτοις

2048 3555 2214 3610 parva
2260 3545 2628 3611 peccaverint,
2667 3545 2829 3600 nobis
2873 3545 3221 3603 confitentur.
3270 3548 3446 3618 Supra
3489 3551 3637 3606 dixi~

339 3640 762 3712 άναδεχομένοις
793 3641 826 3713 ἢ
858 3638 1073 3711 ἐλαφρὰ
1101 3639 1135 3711 ἢ
1169 3638 1364 3710 βαρεῖα
1408 3638 1518 3692 τῶν
1563 3639 1857 3710 ἐπιτιμίων
1900 3639 1934 3709 ἡ

2048 3649 2174 3690 mus
2219 3635 2366 3704 quod
2408 3635 2801 3693 confitentibus
2831 3647 2887 3693 et
2921 3654 3016 3694 eos
3047 3641 3474 3711 suscipientibus
3512 3652 3653 3714 pm-‘

336 3730 509 3794 δόσις.
553 3735 618 3787 Ἦ
639 3734 748 3805 γὰρ
770 3730 865 3787 τοῦ
894 3732 1390 3803 ἐξομολογουμένου
1422 3731 1641 3803 καθαρὰ
1670 3735 1765 3787 καὶ
1786 3732 1940 3787 ἀδιά-

339 3839 546 3888 στατος
586 3825 801 3889 πίστις,
839 3826 932 3878 καὶ⁵
962 3825 1022 3888 ἐξ
1046 3818 1123 3875 ὧν
1156 3824 1270 3894 ἔχει
1315 3825 1606 3894 μετάδοσις
1644 3826 1782 3894 πρὸς
1810 3826 1939 3888 τοὺς

333 3913 655 3987 δεομένους,
681 3918 856 3989 ἥνπερ
879 3918 907 3971 ὀ
939 3916 1213 3988 μακάριος
1233 3915 1532 3979 ἀπόστολος
1560 3916 1774 3981 Παῦλος
1796 3933 1936 3987 καρ-

333 4005 437 4059 πὸν
490 4008 732 4073 πίστεως
766 4006 1031 4076 ἐπιλέγει,
1070 4011 1164 4060 καὶ
1211 4009 1243 4077 ἡ
1288 4005 1383 4060 τοῦ
1412 4007 1810 4077 ἀναδεχομένου
1842 4006 1934 4061 τὸν

330 4098 859 4173 ἐξομολογούμενον,
894 4101 1249 4172 εύσύγκρισις
1281 4099 1379 4154 καὶ
1418 4101 1622 4169 γνῶσις
1658 4102 1752 4154 καὶ
1788 4117 1932 4173 συμ-

332 4190 528 4263 παθὴς
557 4193 968 4263 ωγκατάὸασις
997 4193 1176 4247 πάντα
1228 4191 1441 4264 ἐλαφρὰ
1486 4188 1616 4257 οἶδε,
1661 4196 1757 4249 καὶ
1804 4195 1936 4267 περὶ

337 4282 601 4356 βρώσεως
633 4287 732 4341 καὶ
759 4286 972 4351 πόσεως
999 4285 1096 4340 καὶ
1122 4285 1313 4358 εὐχῆς,
1352 4287 1449 4340 καὶ
1481 4288 1611 4357 περὶ
1645 4289 1745 4357 τῆς
1772 4288 1934 4357 ἁγίας

335 4376 651 4442 κοινωνίας,
695 4375 790 4429 καὶ
836 4375 1072 4446 μάλιστα
1103 4377 1152 4429 εἰ
1188 4377 1343 4448 τύχοι
1378 4378 1408 4430 ό
1442 4376 1934 4449 ἐξομολογούμενος

337 4463 428 4519 ἵνα
458 4467 571 4538 πρὸ
608 4467 704 4521 τοῦ
741 4466 1246 4541 ἐξομολογήσασθαι
1299 4469 1557 4543 ἀποκόψῃ
1585 4471 1648 4523 τὸ
1677 4466 1941 4541 ἁμαρτὰς

336 4572 471 4622 νειν,
500 4556 535 4628 ἢ
567 4557 822 4628 ὁμολογεῖ
845 4557 949 4612 κᾶν
978 4558 1088 4613 ἀπὸ
1113 4561 1215 4631 τῆς
1245 4559 1689 4632 ἐξομολογήσεως
1726 4563 1931 4616 ἀποκό-

338 4665 518 4704 πτειν.
542 4649 737 4704 Πολλοὶ
759 4651 868 4723 γάρ
895 4655 1003 4706 εἰσι
1027 4653 1078 4706 οἳ
1105 4652 1555 4724 ἐξομολογοῦνται
1578 4656 1673 4707 καὶ
1695 4654 1931 4709 λυποῦν-

336 4756 427 4795 ται
474 4741 568 4795 καὶ
619 4742 994 4813 μετανοοῦσιν,
1040 4745 1156 4798 ἀλλ’
1198 4746 1351 4816 ὅμως
1392 4745 1426 4816 ἢ
1472 4745 1634 4815 φύσει
1682 4746 1716 4819 ἦ
1753 4745 1927 4818 κλοπῇ

2048 3725 2407 3780 nitentiarum
2436 3727 2758 3783 distributio
2799 3728 2997 3799 duplex
3024 3740 3131 3792 est,
3183 3731 3316 3786 levis
3341 3742 3397 3786 et
3426 3735 3629 3803 gravis.

2040 3812 2189 3869 Pura
2203 3815 2347 3869 enim
2365 3817 2624 3871 continua
2652 3826 2705 3871 et
2728 3817 3031 3873 indubitata
3052 3819 3364 3876 confitentis
3398 3823 3552 3888 ﬁdes,
3579 3838 3635 3879 ιιι

2040 3921 2233 3961 eorum
2264 3923 2388 3978 quae
2415 3910 2660 3979 possidet
2692 3926 2815 3966 cum
2852 3913 3141 3983 egentibus
3178 3918 3629 3984 communicatio,

2042 4014 2208 4070 quam
2239 3999 2437 4057 beatus
2474 4001 2757 4071 apostolus
2779 4001 2986 4060 Paulus
3031 4003 3269 4061 fructum
3307 4008 3430 4063 fidei
3474 4010 3628 4076 dicit,

2042 4102 2098 4148 et
2136 4094 2427 4163 prudentia
2475 4095 2818 4167 scientiaque
2853 4096 3187 4154 conifessoris
3204 4099 3321 4154 haec
3353 4101 3490 4156 bene
3517 4103 3632 4158 dis-

2039 4201 2269 4242 cernens
2311 4195 2367 4242 et
2395 4187 2769 4259 diStinguens,
2811 4189 3093 4261 ipsiusque
3129 4194 3470 4262 compatiens
3515 4197 3630 4250 d's—

2038 4278 2289 4349 pensatio
2319 4289 2373 4333 et
2412 4279 2849 4336 accommodatio
2884 4282 3067 4337 omnia
3099 4282 3236 4337 levia
3268 4284 3419 4339 novit
3443 4296 3499 4340 et
3538 4290 3630 4340 ile-

2035 4370 2233 4436 cernit,
2253 4370 2369 4426 sive
2392 4370 2598 4438 cibum,
2623 4372 2743 4427 sive
2759 4379 2973 4441 potum,
3004 4373 3119 4430 sive
3146 4377 3473 4442 orationem,
3514 4378 3630 4431 sive

2036 4463 2487 4519 communionem
2552 4472 2832 4534 spectent;
2883 4468 3185 4536 praesertim
3238 4469 3284 4523 si
3347 4471 3632 4541 contingat

2036 4553 2389 4611 conﬁtentem
2434 4561 2561 4610 ante
2607 4554 3013 4615 confessionem
3053 4573 3083 4613 a
3135 4561 3418 4630 peccando
3450 4564 3621 4619 absti-

2034 4648 2245 4713 nuisse,
2292 4657 2390 4703 aut
2445 4658 2567 4719 post
2622 4649 3021 4706 confessionem
3057 4653 3341 4722 pollicetur
3394 4670 3454 4711 se
3495 4657 3649 4711 abs--

2033 4746 2334 4795 tenturum.
2396 4739 2548 4795 Multi
2597 4741 2743 4796 enim
2799 4751 2959 4809 sunt,
3019 4745 3114 4814 qui
3164 4745 3512 4809 confitentur,
3566 4760 3624 4801 et

338 4832 558 4904 ὲλίθροῦ»
663 4808 1041 4909 κακογνωμίξῖι,
1072 4836 1106 4909 ἢ
1149 4808 1246 4893 καί
1282 4808 1496 4911 πονηρέ
1528 4808 1789 4910 συνηθείᾳ
1836 4808 1927 4893 ex:

2041 4830 2344 4898 tristantur,
2362 4839 2417 4886 et
2431 4831 2761 4902 resipiscunt
2782 4808 3055 4901 ;attamen
3075 4832 3159 4892 vel
3183 4848 3399 4902 natura,
3422 4838 3506 4892 vel
3533 4855 3625 4892 ar-

337 4925 560 4995 κόμενοι
609 4926 936 4995 σφάλλονται
970 4928 1135 4985 πάλιν
1167 4933 1264 4984 καὶ
1291 4930 1716 5003 περιπίπτουσιν
1747 4933 1930 5004 ἁμαρ-

333 5016 600 5086 τήμασιν,
637 5018 688 5070 οἱ
707 5018 942 5073 τοιοῦτοι
967 5021 1149 5075 τοίνυν
1176 5021 1265 5075 ἴνα
1295 5023 1529 5077 πάντοτε
1547 5024 1649 5095 μὲν
1674 5022 1929 5097 ἐξομολοέ

331 5105 542 5173 γῶνται
569 5109 762 5175 ὁσάκις
795 5110 863 5165 ἂν
892 5111 1158 5168 πέσωσιν.
1202 5113 1329 5169 Ἐὰν
1358 5115 1415 5169 δὲ
1442 5117 1538 5170 καὶ
1578 5116 1648 5171 τὰ
1676 5118 1929 5189 ἐπιτίμια

332 5197 506 5253 αὐτοῦ
538 5198 931 5273 πληρώσαντες
957 5204 1059 5258 ὃσα
1082 5204 1149 5259 ἂν
1178 5204 1274 5277 ἐτη
1309 5205 1501 5260 ἔλαϐον
1529 5207 1685 5281 παρὰ
1712 5207 1806 5262 τοῦ
1844 5209 1929 5262 δε-

331 5287 649 5358 σμήσαντος
683 5291 903 5358 αὐτοὺς,
947 5293 1043 5347 καὶ
1096 5294 1382 5365 μέλλουσιν
1424 5297 1929 5368 ἀποπληρώσαντες

330 5385 632 5449 κοινωνεῖν,
650 5384 785 5455 μηδέ
802 5387 924 5440 τότε
942 5389 1393 5447 κοινωνείτωσαν.
1417 5391 1480 5445 Ei
1496 5391 1554 5445 δὲ
1569 5394 1663 5445 καὶ
1679 5392 1817 5456 ὅλως
1835 5392 1931 5444 αύ-

329 5473 462 5535 τοὺς
491 5473 712 5529 ἐλεῶσιν
739 5478 788 5530 οἱ
821 5478 922 5551 τὴν
948 5480 1305 5553 ἐξαγόρευσιν
1333 5464 1613 5554 δεχόμενοι
1652 5480 1929 5535 κοινωνεί-

331 5575 534 5631 τωσαν,
568 5565 701 5621 ἀλλὰ
725 5570 864 5639 μετὰ
886 5571 1057 5625 ταῦτα
1083 5572 1692 5645 παραφυλαττέσθωσαν
1722 5575 1928 5645 ἄχραν-

332 5671 429 5708 τον
462 5659 747 5723 κουωνίαν
800 5660 905 5725 ἕως
949 5662 1016 5717 ἂν
1055 5665 1431 5735 ἀποκόψωσιν·
1474 5666 1659 5729 ἐλέους
1688 5665 1797 5735 γὰρ
1834 5665 1927 5717 καὶ

342 5743 536 5799 τούτου
585 5746 750 5802 ἕνεκα
806 5752 967 5823 μόνον
1024 5755 1083 5808 ἐν
1141 5758 1208 5826 τῇ
1266 5756 1447 5826 κρίσει
1499 5755 1921 5826 άξιωϐἡσσνται.

580 5860 827 5927 Parnm.
895 5869 1010 5927 Gn.
1053 5869 1428 5930 LXXXVIII.

2033 4932 2086 4977 te
2107 4922 2309 4978 furtiva
2342 4923 2571 4990 inimici,
2600 4924 2684 4980 vel
2712 4941 2878 4994 prava
2901 4927 3180 4998 opinione,
3203 4930 3288 4984 vel
3314 4929 3455 4983 mala
3490 4944 3625 4984 con-

2033 5015 2324 5070 suetudine
2351 5015 2540 5081 illecti,
2566 5015 2764 5072 iterum
2792 5017 3076 5087 labuntur,
3102 5031 3157 5075 et
3196 5020 3251 5074 in
3282 5029 3504 5090 peccata
3535 5022 3621 5075 in-

2033 5108 2243 5166 cidunt.
2299 5106 2405 5174 Qui
2440 5107 2764 5179 hujusmodi
2818 5122 2968 5178 sunt,
3013 5126 3227 5181 semper
3259 5111 3623 5167 confiteantur

2035 5199 2252 5270 quoties
2287 5198 2589 5255 ceciderint
2616 5218 2629 5254 :
2654 5201 2699 5256 si
2734 5209 2915 5257 autem
2947 5210 3070 5271 post
3105 5203 3406 5271 completas
3444 5204 3622 5273 poeni-

2036 5291 2238 5347 tentias
2288 5290 2393 5346 sibi
2428 5289 2715 5362 impositas
2761 5293 2878 5361 jam
2933 5293 3394 5349 eommunicaturi
3442 5309 3625 5363 erant,

2033 5399 2216 5454 neque
2264 5392 2380 5439 tum
2417 5384 2850 5440 communicent.
2884 5382 2940 5438 Si
2994 5400 3122 5440 vero
3157 5402 3349 5441 eorum
3396 5389 3623 5444 omnino

2033 5475 2389 5541 miserentur,
2414 5474 2510 5544 qui
2550 5473 2950 5531 confessionem
2975 5476 3276 5547 excipiunt,
3313 5481 3623 5534 communi-

2037 5577 2193 5634 cent;
2228 5565 2322 5622 sed
2356 5575 2545 5636 postea
2574 5565 2677 5619 hoc
2702 5564 3014 5636 observent,
3046 5576 3104 5627 ut
3129 5568 3492 5626 intermittant
3521 5571 3625 5626 im-

2037 5660 2366 5717 inaculatam
2409 5657 2883 5727 communionem,
2935 5661 3111 5718 donec
3148 5678 3179 5717 a
3227 5672 3452 5733 peccato
3500 5682 3627 5734 per-

2037 5752 2303 5822 petrando
2321 5765 2442 5807 sese
2459 5749 2826 5808 cobibuerint.
2852 5751 3081 5825 Propter
3112 5756 3215 5811 boc
3237 5756 3384 5813 enim
3414 5766 3624 5815 tantum

3156 5866 3220 5929 (il
