4058 6412
287 449 428 522 1937

1453 461 1711 520 SERMO
1745 463 1841 521 DE
1877 460 2043 524 PtEN
2053 465 2380 525 ITENTIA.

3415 462 3548 530 1938

1404 732 1528 791 ΤΟΥ
1572 731 1655 779 EN
1697 733 1909 780 ΑΓιοιΣ
1957 730 2215 781 ΠΔΤΡΟΣ
2241 734 2420 782 nam

1576 889 2264 1005 ΙΩΑΝΝΟΥ

1197 1103 1766 1159 ΑΡΧῙΕΠΙΣΚΟΠΟΥ
1817 1106 2636 1165 ΚΩΝΣΤΔΝΤΙΝΟΥΠΟΛΕΩΣ

1421 1267 1653 1354 ΤΟΥ
1724 1270 2400 1359 ΝΗΣΤΕΥΤΟΥ

947 1433 1131 1487 ΠΕΡΙ
1159 1430 1602 1501 ΜΕΤΑΝΟΙΑΣ,
1631 1435 1760 1489 ΚΑΙ
1780 1436 2257 1502 ΕΓΚΡΑΤΕΙΑΣ,
2287 1439 2413 1492 ΚΑΙ
2436 1436 2873 1493 ΠΑΡΘΕΝΙΑΣ.

1404 1764 1498 1852 S.
1576 1767 1685 1853 P.
1766 1765 1880 1854 N.
1936 1763 2454 1856 JOANNIS

1223 1957 1756 2021 ARCHIEPISCOPI
1783 1959 2608 2019 CONSTANTINOPOLITANI

1833 2092 1991 2130 VULGO

1527 2159 1535 2168 ’
1634 2189 1950 2254 JEJUNA
1958 2190 2204 2252 TORIS

888 2309 988 2370 DE
1023 2312 1532 2390 PtENITENTIA,
1563 2317 1658 2377 ΕΤ
1695 2315 2240 2392 CONTINENTIA,
2287 2317 2384 2378 ET
2424 2313 2949 2379 VI‘RGINITATE'.

277 2433 436 2500 (Opp.
469 2433 525 2484 S.
546 2431 751 2484 Joannis
787 2432 1122 2497 Chrysoslomi
1151 2439 1232 2489 ed.
1271 2439 1538 2490 Frontonis
1575 2441 1765 2501 Ducazi,
1792 2445 1913 2490 tom.
1946 2441 1984 2500 Ι,

2073 2456 2152 2505 ag.
2185 2441 2302 2505 809;
2337 2441 2416 2491 ed.
2443 2438 2598 2505 Savil.
2629 2445 2755 2492 tom.
2780 2437 2906 2505 ΝΠ,
2958 2451 3009 2501 p.
3051 2435 3163 2488 641.
3199 2433 3381 2489 Omisit
3401 2430 3560 2485 Mont-

1331 2502 1525 2552 taucon.
1547 2501 1902 2566 Interpretatio
1932 2508 2011 2552 est
2033 2501 2271 2555 Bernardi
2303 2502 2591 2573 Brixiani.)

371 2624 429 2680 '0
465 2625 730 2698 μακάριος
757 2625 970 2692 Παῦλος
992 2628 1308 2695 ἀπόστολος,
1337 2632 1366 2684 6
1388 2631 1495 2686 τῶν
1525 2631 1694 2686 ὲθνῶν
1727 2633 1871 2687 διδά-

2047 2633 2105 2689 Si
2153 2635 2342 2690 beatus
2382 2631 2584 2688 Paulus
2631 2629 2913 2702 apostolus
2958 2627 3223 2699 gentium,
3267 2625 3459 2681 doctor
3504 2633 3560 2679 et

274 2719 492 2782 σκαλος
529 2719 624 2772 καὶ
649 2719 1092 2790 τῆςἙκκλησίας
1125 2721 1438 2793 γενόμενος,
1470 2726 1498 2779 6
1521 2724 1629 2778 τῶν
1651 2723 1878 2780 ὄπισθεν

272 2809 802 2879 ἐπιλανθανόμενος,
825 2811 921 2863 καὶ
941 2813 1053 2873 τοῖς
1075 2810 1387 2883 ἔμπροσθεν
1407 2816 1876 2887 ἐπεκτεινόμενος,

271 2903 313 2954 ὁ
344 2899 501 2969 σῶμα
545 2900 784 2970 φθαρτὸν
817 2901 1202 2972 περικείμενος
1227 2943 1242 2968 ,
1285 2904 1381 2957 καὶ
1402 2904 1522 2969 ταῖς
1566 2907 1879 2978 ἀσωμάτοις

272 2991 583 3060 δυνάμεσιν
629 2991 1027 3062 ἁμιλλώμενος,
1047 2993 1076 3044 6
1117 2993 1208 3048 τὸν
1239 2995 1443 3066 δρόμον
1474 2995 1702 3062 τελέσας
1721 3041 1736 3064 ,
1782 2999 1880 3052 καϊ

270 3083 385 3152 τὴν
437 3083 620 3136 πίστιν
678 3085 944 3156 τηρήσας,
996 3087 1025 3138 6
1073 3085 1133 3139 ὲν
1184 3080 1491 3158 ’νηστείαις
1545 3089 1875 3165 διαπρέψας,

198 3185 208 3192 ’
273 3174 385 3228 καὶ
430 3176 487 3228 ἐν
534 3174 802 3239 κινδύνοις
861 3176 1247 3248 εὐδοκιμήσας,
1279 3180 1308 3231 6
1349 3181 1407 3233 ὲν
1435 3179 1580 3251 λιμῷ
1613 3182 1708 3234 καὶ
1735 3181 1879 3252 δίψει

272 3265 684 3337 εύαρεστήσας,
727 3267 754 3318 6
790 3266 897 3320 ἀπὸ
949 3267 1306 3340 Ἰερουσαλὴμ
1351 3271 1539 3342 κύκλῳ
1582 3273 1745 3343 μέχρι
1779 3272 1877 3327 τοῦ

204 3392 213 3402 .
287 3356 598 3427 Ἶλλυρικοῦ
622 3357 700 3428 τῷ
723 3358 944 3429 Χριστῷ
967 3359 1453 3432 διακονησάμενος,
1483 3365 1511 3416 6
1535 3364 1625 3417 τὸν
1646 3357 1880 3437 Χριστὸν

282 3449 430 3520 ἔχων
477 3451 536 3502 ὲν
579 3449 758 3521 ὲαυτῷ
797 3451 1100 3515 λαλοῦντα,
1141 3453 1169 3505 6
1211 3453 1456 3524 ἐπίγειος
1493 3457 1747 3526 ἄγγελος,
1783 3459 1882 3512 καὶ

281 3540 536 3610 οὐράνιος
557 3539 654 3594 ἀνθ
662 3559 863 3612 ρωπος,
877 3544 906 3596 6
921 3543 1116 3612 κλητὸς
1142 3543 1481 3612 Ἀπόστολσς,
1505 3549 1597 3601 καὶ
1613 3548 1707 3602 τοῦ
1724 3548 1880 3616 ἁγίου

282 3631 606 3702 ῙΙνεύματος
634 3633 840 3704 δοχεῖον
868 3635 1181 3706 γενόμενος,
1221 3637 1250 3688 6
1279 3636 1382 3701 ἕως
1417 3639 1603 3709 τρίτου
1640 3639 1883 3695 ἀνελθὼν

222 3760 225 3762 -
281 3721 518 3791 ούρανοῦ
544 3761 558 3785 ,
607 3726 706 3776 καὶ
733 3724 844 3778 τῶν
874 3727 1132 3797 ἀρρήτων
1170 3727 1394 3783 ἐκείνων
1425 3731 1739 3795 ἐπακούσας
1782 3734 1883 3803 ῥη-

286 3811 501 3879 μάτων,
530 3813 558 3864 ό
589 3811 727 3881 μετὰ
763 3812 1016 3880 σώματος
1049 3816 1131 3867 ἔτι
1161 3817 1405 3888 φθαρτοῦ
1438 3822 1667 3891 οἰκήσας
1700 3821 1883 3890 παρά-

277 3900 484 3965 δεισον,
511 3902 539 3953 6
567 3899 712 3972 ζήλῳ
739 3901 1088 3973 ἀσύγκριτος,
1123 3907 1151 3958 6
1182 3907 1320 3976 πρὸς
1358 3908 1582 3978 ἀγάπην
1611 3909 1780 3972 πολὺς
1809 3949 1823 3973 ,
1851 3911 1881 3963 6

272 3990 394 4044 τῶν
430 3991 769 4063 Ἐκκλησιῶν
797 3991 892 4046 τοῦ
922 3993 1058 4046 Θεοῦ
1101 3996 1465 4068 μεριμνητὴς,
1489 4001 1520 4052 6
1549 4001 1736 4070 ῥήτωρ
1778 4001 1878 4071 τῆς

275 4080 589 4150 εὐσεϐείας,
620 4085 649 4138 6
677 4083 787 4137 τῶν
815 4084 1185 4140 ἀσθενούντων
1207 4089 1568 4159 χειραγωγὸς,
1594 4092 1624 4142 6
1651 4090 1759 4144 τῶν
1785 4107 1876 4144 πι-

277 4174 588 4228 στευόντων
623 4177 1012 4246 νυμφαγωγὸς,
1041 4179 1072 4230 6
1105 4178 1214 4232 τῶν
1251 4178 1520 4234 Ἰουδαίων
1565 4181 1805 4252 ἔλεγχος,
1835 4185 1872 4256 ἠ

274 4265 504 4319 πάντων
535 4265 692 4337 ἡμῶν
720 4269 952 4340 σαγήνη,
989 4271 1017 4322 6
1054 4271 1192 4340 μετά
1224 4271 1492 4343 νέκρωσιν
1529 4273 1870 4342 διδάσκαλος,

274 4359 380 4411 καὶ
415 4358 557 4427 μετὰ
584 4358 813 4414 θάνατον
848 4360 1026 4432 κήρυξ
1045 4403 1060 4427 ,
1107 4363 1136 4415 6
1165 4362 1344 4428 δείξας
1375 4366 1507 4435 ἡμῖν
1548 4366 1666 4431 πῶς
1691 4368 1773 4421 δεῖ
1795 4370 1876 4432 είς

272 4447 548 4517 οὐρανοὺς
595 4449 873 4517 ἀνελθεῖν,
920 4454 970 4505 εί
1004 4447 1158 4516 οὗτος
1190 4454 1220 4505 6
1256 4455 1495 4509 τοσαῦτα
1537 4458 1875 4529 κεκτημένος

273 4537 758 4608 πλεονεκτήματα,
787 4541 818 4592 6
842 4541 1039 4608 λέγων,
1092 4542 1286 4596 Οὐδὲν
1315 4545 1550 4614 ἐμαυτῷ
1578 4547 1834 4602 σύνοιδα
1855 4589 1872 4616 ,

272 4625 529 4692 ἐφοϐεῖτο
561 4627 655 4680 καὶ
678 4628 831 4697 ἔλεγε
865 4670 880 4692 ,
929 4632 1024 4700 Μή
1052 4644 1177 4699 πως
1204 4634 1422 4701 ἄλλοις
1459 4638 1729 4704 κηρύξας
1766 4641 1876 4694 αὺ-

271 4715 385 4780 τὸς
416 4716 703 4787 ἀδόκιμος
723 4720 1009 4790 γένωμαι·
1036 4723 1090 4776 τί
1122 4727 1420 4796 ποιήσομεν
1450 4729 1632 4797 ἡμεῖς,
1671 4731 1720 4783 οἱ
1749 4728 1874 4802 μηδ’

271 4807 419 4870 ὅλως
455 4807 789 4879 κατόρθωμα
822 4812 960 4882 πρὸς
1001 4813 1206 4887 ἀρετὴν
1245 4819 1617 4888 κεκτημένοις
1661 4823 1874 4877 Οὐκοῦν

272 4897 584 4966 ἀγρυπνεῖν
607 4899 688 4951 δεῖ
714 4900 810 4954 καὶ⁵
856 4903 1256 4976 προσεύχεσθαι
1292 4909 1353 4962 ὲν
1378 4911 1540 4964 παντὶ
1560 4913 1739 4984 καιρῷ
1777 4916 1874 4972 καὶ

270 4987 456 5042 αἰτεῖν
493 4987 587 5041 τὸν
607 4989 740 5044 Θεὸν
767 5031 784 5058 ,
811 4992 872 5044 ού
903 4995 1124 5064 χρυσὸν,
1156 4999 1256 5052 οὐκ
1283 5001 1541 5073 ἄργυρον,
1576 5003 1698 5058 οὔτε
1736 5006 1874 5071 ὅλως

271 5075 514 5132 πλοῦτον
549 5080 811 5148 ἐπίγειον,
854 5084 989 5139 ἀλλά
1023 5087 1183 5158 μόνον
1208 5091 1308 5161 τὴν
1340 5092 1618 5162 βασιλείαν
1646 5099 1754 5153 τῶν
1784 5100 1875 5152 οὐ·

275 5173 486 5246 ρανῶν,
515 5177 611 5228 καὶ
634 5177 1023 5247 εὐφραίνεσθαι
1054 5184 1147 5236 ἐπὶ
1175 5185 1254 5255 τῷ
1299 5188 1512 5260 Κυρίῳ.
1559 5191 1744 5246 ’Ἄλλοι
1779 5196 1871 5246 εὐ-

270 5265 701 5336 φραινέσθωσαν
727 5271 821 5323 ἐπὶ
854 5272 1069 5345 πλούτῳ
1100 5292 1115 5307 ο
1146 5276 1295 5330 ἄλλοι
1329 5280 1422 5332 ἐπὶ
1456 5281 1634 5354 ὑγιείᾳ
1666 5299 1681 5314 ο
1722 5284 1871 5339 ἄλλοι

1908 3977 1954 4039 Β

271 5355 379 5408 ἐπὶ
407 5355 710 5430 εὐπαιδεία,
745 5358 840 5412 καὶ
871 5361 1017 5433 δόξῃ·
1041 5339 1087 5434 ’ἡ
1113 5363 1169 5416 δὲ
1197 5339 1620 5437 παρθένοςίὲπί
1646 5372 1725 5442 τῷ
1757 5375 1871 5428 Κυ-
1902 5339 1944 5397 c

277 5446 434 5537 pitpi'
467 5447 554 5502 ἵνα
582 5452 676 5503 καὶ
713 5450 806 5505 τὸν
835 5451 1060 5507 ἔπαινον
1092 5459 1192 5528 σχῇ
1225 5459 1355 5529 παρ’
1395 5460 1583 5527 αὐτοῦ,
1635 5462 1870 5530 λέγουσα

1981 5465 2136 5520 Unde
2168 5467 2365 5522 anima:
2393 5466 2857 5537 pulchritudinem
2888 5465 3175 5536 providere
3201 5465 3475 5527 convenit,
3507 5471 3563 5518 et

269 5536 363 5608 τῷ
385 5536 504 5609 Θεῷ
527 5555 542 5570 ο
571 5543 738 5609 Παρὰ
763 5542 882 5597 σοῦ
929 5546 963 5599 ό
994 5545 1239 5614 ἔπαινός
1271 5567 1412 5618 μου.
1448 5551 1616 5606 Οὐδὲν
1645 5556 1866 5626 αἰσχρό-

1982 2725 2244 2781 Ecclesiae
2281 2723 2638 2790 constitutus,
2673 2722 3038 2794 posteriorum
3062 2719 3267 2774 oblitus
3290 2717 3417 2773 etin
3463 2733 3562 2770 an-

1980 2817 2180 2872 teriora
2213 2831 2272 2871 se
2314 2815 2636 2882 extendens,
2668 2829 2868 2885 corpus
2911 2810 3266 2881 corruptibile
3315 2809 3558 2868 indutus,

1985 2917 2041 2964 et
2081 2907 2418 2977 incorporeis
2449 2905 2753 2961 colluctans
2782 2903 3144 2975 potestatibus
3171 2920 3184 2958 :
3211 2900 3304 2971 qui
3336 2914 3558 2954 cursum

1983 2996 2422 3062 consummavit,
2472 3005 2526 3052 et
2557 2995 2718 3052 ﬁdem
2752 2995 3026 3051 servavit‘
3060 3012 3072 3049 :
3107 2993 3197 3064 qui
3241 2992 3296 3046 in
3339 2989 3564 3060 jejuniis

1979 3087 2254 3153 excelluit,
2286 3094 2340 3141 et
2383 3085 2438 3140 in
2481 3085 2737 3156 periculis
2763 3084 2994 3140 celebris
3023 3081 3201 3138 lactus
3229 3089 3314 3136 est
3349 3100 3362 3135 :
3387 3079 3478 3150 qui
3508 3080 3562 3131 in

1980 3177 2148 3243 fame,
2180 3185 2233 3232 et
2262 3177 2314 3232 in
2346 3176 2437 3233 siti
2464 3185 2719 3246 acceptus
2742 3175 2842 3230 fuit
2871 3175 2913 3240 ’,
2953 3175 3044 3247 qui
3079 3177 3148 3230 ab
3177 3173 3479 3228 Jerusalem
3509 3171 3561 3223 in

1982 3269 2218 3323 circuitu
2249 3282 2425 3338 usque
2447 3267 2514 3321 ad
2543 3265 2816 3338 lllyricum
2841 3265 3062 3322 Christo
3093 3264 3316 3320 servivit
3336 3263 3380 3328 ³,
3401 3261 3563 3316 Chri-

1981 3368 2126 3415 stum
2150 3359 2208 3412 in
2235 3359 2415 3428 seipso
2437 3358 2640 3413 habens
2665 3357 3001 3426 loquentem,
3026 3356 3298 3412 terrestris
3318 3355 3562 3424 angelus,

1979 3456 2034 3505 et
2062 3450 2301 3505 caelestis
2325 3451 2512 3514 homo,
2553 3458 2780 3504 vocatus
2802 3448 3114 3518 Apostolus,
3151 3457 3206 3504 et
3239 3447 3413 3504 sancti
3445 3445 3570 3516 Spi-

1980 3542 2122 3598 ritus
2173 3542 2578 3612 receptaculum
2625 3540 2962 3611 factuszqui
3013 3555 3186 3610 usque
3231 3539 3299 3594 ad
3346 3539 3568 3594 tertium

1982 3635 2181 3690 caelum
2215 3633 2485 3698 ascendit,
2513 3642 2568 3688 et
2597 3632 2888 3689 ineffabilia
2933 3632 3026 3686 illa
3071 3631 3280 3686 audivit
3307 3630 3470 3686 verba
3497 3629 3518 3661 ⁸
3551 3648 3566 3684 :

1983 3724 2077 3793 qui
2109 3727 2164 3778 in
2200 3738 2433 3793 corpore
2465 3723 2648 3778 adhuc
2685 3721 3023 3792 corruptibili
3061 3720 3374 3790 paradisum
3414 3718 3567 3773 habi-

1982 3815 2132 3881 tavit,
2157 3814 2273 3868 zelo
2306 3813 2772 3882 incomparabilis,
2798 3812 3062 3867 charitate
3100 3825 3352 3879 magnus,
3383 3807 3568 3863 Eccle-

1982 3905 2188 3960 siarum
2230 3903 2326 3958 Dei
2371 3903 2639 3958 sollicitus
2679 3910 2919 3966 curator,
2955 3909 3142 3956 orator
3183 3899 3420 3970 pietatis,
3459 3900 3565 3952 im-

1980 3996 2256 4052 becillium
2297 3994 2580 4062 deductor,
2631 3993 2967 4050 credentium
3015 3993 3316 4062 pronubus,
3349 3989 3567 4045 Judzeo-

1980 4102 2102 4142 rum
2136 4085 2471 4157 redargutio,
2515 4083 2691 4141 nostri
2722 4083 2968 4139 omnium
3003 4098 3226 4154 sagena,
3259 4091 3380 4153 post
3413 4096 3566 4135 mor-

1980 4178 2330 4234 tilicationem
2361 4177 2574 4241 doctor,
2602 4185 2657 4232 et
2689 4185 2812 4247 post
2845 4185 3074 4232 mortem
3105 4192 3307 4246 praeco,
3349 4175 3444 4246 qui
3467 4191 3566 4230 no-

1979 4269 2067 4322 bis
2118 4267 2545 4333 demonstravit,
2596 4266 2870 4336 quomodo
2924 4266 2977 4320 in
3046 4267 3216 4322 caelos
3268 4266 3566 4322 ascendere

1981 4367 2228 4431 oporteat
2253 4377 2267 4414 :
2296 4359 2342 4416 si
2367 4360 2474 4424 hic,
2495 4359 2739 4428 inquam,
2761 4357 3138 4429 totpossidens
3169 4359 3466 4430 privilegia,
3489 4359 3566 4413 di-

1981 4463 2113 4503 cens
2149 4467 2162 4502 :
2190 4446 2342 4503 Nihil
2379 4449 2509 4502 mihi
2543 4449 2646 4518 ipsi
2673 4448 2914 4502 conscius
2939 4464 3056 4502 sum
3082 4448 3104 4480 '
3130 4448 3354 4503 timebat
3399 4457 3453 4502 et
3481 4449 3564 4502 di-

1981 4540 2138 4595 cebat
2163 4557 2177 4594 :
2212 4538 2296 4593 Ne
2317 4540 2452 4610 forte
2475 4539 2603 4594 dum
2627 4539 2752 4595 aliis
2781 4540 3157 4611 pradicavero,
3185 4542 3294 4610 ipse
3315 4540 3563 4608 reprobus

1981 4632 2112 4700 ﬁam
2145 4634 2166 4666 ⁸
2196 4650 2210 4686 :
2237 4631 2368 4702 quid
2405 4630 2670 4687 faciemus
2692 4647 2816 4699 nos,
2853 4632 3063 4686 nullum
3099 4632 3167 4686 ad
3199 4632 3451 4686 virtutem
3481 4631 3566 4686 in-

1981 4732 2322 4779 crementum
2356 4724 2536 4794 adepti
2561 4724 2584 4778 ?
2613 4723 2780 4794 Igitur
2801 4724 3029 4794 vigilare
3057 4733 3290 4794 oportet,
3327 4734 3380 4780 et
3408 4739 3566 4780 orare

1982 4815 2037 4870 in
2061 4816 2211 4870 omni
2242 4823 2504 4888 tempore,
2536 4827 2593 4872 et
2632 4832 2660 4871 a
2694 4815 2807 4872 Deo
2835 4827 3039 4886 petere,
3067 4832 3178 4872 non
3205 4833 3420 4879 aurum,
3452 4833 3564 4871 non

1982 4917 2288 4979 argentum,
2329 4923 2432 4964 nec
2461 4910 2688 4964 omnino
2715 4909 2934 4965 divitias
2968 4917 3234 4974 terrenas,
3263 4910 3355 4965 sed
3386 4909 3561 4964 solum

1981 5002 2243 5056 caelorum
2302 5016 2555 5071 regnum,
2594 5003 2725 5058 etin
2770 5000 3005 5057 Domino
3038 5003 3290 5073 gaudere.
3333 5002 3438 5058 Alii
3474 5003 3563 5056 la!-

1982 5099 2165 5146 tentur
2193 5093 2248 5146 in
2277 5092 2499 5161 divitiis,
2531 5093 2623 5148 alii
2654 5094 2710 5148 in
2743 5093 2997 5159 sanitate,
3028 5093 3123 5147 alii
3158 5093 3212 5147 in
3243 5093 3486 5148 doctrina
3509 5102 3565 5147 ct

1979 5187 2190 5256 gloria:
2236 5189 2392 5258 virgo
2450 5197 2634 5244 autem
2678 5189 2733 5243 in
2788 5188 3042 5254 Domino,
3101 5197 3160 5242 ut
3216 5196 3270 5242 et
3333 5187 3402 5241 ab
3445 5188 3564 5257 ipso

1979 5278 2194 5333 laudem
2239 5279 2454 5348 habeat,
2499 5281 2688 5337 dicens
2741 5280 2891 5336 Deo:
2921 5279 3076 5358 Apud
3112 5289 3160 5334 te
3208 5279 3327 5333 laus
3375 5296 3491 5333 mea
3516 5280 3559 5333 ⁷.

1976 5370 2124 5424 Nihil
2164 5373 2398 5442 turpius,
2435 5383 2531 5430 aut
2558 5372 2852 5429 informius
2885 5374 3070 5428 anima
3106 5373 3253 5428 vitiis
3301 5372 3560 5426 obnoxia.

1969 5556 2149 5612 dicere
2175 5577 2187 5613 :
2217 5559 2456 5627 Domine,
2480 5563 2537 5615 in
2563 5561 2827 5615 voluntate
2873 5569 2965 5613 tua
2993 5568 3190 5628 prtesla
3227 5558 3403 5612 decori
3448 5571 3561 5611 meo

271 5642 442 5696 τερον
515 5627 548 5698 ἢ
599 5629 1001 5704 δυσειδέστερον
1039 5634 1218 5708 ψυχῆς
1266 5641 1550 5710 ὲμπαθοῦς
1585 5659 1599 5674 ο
1633 5644 1754 5696 ὅθεν
1783 5647 1866 5699 δεῖ

1980 5649 2218 5707 virtutem
2245 5652 2268 5685 ⁸
2299 5669 2315 5708 :
2341 5661 2400 5709 ut
2422 5661 2478 5709 et
2515 5668 2752 5724 sponsus
2786 5653 3099 5709 interiorem
3135 5662 3283 5708 tuam
3319 5649 3556 5722 speciem

359 5782 373 5812 ¹
399 5779 767 5878 ΞἏΙἾΤίηκνὶιϐ
790 5792 1040 5878 seqq.m'
1065 5792 1262 5878 "actor.
1282 5813 1370 5878 ¹ιιι,
1396 5797 1624 5878 9.5—9.7._
1665 5804 1684 5835 ³
1718 5803 1876 5862 Rom.

1980 5825 2005 5876 ’,
2054 5809 2138 5864 19.
2217 5808 2237 5841 ⁸
2292 5807 2335 5863 ll
2365 5809 2492 5866 Cor.
2530 5825 2622 5878 xu,
2661 5809 2784 5866 2-4.
2862 5806 3073 5865 |’ICor.
3115 5807 3263 5872 mi.
3341 5803 3558 5859 'lCor.

281 5863 374 5916 η,
399 5852 491 5908 27.
565 5855 587 5887 ⁷
613 5854 760 5912 Psal.
799 5852 921 5926 xxi;
953 5861 1045 5918 26.
1122 5865 1142 5896 ⁸
1174 5863 1316 5920 Psnl.
1358 5852 1648 5934 ’μηνί-8.
