4058 6436
547 415 686 482 1939

1441 428 1766 489 IOANNIS
1792 428 2311 493 JEJUNATORIS
2365 435 2476 496 (ΣΡ.
2541 438 2902 502 ARCHIEP.

3660 456 3772 523 lilio

536 538 890 607 conspicatus
910 541 1049 599 dicat
1084 560 1099 597 ε
1130 543 1264 598 Tota
1280 544 1505 614 pulchra
1533 554 1676 611 es,et
1699 547 1912 599 macula
1928 562 2033 600 non
2049 555 2128 601 est

2236 543 2581 621 προνοεῖσθαι
2611 555 2845 620 κάλλους
2874 555 3054 628 ψυχῆς
3083 557 3179 611 καὶ
3208 556 3414 628 λέγειν’
3443 562 3607 632 κύριε
3622 569 3688 623 έν
3708 574 3776 640 τῷ

538 626 595 682 in
635 638 683 684 te
710 628 756 687 ’.

2239 641 2531 712 θελήματι
2552 661 2672 701 σου
2701 647 3023 717 παράσχου
3048 648 3131 715 τῷ
3157 649 3369 707 κάλλει
3386 671 3500 724 μου
3522 656 3775 726 δύναμιν·

539 722 629 819 ilva
651 729 747 783 καὶ
767 730 795 782 6
824 728 1058 803 νυμφίος
1093 730 1216 787 ἰδών
1244 750 1337 787 σου
1360 733 1458 805 τὴν
1476 733 1627 807 ,ἔνδον
1649 732 1955 807 εὐμορφίαν
1980 734 2131 809 εῐπη·
2172 734 2328 805 ’Ὂλη
2353 739 2514 811 καλὴ
2541 738 2603 797 εἴ
2646 743 2686 813 ἠ
2710 746 2979 814 πλησίον
2991 764 3131 817 μου,
3158 747 3259 802 καί
3277 722 3475 819 μῶμος
3510 755 3612 809 οὐκ
3634 722 3779 819 ἐστιν

535 814 609 870 ἐν
637 820 761 875 σοί.

612 909 719 966 Sed
742 913 867 968 vide
887 913 1104 970 etiamsi
1132 915 1387 972 virtutem
1425 918 1768 988 praestiteris,
1800 933 1872 975 ne
1898 917 2132 975 extolla-

539 1004 617 1059 ris
638 1004 693 1059 in
732 1006 913 1075 specie
952 1016 1065 1074 tua,
1102 1023 1172 1063 ne
1203 1008 1345 1064 forte
1377 1019 1600 1081 propter
1633 1010 1942 1081 superbiam
1980 1019 2133 1066 tuam

537 1104 821 1152 avertatur
839 1096 1004 1167 Deus,
1032 1109 1086 1156 et
1108 1100 1271 1157 elatio
1293 1110 1385 1157 tua
1413 1102 1793 1175 redarguatur.
1816 1102 1959 1169 Quid
1984 1104 2132 1159 enim

536 1189 871 1260 condignum
895 1190 981 1250 his
1011 1192 1286 1250 sustinere
1307 1203 1485 1267 potes,
1511 1212 1633 1267 qua:
1652 1206 1871 1267 propter
1892 1205 1945 1252 te
1974 1197 2135 1253 Chri-

537 1291 655 1337 stus
702 1284 1009 1341 sustinuit?
1051 1285 1369 1345 Humiliavit
1406 1289 1650 1359 seipsum
1703 1295 1766 1345 ut
1796 1288 2051 1359 homo“,
2079 1300 2137 1348 te

534 1375 780 1444 pretioso
828 1379 1098 1450 sanguine
1139 1380 1371 1438 redemit
1410 1382 1549 1452 :qui
1601 1382 1697 1438 dat
1748 1398 1931 1440 escam
1983 1386 2134 1441 omni

537 1470 713 1536 carni,
746 1470 1017 1543 jejunavit
1054 1483 1281 1546 propter
1329 1483 1423 1531 te:
1453 1476 1548 1547 qui
1584 1475 1762 1534 mellis
1790 1476 2133 1535 dulcedinem

536 1564 763 1629 creavit,
797 1562 869 1621 l’el
910 1568 1151 1637 gustavit
1184 1577 1411 1640 propter
1461 1576 1552 1625 te:
1584 1570 1680 1640 qui
1708 1569 1910 1627 ccelum
1950 1572 2136 1628 stella-

535 1671 660 1709 rum
691 1668 837 1712 coetu
861 1659 1169 1727 coronavit,
1190 1660 1368 1731 spinis
1393 1671 1615 1732 propter
1638 1670 1689 1718 te
1708 1663 2005 1720 coronatus
2028 1674 2130 1732 est,

536 1758 592 1802 ct
625 1763 801 1820 usque
826 1750 893 1805 ad
921 1761 1153 1808 mortem
1181 1753 1445 1810 obediens
1468 1752 1645 1810 factus
1669 1763 1755 1812 est
1781 1756 1822 1788 “
1850 1771 1865 1810 :
1891 1757 2059 1829 igitur
2078 1756 2133 1813 in

535 1841 625 1897 his
671 1857 782 1896 non
816 1842 987 1898 laetari
1010 1884 1026 1908 ,
1080 1844 1174 1900 sed
1224 1846 1483 1917 plangere
1517 1847 1793 1913 convenit,
1822 1857 1878 1904 et
1916 1850 2137 1905 credere

536 1933 739 1989 dicenti
768 1952 781 1989 :
819 1935 951 2000 Quae
978 1936 1156 1992 dicitis
1190 1938 1248 1993 in
1278 1938 1525 1995 cordibus
1583 1941 1791 2007 uestris,
1830 1942 1894 1996 in
1941 1942 2132 1997 cubili-

537 2026 633 2081 bus
664 2028 853 2081 vestris
875 2030 1293 2101 compungimini
1320 2030 1364 2061 "
1392 2048 1405 2085 :
1432 2039 1494 2086 ut
1528 2047 1653 2102 quae
1677 2031 1732 2086 in
1763 2031 1851 2087 die
1882 2032 2134 2099 fecimus,

538 2120 595 2174 in
634 2128 796 2176 nocte
827 2120 1075 2177 meditati
1099 2138 1409 2195 gemamus.
1442 2124 1519 2179 Ita
1541 2134 1909 2195 compunctus
1945 2125 2135 2203 Achab

535 2221 747 2268 vestem
783 2214 965 2280 scidit,
997 2222 1050 2270 et
1084 2216 1311 2272 indutus
1347 2226 1433 2274 est
1469 2232 1655 2284 sacco,
1693 2226 1749 2273 et
1780 2218 2016 2289 ploravit
2040 2238 2052 2273 2
2078 2227 2134 2274 et

536 2306 670 2375 quid
698 2307 999 2363 Dominus?
1018 2306 1149 2363 Non
1184 2309 1460 2376 inducam,
1486 2311 1683 2381 inquit,
1717 2311 1921 2367 malum
1947 2303 2133 2382 efusin

537 2394 724 2450 diebus
753 2396 921 2466 ipsius
953 2397 1021 2452 ".
1044 2397 1342 2469 Propterea
1376 2408 1432 2455 et
1461 2400 1711 2455 Salvator
1733 2401 1843 2456 ait:
1866 2400 2019 2456 Beati
2043 2403 2134 2472 qui

537 2488 718 2559 lugent
750 2489 815 2553 “,
852 2504 961 2544 non
993 2500 1295 2557 mortuum,
1324 2507 1434 2548 non
1478 2493 1773 2564 jacturam,
1807 2494 1903 2551 sed
1940 2510 2137 2565 pecca-

537 2590 656 2636 tum
687 2590 746 2638 ut
771 2582 941 2648 dicat,
968 2583 1112 2663 sicut
1142 2582 1315 2639 David
1343 2584 1522 2658 inquit
1554 2606 1569 2642 :
1603 2585 1815 2642 Lavabo
1840 2603 1934 2657 per
1953 2589 2137 2660 singu-

537 2674 622 2730 las
644 2685 824 2731 noctes
842 2675 1035 2731 lectum
1056 2692 1265 2742 meum;
1286 2675 1540 2754 lacrgmis
1563 2678 1694 2734 nteis
1716 2687 1945 2744 stratum
1962 2696 2136 2734 meum

537 2765 727 2836 rigabo
757 2763 835 2831 ¹¹;
869 2774 925 2822 et
953 2781 1174 2822 rursum
1203 2784 1217 2822 :
1251 2766 1450 2822 Exitus
1501 2785 1764 2838 aquarum
1799 2769 2137 2824 deduxerunt

537 2855 684 2911 oculi
704 2856 830 2922 mei,
849 2857 977 2928 quia
1009 2873 1113 2911 non
1138 2858 1504 2913 custodierunt
1525 2859 1685 2928 legem
1707 2867 1850 2913 tuam
1876 2859 1940 2914 ¹⁶.
1964 2860 2139 2915 Ablue

538 2951 802 3021 laerymis
828 2960 1178 3021 peccatorum
1202 2951 1418 3018 sordes,
1449 2950 1680 3037 frontem
1706 2954 1953 3021 verbera,
1980 2954 2139 3025 pulsa

536 3049 754 3112 peetus,
796 3041 849 3096 in
875 3056 1099 3097 sensum
1128 3042 1253 3098 veni
1281 3059 1472 3100 eorum
1509 3060 1633 3116 quae
1661 3046 1921 3115 peccasti.
1956 3045 2015 3101 Si
2044 3062 2140 3117 per

538 3135 733 3192 oculos
755 3144 955 3208 'captus
984 3150 1066 3203 es,
1109 3136 1255 3193 sicut
1283 3136 1413 3192 olim
1442 3136 1611 3193 David
1637 3138 1778 3195 male
1822 3140 2027 3211 apertis
2056 3139 2139 3196 fe-

537 3226 742 3282 nestris
771 3226 850 3294 ¹⁷;
877 3227 925 3282 si
953 3234 1142 3283 contra
1163 3226 1407 3283 animam
1436 3238 1584 3285 tuam
1607 3230 1751 3287 oculi
1774 3231 1862 3287 tui
1893 3228 2138 3301 fuerunt,

537 3318 806 3375 conclude
837 3319 892 3375 in
925 3321 1131 3392 gemitu
1158 3320 1404 3388 oculum,
1443 3338 1610 3394 quem
1654 3325 1797 3380 male
1834 3325 1889 3379 in
1913 3325 2140 3381 lascivia

537 3409 834 3477 reserasti;
876 3406 1225 3481 peccatorum
1271 3414 1417 3470 enim
1464 3415 1811 3470 consuetudo
1844 3415 2056 3486 lapsum
2083 3417 2138 3471 in

536 3496 696 3569 pejus
737 3498 925 3554 trahit.
961 3497 1019 3554 Si
1055 3514 1258 3569 purum
1299 3500 1468 3556 habes
1490 3500 1895 3567 vestimentum,
1930 3516 2000 3556 ne
2019 3516 2138 3555 am-

538 3591 694 3648 bules
718 3590 964 3659 omnino,
1001 3606 1070 3648 ne
1097 3607 1210 3663 quo
1233 3592 1395 3648 modo
1417 3592 1749 3649 sordidetur.
1785 3591 1843 3647 Si
1883 3593 2137 3663 primam,

537 3683 863 3751 secundam,
884 3684 945 3739 et
991 3683 1212 3739 tertiam
1250 3684 1650 3756 contempseris
1683 3685 1985 3749 maculam,
2011 3699 2139 3741 cum

537 3775 930 3833 vestimentum
957 3774 1167 3831 habeas
1218 3775 1525 3843 sordidum,
1562 3791 1669 3831 non
1705 3776 1943 3847 amplius
1976 3791 2142 3846 grave

536 3868 777 3934 videtur,
808 3866 937 3925 licet
963 3876 1141 3924 totum
1168 3868 1265 3924 liat
1293 3868 1493 3925 lutum.
1526 3868 1665 3936 Quid
1702 3869 1904 3941 igitur?
1934 3855 2140 3925 oratio-

534 3962 702 4019 nibus
749 3976 890 4033 opus
914 3969 1020 4027 εει,
1060 3961 1354 4032 nequando
1391 3960 1734 4017 ollendamus
1785 3961 1853 4017 ad
1906 3962 2139 4032 lapidem

539 4058 735 4129 pedem
762 4066 1039 4123 nostrum,
1065 4066 1126 4111 ut
1147 4055 1378 4127 angelus
1396 4054 1634 4111 Domino
1672 4054 1727 4111 in
1762 4055 1996 4112 circuitu
2038 4070 2141 4112 no-

541 4160 659 4207 stro
686 4157 868 4207 castra
893 4155 1132 4204 metatus
1157 4163 1259 4205 nos
1289 4148 1502 4213 liberet,
1538 4158 1592 4203 et
1614 4148 1689 4203 ita
1716 4148 1897 4205 dicere
1926 4150 2143 4220 possis:

540 4242 777 4315 Angelus
830 4241 1059 4312 eripiens
1106 4258 1188 4297 me
1236 4240 1302 4294 ab
1355 4240 1656 4296 hominibus
1694 4241 1964 4298 malis“:
1996 4250 2054 4296 ut
2092 4251 2145 4298 te

541 4351 767 4408 quoque
794 4342 956 4391 vocet
983 4333 1232 4415 angelus,
1261 4332 1358 4403 qui
1380 4333 1597 4388 vocavit
1616 4332 1918 4389 Abraham.
1941 4332 2142 4389 Amant

541 4431 686 4485 enim
715 4428 894 4501 angeli
923 4442 1042 4493 eos,
1079 4427 1175 4499 qui
1204 4425 1497 4481 Dominum
1524 4441 1686 4483 suum
1725 4425 1962 4497 diligunt
1995 4446 2008 4481 :
2039 4424 2145 4482 Su-

541 4524 669 4577 mite
693 4520 980 4590 psalmum,
1005 4529 1058 4575 et
1097 4521 1220 4575 date
1249 4528 1582 4591 tympanum,
1611 4519 1930 4589 psalterium
1952 4519 2145 4590 jucun-

542 4618 669 4671 dum
708 4631 845 4677 cum_
878 4615 1178 4671 cithara".
1239 4615 1420 4672 Unum
1472 4615 1639 4684 capit,
1689 4621 1744 4669 et
1784 4614 1889 4671 tria
1933 4614 2142 4685 exigit;

542 4725 606 4764 ex
645 4707 822 4764 tribus
850 4707 997 4764 enim
1032 4707 1319 4765 constituti
1350 4722 1567 4774 sumus,
1600 4714 1664 4762 ut
1685 4706 1820 4763 dicit
1848 4704 2053 4763 Paulus
2072 4706 2142 4774 π,

546 4801 615 4857 Ut
639 4802 900 4873 integrum
932 4802 1002 4856 sit
1022 4817 1236 4872 corpus,
1267 4810 1315 4856 et
1344 4801 1555 4867 anima,
1585 4809 1636 4855 et
1658 4800 1880 4871 spiritus
1905 4817 1923 4855 :
1945 4801 2147 4872 psalte-

2318 922 2481 979 Ἀλλὰ
2505 918 2694 991 βλέπε,
2717 923 2824 979 κᾶν
2845 926 3200 1001 κατορθώσῃς
3218 926 3315 1000 τὴν
3336 929 3623 1007 ἀρετὴν,μὴ
3638 938 3784 1012 ἐπαρ-

2236 1016 2337 1089 θῇς
2355 1016 2450 1070 ἐπὶ
2468 1016 2546 1088 τῷ
2560 1014 2748 1070 κάλλει
2770 1032 2888 1084 σου,
2908 1019 2983 1089 μή
3002 1035 3131 1072 ποτε
3151 1019 3240 1074 διὰ
3254 1019 3353 1091 τὴν
3367 1022 3655 1095 ὑπεροψίαν
3680 1047 3760 1085 σου

2233 1110 2567 1181 ἀποστραφῇ
2596 1109 2628 1162 6
2660 1107 2817 1173 Θεὸς,
2850 1109 2946 1164 καὶ
2982 1108 3212 1184 ἐλεγχθῇ
3245 1128 3338 1166 σου
3370 1113 3428 1168 τὺ
3476 1114 3704 1187 ἔπαρμα.
3729 1123 3783 1177 Τί
3810 1166 3813 1173 .

2234 1200 2346 1273 γὰρ
2377 1200 2501 1255 κατ’
2528 1200 2689 1267 ἀξίαν
2724 1200 2953 1256 δύνασαι
2980 1201 3295 1274 ὑπομεῖναι,
3345 1197 3421 1258 ὧν
3451 1207 3673 1277 Χριστὸς
3705 1213 3788 1266 ὑπ.

2235 1293 2422 1363 έμεινε
2445 1290 2538 1346 διὰ
2554 1291 2646 1359 σέ;
2669 1293 3041 1348 ἐταπείνωσεν
3053 1294 3247 1350 ἑαυτὸν
3267 1294 3344 1360 ὡς
3363 1296 3460 1351 ἀνθ
3469 1315 3638 1368 ρωπος
3650 1304 3790 1376 τιμίῳ

2236 1385 2431 1457 αἵματι
2471 1384 2643 1440 αὑτοῦ
2688 1384 2936 1456 ὴγύρασέ
2979 1401 3043 1439 σε
3079 1401 3095 1416 ·
3129 1387 3161 1440 6
3194 1386 3373 1451 διδοὺς
3427 1389 3627 1460 τροφὴν
3667 1393 3794 1469 πάσῃ

2237 1475 2425 1548 σαρκὶ,
2454 1477 2752 1547 ένήστευσε
2778 1474 2868 1530 διὰ
2899 1475 2959 1529 σέ
2985 1493 3000 1506 ο
3031 1477 3060 1531 6
3084 1476 3186 1547 τὴν
3209 1477 3528 1548 γλυκύτητα
3552 1481 3642 1536 τοῦ
3665 1484 3795 1554 μέλι-

2233 1585 2327 1632 τος
2375 1567 2791 1639 δημιουργήσας
2810 1608 2827 1634 ,
2873 1566 3042 1638 χολῆς
3074 1567 3346 1637 ἐγεύσατο
3373 1568 3463 1624 διὰ
3501 1572 3560 1624 σέ
3589 1589 3603 1604 ο
3640 1575 3667 1626 6
3700 1578 3801 1631 στέ-

2233 1659 2344 1731 ψας
2374 1658 2468 1713 τὸν
2517 1659 2749 1731 ούρανδν
2798 1657 2879 1731 τῷ
2923 1659 3072 1732 χορῷ
3112 1660 3224 1715 τῶν
3263 1661 3483 1734 ἄστρων
3504 1702 3520 1728 ,
3567 1663 3802 1732 ἀκάνθαις

2235 1740 2506 1824 ἐστέψατο
2545 1752 2635 1807 διὰ
2675 1753 2757 1818 οὲ,
2802 1754 2901 1807 καὶ
2931 1753 3096 1825 μέχρι
3125 1753 3360 1809 θανάτου
3392 1755 3632 1827 ὑπήκοος
3665 1758 3804 1827 γέγο-

2233 1862 2327 1900 νεν
2354 1864 2368 1878 ·
2414 1843 2614 1900 οὐκοῦν
2663 1844 2803 1915 πρὸς
2861 1843 3032 1898 ταῦτα
3071 1846 3175 1900 ούκ
3223 1845 3642 1918 εὐφραίνεσθαι,
3689 1848 3807 1902 ἀλλὰ

2235 1939 2536 1996 κόπτεσθαι
2562 1937 2665 2001 δεῖ,
2689 1938 2786 1993 καὶ
2823 1937 3113 1993 πείθεσθαι
3137 1937 3217 2009 τῷ
3247 1936 3464 2009 λέγοντι
3484 1977 3500 2003 ,
3533 1941 3602 1995 Ἀ
3626 1939 3810 2009 ,λέγετε

2233 2034 2307 2090 ἐν
2342 2034 2475 2101 ταῖς
2517 2032 2792 2104 καρδίαις
2825 2030 3020 2102 ὑμῶν,
3068 2031 3171 2087 ἐπὶ
3218 2030 3355 2098 ταῖς
3397 2032 3621 2098 κοίταις
3667 2030 3812 2102 ὑμῶν

2237 2129 2612 2198 κατανύτητε
2640 2142 2656 2158 ο
2692 2126 2781 2180 ἵνα
2818 2128 2961 2199 άπερ
3000 2129 3059 2181 ὲν
3078 2126 3269 2199 ἡμέρᾳ
3295 2124 3639 2196 ἐπράξαμεν,
3677 2125 3731 2178 ὲν
3758 2128 3814 2196 τῇ

2165 2197 2208 2253 Β
2236 2219 2395 2275 νυκτὶ
2442 2197 2903 2290 ἀναλογισάμενοι
2932 2197 3316 2289 ἠστενάξωμεν.
3362 2216 3552 2281 Οὕτως
3602 2233 3815 2271 κατανυ-

2236 2312 2359 2380 γεὶς
2424 2308 2635 2382 ’Δχαὰϐ
2678 2307 2933 2382 διέρρηξε
2981 2308 3083 2380 τὴν
3125 2307 3362 2379 ἐσθῆτα,
3407 2307 3506 2361 καὶ
3541 2306 3818 2377 νηστεύσας

2214 2403 2614 2479 περιεζώσατο
2648 2402 2875 2471 σάκκον,
2907 2401 3004 2458 καὶ
3033 2401 3267 2457 ἕκλαυσε
3296 2417 3310 2432 ⁸
3348 2401 3449 2455 καὶ
3472 2401 3526 2454 τί
3548 2400 3577 2454 ὁ
3599 2399 3817 2470 Κύριοςς

2241 2499 2366 2552 Οὐκ
2393 2495 2623 2560 ἐπάξω,
2651 2496 2807 2566 φησὶ,
2832 2494 2950 2565 τὴν
2976 2496 3199 2550 κακίαν
3228 2493 3426 2550 αὑτοῦ
3442 2492 3514 2547 ἐν
3533 2492 3664 2559 ταῖς
3696 2490 3824 2560 ἠμέ-

2230 2608 2372 2660 ραις
2405 2588 2619 2644 αὐτοῦ.
2667 2587 2768 2642 Διά
2795 2586 2957 2647 τοῦτο
2993 2588 3092 2642 καὶ
3127 2587 3156 2641 6
3197 2586 3401 2658 Σωτήρ
3431 2602 3572 2657 φησι
3596 2601 3612 2615 ⁸
3645 2583 3828 2640 Maad-

2230 2697 2353 2750 ριοι
2393 2682 2451 2735 οἱ
2489 2680 2831 2746 κλαίοντες,
2877 2677 2939 2733 οὐ
2982 2677 3075 2732 τὸν
3107 2677 3303 2750 νεκρὸν
3328 2718 3353 2742 ,
3387 2675 3453 2731 οὐ
3495 2677 3597 2749 τὴν
3628 2676 3831 2746 ζημίαν,

2240 2771 2381 2827 ἀλλὰ
2406 2771 2509 2843 τὴν
2554 2770 2858 2844 ἁμαρτίαν,
2907 2769 2998 2825 ἵνα
3029 2769 3106 2834 ὡς
3132 2772 3162 2824 6
3197 2769 3373 2824 Aa6‘t6
3399 2768 3555 2838 λέγει
3587 2781 3602 2797 ·
3638 2769 3832 2823 Αούσω

2240 2866 2371 2921 καθ’
2401 2863 2671 2933 ἑκάστην
2701 2865 2893 2919 νύκτα
2916 2862 3032 2932 τὴν
3061 2863 3288 2932 κλίνην
3305 2879 3443 2933 μου
3465 2902 3480 2925 ,
3510 2861 3577 2915 ἐν
3600 2858 3836 2928 δάκρυσί

2234 2979 2356 3031 μου
2386 2958 2504 3027 τὴν
2525 2954 2851 3028 στρωμνήν
2871 2974 2993 3027 μου
3026 2954 3247 3044 βρέξαι·
3280 2955 3389 3009 καὶ
3420 2954 3613 3019 πάλιν,
3662 2952 3839 3044 Διεξότ

2240 3052 2391 3118 δους
2421 3050 2662 3108 ὑδάτων
2700 3048 3051 3105 κατέδυσαν
3078 3042 3134 3103 οἱ
3172 3047 3490 3117 ὀφθαλμοί
3513 3063 3635 3117 μου
3666 3085 3683 3111 ,
3728 3042 3841 3098 ἐπεὶ

2241 3150 2354 3202 οὐκ
2381 3144 2659 3217 ἐφύλαξα
2685 3145 2796 3200 τὸν
2829 3145 3020 3214 νόμον
3050 3158 3191 3198 σου.
3239 3141 3598 3195 ’Λπόπλυνον
3632 3137 3719 3193 διὰ
3748 3136 3842 3190 τῶν

2240 3226 2495 3312 δακρύων
2524 3237 2616 3292 τὸν
2656 3237 2847 3309 ῥύπονν
2870 3235 2982 3289 τῶν
3012 3233 3451 3307 ἁμαρτημάτων
3485 3247 3499 3261 ο
3544 3227 3774 3303 κροῦσον
3795 3225 3847 3280 τδ

2246 3333 2500 3405 μέτωπον
2531 3346 2547 3360 ο
2586 3329 2756 3399 τύψον
2802 3328 2863 3383 τὸ
2894 3328 3089 3401 στῆθος
3120 3342 3136 3357 ·
3184 3328 3265 3391 είς
3303 3325 3580 3396 αἴσθησιν
3623 3322 3741 3377 ἐλθὲ
3783 3313 3847 3374 ὧν

2243 3427 2597 3497 ἡμάρτηκας.
2630 3424 2695 3477 El
2733 3421 3013 3494 ὲθηράθης
3061 3419 3191 3475 ποτὲ
3223 3418 3316 3474 διὰ
3372 3418 3490 3473 τῶν
3523 3412 3813 3487 ὀφθαλμῶν
3834 3450 3849 3476 ,

2167 3551 2210 3608 C
2243 3518 2321 3584 ὡς
2368 3519 2398 3573 6
2443 3515 2608 3571 Δαϐίδ
2659 3532 2791 3569 ποτε
2826 3514 3015 3608 κακῶς
3066 3511 3286 3608 ἀνοίξας
3332 3510 3445 3575 τὰς
3482 3508 3758 3608 θυρίδαςῖ
3807 3507 3849 3608 εἰ

2242 3610 2384 3665 κατὰ
2411 3609 2514 3681 τῆς
2558 3609 2739 3680 ψυχῆς
2770 3625 2869 3662 σου
2893 3609 2942 3661 οἱ
2976 3606 3248 3679 ὀφθαλμοί
3284 3622 3387 3658 σου
3422 3602 3706 3674 ἐγένοντο,
3739 3597 3854 3654 ὸ.πό-

2242 3702 2459 3756 κλεισον
2488 3703 2545 3754 ἐν
2577 3698 2655 3771 τῷ
2685 3697 2977 3771 στεναγμῷ
2995 3698 3057 3752 τὸ
3083 3697 3242 3769 ὄμμα
3268 3697 3331 3748 τὸ
3363 3694 3572 3759 κακῶς
3598 3688 3855 3759 θεασάμε-

2242 3812 2352 3851 νον.
2395 3794 2463 3847 Ἦ
2486 3791 2600 3865 γὰρ
2632 3790 2893 3863 συνήθεια
2919 3789 3029 3843 τῶν
3067 3789 3504 3860 ἁμαρτημάτων
3538 3784 3641 3840 ἐπὶ
3666 3783 3729 3837 τὸ
3762 3782 3855 3853 χεῖ-

2246 3902 2337 3959 ρον
2374 3885 2498 3954 ἄγει
2539 3884 2632 3938 τὸν
2673 3882 3073 3937 ἐκπεπτωκότα
3099 3878 3386 3949 ’καθαρὸν
3433 3877 3591 3949 ἔχεις
3637 3875 3858 3946 ἱμάτιον,

2246 3978 2324 4051 μὴ
2356 3978 2518 4033 πάτει
2559 3976 2811 4041 καθόλου.
2850 3976 2927 4046 μή
2953 3990 3072 4037 πως
3107 3970 3370 4055 (suum.
3418 3972 3556 4026 Ἐὰν
3589 3982 3862 4038 καταφρο-

2243 4073 2415 4145 νήσῃς
2444 4068 2665 4141 πρώτου
2696 4068 2796 4122 καὶ
2830 4065 3090 4138 δευτέρου
3121 4065 3216 4119 καὶ
3238 4064 3442 4136 τρίτου
3489 4062 3727 4126 σπίλου,
3767 4058 3864 4110 λοι-

2243 4163 2369 4229 πὸν,
2396 4162 2473 4226 ὡς
2512 4160 2759 4233 ῥυπαρὸν
2806 4157 2946 4231 ἔχων
3002 4158 3219 4230 ἱμάτιον
3258 4158 3363 4212 οὐκ
3399 4156 3491 4212 ἔτι
3542 4154 3740 4227 ξενίζῃ
3776 4148 3868 4204 κᾶν

2243 4248 2367 4311 ὅλον
2399 4253 2661 4326 βόρϐορος
2688 4252 2938 4323 γένηται.
2968 4251 3036 4305 Τί
3073 4247 3169 4305 οὖν
3199 4251 3354 4304 ἐστιν
3388 4266 3407 4314 ς
3459 4247 3654 4319 εὐχῶν
3693 4244 3868 4317 χρεία.

2249 4350 2324 4420 μή
2361 4364 2495 4401 ποτε
2529 4344 2936 4419 προσκόψωμεν
2978 4342 3118 4413 πρὸς
3139 4341 3289 4395 λίθον
3317 4341 3426 4395 τὸν
3463 4338 3620 4393 πόδα
3667 4334 3825 4408 ἡμῶν
3858 4347 3868 4360 ”

2246 4442 2338 4495 ἴνα
2368 4441 2398 4494 ὁ
2429 4437 2663 4508 ἄγγελος
2690 4435 2787 4491 τοῦ
2811 4433 2948 4503 Θεοῦ
2994 4433 3180 4504 κύκλῳ
3227 4435 3261 4504 ή
3271 4431 3394 4503 μῶν
3430 4425 3875 4502 παρεμϐάλλων,

2249 4533 2485 4607 ρύσηται
2519 4531 2693 4601 ἡμᾶς,
2730 4527 2828 4583 καὶ
2859 4525 3005 4583 οὕτω
3026 4524 3267 4596 δυνηθῇς
3295 4524 3491 4577 εἰπεῖν
3533 4539 3550 4554 ·
3614 4521 3682 4573 ’0
3715 4516 3879 4586 ἅγγε-

2246 4628 2360 4691 λος
2386 4626 2419 4677 ὀ
2437 4621 2737 4692 ῥυόμενός
2755 4636 2833 4691 με
2857 4617 2926 4673 ἐκ
2957 4615 3201 4672 πάντων
3232 4613 3354 4668 τῶν
3382 4613 3618 4668 κακῶν
3641 4630 3656 4643 ·
3684 4611 3774 4665 ἴνα
3798 4610 3884 4661 καὶ

2249 4718 2309 4771 σὲ
2355 4715 2566 4786 καλέσῃ
2610 4714 2640 4767 ὀ
2670 4711 2904 4781 ἄγγελος
2935 4711 2964 4764 6
3004 4708 3245 4771 καλέσας
3282 4705 3378 4760 τὸν
3438 4703 3746 4776 Ἀϐραάμ..
3800 4700 3886 4752 Qt-

2246 4806 2403 4862 λοῦσι
2452 4804 2563 4876 γὰρ
2605 4805 2655 4858 oi
2704 4800 2931 4871 ἄγγελοι
2974 4801 3104 4862 τοὺς
3153 4795 3511 4867 ἀγαπῶντας
3557 4793 3760 4849 αὐτῶν
3804 4791 3891 4841 τὸν

539 4896 689 4953 rium
712 4894 936 4966 quidem
956 4902 1043 4950 est
1061 4893 1311 4965 spiritus,
1336 4902 1394 4949 et
1408 4893 1618 4949 cithara
1640 4902 1727 4949 est
1746 4892 1931 4948 anima
1959 4910 1975 4947 :
2001 4902 2138 4964 tym-

2246 4898 2546 4968 Δεσπότην·
2572 4894 2819 4960 Λάϐετε,
2849 4892 3020 4962 λέγει,
3050 4889 3303 4960 ψαλμὸν
3324 4889 3433 4945 καὶ
3471 4887 3634 4942 δότε
3657 4886 3888 4955 τύμπα-

540 5003 749 5060 panum
772 4995 960 5043 autem
996 4994 1056 5041 ut
1086 4986 1159 5042 sit
1182 4994 1524 5058 tympanum,
1563 4986 1759 5057 pellem
1790 4985 1957 5041 habet
1995 5000 2147 5039 mor-

541 5092 738 5137 tuam:
769 5080 940 5153 igitur
989 5078 1263 5134 mertilica
1315 5091 1539 5146 corpus,
1595 5076 1733 5131 utin
1778 5084 2040 5148 tympano
2091 5085 2147 5131 et

542 5176 718 5231 choro
744 5175 939 5230 laudes
977 5171 1174 5230 Deum.
1215 5168 1473 5229 Christus
1513 5183 1616 5241 pro
1651 5175 1706 5224 te
1747 5168 1899 5224 dedit
1941 5171 2144 5238 corpus

544 5270 612 5325 ad
669 5266 1034 5325 deludendum
1066 5266 1229 5323 :vide
1251 5280 1324 5321 ne
1368 5263 1561 5329 dicas,
1608 5261 1741 5333 quid
1788 5261 2040 5318 utilitatis
2086 5262 2143 5318 in

506 5398 511 5403 -
544 5361 814 5434 sanguine
844 5338 1183 5428 meo‘lQuill
1208 5359 1356 5416 enim
1380 5356 1684 5414 secundum
1715 5355 1972 5410 meritum
1993 5354 2148 5410 Chri-

544 5455 618 5511 sti
669 5454 800 5509 talia
842 5469 945 5524 pro
971 5453 1133 5509 nobis
1176 5452 1324 5523 passi
1373 5450 1638 5526 perlicere
1678 5447 2022 5519 possumus?
2058 5447 2148 5504 Sis

2246 5009 2384 5055 mw,
2417 4988 2765 5060 ψαλτήριον
2790 4984 3054 5063 τερπνεξν
3080 4983 3231 5052 μετὰ
3267 4979 3565 5049 κιθάρας.
3610 4979 3721 5032 Ἓν
3762 4976 3895 5043 λαμ·
3920 5028 3936 5046 .

2246 5083 2426 5148 ὅάνει,
2457 5082 2555 5137 καὶ
2585 5080 2715 5152 τρία
2745 5079 2977 5133 ἀπαιτεῖ
3010 5093 3024 5106 ·
3059 5077 3124 5130 ἐκ
3158 5074 3271 5145 γὰρ
3304 5072 3492 5142 τριῶν
3533 5069 3893 5152 συνεστήκαῖ

2247 5191 2368 5245 μεν,
2408 5172 2486 5236 ὡς
2525 5148 2678 5239 λέγει
2711 5172 2740 5223 ὁ
2770 5167 3006 5233 Παῦλος,
3053 5165 3192 5221 Ἵνα
3218 5164 3601 5230 ὀλόκληρον
3649 5158 3832 5231 ἡμῶν
3865 5148 3904 5227 ᾖ

2242 5267 2310 5321 τὸ
2322 5264 2515 5335 σῶμα,
2531 5263 2631 5318 καὶ
2645 5264 2684 5332 ἡ
2698 5261 2870 5333 ψυχὴ
2884 5259 2984 5315 καί
2995 5259 3062 5313 τὸ
3071 5257 3331 5324 πνεῦμα
3352 5253 3422 5309 τὸ
3450 5255 3569 5325 μὲν
3582 5252 3903 5325 ψαλτήριον

2252 5359 2314 5413 τὸ
2343 5356 2585 5428 πνεῦμα,
2618 5357 2715 5410 καὶ
2741 5357 2777 5425 ἡ
2800 5356 2953 5429 ψυχὴ
2998 5352 3222 5424 κιθάρα’
3268 5348 3331 5403 τὸ
3351 5346 3415 5402 δὲ
3446 5349 3803 5419 τύμπανον,
3839 5342 3912 5404 ὡς

2256 5448 2396 5506 εἶναι
2426 5449 2713 5521 τύμπανον
2743 5448 2924 5519 δέρμα
2958 5445 3076 5517 ἔχει
3097 5443 3323 5514 νεκρύν’
3364 5439 3694 5513 νέκρωσον
3736 5433 3836 5492 οὖν
3856 5430 3913 5487 τὸ

542 5547 711 5618 igitur
736 5547 921 5618 planta
952 5544 1258 5614 fructuosa,
1290 5554 1352 5600 ut
1376 5542 1546 5599 Deum
1578 5541 1791 5608 laudes,
1813 5553 1915 5610 pro
1939 5540 2138 5599 viribus

2260 5543 2442 5613 σῶμα,
2458 5542 2546 5596 ἵνα
2563 5544 2621 5595 ἐν
2636 5539 2909 5611 τυμπάνῳ
2931 5538 3028 5592 καὶ
3043 5533 3194 5607 χορῷ
3223 5534 3382 5605 alvi};
3412 5531 3529 5585 τὸν
3558 5532 3743 5628 Θεένς
3781 5529 3920 5628 xl”:

546 5640 656 5696 tuis
681 5638 981 5697 lructilica.
1012 5639 1068 5694 Si
1091 5652 1198 5694 non
1221 5645 1377 5709 potes
1405 5634 1708 5710 perlectum
1737 5633 1881 5691 ferre
1908 5631 2138 5689 fructum

2265 5634 2392 5697 στὸς
2415 5633 2557 5702 ὑπὲρ
2584 5630 2679 5685 σοῦ
2703 5630 2873 5685 ἔδωκε
2892 5628 2955 5682 τὸ
2978 5626 3143 5700 σῶμα
3155 5622 3562 5695 ἀτιμασθῆναι
3583 5639 3597 5651 ⁸
3632 5620 3818 5696 βλέπε
3846 5620 3924 5689 μὴ

619 5868 642 5899 ⁹
711 5868 867 5923 Cant.
914 5885 986 5933 Iv,
1026 5868 1081 5922 7.
1161 5865 1205 5900 ¹⁶
1243 5863 1476 5935 Philipp.
1516 5874 1577 5926 It.
1621 5863 1671 5917 8.
1780 5862 1833 5935 “7
1882 5862 2014 5919 ibid.
2132 5863 2138 5892 ³

2236 5863 2348 5918 ’sal.
2399 5878 2471 5922 ιν,
2510 5860 2562 5914 Pi.
2644 5859 2688 5890 ¹³
2720 5855 2785 5909 lll
2823 5855 2961 5935 Reg;
2992 5869 3108 5935 ut:
3136 5848 3331 5935 27-?9.
3413 5843 3474 5875 “
3501 5818 3831 5935 Μθιιιιῗγ.
3871 5843 3920 5903 5.

553 5940 595 5975 ιι
622 5916 927 6005 rsaiﬁ'v'ifrl
946 5916 1047 5971 ’⁷ίά
1068 5916 1215 5995 l‘sal.
1246 5916 1442 6003 ὲῇζ-ἷιῖζ
1463 5916 1588 5989 ’1361
1623 5916 1641 5950 ί
1671 5938 1711 5967 ιτ
1750 5934 1793 5990 ιι
1826 5916 2060 6004 ιιρεξέι,
2098 5935 2132 5988 2

2236 5916 2331 6003 πλη.
2415 5916 2470 5965 ¹¹¹’
2497 5932 2633 5985 Gen.
2671 5943 2857 5992 XLvm,
2904 5926 2984 5979 lli.
3068 5926 3109 5954 ’θ
3143 5922 3286 5979 Psal.
3315 5930 3507 5982 Lxxx,
3549 5916 3615 5970 3.
