4058 6432
498 372 639 437 l‘l-L’l

1421 388 1744 472 ΙΟᾼΝΝΙΞ
1782 347 2302 457 JEJUNATDRIS
2337 398 2445 458 (ΖΡ.
2498 397 2851 461 ARCHIEP.

3629 392 3766 460 19M

491 486 682 539 Scribe
710 500 992 545 sermones
1026 489 1126 544 hos
1160 488 1213 543 in
1248 490 1504 548 manibus
1531 493 1661 561 luis,
1709 503 1764 550 et
1800 503 1961 551 erunt
1992 495 2078 549 in-

2187 494 2324 577 δίαν,
2358 497 2454 551 καὶ
2487 498 2670 571 πάσης
2710 499 2990 580 ἁμαρτίας
3034 499 3349 571 ἀπέχωνται
3370 502 3560 556 ἀλλὰ
3607 502 3767 576 ἀκρι-

487 578 745 634 concussi
775 594 889 649 praa
915 583 1092 638 oculis
1129 583 1254 639 tuis.
1311 585 1369 638 Si
1410 585 1492 641 sic
1513 585 1685 643 Deum
1726 588 1985 653 honoras,
2018 587 2079 643 lit

490 686 519 723 a
552 670 757 726 dextris
788 672 898 728 tuis
924 692 936 728 :
962 675 1008 729 si
1029 690 1157 730 vero
1191 674 1373 746 ipsum
1392 678 1810 750 contempseris,
1828 679 2078 736 diabolus

486 764 548 817 tit
598 764 697 818 tibi
730 764 940 820 dexter.
983 765 1073 821 Sic
1111 764 1248 822 Juda
1293 777 1679 826 contemnente
1720 772 1906 827 divina
1947 772 2082 830 dicit

492 854 777 925 Scriptura
804 876 817 910 :
844 858 918 913 Et
965 858 1212 915 diabolus
1245 870 1348 917 stet
1405 879 1439 917 α
1466 863 1672 920 dextris
1726 864 1843 935 ejus
1874 866 1940 918 “.
1975 863 2080 921 Per

486 945 731 1017 singulas
755 947 918 1002 horas
944 948 1185 1018 gloriﬁca
1212 949 1503 1007 Dominum
1528 951 1833 1018 Christum,
1853 951 2076 1009 dicens:

490 1036 755 1092 Exattabo
778 1049 846 1100 te.
875 1038 1016 1095 Deus
1034 1058 1179 1097 meus
1211 1059 1304 1098 rex
1326 1044 1402 1098 ’τε
1434 1057 1547 1100 non
1571 1051 1781 1100 tantum
1801 1058 2076 1111 sermone,

488 1144 676 1183 verum
699 1137 755 1185 et
774 1146 972 1201 opere:
1001 1133 1081 1190 sic
1105 1135 1251 1190 enim
1277 1135 1446 1192 David
1468 1151 1687 1209 quoque
1705 1135 1876 1193 Deum
1906 1137 1962 1191 in
1986 1151 2082 1193 sae-

490 1224 672 1281 culum
705 1235 756 1281 et
792 1226 846 1282 in
874 1229 1134 1284 sazculum
1159 1231 1345 1287 saeculi
1367 1232 1611 1288 exaltat:
1645 1245 1755 1288 non
1777 1232 1947 1298 diem,
1969 1246 2079 1287 non

488 1332 755 1385 mensem,
787 1335 894 1374 non
924 1336 1150 1390 annum,
1192 1338 1302 1379 non
1334 1324 1590 1390 lustrum,
1611 1325 1710 1381 sed
1738 1325 1791 1380 in
1819 1325 1971 1380 omni
1993 1324 2081 1380 vis

489 1420 558 1464 sae
586 1402 848 1482 tempore.
876 1414 1096 1472 Sciebat
1124 1416 1274 1472 enim
1299 1418 1448 1489 quod
1483 1418 1927 1489 quandocunque
1961 1417 2082 1472 lau-

488 1501 603 1570 dat,
636 1513 765 1560 tunc
806 1505 1012 1581 incipit.
1044 1507 1192 1565 Dicis
1223 1518 1406 1565 autem
1443 1527 1456 1564 :
1482 1511 1657 1582 Igitur
1678 1509 1841 1580 quale
1860 1523 1960 1566 cor
1991 1523 2081 1566 es-

489 1613 551 1652 se
583 1609 817 1670 oportet,
852 1603 998 1673 quod
1033 1618 1250 1674 semper
1282 1604 1452 1660 Deum
1491 1605 1728 1661 exaltet?
1750 1604 1920 1673 Quale
1941 1604 2085 1660 Pau-

489 1688 578 1744 lus
608 1689 864 1757 babebat,
888 1693 1078 1750 dicens
1107 1713 1121 1750 :
1148 1693 1304 1749 Nihil
1329 1697 1459 1749 mihi
1487 1697 1729 1751 conscius
1751 1712 1869 1751 sum
1893 1696 1959 1750 ³⁸.
1992 1695 2084 1751 Sic

486 1790 611 1835 erat
637 1791 691 1837 et
716 1781 906 1853 David,
927 1786 1114 1842 dicens
1139 1787 1250 1841 :Ab
1272 1787 1492 1845 occultis
1519 1789 1648 1843 meis
1695 1790 1891 1843 munda
1921 1789 2081 1842 me".

2180 589 2293 656 ϐῶς
2328 592 2525 664 κράτει
2553 594 2668 650 τῶν
2696 596 2878 666 ὐψέων
2906 595 3076 650 αὑτοῦ
3126 597 3215 651 ἵνα
3259 595 3513 661 ἄπτωτος
3552 596 3766 669 διαμεί-

2180 700 2299 757 νῃς,
2329 686 2419 741 ἀεὶ
2445 687 2689 758 φέρουσα
2721 676 2833 743 τῶν
2869 690 3092 761 ἀνέμων
3138 689 3243 753 τὰς
3270 689 3605 760 προσϐολὰς,
3639 692 3768 755 τοὺς

2178 774 2583 848 ἐπερχομένους
2645 779 2786 833 κατὰ
2845 780 3039 849 καιρὸν
3099 779 3467 850 πειρασμούς.
3545 779 3767 849 Ἑντύγ-

2180 884 2312 938 χανε
2340 868 2430 921 ἀεὶ
2475 872 2599 933 ταῖς
2639 869 2815 935 θείαις
2841 872 3109 942 Γραφαῖς.
3135 871 3350 942 ’Ὥσπερ
3379 871 3489 940 γὰρ
3507 866 3652 934 οἶνος
3681 852 3793 925 ττι--⁵

2181 960 2409 1032 νόμενος
2430 962 2604 1016 παύει
2640 963 2741 1034 τὴν
2774 963 2975 1035 λύπην,
3012 964 3109 1018 καὶ
3149 963 3483 1034 μεταϐάλλει
3513 964 3613 1034 τὴν
3636 980 3770 1035 καρ-

2179 1051 2300 1109 δίαν
2332 1054 2415 1118 είς
2448 1055 2811 1126 εὐφροσύνην,
2844 1055 2991 1110 οὕτω
3034 1057 3129 1111 καὶ
3165 1059 3195 1110 6
3216 1055 3591 1127 πνευματικός
3627 1051 3771 1119 οῑνος

2182 1146 2475 1217 πινόμενος
2540 1149 2623 1212 είς
2673 1151 2849 1220 χαρὰν
2902 1148 3235 1220 μεταϐάλλει
3298 1165 3394 1202 σου
3433 1150 3537 1219 τὴν
3565 1148 3765 1219 ψυχήν.

2180 1238 2509 1309 Μνημόνευε
2531 1238 2626 1292 τοῦ
2664 1239 2802 1294 Θεοῦ
2843 1241 3076 1296 πάντοτε
3101 1239 3342 1308 λέγουσα
3362 1240 3509 1311 μετὰ
3535 1238 3630 1292 τοῦ
3663 1243 3769 1292 Δα-

2182 1330 2268 1385 ϐίδ
2291 1348 2305 1361 ·
2337 1332 2708 1409 ιΙρ-οωρώμην
2758 1333 2867 1388 τὸν
2921 1334 3145 1404 Κύριον
3192 1332 3454 1389 ἐνώπιόν
3494 1350 3615 1403 μου
3647 1331 3774 1386 διας

2178 1425 2412 1491 ,παντός
2436 1440 2450 1453 ·
2478 1423 2573 1479 ὅτι
2621 1425 2693 1480 ἐκ
2736 1424 2957 1492 δεξιῶν
3001 1426 3121 1497 μού
3172 1426 3365 1491 ἐστιν,
3396 1427 3498 1480 ἵνα
3542 1424 3630 1494 μὴ
3664 1438 3773 1477 σα-

2181 1512 2398 1570 λευθῶ.
2434 1514 2653 1586 Γράψον
2684 1516 2815 1580 τοὺς
2857 1515 3054 1585 λόγους
3097 1514 3322 1578 τούτους
3361 1514 3460 1569 ἐπὶ
3510 1514 3620 1568 τῶν
3657 1532 3772 1585 χει-

2182 1607 2297 1679 ρῶν
2330 1623 2448 1675 σου,
2472 1608 2568 1662 καὶ
2607 1607 2825 1662 ἔσονται
2870 1609 3159 1665 ἀσάλευτοι
3191 1608 3302 1681 πρὸ
3326 1606 3627 1678 ὀφθαλμῶν
3651 1623 3770 1662 σου.

2197 1698 2326 1755 Ἐάν
2349 1698 2494 1754 οὕτω
2523 1702 2693 1773 τιμᾷς
2725 1701 2819 1756 τὸν
2857 1700 3014 1768 Θεὸν,
3067 1701 3280 1770 γίνεται
3309 1703 3375 1754 ἐκ
3398 1699 3589 1765 δεξιῶν
3632 1715 3726 1752 σου
3751 1713 3767 1729 ο

2186 1790 2284 1846 ἐὰν
2312 1791 2372 1845 δὲ
2415 1791 2696 1864 ἀτιμάσῃς
2742 1792 2932 1858 αὐτὸν,
2959 1795 2988 1847 6
3017 1792 3268 1856 διάϐολος
3310 1790 3525 1860 γίνεταί
3567 1787 3774 1845 σοιδε-

488 1872 658 1939 Quale
693 1885 749 1932 et
777 1876 1031 1935 Salvator
1048 1881 1217 1950 jussit
1245 1882 1467 1948 habere,
1486 1882 1710 1939 dicens:
1738 1880 1893 1936 Beati
1918 1897 2083 1936 mun-

2188 1881 2321 1946 ξιός.
2378 1859 2570 1946 Οὕτως
2623 1859 2997 1952 άτιμάσαντος
3042 1882 3140 1937 τοῦ
3178 1859 3353 1937 Ἰούδα
3402 1881 3554 1949 λέγει
3591 1877 3777 1950 ήθεία

487 1966 557 2019 do
582 1970 759 2038 corde,
785 1974 1038 2042 quoniam
1061 1975 1162 2045 ipsi
1192 1974 1363 2030 Deum
1386 1976 1632 2031 uidebunt
1658 1976 1726 2030 '°.

2187 1974 2380 2047 Γραφή
2399 1991 2414 2005 ο
2441 1974 2552 2029 Kal
2575 1977 2609 2029 6
2647 1973 2928 2042 διάϐολος
2960 1973 3163 2042 στήτω
3192 1974 3261 2028 ἐκ
3296 1972 3515 2038 δεξιῶν
3561 1969 3774 2028 αὑτοῦ.

488 2061 856 2136 Καθεκάστην
885 2065 1036 2139 ὥραν
1065 2065 1259 2133 δόξαζε
1294 2085 1387 2123 σου
1411 2067 1502 2122 τὸν
1540 2067 1818 2140 Δεσπότην
1845 2066 2082 2138 Χριστὸν
2115 2065 2380 2136 λέγουσα·
2426 2065 2670 2135 Ὑψώσω
2713 2080 2789 2121 σε
2826 2067 2972 2135 Θεός
3004 2084 3126 2136 μου
3162 2070 3197 2120 ὀ
3252 2065 3553 2132 ,ϐασιλεὺς
3613 2073 3775 2133 μου*

490 2156 567 2229 μὴ
607 2155 770 2226 μόνον
815 2156 978 2227 λόγῳ,
1000 2158 1144 2225 ,ἀλλὰ
1167 2160 1267 2212 καὶ
1283 2159 1463 2231 ἔργῳ·
1496 2158 1641 2214 οὕτω
1662 2160 1772 2232 γὰρ
1801 2160 1899 2214 καὶ
1927 2161 1956 2214 6
1981 2158 2147 2213 Δαϐὶδ
2212 2160 2339 2230 ὑψοῖ
2369 2160 2462 2214 τὸν
2494 2159 2629 2213 Θεὸν
2684 2146 2902 2225 εἱςὶτὸν
2967 2161 3143 2215 αἰῶνα
3188 2163 3286 2216 καὶ
3319 2162 3399 2224 εἰς
3441 2160 3535 2214 τὸν
3602 2158 3779 2213 αἰῶνα

485 2252 582 2306 τοῦ
616 2253 855 2318 αἰῶνος
897 2255 996 2325 οὐχ
1048 2256 1287 2327 ἡμέραν,
1338 2256 1403 2310 οὐ
1440 2257 1611 2327 μῆνα,
1656 2257 1758 2310 οὐκ
1801 2255 2071 2320 ἐνιαυτὸν,
2110 2255 2224 2309 ἀλλ’
2258 2257 2317 2310 ἐν
2378 2257 2543 2312 παντὶ
2576 2256 2755 2328 χρόνῳ
2791 2257 2892 2329 τῆς
2923 2256 3096 2327 ζωῆς.
3139 2254 3298 2327 ᾜδει
3345 2254 3455 2326 γὰρ
3505 2255 3589 2309 ὅτι
3649 2254 3779 2308 ὅταν

485 2345 697 2398 τελέσει
723 2345 1017 2417 ἄνθρωπος
1060 2347 1185 2401 τότε
1223 2347 1473 2420 ἄρχεται.
1511 2348 1674 2403 ’Δλλὰ
1728 2347 1940 2419 λέγεις’
1979 2344 2127 2421 'Apat
2166 2354 2418 2420 ποταπὴν
2454 2351 2685 2421 καρδίαν
2726 2350 2808 2404 δεῖ
2844 2346 2987 2404 εἶναι
3032 2350 3133 2421 τὴν
3198 2350 3432 2404 πάντοτε
3468 2347 3777 2418 δυναμένην

486 2438 658 2508 ὑψοῦν
689 2439 782 2497 τὸν
804 2440 971 2509 Θεόν;
1003 2441 1138 2497 Οἴαν
1162 2439 1311 2513 εἶχεν
1336 2446 1366 2497 6
1408 2442 1621 2506 Παῦλος
1652 2443 1855 2513 λέγων·
1888 2443 2082 2499 οὐδὲν
2116 2444 2350 2513 ἐμαυτῷ
2375 2444 2653 2500 σύνοιδα.
2685 2443 2874 2508 Οὕτως
2932 2439 3004 2515 ἧν
3039 2444 3137 2499 καὶ
3170 2444 3201 2497 6
3229 2443 3395 2497 Δαϐὶδ
3437 2442 3615 2511 λέγων
3634 2456 3648 2470 ·
3683 2441 3779 2493 Ἐκ

484 2528 607 2584 τῶν
639 2532 911 2600 κρυφίων
948 2550 1069 2602 μου
1106 2533 1439 2603 καθάρισον
1469 2553 1567 2606 με.
1600 2535 1733 2591 Οταν
1797 2536 1895 2591 καὶ
1953 2539 1981 2591 6
2014 2537 2206 2610 Σωτὴρ
2256 2537 2546 2592 ἐκέλευσεν
2618 2536 2765 2608 ἔχειν
2831 2537 3006 2607 λέγων
3031 2553 3046 2570 ⁸
3110 2537 3403 2605 Μακάριοι
3443 2539 3499 2590 οι
3531 2536 3778 2604 καθαροὶ

484 2621 563 2691 τῇ
588 2623 806 2691 καρδίᾳ
829 2640 843 2657 ο
873 2623 963 2678 ὅτι
986 2626 1162 2681 αὐτοὶ
1204 2627 1313 2681 τὸν
1342 2626 1491 2683 Θεὸν
1531 2629 1809 2698 ὄψονται.

561 2716 657 2772 Sic
688 2717 856 2789 igitur
883 2734 992 2775 non
1019 2735 1278 2790 peccans,
1318 2736 1418 2792 per
1451 2722 1701 2795 singulos
1741 2717 1873 2782 dies.
1909 2724 2080 2781 Deum

487 2811 716 2880 exaltat,
743 2827 853 2867 non
878 2822 1089 2869 tantum
1114 2829 1388 2883 sermone,
1420 2830 1610 2872 verum
1637 2826 1692 2873 et
1719 2832 1883 2889 opere
1904 2817 2082 2889 ipsam

489 2917 607 2957 rem
638 2902 886 2970 exhibet,
922 2918 1032 2959 non
1061 2907 1483 2979 contemnendo,
1504 2908 1620 2965 sive
1641 2909 1910 2981 aegritudo
1931 2924 2081 2965 com-

489 2996 811 3064 prehendat,
842 2997 957 3053 sive
967 2998 1202 3068 jactura,
1232 2999 1346 3055 sive
1380 3015 1550 3065 mors,
1577 3002 1765 3059 dicens
1786 3017 1913 3058 cum
1938 3000 2080 3057 Pau-

490 3088 545 3140 lo
579 3106 591 3142 :
626 3087 759 3154 Quis
790 3105 883 3144 nos
923 3091 1241 3161 separabita
1270 3092 1536 3149 charitate
1567 3092 1770 3149 Christi
1795 3094 1884 3149 “‘2
1910 3101 1968 3151 et
1988 3108 2078 3149 re-

491 3181 665 3250 liqua.
702 3180 822 3236 Non
853 3182 1001 3237 enim
1037 3192 1243 3240 temere
1269 3185 1323 3239 in
1355 3194 1598 3242 stercore
1628 3184 1893 3242 Dominus
1923 3185 2077 3240 habi-

499 3281 598 3338 tat,
648 3273 746 3331 sed
786 3273 841 3327 in
880 3274 1168 3330 ccenaculo
1219 3277 1399 3347 scopis
1433 3276 1715 3337 mundato.
1737 3274 1809 3332 Ut
1841 3277 2081 3332 animam

495 3375 645 3420 tuam
689 3367 842 3420 velut
877 3364 973 3420 Dei
1020 3366 1393 3423 habitaculum
1445 3383 1750 3439 pracpares,
1806 3378 2083 3424 memento

495 3454 755 3510 horrendi
782 3455 1013 3511 multum
1045 3465 1098 3513 et
1128 3458 1396 3513 tremendi
1424 3459 1570 3515 illius
1598 3459 1726 3525 diei,
1758 3460 1812 3515 in
1842 3474 1953 3530 quo
1974 3474 2086 3515 om.

496 3566 594 3608 nes
618 3550 823 3606 Christi
853 3551 1053 3609 throno
1085 3554 1429 3621 assistentes,
1466 3570 1652 3611 rerum
1683 3555 1774 3611 hic
1800 3564 2082 3625 gestarum

493 3643 739 3701 rationes
758 3643 1070 3713 reddemus,
1094 3645 1187 3702 ubi
1216 3654 1342 3703 ante
1362 3647 1610 3703 omnium
1637 3647 1831 3704 oculos
1860 3654 2084 3718 peccata

494 3743 686 3791 nostra
728 3745 1022 3807 ponentur,
1060 3748 1118 3794 et
1156 3754 1377 3795 rursum
1418 3739 1825 3805 revelabuntur,
1856 3749 1907 3795 et
1938 3739 2087 3811 igno-

495 3829 753 3886 rantibus
783 3832 1142 3887 ostendentur
1173 3832 1441 3899 actiones,
1487 3834 1579 3889 ubi
1618 3833 1759 3905 ignis
1780 3832 2001 3899 ﬂuvius,
2032 3841 2087 3886 et

496 3922 770 3992 insopitus
828 3923 1051 3989 vermis,
1105 3924 1198 3980 ubi
1246 3925 1432 3981 omnia
1478 3925 1628 3981 nuda
1664 3933 1720 3980 et
1746 3933 1957 3991 aperta,
1989 3923 2085 3979 ubi

494 4011 746 4067 cordium
796 4020 1115 4070 nostrorum
1167 4014 1293 4071 libri
1340 4016 1676 4087 aperientur,
1709 4026 1764 4071 et
1801 4016 1856 4071 in
1905 4012 2086 4071 medio

496 4103 695 4159 theatri
726 4104 1020 4163 manifesta
1053 4106 1322 4178 legentur,
1351 4117 1407 4164 et
1426 4109 1670 4179 occulta,
1717 4116 1988 4165 nocturna
2030 4115 2088 4168 et

494 4197 717 4263 diurna,
747 4211 811 4252 ex
846 4197 1310 4259 inconsiderantia
1348 4209 1405 4257 et
1457 4201 1733 4258 oblivione
1766 4201 1934 4269 facta,
1963 4218 2087 4273 quae

496 4288 763 4346 membris
789 4289 1092 4361 ell'ecimus,
1123 4308 1356 4364 quaeque
1385 4309 1534 4350 nunc
1559 4294 1731 4351 latent
1759 4295 2087 4352 revelabun-

494 4396 607 4441 tur.
659 4385 851 4457 Cogita
893 4387 1081 4458 igitur,
1113 4389 1259 4459 quod
1291 4389 1517 4445 omnino
1542 4404 1645 4445 nos
1665 4389 1798 4445 hinc
1834 4390 1901 4445 ad
1924 4390 2087 4445 inl‘al—

499 4479 707 4534 libiletn
743 4479 982 4550 migrare
1003 4480 1244 4551 judicent
1276 4490 1492 4552 oportet
1523 4500 1537 4537 :
1590 4482 1679 4537 ubi
1714 4498 1825 4539 non
1873 4491 2083 4538 tantum

2260 2721 2449 2787 Οὕτως
2490 2716 2588 2777 οῦν
2618 2722 2647 2777 6
2680 2722 2755 2794 μὴ
2786 2722 3120 2795 ἁμαρτάνων
3162 2722 3516 2792 καθεκάστην
3556 2721 3779 2793 ἡμέραν

2188 2816 2314 2886 ὑψοῖ
2333 2816 2426 2870 τὸν
2455 2814 2590 2870 Θεόν
2612 2829 2628 2846 ⁸
2664 2816 2727 2869 οὐ
2769 2815 2932 2886 μόνον
2978 2814 3124 2885 λόγῳ
3156 2813 3296 2868 ἀλλὰ
3324 2814 3421 2868 καὶ
3461 2813 3611 2886 ἔργῳ
3640 2814 3781 2868 αὐτὸ

2184 2908 2246 2962 τὸ
2299 2907 2538 2978 πρᾶγμα
2586 2904 3063 2976 ἐπιδεικνύμενος,
3097 2905 3174 2976 μὴ
3212 2904 3517 2976 ὀλιγωρῶν,
3551 2906 3658 2958 κᾶν
3690 2905 3779 2957 νό-

2187 3017 2281 3065 σος
2309 2998 2617 3068 καταλάϐῃ,
2644 2997 2751 3052 κᾶν
2780 2997 2973 3069 ζημία,
3005 2998 3110 3053 κᾶν
3155 2997 3411 3064 θάνατος,
3436 2995 3577 3050 ἀλλὰ
3598 2995 3781 3065 λέγων

2187 3099 2328 3168 μετὰ
2356 3096 2451 3151 τοῦ
2480 3094 2699 3149 Παύλου
2722 3111 2737 3127 °
2771 3095 2866 3161 Τίς
2898 3091 3057 3164 ἡμᾶς
3090 3094 3333 3162 χωρίσει
3351 3092 3472 3148 ἀπὸ
3500 3091 3611 3160 τῆς
3632 3089 3782 3160 ἀγά-

2184 3205 2310 3257 πης
2344 3188 2453 3243 τοῦ
2489 3185 2786 3256 Χριστοῦ;
2814 3185 2911 3240 καὶ
2947 3185 3019 3240 τὰ
3040 3184 3191 3255 ἑξῆς.
3225 3184 3301 3238 Οὐ
3349 3184 3461 3255 γὰρ
3497 3181 3688 3246 ἁπλῶς
3715 3183 3782 3236 ὲν

2185 3282 2253 3351 τῇ
2309 3278 2520 3351 κοπρίᾳ
2556 3279 2699 3332 οίκεῖ
2721 3278 2749 3329 6
2778 3276 3020 3348 Κύριος·
3052 3275 3170 3330 ἀλλ’
3210 3277 3271 3329 ἐν
3307 3275 3388 3345 τῷ
3432 3276 3665 3344 ἁνώγεῳ
3697 3272 3783 3343 τῷ

2190 3371 2579 3443 σεσαρωμένῳ.
2636 3371 2759 3425 Ἵνα
2810 3369 2889 3431 ὡς
2957 3368 3274 3439 οἰκητήριον
3324 3366 3537 3436 Κυρίου
3594 3381 3781 3435 παρα-

2189 3465 2468 3537 σκευάσῃς
2496 3479 2591 3516 σου
2632 3460 2735 3533 τὴν
2765 3460 2971 3532 ψυχὴν,
3012 3458 3321 3531 μνημόνευε
3365 3455 3468 3527 τῆς
3503 3457 3779 3527 φρικωδεν

2192 3559 2399 3627 στάτης
2424 3556 2501 3628 τῷ
2540 3556 2748 3627 βήματι
2794 3553 2892 3609 τοῦ
2923 3550 3186 3625 Χριστοῦ,
3210 3548 3462 3621 δώσομεν
3480 3549 3638 3614 δίκας
3669 3549 3779 3603 τῶν

2187 3650 2600 3722 πεπραγμένων
2625 3667 2638 3680 ·
2665 3649 2796 3704 ἔνθα
2844 3646 2954 3719 πρὸ
3001 3644 3299 3717 ὀφθαλμῶν
3334 3645 3555 3698 πάντων
3581 3660 3779 3715 προτε-

2188 3743 2416 3814 θήσεται
2453 3740 2524 3796 τὰ
2569 3740 2974 3813 ἁμαρτήματα,
3020 3738 3117 3791 καὶ
3155 3736 3320 3791 πάλιν
3372 3734 3777 3804 ἀποκαλυφθή-

2189 3852 2367 3902 σεται,
2420 3835 2520 3890 καὶ
2561 3837 2677 3899 τοῖς
2721 3830 3015 3903 ἀγνοοῦσιν
3042 3827 3531 3900 ἐπιδειχθήσονται
3560 3829 3618 3881 αἱ
3643 3827 3781 3897 πρά-

2187 3926 2303 3994 ξεις
2325 3943 2338 3957 ·
2364 3926 2494 3984 ἔνθα
2525 3928 2555 3981 6
2597 3924 2846 3997 ποταμὸς
2900 3922 2998 3978 τοῦ
3038 3923 3232 3995 πυρὸς,
3263 3926 3292 3978 6
3314 3922 3616 3993 ἀκοίμητος
3638 3918 3782 3973 σκώ-

2188 4016 2308 4089 ληξ,
2339 4016 2471 4072 ἔνθα
2494 4016 2674 4071 πάντα
2706 4014 2913 4086 γυμνὰ,
2949 4014 3047 4069 καὶ
3094 4012 3575 4087 τετραχηλισμένα
3599 4027 3614 4044 ·
3648 4010 3782 4066 ἔνθα

2187 4112 2245 4165 αἱ
2276 4109 2452 4182 βίϐλοι
2474 4110 2584 4163 τῶν
2611 4108 2848 4177 καρδιῶν
2873 4108 3030 4179 ήμῶν
3058 4096 3581 4179 άνοιγήσονταιριαὶ
3601 4106 3664 4158 ὲν
3683 4103 3783 4175 μέ-

2191 4217 2269 4267 σῳ
2314 4200 2410 4254 τοῦ
2475 4200 2708 4273 θεάτρου
2755 4198 3281 4270 ἀναγνωσθήσονται
3328 4196 3401 4251 τά
3440 4196 3656 4269 φανερὰ
3682 4194 3783 4248 καὶ

2187 4293 2256 4348 τὰ
2283 4291 2671 4364 κεκρυμμένα,
2723 4291 2794 4347 τὰ
2835 4293 2893 4346 ἐν
2954 4291 3115 4347 νυκτὶ
3139 4289 3239 4345 καὶ
3273 4289 3344 4344 τὰ
3382 4290 3442 4342 ὲν
3471 4289 3679 4360 ἡμέρᾳ,
3710 4287 3783 4340 τὰ

2188 4387 2246 4453 ἒξ
2276 4384 2615 4458 ἀπροσεξίας
2649 4384 2744 4439 καὶ
2771 4384 2964 4458 λήθης,
2999 4383 3037 4440 ἃ
3062 4384 3153 4439 διὰ
3190 4383 3303 4438 τῶν
3346 4381 3527 4454 μελῶν
3550 4382 3783 4451 διεπρα-

2189 4478 2406 4550 ξάμεθα
2426 4494 2441 4510 °
2472 4478 2564 4531 ὅτε
2592 4477 2663 4532 τὰ
2700 4475 2798 4533 νῦν
2844 4475 3203 4548 κρυπτόμενα
3238 4473 3777 4545 ὲκκαλυφθήσονται.

498 4573 787 4639 actiones,
838 4589 1029 4630 verum
1060 4584 1115 4631 ct
1166 4576 1330 4631 verba
1361 4586 1417 4633 et
1454 4577 1691 4648 cogitata
1726 4577 2079 4648 judicantur:

2202 4566 2491 4652 Ἐννόησον
2521 4563 2616 4622 οῦν
2635 4569 2721 4623 ὅτι
2758 4567 2973 4632 πάντας
3015 4565 3270 4622 ἐντεῦθεν
3297 4566 3380 4619 δεῖ
3414 4565 3565 4638 ήμᾶς
3609 4561 3787 4618 ἀπελ-

496 4665 591 4721 uhi
627 4664 899 4721 terribiles
921 4666 1084 4720 etiam
1106 4676 1297 4725 eorum
1329 4682 1450 4737 quae
1468 4667 1722 4723 videntur
1750 4682 1872 4723 esse
1898 4680 2088 4737 parva,

498 4772 693 4829 poenas
726 4757 1004 4813 dabimus.
1053 4758 1182 4814 Haec
1227 4775 1441 4830 semper
1473 4759 1786 4825 recordare,
1829 4768 1885 4816 et
1937 4761 2092 4816 inex-

498 4851 715 4906 stinctae
748 4863 1032 4918 nunquam
1067 4840 1411 4908 obliviscaris
1434 4851 1686 4907 ﬂammae.
1735 4851 1977 4910 Praevide
1997 4869 2090 4909 ve-

500 4942 742 4998 nientem
768 4942 1020 5013 judicare
1047 4943 1213 5010 vivosf
1238 4950 1293 4997 et
1333 4953 1599 5000 mortuos.
1624 4943 1840 5015 Cogites
1868 4926 2091 5015 angelo-

502 5050 624 5089 rum
667 5034 861 5100 millia,
896 5042 953 5090 et
995 5032 1272 5106 myriadas
1316 5042 1448 5089 tunc
1492 5034 1669 5091 Iudici
1723 5036 2083 5093 assistentes:

499 5141 650 5185 nunc
677 5126 896 5181 auditus
935 5140 1122 5182 vocem
1160 5124 1436 5191 tubarum,
1466 5134 1522 5180 et
1562 5127 1898 5183 tremendam
1939 5128 2087 5184 illam

499 5215 919 5272 eondemnantis
951 5231 1141 5272 vocem
1181 5216 1476 5287 praeveniat
1512 5235 1526 5271 :
1556 5218 1851 5287 praevideat
1896 5219 2089 5275 oculus

500 5307 608 5371 hos
634 5306 853 5376 quidem
886 5307 943 5362 in
988 5306 1291 5364 exteriores
1322 5307 1464 5361 mitti
1510 5306 1788 5374 tenebras,
1826 5308 1929 5365 hos
1958 5324 2089 5367 vero

499 5399 688 5467 ianuis
718 5399 937 5455 excludi
982 5410 1110 5471 post
1162 5401 1393 5455 multum
1431 5400 1764 5472 virginitatis
1818 5401 2084 5457 laborem.

502 5489 801 5546 Considera
832 5493 932 5547 hos
966 5494 1187 5563 quidem
1222 5495 1371 5549 velut
1397 5494 1608 5549 zizania
1656 5493 1922 5564 colligari,
1953 5502 2007 5550 et
2031 5494 2086 5548 in

505 5583 751 5641 nlibanos
802 5585 991 5656 projici
1024 5604 1037 5642 :
1067 5586 1205 5642 alios
1244 5588 1496 5643 manibus
1544 5596 1597 5643 et
1621 5587 1852 5657 pedibus
1875 5587 2089 5667 vinctos

508 5672 565 5729 in
585 5675 886 5745 exteriores
911 5678 1049 5734 mitti
1080 5679 1334 5736 tenebras
1361 5700 1373 5735 :
1406 5689 1459 5735 et
1481 5680 1618 5736 alios
1640 5680 1876 5752 insopito
1895 5680 2088 5746 vermi,

2194 4660 2310 4715 θεῖν
2360 4660 2500 4732 πρὸς
2551 4661 2645 4716 τὸν
2701 4659 3154 4733 ἀπαραλόγιστον,
3188 4661 3490 4732 δικαστήνο
3524 4659 3666 4714 ὅπου
3712 4656 3783 4711 ού

2192 4754 2353 4825 μόνον
2380 4753 2451 4809 τὰ
2495 4755 2824 4825 πράγματα,
2882 4753 3021 4808 ἀλλὰ
3070 4754 3166 4808 καὶ
3195 4752 3267 4808 τὰ
3307 4753 3553 4824 ῥήματα,
3586 4750 3683 4804 καὶ
3713 4748 3789 4803 τὰ

2189 4845 2554 4917 ἂνθυμήματα
2575 4845 2825 4918 κρίνεται
2843 4861 2856 4875 ·
2890 4845 3027 4899 ὅπου
3082 4845 3182 4899 καὶ
3211 4844 3323 4898 τῶν
3365 4842 3674 4897 δοκούντων
3700 4835 3787 4894 εἷ-

2188 4957 2278 4996 ναι
2315 4939 2552 5012 μικρῶν,
2575 4939 2817 5011 φοϐερὰς
2840 4938 3116 5009 ὗνφέξομεν
3133 4938 3236 5002 τὰς
3283 4937 3539 5001 εὐθύνας.
3560 4934 3792 4988 Τούτων

2192 5030 2284 5086 ἀεὶ
2328 5031 2604 5102 μέμνησο,
2662 5030 2760 5084 καὶ
2802 5029 2878 5102 μὴ
2903 5030 3168 5085 ἐπιλάθου
3191 5029 3294 5100 τῆς
3319 5027 3595 5100 μηδέποτε
3626 5026 3792 5079 σϐεν-

2194 5122 2435 5194 νυμένης
2471 5123 2691 5192 φλογός.
2738 5124 2855 5177 Ἀεὶ
2885 5122 3051 5195 βλέπε
3095 5122 3203 5195 πρὸ
3233 5120 3531 5193 ὀφθαλμῶν
3571 5120 3666 5174 τὸν
3688 5120 3791 5189 sp-

2194 5211 2424 5282 χόμενον
2447 5214 2632 5278 κρῖναι
2685 5210 2898 5276 ζῶντας
2946 5213 3043 5266 καὶ
3081 5210 3310 5282 νεκρούς
3337 5226 3350 5240 ·
3384 5209 3640 5278 ἐννόησον
3683 5206 3793 5271 τὰς

2194 5302 2444 5375 χιλιάδας
2473 5302 2692 5367 καὶτὰς
2735 5304 3010 5375 μυριάδας
3041 5302 3152 5356 τῶν
3200 5301 3452 5370 ἀγγέλων
3491 5294 3613 5364 τὰς’
3637 5317 3791 5373 παρ-

2196 5392 2443 5458 εστώσας
2466 5390 2546 5464 τῷ
2566 5396 2729 5467 κριτῇ
2760 5395 2902 5447 τότε.
2948 5391 3310 5465 Προακουέτω
3331 5390 3427 5446 νῦν
3464 5392 3499 5461 ἡ
3519 5389 3660 5459 ἀκοή
3688 5403 3791 5441 σου

2195 5486 2298 5555 τῆς
2325 5487 2579 5560 ήχήσεως
2612 5485 2720 5540 τῶν
2744 5485 3087 5557 σαλπίγγων,
3116 5484 3211 5540 καὶ¹
3234 5483 3338 5555 τῆς
3367 5483 3609 5553 φοϐερᾶς
3648 5478 3794 5533 ὲκεί-

2198 5603 2295 5657 νης
2334 5581 2429 5637 τοῦ
2461 5578 2919 5644 καταδικάζοντος
2967 5577 3171 5646 φωνῆς,
3223 5574 3591 5646 Προϐλεπέτω
3616 5571 3648 5625 6
3688 5572 3793 5639 όφ-

2198 5677 2402 5747 θαλμδς
2428 5674 2556 5737 τοὺς
2591 5672 2687 5743 μὲν
2716 5671 2797 5732 εἰς
2832 5668 2895 5721 τὸ
2923 5668 3191 5739 ἐξώτερον
3232 5665 3624 5738 πεμπομένους
3658 5659 3793 5715 σκό-

582 5856 627 5891 ²⁶
652 5854 795 5912 Fsai.
828 5858 1045 5925 cvnt,(i.
1123 5859 1526 5927 "l‘sal.cx1.tv,
1559 5862 1603 5915 ι.
1682 5863 1726 5893 ²⁷
1758 5861 1927 5917 ΙΟΟΓ.
1960 5877 2029 5926 tv,
2062 5858 2083 5913 Δ

2193 5861 2234 5890 ²⁰
2266 5856 2409 5914 Psal.
2448 5870 2604 5921 xvm,
2636 5855 2714 5909 l5.
2795 5856 2835 5885 ³ο
2870 5853 3057 5906 Matth.
3087 5866 3137 5914 ν,
3155 5851 3207 5905 8.
3278 5850 3317 5880 ⁸¹
3348 5846 3508 5903 Rom.
3543 5858 3665 5908 vm,
3690 5840 3792 5897 35.
