4058 6462
289 429 456 500 1945

1519 435 1780 497 SERMO
1799 437 1898 498 DE
1915 390 2422 504 PCENITENTIAO.

3453 454 3590 521 19i6

281 562 422 610 στος,
455 545 580 608 τοὺς
619 542 676 599 δὲ
707 545 1167 616 ἀποκλειομένους
1190 548 1292 615 τῆς
1324 544 1496 618 θύρας
1545 546 1689 617 μετά
1721 548 1882 603 πολὺν

1993 559 2046 605 et
2084 536 2276 618 luctui,
2301 563 2355 609 et
2384 553 2627 610 dentium
2653 557 2870 614 stridori
2909 561 3172 629 traditos;
3202 561 3349 620 hunc
3367 566 3588 635 quidem

281 639 407 707 τῆς
436 636 734 707 παρθενίας
777 639 869 692 τὸν
915 641 1104 693 κόπον.
1156 638 1364 710 Θεὼρει
1405 640 1532 702 τοὺς
1585 641 1686 710 μὲν
1719 640 1795 704 ὡς
1826 641 1882 693 τό

1997 646 2066 698 de
2093 645 2475 714 intempesrivo
2501 649 2614 704 risu
2645 649 2884 718 judicari
2912 671 2926 706 :
2955 653 3101 709 hunc
3129 670 3258 711 vero
3279 658 3425 726 quod
3460 673 3590 728 pro-

202 747 206 750 ·
281 730 523 794 ζιζάνια
569 730 1001 802 δεσμουμένους,
1046 733 1141 786 καὶ
1169 733 1252 796 εἰς
1277 733 1370 785 τὸν
1397 732 1656 786 κλίϐανον
1699 733 1895 804 βαλλο-

285 823 501 892 μένους
523 840 536 854 ·
566 822 760 887 ἄλλους
787 827 896 878 τῶν
931 825 1108 878 ποδῶν
1139 826 1234 878 καὶ
1257 825 1366 879 τῶν
1393 825 1598 896 χειρῶν
1633 827 1892 897 δεδεσμέ-

279 930 448 979 νους,
503 914 599 970 καὶ
622 917 704 979 εὶς
735 917 794 970 τὸ
837 917 1106 988 ἐξώτερον
1173 918 1369 981 σκότος
1420 919 1892 989 ἀποφερομένους,

280 1009 394 1060 καὶ
427 1007 622 1072 ἄλλους
654 1007 734 1078 τῷ
767 1009 1055 1080 ἀκοιμήτῳ
1087 1008 1332 1080 σκώληκι
1368 1012 1465 1063 καὶ
1501 1010 1578 1080 τῷ
1621 1010 1891 1081 κλαυθμῷ

279 1101 392 1152 καὶ
453 1099 532 1170 τῷ
589 1100 822 1173 βρυγμῷ
870 1101 979 1154 τῶν
1007 1102 1236 1155 ὀδόντων
1260 1101 1728 1171 παραδιδομένους
1753 1118 1766 1131 ο
1798 1103 1890 1158 τὸν

282 1191 424 1261 μὲν,
459 1193 591 1262 περὶ
613 1193 846 1263 ἀκαίρου
894 1193 1132 1261 γέλωτος
1184 1193 1528 1263 κρινόμενον,
1581 1191 1676 1246 τὸν
1715 1193 1772 1245 δὲ
1807 1193 1890 1246 ὅτι

277 1284 529 1355 ἠδίκησε
551 1285 644 1339 τὸν
673 1285 924 1354 πλησίον,
956 1285 990 1360 ἦ
1015 1286 1098 1338 ὅτι
1120 1285 1210 1338 τὸν
1237 1284 1468 1354 ἀδελφὺν
1486 1285 1847 1338 ὲσκανδάλισε
1870 1302 1885 1316 ο

277 1377 388 1430 τὸν
414 1379 520 1450 μὲν
547 1379 689 1450 ὑπὲρ
721 1379 933 1450 ἀδήλων
976 1379 1391 1449 ἁμαρτημάτων
1421 1378 1765 1449 κρινόμενον,
1794 1378 1889 1433 τὸν

275 1469 343 1522 δὲ
401 1472 544 1542 ὑπὲρ
580 1472 754 1543 ἀργοῦ
790 1473 1034 1542 ῥήματος
1073 1470 1540 1540 είσπραττόμενον
1567 1470 1722 1533 δίκας
1749 1483 1764 1499 ⁸
1790 1469 1881 1522 τὸν

281 1564 401 1632 μὲν
440 1566 580 1636 ὑπὲρ
633 1565 814 1635 κακῆς
861 1563 1087 1634 γνώμης
1129 1563 1472 1632 κρινόμενον,
1512 1561 1604 1615 τὸν
1636 1562 1694 1615 δὲ
1741 1561 1883 1631 ὑπὲρ

1999 733 2208 790 ximum
2241 736 2422 792 aﬂ‘ecit
2451 738 2671 808 injuria,
2703 742 2788 796 vel
2811 744 2960 812 quod
2992 744 3217 800 fratrem
3250 749 3592 804 scandaliza~

1996 827 2112 893 vit;
2149 828 2302 882 hunc
2327 830 2544 899 quidem
2589 833 2657 887 de
2699 837 2934 892 occultis
2962 837 3212 892 damnari
3243 841 3587 907 criminibus;

1993 917 2065 970 ab
2082 917 2184 972 hoc
2223 933 2354 973 vero
2373 919 2439 974 de
2457 922 2637 977 otioso
2661 925 2827 980 verbo
2857 941 3048 995 poenas
3070 928 3216 999 exigi
3251 948 3264 983 :
3296 930 3440 986 hunc
3465 932 3590 1002 qui-

1996 1008 2119 1063 dem
2158 1010 2226 1064 de
2272 1011 2414 1066 mala
2453 1017 2725 1070 sententia
2755 1016 3023 1087 judicium
3052 1021 3280 1088 subire;
3312 1022 3457 1077 hunc
3495 1039 3594 1078 ve-

1995 1116 2058 1156 ro
2089 1111 2314 1173 propter
2338 1106 2648 1162 convicium
2687 1124 2856 1180 regno
2882 1113 3098 1167 excludi
3123 1132 3135 1166 :
3162 1115 3458 1182 quemdam
3483 1131 3586 1169 au-

1991 1201 2100 1248 tem
2125 1207 2346 1264 propter
2370 1208 2640 1252 servatam
2673 1199 2812 1254 iram
2857 1201 3219 1256 intolerabilia
3247 1203 3582 1271 patientem;

1993 1285 2147 1340 illum
2189 1301 2318 1342 vero
2354 1287 2409 1341 in
2450 1288 2807 1359 ignominiam
2853 1304 3226 1362 resurgentem
3269 1303 3528 1348 aeternam
3566 1312 3581 1348 :
3659 1282 3662 1286 λ

1993 1376 2095 1432 hos
2124 1385 2307 1432 autem
2343 1377 2547 1434 Christi
2591 1381 2900 1450 cognitione
2949 1382 3173 1452 privari,
3223 1391 3275 1438 et
3326 1383 3516 1438 audire
3567 1403 3581 1439 :

1988 1467 2153 1522 Amen
2191 1469 2310 1522 dico
2341 1470 2507 1535 vobis,
2549 1473 2725 1525 nescio
2787 1488 2874 1526 vos
2905 1472 2971 1538 ",
3027 1473 3285 1543 quoniam
3339 1473 3586 1530 fecerunt

1989 1577 2111 1630 quae
2145 1560 2398 1618 Christus
2435 1565 2730 1634 prohibuit.

275 1657 566 1730 λοιδορίας
592 1658 693 1727 τῆς
725 1658 1005 1728 βασιλείας
1053 1657 1483 1728 ἀποκλειόμενον
1508 1673 1522 1686 ·
1554 1656 1647 1708 τὸν
1694 1655 1793 1725 μὲν
1824 1655 1966 1724 ὑπὲρ
2009 1656 2380 1726 μνησικακίας
2413 1659 2484 1710 τὰ
2527 1658 2804 1728 ἀνήκεστα
2837 1657 3139 1728 πάσχοντα,
3166 1657 3260 1712 τὸν
3292 1658 3351 1711 δὲ
3397 1659 3476 1720 εἰς
3495 1659 3581 1711 αἱ·

280 1747 502 1819 σχύνην
546 1750 768 1802 αίὼνιον
807 1747 1210 1818 ἀνιστάμενον·
1280 1747 1408 1811 τοὺς
1447 1747 1502 1800 δὲ
1545 1747 1648 1816 τῆς
1714 1745 1973 1815 γνώσεως
2001 1746 2092 1799 τοῦ
2147 1746 2387 1817 Χριστοῦ
2433 1751 2828 1820 στερουμένους
2873 1749 2968 1803 καὶ
3029 1749 3368 1812 ἀκούοντας·
3403 1749 3582 1818 Ἀμὴν

275 1839 452 1908 λέγω
487 1839 630 1909 ὑμῖν
651 1838 939 1893 οὐδέποτε
958 1841 1154 1909 ἔγνων
1181 1837 1335 1907 ὑμᾶς
1357 1855 1372 1870 ο
1399 1836 1879 1908 ὃτιδιεπράξαντο,
1912 1830 1988 1890 ὧν
2013 1838 2041 1890 6
2070 1837 2306 1907 Χριστὸς
2329 1838 2702 1909 ἀπηγόρευσε.

357 1933 589 1986 Τούτων
642 1928 736 1985 οὖν
792 1931 966 1996 οὕτως
1030 1933 1265 2002 ἐχόντων
1322 1931 1602 1993 ποταποὺς
1621 1931 1703 1984 δεῖ
1736 1931 1882 2000 ἡμᾶς

2057 1930 2340 2000 Hisigitur
2377 1932 2459 1986 sic
2492 1947 2551 1987 se
2593 1932 2940 1997 habentibus,
2971 1931 3161 2000 quales
3212 1945 3314 1985 nos
3368 1939 3586 1999 oportet

276 2023 460 2089 εἶναι,
484 2027 519 2099 ἢ
546 2030 766 2080 ποταπά
789 2025 979 2097 φέρειν
1007 2027 1221 2098 δάκρυα
1269 2026 1364 2080 καὶ
1399 2025 1576 2093 λέγειν
1602 2040 1615 2053 ·
1653 2025 1748 2090 Τίς
1776 2023 1885 2076 δώ-

275 2137 385 2175 σει
419 2121 495 2190 τῇ
519 2120 757 2190 κεφαλῇ
784 2139 904 2191 μου
929 2120 1086 2189 ὕδωρ
1123 2120 1224 2173 καὶ
1254 2110 1377 2185 τοῖς
1399 2119 1731 2188 ὀφθαλμοῖς
1760 2136 1882 2188 μου

276 2211 505 2282 πηγὴν
531 2213 829 2283 δακρύων,
865 2214 965 2266 καὶ
1011 2213 1355 2282 κλαύσομαι
1379 2213 1453 2266 τὰ
1490 2211 1884 2281 ἁμαρτήματα

272 2304 520 2375 ἡμέρας
546 2305 647 2359 καὶ
687 2306 910 2370 ’νυκτός
927 2321 948 2369 ;
987 2305 1128 2358 Ἀλλ’
1160 2306 1246 2358 ἵνα
1269 2305 1369 2376 τὴν
1422 2304 1884 2376 προσδοκωμένην

276 2395 521 2449 κόλασιν
567 2395 943 2466 διαφύγωμεν,
984 2395 1139 2448 δεῦτε
1183 2393 1589 2465 προφθάσωμεν
1630 2395 1693 2448 τὸ
1716 2395 1884 2466 πρόσ-

277 2505 446 2543 ωπον
501 2487 706 2558 Κυρίου
765 2489 824 2539 ὲν
869 2486 1282 2558 ἐξομολογήσει,
1323 2488 1421 2540 καὶ
1478 2487 1574 2540 τοῦ
1609 2487 1727 2556 βίου
1759 2490 1878 2542 ἐπι-

278 2580 490 2653 μελείᾳ
520 2583 646 2643 τοὺς
684 2579 950 2650 ἱλασμοὺς
997 2578 1090 2632 τοῦ
1139 2580 1415 2632 Δεσπότου
1463 2577 1600 2632 Θεοῦ
1634 2579 1882 2632 καλεσώ-

278 2674 456 2744 μεθα.
489 2675 592 2726 Ἐν
619 2673 730 2742 γὰρ
754 2671 831 2737 τῷ
857 2673 993 2749 ᾅδῃ,
1029 2673 1216 2742 φησὶν,
1253 2673 1346 2738 τίς
1374 2671 1884 2742 ἐξομολογήσεται

273 2782 425 2826 cor;
457 2766 639 2819 Πάντα
673 2765 841 2818 διπλᾶ
885 2764 1088 2818 ἔδωκεν
1123 2766 1255 2835 ἡμῖν
1282 2767 1310 2816 ὁ
1331 2764 1463 2828 Θεός
1487 2781 1500 2794 ·
1531 2764 1624 2817 δύο
1675 2765 1881 2834 ὀφθαλ-

277 2859 451 2928 μοὺς,
479 2855 573 2909 δύο
602 2851 738 2917 ὦτα,
773 2855 868 2908 δύο
890 2857 1104 2925 χεῖρας,
1129 2854 1221 2906 δύο
1248 2853 1436 2915 πόδας.
1479 2852 1604 2906 Ἐὰν
1639 2848 1733 2906 οὖν
1753 2853 1882 2907 ὁπό-

273 2969 448 3024 τερον
504 2949 700 3022 βλαϐᾔ,
743 2949 832 3002 διὰ
875 2948 970 3002 τοῦ
1010 2948 1201 3018 ἑτέρου
1246 2947 1347 3016 τὴν
1395 2947 1588 3018 χρείαν
1620 2963 1882 3016 παραμυ-

275 3044 380 3099 Οού
395 3043 536 3115 μεθα
563 3059 576 3072 ·
607 3041 787 3113 ψυχὴν
827 3040 886 3094 δὲ
939 3039 1069 3110 μίαν
1121 3040 1255 3110 ἡμῖν
1286 3039 1510 3101 ἔδωκεν,
1547 3037 1643 3090 ἐὰν
1675 3036 1880 3106 ταύτην

273 3135 667 3202 ἀπολέσωμεν,
704 3131 844 3204 μετὰ
877 3132 1023 3195 τίνος
1068 3129 1495 3200 συμϐιώσομεν;
1532 3127 1753 3198 Ταύτης
1785 3122 1880 3180 οὖν

273 3227 546 3299 πρόνοιαν
592 3222 972 3294 ποιησώμεθα,
1013 3222 1180 3293 μηδὲν
1227 3221 1329 3292 τῆς
1381 3221 1554 3289 αὐτῆς
1599 3220 1877 3291 σωτηρίας

1984 2035 2128 2084 esse,
2163 2022 2250 2076 vel
2270 2023 2461 2092 quales
2489 2025 2736 2080 emittere
2756 2026 3047 2094 lacrymas,
3073 2032 3128 2080 et
3178 2024 3362 2078 dicere
3393 2038 3406 2075 :
3449 2021 3582 2086 Quis

1985 2113 2135 2167 dabit
2169 2115 2332 2182 capiti
2372 2132 2484 2169 meo
2504 2132 2721 2185 aquam,
2742 2126 2789 2170 et
2808 2116 2977 2171 oculis
3017 2117 3147 2169 meis
3189 2115 3387 2184 fontem
3405 2113 3582 2179 lacru-

1985 2222 2215 2271 marum,
2248 2220 2296 2262 et
2329 2209 2549 2278 plorabo
2565 2219 2781 2278 peccata
2806 2210 2892 2263 die
2914 2224 2978 2262 ac
2998 2209 3187 2263 nocte?
3237 2206 3342 2262 Sed
3378 2215 3436 2262 ut
3483 2221 3582 2260 ex-

1981 2307 2276 2369 spectatam
2300 2301 2622 2372 eifugiamus
2648 2317 2888 2372 poenam,
2910 2301 3111 2367 venite,
3142 2312 3582 2370 praeoccupemus

1983 2391 2180 2446 faciem
2226 2393 2439 2448 Domini
2495 2393 2550 2448 in
2602 2393 2950 2450 confessione
2983 2395 3051 2462 ³³,
3110 2394 3236 2448 vitze
3289 2391 3567 2462 diligentia

1987 2483 2402 2554 propitiationes
2446 2484 2664 2540 Domini
2713 2485 2806 2541 Dei
2854 2486 3198 2542 invocemus.
3258 2483 3324 2537 In
3368 2484 3578 2553 inferno

1989 2591 2234 2646 namque,
2255 2579 2352 2644 ait,
2380 2580 2496 2649 quis
2531 2581 2869 2648 conﬁtebitur
2904 2581 2997 2634 tibi
3015 2581 3059 2613 ³⁵
3090 2581 3114 2633 ?
3159 2578 3356 2634 Omnia
3411 2579 3571 2633 nobis

1981 2669 2220 2738 duplicia
2250 2669 2393 2724 Deus
2417 2671 2584 2735 dedit,
2621 2671 2760 2726 duos
2785 2672 2996 2737 oculos,
3033 2671 3167 2725 duas
3202 2685 3388 2733 aures,
3442 2670 3579 2726 duas

1983 2777 2202 2825 manus,
2223 2763 2364 2819 duos
2387 2765 2582 2833 pedes;
2613 2765 2661 2818 si
2689 2765 2854 2836 igitur
2894 2765 3090 2820 horum
3126 2765 3358 2820 alterum
3417 2763 3578 2818 laeda-

1983 2863 2092 2919 tur,
2122 2869 2222 2924 per
2246 2855 2478 2910 alterum
2511 2858 2889 2912 necessitatem
2925 2857 3310 2912 consolamur:
3335 2857 3574 2910 animam

1981 2962 2109 3002 vero
2136 2947 2286 3003 dedit
2322 2964 2485 3003 unam
2507 2950 2665 3004 nobis
2701 2969 2714 3004 :
2740 2952 2785 3004 si
2817 2953 2960 3005 hanc
2992 2950 3412 3020 perdiderimus,
3439 2966 3578 3018 qua-

1981 3055 2108 3094 nam
2125 3041 2421 3096 vivemus?
2450 3043 2626 3112 Hujus
2651 3043 2818 3113 igitur
2837 3058 3027 3098 curam
3065 3043 3390 3110 habeamus,
3437 3043 3577 3097 nihil

1982 3132 2155 3202 ipsius
2185 3137 2346 3190 saluti
2378 3137 2728 3206 prreferentes
2759 3157 2772 3192 :
2812 3140 3072 3209 quoniam
3097 3139 3212 3192 haec
3246 3139 3412 3192 etiam
3467 3145 3574 3202 est,

1979 3244 2104 3299 quae
2126 3245 2253 3285 cum
2285 3245 2516 3300 corpore
2545 3233 2842 3302 iudicatur,
2878 3244 2934 3288 et
2949 3233 3462 3298 simuldefenditur,
3523 3239 3578 3286 et

275 3318 700 3390 προκρίνοντες,
732 3315 854 3368 ἐπεὶ
890 3315 986 3367 καὶ
1019 3313 1158 3385 αὕτη
1195 3314 1344 3367 ἐστὶν
1389 3315 1422 3384 ἡ
1459 3315 1866 3384 συγκρινομένη

1988 3335 2253 3392 :omparet
2281 3299 2408 3382 ante
2444 3299 2649 3382 Christi
2683 3328 2940 3383 tribunal.
2977 3327 3031 3382 Si
3055 3339 3186 3383 tunc
3211 3327 3416 3381 dixeris
3446 3342 3461 3379 :
3487 3342 3580 3396 pe-

259 3397 361 3484 ’τῷ
404 3410 619 3482 σώματι
650 3409 744 3462 καὶ
807 3407 1327 3477 συναπολογουμένη
1361 3408 1458 3459 καὶ
1490 3423 1873 3476 συμπαριστασ

1988 3416 2147 3469 :uniac
2175 3432 2259 3471 me
2278 3418 2599 3485 allexerunt,
2632 3419 2777 3475 dicet
2813 3421 2910 3475 tibi
2945 3419 3118 3474 Judex
3146 3437 3158 3473 :
3185 3418 3309 3473 Non
3333 3419 3535 3474 audisti
3561 3422 3574 3457 ε

280 3507 424 3576 μένη
475 3503 571 3557 ἐπὶ
617 3500 712 3556 τοῦ
755 3501 1002 3572 βήματος
1059 3498 1165 3568 τοῦς
1205 3498 1467 3570 Χριστοῦ.
1527 3499 1652 3551 Ἐὰν
1709 3497 1871 3570 εἴπῃς

1988 3506 2109 3572 Qua:
2144 3511 2379 3574 utilitas,
2409 3513 2456 3566 si
2484 3514 2600 3582 quis
2632 3523 2802 3567 totum
2847 3515 3102 3567 mundum
3143 3514 3400 3574 lucretur,
3441 3513 3565 3567 ani-

275 3597 441 3662 τότε,
472 3597 556 3650 ὅτι
595 3583 873 3667 Χρήματά
929 3611 998 3664 με
1030 3592 1343 3656 ὲδελέασαν,
1382 3593 1502 3662 ἐρεῖ
1538 3607 1621 3644 σοι
1652 3593 1680 3644 ὁ
1710 3591 1871 3644 δικα-

1988 3615 2074 3656 na:
2094 3611 2270 3656 autem
2289 3619 2400 3658 sua
2428 3603 2802 3660 detrimentum
2832 3607 3076 3676 patiatur
3099 3605 3188 3658 “1’
3224 3605 3281 3659 Si
3330 3605 3536 3659 dixeris
3559 3621 3577 3658 :

276 3690 457 3760 στής·
495 3691 610 3744 Οὐκ
655 3690 898 3760 ἤκουσας
922 3704 936 3718 ·
979 3689 1041 3743 Τί
1077 3688 1145 3740 τὸ
1181 3687 1424 3756 ὄφελος,
1472 3685 1584 3740 ἐάν
1634 3704 1726 3751 τις
1770 3684 1876 3737 τὸν

1988 3692 2217 3749 liabolus
2248 3711 2338 3752 me
2358 3697 2572 3767 decepit
2612 3716 2626 3759 :
2667 3697 2812 3753 dicet
2849 3699 2941 3752 ubi
2973 3708 3028 3753 et
3075 3699 3191 3767 ipse
3232 3697 3379 3767 quod
3439 3696 3576 3751 nihil

265 3781 522 3849 κόσμον
566 3781 715 3834 ὅλον
755 3778 1052 3846 κερδήσῃ,
1117 3779 1234 3844 τὴν
1289 3778 1358 3830 δὲ
1411 3778 1626 3845 ψυχὴν
1675 3781 1867 3835 αὐτοῦ

1988 3786 2177 3841 trofuit
2197 3787 2344 3854 Evm,
2373 3790 2502 3858 quia
2537 3790 2675 3844 dixit
2707 3809 2720 3843 :
2757 3790 2985 3860 Serpens
3015 3807 3096 3844 me
3125 3791 3328 3857 decepit
3350 3790 3418 3842 ³⁷.

263 3868 543 3937 ζημιωθῇ
568 3887 587 3934 ;
628 3868 755 3922 Ἐὰν
783 3867 968 3938 εἴπῃς,
993 3865 1076 3920 ὅτι
1131 3866 1190 3919 ’0
1229 3866 1477 3929 διάϐολός
1507 3884 1574 3936 με
1614 3870 1922 3940 ἠπάτησεν,
1957 3872 2082 3942 ἐρεῖ
2110 3893 2192 3929 σοι
2223 3879 2251 3930 ό
2281 3879 2444 3942 αὐτὸς
2501 3880 2584 3932 ὅτι
2611 3879 2765 3932 οὐδὲν
2791 3881 2892 3950 τὴν
2922 3878 3065 3932 Εὔαν
3085 3878 3261 3949 ὢνησε
3286 3878 3348 3932 τὸ
3377 3879 3575 3943 εἰπεῖν,

268 3966 362 4018 ὅτι
397 3964 464 4018 '0
497 3964 630 4032 ὄφις
659 3959 1092 4031 ἠπάτησένμε.

347 4053 541 4110 Ίάῦτα
573 4057 752 4110 τοίνυν
783 4054 923 4109 κατά
966 4053 1091 4106 νοῦν
1119 4052 1355 4122 ἔχοντες,
1394 4052 1550 4105 δεῦτε
1585 4055 1877 4126 διαναστή-

2055 4056 2180 4112 Haec
2204 4057 2372 4128 igitur
2402 4066 2582 4112 mente
2617 4067 2884 4124 tenentes,
2914 4059 3114 4124 venite,
3141 4058 3444 4112 excitemus
3474 4075 3578 4114 nos

277 4167 470 4220 σωμεν
495 4150 719 4212 ἑαυτοὺς
745 4147 851 4216 πρὸ
878 4145 971 4201 τοῦ
1006 4145 1366 4210 συσκοτάσαι,
1411 4144 1545 4216 πρὶν
1573 4144 1748 4199 ἐλθεῖν
1777 4146 1877 4218 τὴν

1988 4155 2149 4221 ιιςοε,
2181 4150 2506 4219 priusquam
2531 4150 2951 4217 ohumbremur,
3011 4151 3336 4218 priusquam
3391 4159 3576 4203 veniat

276 4239 500 4312 ἡμέραν
531 4238 742 4310 Κυρίου
775 4238 873 4309 τὴν
901 4236 1169 4308 μεγάλην,
1204 4236 1298 4290 καὶ
1336 4238 1598 4308 ἐπιφανῆ,
1648 4238 1780 4310 περὶ
1808 4233 1876 4310 ἧς

278 4341 308 4390 6
343 4334 636 4404 προφήτης
671 4331 857 4400 λέγει’
903 4329 1051 4384 Ἰδοὺ
1074 4331 1328 4400 ἔρχεται,
1359 4329 1456 4383 καὶ
1478 4331 1569 4396 τίς
1601 4332 1873 4402 ὑποστή-

278 4441 491 4491 σεται;
523 4425 560 4493 ἣ
601 4424 692 4489 τίς
732 4422 1026 4493 ὑπομενεῖ
1073 4423 1304 4493 ἡμέραν
1356 4424 1601 4477 εἰσόδου
1642 4425 1876 4490 αὐτοῦ;

278 4518 495 4590 Φοϐερά
526 4520 558 4588 ἡ
585 4516 770 4588 ἡμέρα
789 4516 974 4586 ἐκείνη
1002 4515 1231 4586 ὁμίχλης
1257 4516 1503 4579 σκότους.
1539 4515 1678 4568 Ἀλλ’
1703 4519 1870 4587 ἐρεῖς

1977 4243 2096 4298 dies
2133 4242 2348 4297 Domini
2379 4258 2629 4312 magnus,
2672 4252 3028 4312 etappareat,
3067 4245 3132 4296 de
3155 4258 3266 4311 quo
3309 4244 3572 4312 propheta

1977 4333 2111 4390 dicit
2137 4351 2151 4388 :
2188 4332 2321 4386 Ecce
2349 4335 2508 4399 venit,
2536 4345 2583 4388 et
2611 4335 2728 4403 quis
2758 4334 3078 4389 sustinebit?
3106 4334 3184 4387 vel
3217 4335 3335 4403 quis
3367 4334 3570 4387 tolera-

1984 4429 2056 4481 bit
2081 4428 2222 4481 diem
2255 4429 2512 4482 adventus
2547 4429 2660 4496 eius
2691 4428 2781 4480 ἐἳ
2829 4427 3132 4482 Tremenda
3192 4428 3310 4482 dies
3351 4427 3444 4480 illa
3486 4436 3575 4480 tu—

1983 4520 2209 4583 multus,
2241 4527 2294 4571 et
2329 4519 2699 4572 tenebrarum.
2735 4517 2838 4572 Sed
2871 4518 3022 4572 dices
3053 4537 3064 4571 :
3098 4515 3386 4583 Quomodo
3406 4517 3575 4586 igitur

282 4606 410 4670 Πῶς
441 4606 549 4676 ἄρα
575 4605 721 4660 ἐστιν
745 4607 1008 4676 ἐκφυγεῖν
1037 4607 1106 4659 τὰ
1135 4607 1513 4676 προειρημένα
1529 4606 1696 4670 κακὰς
1729 4606 1874 4676 Ἑγώ

1988 4609 2109 4664 licet
2128 4609 2383 4679 praedicta
2417 4609 2558 4663 mala
2597 4608 2870 4678 effugere?
2923 4607 3110 4662 Dicam
3150 4626 3162 4661 :
3197 4623 3304 4661 non
3363 4615 3575 4661 tantum

283 4718 370 4754 σοι
399 4698 543 4766 λέγω
573 4715 586 4728 '
620 4699 721 4751 οὐκ
743 4697 810 4751 ἂν
837 4697 1002 4768 μόνον
1031 4698 1094 4750 τὸ
1148 4697 1312 4767 σῶμά
1351 4717 1444 4751 σου
1489 4700 1755 4767 φυλάξαις
1779 4717 1875 4754 κα-

1988 4715 2184 4768 corpus
2223 4707 2379 4753 tuum
2413 4697 2697 4752 custodias
2730 4712 2951 4766 purum,
2984 4696 3078 4750 sed
3100 4710 3226 4749 cum
3251 4694 3392 4747 mala
3414 4708 3574 4763 passa

283 4791 474 4861 θαρὸν,
503 4789 618 4844 ἀλλ’
653 4791 783 4844 ὅταν
818 4790 1010 4853 κακῶς
1057 4789 1310 4844 παθοῦσα
1341 4791 1736 4862 εύεργετήσῃς,
1769 4791 1866 4845 ἐὰν

1988 4792 2334 4856 )enefeceris,
2362 4791 2406 4844 si
2443 4789 2746 4853 accuseris,
2782 4789 3072 4843 continens
3098 4790 3177 4841 sis
3238 4796 3294 4840 et
3337 4788 3573 4856 patiens.

280 4880 661 4951 διαϐληθεῖσα,
717 4882 1127 4952 φιλοσοφήσῃς·
1153 4881 1250 4934 ἐὰν
1286 4880 1684 4953 λοιδορηθεῖσα,
1724 4883 1876 4936 εὐλο-

1988 4880 2489 4951 Cumjejunaveris,
2525 4894 2593 4934 ne
2623 4879 2915 4950 glorieris:
2951 4892 3058 4930 non
3112 4876 3260 4932 enim
3325 4877 3572 4930 ciborum

281 4975 464 5046 γήσῃς
489 4991 504 5004 ·
539 4974 668 5026 ὅταν
715 4973 1087 5042 νηστεύσασα,
1127 4973 1203 5044 μὴ
1239 4975 1729 5049 μεγαλοφρονήσῃς
1763 4995 1778 5008 ο
1811 4979 1872 5031 ού

1988 4974 2308 5030 abstinentia
2342 4972 2614 5042 jejunium
2639 4968 2922 5040 operatur,
2960 4969 3055 5024 sed
3084 4967 3417 5022 abstinentia
3446 4981 3575 5035 pec-

282 5067 395 5135 γὰρ
446 5063 629 5133 ἀποχὴ
691 5061 1021 5134 βρωμάτων,
1084 5063 1199 5116 ἀλλ’
1222 5064 1405 5134 ἀποχὴ
1457 5065 1876 5137 ἁμαρτημάτων

1988 5077 2247 5122 :atorum.
2279 5064 2542 5120 Scrutare
2560 5063 2708 5118 enim
2745 5062 3079 5131 Scripturas.
3110 5059 3246 5113 Vide
3296 5059 3576 5127 quomodo

283 5157 582 5228 ἐργάζεται
631 5159 732 5228 τὴν
775 5159 1053 5229 νηστείαν.
1091 5157 1321 5228 Ἐρεύνα
1363 5157 1421 5210 δὲ
1475 5158 1576 5224 τὰς
1627 5159 1870 5230 Γραφάς.

1988 5157 2214 5228 primum
2245 5157 2454 5226 virgam
2487 5168 2717 5210 nuceam
2749 5151 2898 5207 videt
2924 5151 3211 5221 prepheta,
3261 5161 3447 5219 postea
3497 5150 3573 5203 le-

285 5249 467 5303 Βλέπε
526 5249 645 5312 πῶς
697 5249 914 5319 πρῶτον
960 5247 1156 5319 ῥάϐδον
1187 5249 1583 5321 καρυΐνηνόρᾷ
1611 5251 1639 5302 6
1666 5252 1877 5320 προφή-

1988 5252 2158 5306 betem
2193 5262 2545 5314 succensum,
2591 5249 2980 5303 demonstrans
3035 5244 3182 5313 quod
3237 5258 3344 5295 non
3407 5243 3575 5296 susti—

283 5357 407 5411 της,
437 5336 559 5394 εἶτα
591 5339 796 5411 λέϐητα
829 5340 1292 5411 ὑπεκκαιόμενον,
1332 5340 1549 5403 δεικνὺς
1578 5341 1658 5394 ὅτι
1682 5341 1772 5396 τὸν
1802 5341 1878 5413 μὴ

1988 5353 2204 5399 nentem
2236 5341 2406 5412 virgae
2428 5341 2842 5411 castigationem
2904 5337 3047 5408 ignis
3099 5335 3330 5404 suscipit
3362 5334 3426 5389 '°.
3486 5334 3576 5388 Sic

287 5431 623 5502 ἀνεχόμενον
652 5432 753 5501 τῆς
800 5432 997 5502 ῥάϐδου
1039 5431 1102 5484 τὸ
1147 5431 1518 5504 παράδειγμα,
1567 5433 1783 5504 δέχεται
1817 5433 1878 5486 τὺ

1988 5445 2028 5492 et
2064 5451 2160 5506 per
2204 5434 2386 5490 Mosen
2447 5433 2860 5490 demonstrabat
2911 5431 3057 5502 ignis
3122 5429 3434 5484 columnam
3473 5428 3521 5459 ’⁸ο
3555 5469 3571 5493 ,

288 5523 422 5594 πῦρ.
463 5523 619 5577 Οὕτω
651 5525 740 5577 διὰ
765 5524 1049 5587 Μωῦσέως
1087 5524 1210 5577 τότε
1242 5525 1600 5578 κατεδείκνυε
1627 5526 1717 5578 τὸν
1749 5526 1878 5579 στύ-

1988 5533 2148 5586 rchus
2181 5532 2429 5586 clamans
2464 5530 2609 5600 quod
2647 5529 2819 5600 legem
2855 5527 3110 5587 audiens,
3160 5524 3305 5577 videt
3365 5523 3567 5585 lucem,

283 5617 378 5670 λον
408 5617 505 5671 τοῦ
547 5617 717 5689 πυρὸς
745 5617 882 5688 βοῶν
911 5619 998 5672 διὰ
1033 5620 1140 5672 τῶν
1191 5620 1560 5692 πραγμάτων,
1611 5623 1686 5685 ὡς
1715 5625 1742 5674 ὁ
1778 5622 1877 5691 μὲν

1988 5623 2312 5680 inobediens
2337 5632 2518 5678 autem
2556 5622 2785 5691 suscipit
2819 5620 3022 5691 ignem.
3055 5617 3244 5688 Legite
3274 5613 3572 5672 Salvatoris

1663 5838 1706 5869 δί
1754 5838 1871 5894 Psal

1988 5859 2127 5901 [τιν.
2163 5845 2213 5905 l,
2251 5841 2302 5894 2.
2409 5840 2454 5870 ³⁸
2513 5838 2658 5895 Psal.
2715 5855 2787 5902 vi,
2844 5835 2892 5892 6,
3003 5836 3048 5868 ³⁸
3082 5834 3273 5889 Matth.
3315 5849 3425 5897 xvi,
3474 5833 3568 5887 εἰεί.

1433 5913 1473 5942 ³⁵³
1502 5909 1694 5966 Jcrcm.
1738 5926 1775 5976 t,
1816 5913 1986 5968 ll-IS.
2065 5914 2105 5942 ἰο
2137 5912 2306 5967 lived.
2344 5927 2462 5980 xm,
2496 5910 2587 5964 L2|.

363 5834 406 5864 ”
449 5833 636 5894 Matth.
685 5855 812 5903 xxv,
846 5840 926 5894 l2.
1035 5840 1078 5870 ³³
1112 5838 1313 5893 .lercm.
1373 5856 1446 5898 ιτ,
1507 5840 1553 5892 l.

294 5905 336 5933 ⁵⁷
369 5904 504 5961 Gen.
545 5925 624 5972 ιιι,
665 5910 750 5964 15.
830 5913 870 5942 ³⁸³
910 5911 1138 5966 Malach.
1180 5928 1259 5981 ni,
1299 5911 1352 5965 9..
