4058 6418
515 320 558 393 Ἰ
570 329 673 392 775

1732 330 1790 389 S'
1837 320 2229 390 DOROTIIEI
2305 319 2629 389 ABBATIS

3681 338 3815 408 Πῗῦ

509 439 675 495 'dinis
728 444 893 508 atque
941 435 1169 490 aliarum
1217 433 1591 504 lutjnsremodi
1638 435 1923 490 virtutum.
1992 438 2112 489 Anti

2231 453 2346 501 τοις
2379 437 2480 507 τῆς
2504 437 2783 508 ὑπομονῆς
2806 439 2899 492 καὶ
2917 439 3019 509 τῆς
3042 438 3293 512 ἀνδρείας
3329 454 3346 475 ’
3374 437 3661 520 αὗταιγὰρ
3684 455 3818 507 εἰσιν

510 530 709 583 'omnia
743 539 926 586 autem
954 527 1296 597 procuranda
1354 534 1438 581 est
1489 527 1748 595 patientia
1789 526 2121 597 etlongani-

521 623 722 681 initas;
755 621 870 676 haec
894 621 1038 676 enim
1085 620 1268 690 anguli
1294 619 1489 675 domus
1518 628 1683 674 sunt:
1742 620 1946 690 quibus
1988 619 2118 673 tedi-

523 716 709 769 llet'um
800 713 979 783 ipsum
1055 711 1488 781 constringitur,
1544 720 1599 764 et
1682 712 1875 781 parieti
1941 711 2122 780 paries

524 802 836 855 annectitur
857 809 912 856 et
934 800 1255 871 copulatur;
1292 800 1364 855 ita
1394 808 1451 855 ut
1475 800 1714 855 rescindi
1732 810 1827 856 aut
1847 801 2118 867 decidere,

520 892 814 963 divelliun
869 891 1008 947 alter
1037 893 1109 947 ab
1156 892 1329 949 altero
1386 907 1669 963 nunquam
1693 892 2122 963 queat.Absque

519 988 606 1042 his
658 988 821 1042 etiam
884 1001 1046 1041 nemo
1107 995 1288 1057 potest
1339 1002 1408 1043 ne
1460 1001 1626 1042 unam
1678 986 1902 1057 quidem
1959 986 2014 1040 in
2059 1000 2120 1044 se

516 1080 772 1134 virtutem
808 1077 1087 1151 perﬁcere.
1142 1077 1259 1134 Nisi
1287 1079 1431 1135 enim
1478 1080 1604 1150 quis
1650 1079 1914 1134 inanima
1964 1076 2119 1134 forti-

514 1173 762 1227 tudinem
796 1170 1071 1236 habuerit,
1107 1171 1246 1225 nihil
1307 1172 1587 1242 palietur;
1621 1181 1697 1237 et,
1734 1171 1782 1227 si
1813 1186 1923 1225 non
1951 1171 2118 1225 fuerit

516 1264 797 1334 patientia,
853 1262 988 1317 nihil
1044 1277 1287 1333 unquam
1330 1263 1531 1333 poterit
1565 1263 1798 1334 erigere.
1850 1261 1992 1318 [line
2039 1263 2117 1317 ait

518 1356 818 1412 Dominus:
899 1353 968 1408 In
1006 1356 1271 1425 patientia
1316 1365 1492 1410 vestra
1532 1354 1871 1426 possidebitia
1901 1354 2112 1408 animas

514 1458 713 1501 uestras
732 1449 802 1502 η’.
852 1445 1020 1523 Debet
1069 1446 1233 1501 etiam
1269 1447 1362 1517 qui
1406 1447 1639 1503 exstruit
1695 1457 1790 1502 aut
1844 1447 2111 1512 aedificat,

515 1532 752 1611 lapidem
792 1554 918 1593 cum
976 1548 1244 1594 cremento
1275 1540 1531 1611 adjicere.
1588 1539 1646 1595 Si
1684 1541 1831 1595 enim
1877 1540 2109 1611 lapidem

517 1633 683 1703 lapidi
717 1633 841 1703 quis
873 1633 1084 1702 absque
1113 1640 1380 1687 cmmento
1409 1640 1463 1686 et
1491 1630 1641 1687 calce
1670 1624 2107 1703 superimponat,

513 1720 871 1777 excutiuntur
932 1720 1139 1791 lapides
1206 1727 1262 1775 et
1307 1720 1419 1775 ruit
1467 1720 1688 1777 domus.
1766 1720 2107 1776 Caententum

516 1811 799 1866 humilitas
830 1818 913 1866 est
940 1828 954 1864 :
1008 1819 1093 1865 est
1116 1808 1262 1864 enim
1292 1816 1437 1863 terra
1459 1824 1582 1880 quae
1607 1809 1837 1880 pedibus
1861 1810 2110 1865 omnium
2141 1795 2185 1851 Β

522 1905 798 1959 atteritur.
843 1901 1036 1959 Omnis
1076 1903 1244 1975 igitur
1280 1902 1457 1958 virtus
1491 1903 1700 1973 absque
1729 1902 1896 1975 m
1926 1902 2110 1958 humi-

512 1996 687 2061 litate,
721 2012 827 2051 non
846 2003 1130 2066 reputatur
1145 1994 1343 2060 virtus,
1365 2003 1426 2049 ut
1446 2004 1531 2050 est
1561 1995 1614 2049 in
1638 1994 1780 2050 libro
1805 1995 2107 2051 seniorum.

490 2088 768 2143 ‘Oiunium
796 2089 943 2144 enim
976 2089 1079 2144 fuit
1114 2103 1223 2143 una
1252 2090 1551 2156 sententia,
1583 2089 1660 2144 ita
1680 2097 1735 2145 et
1767 2088 2113 2158 impossibile

509 2201 634 2241 esse
666 2183 865 2240 salvari
906 2184 1146 2239 animam
1186 2183 1394 2255 absque
1441 2182 1787 2249 humilitate,
1824 2191 1887 2237 ut
1927 2182 2110 2237 navim

510 2280 631 2334 sine
654 2279 823 2334 clavis
857 2276 1136 2333 aedificari.
1186 2274 1473 2349 Quidquid
1495 2276 1662 2348 igitur
1703 2275 1830 2330 boni
1878 2275 2113 2346 quisque

509 2370 701 2443 egerit,
734 2368 788 2426 iil
814 2378 1083 2441 agatcum
1115 2366 1424 2423 humilitate
1469 2382 1484 2420 :
1519 2375 1580 2421 ut
1608 2379 1707 2437 per
1738 2364 2111 2421 humilitatem

510 2472 867 2521 conservetur
922 2461 1069 2533 quod
1114 2459 1325 2516 factum
1372 2459 1558 2515 fuerit.
1606 2457 1778 2514 Debet
1820 2470 2004 2515 autem
2056 2470 2113 2514 et

508 2559 709 2613 domus
730 2556 1008 2626 laquearia
1029 2554 1278 2624 quaedam
1305 2551 1508 2608 habere
1532 2551 1599 2608 ad
1620 2550 2110 2607 discriminandam

509 2650 947 2721 lirntandamque
976 2648 1174 2719 ipsam,
1202 2658 1257 2701 et
1273 2645 1507 2717 lapidem
1531 2642 1695 2716 lapidi
1713 2643 2109 2715 copulandum,

508 2751 565 2797 et
595 2738 1357 2812 astringendutn‘aedilicium,
1408 2748 1462 2794 ct
1486 2746 1767 2810 postremo
1785 2738 1852 2793 ad
1882 2737 2109 2793 domum

509 2836 825 2890 universam
865 2833 1262 2889 decoramlam.
1338 2826 1571 2887 Tectum
1636 2840 1837 2893 autem.
1868 2830 2111 2885 charitas

508 2939 617 2996 εει,
649 2936 874 2999 (ιιωεόεῑ
902 2926 1168 2997 ρετῐεαίο
1196 2925 1464 2981 virtutum
1493 2923 1762 2989 omnium,
1788 2923 1863 2978 uti
1906 2930 2108 2978 tectum

511 3022 729 3076 domus.
786 3017 917 3076 Post
944 3028 1147 3075 tectum
1165 3033 1385 3090 quoque
1410 3032 1610 3074 corona
1653 3017 2110 3087 circomponemla

510 3123 616 3170 est.
656 3113 768 3169 'Est
789 3114 935 3169 enim
977 3113 1031 3168 in
1066 3113 1182 3182 lege
1206 3119 1538 3184 praeceptum
1566 3124 1581 3163 :
1608 3107 1666 3165 Si
1712 3108 2111 3166 aedificaveritis

522 3206 683 3263 vobis
705 3204 953 3271 domum,
990 3219 1254 3261 coronam
1312 3202 1389 3260 illi
1423 3202 1843 3275 circumponitc,
1903 3216 1976 3258 ne
2019 3214 2113 3256 ca-

513 3301 649 3356 dant
672 3298 888 3369 parvuli
918 3297 1083 3354 vestri
1114 3297 1185 3352 ab
1209 3297 1321 3352 alto
1358 3303 1406 3352 °.
1442 3295 1657 3352 Corona
1693 3295 1807 3350 haec
1830 3293 2114 3349 humilitas

513 3399 634 3447 est:
691 3404 754 3446 ea
804 3390 973 3459 enim,
1023 3398 1083 3445 ut
1124 3387 1260 3455 dixi,
1313 3394 1543 3445 coronat
1567 3395 1622 3442 et
1670 3393 1855 3442 servat
1881 3386 2112 3440 virtutes

514 3496 741 3540 omnes:
789 3494 843 3538 et
880 3482 1061 3539 omnis
1096 3481 1316 3538 virtutis
1343 3480 1605 3553 perfectio
1632 3488 1752 3550 eget
1781 3479 2109 3544 humilitate,

514 3576 976 3654 quemadmodum
995 3574 1204 3648 lapides
1218 3575 1271 3629 in
1292 3581 1591 3639 structura,
1608 3573 1744 3629 luto.
1780 3572 2111 3628 Sanctorum

514 3682 755 3742 namque
796 3668 1042 3725 omnium
1070 3665 1371 3740 profectus,
1407 3678 1667 3722 accessus
1707 3676 1792 3721 est
1822 3663 1890 3720 ad
1929 3662 2112 3720 humi-

505 3763 743 3821 litatem.
769 3760 856 3829 Et,
870 3769 941 3817 ut
970 3775 1115 3831 saepe
1135 3760 1272 3828 dixi,
1299 3774 1410 3831 quo
1436 3759 1669 3831 quisque
1689 3759 1861 3829 magis
1878 3755 1988 3814 Deo
2013 3757 2112 3812 ad-

514 3858 761 3926 haeserit,
782 3873 862 3914 'eo
902 3872 963 3914 se
986 3857 1164 3931 magis
1205 3868 1549 3928 peccatorem
1580 3863 1844 3928 agnoscet
1870 3860 1925 3910 et
1948 3853 2110 3910 intel-

508 3949 661 4025 liget.
702 3950 822 4017 Qui
844 3959 973 4005 sunt
1007 3958 1199 4005 autem
1248 3947 1459 4020 parvuli
1505 3947 1575 4004 de
1625 3947 1827 4019 quibus
1864 3946 1952 4003 lex
2010 3945 2106 4013 ait,

509 4060 582 4101 ne
607 4043 805 4115 cadant
820 4036 1033 4115 parvuli
1062 4056 1093 4098 a
1121 4039 1330 4098 domo?
1350 4037 1572 4097 Parvuli
1595 4041 1955 4112 cogitationes
1979 4051 2111 4098 sunt

510 4135 567 4189 in
600 4136 784 4191 anima
826 4148 1014 4191 nostra
1040 4138 1341 4204 conceptae,
1364 4146 1494 4202 quae
1530 4140 1661 4187 sunt
1693 4147 1794 4204 per
1822 4131 2109 4187 humilita-

512 4235 623 4282 tem
647 4225 1042 4294 custodiendze,
1062 4240 1130 4281 ne
1144 4224 1216 4281 ab
1241 4226 1358 4296 ipsa
1385 4226 1550 4280 domo
1570 4233 1870 4281 corruant:
1892 4234 1948 4281 et
1965 4224 2108 4281 hanc

510 4320 748 4376 dicimus
779 4318 1173 4391 perfectionem
1221 4330 1342 4373 esse
1380 4316 1648 4371 virtutum
1675 4315 1945 4373 omnium.
2024 4312 2105 4369 En

507 4412 624 4485 jam
654 4419 1034 4469 consummata
1054 4410 1249 4467 domus
1276 4417 1331 4465 et
1352 4408 1592 4480 perfecta
1611 4417 1728 4465 est:
1769 4408 1936 4465 habet
1962 4408 2103 4473 lora,

2225 529 2283 581 αί
2331 531 2550 598 γωνίαι,
2604 531 2701 585 καὶ
2729 530 2798 585 δι’
2847 533 3031 587 αὐτῶν
3079 536 3444 607 συσφίγγεται
3489 540 3525 610 ἠ
3566 541 3820 619 οίκοὼμὴ

2225 623 2323 676 καὶ
2357 623 2576 679 ἑνοῦται
2603 626 2780 696 τοῖχος
2802 626 2942 698 πρὸς
2973 629 3179 700 τοῖχον,
3209 630 3306 685 καὶ
3328 632 3392 685 οὐ
3424 632 3698 689 κλίνουσιν
3728 638 3822 692 ώ-

2222 715 2281 769 δὲ
2316 718 2619 788 ῥήγνυνται
2647 719 2745 773 ἀπ’
2771 719 3018 793 ἀλλήλων
3039 723 3090 776 οί
3121 725 3314 796 τοῖχοι.
3346 726 3535 798 Χωρὶς
3560 731 3668 800 γὰρ
3696 732 3824 785 τού-

2221 826 2353 876 των,
2385 810 2485 864 οὐκ
2508 811 2719 866 εὐτονεῖ
2736 830 2820 877 τις
2850 814 3139 869 τελειῶσαι
3159 816 3423 890 οὐδεμίαν
3453 821 3822 894 ἀρετήν.⁹Εάν

2223 902 2335 975 γὰρ
2368 904 2446 975 μὴ
2460 903 2565 978 in;
2599 922 2686 971 τις
2716 906 2972 979 ἀνδρείαν
3011 909 3071 963 ὲν
3098 911 3165 983 τῇ
3195 910 3366 985 ψυχῇ,
3395 912 3518 968 οὐδὲ
3540 913 3819 987 ὑπομένειο

2219 996 2316 1050 καὶ
2341 996 2437 1050 ἐὰν
2464 998 2539 1069 μὴ
2621 999 2893 1071 ὑπομονὴ,
2926 1000 3101 1066 οὐδεὶς
3121 1001 3342 1061 δύναται
3376 1005 3658 1073 παντελῶς
3692 1025 3824 1064 κατ-

2219 1090 2484 1163 ορθῶσαι.
2531 1095 2632 1149 Διὰ
2668 1095 2831 1150 τοῦτο
2867 1095 3016 1167 λέγει
3045 1114 3062 1131 ο
3106 1097 3205 1154 Ἐν
3241 1096 3319 1172 τῇ
3350 1104 3631 1175 ὑπομονῇ
3657 1107 3824 1176 ὑμῶν

2220 1181 2523 1249 κτήσεσθε
2544 1182 2653 1251 τὰς
2674 1186 2884 1255 ψυχὰς
2910 1185 3097 1259 ὑμῶν.
3130 1188 3503 1263 Θέλειόμοίως
3542 1196 3573 1247 ὁ
3599 1194 3818 1259 κτίζων.

2220 1272 2453 1327 ἕκαστον
2478 1274 2626 1329 λίθον
2651 1278 2794 1333 κατά
2820 1278 2996 1352 πηλοῦ
3023 1279 3228 1352 βαλεῖν*
3256 1283 3352 1337 ἐὰν
3379 1282 3488 1354 γὰρ
3517 1283 3657 1358 βάλῃ
3679 1285 3822 1340 λίθον

2218 1365 2407 1420 ὲπάνω
2435 1365 2586 1422 λίθου
2608 1366 2738 1423 ἄνευ
2765 1368 2963 1441 πηλοῦ,
2994 1373 3232 1428 κλῶνται
3263 1375 3313 1428 οί
3336 1374 3475 1431 λίθοι
3502 1378 3599 1431 καὶ
3630 1378 3822 1434 πίπτει

2214 1458 2243 1511 ὁ
2281 1453 2450 1524 οἷκος.
2505 1459 2567 1514 ⁸0
2603 1460 2775 1533 πηλός
2809 1460 2962 1518 ἐστιν
2992 1466 3026 1537 ὴ
3053 1466 3387 1534 ταπείνωσις
3428 1485 3443 1500 ·
3478 1469 3678 1542 ἐπειδὴ
3715 1473 3822 1526 άπὸ

2212 1550 2315 1624 τῆς
2373 1553 2478 1626 γῆς
2524 1554 2667 1622 ἐστι,
2726 1555 2820 1610 καὶ
2877 1556 3165 1625 ὕπδοτοὺς
3208 1561 3379 1626 πόδας
3410 1560 3532 1618 ἐστὶ
3576 1563 3820 1620 πάντων.

2213 1645 2373 1700 Πᾶσα
2415 1646 2527 1719 γάρ
2561 1646 2735 1720 ἀρετὴ
2779 1649 2908 1705 ἄνευ
2935 1650 3319 1718 ταπεινώσεως
3355 1657 3684 1729 γιγνομένη,
3725 1658 3824 1711 οὐκ

2212 1737 2361 1794 ἔστιν
2386 1739 2580 1814 ἀρετὴ,
2612 1741 2689 1806 ὡς
2717 1740 2868 1814 λέγει
2894 1743 2989 1799 καὶ
3014 1744 3096 1809 είς
3112 1744 3174 1800 τὸ
3196 1747 3581 1817 Γεροντικόν.
3610 1750 3824 1822 Ὠσπερ

2212 1833 2474 1891 ἀδύνατον
2511 1835 2645 1890 ναῦν
2674 1836 2846 1913 χωρὶς
2869 1838 3014 1912 ἥλων
3040 1841 3558 1913 κατασκευασθῆναι
3582 1885 3597 1910 ,
3636 1843 3820 1909 οὕτως

2213 1924 2501 2001 ἀμήχανον
2535 1928 2707 2000 χωρὶς
2724 1930 3231 2004 ταπεινοφροσύνης
3273 1932 3534 2005 σωθῆναι.
3584 1936 3829 2006 Ὀφείλει

2212 2013 2309 2071 οὖν
2332 2036 2419 2083 τις
2440 2018 2469 2072 ὃ
2503 2019 2600 2075 ἐὰν
2630 2023 2760 2093 ποιῇ
2784 2021 3009 2092 ἀγαθὸν,
3032 2024 3174 2096 μετά
3200 2026 3584 2092 ταπεινώσεως
3610 2032 3794 2084 ποιεῖν
3810 2072 3826 2096 ,

2212 2107 2301 2163 ἵνα
2330 2108 2421 2164 διὰ
2461 2112 2562 2183 τῆς
2602 2112 2988 2177 ταπεινώσεως
3034 2115 3349 2189 συντηρηθῇ
3389 2116 3455 2171 τὸ
3501 2119 3824 2191 γενόμενον.

2212 2200 2372 2255 Θέλει
2416 2202 2475 2259 δὲ
2503 2203 2648 2275 ἔχειν
2676 2204 2706 2257 ό
2732 2200 2882 2271 οἶκος
2911 2205 3008 2262 καὶ
3033 2206 3210 2262 ταῦτα
3237 2207 3308 2263 τά
3334 2209 3609 2281 λεγόμενα
3665 2212 3822 2283 ίμαν-

2213 2291 2468 2363 τώματα,
2521 2293 2683 2350 ἅτινά
2724 2297 2940 2370 ἐστινή
2982 2296 3258 2371 διάκρισις
3294 2300 3329 2372 ἡ
3371 2302 3685 2373 στερεοῦσα
3736 2302 3825 2358 τὸν

2214 2377 2383 2451 οἶκον,
2418 2386 2514 2439 καλ⁵
2547 2385 2744 2442 ἐνοῦσα
2778 2386 2929 2443 λίθον
2951 2388 3091 2462 πρὸς
3116 2390 3285 2460 λίθον,
3320 2393 3418 2447 καὶ
3437 2394 3827 2466 συσφίγγουσα

2212 2474 2313 2545 τὴν
2367 2475 2680 2547 οἰκοδομήν·
2735 2477 2876 2550 μετὰ
2925 2479 3027 2534 τοῦ
3077 2482 3172 2536 καὶ
3218 2484 3562 2556 εὐπρέπειαν
3616 2487 3826 2559 πολλὴν

2213 2564 2477 2638 παρέχειν
2506 2566 2583 2639 τῷ
2604 2567 2762 2639 οἴκῳ.
2805 2568 2871 2623 Ἥ
2899 2569 2957 2624 δὲ
2988 2572 3155 2645 στέγη
3184 2573 3334 2629 ἐστὶν
3361 2576 3397 2649 ἡ
3419 2576 3642 2652 ἀγάπη,
3706 2580 3825 2653 ἥτις

2215 2658 2367 2712 ἐστὶν
2392 2660 2425 2731 ἡ
2452 2658 2737 2724 τελείωσις
2788 2659 2899 2716 τῶν
2941 2663 3177 2736 ἀρετῶν,
3205 2666 3460 2742 καθάπερ
3479 2663 3548 2743 ἦν
3587 2672 3621 2743 η
3657 2673 3824 2745 στέγη

2213 2750 2308 2805 τοῦ
2336 2752 2509 2806 οἴκου.
2540 2751 2676 2807 Εἶτα
2715 2754 2854 2827 μετὰ
2889 2756 2989 2828 τὴν
3022 2757 3243 2831 στέγην,
3278 2760 3313 2832 ἡ
3338 2764 3825 2834 περιστεφάνωσις

2212 2846 2306 2901 τοῦ
2342 2845 2616 2918 δώματος.
2648 2848 2716 2903 Τί
2753 2850 2903 2903 ἐστιν
2931 2851 2964 2923 ὴ
2996 2852 3468 2922 περιστεφάνωσις
3507 2854 3604 2909 τοῦ
3634 2855 3825 2929 δώμα-

2212 2954 2305 3001 τος
2324 2955 2339 3004 ;
2366 2938 2459 2991 καὶ
2480 2940 2540 2992 ὲν
2562 2938 2640 3012 τῷ
2664 2940 2814 3013 νόμῳ
2834 2940 3172 3012 γέγραπταιο
3204 2943 3348 3000 Ἐὰν
3369 2945 3823 3019 οίκοδομὴσητε

2214 3026 2455 3095 ἑαυτοῖς
2474 3023 2664 3095 οἷκον,
2686 3029 2784 3084 καί
2810 3030 3109 3100 ποιήσητε
3127 3032 3290 3099 αὐτῷ
3312 3032 3500 3104 δῶμα,
3521 3035 3823 3106 ποιήσατε

2215 3113 2577 3185 στεφάνωμα
2613 3113 2695 3182 τῷ
2723 3115 2967 3187 δώματι,
2996 3118 3100 3173 ἵνα
3121 3117 3209 3190 μὴ
3243 3120 3483 3176 πέσωσι
3512 3123 3589 3179 τὰ
3611 3125 3820 3180 παιδιά

2219 3202 2384 3274 ὑμῶν
2412 3204 2531 3259 ἀπὸ
2560 3204 2668 3261 τοῦ
2701 3205 2992 3277 δώματος.
3026 3207 3093 3262 Ἦ
3117 3210 3359 3283 στεφάνη
3384 3210 3532 3266 ἐστὶν
3565 3214 3601 3285 ἠ
3622 3216 3811 3269 ταπεί-

2214 3312 2400 3360 νωσις.
2425 3294 2576 3368 Αῦτη
2598 3297 2709 3370 γάρ
2733 3298 2938 3370 ἐστινὴ
2971 3299 3317 3370 στεφανοῦσα
3338 3302 3435 3357 καὶ
3467 3302 3815 3372 φυλάττουσα

2213 3389 2397 3452 πάσας
2445 3390 2548 3455 τὰς
2576 3390 2801 3463 ἀρετάς.
2836 3390 2948 3447 Καὶ
2984 3391 3176 3465 ὥσπερ
3212 3394 3420 3467 ἑκάστη
3463 3395 3640 3469 ἀρετὴ
3689 3399 3820 3470 μετὰ

2212 3481 2597 3547 ταπεινώσεως
2624 3480 2768 3537 θέλει
2805 3482 3051 3553 γίνεσθαι
3077 3524 3093 3550 ,
3121 3484 3248 3539 καθ’
3268 3484 3328 3540 ὃν
3351 3486 3555 3559 τρόπον
3586 3487 3820 3559 εἴπομεν

2210 3573 2293 3628 ὄτι
2324 3573 2556 3638 ἕκαστος
2600 3573 2748 3640 λίθος
2773 3577 2916 3632 κατὰ
2948 3575 3122 3648 πηλοῦ
3172 3577 3430 3650 βάλλεται
3470 3594 3485 3607 ·
3514 3579 3704 3646 οὕτως
3728 3582 3820 3636 καὶ

2210 3670 2244 3737 ὴ
2278 3666 2558 3732 τελείωσις
2596 3671 2696 3741 τῆς
2725 3669 2930 3740 ἀρετῆς
2959 3669 3152 3742 χρῄζει
3195 3671 3295 3742 τῆς
3321 3671 3752 3739 ταπεινώσεως,

2212 3759 2306 3813 καὶ
2324 3760 2408 3813 ὅτι
2437 3758 2684 3828 φυσικῶς
2716 3761 3122 3831 προκόπτοντες
3144 3763 3195 3815 οί
3221 3762 3389 3831 ἆγισι,
3424 3763 3507 3827 είς
3530 3763 3816 3819 ταπείνω-

2212 3867 2299 3905 σιν
2326 3850 2579 3924 ἔρχονται
2607 3867 2620 3882 ·
2656 3850 2848 3924 ὥσπερ
2877 3845 2965 3908 ἀεὶ
2992 3852 3138 3923 λέγω
3176 3855 3306 3926 ὑμίν
3335 3856 3427 3909 ὅτε
3462 3855 3685 3926 ἐγγίζει
3736 3873 3818 3923 τις

2209 3940 2288 4015 τῷ
2309 3943 2468 4016 Θεῷ,
2501 3943 2757 3999 τοσοῦτον
2800 3944 3025 4017 βλέπειν
3049 3946 3242 4002 ἑαυτὸν
3268 3947 3615 4020 ἁμαρτωλόν.
3658 3948 3728 4005 Τί
3760 3950 3817 4004 δέ

2209 4034 2328 4090 ἐστι
2356 4035 2425 4089 τὰ
2452 4034 2640 4090 παιδία
2661 4034 2792 4107 περὶ
2824 4028 2902 4092 ὧν
2939 4031 3090 4091 εἶπεν
3119 4039 3149 4092 ό
3174 4036 3361 4109 νόμος,
3390 4036 3481 4092 ⁴ίνα
3516 4037 3593 4110 μὴ
3624 4040 3815 4094 πέσω-

2211 4145 2297 4183 σιν
2331 4127 2442 4182 άπδ
2471 4128 2566 4183 τοῦ
2596 4127 2884 4201 δώματος;
2913 4127 2998 4184 Τά
3020 4128 3208 4184 παιδία
3236 4129 3375 4183 είσὶν
3397 4129 3448 4183 οἱ
3476 4129 3737 4203 λογισμοὶ
3764 4134 3814 4186 ei

2210 4221 2489 4295 γινόμενοι
2538 4222 2599 4276 ἐν
2635 4223 2704 4295 τῇ
2750 4221 2898 4294 ψυχῇ
2936 4238 2951 4254 ο
2977 4219 3072 4287 οὓς
3115 4222 3199 4277 δεῖ
3240 4223 3535 4295 φυλάττειν
3578 4224 3675 4279 διὰ
3715 4226 3814 4297 τῆς

2205 4312 2614 4381 ταπεινώσεως,
2662 4315 2749 4369 ίνα
2801 4314 2876 4386 μὴ
2926 4313 3023 4370 καὶ
3053 4314 3152 4370 ἀπ’
3195 4313 3364 4370 αὐτοῦ
3409 4313 3504 4371 τοῦ
3556 4315 3814 4389 δώματος

2206 4406 2536 4461 ἐκπέσωσιν.
2581 4402 2928 4476 Ἑτελειώθη,
2978 4404 3095 4476 ἔχει
3137 4400 3209 4460 τὰ
3255 4405 3644 4479 ίμαντώματα,
3695 4409 3813 4480 ἔχει

513 4507 679 4565 habet
704 4515 930 4571 tectum,
958 4500 1122 4562 habet
1158 4516 1444 4575 coronam,
1492 4510 1548 4559 et
1588 4512 1787 4559 caetera
1843 4516 1968 4575 quae
2023 4501 2103 4557 illi

2213 4496 2307 4570 τὴν
2343 4497 2544 4569 στέγην
2575 4497 2684 4551 τῶν
2711 4496 2926 4569 ἀρετῶν
2958 4512 2974 4531 ⁸
3004 4495 3114 4551 ίδοὺ
3142 4491 3337 4562 όοῐκος
3374 4498 3546 4573 ὅνπερ
3578 4499 3813 4574 εἴπομεν

512 4613 652 4670 opus
686 4605 836 4654 sunt.

584 4776 673 4834 lll.
747 4774 1004 4849 Nunquid
1062 4774 1113 4831 ei
1162 4774 1316 4831 deest
1370 4774 1565 4831 aliud?
1652 4773 1801 4830 aliud
1857 4775 2106 4848 profecto

511 4871 666 4928 deest
709 4870 854 4942 quod
923 4867 1162 4924 nondum
1203 4866 1468 4924 diximus.
1546 4862 1869 4923 Fabricator
1896 4867 2108 4924 scilicet

512 4965 709 5020 doctus
726 4972 780 5018 et
797 4959 1018 5017 artifex:
1042 4959 1146 5016 nisi
1166 4960 1312 5015 enim
1336 4957 1802 5028 adfueritartifex,
1816 4956 2109 5018 aedificium

513 5070 677 5110 omne
696 5053 930 5119 vitiabit,
980 5060 1037 5108 et
1069 5052 1303 5106 fortasse
1345 5059 1467 5106 ruet
1488 5049 1708 5106 domus.
1759 5050 1972 5107 Artifex
2023 5060 2110 5110 est

512 5148 608 5219 qui
639 5163 705 5203 ex
735 5156 850 5213 arte
872 5154 927 5201 et
952 5143 1179 5201 scientia
1207 5142 1339 5214 agit.
1380 5140 1575 5197 Evenit
1597 5142 1740 5198 enim
1764 5143 2107 5218 plerumque,

514 5255 641 5295 cum
672 5239 871 5310 aliquis
909 5240 1162 5292 virtutem
1196 5235 1309 5306 agit
1331 5233 1539 5305 absque
1569 5235 1820 5305 scientia,
1860 5246 1919 5292 ut
1955 5237 2106 5293 illam

514 5333 676 5390 facile
730 5330 1011 5397 dissolvat,
1049 5342 1224 5399 neque
1271 5336 1474 5384 rectam
1535 5326 1763 5383 omnino
1805 5335 1949 5398 agat,
2001 5343 2103 5385 nec

515 5424 756 5485 inveniat
791 5438 901 5495 quo
955 5431 1113 5493 pacto
1133 5420 1391 5473 virtutem
1446 5418 1621 5489 ipsam
1671 5417 1952 5488 perficiat;
2005 5420 2102 5477 sed

515 5522 635 5589 t'jtts
690 5518 887 5575 similis
917 5518 1009 5582 sit,
1040 5516 1132 5588 qui
1167 5515 1401 5586 lapidem
1432 5529 1602 5570 unum
1646 5513 1833 5571 domui
1856 5515 2101 5587 apponit,

517 5615 749 5667 alterum
791 5610 949 5665 tollit.
1004 5609 1109 5664 Alii
1130 5623 1351 5679 quoque
1388 5615 1539 5674 sunt,
1582 5607 1831 5679 quicum
1868 5609 2100 5682 lapidem

589 5817 635 5852 ³⁸⁸
666 5811 795 5867 Luc.
836 5824 945 5873 tm,
982 5808 1059 5865 l9.
1144 5814 1168 5842 °
1203 5803 1360 5863 Deut.
1399 5820 1536 5872 xx",
1572 5803 1625 5859 8.

2204 4590 2347 4650 εἶναι
2375 4594 2475 4667 τὴν
2501 4592 2802 4650 τελείωσιν·
2844 4592 2957 4648 ίδοί)
2992 4593 3089 4648 καὶ
3118 4594 3154 4666 ἡ
3178 4594 3681 4666 περιστεφάνωσις,
3713 4596 3813 4653 καὶ

2205 4677 2356 4753 ἅπαξ
2385 4684 2573 4753 ἁπλῶς
2592 4685 2938 4741 τετελείωται
2963 4686 2992 4741 ό
3024 4681 3198 4751 οἶκος.

2274 4780 2352 4836 1".
2375 4775 2526 4853 'Apa
2551 4779 2628 4851 μὴ
2652 4778 2827 4832 λείπει
2860 4776 3009 4850 αὐτῷ
3032 4794 3088 4832 τι
3118 4795 3135 4846 ;
3170 4777 3283 4832 Καὶ
3306 4775 3435 4833 ἄλλο
3462 4776 3523 4831 ἒν
3551 4776 3810 4851 παρελείο

2204 4873 2409 4947 ψαμεν.
2437 4872 2505 4927 Τί
2543 4871 2601 4928 δέ
2633 4870 2750 4927 ἐστι
2779 4869 2978 4939 τοῦτο;
3015 4871 3102 4926 ἶνα
3141 4871 3292 4926 ἐστὶν
3321 4869 3417 4925 καὶ
3454 4870 3485 4923 ό
3515 4870 3807 4942 οἰκοδόμος

2204 4964 2479 5036 τεχνίτης.
2538 4962 2668 5017 Ἐάν
2691 4961 2802 5035 γὰρ
2839 4963 2914 5034 μή
2942 4963 3060 5015 ἐστι
3092 4960 3364 5032 τεχνίτης,
3416 4958 3672 5033 στρεϐλοῖ
3699 4959 3809 5014 λοι-

2208 5055 2311 5111 πὸν
2335 5055 2436 5127 τὴν
2462 5053 2774 5127 οἰκοδομὴν,
2806 5056 2902 5110 καὶ
2934 5048 3230 5127 ότεδήποτε
3269 5052 3460 5108 πίπτει
3481 5056 3510 5108 ό
3534 5048 3703 5118 οἶκος.
3746 5054 3804 5106 '0

2206 5147 2458 5219 τεχνίτης
2478 5146 2626 5201 ἐστὶν
2652 5148 2682 5200 ὁ
2711 5148 2770 5202 ὲν
2800 5143 2999 5216 γνώσει
3037 5145 3229 5202 ποιῶν.
3262 5143 3561 5218 Συμϐαίνει
3583 5145 3695 5217 γάρ
3723 5146 3803 5200 ὅτι

2208 5240 2307 5296 καὶ
2330 5240 2478 5296 ποιεῖ
2499 5256 2584 5305 τις
2613 5239 2783 5294 κόπον
2805 5236 2907 5312 τῆς
2927 5238 3150 5312 ἀρετῆς,
3175 5238 3270 5293 καὶ
3297 5239 3364 5292 εκ
3385 5232 3482 5295 τοῦ
3510 5239 3588 5312 μὴ
3626 5240 3804 5292 ποιεῖν

2208 5335 2269 5388 ὲν
2297 5330 2518 5403 γνώσει,
2550 5331 2775 5387 ἀναλύει
2808 5331 2991 5400 αὑτὸν,
3024 5331 3059 5404 ἢ
3090 5324 3243 5402 μένει
3281 5330 3673 5404 άσυστροφῶν,
3707 5331 3805 5386 καὶ

2211 5425 2290 5499 μὴ
2320 5425 2592 5499 εὑρίσκων
2620 5424 2907 5497 πληρῶσαι
2936 5423 2998 5477 τὸ
3033 5424 3196 5498 ἔργον
3225 5440 3241 5455 ·
3274 5422 3413 5479 ἀλλὰ
3444 5422 3653 5495 βάλλων
3700 5423 3802 5476 ἕνα

2210 5518 2380 5588 λίθον,
2413 5519 2508 5573 καὶ
2564 5517 2813 5591 ἐπαίρων
2854 5516 3039 5571 αὐτόν.
3069 5516 3262 5571 Ἔστιν
3295 5513 3353 5570 δὲ
3395 5515 3554 5580 ἄλλος
3588 5513 3802 5586 βάλλων

2160 5598 2165 5603 ’
2202 5612 2323 5679 ενα,
2352 5614 2447 5669 καὶ
2489 5612 2733 5684 ἐπαίρων
2759 5609 2899 5665 δύο·
2936 5603 3049 5667 οἷόν
3075 5627 3127 5666 τι
3154 5610 3319 5680 λέγω·
3363 5608 3495 5664 Ἰδοὺ
3522 5608 3742 5680 ερχεται
3769 5608 3799 5659 ό
