2029 3209
147 189 208 220 I777

822 180 1013 220 Domum
1031 191 1106 221 xw.

1713 192 1784 224 1773

135 243 245 279 ἀδελφός
259 252 316 276 σου,
328 243 374 270 καὶ
392 243 465 278 λέγει
485 253 525 271 σοι
539 245 624 280 ῥῆμα,
641 245 741 271 Glitio»:
753 254 794 277 σε,
809 246 825 282 ἢ
842 246 926 280 πλήσ-

982 253 1064 272 unum
1079 245 1267 280 apposucrint,
1300 244 1369 273 duos
1385 245 1496 273 tollant:
1529 251 1557 273 ut
1583 247 1698 281 exempli
1716 256 1778 281 gra-

135 301 198 325 σων,
214 292 261 318 καὶ
271 291 388 326 σιωπᾷς,
403 291 451 317 καὶ
464 291 571 326 βάλλεις
588 291 743 327 μετάνοιαν·
762 293 817 319 ἰδοὺ
831 292 926 324 ἔϐαλες

134 340 180 365 ἕνα
197 336 279 363 λίθον.
304 333 369 362 Εῐτα
387 336 503 370 ὑπάγεις
528 336 575 363 καὶ
594 336 685 370 λέγεις
712 337 785 372 ἄλλῳ
807 338 925 373 ἀδελφῷ·

136 382 247 418 Ὑΰρισέ
261 390 295 417 με
308 381 322 408 ὁ
336 381 420 409 δεῖνα·
443 382 503 409 τόδε
518 383 566 409 καὶ
582 383 641 409 τόδε
656 381 718 410 εἶπέ
741 392 787 419 μοι
804 392 811 399 ·
832 384 879 411 καὶ
895 384 926 411 οὐ

135 430 213 466 μόνον
233 428 389 464 ἐσιώπησα.
407 429 477 456 ἀλλὰ
497 430 545 456 καὶ
562 430 710 465 μετάνοιαν
725 430 801 466 αὐτῷ
819 430 926 458 ἔϐαλον.

139 476 202 503 Ἰδοὺ
219 475 315 508 ἔϐαλες
327 476 377 503 ἕνα
391 476 476 508 λίθον,
498 477 546 503 καὶ
559 476 607 503 δύο
619 477 732 512 ἐπῆρες.
747 478 927 513 Πάλινβάλλει

131 533 170 556 τις
187 524 331 559 μετάνοιαν
345 523 431 552 θέλων
450 524 625 559 δοξασθῆναι,
646 525 692 552 καὶ
705 525 928 561 εὐρίσκεται’τα-

131 570 259 601 πείνωσις
282 569 351 605 μετὰ
365 568 532 602 κενοδοξίας.
546 569 633 597 Τοῦτό
649 571 708 597 ἐστι
725 570 756 598 τὺ
771 570 863 606 βαλεῖν
879 571 928 598 ’ἐνα

130 617 201 644 λίθον
211 616 260 642 καὶ
282 617 386 651 ἐπᾶραι
402 616 496 643 αὐτόν.
517 616 548 645 '0
560 617 588 644 δὲ
610 617 640 644 ἐν
661 617 761 652 γνώσει
777 617 863 645 ποιῶν
879 626 928 653 με-

129 663 251 696 τάνοιαν,
276 662 368 688 πείθει
384 662 467 689 αὐτὸν
491 662 624 698 ἀκριὸῶς,
639 663 681 690 ὅτι
702 662 784 695 αὐτὸς
810 664 928 699 ἐσφάλη,

129 710 175 736 καὶ
199 709 370 745 πληροφορεί
394 709 501 742 ἑαυτὸν,
530 709 571 736 ὅτι
599 708 680 741 αὑτός
700 710 775 737 ἐστιν
794 709 927 742 ὁ,αῖτιος.

75 790 79 796 1
128 756 213 783 Τοῦτό
236 757 298 783 ἐστι
321 756 352 783 τὸ
373 757 402 783 ὲν
424 756 526 790 γνώσει
547 757 641 784 ποιεῖν
655 756 802 791 μετάνοιαν
817 764 825 771 ⁸
849 756 930 789 ἄλλος

127 804 206 831 ἀσκεῖ
230 804 350 839 σιωπήν·
380 803 438 830 ἀλλ’
462 804 513 830 οὐκ
533 803 563 829 ὲν
586 804 696 838 γνώσει’
723 802 780 838 ἔχει
805 803 859 839 γὰρ
888 803 929 830 ὅτι

126 849 227 886 ἀρετὴν
257 851 334 877 ποιεῖ
364 850 380 877 ὁ
403 850 547 882 τοιοῦτοςμ
570 850 646 877 οὐδὲν
673 849 702 879 δὲ
730 851 812 877 ποιεῖ.
845 850 874 876 '0
900 850 929 876 δὲ

126 896 154 922 ἐν
164 894 268 929 γνώσει
285 894 408 927 σιωπῶν,
419 894 541 927 τοιοῦτος
556 894 624 930 ἔχει,
635 895 677 921 ὅτι
690 894 800 927 ἀνάξιός
812 895 870 921 ἐστι
881 895 928 921 τοῦ

126 942 252 977 λαλῆσαι,
277 942 315 974 ὡς
329 939 406 969 εἶπον
420 943 444 969 οι
467 942 586 978 Πάτρες,
602 943 650 969 καὶ
667 941 737 978 αὕτη
756 943 815 969 ἐστὶ
838 942 928 978 σιωπὴ

125 990 153 1017 ὲν
168 989 286 1024 γνώσει.
304 989 390 1017 Πάλιν
409 989 440 1016 οὐ
455 991 552 1025 μετρεῖ
572 998 615 1021 τις
629 989 736 1023 ἑαυτὸν,
760 989 808 1016 καὶ
821 989 928 1024 νομίζει

125 1034 165 1063 δτι
174 1044 200 1062 τι
217 1035 296 1071 μέγα
319 1037 402 1068 ποιεῖ,
417 1036 464 1062 καὶ
481 1036 522 1062 ὅτι
538 1036 635 1063 ἑαυτὸν
652 1036 797 1068 ταπεινοῖ,
816 1036 864 1062 καὶ
878 1036 928 1063 οὐκ

125 1080 192 1110 οἶδεν
205 1083 247 1109 ὅτι
270 1081 349 1109 οὐδὲν
370 1082 437 1117 ἔχει,
452 1082 546 1117 ἐπειδὴ
560 1083 610 1109 οὐκ
626 1083 656 1109 ὲν
680 1081 780 1117 γνώσει
792 1083 874 1109 ποιεῖ.
891 1083 929 1109 Τὸ

124 1130 151 1156 δὲ
173 1128 240 1165 ίμὴ]
263 1130 376 1165 μετρεῖν
395 1129 493 1156 ἑαυτὸν
514 1129 543 1156 ὲν
565 1129 676 1163 γνώσει,
699 1129 781 1156 τοῦτό
805 1130 875 1163 ἐστι,
897 1129 929 1157 τὸ

122 1176 194 1212 ἔχειν
214 1176 329 1209 ἑαυτὸν,
348 1177 389 1203 ὅτι
410 1176 486 1203 οὐδέν
505 1177 580 1203 ἐστιν
597 1183 604 1190 “
628 1176 690 1203 οὐδὲ
706 1176 782 1208 ἄξιός
805 1177 863 1203 ἐστι
879 1176 927 1203 τοῦ

121 1223 298 1258 ψηφισθῆναι
311 1223 380 1259 μετὰ
401 1223 555 1260 ἀνθρώπων
568 1243 576 1257 ,
599 1223 695 1259 ὥσπερ
713 1222 791 1252 εἶπεν
805 1223 896 1259 ἑαυτῷ
913 1224 929 1251 ὁ

120 1270 209 1302 ἁόὁᾶς
232 1270 360 1304 Μωῦσῆς
375 1279 383 1287 ο
405 1279 414 1296 l
439 1270 614 1306 Σποδόδερμα
631 1269 757 1306 μελανδν,
775 1269 813 1306 μὴ
832 1270 928 1297 ῶν-ἆν-

121 1316 243 1352 θρωπος,
256 1316 286 1343 τί
297 1316 365 1353 ἔρχῃ
376 1317 405 1344 ὲν
424 1316 499 1352 μέσῳ
513 1317 667 1353 ἀνθρώπων
679 1324 690 1350 ;Δ
702 1326 711 1342 ι
731 1316 817 1343 Πάλιν
827 1316 929 1352 ὑπηρε-

119 1364 162 1390 τεῖ
174 1371 216 1394 τις
230 1361 372 1398 ἀρῥώστῳ
382 1370 389 1377 '
404 1361 472 1389 ἀλλὰ
486 1361 530 1388 διὰ
545 1361 576 1388 τὸ
588 1361 661 1397 ἔχειν
672 1361 768 1396 μισθὸν
783 1361 926 1397 ὑπηρετεῖ,

120 1406 168 1433 καὶ
180 1407 232 1433 οὐκ
247 1407 325 1433 ἔστιν
336 1405 491 1433 οὐδὲτοῦτο
506 1406 535 1433 ἐν
551 1405 662 1440 γνώσει.
679 1405 744 1433 Καὶ-
754 1405 847 1432 λοιπὸν
861 1406 887 1433 εῐ
900 1414 927 1432 τι

119 1452 142 1480 δ’
158 1453 192 1481 ἂν
208 1453 305 1489 συμσῇ
320 1452 395 1488 αὐτῷ
413 1453 546 1489 λυπηρὸν,
562 1452 684 1488 εὐχερῶς
699 1452 830 1480 ἐκκόπτει
844 1451 927 1479 αὑτὸν

120 1498 178 1526 ἀπὸ
187 1498 237 1526 τοῦ
257 1497 343 1525 καλοῦ
354 1498 437 1533 ἔργου
454 1498 547 1532 αὐτοῦ,
559 1498 606 1525 καὶ
616 1498 646 1524 οὐ
662 1497 759 1533 φθάνει
770 1497 925 1534 πληρῶσαι.

126 1545 242 1581 Ἐπειδὴ
255 1545 308 1571 οὐκ
323 1546 352 1571 έν
372 1544 473 1579 γνώσει
488 1545 561 1571 ποιεῖ
576 1552 582 1559 '
596 1544 610 1570 ό
623 1544 652 1570 δὲ
663 1545 697 1571 ὲν-
706 1543 807 1578 γνώσει
822 1544 926 1580 ὑπηρε-

120 1592 188 1625 τῶν,
208 1592 257 1620 διὰ
269 1591 300 1619 τὺ
316 1590 471 1627 κτήσασθαι
483 1590 659 1626 συμπάθειαν
674 1590 825 1625 ὑπηρετεῖνι
838 1589 881 1616 διὰ
896 1589 927 1616 τὺ

121 1638 283 1675 κτήσασθαι
298 1638 440 1673 σπλάγχνα
455 1636 607 1672 οἰκτιρμῶν
618 1644 625 1652 ·
639 1636 718 1672 ὁγὰρ
731 1635 801 1671 ἔχων
816 1635 927 1669 σκοπὸν,

123 1685 151 1712 εἴ
161 1694 190 1713 τι
205 1686 230 1712 δ’
238 1676 273 1712 ἂν
285 1684 375 1721 συμϐῇ
387 1684 473 1719 αὐτῷ,
483 1683 536 1710 κᾶν
544 1683 633 1718 θλίψις
641 1682 753 1715 ἔξωθεν,
765 1682 817 1709 κᾶν
825 1682 905 1713 αὐτὸς
914 1681 929 1708 ὁ

121 1731 273 1768 appono;
294 1730 451 1767 ὀλιγωρήσῃ
474 1730 543 1766 πρὸς
568 1728 660 1762 αὑτὸν,
679 1728 761 1760 αὐτὸς
782 1728 929 1764 ἀταράχως

123 1777 273 1813 βαστάζει,
289 1777 432 1812 προσέχων
446 1776 486 1812 τῷ
502 1776 559 1812 ἰδίῳ
574 1775 678 1810 σκοπῷ,
698 1775 746 1802 καὶ
756 1773 845 1806 εἰδὼς.
862 1774 902 1801 ὅτι
916 1775 931 1801 ὁ

120 1824 273 1859 ἄῤῥωστος
294 1823 394 1857 μᾶλλον
417 1822 498 1848 αὑτὸν
520 1822 670 1857 εὐεργετεῖ,
687 1821 760 1856 ἥπερ
788 1820 868 1851 αὐτὸς
885 1819 930 1845 τὸν

119 1870 284 1905 ἄρρωστον.
303 1868 472 1894 Πιστεύσατε
495 1868 550 1902 γὰρ
569 1868 609 1894 ὅτι
630 1868 677 1893 καὶ
694 1867 747 1893 ἀπὸ
768 1866 862 1893 παθῶν
884 1866 931 1891 καὶ

118 1914 261 1947 πολέμων
275 1913 434 1944 κουφίζεται
445 1913 458 1938 ὁ
475 1912 504 1938 ὲν
518 1912 617 1945 γνώσει
632 1911 777 1946 ὑπηρετῶν
785 1910 928 1946 ἀρρώστῳ.

125 1959 205 1993 Ἐγὼ
226 1958 284 1994 γὰρ
301 1956 359 1984 οἶδα
376 1957 490 1991 ἀδελφὸν
515 1957 718 1992 πολεμούμενον
738 1956 792 1983 ὑπὸ
813 1956 931 1991 αἰσχρᾶς

117 2004 293 2040 ἐπιθυμίας,
311 2005 357 2031 καὶ
382 2004 426 2030 διὰ
443 2004 473 2030 τὸ
488 2003 635 2038 ὑπηρετεῖν
647 2002 782 2038 ὰρῤώστῳ
804 2003 931 2029 δυσεντε-

120 2052 241 2089 ριῶντι,
264 2051 332 2087 μετὰ
357 2051 498 2085 γνώσεως,
521 2049 713 2083 ἀπαλλαγέντα.
731 2048 777 2076 τοῦ
801 2049 929 2083 πολέμου.

119 2099 182 2127 Καὶ
206 2097 347 2132 Εὺίγριος
371 2097 445 2130 λέγει
467 2096 531 2132 περί
556 2105 629 2127 τινος
652 2096 771 2131 μεγάλου
791 2095 930 2130 γέροντος,

119 2146 166 2174 ὅτι
195 2143 265 2171 τινὰ
283 2144 338 2170 τῶν
359 2143 482 2178 ἀδελφῶν
505 2142 710 2178 ταρασσόμενον
728 2143 759 2168 ἐν
781 2143 841 2173 ταῖς
862 2142 932 2175 νυξὶ,

119 2191 182 2219 τῶν
214 2188 347 2215 τοιούτων
368 2187 535 2225 ἀπήλλαξεν,
560 2186 688 2214 ἀσθενέσι
710 2186 780 2222 μετὰ
804 2186 932 2221 νηστείας

120 2235 307 2272 ὑπηρετῆσαι
332 2233 497 2270 προστάξας.
520 2233 576 2260 Καὶ
604 2232 697 2267 ἔλεγεν
717 2232 865 2267 ἐρωτηθεὶς
886 2231 933 2258 τὸν

122 2281 221 2308 ποιεῖν
237 2280 259 2294 ’⁵
273 2279 369 2305 τούτου
386 2278 477 2312 λόγον,
492 2278 533 2305 ὅτι
548 2277 625 2304 οὐδὲν
645 2276 731 2308 οὕτως
747 2276 784 2309 ὡς
804 2277 878 2308 ἕλεος
897 2276 931 2303 τὰ
946 2287 968 2316 ι)

121 2326 247 2353 τοιαῦτα
261 2325 477 2351 κατασϐέννυται
492 2323 577 2359 πάθη.
595 2322 680 2349 Πάλιν
695 2322 743 2349 ἐὰν
754 2323 825 2357 ἀσκῇ
843 2330 896 2355 τις,
911 2322 930 2357 ἢ

121 2372 172 2399 διὰ
188 2369 357 2403 κενοδοξίαν,
370 2370 388 2405 ἢ
399 2369 470 2404 ἔχων
491 2369 532 2396 ὅτι
548 2368 650 2404 ἀρετὴν
663 2369 750 2399 ποιεῖ,
762 2368 811 2394 οὐκ
825 2367 905 2394 ἀσκεῖ
917 2367 932 2393 ὁ

121 2417 257 2449 τοιοῦτος
270 2416 300 2442 ὲν
315 2415 416 2450 γνώσει
430 2424 437 2432 ·
454 2414 547 2442 λοιπὸν
564 2415 596 2441 ἐκ
607 2414 702 2441 τούτου
721 2414 836 2449 ἄρχεται
855 2413 932 2446 ἔξου-

122 2465 222 2492 δενεῖν
241 2462 288 2489 τὸν
302 2461 417 2497 ἀδελφὺν
431 2460 514 2487 αὑτοῦ
528 2479 536 2493 ,
554 2460 624 2496 ἔχων
641 2460 738 2487 ἑαυτόν
755 2468 783 2486 τι
797 2467 804 2474 ·
819 2459 866 2486 καὶ
883 2459 932 2485 εὑ-

125 2511 263 2547 ρίσκεται
276 2507 307 2534 οὐ
324 2507 404 2543 μόνον
419 2506 523 2542 βάλλων
535 2505 586 2532 ἕνα
595 2505 668 2532 λίθον
679 2505 727 2531 καὶ
740 2504 862 2540 ἐπαίρων
873 2503 931 2537 δύο,

123 2556 202 2584 ἀλλὰ
219 2555 269 2582 καὶ
287 2554 347 2582 ὅλον
365 2554 411 2581 τὸν
437 2554 528 2588 τοῖχον
546 2552 710 2579 κινδυνεύων
725 2551 802 2587 ῥίψαι
820 2551 864 2578 διὰ
885 2551 932 2578 τοῦ

124 2601 229 2636 κρῖναι
241 2598 287 2625 τὸν
305 2598 429 2634 πλησίον.
448 2598 477 2624 '0
488 2597 517 2624 δὲ
531 2597 561 2623 ἐν
575 2596 674 2631 γνώσει
687 2595 932 2631 ἐγκρατευόμενος,

125 2648 183 2674 οὐκ
201 2645 261 2681 ἕχει
272 2645 313 2672 ὅτι
326 2644 427 2680 ἀρετὴν
441 2644 523 2670 ποιεῖ·
535 2643 595 2670 οὐδὲ
608 2643 680 2670 θέλει
695 2641 876 2675 ἐπαινεῖσθαι,
893 2642 930 2673 ὡς

126 2692 263 2728 ἀσκητὴς
276 2700 283 2708 ⁸
301 2691 369 2719 ἀλλὰ
383 2691 440 2726 ἔχει
455 2691 497 2717 ὅτι
516 2690 560 2717 διὰ
572 2689 621 2725 τῆς
642 2689 805 2724 ἐγκρατείας
832 2688 932 2715 κτᾶται

128 2750 172 2768 σω
183 2738 328 2775 ρροσύνην,
346 2738 393 2765 καὶ
412 2738 452 2764 ὄτι
478 2738 522 2764 διὲ
536 2737 638 2772 ταύτης
652 2736 763 2771 ἔρχεται
778 2735 818 2767 είς
831 2734 928 2761 ταπεί-

982 291 1017 317 lia
1032 300 1038 318 ε
1067 291 1146 318 Vertit
1161 292 1261 327 aliquis
1273 300 1288 319 e
1299 291 1442 324 fratribus,
1459 298 1485 320 et
1499 293 1626 320 insolenti
1640 294 1722 320 verbo
1735 296 1790 321 vel.

984 337 1137 372 impatienti
1155 342 1180 366 te
1196 338 1328 374 alliigitet
1343 340 1471 373 perculit.
1497 339 1537 366 'l‘u
1562 347 1627 367 vero
1653 344 1727 367 taces
1753 346 1777 367 et

979 384 1155 412 inclinatione
1179 386 1303 420 corporis
1319 386 1449 413 honorem
1468 386 1570 414 defers.
1605 386 1643 413 En
1654 387 1780 421 lapidem

979 437 1063 456 unum
1086 431 1237 465 apposuisti
1263 440 1270 458 :
1292 436 1351 466 post
1375 432 1451 463 abis.
1484 436 1511 459 et
1549 432 1635 460 altero
1663 432 1778 459 fratrum

979 480 1087 511 reperto
1098 476 1136 504 illi
1148 482 1295 511 narras,_et
1303 486 1469 512 murmuras,
1479 480 1550 514 quod
1563 479 1601 507 sis
1609 479 1644 506 ab
1654 487 1685 507 eo
1695 479 1779 507 fratre

980 521 1081 556 injuria
1107 521 1233 554 affectus,
1253 527 1281 550 et
1306 531 1389 559 auges
1412 524 1552 559 injuriam,
1576 530 1603 552 et
1619 526 1737 552 tacuisse
1753 530 1783 552 te,

979 565 1148 600 dictitas,ct
1170 567 1304 594 inclinato
1332 575 1446 603 corpore
1479 569 1610 596 honorem
1634 569 1776 597 detulisse.

981 612 1049 640 Ecce
1066 620 1127 640 cum
1143 613 1261 648 lapidem
1282 622 1367 641 unum
1382 615 1568 649 apposuisses,
1600 616 1669 644 duos
1684 616 1779 643 ahslur

979 657 1137 688 listi.,Alius
1151 658 1359 687 itemhonorem
1373 658 1556 687 defertinanis
1567 661 1659 696 gloria:
1680 662 1777 695 gratia,

979 706 1006 729 et
1038 702 1222 730 humilitatem
1243 703 1346 738 pariter
1367 710 1429 730 cum
1456 711 1525 730 vana
1547 705 1632 739 gloria
1656 705 1777 738 invenit;

980 748 1033 775 hoc
1048 752 1091 776 est
1103 756 1241 784 apponere
1269 753 1296 776 et
1319 748 1428 776 auferre
1445 749 1547 783 pariter
1565 749 1693 784 lapidem.
1725 749 1778 783 Qui

980 802 1045 821 vero
1059 802 1121 821 cum
1137 794 1250 822 scicntia
1268 794 1400 822 honorem
1417 795 1538 828 exhibet,
1563 795 1622 830 ipse
1638 796 1690 823 sibi
1714 803 1777 831 per-

980 840 1076 868 suadet
1094 841 1154 868 sine
1170 840 1253 868 dubio
1270 841 1342 876 quod
1355 845 1480 876 peccator
1497 841 1544 873 sit,
1554 841 1627 876 quod
1645 841 1672 868 in
1685 841 1779 869 multis

980 886 1122 921 delinquat
1140 891 1168 914 et
1192 892 1274 919 erret,
1291 886 1365 921 quod
1384 894 1467 915 causa
1494 886 1576 914 fuerit
1602 886 1710 923 injuriae
1722 887 1781 918 frae

982 936 1076 965 ternm,
1095 937 1177 967 atque
1195 932 1222 960 id
1238 932 1421 960 certissimum
1439 932 1531 960 habet.
1559 932 1592 960 Et
1606 932 1658 963 hoc
1666 937 1780 965 esteum

983 979 1096 1006 scicntia
1121 983 1149 1006 et
1173 978 1330 1013 cognitione
1360 979 1490 1007 honorem
1520 978 1660 1010 exhibere.
1678 1009 1681 1011 η
1701 979 1784 1011 Alius.

983 1024 1121 1051 silentium
1131 1024 1183 1051 sibi
1197 1024 1249 1059 ipsi
1265 1024 1370 1056 indicit,
1386 1024 1434 1052 sed
1447 1032 1500 1054 non
1522 1032 1583 1052 cum
1607 1025 1777 1061 cognitione:

983 1069 1065 1097 habet
1079 1069 1152 1097 enim
1169 1074 1273 1099 tantum
1295 1069 1526 1105 quodsilentium
1553 1070 1640 1098 virtus
1653 1075 1705 1098 est.
1729 1070 1780 1098 llic

982 1119 1074 1142 autem
1098 1122 1161 1144 cum
1186 1115 1300 1145 scientia
1323 1119 1403 1148 tacet,
1420 1114 1485 1151 quia
1500 1123 1528 1144 se
1545 1115 1686 1152 indignum
1702 1122 1782 1152 putat

982 1161 1074 1196 loqui;
1085 1167 1119 1196 _ct
1139 1161 1191 1189 hoc
1202 1166 1244 1189 est
1259 1169 1322 1189 cum
1335 1162 1461 1193 scientia
1471 1166 1497 1189 et
1513 1162 1669 1197 cognitione
1685 1163 1780 1195 silere,

983 1212 1012 1234 ut
1027 1206 1161 1234 deﬁniunt
1187 1206 1308 1240 Patres._
1326 1205 1484 1242 Magniﬁca!
1507 1207 1572 1237 item
1596 1216 1625 1240 se
1639 1208 1723 1239 .alius
1751 1212 1795 1236 et»

983 1261 1112 1288 magnum
1138 1253 1204 1288 quid
1222 1252 1312 1281 facere
1340 1261 1370 1281 se
1386 1257 1473 1288 putat,
1503 1254 1567 1289 quia
1588 1252 1701 1284 humilis
1725 1258 1788 1285 est”

983 1299 1078 1327 Infelix
1087 1299 1135 1334 qui
1147 1300 1259 1335 ignorat
1278 1307 1308 1328 se
1332 1300 1402 1327 nihil
1415 1307 1477 1327 csse
1493 1300 1617 1334 omnino,
1640 1307 1702 1328 cum
1720 1300 1780 1328 sine

982 1346 1139 1381 cognitione
1158 1345 1211 1373 hoc
1232 1349 1303 1382 agat.
1333 1345 1401 1374 Nam
1417 1346 1507 1373 metiri
1522 1353 1552 1374 se
1567 1346 1657 1381 ipsum
1683 1346 1779 1381 cogni~

983 1393 1066 1426 tione,
1094 1396 1138 1420 est
1164 1395 1241 1420 certo
1269 1391 1380 1420 credere
1395 1391 1464 1419 nihil
1479 1399 1508 1419 se
1528 1398 1599 1425 esse,
1625 1395 1652 1418 et
1665 1391 1783 1423 omnino,

983 1439 1125 1475 indignum
1136 1437 1295 1466 existimare
1310 1437 1452 1469 hominum
1465 1437 1673 1470 consuetudine.
1704 1435 1739 1465 Ut
1750 1444 1789 1465 se.

982 1485 1072 1520 ipsum
1092 1483 1238 1512 accusabat
1263 1483 1349 1511 abbas
1373 1483 1482 1519 Moyses
1497 1483 1610 1514 dicens:
1633 1492 1642 1508 ι
1655 1481 1779 1518 Sterqui-

981 1531 1078 1558 linium
1094 1538 1156 1562 cum
1172 1531 1209 1558 sis
1224 1534 1253 1558 et
1265 1530 1345 1563 cinis,
1357 1530 1586 1562 uou,homo;cur
1602 1529 1636 1557 ad
1653 1529 1780 1557 homincs

983 1576 1154 1612 ingrederis?
1182 1586 1191 1602 ι
1213 1576 1350 1604 Ministrat
1365 1575 1427 1611 quis
1442 1575 1561 1608 inﬁrmo,
1587 1580 1661 1603 eteo
1686 1575 1780 1603 animo

981 1623 1060 1660 M1
1081 1627 1112 1650 ut
1130 1623 1282 1652 mercedem
1299 1622 1401 1650 laboris
1415 1622 1540 1657 acquirat
1554 1631 1561 1655 ;
1577 1626 1604 1650 et
1620 1622 1670 1649 hoc
1686 1622 1781 1656 utique

981 1670 1054 1698 haud
1079 1674 1121 1697 est
1150 1677 1213 1697 cum
1247 1668 1404 1704 cognitione
1426 1668 1529 1696 servire
1556 1673 1583 1696 et
1610 1668 1778 1695 ministrare.

981 1715 1072 1749 Quare
1093 1723 1157 1743 cum
1187 1714 1296 1743 adversi
1314 1715 1457 1750 quidpiam
1472 1715 1509 1741 illi
1528 1714 1684 1749 contigerit,
1701 1713 1781 1741 facile

981 1770 997 1791 a
1013 1763 1086 1791 bono
1095 1763 1220 1796 desistit;
1234 1771 1284 1791 nec
1300 1767 1420 1798 coeptum
1430 1770 1499 1797 opus
1508 1762 1626 1789 sustinet
1638 1762 1781 1797 perlicere,

982 1809 1045 1844 quia
1069 1817 1123 1837 non
1145 1813 1284 1844 operatur,
1309 1813 1339 1835 ut
1365 1808 1434 1840 dixi,
1456 1816 1519 1835 cum
1541 1808 1709 1842 cognitione.
1728 1807 1781 1840 Qui

982 1860 1073 1882 autem
1095 1863 1157 1883 cum
1179 1854 1294 1882 scientia
1313 1858 1340 1881 et
1362 1853 1518 1889 cognitione
1543 1853 1692 1886 ministrat,
1707 1853 1781 1891 Iideo

984 1901 1122 1928 ministrat
1136 1901 1201 1936 quia
1214 1905 1317 1936 aegroto
1333 1899 1512 1935 compatitur,
1536 1899 1600 1934 quia
1611 1899 1780 1930 .misericor-

983 1951 1035 1978 diae
1064 1950 1217 1978 visceribus
1257 1955 1394 1977 movetur.
1434 1948 1468 1975 Et
1513 1948 1671 1983 quicunque
1706 1949 1793 1979 hunc,

983 2003 1097 2032 scopum
1117 1995 1169 2023 sibi
1187 1994 1325 2028 statuerit,
1342 1994 1460 2023 uullaiu
1474 2001 1503 2021 re
1520 1993 1638 2025 adversa
1651 1994 1693 2022 vel
1710 1994 1784 2025 allii:

984 2043 1074 2070 ctione
1096 2046 1209 2069 externa
1235 2040 1409 2072 movebitur,
1434 2047 1493 2069 non
1516 2038 1685 2075 simgrotus
1715 2047 1779 2067 eum

984 2079 1134 2120 spreverit,
1160 2089 1208 2114 aut
1228 2084 1382 2112 maledictis
1408 2083 1586 2116 lacessiverit,
1605 2083 1654 2111 sed
1673 2083 1702 2110 in
1717 2091 1780 2113 sco:

985 2141 1048 2168 pum
1056 2140 1136 2160 suum
1143 2132 1265 2161 intentus
1273 2131 1341 2159 feret
1349 2130 1441 2158 omnia
1450 2130 1659 2165 patientissime,
1670 2134 1696 2157 et
1704 2135 1780 2157 certo

984 2180 1179 2216 credctmajori
1189 2180 1320 2208 beneﬁcio
1329 2179 1434 2207 sealﬁci
1443 2179 1596 2214 abmgroto,
1604 2186 1686 2213 quam
1693 2186 1780 2213 aegrae

985 2231 1041 2253 tum
1053 2233 1069 2253 a
1079 2234 1108 2253 se
1118 2226 1189 2261 ipso.
1204 2225 1260 2253 Hoc
1268 2229 1358 2253 autem
1372 2225 1497 2261 ignorare
1508 2232 1558 2252 vos
1570 2223 1647 2256 nolo,
1661 2231 1722 2253 eum
1732 2224 1780 2258 qui

985 2273 1101 2300 libenter
1107 2280 1179 2307 tegi-0
1188 2272 1324 2300 deserviat
1331 2280 1393 2300 cum
1402 2271 1567 2306 cognitione,
1578 2271 1690 2298 relevari
1699 2271 1781 2297 mira-

983 2319 1073 2346 biliter
1084 2319 1118 2346 ab
1128 2318 1213 2346 animi
1223 2318 1407 2353 passionihus.
1415 2323 1443 2345 et
1455 2317 1556 2346 diaboli
1566 2317 1765 2352 impugnationi
1774 2333 1781 2337 α

983 2365 1046 2393 bus.
1059 2365 1127 2393 Novi
1135 2365 1208 2392 cnim
1218 2364 1329 2392 fratrem
1337 2364 1438 2392 acriter
1446 2370 1631 2399 oppugnatum
1640 2372 1655 2391 a
1665 2363 1782 2391 fornica-

986 2411 1068 2438 tionis
1079 2411 1212 2444 daamone,
1220 2415 1248 2438 et
1255 2418 1287 2438 cu
1292 2418 1317 2437 ιιι
1324 2417 1396 2445 aegro
1404 2417 1438 2437 ex
1446 2409 1611 2445 dysenteriis
1619 2409 1779 2439 deserviret.

986 2456 1021 2485 ab
1035 2457 1087 2484 hoc
1104 2456 1178 2484 bello
1188 2463 1248 2483 esse
1261 2455 1419 2483 liberatum.
1443 2453 1476 2481 Et
1492 2454 1627 2489 Evagrius
1641 2458 1734 2480 narrat
1747 2454 1781 2479 do

986 2503 1095 2531 seniore
1124 2501 1244 2537 quodam
1266 2509 1377 2537 magno,
1415 2500 1489 2536 quod
1509 2500 1673 2535 discipulum
1699 2507 1780 2526 stium

987 2548 1145 2583 hujusmodi
1165 2547 1405 2583 phantasmalibus
1433 2551 1513 2574 noete
1529 2549 1714 2581 oppugnatum
1730 2545 1781 2571 hat;

986 2595 1030 2622 via
1043 2594 1177 2627 liberavit,
1190 2594 1291 2623 indicto
1299 2592 1447 2622 scilicetilli
1459 2597 1487 2619 et
1495 2591 1601 2626 jejunio
1609 2595 1636 2618 et
1645 2598 1779 2625 mgrorum

988 2648 1053 2668 cura
1067 2661 1074 2668 .
1097 2640 1129 2668 Et
1151 2641 1185 2668 de
1202 2648 1231 2667 re
1247 2641 1300 2668 hac
1319 2641 1504 2674 interrogatus
1532 2636 1681 2671 respondit,
1713 2636 1779 2662 nihil

986 2694 1047 2714 esse
1059 2686 1131 2721 quod
1151 2686 1219 2713 adeo
1234 2686 1375 2721 passiones
1388 2683 1576 2720 hujuscemodi
1595 2681 1780 2716 exstingueret

986 2736 1016 2759 ut
1044 2732 1274 2760 miscricordiam.
1300 2731 1328 2759 Si
1349 2731 1410 2766 quis
1431 2731 1494 2758 item
1511 2736 1569 2757 sese
1598 2731 1724 2756 exerceat
1740 2727 1780 2754 \‘cl

786 2834 901 2862 VARL‘E
922 2834 1123 2863 LECTIONES.

175 2941 200 2956 ³⁵⁵
220 2938 247 2966 Fr
254 2942 299 2966 rte
316 2946 348 2964 πε
353 2937 389 2978 ριτ
