4058 6444
400 1092 408 1098 -
511 1063 617 1131 Qui
652 1075 834 1121 autem
859 1067 1149 1124 continens
1177 1077 1263 1124 est
1291 1084 1415 1124 cum
1447 1071 1784 1142 cognitione,
1839 1086 1949 1125 non
1981 1069 2107 1141 quia

518 393 656 466 {779
1094 444 1098 447 .
1719 405 1779 464 s.
1830 403 2220 464 DOROTIIEI
2285 402 2607 491 ABBATlS
3664 406 3790 470 1730

513 520 584 568 ex
624 509 777 566 inani
835 510 1031 580 gloria,
1067 512 1153 567 vel
1205 523 1264 568 ιιι
1308 514 1562 570 virtutem
1607 531 1768 586 agere
1822 516 2072 572 videatur

2212 530 2396 568 νωσιν·
2440 514 2518 578 ὡς
2541 513 2794 583 λέγουσιν
2842 515 2891 567 oi
2931 514 3197 586 Πατέρες,
3229 513 3312 568 ὅτι
3356 515 3388 586 ὴ
3427 513 3546 578 ὁδὸς
3571 513 3676 585 τῆς
3703 531 3794 570 το.-

515 614 696 672 neque
755 601 844 658 hic
869 617 994 658 cum
1022 603 1336 674 cognitione
1372 619 1432 659 se
1481 616 1718 662 exercet.
1781 605 1920 662 Cum
1962 607 2091 661 enin

2204 606 2524 670 πεινὼσεώς
2571 607 2721 660 ἐστιν
2747 606 2795 659 oi
2820 605 2978 659 κόποι
3025 607 3074 658 oi
3118 605 3422 676 σωματικο).
3455 607 3514 658 ὲν
3551 604 3746 673 γνώσει
3776 618 3793 638 ⁸

516 694 723 765 aliquid
738 710 861 751 esse
878 711 937 752 se
952 696 1254 765 existimat,
1280 698 1469 768 incipit
1483 697 1710 754 fratrem
1733 708 2086 756 contemnere

2201 699 2298 753 καὶ
2328 700 2399 754 τὰ
2426 697 2574 769 ἑξῆς.
2615 698 2726 752 Καὶ
2769 698 2964 761 ἁπλῶς
2991 698 3230 770 ἑκάστην
3279 696 3481 769 ἀρετὴν
3519 694 3693 760 οὕτως
3721 697 3798 751 δεῖ

513 784 582 840 Ει
605 787 692 842 hic
716 802 823 842 non
847 789 1272 856 solumlapidem
1305 805 1477 845 unum
1503 792 1712 862 adjicit,
1733 801 1900 864 atque
1917 792 2081 847 adimi

2198 810 2322 847 τινα
2350 793 2548 858 ποιεῖν,
2582 789 2723 846 ὥστε
2761 790 3070 862 κτήσασθαι
3111 790 3286 862 αὐτὴν
3319 791 3416 844 καὶ
3444 789 3704 857 γενέσθαι
3743 792 3796 843 ὲν

513 880 675 946 duos,
709 881 802 937 sed
837 881 1156 937 universum
1205 883 1468 953 parietem
1501 884 1700 939 minari
1726 885 1943 941 ruinam
1977 883 2083 939 iaci

2203 885 2316 951 ἔξει
2356 886 2547 956 αὐτῆς.
2590 885 2700 938 Καὶ
2752 884 3095 955 εὑρίσκεται,
3136 883 3213 946 ὡς
3267 883 3514 953 εἴπομεν,
3563 883 3592 935 ὁ
3641 880 3799 947 καλὸς

511 981 568 1027 et
597 973 916 1043 periclitari,
943 989 1066 1030 cum
1100 976 1414 1046 proximum
1441 987 1758 1034 contemnat
1787 985 1842 1034 et
1876 979 2086 1049 judicet

2208 979 2464 1048 τεχνίτης
2489 975 2794 1046 οἰκοδόμος,
2841 975 3144 1046 δυνάμενος
3193 973 3332 1045 μετὰ
3387 973 3694 1044 ἀσφαλείας
3729 972 3802 1024 oi-

2203 1069 2511 1140 κοδομῆσαι
2540 1067 2634 1120 τὸν
2665 1067 2799 1120 ἴδιον
2817 1062 2992 1119 οἶκον.

508 1151 687 1209 virtus
716 1164 800 1211 est
819 1156 1177 1222 continentia,
1209 1157 1349 1213 hanc
1371 1168 1607 1224 exercet,
1634 1175 1743 1215 non
1767 1167 1828 1215 ut
1845 1168 2106 1230 tanquam
2149 1159 2306 1215 fortis
2348 1168 2404 1215 et
2467 1158 2771 1214 industrius
2797 1157 3011 1212 laudem
3067 1163 3440 1227 consequatur
3485 1155 3799 1216 humanam,

509 1241 605 1296 sed
634 1243 764 1314 quia
822 1245 1051 1301 conlidit
1103 1261 1202 1316 per
1242 1262 1366 1302 eam
1435 1264 1557 1305 sese
1589 1250 1656 1305 ad
1717 1249 2043 1305 modestiam
2092 1260 2511 1320 perventurum,
2581 1255 2638 1304 et
2697 1262 2764 1303 ex
2803 1262 2865 1303 ea
2912 1246 3258 1318 postmodum
3314 1248 3370 1301 in
3413 1247 3797 1303 humilitatem.

509 1335 812 1395 Senserunt
851 1343 1053 1396 etenim
1101 1340 1293 1398 Patres
1337 1349 1390 1398 et
1415 1344 1654 1416 majores
1720 1345 1894 1401 nostri
1959 1361 2056 1416 per
2091 1346 2307 1402 labores
2373 1343 2647 1414 corporis,
2679 1343 2812 1398 dum
2854 1344 3047 1397 tierent
3091 1357 3215 1398 cum
3282 1341 3613 1411 cognitione,
3655 1341 3802 1397 viam

505 1423 630 1490 esse
659 1435 725 1491 ad
755 1435 1138 1493 humilitatem.
1176 1436 1243 1494 Et
1275 1440 1349 1495 ita
1379 1441 1598 1497 demum
1617 1455 1759 1512 opus
1782 1448 1868 1496 est
1897 1454 2348 1511 unumquemque
2414 1439 2682 1493 virtutem
2735 1427 2936 1502 facere,
2969 1445 3028 1490 ut
3086 1445 3142 1491 et
3206 1437 3356 1491 illam
3421 1435 3724 1506 possideat.
3752 1453 3803 1497 et

505 1528 561 1581 in
598 1527 839 1583 habitum
874 1529 1048 1601 ipsius
1077 1531 1394 1601 perveniat:
1425 1541 1480 1588 et
1508 1543 1637 1588 tunc
1661 1547 1786 1590 sese
1827 1533 2097 1604 optimum
2137 1533 2404 1589 artiﬁcem
2456 1531 2745 1602 intelligat,
2771 1529 3041 1600 optimum
3101 1529 3488 1585 aediﬁcatorem
3527 1529 3622 1600 qui
3647 1543 3803 1585 secu-

505 1635 601 1676 rus
628 1621 901 1690 propriam
926 1621 1150 1678 domum
1185 1624 1359 1694 possit
1388 1625 1679 1682 aediﬁcare.

578 1709 670 1766 ιν.
694 1712 893 1769 Caveat
919 1713 1084 1784 igitur
1106 1716 1202 1786 qui
1231 1717 1532 1772 auxiliante
1562 1715 1675 1774 Deo
1703 1716 1771 1772 ad
1804 1717 1952 1774 hunc
1975 1733 2091 1789 per-

2271 1717 2343 1771 A'.
2385 1713 2444 1771 '0
2481 1715 2653 1770 θέλων
2685 1709 2780 1770 οὖν
2814 1715 2912 1770 σὺν
2932 1714 3053 1786 Θεῷ
3077 1713 3256 1770 ἐλθεῖν
3287 1715 3368 1779 εἰς
3395 1712 3672 1785 τοσαύτην
3701 1731 3808 1769 κα-

503 1798 760 1862 fectionis
785 1813 989 1862 statum
1036 1808 1324 1878 pervenire
1361 1809 1626 1877 voluerit,
1665 1809 1748 1865 vel
1778 1809 1981 1876 dicere,
2015 1811 2091 1866 vel

2202 1807 2303 1879 λὴν
2335 1808 2696 1874 κατάστασιν,
2733 1807 2837 1861 οὐκ
2864 1805 3074 1876 ὀφείλει
3103 1805 3304 1874 λέγειν,
3335 1803 3418 1860 ὅτι
3442 1805 3699 1875 Μεγάλαι
3728 1807 3806 1859 εί·

503 1897 765 1966 cogitare,
797 1911 1026 1967 magnas
1058 1911 1182 1954 csse
1215 1897 1466 1964 virtutes,
1499 1914 1600 1956 nec
1635 1914 1799 1972 posse
1837 1901 1974 1956 adiri
2003 1916 2091 1958 eas

2201 1901 2288 1955 σ’ίν
2320 1903 2378 1956 al
2409 1902 2627 1973 ἀρεταὶ,
2667 1900 2761 1955 καὶ
2786 1901 2848 1954 οὐ
2875 1898 3112 1972 δύναμαι
3138 1899 3346 1969 φθάσαι
3392 1898 3587 1962 αὐτάς.
3629 1896 3812 1953 Τοῦτο

505 2002 536 2042 a
567 1987 746 2044 nobis.
795 1985 912 2044 Hoc
939 1997 1022 2045 est
1065 1988 1213 2045 enim
1252 1990 1335 2046 vel
1371 1991 1521 2047 nihil
1567 2006 1790 2063 sperare
1819 1992 1872 2048 in
1914 1993 2091 2048 divina

2198 1992 2328 2063 γὰρ,
2375 1989 2407 2060 ἢ
2456 1991 2533 2062 μὴ
2582 1990 2900 2057 ὲλπίζοντός
2951 1991 3100 2045 ἐστιν
3141 1991 3221 2055 είς
3263 1990 3361 2060 τὴν
3406 1989 3664 2061 βοήθειαν
3708 1989 3809 2045 τοῦ

504 2093 630 2150 ope,
660 2077 744 2135 vel
777 2079 968 2136 animo
993 2081 1060 2136 ad
1094 2095 1233 2151 opus
1263 2081 1470 2139 bonum
1515 2091 1829 2156 torpescere
1869 2093 1925 2142 et
1969 2086 2095 2141 dor-

502 2171 723 2225 mitare.
748 2169 930 2227 Dicite
951 2171 1113 2239 mihi,
1134 2173 1178 2229 si
1201 2189 1366 2245 quam
1399 2175 1655 2232 virtutem
1687 2163 1908 2248 c'upitis,
1941 2193 2099 2234 exer-

501 2261 676 2318 cenda
703 2276 767 2318 ea
795 2272 878 2318 est
905 2278 939 2319 a
975 2263 1157 2330 nobis,
1183 2280 1526 2340 quacunque
1554 2266 1665 2324 sit:
1701 2276 1826 2324 sunt
1857 2269 2003 2324 enim
2039 2270 2093 2325 in

500 2354 663 2410 nobis
696 2353 949 2423 virtutes,
979 2363 1036 2412 et
1072 2356 1211 2412 bene
1247 2359 1470 2429 operari
1507 2374 1632 2416 cum
1660 2361 1938 2429 volumus,
1968 2377 2096 2433 pos-

501 2461 716 2504 sumus.
763 2447 907 2505 Ecce
934 2448 988 2504 in
1046 2447 1166 2520 lege
1210 2451 1507 2507 scribitur:
1545 2449 1747 2523 Diliges
1790 2456 2094 2525 proximum

500 2549 652 2592 tuum
692 2538 830 2594 sicut
883 2546 935 2594 te
977 2539 1152 2610 ipsum
1194 2549 1243 2596 Ρ.
1297 2539 1379 2597 Ne
1428 2543 1682 2600 advertas
1721 2560 1888 2615 quam
1933 2545 2093 2617 longe

2197 2080 2409 2154 Θεοῦ,ἢ
2439 2082 2726 2146 ὀκνοῦντος
2754 2081 3115 2136 ἐπιϐαλέσθαι
3135 2096 3188 2135 τι
3207 2079 3417 2150 ἀγαθοῦ
3439 2097 3456 2113 ο
3490 2081 3616 2134 iure}.
3643 2080 3809 2134 ποίαν

2197 2171 2382 2226 θέλετε
2406 2171 2610 2244 ἀρετὴν
2631 2170 2729 2225 καὶ
2778 2170 3152 2242 γυμνάζωμεν
3179 2188 3194 2203 ·
3226 2171 3323 2225 καὶ
3365 2170 3594 2241 βλέπετε
3620 2171 3710 2224 ὅτι
3751 2173 3809 2225 ὲν

2196 2263 2329 2334 ἡμῖν
2352 2265 2470 2319 ἐστι
2500 2262 2596 2317 καὶ
2618 2262 2680 2316 τὸ
2716 2262 3065 2330 κατορθῶσαι
3099 2278 3116 2294 ο
3167 2260 3278 2316 ίδοὺ
3305 2260 3475 2331 λέγει.
3540 2260 3808 2332 Ἀγαπή-

2193 2367 2326 2422 σεις
2363 2355 2472 2409 τὸν
2509 2354 2782 2423 πλησίον
2821 2368 2976 2420 σου,
3009 2353 3090 2421 ὡς
3132 2353 3372 2409 ἑαυτόν.
3405 2353 3499 2425 Μὴ
3548 2353 3808 2426 πρόσχῃς

2193 2447 2360 2502 πόσον
2387 2446 2598 2519 ἀπέχῃς
2629 2446 2739 2502 ἀπὸ
2766 2447 2866 2516 τῆς
2895 2447 3117 2521 ἀρετῆς,
3142 2446 3236 2501 καὶ
3263 2445 3500 2516 ἄρξηται
3518 2445 3564 2478 ⁸⁸
3592 2444 3808 2516 δειλιᾷν

2195 2540 2292 2594 καὶ
2323 2540 2506 2608 λέγειν
2533 2555 2545 2568 ο
2586 2558 2605 2592 ι
2653 2539 2778 2603 Πῶς
2809 2539 3046 2611 δύναμαι
3079 2537 3372 2608 ἀγαπῆσαι
3398 2537 3492 2591 τὸν
3519 2537 3762 2609 πλήσιον
3789 2579 3808 2607 ,

2192 2631 2268 2694 ὡς
2291 2632 2488 2687 ἑαυτόν
2513 2649 2528 2699 ;
2549 2631 2666 2695 πῶς
2695 2630 2932 2703 δύναμαι
2961 2630 3059 2694 τὰς
3078 2629 3286 2698 θλίψεις
3304 2629 3472 2686 αὐτοῦ
3500 2631 3806 2702 μεριμνᾷν,

2195 2723 2386 2796 ὥσπερ
2411 2723 2512 2789 τὰς
2541 2726 2682 2795 ἐμὰς
2706 2764 2722 2790 ,
2750 2723 2845 2777 καὶ
2887 2722 3127 2793 μάλιστα
3166 2721 3266 2788 τὰς
3304 2721 3701 2794 κεκρυμμένας
3751 2725 3811 2777 ἐν

498 2628 649 2685 absis
682 2643 714 2684 a
743 2628 966 2695 virtute,
997 2645 1066 2685 nc
1089 2632 1278 2686 timere
1306 2631 1538 2703 incipias
1566 2644 1621 2690 et
1649 2634 1868 2692 dicere:
1899 2655 1918 2689 ι
1945 2637 2093 2704 Quo-

498 2721 664 2778 modo
682 2736 902 2793 possum
925 2722 1235 2793 proximum
1261 2737 1443 2779 meum
1461 2723 1687 2798 diligere
1703 2735 1761 2782 ut
1777 2742 1864 2784 me
1886 2727 2093 2799 ipsum?

498 2814 794 2882 Quomodo
841 2815 989 2871 illius
1043 2813 1369 2873 aﬂlictiones
1419 2826 1476 2874 et
1524 2819 1808 2890 angustias
1855 2822 2090 2877 scrutari

2193 2819 2255 2887 τῇ
2308 2816 2509 2888 καρδία
2567 2815 2755 2878 αὖτοῦ,
2806 2814 2873 2880 ἃς
2927 2813 3054 2868 οὔτε
3098 2813 3285 2886 βλέπω
3335 2813 3459 2868 οὗτε
3505 2813 3808 2883 γινώσκω,

497 2922 749 2979 possum,
790 2917 845 2962 ct
877 2921 972 2964 eas
1009 2909 1248 2964 maxime
1280 2921 1416 2980 quas
1447 2910 1610 2966 corde
1641 2910 1809 2980 tegit:
1840 2925 1964 2966 cum
1992 2924 2088 2967 eas

2193 2909 2380 2980 ὥσπερ
2401 2907 2500 2971 τὰς
2525 2907 2767 2978 ἐμαυτοῦ
2791 2923 2806 2973 ;
2839 2926 2856 2958 ι
2882 2906 2974 2978 Μὴ
2999 2906 3387 2981 ἀποσχολήσῃς
3410 2907 3603 2962 ἑαυτὸν
3633 2907 3716 2971 είς
3747 2909 3826 2962 ἰδ’

495 3011 602 3053 nec
626 2997 839 3053 videam
875 3013 976 3054 nec
999 3013 1295 3070 agnoscam
1333 3007 1393 3054 ut
1421 2999 1619 3056 meas?
1645 3018 1665 3052 ι
1699 2999 1818 3056 Noli
1847 3000 1951 3056 ista
1976 3017 2090 3056 me—

2197 2998 2522 3068 λογίσασθαι
2555 2996 2729 3052 ταῦτα
2750 3037 2765 3063 ,
2802 2996 3006 3068 καὶμὴ
3044 2997 3277 3070 νομίσῃς
3321 2998 3632 3070 ὑπέρογκον
3659 2993 3805 3053 εἶναι

495 3089 707 3145 ditari:
752 3089 829 3145 ita
869 3089 1016 3146 enim
1059 3089 1275 3161 putabis
1312 3090 1546 3146 arduum
1597 3091 1728 3163 quid
1777 3101 1831 3148 et
1873 3091 2090 3149 dilileile

2195 3093 2290 3146 καὶ
2332 3090 2781 3162 δυσκατόρθωτον
2834 3089 2936 3160 τὴν
2977 3089 3204 3161 ἀρετὴν,
3257 3089 3395 3144 ἀλλὰ
3446 3088 3612 3161 βάλλε
3664 3091 3806 3156 τέως

495 3179 793 3237 admodum
815 3196 939 3238 esse
965 3181 1244 3238 virtutem.
1268 3182 1340 3238 At
1367 3181 1721 3239 fundamenta
1744 3183 1920 3256 jacias
1941 3200 2091 3256 qua:-

2202 3181 2400 3255 ἀρχὴν,
2433 3181 2711 3237 πιστεύων
2742 3180 2822 3252 τῷ
2852 3180 2992 3252 Θεῷ.
3016 3181 3200 3248 Δεῖξον
3228 3181 3379 3254 αὐτῷ
3406 3181 3507 3253 τὴν
3537 3181 3804 3254 προαίρε-

493 3287 712 3346 cunque
735 3283 913 3345 potes,
937 3276 989 3330 in
1020 3272 1258 3331 Domino
1278 3276 1544 3332 confisus.
1571 3275 1816 3334 Ostende
1842 3279 2087 3334 studium

2203 3274 2289 3327 σίν
2323 3287 2440 3339 σου,
2472 3272 2568 3328 καὶ
2596 3271 2696 3342 τὴν
2737 3269 2998 3340 σπουδὴν,
3033 3270 3128 3325 καὶ
3159 3269 3383 3342 βλέπεις
3408 3271 3509 3344 τὴν
3541 3269 3801 3342 βοήθειαν

493 3375 552 3422 et
599 3366 930 3422 desiderium
970 3374 1126 3422 tuum
1173 3367 1293 3433 illi,
1339 3356 1636 3438 statimque
1677 3367 1774 3424 tibi
1822 3370 2087 3424 auxilium

2193 3365 2257 3436 ἣν
2294 3364 2530 3438 παρέχει
2560 3381 2643 3418 σοι
2668 3365 2750 3428 είς
2774 3362 2836 3417 τὸ
2863 3361 3227 3434 κατορθῶσαι.
3257 3359 3385 3418 υἷον
3412 3363 3585 3434 λέγω,
3629 3363 3806 3420 Ὑπό-

495 3457 714 3512 ‹·οε1ἰιυε
743 3455 938 3512 adesse
980 3457 1046 3512 ad
1090 3456 1232 3512 bene
1265 3457 1535 3528 agendum
1583 3458 1807 3514 senties.
1842 3459 2088 3530 Exempli

2193 3455 2285 3510 θου
2343 3473 2433 3527 μοι
2482 3453 2580 3510 δύο
2618 3455 2893 3527 κλίμακας
2923 3449 3086 3511 εἶναι’
3137 3455 3238 3526 τὴν
3266 3454 3368 3525 μὲν
3409 3455 3806 3527 ἀναφέρουσαν

495 3555 677 3602 autem
715 3545 892 3618 gratia
945 3545 1092 3615 ﬁnge
1127 3545 1374 3616 geminas
1419 3547 1597 3603 scalas
1624 3588 1641 3614 ,
1671 3563 1838 3603 unam
1872 3564 1995 3619 quae
2031 3548 2086 3604 in

2193 3548 2302 3604 ἂνω
2346 3547 2426 3610 εἰς
2469 3546 2563 3602 τὸν
2605 3545 2856 3618 οὐρανὸν,
2892 3545 2987 3600 καὶ
3029 3545 3127 3618 τὴν
3163 3545 3334 3617 ἄλλην
3373 3546 3808 3616 καταφέρουσαν

493 3639 696 3694 coelum
719 3646 898 3694 erecta
922 3637 1014 3704 sit,
1043 3637 1271 3693 alteram
1290 3653 1412 3709 quae
1439 3638 1510 3694 ad
1538 3637 1746 3696 inferos
1770 3655 1944 3712 usque
1968 3651 2089 3697 ten-

2193 3639 2340 3695 κάτω
2403 3639 2484 3702 εἰς
2513 3637 2605 3694 τδν
2648 3638 2809 3712 ᾅδην,
2841 3637 3026 3692 καὶσὺ
3060 3635 3278 3691 ἵστα-σαι
3325 3637 3406 3702 είς
3429 3639 3530 3710 τὴν
3569 3638 3676 3708 γῆν
3700 3637 3806 3709 μέ-

2191 3749 2284 3787 σον
2313 3730 2423 3785 τῶν
2449 3731 2544 3787 δύο
2584 3730 2898 3802 κλιμάκων.
2935 3729 3028 3803 Μὴ
3060 3729 3294 3805 θελήσῃς
3331 3729 3659 3799 λογίσασθαι
3705 3731 3806 3785 καὶ

2188 3825 2403 3880 εἰπεῖν’
2434 3824 2562 3889 Πῶς
2607 3823 2850 3896 δύναμαι
2904 3823 3244 3896 πετασθῆναι
3295 3823 3362 3878 ἐκ
3406 3824 3504 3896 τῆς
3538 3824 3664 3894 τῆς,
3703 3823 3806 3878 καὶ

2189 3918 2483 3991 εὑρεθῆναι
2539 3918 2687 3986 ἅπαξ
2737 3919 2852 3974 ἅνω
2902 3919 2984 3982 είς
3016 3916 3079 3972 τὸ
3125 3916 3298 3989 ἀκρον
3339 3916 3442 3988 τῆς
3480 3916 3803 3987 κλίμακος;

494 4015 608 4072 tur,
637 4005 898 4061 evolare?
920 4002 989 4061 At
1015 4019 1190 4077 neque
1221 4005 1272 4061 id
1309 4007 1572 4077 possibile
1601 4007 1772 4081 M2
1790 4018 1956 4076 esset,
1989 4025 2086 4067 ne-

2197 4009 2338 4066 οὕτε
2359 4011 2470 4083 γὰρ
2498 4009 2724 4066 δυνατόν
2749 4012 2918 4076 ἐστιν,
2941 4005 3068 4063 οὔτε
3086 4008 3389 4078 ἀπαιτῆσαι
3412 4009 3440 4062 ὁ
3460 4008 3591 4072 Θεὸς
3613 4007 3801 4062 τοῦτο’

493 4112 603 4167 que
649 4097 781 4153 talia
832 4095 979 4153 Deus
1036 4097 1137 4153 abs
1183 4106 1236 4154 te
1292 4099 1544 4170 requirit.
1609 4099 1862 4172 Requirit
1900 4111 2085 4159 autem

2193 4102 2323 4158 ἀλλὰ
2352 4099 2590 4172 φύλαξαι
2635 4101 2801 4166 τέως,
2836 4101 2915 4173 μὴ
2955 4099 3240 4156 κατελθεῖν
3285 4099 3456 4153 κάτω·
3505 4097 3582 4170 μὴ
3623 4116 3802 4154 κακο·

494 4189 595 4245 tibi
625 4197 685 4245 ut
709 4203 905 4245 caveas
935 4203 1003 4244 ne
1035 4187 1266 4246 inferius
1296 4189 1500 4247 labaris
1529 4197 1584 4246 et
1612 4206 1864 4258 corruas,
1894 4209 1962 4249 ne
1995 4195 2082 4250 in-

2193 4197 2422 4268 ποιήσῃς
2449 4195 2544 4249 τὸν
2579 4193 2810 4268 πλησίον
2833 4237 2849 4262 ,
2887 4193 2964 4266 μὴ
2998 4191 3232 4267 πλήξῃς.
3269 4190 3344 4264 μὴ
3380 4192 3800 4266 καταλαλήσῃςν

489 4282 642 4354 juria
666 4283 976 4353 proximum
1019 4280 1245 4347 aﬁlcias,
1275 4297 1345 4338 ne
1372 4285 1683 4354 percutias,
1713 4300 1784 4341 ne
1814 4286 2084 4359 obloqua-

2193 4287 2268 4359 μὴ
2293 4286 2618 4359 λοιδορήσῃς
2643 4325 2658 4351 ,
2695 4284 2772 4357 μὴ
2801 4282 3173 4356 ὲξουδενὼσῃς
3207 4298 3220 4313 ο
3258 4282 3355 4337 καὶ
3398 4281 3577 4345 οὕτως
3606 4281 3802 4337 λοιπὸν

491 4375 593 4440 ris,
633 4389 704 4430 ne
740 4374 1091 4441 convieieris,
1127 4389 1198 4430 ne
1219 4374 1491 4446 despicias
1517 4392 1532 4443 ;
1565 4385 1622 4432 et
1645 4377 1726 4434 sic
1755 4379 1962 4435 sensim
1994 4380 2083 4435 be-

2193 4377 2323 4450 ᾱρχε
2355 4377 2450 4431 καὶ
2479 4376 2792 4447 εὐεργετεῖν
2819 4374 3016 4446 μικρὸν
3047 4373 3138 4428 διὰ
3168 4371 3264 4427 τοῦ
3291 4370 3621 4444 θεραπεύειν
3652 4371 3800 4442 λόγῳ

493 4465 752 4522 nefacere
795 4465 1031 4537 incipis,
1081 4464 1213 4521 dum
1251 4435 1477 4523 fratrem
1529 4477 1694 4524 tuum-
1731 4485 1896 4526 curas
1931 4471 2079 4528 dulei

2317 4469 2550 4540 ἀδελφόν
2577 4435 2678 4522 σου
2715 4482 2729 4494 ·
2757 4435 2849 4521 δια
2877 4435 3035 4520 τοῦτο
3087 4435 3433 4537 συμπάσχειν
3464 4463 3618 4535 αὐτῷ
3653 4479 3665 4493 ·
3700 4435 3801 4520 ,ἐαὶι

494 4572 770 4621 sermone.
806 4558 942 4614 dum
985 4559 1317 4630 compateris
1362 4559 1480 4628 illi;
1517 4568 1572 4616 et
1615 4575 1741 4616 eum
1779 4577 1840 4620 re
1887 4563 1996 4619 ulla
2031 4564 2080 4619 ei

2193 4561 2282 4616 ἐὰν
2331 4560 2517 4632 χρήσῃ
2575 4559 2928 4630 πράγματος,
2973 4557 3267 4611 ἐπιδιδόναι
3319 4555 3493 4628 αὐτῷ’
3547 4554 3647 4610 καὶ
3697 4555 3796 4609 οὖ-

492 4663 632 4721 opus
661 4648 848 4718 fuerit,
875 4652 1067 4709 tradis.
1102 4651 1170 4708 Et
1209 4648 1290 4710 sic
1331 4667 1427 4724 per
1454 4653 1658 4725 gradus
1682 4655 2077 4722 conscendens,

2193 4669 2295 4717 τως
2351 4652 2480 4723 μίαν
2531 4650 2769 4724 βαθμίδα
2823 4649 3223 4722 ἀνερχόμενος,
3278 4648 3470 4718 φθάνει
3524 4649 3623 4702 σὺν
3673 4648 3797 4720 Θεῷ

491 4741 712 4798 tandem
740 4743 1039 4800 auxiliante
1067 4743 1299 4800 Domino
1321 4744 1388 4800 ad
1407 4746 1683 4802 scalarum
1706 4749 2077 4804 summitatem

2193 4745 2280 4799 Ital.
2325 4746 2406 4808 εἰς
2450 4742 2513 4797 τὺ
2550 4742 2723 4814 ἄκρον
2766 4742 2866 4812 τῆς
2901 4740 3194 4812 κλίμακος.
3232 4739 3334 4794 Διὰ
3368 4739 3480 4812 γὰρ
3518 4738 3615 4793 τοῦ
3649 4740 3795 4796 κατὰ

492 4833 800 4904 pervenies.
857 4833 939 4890 Ex
984 4835 1089 4891 hoc
1117 4836 1264 4891 enim
1301 4837 1520 4893 modico
1555 4838 1762 4895 auxilio
1795 4840 2074 4910 proximi,

2193 4837 2385 4908 μικρὸν
2431 4835 2649 4907 βοηθεῖν
2698 4833 2778 4905 τῷ
2821 4833 3050 4904 πλησίον
3070 4873 3086 4899 ,
3113 4832 3251 4904 ἔρχῃ
3279 4833 3372 4887 καὶ
3405 4834 3485 4896 είς
3519 4832 3584 4887 τὸ
3615 4832 3792 4886 θέλειν

492 4925 561 4980 ad
593 4923 652 4979 id
677 4926 1002 4982 conscendis
1032 4935 1092 4982 ut
1117 4935 1269 4996 optes
1309 4928 1660 4984 commodum
1700 4937 1755 4985 et
1784 4930 2075 4986 utilitatem

2193 4929 2241 4983 ιδ
2289 4927 2566 5000 συμφέρον
2614 4926 2784 4997 αὐτῷ,
2829 4925 2907 4990 ὡς
2945 4926 3008 4981 τὸ
3049 4925 3157 4992 σοὶ,
3208 4925 3489 4996 συμφέρον
3531 4943 3654 4992 σοι,
3696 4925 3789 4978 καὶ

493 5015 614 5087 ejus
644 5017 787 5072 sicut
813 5025 999 5085 tuam;
1032 5018 1213 5074 ethoc
1236 5025 1340 5086 est,
1377 5017 1578 5089 Diliges
1597 5021 1901 5090 proximum
1923 5030 2074 5075 tuum

2193 5021 2284 5092 τὴν
2309 5021 2582 5089 ὠφέλειαν
2612 5018 2788 5089 αὐτῷ,
2818 5016 2894 5082 ὡς
2922 5017 3023 5089 τὴν
3057 5019 3176 5091 σήν.
3218 5017 3330 5072 Kal.
3353 5017 3515 5072 τοῦτό
3547 5017 3670 5071 ἐστι
3703 5015 3779 5080 τὸ,

492 5109 635 5162 sicut
661 5118 722 5184 te
762 5110 956 5180 ipsum.
984 5107 1330 5165 Inveniemus
1372 5110 1580 5182 absque
1618 5112 1805 5180 dubio,
1837 5113 1885 5169 si
1919 5128 2072 5184 quat—

2193 5111 2556 5183 ’Λτιιπήο-εις
2607 5110 2714 5165 τὸν
2757 5109 3030 5179 πλησίον
3068 5124 3210 5176 σου,
3257 5109 3603 5177 (ὃς-ἑαυτόν.
3663 5107 3783 5161 Ἐὰν

492 5181 721 5270 ramus;
753 5209 808 5258 et
843 5203 890 5259 si
921 5201 1092 5259 Deum
1122 5203 1190 5258 ad
1215 5217 1372 5273 opem
1403 5181 1680 5260 lere-udam
1726 5181 2071 5271 invocemus,

2193 5181 2528 5276 ἷηέήσωμεν,
2558 5201 2912 5274 εὑρίσκομεν,
2945 5201 3042 5257 καὶ
3073 5201 3171 5257 ἐὰν
3205 5200 3450 5272 αἰτῶμεν
3487 5201 3579 5255 τὸν
3609 5199 3739 5255 Θεὸν
3763 5237 3779 5262 ,

494 5295 678 5349 statim
710 5293 884 5351 aderit
919 5311 1022 5352 nos
1059 5295 1397 5351 illum-inans.
1443 5295 1584 5351 Dicit
1627 5298 1770 5353 enim
1820 5295 2074 5368 Evange-

2193 5295 2406 5366 φωτίζει
2429 5296 2597 5367 ἡμᾶς.
2623 5293 2791 5363 Λέγει
2824 5294 2935 5364 γὰρ
2961 5297 3021 5349 ὲν
3059 5293 3140 5365 τῷ
3173 5293 3492 5365 Εὑαγγελίῳ
3515 5310 3529 5325 ·
3557 5293 3781 5348 Αἰτεῖτε

493 5381 624 5440 lium
651 5402 668 5438 :
694 5383 867 5439 Petito
892 5393 942 5440 et
965 5387 1234 5454 accipietis
1255 5401 1274 5440 :
1298 5387 1518 5455 querito
1536 5397 1584 5442 et
1616 5388 1925 5454 invenietis;
1947 5387 2080 5458 ραι-ι

2193 5389 2276 5444 sai
2297 5387 2620 5456 δοθήσεται
2648 5386 2813 5457 ὑμῖν,
2838 5386 3062 5457 ζητεῖτε
3078 5389 3175 5444 καί
3201 5387 3513 5457 εὑρήσετε,
3540 5386 3783 5456 κρούετε

491 5483 605 5531 sate
634 5486 683 5530 et
715 5477 980 5546 aperietur
1011 5476 1154 5532 vobis
1178 5487 1228 5532 τι.
1261 5475 1434 5533 Petita
1455 5517 1471 5545 ,
1516 5485 1577 5534 ut
1622 5479 1831 5535 scilicet
1859 5480 2069 5535 orando

2193 5481 2271 5535 sal
2301 5479 2692 5552 ἀνοιγήσεται
2720 5478 2884 5550 ὑμῖν.
2914 5480 3162 5549 Αἰτεῖτε,
3193 5480 3364 5550 λέγει,
3398 5480 3487 5535 ἵνα
3525 5490 3781 5550 παρακα-

493 3731 610 3796 dat,
645 3737 701 3786 et
725 3738 782 3787 te
804 3729 950 3785 inter
977 3729 1169 3785 ambas
1199 3729 1439 3785 medium
1478 3739 1608 3801 puta
1641 3748 1653 3784 :
1688 3745 1871 3786 annon
1903 3741 2084 3788 tecum

493 3822 767 3894 cogitares
798 3828 853 3877 et
885 3820 1132 3877 diceres:
1177 3819 1296 3889 Qua
1335 3836 1558 3892 possum
1592 3823 1680 3879 via
1711 3837 1778 3879 ex
1810 3832 1954 3880 terra
1985 3827 2087 3880 hac

494 3914 551 3970 in
586 3913 801 3985 apicem
836 3913 1108 3968 scalarum
1143 3913 1339 3968 harum
1377 3929 1502 3986 quae
1531 3917 1599 3971 ad
1632 3915 1801 3972 celos
1834 3916 2083 3990 dirigun-

565 5638 594 5678 ρ
625 5628 796 5684 Levit.
831 5647 947 5694 XIX,
978 5629 1076 5697 18;
1103 5631 1289 5689 Matth.
1329 5650 1380 5700 v,
1415 5634 1516 5702 43;
1543 5633 1706 5690 Marc.
1745 5650 1843 5700 xu,
1874 5633 1936 5688 51
1973 5652 1988 5701 ;
2022 5633 2085 5689 Ja

2197 5652 2229 5700 ι,
2269 5636 2324 5690 8.
2403 5647 2431 5687 ιι
2463 5637 2654 5695 Matth.
2685 5653 2787 5708 vn,
2825 5638 2890 5707 7;
2936 5637 3070 5696 Luc.
3100 5654 3161 5706 li,
3190 5639 3244 5695 9.

1782 5754 2013 5810 νΑΡιΙίΕ
2064 5755 2473 5813 LECTIONES.

558 5841 610 5936 ξ’
635 5845 797 5904 Ferte
821 5849 981 5925 apag.
