4058 6418
492 378 629 446 3783

1684 379 1746 438 S.
1808 376 2202 437 DOROTHEI
2263 379 2582 442 ABBATIS

3644 376 3773 440 ιῖειι

486 509 619 553 cens
667 501 724 550 et
774 500 1015 564 gratum.
1066 489 1367 562 Suhjiciam
1417 488 1769 560 exemplum:
1822 487 2078 546 Occurrit

2182 505 2269 553 τις
2301 490 2433 561 μίαν
2463 493 2708 564 ὀρφανὴν
2738 493 2832 547 καὶ
2855 492 3077 562 πτωχὴν
3099 490 3395 561 εὔμορφον,
3424 486 3515 541 καὶ
3550 487 3773 557 ἀρέσκε-

486 589 613 661 quis
645 587 908 657 orphante
932 584 1128 656 puellae
1154 593 1209 639 et
1236 584 1424 653 inopi:
1460 582 1621 653 cujus
1670 581 2082 652 pulchritudine

486 687 683 749 captus
715 686 771 733 et
798 677 1102 734 delectatus
1131 714 1147 741 ,
1185 674 1330 729 illam
1377 673 1611 743 suscipit
1660 673 1714 728 in
1752 673 1978 729 domum
2020 680 2082 728 ut

486 769 731 825 nutriat:
756 767 1002 823 exterius
1029 774 1209 821 autem
1239 765 1293 819 in
1323 763 1508 820 animo
1532 775 1592 820 ut
1620 763 1741 835 ejus
1773 764 2080 835 pulchritu-

485 861 615 917 dine
660 858 977 917 delectetur.
1023 855 1105 911 En
1145 857 1237 912 hic
1267 856 1522 913 voluntas
1551 854 1648 911 Dci
1685 865 1771 913 est
1808 866 1865 912 et
1911 856 2078 923 bona,

486 965 597 1005 non
626 960 807 1006 autem
836 948 1224 1020 beneplacens.
1255 946 1628 1019 Bencplacens
1645 947 1794 1003 enim
1819 956 1923 1017 est,
1951 963 2079 1004 cum

486 1042 612 1112 quis
639 1040 1042 1111 eleemosynam
1072 1039 1286 1104 fecerit,
1320 1054 1430 1094 non
1462 1046 1715 1109 respectu
1742 1038 1929 1110 aliquo
1975 1040 2080 1094 hu-

412 1192 424 1204 ,
484 1149 673 1202 mano,
702 1132 799 1189 sed
834 1133 904 1189 ob
944 1133 1125 1203 ipsum
1167 1133 1397 1199 bonum,
1442 1132 1515 1188 ob
1544 1133 1718 1203 ipsam
1763 1132 2081 1190 misericor-

485 1225 636 1280 diam
668 1233 723 1280 et
766 1225 1227 1295 compassionem.
1279 1223 1528 1282 Perfecta
1564 1234 1748 1282 autem
1791 1234 1875 1283 est
1899 1269 1915 1295 ,
1951 1242 2078 1284 cum

486 1316 612 1386 quis
641 1316 845 1386 petenti
880 1314 1070 1371 tribuit
1110 1330 1222 1371 non
1264 1330 1447 1386 parce,
1499 1331 1609 1372 non
1636 1314 1933 1381 desidiose,
1968 1332 2080 1372 non

487 1407 848 1479 negligenter,
887 1406 982 1464 sed
1019 1414 1288 1478 prompte,
1326 1408 1459 1463 totis
1489 1408 1719 1472 viribus,
1753 1417 1865 1465 tota
1900 1409 2081 1465 inten—

485 1500 675 1567 tione;
703 1498 893 1569 sicque
920 1497 1146 1569 praabet,
1178 1507 1238 1553 ut
1267 1500 1516 1570 accipere
1539 1518 1554 1564 ;
1592 1500 1680 1557 sic
1707 1500 1973 1557 beneﬂcio
1996 1500 2080 1557 af-

488 1593 625 1657 ficit,
656 1601 718 1648 ut
754 1591 1018 1669 beneficio
1045 1591 1185 1648 allici
1230 1592 1500 1649 videatur.
1536 1592 1615 1648 En
1645 1592 1945 1664 perfectam
1986 1610 2082 1651 vo-

487 1684 752 1740 luntatem
800 1683 919 1739 Dei.
963 1683 1043 1740 Ita
1082 1683 1386 1742 factitando
1426 1685 1667 1744 divinam
1716 1686 2099 1752 voluntatem,‘

487 1776 705 1846 qualem
728 1776 806 1831 ait
829 1775 1146 1846 Apostolus,
1169 1776 1853 1849 bonam,beneplacentem
1878 1788 1932 1835 et
1955 1793 2081 1849 per-

2182 599 2274 636 ται
2307 584 2398 639 διά
2418 585 2519 657 τὴν
2551 585 2879 658 εὐμορφίαν,
2913 584 3008 637 καὶ
3049 582 3323 652 λαμϐάνει
3356 579 3453 633 καὶ
3482 578 3775 649 ἀνατρέφει

2182 676 2356 747 αὐτήν
2383 694 2395 707 ·
2435 676 2689 745 δόξαντος
2719 675 2910 742 αὐτοῦ,
2938 677 3016 741 ὡς
3055 674 3304 747 ὀρφανὴν
3329 671 3555 743 πτωχὴν
3576 669 3775 740 εὔμορι

2182 784 2302 836 φον.
2346 768 2479 823 Ἰδοὺ
2524 768 2621 824 καὶ
2664 768 2880 841 θέλημα
2919 766 3058 821 Θεοῦ
3088 768 3207 820 ἐστι
3233 764 3330 819 καὶ
3362 764 3571 832 ἀγαθόν
3610 763 3775 821 ἐστιν,

2181 860 2245 915 ού
2302 861 2488 931 μέντοι
2526 861 2623 916 καὶ
2670 862 2988 933 εὐάρεστον.
3045 861 3119 912 Τὸ
3173 859 3231 912 δὲ
3293 857 3614 929 εὐάρεστον,
3654 855 3778 908 ὃταν

2184 956 2314 1025 ποιῇ
2338 971 2426 1018 τις
2458 952 2835 1025 ἐλεημοσύνην
2859 952 2920 1005 οὐ
2954 950 3044 1005 διά
3064 968 3182 1005 τινα
3215 948 3480 1017 λογισμὸν
3506 944 3780 1015 ἀνθρώπι-

2181 1058 2295 1107 νον,
2346 1042 2485 1097 ἀλλά
2516 1041 2584 1096 δι’
2640 1041 2773 1098 αὐτὸ
2792 1040 2855 1095 τὸ
2892 1039 3078 1103 καλὸν,
3125 1038 3215 1093 διά
3260 1038 3361 1109 τὴν
3411 1036 3773 1107 συμπάθειαν,

2181 1132 2344 1187 τοῦτό
2375 1135 2524 1187 ἐστιν
2553 1134 2851 1204 εὐάρεστον
2889 1133 2970 1205 τῷ
2994 1131 3137 1203 Θεῷ.
3190 1130 3264 1184 Τὸ
3303 1128 3361 1183 δὲ
3390 1128 3599 1183 τέλειόν
3633 1128 3779 1179 ἔστιν

2181 1226 2310 1281 ὅταν
2362 1226 2490 1296 ποιῇ
2542 1241 2630 1290 τις
2684 1222 3084 1295 ἐλεημοσύνην,
3144 1220 3221 1292 μὴ
3286 1219 3429 1274 κατά
3492 1217 3773 1282 κνιπείαν,

2184 1316 2322 1389 μηδὲ
2351 1315 2493 1371 κατά
2521 1316 2702 1381 ὄκνον,
2730 1315 2867 1387 μηδὲ
2913 1313 3058 1369 κατά
3095 1310 3411 1384 ὀλιγωρίαν,
3448 1309 3585 1364 ἀλλά
3627 1307 3776 1379 πάσῃ

2180 1409 2431 1485 δυνάμει,
2463 1408 2559 1462 καὶ
2589 1409 2740 1480 πάσῃ
2775 1406 3097 1478 προαιρέσει
3123 1443 3141 1469 ,
3170 1404 3345 1469 οὔτως
3386 1403 3645 1474 παρέχων
3663 1444 3680 1469 ,
3704 1403 3778 1466 ὡς

2181 1503 2346 1569 αὐτὸς
2387 1501 2708 1574 λαμὸάνων,
2757 1499 2933 1565 οὕτως
2958 1497 3289 1570 εὐεργετῶν,
3317 1496 3394 1561 ώς
3430 1496 3596 1558 αὐτὸς
3620 1493 3777 1563 εύερα

2181 1598 2533 1668 γετούμενος·
2563 1596 2659 1651 καὶ
2695 1594 2818 1649 τότε
2847 1594 3062 1663 γίνεται
3092 1591 3321 1646 τέλειον.
3351 1589 3465 1644 Καὶ
3489 1588 3666 1650 οὕτως
3689 1587 3776 1640 εὕ-

2184 1690 2439 1761 ρίσκεταί
2467 1706 2555 1755 τις
2586 1688 2759 1744 ποιῶν
2786 1688 2850 1742 τὸ
2894 1687 3109 1758 θέλημα
3137 1684 3231 1739 τοῦ
3258 1682 3398 1738 Θεοῦ
3419 1724 3436 1751 ,
3474 1682 3550 1748 ώς
3578 1681 3728 1751 λέγει
3750 1681 3779 1734 6

2194 1783 2538 1848 Ἀπόστολος,
2568 1782 2631 1836 τὸ
2674 1779 2881 1849 ἀγαθὸν
2915 1777 3011 1832 καὶ
3056 1777 3373 1847 εὐάρεστον,
3408 1776 3505 1832 καὶ
3546 1774 3775 1829 τέλειον.

488 1865 690 1923 fcctam
738 1867 1012 1938 complere
1048 1868 1175 1939 quis
1214 1869 1449 1940 poterit:
1497 1870 1601 1927 hoc
1642 1871 1907 1927 nimirum
1952 1880 2076 1939 est,

2196 1874 2329 1932 Ἰδοὺ
2359 1874 2519 1931 τοῦτό
2542 1876 2661 1930 ἐστι
2684 1872 2746 1929 τὸ
2778 1874 2837 1928 ὲν
2868 1871 3070 1941 γνώσει
3098 1871 3296 1925 ποιεῖν.

486 1956 635 2028 quod
671 1972 796 2013 cum
820 1957 1049 2014 scientia
1074 1964 1130 2013 et
1155 1958 1467 2030 cognitione
1492 1960 1721 2032 geritur.

559 2046 650 2104 Vl.
678 2049 842 2119 Optat
868 2064 1000 2105 vero
1049 2049 1250 2121 aliquis
1289 2060 1530 2109 vestrum
1568 2068 1869 2124 agnoscere
1900 2069 2079 2125 quan-

485 2150 607 2197 tum
643 2139 717 2197 sit
741 2139 970 2208 bonum,
1002 2150 1205 2212 quanta
1237 2144 1411 2215 gratia
1451 2143 1855 2218 eleemosynae?
1881 2160 2080 2217 magna

485 2229 735 2303 profecto
779 2240 883 2296 est,
929 2247 1052 2302 qua:
1094 2242 1272 2303 potest
1313 2243 1539 2306 pcccata
1576 2236 1874 2302 dimittere,
1908 2247 1970 2293 ut
2003 2239 2082 2294 ait

486 2324 756 2395 propheta
781 2343 795 2380 :
826 2323 1133 2395 Redemptio
1170 2328 1291 2393 viri,
1316 2338 1436 2383 sunt
1463 2330 1694 2400 propria:
1713 2330 1913 2386 divitia
1932 2340 1982 2386 ν.
2016 2330 2083 2388 Et

486 2418 600 2475 alio
626 2419 785 2475 loco:
823 2416 893 2473 In
920 2419 1263 2490 eteemosynis
1305 2420 1505 2475 redime
1549 2431 1768 2491 peccata
1810 2432 1901 2479 tua
1926 2437 1974 2478 ι.
2013 2424 2084 2481 Ει

486 2510 606 2582 ipse
634 2508 903 2567 Dominus
924 2510 1093 2567 dicit:
1129 2509 1315 2566 Estote
1337 2513 1721 2578 misericordes,
1749 2516 1887 2571 sicut
1915 2514 2083 2571 Pater

486 2612 658 2657 vester
690 2601 912 2657 caelestis
943 2601 1243 2657 misericors
1269 2614 1345 2658 est
1377 2613 1422 2656 ι.
1472 2601 1591 2659 Νοιι
1630 2604 1788 2671 dixit,
1818 2606 2078 2676 iejunate,

486 2703 552 2751 ut
586 2691 749 2752 Pater
775 2703 954 2752 vester
982 2694 1223 2751 cmlestis
1257 2694 1493 2766 jejunat.
1536 2695 1725 2768 Neque
1756 2697 1915 2767 dixit,
1947 2713 2083 2770 pau-

486 2801 649 2858 peres
679 2794 877 2853 estote,
906 2796 967 2842 ut
992 2786 1155 2843 Pater
1179 2797 1361 2844 vester
1386 2788 1627 2846 ccclestis
1654 2790 1813 2863 inops
1838 2800 1941 2849 est.
1973 2792 2080 2849 Sed

487 2880 621 2951 quid
644 2878 745 2934 ait?
763 2878 954 2935 Estote
970 2881 1361 2946 misericordes,
1382 2882 1520 2939 sicut
1548 2881 1713 2937 Pater
1741 2895 1910 2941 vester
1928 2888 2082 2943 coale-

486 2970 586 3025 stis
604 2971 903 3027 misericors
918 2970 1294 3045 estLProprie
1315 2973 1461 3031 enim
1488 2975 1661 3033 virtus
1690 2976 1804 3048 ipsa
1833 2977 2083 3035 imitatur

488 3061 687 3129 Deum,
709 3062 886 3133 ipsum
913 3064 1171 3134 exprimit
1190 3073 1244 3122 et
1265 3066 1555 3138 significat.
1593 3066 1709 3125 Hoc
1730 3068 1894 3139 igitur
1909 3085 2081 3141 scopo

2252 2063 2345 2131 ς’.
2382 2060 2540 2115 Θέλει
2563 2059 2672 2132 γάρ
2703 2076 2789 2124 τις
2815 2056 3109 2129 γινώσκειν
3149 2054 3283 2111 αὐτὸ
3327 2054 3388 2109 τὸ
3433 2050 3642 2123 ἀγαθὸν
3680 2052 3777 2124 τῆς

2179 2153 2584 2226 ἐλεημοσύνης,
2635 2142 2805 2223 αύτῆν
2851 2150 2952 2222 τὴν
2994 2149 3158 2221 χάριν
3204 2148 3376 2219 αὐτῆς
3423 2146 3508 2201 ὃτι
3561 2144 3774 2217 μεγάλη

2179 2247 2351 2313 ἐστὶν,
2377 2247 2459 2303 ὅτι
2481 2245 2706 2300 δύναται
2727 2244 2825 2299 καὶ
2851 2243 3126 2315 ἁμαρτίας
3148 2240 3390 2312 ἀφιέναι,
3415 2238 3602 2303 καθὼς
3626 2237 3775 2307 λέγει

2179 2342 2208 2395 6
2234 2341 2524 2413 προφήτης
2544 2356 2559 2371 ο
2590 2340 2826 2408 Λύτρον
2845 2336 3089 2404 ἀνδρὸς.
3114 2336 3148 2389 6
3171 2334 3325 2400 τὸιος
3350 2332 3639 2397 πλοῦτος,
3667 2330 3775 2385 Καὶ

2180 2430 2345 2486 πάλιν
2370 2428 2607 2500 ἀλλαχοῦ
2632 2428 2815 2497 λέγει’
2854 2425 3325 2496 Ἑλεημοσύναις
3343 2424 3647 2491 λύτρωσαι
3671 2421 3775 2488 τὰς

2180 2521 2471 2591 ἁμαρτίας
2497 2534 2635 2575 σου.
2673 2517 2785 2571 Καὶ
2816 2516 2980 2583 αὐτὸς
3012 2518 3041 2569 6
3079 2514 3287 2586 Κύριος
3312 2509 3436 2567 εἷπε
3458 2529 3473 2544 ο
3518 2514 3776 2568 Γίνεσθε

2180 2612 2573 2681 οἰκτίρμονες,
2604 2608 2800 2676 καθὼς
2826 2608 2924 2661 καὶ
2956 2610 2989 2662 ό
3017 2605 3222 2675 Πατὴρ
3247 2604 3417 2675 ὑμῶν
3438 2606 3473 2659 ὁ
3492 2602 3774 2672 οὐράνιος

2180 2705 2499 2774 οἰκτίρμων
2527 2703 2722 2758 ἐστίν.
2757 2702 2873 2755 Οὐκ
2902 2695 3055 2762 εἶπε*
3089 2698 3464 2770 Νηστεύσατε,
3500 2696 3575 2760 ὡς
3608 2699 3642 2751 6
3671 2699 3775 2752 Πα-

2179 2799 2283 2870 τὴρ
2310 2799 2464 2871 ὑμῶν
2505 2799 2534 2853 6
2577 2796 2830 2868 οὐράνιος
2858 2793 3133 2865 νηστεύει.
3176 2793 3314 2847 Οὐδὲ
3342 2787 3500 2846 εἷπε·
3552 2788 3776 2845 Γίνεσθε

2181 2895 2488 2965 ἀκτήμονες
2507 2932 2521 2957 ,
2570 2890 2648 2954 ὡς
2679 2894 2706 2945 6
2750 2889 2939 2961 Πατὴρ
2972 2887 3130 2958 ὑμῶν
3161 2889 3195 2941 6
3218 2886 3474 2958 οὐράνιος
3503 2885 3773 2954 ἀκτήμων

2180 2986 2348 3041 ἐστίν.
2384 2985 2545 3039 Ἀλλά
2576 2984 2631 3037 τί
2662 2983 2842 3051 λέγει;
2874 2982 3130 3036 Γίνεσθε
3153 2978 3545 3048 οικτίρμονες,
3579 2976 3776 3042 καθὼς

2181 3078 2282 3133 καὶ
2315 3081 2348 3134 ὀ
2388 3076 2591 3146 Πατὴρ
2628 3073 2798 3147 ὑμῶν
2829 3078 2863 3130 ὁ
2899 3072 3182 3143 οὐράνιος
3225 3071 3550 3140 οἰκτίρμων
3580 3069 3773 3125 ἐστίν.

487 3157 1021 3223 ctconsideratione,
1049 3167 1109 3213 ut
1133 3158 1500 3232 dixi,semper
1523 3161 1685 3219 nobis
1706 3176 1847 3233 opus
1879 3176 1996 3229 est;
2022 3172 2079 3219 ut

2201 3169 2407 3234 Ἰδικῶς
2444 3170 2554 3241 γὰρ
2598 3170 2633 3239 ἠ
2677 3168 2848 3240 ἀρετὴ
2884 3166 3024 3238 αὕτη
3076 3166 3330 3237 μιμεῖται
3374 3164 3543 3218 Θεόν·
3597 3180 3774 3236 χαρα-

487 3264 704 3320 semper
726 3250 920 3307 intenti
942 3251 1118 3308 simus
1136 3267 1262 3309 cum
1290 3252 1520 3309 scientia
1544 3262 1598 3309 et
1617 3254 1930 3326 cognitione
1955 3270 2080 3327 ope-

2185 3263 2433 3335 κτηρίζει
2461 3262 2645 3317 αὐτόν.
2676 3260 2850 3333 Χρεία
2874 3256 2968 3314 οὖν
2998 3260 3170 3324 ἐστιν,
3202 3257 3280 3321 ὡς
3306 3257 3560 3327 εἴπομεν,
3597 3256 3774 3327 τούτῳ

486 3339 802 3397 rari.Varie
826 3342 973 3398 enim
993 3350 1049 3399 et
1068 3343 1731 3402 diﬂ‘erenterconsiderari
1778 3348 1922 3403 solct
1966 3348 2079 3403 ele-

488 3445 776 3503 emosyna.
806 3433 964 3490 Alius
998 3434 1145 3490 enim
1172 3433 1305 3491 facit
1322 3436 1726 3509 eleemosynam
1757 3446 1818 3494 ut
1851 3437 2078 3495 benedi-

489 3529 688 3583 cantur
714 3539 842 3580 rura
865 3542 966 3582 sua
983 3544 1003 3594 ;
1023 3534 1079 3581 et
1103 3526 1247 3583 Deus
1274 3527 1462 3598 utique
1489 3528 1653 3599 hujus
1681 3545 1811 3586 rura
1833 3539 1889 3585 et
1914 3544 2079 3602 agros

489 3614 784 3671 benedicit.
818 3615 973 3674 Alius
1004 3617 1407 3689 eleemosynam
1443 3617 1608 3686 facit,
1647 3635 1715 3676 ne
1741 3622 2080 3692 periclitetur

488 3708 651 3763 navis
672 3722 775 3764 sua
810 3707 861 3764 in
890 3708 1063 3778 mari;
1091 3718 1147 3765 et
1178 3711 1320 3767 Dcus
1355 3712 1545 3782 utique
1576 3712 1735 3770 istius
1765 3729 1958 3770 navem
1986 3716 2081 3769 de-

488 3801 644 3857 ducit
675 3804 729 3857 in
765 3812 984 3874 portum
1028 3803 1357 3860 incolumem
1386 3814 1441 3860 et
1469 3805 1660 3862 salvat.
1697 3806 1856 3864 Alius
1890 3816 1951 3863 ut
1978 3822 2079 3861 cu-

488 3895 695 3952 stodiat
742 3893 886 3952 Deus
941 3895 1081 3952 ﬁlios
1128 3911 1305 3964 suos;
1344 3906 1401 3953 et
1447 3898 1553 3955 hos
1584 3913 1802 3971 quoque
1839 3899 2080 3957 custodit

486 3989 657 4046 Deus.
685 3988 842 4047 Alius
868 3998 933 4046 ut
966 3989 1196 4062 gloriam
1226 4002 1642 4063 consequatur;
1680 4002 1735 4049 et
1768 3992 1897 4049 huic
1934 3992 2079 4050 Deus

489 4082 721 4153 gloriam
770 4081 1024 4155 largitur,
1066 4091 1122 4140 et
1165 4084 1441 4141 neminem
1490 4083 1710 4141 fraudat
1759 4085 1923 4142 Deus.
1972 4084 2078 4141 Sed

488 4173 636 4245 quod
686 4173 923 4245 quisque
964 4173 1222 4243 voluerit,
1260 4175 1367 4232 hoc
1411 4174 1491 4230 illi
1532 4174 1650 4241 dat,
1685 4176 1988 4232 dummodo
2024 4176 2075 4231 id

489 4266 598 4322 tale
624 4281 732 4322 non
757 4265 828 4324 sit
858 4267 1003 4337 quod
1031 4266 1229 4324 anima:
1259 4282 1373 4324 sua:
1409 4277 1624 4325 noceat.
1663 4268 1766 4325 Sed
1799 4269 1858 4324 hi
1888 4284 2081 4326 omnes

486 4364 797 4421 mercedem
827 4380 984 4422 suam
1016 4365 1314 4423 amittunt:
1350 4367 1561 4423 nullum
1592 4367 1737 4423 enim
1766 4366 2077 4437 depositum

488 4466 716 4512 servant
762 4457 906 4526 apud
956 4454 1151 4523 Deum,
1191 4471 1319 4513 cum
1369 4457 1593 4514 illorum
1638 4456 1868 4513 intentio
1911 4472 2078 4528 quam

2180 3354 2260 3426 τῷ
2313 3352 2501 3424 σκοπῷ
2552 3353 2845 3425 προσέχειν
2890 3351 3013 3417 ἀεὶ,
3063 3349 3161 3404 καὶ
3204 3350 3263 3404 ὲν
3316 3347 3518 3418 γνώσει
3580 3350 3774 3403 ποιεῖν.

2184 3446 2362 3518 Πολλὴ
2391 3446 2501 3518 γάρ
2528 3449 2677 3500 ἐστιν
2705 3448 2738 3517 ἡ
2771 3443 3027 3515 διαφορά,
3069 3442 3165 3496 καὶ
3190 3441 3285 3495 ἐπὶ
3312 3440 3406 3495 τοῦ
3437 3440 3649 3495 σκοποῦ
3678 3440 3777 3509 τῆς

2181 3538 2577 3611 ὲλεημοσύνης.
2612 3538 2769 3592 Ἔστι
2803 3536 2913 3607 γάρ
2937 3552 3025 3599 τις
3055 3533 3228 3588 ποιῶν
3258 3531 3656 3603 ἐλεημοσύνην,
3689 3529 3779 3583 διὰ

2181 3631 2242 3686 τὸ
2268 3628 2630 3701 εύλογηθῆναι
2668 3627 2729 3682 τὸ
2754 3626 2956 3698 χωρίον
2983 3623 3171 3688 αὑτοῦ,
3201 3624 3297 3678 καὶ
3330 3627 3358 3678 6
3390 3623 3527 3687 Θεὸς
3555 3622 3776 3690 εὐλογεῖ

2180 3722 2243 3778 τὸ
2270 3722 2469 3794 χωρίον
2502 3718 2668 3774 αὐτοῦ
2703 3734 2719 3750 ⁶
2769 3719 2932 3783 ἀλλος
2981 3720 3129 3772 ποιεῖ
3170 3715 3566 3788 ἐλεημοσύνην,
3602 3714 3691 3767 διά
3718 3711 3780 3767 τὸ

2181 3816 2367 3870 πλοῖον
2410 3813 2600 3879 αὐτοῦ,
2648 3813 2743 3867 καὶ
2783 3813 2814 3866 6
2845 3812 2977 3875 Θεὸς
3015 3809 3181 3875 σώζει
3227 3811 3288 3864 τὸ
3341 3810 3525 3864 πλοῖον
3565 3805 3735 3862 αὑτοῦ
3759 3822 3776 3837 ·

2182 3908 2342 3972 ἀλλος
2376 3908 2524 3961 ποιεῖ
2566 3905 2655 3960 διὰ
2697 3904 2769 3959 τά
2812 3904 2983 3958 τέκνα
3015 3901 3207 3970 αὐτοῦ,
3257 3900 3354 3955 καλ⁸
3387 3902 3416 3954 6
3443 3900 3579 3963 Θεὸς
3614 3897 3780 3963 σώζει

2182 4002 2276 4057 καὶ
2295 4000 2552 4070 φυλάττει
2578 3996 2650 4052 τά
2669 3996 2837 4050 τέκνα
2849 3994 3015 4048 αὑτοῦ
3036 4010 3050 4023 ’
3089 3992 3247 4056 ἄλλος
3270 3992 3417 4045 ποιεῖ
3432 3988 3521 4044 διὰ
3541 3988 3603 4043 τὸ
3622 3987 3781 4053 δοξα-

2183 4096 2401 4165 σθῆναι,
2437 4092 2534 4147 καὶ
2564 4093 2594 4145 ὁ
2620 4089 2753 4153 Θεὸς
2786 4087 3001 4154 δοξάζει
3043 4085 3228 4152 αὐτὸν,
3264 4084 3359 4138 καὶ
3387 4084 3488 4137 ούκ
3531 4081 3720 4136 ἀθετεῖ
3752 4080 3781 4136 6

2180 4188 2315 4252 Θεὸς
2337 4203 2481 4241 τινα.
2523 4183 2687 4239 Ἀλλά
2711 4182 2741 4237 ὃ
2767 4182 2910 4236 θέλει
2937 4181 3168 4244 ἕκαστος
3194 4177 3427 4248 παρέχει
3453 4174 3628 4246 αύτῷ,
3649 4174 3779 4228 ὅταν

2186 4282 2262 4354 μὴ
2298 4280 2595 4350 βλάπτεται
2629 4278 2695 4331 ἐκ
2721 4274 2916 4330 τούτου
2955 4275 2989 4345 ἡ
3035 4271 3183 4343 ψυχὴ
3214 4268 3405 4325 αὑτοῦ.
3453 4268 3601 4322 Ἀλλ’
3629 4261 3778 4320 οὗτοι

2182 4375 2386 4437 πάντες
2438 4370 2704 4441 ἀπέχουσι
2762 4367 2855 4422 τὸν
2923 4365 3118 4437 μισθὸν
3171 4362 3394 4416 αὐτῶνθ
3458 4360 3615 4414 οὐδὲν
3666 4358 3779 4429 γὰρ

2182 4465 2451 4521 ἀπέθεντο
2476 4462 2690 4526 ἑαυτοῖς
2722 4459 2875 4531 παρὰ
2902 4457 2982 4528 τῷ
3010 4456 3151 4527 Θεῷ,
3175 4454 3365 4526 ἐπειδὴ
3395 4453 3489 4507 καὶ
3518 4454 3550 4507 6
3575 4450 3781 4515 σκοπὸς

486 4547 878 4617 ρτιειηίεοιιιηι
901 4589 916 4615 ,
952 4562 1062 4603 non
1108 4549 1275 4605 fuerit
1311 4549 1383 4605 ob
1424 4548 1713 4605 utilitatem
1752 4548 1971 4603 animae.
2008 4547 2080 4604 Ut

2182 4553 2241 4608 ὃν
2271 4550 2600 4624 προέθεντο,
2651 4548 2752 4602 οὐκ
2782 4544 2852 4619 ἦν
2883 4547 2974 4602 διά
3004 4545 3105 4617 τὴν
3142 4545 3413 4615 ὠφέλειαν
3463 4544 3564 4613 τῆς
3598 4540 3780 4613 ψυχῆς

486 4637 836 4695 benediceret
876 4638 1015 4695 Deus
1050 4655 1178 4696 rura
1208 4650 1263 4696 et
1290 4655 1453 4710 agros
1485 4648 1631 4705 tuos,
1661 4638 1872 4705 fecisti;
1908 4639 2078 4696 benc-

486 4730 630 4787 disit
660 4730 749 4786 illa
786 4729 928 4787 Deus
954 4749 975 4799 ;
1012 4733 1084 4788 ob
1113 4731 1257 4788 filios
1289 4741 1417 4788 tuos
1443 4729 1663 4797 fecisti;
1692 4730 1990 4788 custodivit
2016 4729 2079 4784 fi—

487 4817 596 4877 rtos
621 4829 747 4878 tuos
785 4822 972 4880 Deus:
1010 4831 1070 4879 ut
1102 4823 1337 4896 gloriam
1378 4821 1819 4891 consequereris,
1866 4820 2076 4889 fecisti;

486 4911 718 4981 gloriam
751 4913 850 4969 tibi
885 4913 1113 4984 largitus
1140 4924 1225 4971 est
1254 4914 1418 4971 Deus.
1458 4912 1577 4978 Qua
1608 4913 1773 4984 igitur
1800 4913 1856 4969 in
1890 4930 1953 4969 re
1979 4914 2078 4969 de-

487 5004 633 5061 bitor
661 5014 789 5063 tuus
815 5015 899 5062 cst
929 5007 1117 5063 Deus?
1145 5006 1400 5063 Reddidit
1442 5005 1540 5061 tibi
1571 5020 1765 5062 eorum
1792 5021 1917 5079 quae
1946 5004 2082 5063 feci-

487 5100 583 5165 sli,
613 5116 780 5172 quam
829 5101 1050 5158 voluisti
1079 5102 1335 5172 gratiam.
1368 5100 1463 5156 Est
1498 5108 1682 5156 autem
1722 5109 1777 5157 et
1820 5101 1964 5157 alius
1998 5099 2079 5156 fa-

489 5192 642 5249 t-icns
673 5193 1077 5265 eleemosynam
1128 5202 1190 5250 ut
1238 5192 1500 5249 liberetur
1547 5206 1579 5247 a
1623 5200 1852 5248 ventura
1897 5207 2079 5263 paena.

489 5282 633 5341 Ecce
666 5284 757 5340 hic
784 5283 919 5341 facit
953 5286 1026 5341 ob
1069 5285 1355 5342 utilitatem
1394 5284 1597 5340 animas
1635 5299 1749 5340 sua:
1775 5321 1792 5347 ,
1832 5284 1923 5340 hic
1954 5285 2085 5340 facit

489 5384 711 5449 propter
754 5376 946 5433 Deum.
1002 5375 1123 5433 Non
1176 5386 1357 5433 tamen
1388 5388 1443 5433 et
1481 5376 1573 5432 hic
1606 5376 1832 5432 omnino
1864 5384 1924 5430 ut
1969 5377 2081 5432 vnlt

495 5470 661 5535 Deus,
697 5468 848 5525 facit.
885 5470 1081 5527 Adhuc
1118 5471 1264 5527 enim
1315 5471 1370 5525 in
1419 5470 1603 5526 servili
1654 5477 1799 5525 statu
1833 5479 1919 5526 est
1968 5470 2077 5525 hic.

2178 4645 2378 4699 αὐτῶν.
2408 4642 2511 4697 Διά
2540 4642 2601 4695 τὸ
2625 4639 2994 4711 εὐλογηθῆναι
3015 4638 3077 4692 τὸ
3105 4636 3305 4709 χωρίον
3341 4653 3461 4700 σου,
3488 4634 3779 4706 ἐποίησας,

2176 4737 2471 4808 εὐλόγησεν
2502 4736 2531 4789 6
2572 4733 2707 4797 Θεὸς
2747 4732 2810 4785 τὸ
2849 4730 3052 4803 χωρίον
3083 4746 3179 4783 σου
3200 4744 3217 4760 ·
3258 4728 3351 4782 διά
3379 4728 3448 4782 τά
3479 4726 3645 4781 τέκνα
3683 4739 3783 4778 σου

2177 4831 2465 4903 ἐποίησας,
2496 4825 2733 4897 ἐφύλαξε
2757 4824 3019 4903 τὰτέκνα
3050 4842 3146 4879 σου
3176 4825 3206 4877 6
3229 4823 3383 4887 Θεός.
3414 4822 3514 4901 4ιά
3539 4821 3604 4875 τὸ
3626 4820 3788 4884 δοξά-

2180 4921 2375 4994 σθῆναι
2406 4918 2695 4989 ἐποίησας,
2726 4916 2947 4981 ὲδόξασέ
2972 4933 3034 4970 σε
3061 4918 3089 4971 6
3107 4917 3261 4979 Θεός.
3298 4915 3364 4969 Τί
3390 4911 3484 4969 οὖν
3515 4913 3792 4985 χρεωστεῖ

2179 5030 2263 5067 σοι
2302 5011 2331 5064 6
2379 5008 2552 5074 Θεός;
2595 5008 2869 5062 Ἀπέδωκέ
2902 5024 2985 5062 σοι
3029 5007 3121 5062 τὸν
3154 5007 3349 5079 μισθὸν
3381 5000 3459 5061 ὧν
3491 5005 3786 5076 ἐποίησας.

2183 5106 2343 5159 Ἔστι
2373 5101 2431 5155 δὲ
2477 5099 2636 5164 ἄλλος
2677 5098 2850 5153 ποιῶν
2900 5097 3297 5170 ἐλεημοσύνην,
3337 5098 3425 5152 ἵνα
3458 5096 3632 5167 ρυσθῇ
3674 5093 3792 5149 ἀπὸ

2180 5197 2279 5267 τῆς
2314 5192 2615 5266 μελλούσης
2653 5192 2930 5257 κολάσεως
2955 5210 2970 5224 ·
3025 5192 3136 5247 ἰδοὺ
3178 5185 3334 5255 οὗτος
3371 5192 3517 5243 ποιεῖ
3557 5188 3650 5243 διὰ
3686 5188 3795 5258 τὴν

2181 5286 2358 5358 ψυχὴν
2385 5284 2551 5340 αὐτοῦ
2573 5302 2586 5316 ·
2624 5278 2781 5349 οὗτος
2814 5282 2962 5338 κατὰ
2987 5282 3122 5338 Θεὸν
3158 5285 3305 5337 ποιεῖ
3326 5299 3340 5312 ·
3374 5281 3514 5353 πλὴν
3542 5282 3645 5336 οὐκ
3670 5281 3796 5334 ἔστι

2186 5380 2279 5434 καὶ
2309 5376 2493 5441 καθὼς
2523 5378 2667 5432 θέλει
2694 5380 2723 5432 6
2753 5377 2904 5441 Θεός.
2950 5376 3159 5447 ’Δκμὴν
3198 5377 3311 5449 γάρ
3339 5378 3399 5431 ὲν
3441 5378 3509 5448 τῇ
3560 5376 3791 5446 δουλικῇ

2189 5470 2522 5525 καταστάσει
2553 5470 2723 5524 ἐστίν.
2767 5469 2825 5523 '0
2859 5468 3048 5533 δοῦλος
3072 5469 3133 5522 ού
3165 5471 3319 5526 ποιεῖ,
3342 5468 3405 5522 τὸ
3440 5467 3657 5538 θέλημα
3689 5465 3791 5521 τοῦ

493 5559 697 5617 Servus
724 5563 868 5617 cnim
902 5580 1007 5618 non
1034 5563 1160 5619 facit
1189 5564 1521 5619 voluntatem
1550 5562 1757 5617 domini
1781 5563 1864 5616 sui
1893 5574 2080 5632 sponte

2193 5564 2387 5635 κυρίου
2432 5563 2597 5618 αὑτοῦ
2651 5562 2857 5627 θέλων,
2908 5562 3048 5616 ἀλλά
3104 5562 3442 5633 φοϐούμενος
3494 5564 3569 5633 μὴ
3620 5562 3790 5634 δαρῇ.

502 5663 556 5708 et
602 5654 815 5719 volens,
851 5658 944 5713 sed
984 5658 1182 5713 timens
1214 5672 1282 5712 ne
1331 5656 1573 5726 vapulet.
1616 5653 1881 5711 Similiter
1911 5664 1968 5711 et
2014 5656 2080 5710 Ιιί‹

2192 5657 2428 5727 Ὁμοίως
2461 5649 2619 5721 οὗτος
2654 5657 2819 5723 ποιεῖ,
2852 5656 2940 5710 ἵνα
2971 5654 3143 5728 ῥυσθῇ
3175 5653 3276 5725 τῆς
3305 5654 3603 5721 κολάσεως,
3638 5654 3739 5708 καὶ
3762 5652 3792 5703 6

566 5846 591 5875 ν
622 5836 755 5894 'fob.
790 5853 882 5908 xu,
909 5840 960 5897 9.
1040 5857 1063 5885 ι
1094 5840 1252 5899 Prov.
1289 5857 1408 5909 xm,
1441 5841 1491 5897 8.
1572 5849 1595 5888 ἲ
1638 5838 1770 5896 Dan.
1804 5857 1875 5906 iv,
1907 5838 1997 5894 9.1.
2076 5849 2097 5877 ι
2130 5836 2262 5897 Luc.
2287 5852 2362 5906 vt,
2391 5837 2477 5893 '56.
