  <div class='ocr_page' id='page_1' title='image "/cluster/home/n/w/nwhite01/storage/ocr_20150623/88/coo.31924054869924/998.png"; bbox 0 0 4058 6414; ppageno 0'>
   <div class='ocr_carea' id='block_1_1' title="bbox 323 382 458 447">
    <p class='ocr_par' dir='ltr' id='par_1_1' title="bbox 323 382 458 447">
     <span class='ocr_line' id='line_1_1' title="bbox 323 382 458 447; baseline -0.015 0"><span class='ocrx_word' id='word_1_1' title='bbox 323 382 458 447; x_wconf 81' lang='lat'><strong>1785</strong></span> 
     </span>
    </p>
   </div>
   <div class='ocr_carea' id='block_1_2' title="bbox 1678 396 2235 463">
    <p class='ocr_par' dir='ltr' id='par_1_2' title="bbox 1678 396 2235 463">
     <span class='ocr_line' id='line_1_2' title="bbox 1678 396 2235 463; baseline 0.011 -6"><span class='ocrx_word' id='word_1_2' title='bbox 1678 396 2060 458; x_wconf 84' lang='lat' dir='ltr'><strong>DOCTRINA</strong></span> <span class='ocrx_word' id='word_1_3' title='bbox 2083 399 2235 463; x_wconf 86' lang='lat' dir='ltr'><strong>XIV.</strong></span> 
     </span>
    </p>
   </div>
   <div class='ocr_carea' id='block_1_3' title="bbox 3459 408 3598 477">
    <p class='ocr_par' dir='ltr' id='par_1_3' title="bbox 3459 408 3598 477">
     <span class='ocr_line' id='line_1_3' title="bbox 3459 408 3598 477; baseline 0.022 -3"><span class='ocrx_word' id='word_1_4' title='bbox 3459 408 3598 477; x_wconf 72' lang='lat'><strong>1786</strong></span> 
     </span>
    </p>
   </div>
   <div class='ocr_carea' id='block_1_4' title="bbox 319 490 1896 588">
    <p class='ocr_par' dir='ltr' id='par_1_4' title="bbox 319 490 1896 580">
     <span class='ocr_line' id='line_1_4' title="bbox 319 490 1896 580; baseline 0.01 -34"><span class='ocrx_word' id='word_1_5' title='bbox 319 495 450 556; x_wconf 82' lang='grc' dir='ltr'>Θεὸς</span> <span class='ocrx_word' id='word_1_6' title='bbox 479 490 668 564; x_wconf 77' lang='grc' dir='ltr'>ῥύεται</span> <span class='ocrx_word' id='word_1_7' title='bbox 698 492 864 552; x_wconf 77' lang='grc' dir='ltr'>αὐτὸν</span> <span class='ocrx_word' id='word_1_8' title='bbox 891 495 988 550; x_wconf 81' lang='grc' dir='ltr'><strong>ἀπ’</strong></span> <span class='ocrx_word' id='word_1_9' title='bbox 1010 499 1201 571; x_wconf 80' lang='grc' dir='ltr'>αὐτῆς.</span> <span class='ocrx_word' id='word_1_10' title='bbox 1229 501 1423 567; x_wconf 72' lang='grc' dir='ltr'>Ἄλλος</span> <span class='ocrx_word' id='word_1_11' title='bbox 1455 507 1603 560; x_wconf 81' lang='grc' dir='ltr'>ποιεῖ</span> <span class='ocrx_word' id='word_1_12' title='bbox 1625 507 1724 579; x_wconf 81' lang='grc' dir='ltr'>τὴν</span> <span class='ocrx_word' id='word_1_13' title='bbox 1753 508 1896 580; x_wconf 77' lang='grc' dir='ltr'>ἐλεη-</span> 
     </span>
    </p>
   </div>
   <div class='ocr_carea' id='block_1_5' title="bbox 1998 490 3593 588">
    <p class='ocr_par' dir='ltr' id='par_1_5' title="bbox 2009 504 3593 588">
     <span class='ocr_line' id='line_1_5' title="bbox 2009 504 3593 588; baseline 0.01 -27"><span class='ocrx_word' id='word_1_14' title='bbox 2009 504 2177 574; x_wconf 85' lang='lat' dir='ltr'><strong>facit,</strong></span> <span class='ocrx_word' id='word_1_15' title='bbox 2207 515 2268 564; x_wconf 90' lang='lat' dir='ltr'><strong>ut</strong></span> <span class='ocrx_word' id='word_1_16' title='bbox 2307 524 2339 564; x_wconf 88' lang='lat' dir='ltr'><strong>a</strong></span> <span class='ocrx_word' id='word_1_17' title='bbox 2383 525 2548 582; x_wconf 76' lang='lat' dir='ltr'><strong>ptem</strong></span> <span class='ocrx_word' id='word_1_18' title='bbox 2587 511 2795 570; x_wconf 88' lang='lat' dir='ltr'><strong>scilicet</strong></span> <span class='ocrx_word' id='word_1_19' title='bbox 2833 513 3115 581; x_wconf 87' lang='lat' dir='ltr'><strong>liberetur,</strong></span> <span class='ocrx_word' id='word_1_20' title='bbox 3155 525 3208 572; x_wconf 89' lang='lat' dir='ltr'><strong>et</strong></span> <span class='ocrx_word' id='word_1_21' title='bbox 3241 517 3416 588; x_wconf 87' lang='lat' dir='ltr'><strong>ipsum</strong></span> <span class='ocrx_word' id='word_1_22' title='bbox 3451 520 3593 577; x_wconf 81' lang='lat' dir='ltr'><strong>Deus</strong></span> 
     </span>
    </p>
   </div>
   <div class='ocr_carea' id='block_1_6' title="bbox 323 585 1896 680">
    <p class='ocr_par' dir='ltr' id='par_1_6' title="bbox 323 585 1896 671">
     <span class='ocr_line' id='line_1_6' title="bbox 323 585 1896 671; baseline 0.012 -35"><span class='ocrx_word' id='word_1_23' title='bbox 323 585 580 658; x_wconf 86' lang='grc' dir='ltr'>μοσύνην,</span> <span class='ocrx_word' id='word_1_24' title='bbox 629 585 716 640; x_wconf 84' lang='grc' dir='ltr'><strong>ῖνα</strong></span> <span class='ocrx_word' id='word_1_25' title='bbox 756 585 898 660; x_wconf 83' lang='grc' dir='ltr'>λάϐῃ</span> <span class='ocrx_word' id='word_1_26' title='bbox 944 590 1156 660; x_wconf 86' lang='grc' dir='ltr'>μισθόν.</span> <span class='ocrx_word' id='word_1_27' title='bbox 1197 593 1370 648; x_wconf 83' lang='grc' dir='ltr'>Τοῦτο</span> <span class='ocrx_word' id='word_1_28' title='bbox 1421 597 1755 670; x_wconf 65' lang='grc' dir='ltr'>ὑψηλότερον</span> <span class='ocrx_word' id='word_1_29' title='bbox 1804 601 1896 671; x_wconf 63' lang='grc' dir='ltr'>μέν</span> 
     </span>
    </p>
   </div>
   <div class='ocr_carea' id='block_1_7' title="bbox 1998 585 3599 680">
    <p class='ocr_par' dir='ltr' id='par_1_7' title="bbox 2007 585 3599 680">
     <span class='ocr_line' id='line_1_7' title="bbox 2007 585 3599 680; baseline 0.009 -28"><span class='ocrx_word' id='word_1_30' title='bbox 2007 614 2036 652; x_wconf 89' lang='lat' dir='ltr'><strong>a</strong></span> <span class='ocrx_word' id='word_1_31' title='bbox 2064 613 2227 670; x_wconf 83' lang='lat' dir='ltr'><strong>pcena</strong></span> <span class='ocrx_word' id='word_1_32' title='bbox 2260 601 2532 659; x_wconf 84' lang='lat' dir='ltr'><strong>liberabit.</strong></span> <span class='ocrx_word' id='word_1_33' title='bbox 2579 603 2736 662; x_wconf 88' lang='lat' dir='ltr'><strong>Facit</strong></span> <span class='ocrx_word' id='word_1_34' title='bbox 2761 607 2904 662; x_wconf 82' lang='lat' dir='ltr'><strong>alius</strong></span> <span class='ocrx_word' id='word_1_35' title='bbox 2928 585 3331 680; x_wconf 66' lang='lat' dir='ltr'><strong>eleemosynam</strong></span> <span class='ocrx_word' id='word_1_36' title='bbox 3364 619 3424 666; x_wconf 88' lang='lat' dir='ltr'><strong>ut</strong></span> <span class='ocrx_word' id='word_1_37' title='bbox 3456 628 3599 666; x_wconf 83' lang='lat' dir='ltr'><strong>mer-</strong></span> 
     </span>
    </p>
   </div>
   <div class='ocr_carea' id='block_1_8' title="bbox 319 677 1896 774">
    <p class='ocr_par' dir='ltr' id='par_1_8' title="bbox 319 677 1896 761">
     <span class='ocr_line' id='line_1_8' title="bbox 319 677 1896 761; baseline 0.011 -31"><span class='ocrx_word' id='word_1_38' title='bbox 319 680 434 731; x_wconf 75' lang='grc' dir='ltr'>ἐστι</span> <span class='ocrx_word' id='word_1_39' title='bbox 458 677 555 731; x_wconf 79' lang='grc' dir='ltr'><strong>τοῦ</strong></span> <span class='ocrx_word' id='word_1_40' title='bbox 589 677 809 751; x_wconf 82' lang='grc' dir='ltr'><strong>πρώτου</strong></span> <span class='ocrx_word' id='word_1_41' title='bbox 838 697 853 712; x_wconf 80' lang='grc' dir='ltr'><strong>ο</strong></span> <span class='ocrx_word' id='word_1_42' title='bbox 897 681 1014 735; x_wconf 83' lang='grc' dir='ltr'>ἀλλ’</span> <span class='ocrx_word' id='word_1_43' title='bbox 1041 683 1162 738; x_wconf 80' lang='grc' dir='ltr'>οὐδὲ</span> <span class='ocrx_word' id='word_1_44' title='bbox 1190 685 1323 741; x_wconf 74' lang='grc' dir='ltr'>αὐτὸ</span> <span class='ocrx_word' id='word_1_45' title='bbox 1351 689 1557 761; x_wconf 83' lang='grc' dir='ltr'>ἀκμὴν,</span> <span class='ocrx_word' id='word_1_46' title='bbox 1597 691 1672 756; x_wconf 87' lang='grc' dir='ltr'>ὠς</span> <span class='ocrx_word' id='word_1_47' title='bbox 1701 691 1843 746; x_wconf 80' lang='grc' dir='ltr'>θέλει</span> <span class='ocrx_word' id='word_1_48' title='bbox 1876 694 1896 748; x_wconf 77' lang='grc' dir='ltr'><strong>ό</strong></span> 
     </span>
    </p>
   </div>
   <div class='ocr_carea' id='block_1_9' title="bbox 1998 677 3600 774">
    <p class='ocr_par' dir='ltr' id='par_1_9' title="bbox 2007 677 3600 774">
     <span class='ocr_line' id='line_1_9' title="bbox 2007 677 3600 774; baseline 0.009 -28"><span class='ocrx_word' id='word_1_49' title='bbox 2007 693 2196 747; x_wconf 78' lang='lat' dir='ltr'><strong>cedem</strong></span> <span class='ocrx_word' id='word_1_50' title='bbox 2231 695 2496 765; x_wconf 80' lang='lat' dir='ltr'><strong>recipiat;</strong></span> <span class='ocrx_word' id='word_1_51' title='bbox 2531 697 2636 754; x_wconf 90' lang='lat' dir='ltr'><strong>hoc</strong></span> <span class='ocrx_word' id='word_1_52' title='bbox 2673 699 2894 767; x_wconf 88' lang='lat' dir='ltr'><strong>quidem</strong></span> <span class='ocrx_word' id='word_1_53' title='bbox 2940 701 3121 774; x_wconf 89' lang='lat' dir='ltr'><strong>primo</strong></span> <span class='ocrx_word' id='word_1_54' title='bbox 3153 677 3317 758; x_wconf 85' lang='lat' dir='ltr'><strong>altius</strong></span> <span class='ocrx_word' id='word_1_55' title='bbox 3350 713 3452 760; x_wconf 91' lang='lat' dir='ltr'><strong>est.</strong></span> <span class='ocrx_word' id='word_1_56' title='bbox 3492 706 3600 763; x_wconf 81' lang='lat' dir='ltr'><strong>Sed</strong></span> 
     </span>
    </p>
   </div>
   <div class='ocr_carea' id='block_1_10' title="bbox 317 770 1903 848">
    <p class='ocr_par' dir='ltr' id='par_1_10' title="bbox 317 770 1903 848">
     <span class='ocr_line' id='line_1_10' title="bbox 317 770 1903 848; baseline 0.011 -24"><span class='ocrx_word' id='word_1_57' title='bbox 317 771 470 835; x_wconf 83' lang='grc' dir='ltr'>Θεός.</span> <span class='ocrx_word' id='word_1_58' title='bbox 526 770 695 826; x_wconf 73' lang='grc' dir='ltr'>Οὔπω</span> <span class='ocrx_word' id='word_1_59' title='bbox 721 773 830 844; x_wconf 85' lang='grc' dir='ltr'><strong>γάρ</strong></span> <span class='ocrx_word' id='word_1_60' title='bbox 861 775 979 828; x_wconf 74' lang='grc' dir='ltr'>ἐστι</span> <span class='ocrx_word' id='word_1_61' title='bbox 1008 776 1067 829; x_wconf 77' lang='grc' dir='ltr'>ἐν</span> <span class='ocrx_word' id='word_1_62' title='bbox 1093 780 1159 848; x_wconf 80' lang='grc' dir='ltr'><strong>τῇ</strong></span> <span class='ocrx_word' id='word_1_63' title='bbox 1191 777 1285 832; x_wconf 81' lang='grc' dir='ltr'>τοῦ</span> <span class='ocrx_word' id='word_1_64' title='bbox 1318 780 1438 834; x_wconf 78' lang='grc' dir='ltr'>υἱοῦ</span> <span class='ocrx_word' id='word_1_65' title='bbox 1466 782 1706 838; x_wconf 76' lang='grc' dir='ltr'><strong>διαθέσει</strong></span> <span class='ocrx_word' id='word_1_66' title='bbox 1730 801 1744 814; x_wconf 90' lang='grc'><strong>·</strong></span> <span class='ocrx_word' id='word_1_67' title='bbox 1787 785 1903 839; x_wconf 78' lang='grc' dir='ltr'>ἀλλ’</span> 
     </span>
    </p>
   </div>
   <div class='ocr_carea' id='block_1_11' title="bbox 315 865 1901 945">
    <p class='ocr_par' dir='ltr' id='par_1_11' title="bbox 315 865 1901 945">
     <span class='ocr_line' id='line_1_11' title="bbox 315 865 1901 945; baseline 0.01 -27"><span class='ocrx_word' id='word_1_68' title='bbox 315 865 506 935; x_wconf 79' lang='grc' dir='ltr'>ὥσπερ</span> <span class='ocrx_word' id='word_1_69' title='bbox 553 866 584 920; x_wconf 91' lang='lat'><strong>6</strong></span> <span class='ocrx_word' id='word_1_70' title='bbox 629 866 900 936; x_wconf 83' lang='grc' dir='ltr'>μισθωτὸς</span> <span class='ocrx_word' id='word_1_71' title='bbox 946 873 1092 924; x_wconf 88' lang='grc' dir='ltr'>ποιεῖ</span> <span class='ocrx_word' id='word_1_72' title='bbox 1127 870 1190 925; x_wconf 81' lang='grc' dir='ltr'>τὸ</span> <span class='ocrx_word' id='word_1_73' title='bbox 1233 871 1446 945; x_wconf 88' lang='grc' dir='ltr'>θέλημα</span> <span class='ocrx_word' id='word_1_74' title='bbox 1481 876 1577 930; x_wconf 81' lang='grc' dir='ltr'>τοῦ</span> <span class='ocrx_word' id='word_1_75' title='bbox 1614 877 1901 944; x_wconf 77' lang='grc' dir='ltr'>δεσπότου,</span> 
     </span>
    </p>
   </div>
   <div class='ocr_carea' id='block_1_12' title="bbox 241 952 1902 1037">
    <p class='ocr_par' dir='ltr' id='par_1_12' title="bbox 241 952 1902 1037">
     <span class='ocr_line' id='line_1_12' title="bbox 241 952 1902 1037; baseline 0.008 -31"><span class='ocrx_word' id='word_1_76' title='bbox 241 973 250 979; x_wconf 72' lang='grc'><strong>-</strong></span> <span class='ocrx_word' id='word_1_77' title='bbox 311 954 399 1008; x_wconf 79' lang='grc' dir='ltr'>διὰ</span> <span class='ocrx_word' id='word_1_78' title='bbox 450 952 513 1007; x_wconf 83' lang='grc' dir='ltr'>τὸ</span> <span class='ocrx_word' id='word_1_79' title='bbox 562 955 752 1010; x_wconf 85' lang='grc' dir='ltr'>λαϐεῖν</span> <span class='ocrx_word' id='word_1_80' title='bbox 799 957 892 1011; x_wconf 79' lang='grc' dir='ltr'>τὸν</span> <span class='ocrx_word' id='word_1_81' title='bbox 937 957 1129 1029; x_wconf 83' lang='grc' dir='ltr'>μισθὸν</span> <span class='ocrx_word' id='word_1_82' title='bbox 1169 959 1265 1014; x_wconf 80' lang='grc' dir='ltr'><strong>τοῦ</strong></span> <span class='ocrx_word' id='word_1_83' title='bbox 1309 961 1577 1018; x_wconf 81' lang='grc' dir='ltr'>δεσπότου</span> <span class='ocrx_word' id='word_1_84' title='bbox 1621 964 1720 1020; x_wconf 69' lang='grc' dir='ltr'><strong>καὶ</strong></span> <span class='ocrx_word' id='word_1_85' title='bbox 1767 983 1902 1037; x_wconf 86' lang='grc' dir='ltr'>κερ-</span> 
     </span>
    </p>
   </div>
   <div class='ocr_carea' id='block_1_13' title="bbox 311 1043 1901 1129">
    <p class='ocr_par' dir='ltr' id='par_1_13' title="bbox 311 1043 1901 1129">
     <span class='ocr_line' id='line_1_13' title="bbox 311 1043 1901 1129; baseline 0.009 -29"><span class='ocrx_word' id='word_1_86' title='bbox 311 1049 470 1102; x_wconf 76' lang='grc' dir='ltr'>δᾶναι</span> <span class='ocrx_word' id='word_1_87' title='bbox 503 1061 517 1076; x_wconf 79' lang='grc'><strong><em>⁸</em></strong></span> <span class='ocrx_word' id='word_1_88' title='bbox 563 1049 768 1119; x_wconf 80' lang='grc' dir='ltr'>ὁμοίως</span> <span class='ocrx_word' id='word_1_89' title='bbox 815 1049 911 1104; x_wconf 82' lang='grc' dir='ltr'><strong>καὶ</strong></span> <span class='ocrx_word' id='word_1_90' title='bbox 942 1043 1096 1118; x_wconf 77' lang='grc' dir='ltr'>οὗτος</span> <span class='ocrx_word' id='word_1_91' title='bbox 1135 1056 1280 1108; x_wconf 82' lang='grc' dir='ltr'>ποιεῖ</span> <span class='ocrx_word' id='word_1_92' title='bbox 1309 1055 1398 1111; x_wconf 80' lang='grc' dir='ltr'><strong>διὰ</strong></span> <span class='ocrx_word' id='word_1_93' title='bbox 1423 1057 1484 1112; x_wconf 85' lang='grc' dir='ltr'>τὸ</span> <span class='ocrx_word' id='word_1_94' title='bbox 1514 1057 1775 1129; x_wconf 78' lang='grc' dir='ltr'>κερδᾶναι</span> <span class='ocrx_word' id='word_1_95' title='bbox 1805 1059 1901 1114; x_wconf 78' lang='grc' dir='ltr'><strong>καὶ</strong></span> 
     </span>
    </p>
   </div>
   <div class='ocr_carea' id='block_1_14' title="bbox 311 1140 709 1212">
    <p class='ocr_par' dir='ltr' id='par_1_14' title="bbox 311 1140 709 1212">
     <span class='ocr_line' id='line_1_14' title="bbox 311 1140 709 1212; baseline 0.01 -19"><span class='ocrx_word' id='word_1_96' title='bbox 311 1140 402 1212; x_wconf 82' lang='grc' dir='ltr'>ἔχε</span> <span class='ocrx_word' id='word_1_97' title='bbox 413 1158 461 1195; x_wconf 92' lang='grc' dir='ltr'><strong>ιν</strong></span> <span class='ocrx_word' id='word_1_98' title='bbox 493 1141 709 1212; x_wconf 89' lang='grc' dir='ltr'>μισθόν.</span> 
     </span>
    </p>
   </div>
   <div class='ocr_carea' id='block_1_15' title="bbox 381 1233 1900 1316">
    <p class='ocr_par' dir='ltr' id='par_1_15' title="bbox 381 1233 1900 1316">
     <span class='ocr_line' id='line_1_15' title="bbox 381 1233 1900 1316; baseline 0.011 -31"><span class='ocrx_word' id='word_1_99' title='bbox 381 1233 547 1304; x_wconf 87' lang='grc' dir='ltr'>Τρεῖς</span> <span class='ocrx_word' id='word_1_100' title='bbox 581 1233 693 1306; x_wconf 84' lang='grc' dir='ltr'><strong>γάρ</strong></span> <span class='ocrx_word' id='word_1_101' title='bbox 724 1234 832 1290; x_wconf 73' lang='grc' dir='ltr'>εισι</span> <span class='ocrx_word' id='word_1_102' title='bbox 859 1235 1130 1304; x_wconf 75' lang='grc' dir='ltr'><strong>διαθέσεις</strong></span> <span class='ocrx_word' id='word_1_103' title='bbox 1170 1240 1239 1294; x_wconf 85' lang='grc' dir='ltr'><strong>δι’</strong></span> <span class='ocrx_word' id='word_1_104' title='bbox 1282 1237 1362 1298; x_wconf 81' lang='grc' dir='ltr'>ὧν</span> <span class='ocrx_word' id='word_1_105' title='bbox 1397 1243 1688 1316; x_wconf 80' lang='grc' dir='ltr'><strong>ὀφείλομεν</strong></span> <span class='ocrx_word' id='word_1_106' title='bbox 1720 1247 1900 1301; x_wconf 76' lang='grc' dir='ltr'>ποιεῖν</span> 
     </span>
    </p>
   </div>
   <div class='ocr_carea' id='block_1_16' title="bbox 306 1325 1901 1406">
    <p class='ocr_par' dir='ltr' id='par_1_16' title="bbox 306 1325 1901 1406">
     <span class='ocr_line' id='line_1_16' title="bbox 306 1325 1901 1406; baseline 0.009 -27"><span class='ocrx_word' id='word_1_107' title='bbox 306 1325 371 1379; x_wconf 80' lang='grc' dir='ltr'>τὸ</span> <span class='ocrx_word' id='word_1_108' title='bbox 401 1325 626 1393; x_wconf 80' lang='grc' dir='ltr'>ἀγαθὸν,</span> <span class='ocrx_word' id='word_1_109' title='bbox 656 1326 733 1391; x_wconf 82' lang='grc' dir='ltr'><strong>ὡς</strong></span> <span class='ocrx_word' id='word_1_110' title='bbox 763 1327 911 1396; x_wconf 75' lang='grc' dir='ltr'>λέγει</span> <span class='ocrx_word' id='word_1_111' title='bbox 940 1331 970 1383; x_wconf 82' lang='lat'><strong>6</strong></span> <span class='ocrx_word' id='word_1_112' title='bbox 997 1331 1153 1399; x_wconf 74' lang='grc' dir='ltr'>ἅγιος</span> <span class='ocrx_word' id='word_1_113' title='bbox 1190 1333 1492 1406; x_wconf 81' lang='grc' dir='ltr'>Γρηγόριος</span> <span class='ocrx_word' id='word_1_114' title='bbox 1519 1353 1532 1368; x_wconf 78' lang='grc' dir='ltr'><strong>ο</strong></span> <span class='ocrx_word' id='word_1_115' title='bbox 1581 1337 1754 1392; x_wconf 82' lang='grc' dir='ltr'>ταῦτα</span> <span class='ocrx_word' id='word_1_116' title='bbox 1805 1339 1901 1392; x_wconf 77' lang='grc' dir='ltr'><strong>καὶ</strong></span> 
     </span>
    </p>
   </div>
   <div class='ocr_carea' id='block_1_17' title="bbox 308 1409 1900 1498">
    <p class='ocr_par' dir='ltr' id='par_1_17' title="bbox 308 1409 1900 1498">
     <span class='ocr_line' id='line_1_17' title="bbox 308 1409 1900 1498; baseline 0.008 -28"><span class='ocrx_word' id='word_1_117' title='bbox 308 1415 505 1470; x_wconf 75' lang='grc' dir='ltr'>ἄλλοτε</span> <span class='ocrx_word' id='word_1_118' title='bbox 547 1409 702 1471; x_wconf 72' lang='grc' dir='ltr'>εἷπον</span> <span class='ocrx_word' id='word_1_119' title='bbox 732 1417 887 1489; x_wconf 81' lang='grc' dir='ltr'>ὑμῖν.</span> <span class='ocrx_word' id='word_1_120' title='bbox 919 1420 993 1474; x_wconf 86' lang='grc' dir='ltr'><strong><em>Ἥ</em></strong></span> <span class='ocrx_word' id='word_1_121' title='bbox 1025 1420 1135 1492; x_wconf 84' lang='grc' dir='ltr'>γὰρ</span> <span class='ocrx_word' id='word_1_122' title='bbox 1173 1422 1501 1495; x_wconf 84' lang='grc' dir='ltr'>φοϐούμενοι</span> <span class='ocrx_word' id='word_1_123' title='bbox 1541 1424 1643 1498; x_wconf 80' lang='grc' dir='ltr'>τὴν</span> <span class='ocrx_word' id='word_1_124' title='bbox 1675 1426 1900 1482; x_wconf 81' lang='grc' dir='ltr'>κόλασιν</span> 
     </span>
    </p>
   </div>
   <div class='ocr_carea' id='block_1_18' title="bbox 309 1504 1896 1590">
    <p class='ocr_par' dir='ltr' id='par_1_18' title="bbox 309 1504 1896 1590">
     <span class='ocr_line' id='line_1_18' title="bbox 309 1504 1896 1590; baseline 0.01 -32"><span class='ocrx_word' id='word_1_125' title='bbox 309 1504 579 1576; x_wconf 77' lang='grc' dir='ltr'>ποιοῦμεν</span> <span class='ocrx_word' id='word_1_126' title='bbox 613 1506 676 1560; x_wconf 82' lang='grc' dir='ltr'>τὸ</span> <span class='ocrx_word' id='word_1_127' title='bbox 703 1506 933 1577; x_wconf 81' lang='grc' dir='ltr'>ἀγαθὸν,</span> <span class='ocrx_word' id='word_1_128' title='bbox 964 1511 1061 1564; x_wconf 74' lang='grc' dir='ltr'><strong>καὶ</strong></span> <span class='ocrx_word' id='word_1_129' title='bbox 1093 1512 1264 1583; x_wconf 67' lang='grc' dir='ltr'>ἐσμὲν</span> <span class='ocrx_word' id='word_1_130' title='bbox 1291 1515 1351 1568; x_wconf 83' lang='grc' dir='ltr'>ὲν</span> <span class='ocrx_word' id='word_1_131' title='bbox 1374 1517 1442 1587; x_wconf 80' lang='grc' dir='ltr'>τῇ</span> <span class='ocrx_word' id='word_1_132' title='bbox 1473 1515 1695 1590; x_wconf 81' lang='grc' dir='ltr'>δουλικῇ</span> <span class='ocrx_word' id='word_1_133' title='bbox 1727 1536 1896 1574; x_wconf 80' lang='grc' dir='ltr'>κατα-</span> 
     </span>
    </p>
   </div>
   <div class='ocr_carea' id='block_1_19' title="bbox 307 1600 1900 1685">
    <p class='ocr_par' dir='ltr' id='par_1_19' title="bbox 307 1600 1900 1685">
     <span class='ocr_line' id='line_1_19' title="bbox 307 1600 1900 1685; baseline 0.009 -33"><span class='ocrx_word' id='word_1_134' title='bbox 307 1601 504 1659; x_wconf 72' lang='grc' dir='ltr'>στάσει</span> <span class='ocrx_word' id='word_1_135' title='bbox 527 1617 543 1632; x_wconf 74' lang='grc' dir='ltr'><strong>ο</strong></span> <span class='ocrx_word' id='word_1_136' title='bbox 591 1600 626 1672; x_wconf 78' lang='grc' dir='ltr'><strong>ἢ</strong></span> <span class='ocrx_word' id='word_1_137' title='bbox 669 1601 758 1656; x_wconf 77' lang='grc' dir='ltr'><strong>διὰ</strong></span> <span class='ocrx_word' id='word_1_138' title='bbox 793 1602 855 1657; x_wconf 79' lang='grc' dir='ltr'>τὸ</span> <span class='ocrx_word' id='word_1_139' title='bbox 888 1603 1075 1660; x_wconf 90' lang='grc' dir='ltr'>λαϐεῖν</span> <span class='ocrx_word' id='word_1_140' title='bbox 1119 1606 1213 1661; x_wconf 81' lang='grc' dir='ltr'>τὸν</span> <span class='ocrx_word' id='word_1_141' title='bbox 1245 1608 1462 1678; x_wconf 82' lang='grc' dir='ltr'>μισθὸν,</span> <span class='ocrx_word' id='word_1_142' title='bbox 1499 1612 1596 1666; x_wconf 81' lang='grc' dir='ltr'><strong>καὶ</strong></span> <span class='ocrx_word' id='word_1_143' title='bbox 1631 1613 1799 1685; x_wconf 85' lang='grc' dir='ltr'>ὲσμὲν</span> <span class='ocrx_word' id='word_1_144' title='bbox 1839 1615 1900 1667; x_wconf 75' lang='grc' dir='ltr'><strong>έν</strong></span> 
     </span>
    </p>
   </div>
   <div class='ocr_carea' id='block_1_20' title="bbox 301 1693 1899 1773">
    <p class='ocr_par' dir='ltr' id='par_1_20' title="bbox 301 1693 1899 1773">
     <span class='ocr_line' id='line_1_20' title="bbox 301 1693 1899 1773; baseline 0.01 -27"><span class='ocrx_word' id='word_1_145' title='bbox 301 1697 378 1765; x_wconf 81' lang='grc' dir='ltr'>τῇ</span> <span class='ocrx_word' id='word_1_146' title='bbox 410 1693 650 1749; x_wconf 73' lang='grc' dir='ltr'>διαθέσει</span> <span class='ocrx_word' id='word_1_147' title='bbox 677 1695 774 1750; x_wconf 68' lang='grc' dir='ltr'>σωῦ</span> <span class='ocrx_word' id='word_1_148' title='bbox 807 1698 1077 1768; x_wconf 77' lang='grc' dir='ltr'><strong>μισθωτοῦ</strong></span> <span class='ocrx_word' id='word_1_149' title='bbox 1102 1715 1119 1732; x_wconf 83' lang='grc'><em>’</em></span> <span class='ocrx_word' id='word_1_150' title='bbox 1167 1701 1201 1772; x_wconf 84' lang='grc' dir='ltr'><strong>ἢ</strong></span> <span class='ocrx_word' id='word_1_151' title='bbox 1235 1702 1302 1757; x_wconf 85' lang='grc' dir='ltr'><strong>δι’</strong></span> <span class='ocrx_word' id='word_1_152' title='bbox 1331 1703 1468 1759; x_wconf 82' lang='grc' dir='ltr'>αὐτὸ</span> <span class='ocrx_word' id='word_1_153' title='bbox 1487 1705 1549 1760; x_wconf 77' lang='grc' dir='ltr'>τὸ</span> <span class='ocrx_word' id='word_1_154' title='bbox 1576 1705 1764 1773; x_wconf 81' lang='grc' dir='ltr'>καλὸν,</span> <span class='ocrx_word' id='word_1_155' title='bbox 1805 1706 1899 1762; x_wconf 79' lang='grc' dir='ltr'><strong>καὶ</strong></span> 
     </span>
    </p>
   </div>
   <div class='ocr_carea' id='block_1_21' title="bbox 301 1788 1900 1872">
    <p class='ocr_par' dir='ltr' id='par_1_21' title="bbox 301 1788 1900 1872">
     <span class='ocr_line' id='line_1_21' title="bbox 301 1788 1900 1872; baseline 0.006 -30"><span class='ocrx_word' id='word_1_156' title='bbox 301 1788 478 1859; x_wconf 70' lang='grc' dir='ltr'>ἐσμὲν</span> <span class='ocrx_word' id='word_1_157' title='bbox 503 1790 561 1842; x_wconf 67' lang='grc' dir='ltr'>ὲν</span> <span class='ocrx_word' id='word_1_158' title='bbox 594 1791 659 1862; x_wconf 79' lang='grc' dir='ltr'>τῇ</span> <span class='ocrx_word' id='word_1_159' title='bbox 687 1789 927 1844; x_wconf 77' lang='grc' dir='ltr'>διαθέσει</span> <span class='ocrx_word' id='word_1_160' title='bbox 957 1793 1053 1848; x_wconf 83' lang='grc' dir='ltr'>τοῦ</span> <span class='ocrx_word' id='word_1_161' title='bbox 1090 1797 1232 1851; x_wconf 67' lang='grc' dir='ltr'>υίδυ.</span> <span class='ocrx_word' id='word_1_162' title='bbox 1278 1796 1337 1849; x_wconf 83' lang='grc'><strong>’0</strong></span> <span class='ocrx_word' id='word_1_163' title='bbox 1369 1797 1483 1863; x_wconf 77' lang='grc' dir='ltr'>υίὸς</span> <span class='ocrx_word' id='word_1_164' title='bbox 1510 1798 1622 1872; x_wconf 83' lang='grc' dir='ltr'><strong>γὰρ</strong></span> <span class='ocrx_word' id='word_1_165' title='bbox 1648 1800 1712 1854; x_wconf 85' lang='grc' dir='ltr'>οὐ</span> <span class='ocrx_word' id='word_1_166' title='bbox 1752 1800 1900 1854; x_wconf 85' lang='grc' dir='ltr'>ποιεῖ</span> 
     </span>
    </p>
   </div>
   <div class='ocr_carea' id='block_1_22' title="bbox 299 1877 1899 1956">
    <p class='ocr_par' dir='ltr' id='par_1_22' title="bbox 299 1877 1899 1956">
     <span class='ocr_line' id='line_1_22' title="bbox 299 1877 1899 1956; baseline 0.008 -24"><span class='ocrx_word' id='word_1_167' title='bbox 299 1877 368 1933; x_wconf 76' lang='grc' dir='ltr'>τὸ</span> <span class='ocrx_word' id='word_1_168' title='bbox 401 1878 616 1950; x_wconf 80' lang='grc' dir='ltr'>θέλημα</span> <span class='ocrx_word' id='word_1_169' title='bbox 648 1880 743 1934; x_wconf 80' lang='grc' dir='ltr'><strong>τοῦ</strong></span> <span class='ocrx_word' id='word_1_170' title='bbox 789 1883 1028 1956; x_wconf 78' lang='grc' dir='ltr'>πατέρος</span> <span class='ocrx_word' id='word_1_171' title='bbox 1075 1885 1186 1939; x_wconf 80' lang='grc' dir='ltr'>άπὸ</span> <span class='ocrx_word' id='word_1_172' title='bbox 1216 1885 1404 1953; x_wconf 86' lang='grc' dir='ltr'>φόϐου,</span> <span class='ocrx_word' id='word_1_173' title='bbox 1440 1889 1562 1944; x_wconf 81' lang='grc' dir='ltr'>οὐδὲ</span> <span class='ocrx_word' id='word_1_174' title='bbox 1607 1891 1685 1955; x_wconf 88' lang='grc' dir='ltr'><strong>ὡς</strong></span> <span class='ocrx_word' id='word_1_175' title='bbox 1729 1891 1899 1946; x_wconf 87' lang='grc' dir='ltr'>θέλων</span> 
     </span>
    </p>
   </div>
   <div class='ocr_carea' id='block_1_23' title="bbox 299 1970 1898 2052">
    <p class='ocr_par' dir='ltr' id='par_1_23' title="bbox 299 1970 1898 2052">
     <span class='ocr_line' id='line_1_23' title="bbox 299 1970 1898 2052; baseline 0.007 -28"><span class='ocrx_word' id='word_1_176' title='bbox 299 1970 442 2042; x_wconf 86' lang='grc' dir='ltr'>παρ’</span> <span class='ocrx_word' id='word_1_177' title='bbox 471 1971 640 2026; x_wconf 82' lang='grc' dir='ltr'>αὐτοῦ</span> <span class='ocrx_word' id='word_1_178' title='bbox 669 1972 857 2029; x_wconf 89' lang='grc' dir='ltr'>λαϐεῖν</span> <span class='ocrx_word' id='word_1_179' title='bbox 905 1975 1121 2046; x_wconf 73' lang='grc' dir='ltr'>μισθὸν,</span> <span class='ocrx_word' id='word_1_180' title='bbox 1155 1976 1292 2032; x_wconf 78' lang='grc' dir='ltr'>ἀλλὰ</span> <span class='ocrx_word' id='word_1_181' title='bbox 1339 1978 1512 2033; x_wconf 78' lang='grc' dir='ltr'>θέλων</span> <span class='ocrx_word' id='word_1_182' title='bbox 1560 1979 1898 2052; x_wconf 86' lang='grc' dir='ltr'>θεραπεῦσαι</span> 
     </span>
    </p>
   </div>
   <div class='ocr_carea' id='block_1_24' title="bbox 297 2063 1898 2138">
    <p class='ocr_par' dir='ltr' id='par_1_24' title="bbox 297 2063 1898 2138">
     <span class='ocr_line' id='line_1_24' title="bbox 297 2063 1898 2138; baseline 0.006 -20"><span class='ocrx_word' id='word_1_183' title='bbox 297 2063 490 2130; x_wconf 77' lang='grc' dir='ltr'>αὐτὸν,</span> <span class='ocrx_word' id='word_1_184' title='bbox 539 2063 711 2120; x_wconf 81' lang='grc' dir='ltr'>θέλων</span> <span class='ocrx_word' id='word_1_185' title='bbox 759 2066 994 2138; x_wconf 81' lang='grc' dir='ltr'>τιμῆσαι</span> <span class='ocrx_word' id='word_1_186' title='bbox 1044 2068 1140 2124; x_wconf 76' lang='grc' dir='ltr'><strong>καὶ</strong></span> <span class='ocrx_word' id='word_1_187' title='bbox 1190 2069 1504 2126; x_wconf 79' lang='grc' dir='ltr'>ἀναπαῦσαι</span> <span class='ocrx_word' id='word_1_188' title='bbox 1552 2072 1738 2127; x_wconf 82' lang='grc' dir='ltr'>αὐτόν.</span> <span class='ocrx_word' id='word_1_189' title='bbox 1786 2072 1898 2127; x_wconf 80' lang='grc' dir='ltr'><strong>Καὶ</strong></span> 
     </span>
    </p>
   </div>
   <div class='ocr_carea' id='block_1_25' title="bbox 295 2153 1899 2237">
    <p class='ocr_par' dir='ltr' id='par_1_25' title="bbox 295 2153 1899 2237">
     <span class='ocr_line' id='line_1_25' title="bbox 295 2153 1899 2237; baseline 0.006 -28"><span class='ocrx_word' id='word_1_190' title='bbox 295 2157 468 2228; x_wconf 79' lang='grc' dir='ltr'>ἡμεῖς</span> <span class='ocrx_word' id='word_1_191' title='bbox 496 2153 593 2213; x_wconf 76' lang='grc' dir='ltr'>οὖν</span> <span class='ocrx_word' id='word_1_192' title='bbox 621 2157 796 2224; x_wconf 78' lang='grc' dir='ltr'>οὕτως</span> <span class='ocrx_word' id='word_1_193' title='bbox 842 2159 1132 2232; x_wconf 77' lang='grc' dir='ltr'>ὀφείλομεν</span> <span class='ocrx_word' id='word_1_194' title='bbox 1181 2163 1355 2218; x_wconf 80' lang='grc' dir='ltr'>ποιεῖν</span> <span class='ocrx_word' id='word_1_195' title='bbox 1396 2165 1495 2236; x_wconf 75' lang='grc' dir='ltr'>τὴν</span> <span class='ocrx_word' id='word_1_196' title='bbox 1526 2163 1899 2237; x_wconf 77' lang='grc' dir='ltr'>ἐλεημοσύνην</span> 
     </span>
    </p>
   </div>
   <div class='ocr_carea' id='block_1_26' title="bbox 292 2250 1901 2330">
    <p class='ocr_par' dir='ltr' id='par_1_26' title="bbox 292 2250 1901 2330">
     <span class='ocr_line' id='line_1_26' title="bbox 292 2250 1901 2330; baseline 0.006 -26"><span class='ocrx_word' id='word_1_197' title='bbox 292 2250 391 2305; x_wconf 79' lang='grc' dir='ltr'><strong>διὰ</strong></span> <span class='ocrx_word' id='word_1_198' title='bbox 416 2250 478 2305; x_wconf 83' lang='grc' dir='ltr'><strong>τὺ</strong></span> <span class='ocrx_word' id='word_1_199' title='bbox 505 2251 691 2320; x_wconf 79' lang='grc' dir='ltr'>καλὸν,</span> <span class='ocrx_word' id='word_1_200' title='bbox 715 2253 1129 2325; x_wconf 85' lang='grc' dir='ltr'>συμπάσχοντες</span> <span class='ocrx_word' id='word_1_201' title='bbox 1154 2255 1427 2328; x_wconf 83' lang='grc' dir='ltr'>ἀλλήλοις,</span> <span class='ocrx_word' id='word_1_202' title='bbox 1457 2258 1534 2323; x_wconf 83' lang='grc' dir='ltr'><strong>ὡς</strong></span> <span class='ocrx_word' id='word_1_203' title='bbox 1560 2259 1713 2325; x_wconf 79' lang='grc' dir='ltr'>ἰδίοις</span> <span class='ocrx_word' id='word_1_204' title='bbox 1741 2259 1901 2330; x_wconf 80' lang='grc' dir='ltr'>μέλε-</span> 
     </span>
    </p>
   </div>
   <div class='ocr_carea' id='block_1_27' title="bbox 295 2341 1897 2422">
    <p class='ocr_par' dir='ltr' id='par_1_27' title="bbox 295 2341 1897 2422">
     <span class='ocr_line' id='line_1_27' title="bbox 295 2341 1897 2422; baseline 0.006 -26"><span class='ocrx_word' id='word_1_205' title='bbox 295 2356 426 2398; x_wconf 74' lang='grc' dir='ltr'>σινο</span> <span class='ocrx_word' id='word_1_206' title='bbox 472 2341 648 2408; x_wconf 77' lang='grc' dir='ltr'>οὕτως</span> <span class='ocrx_word' id='word_1_207' title='bbox 676 2343 735 2398; x_wconf 77' lang='grc' dir='ltr'>δὲ</span> <span class='ocrx_word' id='word_1_208' title='bbox 765 2343 1162 2417; x_wconf 82' lang='grc' dir='ltr'>θεραπεύοντές</span> <span class='ocrx_word' id='word_1_209' title='bbox 1189 2365 1332 2413; x_wconf 88' lang='grc' dir='ltr'>τινα,</span> <span class='ocrx_word' id='word_1_210' title='bbox 1377 2349 1456 2413; x_wconf 87' lang='grc' dir='ltr'><strong>ὡς</strong></span> <span class='ocrx_word' id='word_1_211' title='bbox 1503 2349 1587 2404; x_wconf 80' lang='grc' dir='ltr'>ὅτι</span> <span class='ocrx_word' id='word_1_212' title='bbox 1621 2351 1781 2422; x_wconf 79' lang='grc' dir='ltr'>ἡμεῖς</span> <span class='ocrx_word' id='word_1_213' title='bbox 1829 2349 1897 2406; x_wconf 85' lang='grc' dir='ltr'><strong>δι’</strong></span> 
     </span>
    </p>
   </div>
   <div class='ocr_carea' id='block_1_28' title="bbox 290 2435 1899 2510">
    <p class='ocr_par' dir='ltr' id='par_1_28' title="bbox 290 2435 1899 2510">
     <span class='ocr_line' id='line_1_28' title="bbox 290 2435 1899 2510; baseline 0.007 -21"><span class='ocrx_word' id='word_1_214' title='bbox 290 2435 520 2490; x_wconf 69' lang='grc' dir='ltr'>ἐκείνου</span> <span class='ocrx_word' id='word_1_215' title='bbox 571 2437 993 2510; x_wconf 84' lang='grc' dir='ltr'>θεραπευόμεθα</span> <span class='ocrx_word' id='word_1_216' title='bbox 1025 2455 1040 2472; x_wconf 76' lang='grc'><strong><em>⁸</em></strong></span> <span class='ocrx_word' id='word_1_217' title='bbox 1098 2440 1273 2506; x_wconf 81' lang='grc' dir='ltr'>οὕτως</span> <span class='ocrx_word' id='word_1_218' title='bbox 1315 2442 1576 2508; x_wconf 87' lang='grc' dir='ltr'>διδόντες,</span> <span class='ocrx_word' id='word_1_219' title='bbox 1619 2443 1695 2508; x_wconf 81' lang='grc' dir='ltr'>ὡς</span> <span class='ocrx_word' id='word_1_220' title='bbox 1743 2445 1899 2500; x_wconf 78' lang='grc' dir='ltr'>αὐτοὶ</span> 
     </span>
    </p>
   </div>
   <div class='ocr_carea' id='block_1_29' title="bbox 289 2527 1897 2608">
    <p class='ocr_par' dir='ltr' id='par_1_29' title="bbox 289 2527 1897 2608">
     <span class='ocr_line' id='line_1_29' title="bbox 289 2527 1897 2608; baseline 0.006 -26"><span class='ocrx_word' id='word_1_221' title='bbox 289 2527 700 2599; x_wconf 75' lang='grc' dir='ltr'>λαμϐάνοντες.</span> <span class='ocrx_word' id='word_1_222' title='bbox 747 2530 860 2586; x_wconf 75' lang='grc' dir='ltr'>Καὶ</span> <span class='ocrx_word' id='word_1_223' title='bbox 903 2531 1042 2604; x_wconf 80' lang='grc' dir='ltr'>αὕτη</span> <span class='ocrx_word' id='word_1_224' title='bbox 1091 2534 1238 2588; x_wconf 77' lang='grc' dir='ltr'>ἐστὶν</span> <span class='ocrx_word' id='word_1_225' title='bbox 1265 2535 1299 2606; x_wconf 88' lang='grc' dir='ltr'>ή</span> <span class='ocrx_word' id='word_1_226' title='bbox 1331 2535 1390 2588; x_wconf 82' lang='grc' dir='ltr'>ὲν</span> <span class='ocrx_word' id='word_1_227' title='bbox 1431 2534 1628 2604; x_wconf 82' lang='grc' dir='ltr'>γνώσει</span> <span class='ocrx_word' id='word_1_228' title='bbox 1666 2536 1897 2608; x_wconf 62' lang='lat' dir='ltr'><strong>mmm-</strong></span> 
     </span>
    </p>
   </div>
   <div class='ocr_carea' id='block_1_30' title="bbox 291 2617 1899 2699">
    <p class='ocr_par' dir='ltr' id='par_1_30' title="bbox 291 2617 1899 2699">
     <span class='ocr_line' id='line_1_30' title="bbox 291 2617 1899 2699; baseline 0.004 -24"><span class='ocrx_word' id='word_1_229' title='bbox 291 2617 476 2691; x_wconf 76' lang='grc' dir='ltr'>σύνη·</span> <span class='ocrx_word' id='word_1_230' title='bbox 538 2622 712 2688; x_wconf 71' lang='grc' dir='ltr'>οὕτως</span> <span class='ocrx_word' id='word_1_231' title='bbox 755 2624 1127 2696; x_wconf 80' lang='grc' dir='ltr'>εὑρισκόμεθα</span> <span class='ocrx_word' id='word_1_232' title='bbox 1166 2626 1261 2679; x_wconf 76' lang='grc' dir='ltr'><strong>καὶ</strong></span> <span class='ocrx_word' id='word_1_233' title='bbox 1293 2627 1351 2680; x_wconf 75' lang='grc' dir='ltr'>ὲν</span> <span class='ocrx_word' id='word_1_234' title='bbox 1383 2629 1449 2699; x_wconf 80' lang='grc' dir='ltr'>τῇ</span> <span class='ocrx_word' id='word_1_235' title='bbox 1483 2626 1576 2681; x_wconf 80' lang='grc' dir='ltr'>τοῦ</span> <span class='ocrx_word' id='word_1_236' title='bbox 1620 2627 1739 2682; x_wconf 85' lang='grc' dir='ltr'>υἱοῦ</span> <span class='ocrx_word' id='word_1_237' title='bbox 1784 2629 1899 2682; x_wconf 85' lang='grc' dir='ltr'>δια-</span> 
     </span>
    </p>
   </div>
   <div class='ocr_carea' id='block_1_31' title="bbox 289 2713 1897 2792">
    <p class='ocr_par' dir='ltr' id='par_1_31' title="bbox 289 2713 1897 2792">
     <span class='ocr_line' id='line_1_31' title="bbox 289 2713 1897 2792; baseline 0.006 -26"><span class='ocrx_word' id='word_1_238' title='bbox 289 2713 472 2780; x_wconf 80' lang='grc' dir='ltr'>θέσει,</span> <span class='ocrx_word' id='word_1_239' title='bbox 497 2713 683 2779; x_wconf 83' lang='grc' dir='ltr'>καθὼς</span> <span class='ocrx_word' id='word_1_240' title='bbox 707 2714 957 2787; x_wconf 75' lang='grc' dir='ltr'>εἴπομεν.</span> <span class='ocrx_word' id='word_1_241' title='bbox 981 2717 1171 2783; x_wconf 74' lang='grc' dir='ltr'>Οὐδεὶς</span> <span class='ocrx_word' id='word_1_242' title='bbox 1191 2717 1415 2772; x_wconf 83' lang='grc' dir='ltr'>δύναται</span> <span class='ocrx_word' id='word_1_243' title='bbox 1438 2720 1612 2772; x_wconf 82' lang='grc' dir='ltr'>εἰπεῖν</span> <span class='ocrx_word' id='word_1_244' title='bbox 1632 2736 1647 2750; x_wconf 89' lang='grc'><strong>·</strong></span> <span class='ocrx_word' id='word_1_245' title='bbox 1677 2720 1897 2792; x_wconf 84' lang='grc' dir='ltr'>Πτωχός</span> 
     </span>
    </p>
   </div>
   <div class='ocr_carea' id='block_1_32' title="bbox 285 2801 1898 2882">
    <p class='ocr_par' dir='ltr' id='par_1_32' title="bbox 285 2801 1898 2882">
     <span class='ocr_line' id='line_1_32' title="bbox 285 2801 1898 2882; baseline 0.005 -26"><span class='ocrx_word' id='word_1_246' title='bbox 285 2801 441 2874; x_wconf 70' lang='grc' dir='ltr'>εἰμι,</span> <span class='ocrx_word' id='word_1_247' title='bbox 474 2804 570 2858; x_wconf 74' lang='grc' dir='ltr'><strong>καὶ</strong></span> <span class='ocrx_word' id='word_1_248' title='bbox 597 2802 696 2858; x_wconf 83' lang='grc' dir='ltr'><strong>οὐκ</strong></span> <span class='ocrx_word' id='word_1_249' title='bbox 725 2803 835 2876; x_wconf 82' lang='grc' dir='ltr'>ἔχω</span> <span class='ocrx_word' id='word_1_250' title='bbox 866 2804 1034 2859; x_wconf 86' lang='grc' dir='ltr'>πόθεν</span> <span class='ocrx_word' id='word_1_251' title='bbox 1074 2806 1314 2875; x_wconf 78' lang='grc' dir='ltr'>ἐλεῆσαι.</span> <span class='ocrx_word' id='word_1_252' title='bbox 1348 2809 1468 2862; x_wconf 79' lang='grc' dir='ltr'>Κᾶν</span> <span class='ocrx_word' id='word_1_253' title='bbox 1503 2809 1613 2882; x_wconf 79' lang='grc' dir='ltr'><strong>γάρ</strong></span> <span class='ocrx_word' id='word_1_254' title='bbox 1643 2809 1704 2864; x_wconf 84' lang='grc' dir='ltr'>οὐ</span> <span class='ocrx_word' id='word_1_255' title='bbox 1736 2809 1898 2864; x_wconf 83' lang='grc' dir='ltr'>δύνα-</span> 
     </span>
    </p>
   </div>
   <div class='ocr_carea' id='block_1_33' title="bbox 287 2891 1900 2974">
    <p class='ocr_par' dir='ltr' id='par_1_33' title="bbox 287 2891 1900 2974">
     <span class='ocr_line' id='line_1_33' title="bbox 287 2891 1900 2974; baseline 0.003 -24"><span class='ocrx_word' id='word_1_256' title='bbox 287 2914 397 2951; x_wconf 77' lang='grc' dir='ltr'><strong>σαι</strong></span> <span class='ocrx_word' id='word_1_257' title='bbox 416 2891 618 2962; x_wconf 77' lang='grc' dir='ltr'>δοῦναι,</span> <span class='ocrx_word' id='word_1_258' title='bbox 650 2896 727 2960; x_wconf 84' lang='grc' dir='ltr'>ὡς</span> <span class='ocrx_word' id='word_1_259' title='bbox 753 2898 951 2950; x_wconf 77' lang='grc' dir='ltr'>ἐκεῖνοι</span> <span class='ocrx_word' id='word_1_260' title='bbox 976 2898 1030 2951; x_wconf 78' lang='lat' dir='ltr'><strong>oi</strong></span> <span class='ocrx_word' id='word_1_261' title='bbox 1053 2897 1300 2952; x_wconf 77' lang='grc' dir='ltr'>πλούσιοι</span> <span class='ocrx_word' id='word_1_262' title='bbox 1319 2899 1372 2953; x_wconf 83' lang='lat' dir='ltr'><strong>0i.</strong></span> <span class='ocrx_word' id='word_1_263' title='bbox 1397 2899 1632 2964; x_wconf 80' lang='grc' dir='ltr'>διδόντες</span> <span class='ocrx_word' id='word_1_264' title='bbox 1660 2900 1728 2955; x_wconf 77' lang='grc' dir='ltr'>τὰ</span> <span class='ocrx_word' id='word_1_265' title='bbox 1748 2901 1900 2974; x_wconf 82' lang='grc' dir='ltr'>δῶρα</span> 
     </span>
    </p>
   </div>
   <div class='ocr_carea' id='block_1_34' title="bbox 284 2986 1896 3066">
    <p class='ocr_par' dir='ltr' id='par_1_34' title="bbox 284 2986 1896 3066">
     <span class='ocr_line' id='line_1_34' title="bbox 284 2986 1896 3066; baseline 0.004 -24"><span class='ocrx_word' id='word_1_266' title='bbox 284 2988 482 3044; x_wconf 74' lang='grc' dir='ltr'>αὐτῶν</span> <span class='ocrx_word' id='word_1_267' title='bbox 527 2987 610 3052; x_wconf 83' lang='grc' dir='ltr'><strong>είς</strong></span> <span class='ocrx_word' id='word_1_268' title='bbox 654 2986 716 3042; x_wconf 84' lang='grc' dir='ltr'>τὸ</span> <span class='ocrx_word' id='word_1_269' title='bbox 769 2989 1194 3060; x_wconf 76' lang='grc' dir='ltr'>γαζοφυλάκιον,</span> <span class='ocrx_word' id='word_1_270' title='bbox 1238 2992 1326 3055; x_wconf 83' lang='grc' dir='ltr'>δὸς</span> <span class='ocrx_word' id='word_1_271' title='bbox 1372 2990 1466 3045; x_wconf 79' lang='grc' dir='ltr'>δύο</span> <span class='ocrx_word' id='word_1_272' title='bbox 1517 2992 1708 3058; x_wconf 69' lang='grc' dir='ltr'>λεπτὰ,</span> <span class='ocrx_word' id='word_1_273' title='bbox 1747 2993 1824 3058; x_wconf 85' lang='grc' dir='ltr'>ὼς</span> <span class='ocrx_word' id='word_1_274' title='bbox 1862 2995 1896 3066; x_wconf 83' lang='grc' dir='ltr'><strong>ή</strong></span> 
     </span>
    </p>
   </div>
   <div class='ocr_carea' id='block_1_35' title="bbox 284 3079 1897 3154">
    <p class='ocr_par' dir='ltr' id='par_1_35' title="bbox 284 3079 1897 3154">
     <span class='ocr_line' id='line_1_35' title="bbox 284 3079 1897 3154; baseline 0.002 -20"><span class='ocrx_word' id='word_1_275' title='bbox 284 3081 450 3151; x_wconf 78' lang='grc' dir='ltr'>χήρα</span> <span class='ocrx_word' id='word_1_276' title='bbox 475 3079 510 3151; x_wconf 79' lang='grc' dir='ltr'>ἡ</span> <span class='ocrx_word' id='word_1_277' title='bbox 540 3079 773 3150; x_wconf 83' lang='grc' dir='ltr'>πενιχρά</span> <span class='ocrx_word' id='word_1_278' title='bbox 792 3094 807 3110; x_wconf 89' lang='grc'><strong>·</strong></span> <span class='ocrx_word' id='word_1_279' title='bbox 841 3080 936 3134; x_wconf 76' lang='grc' dir='ltr'><strong>καὶ</strong></span> <span class='ocrx_word' id='word_1_280' title='bbox 970 3081 1327 3153; x_wconf 80' lang='grc' dir='ltr'>προσδέχεται</span> <span class='ocrx_word' id='word_1_281' title='bbox 1360 3081 1501 3136; x_wconf 70' lang='grc' dir='ltr'>αὐτὰ</span> <span class='ocrx_word' id='word_1_282' title='bbox 1526 3083 1562 3135; x_wconf 81' lang='lat'><strong>6</strong></span> <span class='ocrx_word' id='word_1_283' title='bbox 1584 3083 1718 3147; x_wconf 80' lang='grc' dir='ltr'>Θεὸς</span> <span class='ocrx_word' id='word_1_284' title='bbox 1743 3084 1897 3154; x_wconf 70' lang='grc' dir='ltr'>παρὰ</span> 
     </span>
    </p>
   </div>
   <div class='ocr_carea' id='block_1_36' title="bbox 285 3168 1894 3246">
    <p class='ocr_par' dir='ltr' id='par_1_36' title="bbox 285 3168 1894 3246">
     <span class='ocr_line' id='line_1_36' title="bbox 285 3168 1894 3246; baseline 0.002 -21"><span class='ocrx_word' id='word_1_285' title='bbox 285 3168 400 3225; x_wconf 82' lang='grc' dir='ltr'><strong>σοῦ</strong></span> <span class='ocrx_word' id='word_1_286' title='bbox 436 3169 576 3242; x_wconf 84' lang='grc' dir='ltr'>ὑπὲρ</span> <span class='ocrx_word' id='word_1_287' title='bbox 606 3169 676 3224; x_wconf 82' lang='grc' dir='ltr'><strong>τὰ</strong></span> <span class='ocrx_word' id='word_1_288' title='bbox 707 3169 854 3243; x_wconf 83' lang='grc' dir='ltr'>δῶρα</span> <span class='ocrx_word' id='word_1_289' title='bbox 888 3172 1094 3227; x_wconf 80' lang='grc' dir='ltr'>ἐκεῖνα.</span> <span class='ocrx_word' id='word_1_290' title='bbox 1147 3174 1284 3228; x_wconf 82' lang='grc' dir='ltr'>Οὐδὲ</span> <span class='ocrx_word' id='word_1_291' title='bbox 1324 3169 1497 3239; x_wconf 73' lang='grc' dir='ltr'>οὕτως</span> <span class='ocrx_word' id='word_1_292' title='bbox 1545 3173 1734 3246; x_wconf 78' lang='grc' dir='ltr'>ἔχεις;</span> <span class='ocrx_word' id='word_1_293' title='bbox 1777 3175 1894 3230; x_wconf 80' lang='grc' dir='ltr'>ἀλλ’</span> 
     </span>
    </p>
   </div>
   <div class='ocr_carea' id='block_1_37' title="bbox 285 3261 1893 3338">
    <p class='ocr_par' dir='ltr' id='par_1_37' title="bbox 285 3261 1893 3338">
     <span class='ocr_line' id='line_1_37' title="bbox 285 3261 1893 3338; baseline 0.002 -20"><span class='ocrx_word' id='word_1_294' title='bbox 285 3263 446 3336; x_wconf 67' lang='grc' dir='ltr'>ἔχεις</span> <span class='ocrx_word' id='word_1_295' title='bbox 475 3261 704 3335; x_wconf 86' lang='grc' dir='ltr'>δύναμιν</span> <span class='ocrx_word' id='word_1_296' title='bbox 735 3262 835 3317; x_wconf 71' lang='grc' dir='ltr'><strong>καὶ</strong></span> <span class='ocrx_word' id='word_1_297' title='bbox 867 3262 1091 3318; x_wconf 75' lang='grc' dir='ltr'>δύνασαι</span> <span class='ocrx_word' id='word_1_298' title='bbox 1117 3263 1183 3319; x_wconf 86' lang='grc' dir='ltr'><strong>δι’</strong></span> <span class='ocrx_word' id='word_1_299' title='bbox 1214 3266 1519 3338; x_wconf 82' lang='grc' dir='ltr'>ὑπηρεσίας</span> <span class='ocrx_word' id='word_1_300' title='bbox 1551 3266 1772 3338; x_wconf 77' lang='grc' dir='ltr'>ἐλεῆσαι</span> <span class='ocrx_word' id='word_1_301' title='bbox 1800 3264 1893 3321; x_wconf 69' lang='grc' dir='ltr'><strong>τόν</strong></span> 
     </span>
    </p>
   </div>
   <div class='ocr_carea' id='block_1_38' title="bbox 287 3353 1898 3430">
    <p class='ocr_par' dir='ltr' id='par_1_38' title="bbox 287 3353 1898 3430">
     <span class='ocr_line' id='line_1_38' title="bbox 287 3353 1898 3430; baseline 0 -18"><span class='ocrx_word' id='word_1_302' title='bbox 287 3353 653 3412; x_wconf 74' lang='grc' dir='ltr'>ἀσθενοῦντα.</span> <span class='ocrx_word' id='word_1_303' title='bbox 691 3354 767 3409; x_wconf 83' lang='grc' dir='ltr'><strong>Οὐ</strong></span> <span class='ocrx_word' id='word_1_304' title='bbox 793 3353 1022 3410; x_wconf 76' lang='grc' dir='ltr'>δύνασαι</span> <span class='ocrx_word' id='word_1_305' title='bbox 1048 3355 1170 3410; x_wconf 77' lang='grc' dir='ltr'>οὐδὲ</span> <span class='ocrx_word' id='word_1_306' title='bbox 1195 3356 1372 3430; x_wconf 82' lang='grc' dir='ltr'>τούτῳ</span> <span class='ocrx_word' id='word_1_307' title='bbox 1389 3358 1456 3426; x_wconf 80' lang='grc'><strong>³¹;</strong></span> <span class='ocrx_word' id='word_1_308' title='bbox 1485 3357 1712 3412; x_wconf 81' lang='grc' dir='ltr'>δύνασαι</span> <span class='ocrx_word' id='word_1_309' title='bbox 1747 3357 1898 3430; x_wconf 80' lang='grc' dir='ltr'>λόγῳ</span> 
     </span>
    </p>
   </div>
   <div class='ocr_carea' id='block_1_39' title="bbox 292 3443 1894 3517">
    <p class='ocr_par' dir='ltr' id='par_1_39' title="bbox 292 3443 1894 3517">
     <span class='ocr_line' id='line_1_39' title="bbox 292 3443 1894 3517; baseline 0.001 -16"><span class='ocrx_word' id='word_1_310' title='bbox 292 3444 686 3516; x_wconf 75' lang='grc' dir='ltr'>παρακαλέσαι</span> <span class='ocrx_word' id='word_1_311' title='bbox 718 3444 809 3500; x_wconf 79' lang='grc' dir='ltr'>τὸν</span> <span class='ocrx_word' id='word_1_312' title='bbox 841 3445 1072 3517; x_wconf 75' lang='grc' dir='ltr'>ἀδελφόν</span> <span class='ocrx_word' id='word_1_313' title='bbox 1102 3463 1217 3501; x_wconf 90' lang='grc' dir='ltr'>σου.</span> <span class='ocrx_word' id='word_1_314' title='bbox 1279 3447 1432 3502; x_wconf 84' lang='grc' dir='ltr'>Ἐλοῦ</span> <span class='ocrx_word' id='word_1_315' title='bbox 1473 3443 1567 3502; x_wconf 76' lang='grc' dir='ltr'>οὖν</span> <span class='ocrx_word' id='word_1_316' title='bbox 1600 3448 1763 3502; x_wconf 83' lang='grc' dir='ltr'>αὑτὸν</span> <span class='ocrx_word' id='word_1_317' title='bbox 1806 3449 1894 3504; x_wconf 75' lang='grc' dir='ltr'><strong>διὰ</strong></span> 
     </span>
    </p>
   </div>
   <div class='ocr_carea' id='block_1_40' title="bbox 290 3537 1895 3612">
    <p class='ocr_par' dir='ltr' id='par_1_40' title="bbox 290 3537 1895 3612">
     <span class='ocr_line' id='line_1_40' title="bbox 290 3537 1895 3612; baseline 0.005 -21"><span class='ocrx_word' id='word_1_318' title='bbox 290 3538 394 3592; x_wconf 81' lang='grc' dir='ltr'><strong>τοῦ</strong></span> <span class='ocrx_word' id='word_1_319' title='bbox 422 3537 606 3608; x_wconf 84' lang='grc' dir='ltr'>λόγου,</span> <span class='ocrx_word' id='word_1_320' title='bbox 638 3538 734 3592; x_wconf 76' lang='grc' dir='ltr'><strong>καὶ</strong></span> <span class='ocrx_word' id='word_1_321' title='bbox 772 3537 1007 3594; x_wconf 72' lang='grc' dir='ltr'>ἄκουσον</span> <span class='ocrx_word' id='word_1_322' title='bbox 1035 3538 1130 3594; x_wconf 81' lang='grc' dir='ltr'><strong>τοῦ</strong></span> <span class='ocrx_word' id='word_1_323' title='bbox 1160 3540 1414 3610; x_wconf 89' lang='grc' dir='ltr'>λέγοντος</span> <span class='ocrx_word' id='word_1_324' title='bbox 1438 3558 1450 3571; x_wconf 91' lang='grc'><strong>·</strong></span> <span class='ocrx_word' id='word_1_325' title='bbox 1511 3542 1760 3612; x_wconf 75' lang='grc' dir='ltr'>Ἀγαθός</span> <span class='ocrx_word' id='word_1_326' title='bbox 1787 3545 1895 3599; x_wconf 68' lang='grc' dir='ltr'><strong>λό-</strong></span> 
     </span>
    </p>
   </div>
   <div class='ocr_carea' id='block_1_41' title="bbox 292 3631 1893 3710">
    <p class='ocr_par' dir='ltr' id='par_1_41' title="bbox 292 3631 1893 3710">
     <span class='ocr_line' id='line_1_41' title="bbox 292 3631 1893 3710; baseline 0.003 -24"><span class='ocrx_word' id='word_1_327' title='bbox 292 3650 406 3703; x_wconf 72' lang='grc' dir='ltr'><strong>¹ιιος</strong></span> <span class='ocrx_word' id='word_1_328' title='bbox 430 3631 585 3700; x_wconf 80' lang='grc' dir='ltr'>ὑπὲρ</span> <span class='ocrx_word' id='word_1_329' title='bbox 609 3632 789 3702; x_wconf 83' lang='grc' dir='ltr'>δῶρα.</span> <span class='ocrx_word' id='word_1_330' title='bbox 825 3633 1081 3699; x_wconf 77' lang='grc' dir='ltr'>’Υπό.θου,</span> <span class='ocrx_word' id='word_1_331' title='bbox 1109 3635 1230 3689; x_wconf 77' lang='grc' dir='ltr'>οὐδὲ</span> <span class='ocrx_word' id='word_1_332' title='bbox 1260 3635 1404 3708; x_wconf 82' lang='grc' dir='ltr'>λόγῳ</span> <span class='ocrx_word' id='word_1_333' title='bbox 1423 3635 1649 3692; x_wconf 81' lang='grc' dir='ltr'>δύνασαι</span> <span class='ocrx_word' id='word_1_334' title='bbox 1677 3637 1893 3710; x_wconf 79' lang='grc' dir='ltr'>ὠφελῆ-</span> 
     </span>
    </p>
   </div>
   <div class='ocr_carea' id='block_1_42' title="bbox 296 3723 1894 3800">
    <p class='ocr_par' dir='ltr' id='par_1_42' title="bbox 296 3723 1894 3800">
     <span class='ocr_line' id='line_1_42' title="bbox 296 3723 1894 3800; baseline 0.005 -22"><span class='ocrx_word' id='word_1_335' title='bbox 296 3741 415 3786; x_wconf 80' lang='grc' dir='ltr'>σαι,</span> <span class='ocrx_word' id='word_1_336' title='bbox 445 3723 671 3779; x_wconf 84' lang='grc' dir='ltr'>δύνασαι</span> <span class='ocrx_word' id='word_1_337' title='bbox 701 3723 798 3778; x_wconf 76' lang='grc' dir='ltr'><strong>ἐὰν</strong></span> <span class='ocrx_word' id='word_1_338' title='bbox 824 3723 1145 3797; x_wconf 70' lang='grc' dir='ltr'>παροξυνθῇ</span> <span class='ocrx_word' id='word_1_339' title='bbox 1170 3727 1314 3781; x_wconf 82' lang='grc' dir='ltr'>κατὰ</span> <span class='ocrx_word' id='word_1_340' title='bbox 1343 3728 1437 3782; x_wconf 80' lang='grc' dir='ltr'>σοῦ</span> <span class='ocrx_word' id='word_1_341' title='bbox 1459 3729 1488 3782; x_wconf 88' lang='grc' dir='ltr'>ὁ</span> <span class='ocrx_word' id='word_1_342' title='bbox 1510 3729 1739 3800; x_wconf 82' lang='grc' dir='ltr'>ἁδελφός</span> <span class='ocrx_word' id='word_1_343' title='bbox 1773 3749 1894 3798; x_wconf 87' lang='grc' dir='ltr'>σου,</span> 
     </span>
    </p>
   </div>
   <div class='ocr_carea' id='block_1_43' title="bbox 295 3813 1898 3895">
    <p class='ocr_par' dir='ltr' id='par_1_43' title="bbox 295 3813 1898 3895">
     <span class='ocr_line' id='line_1_43' title="bbox 295 3813 1898 3895; baseline 0.005 -25"><span class='ocrx_word' id='word_1_344' title='bbox 295 3815 532 3884; x_wconf 80' lang='grc' dir='ltr'>ποιῆσαι</span> <span class='ocrx_word' id='word_1_345' title='bbox 564 3813 714 3877; x_wconf 70' lang='grc' dir='ltr'>ἔλεος</span> <span class='ocrx_word' id='word_1_346' title='bbox 750 3815 832 3878; x_wconf 77' lang='grc' dir='ltr'><strong>εἰς</strong></span> <span class='ocrx_word' id='word_1_347' title='bbox 870 3817 1056 3883; x_wconf 81' lang='grc' dir='ltr'>αὑτὸν,</span> <span class='ocrx_word' id='word_1_348' title='bbox 1102 3819 1199 3871; x_wconf 79' lang='grc' dir='ltr'><strong>καὶ</strong></span> <span class='ocrx_word' id='word_1_349' title='bbox 1232 3818 1502 3889; x_wconf 80' lang='grc' dir='ltr'>βαστάσαι</span> <span class='ocrx_word' id='word_1_350' title='bbox 1542 3822 1704 3876; x_wconf 81' lang='grc' dir='ltr'>αὐτὸν</span> <span class='ocrx_word' id='word_1_351' title='bbox 1731 3825 1791 3878; x_wconf 82' lang='grc' dir='ltr'>ὲν</span> <span class='ocrx_word' id='word_1_352' title='bbox 1815 3824 1898 3895; x_wconf 81' lang='grc' dir='ltr'>τῷ</span> 
     </span>
    </p>
   </div>
   <div class='ocr_carea' id='block_1_44' title="bbox 294 3906 1894 3986">
    <p class='ocr_par' dir='ltr' id='par_1_44' title="bbox 294 3906 1894 3986">
     <span class='ocr_line' id='line_1_44' title="bbox 294 3906 1894 3986; baseline 0.006 -24"><span class='ocrx_word' id='word_1_353' title='bbox 294 3906 481 3980; x_wconf 81' lang='grc' dir='ltr'>καιρῷ</span> <span class='ocrx_word' id='word_1_354' title='bbox 509 3906 610 3978; x_wconf 84' lang='grc' dir='ltr'>τῆς</span> <span class='ocrx_word' id='word_1_355' title='bbox 642 3908 888 3980; x_wconf 86' lang='grc' dir='ltr'>ταραχῆς</span> <span class='ocrx_word' id='word_1_356' title='bbox 922 3907 1113 3975; x_wconf 79' lang='grc' dir='ltr'>αὐτοῦ,</span> <span class='ocrx_word' id='word_1_357' title='bbox 1147 3909 1363 3980; x_wconf 82' lang='grc' dir='ltr'>βλέπων</span> <span class='ocrx_word' id='word_1_358' title='bbox 1394 3913 1556 3968; x_wconf 80' lang='grc' dir='ltr'>αὑτὸν</span> <span class='ocrx_word' id='word_1_359' title='bbox 1584 3915 1894 3986; x_wconf 74' lang='grc' dir='ltr'>ἐπηρεαζό-</span> 
     </span>
    </p>
   </div>
   <div class='ocr_carea' id='block_1_45' title="bbox 299 3998 1901 4072">
    <p class='ocr_par' dir='ltr' id='par_1_45' title="bbox 299 3998 1901 4072">
     <span class='ocr_line' id='line_1_45' title="bbox 299 3998 1901 4072; baseline 0.006 -17"><span class='ocrx_word' id='word_1_360' title='bbox 299 4016 466 4070; x_wconf 81' lang='grc' dir='ltr'>μενον</span> <span class='ocrx_word' id='word_1_361' title='bbox 489 4001 553 4054; x_wconf 85' lang='grc' dir='ltr'><strong>ὲκ</strong></span> <span class='ocrx_word' id='word_1_362' title='bbox 577 3998 669 4054; x_wconf 82' lang='grc' dir='ltr'>τοῦ</span> <span class='ocrx_word' id='word_1_363' title='bbox 692 3999 872 4054; x_wconf 85' lang='grc' dir='ltr'>κοινοῦ</span> <span class='ocrx_word' id='word_1_364' title='bbox 893 3999 1087 4072; x_wconf 78' lang='grc' dir='ltr'>ἐχθροῦ</span> <span class='ocrx_word' id='word_1_365' title='bbox 1111 4019 1126 4034; x_wconf 92' lang='grc'><strong>·</strong></span> <span class='ocrx_word' id='word_1_366' title='bbox 1165 4003 1265 4057; x_wconf 67' lang='grc' dir='ltr'><strong>καὶ</strong></span> <span class='ocrx_word' id='word_1_367' title='bbox 1279 4003 1399 4058; x_wconf 79' lang='grc' dir='ltr'>ἀντὶ</span> <span class='ocrx_word' id='word_1_368' title='bbox 1422 4004 1516 4058; x_wconf 81' lang='grc' dir='ltr'><strong>τοῦ</strong></span> <span class='ocrx_word' id='word_1_369' title='bbox 1536 4006 1709 4061; x_wconf 86' lang='grc' dir='ltr'>εἰπεῖν</span> <span class='ocrx_word' id='word_1_370' title='bbox 1731 4009 1901 4065; x_wconf 81' lang='grc' dir='ltr'>αὑτὸν</span> 
     </span>
    </p>
   </div>
   <div class='ocr_carea' id='block_1_46' title="bbox 295 4091 1894 4168">
    <p class='ocr_par' dir='ltr' id='par_1_46' title="bbox 295 4091 1894 4168">
     <span class='ocr_line' id='line_1_46' title="bbox 295 4091 1894 4168; baseline 0.006 -24"><span class='ocrx_word' id='word_1_371' title='bbox 295 4091 363 4147; x_wconf 79' lang='grc' dir='ltr'>ἓν</span> <span class='ocrx_word' id='word_1_372' title='bbox 401 4091 556 4163; x_wconf 79' lang='grc' dir='ltr'>ῥῆμα</span> <span class='ocrx_word' id='word_1_373' title='bbox 601 4092 696 4145; x_wconf 74' lang='grc' dir='ltr'><strong>καὶ</strong></span> <span class='ocrx_word' id='word_1_374' title='bbox 729 4091 893 4147; x_wconf 83' lang='grc' dir='ltr'>πλέον</span> <span class='ocrx_word' id='word_1_375' title='bbox 926 4092 1160 4164; x_wconf 82' lang='grc' dir='ltr'>ταράξαι</span> <span class='ocrx_word' id='word_1_376' title='bbox 1206 4095 1392 4161; x_wconf 83' lang='grc' dir='ltr'>αὐτὸν,</span> <span class='ocrx_word' id='word_1_377' title='bbox 1445 4097 1742 4168; x_wconf 86' lang='grc' dir='ltr'>σιωπῆσαι,</span> <span class='ocrx_word' id='word_1_378' title='bbox 1797 4103 1894 4156; x_wconf 81' lang='grc' dir='ltr'><strong>καὶ</strong></span> 
     </span>
    </p>
   </div>
   <div class='ocr_carea' id='block_1_47' title="bbox 298 4183 1894 4258">
    <p class='ocr_par' dir='ltr' id='par_1_47' title="bbox 298 4183 1894 4258">
     <span class='ocr_line' id='line_1_47' title="bbox 298 4183 1894 4258; baseline 0.006 -20"><span class='ocrx_word' id='word_1_379' title='bbox 298 4184 476 4238; x_wconf 75' lang='grc' dir='ltr'>ἐλεεῖν</span> <span class='ocrx_word' id='word_1_380' title='bbox 507 4183 688 4250; x_wconf 84' lang='grc' dir='ltr'>αὐτὸν,</span> <span class='ocrx_word' id='word_1_381' title='bbox 721 4184 816 4238; x_wconf 77' lang='grc' dir='ltr'><strong>καὶ</strong></span> <span class='ocrx_word' id='word_1_382' title='bbox 857 4184 957 4257; x_wconf 84' lang='grc' dir='ltr'><strong>τὴν</strong></span> <span class='ocrx_word' id='word_1_383' title='bbox 985 4185 1165 4258; x_wconf 78' lang='grc' dir='ltr'>ψυχὴν</span> <span class='ocrx_word' id='word_1_384' title='bbox 1195 4186 1385 4252; x_wconf 83' lang='grc' dir='ltr'>αὑτοῦ,</span> <span class='ocrx_word' id='word_1_385' title='bbox 1425 4188 1692 4244; x_wconf 82' lang='grc' dir='ltr'>ἀποσπῶν</span> <span class='ocrx_word' id='word_1_386' title='bbox 1728 4194 1894 4249; x_wconf 86' lang='grc' dir='ltr'>αὐτὸν</span> 
     </span>
    </p>
   </div>
   <div class='ocr_carea' id='block_1_48' title="bbox 297 4273 1894 4354">
    <p class='ocr_par' dir='ltr' id='par_1_48' title="bbox 297 4273 1894 4354">
     <span class='ocr_line' id='line_1_48' title="bbox 297 4273 1894 4354; baseline 0.006 -25"><span class='ocrx_word' id='word_1_387' title='bbox 297 4275 413 4329; x_wconf 74' lang='grc' dir='ltr'><strong>άπὸ</strong></span> <span class='ocrx_word' id='word_1_388' title='bbox 439 4273 536 4330; x_wconf 83' lang='grc' dir='ltr'><strong>τοῦ</strong></span> <span class='ocrx_word' id='word_1_389' title='bbox 570 4275 789 4347; x_wconf 67' lang='grc' dir='ltr'>ἐχθροῦ.</span> <span class='ocrx_word' id='word_1_390' title='bbox 820 4274 1060 4330; x_wconf 82' lang='grc' dir='ltr'>Δύνασαι</span> <span class='ocrx_word' id='word_1_391' title='bbox 1088 4277 1276 4346; x_wconf 83' lang='grc' dir='ltr'>πάλιν,</span> <span class='ocrx_word' id='word_1_392' title='bbox 1297 4278 1392 4333; x_wconf 70' lang='grc' dir='ltr'>ἐὰν</span> <span class='ocrx_word' id='word_1_393' title='bbox 1412 4281 1636 4354; x_wconf 85' lang='grc' dir='ltr'>ἁμάρτῃ</span> <span class='ocrx_word' id='word_1_394' title='bbox 1666 4283 1749 4348; x_wconf 83' lang='grc' dir='ltr'>εἰς</span> <span class='ocrx_word' id='word_1_395' title='bbox 1782 4285 1840 4339; x_wconf 85' lang='grc' dir='ltr'>σὲ</span> <span class='ocrx_word' id='word_1_396' title='bbox 1864 4285 1894 4338; x_wconf 90' lang='grc' dir='ltr'><strong>ό</strong></span> 
     </span>
    </p>
   </div>
   <div class='ocr_carea' id='block_1_49' title="bbox 299 4366 1894 4448">
    <p class='ocr_par' dir='ltr' id='par_1_49' title="bbox 299 4366 1894 4448">
     <span class='ocr_line' id='line_1_49' title="bbox 299 4366 1894 4448; baseline 0.005 -24"><span class='ocrx_word' id='word_1_397' title='bbox 299 4368 532 4438; x_wconf 83' lang='grc' dir='ltr'>ἀδελφός</span> <span class='ocrx_word' id='word_1_398' title='bbox 561 4385 681 4434; x_wconf 88' lang='grc' dir='ltr'>σου,</span> <span class='ocrx_word' id='word_1_399' title='bbox 711 4366 933 4440; x_wconf 79' lang='grc' dir='ltr'>ἐλεῆσαι</span> <span class='ocrx_word' id='word_1_400' title='bbox 961 4369 1149 4436; x_wconf 80' lang='grc' dir='ltr'>αὐτὸν,</span> <span class='ocrx_word' id='word_1_401' title='bbox 1182 4370 1280 4425; x_wconf 77' lang='grc' dir='ltr'>καὶ</span> <span class='ocrx_word' id='word_1_402' title='bbox 1329 4372 1554 4442; x_wconf 75' lang='grc' dir='ltr'>ἀφιέναι</span> <span class='ocrx_word' id='word_1_403' title='bbox 1602 4374 1754 4446; x_wconf 79' lang='grc' dir='ltr'>αὐτῷ</span> <span class='ocrx_word' id='word_1_404' title='bbox 1793 4376 1894 4448; x_wconf 82' lang='grc' dir='ltr'>τὴν</span> 
     </span>
    </p>
   </div>
   <div class='ocr_carea' id='block_1_50' title="bbox 300 4460 1890 4540">
    <p class='ocr_par' dir='ltr' id='par_1_50' title="bbox 300 4460 1890 4540">
     <span class='ocr_line' id='line_1_50' title="bbox 300 4460 1890 4540; baseline 0.006 -26"><span class='ocrx_word' id='word_1_405' title='bbox 300 4460 582 4531; x_wconf 79' lang='grc' dir='ltr'>ἁμαρτίαν</span> <span class='ocrx_word' id='word_1_406' title='bbox 604 4460 791 4528; x_wconf 79' lang='grc' dir='ltr'>αὐτοῦ,</span> <span class='ocrx_word' id='word_1_407' title='bbox 821 4462 909 4516; x_wconf 79' lang='grc' dir='ltr'><strong>ἴνα</strong></span> <span class='ocrx_word' id='word_1_408' title='bbox 937 4461 1118 4516; x_wconf 77' lang='grc' dir='ltr'>καὶσὺ</span> <span class='ocrx_word' id='word_1_409' title='bbox 1148 4463 1344 4532; x_wconf 70' lang='grc' dir='ltr'>ἄφεσιν</span> <span class='ocrx_word' id='word_1_410' title='bbox 1364 4464 1537 4540; x_wconf 84' lang='grc' dir='ltr'>λάϐῃς</span> <span class='ocrx_word' id='word_1_411' title='bbox 1558 4468 1711 4540; x_wconf 78' lang='grc' dir='ltr'>παρὰ</span> <span class='ocrx_word' id='word_1_412' title='bbox 1731 4469 1890 4524; x_wconf 82' lang='grc' dir='ltr'>Θεοῦ.</span> 
     </span>
    </p>
   </div>
   <div class='ocr_carea' id='block_1_51' title="bbox 1920 3213 1964 3272">
    <p class='ocr_par' dir='ltr' id='par_1_51' title="bbox 1920 3213 1964 3272">
     <span class='ocr_line' id='line_1_51' title="bbox 1920 3213 1964 3272; baseline 0 0"><span class='ocrx_word' id='word_1_413' title='bbox 1920 3213 1964 3272; x_wconf 83' lang='lat' dir='ltr'><strong><em>C</em></strong></span> 
     </span>
    </p>
   </div>
   <div class='ocr_carea' id='block_1_52' title="bbox 2003 785 3601 866">
    <p class='ocr_par' dir='ltr' id='par_1_52' title="bbox 2003 785 3601 866">
     <span class='ocr_line' id='line_1_52' title="bbox 2003 785 3601 866; baseline 0.009 -28"><span class='ocrx_word' id='word_1_414' title='bbox 2003 791 2060 838; x_wconf 91' lang='lat' dir='ltr'><strong>et</strong></span> <span class='ocrx_word' id='word_1_415' title='bbox 2088 785 2176 842; x_wconf 86' lang='lat' dir='ltr'><strong>hic</strong></span> <span class='ocrx_word' id='word_1_416' title='bbox 2201 801 2310 842; x_wconf 91' lang='lat' dir='ltr'><strong>non</strong></span> <span class='ocrx_word' id='word_1_417' title='bbox 2341 787 2474 844; x_wconf 92' lang='lat' dir='ltr'><strong>facit</strong></span> <span class='ocrx_word' id='word_1_418' title='bbox 2500 791 2726 846; x_wconf 84' lang='lat' dir='ltr'><strong>omnino</strong></span> <span class='ocrx_word' id='word_1_419' title='bbox 2749 792 2970 859; x_wconf 57' lang='lat' dir='ltr'><strong>adhuc,</strong></span> <span class='ocrx_word' id='word_1_420' title='bbox 2987 803 3045 848; x_wconf 87' lang='grc' dir='ltr'><strong>ιιι</strong></span> <span class='ocrx_word' id='word_1_421' title='bbox 3070 795 3188 850; x_wconf 84' lang='lat' dir='ltr'><strong>vult</strong></span> <span class='ocrx_word' id='word_1_422' title='bbox 3215 795 3378 851; x_wconf 76' lang='lat' dir='ltr'><strong>Deus.</strong></span> <span class='ocrx_word' id='word_1_423' title='bbox 3413 795 3601 866; x_wconf 83' lang='lat' dir='ltr'><strong>Neque</strong></span> 
     </span>
    </p>
   </div>
   <div class='ocr_carea' id='block_1_53' title="bbox 2005 873 3598 953">
    <p class='ocr_par' dir='ltr' id='par_1_53' title="bbox 2005 873 3598 953">
     <span class='ocr_line' id='line_1_53' title="bbox 2005 873 3598 953; baseline 0.008 -25"><span class='ocrx_word' id='word_1_424' title='bbox 2005 873 2152 928; x_wconf 89' lang='lat' dir='ltr'><strong>enim</strong></span> <span class='ocrx_word' id='word_1_425' title='bbox 2187 877 2369 933; x_wconf 88' lang='lat' dir='ltr'><strong>adhuc</strong></span> <span class='ocrx_word' id='word_1_426' title='bbox 2397 887 2484 934; x_wconf 88' lang='lat' dir='ltr'><strong>est</strong></span> <span class='ocrx_word' id='word_1_427' title='bbox 2510 878 2564 933; x_wconf 92' lang='lat' dir='ltr'><strong>in</strong></span> <span class='ocrx_word' id='word_1_428' title='bbox 2593 879 2690 934; x_wconf 76' lang='lat' dir='ltr'><strong>ﬁlii</strong></span> <span class='ocrx_word' id='word_1_429' title='bbox 2717 888 2865 936; x_wconf 87' lang='lat' dir='ltr'><strong>statu</strong></span> <span class='ocrx_word' id='word_1_430' title='bbox 2900 899 2917 937; x_wconf 86' lang='lat'><strong>:</strong></span> <span class='ocrx_word' id='word_1_431' title='bbox 2947 884 3412 953; x_wconf 83' lang='lat' dir='ltr'><strong>quemadmodum</strong></span> <span class='ocrx_word' id='word_1_432' title='bbox 3450 885 3598 940; x_wconf 86' lang='lat' dir='ltr'><strong>enim</strong></span> 
     </span>
    </p>
   </div>
   <div class='ocr_carea' id='block_1_54' title="bbox 2004 967 3597 1042">
    <p class='ocr_par' dir='ltr' id='par_1_54' title="bbox 2004 967 3597 1042">
     <span class='ocr_line' id='line_1_54' title="bbox 2004 967 3597 1042; baseline 0.008 -23"><span class='ocrx_word' id='word_1_433' title='bbox 2004 967 2378 1023; x_wconf 78' lang='lat' dir='ltr'><strong>mercenarius</strong></span> <span class='ocrx_word' id='word_1_434' title='bbox 2409 967 2536 1024; x_wconf 84' lang='lat' dir='ltr'><strong>facit</strong></span> <span class='ocrx_word' id='word_1_435' title='bbox 2569 970 2902 1027; x_wconf 83' lang='lat' dir='ltr'><strong>voluntatem</strong></span> <span class='ocrx_word' id='word_1_436' title='bbox 2937 973 3148 1029; x_wconf 89' lang='lat' dir='ltr'><strong>domini</strong></span> <span class='ocrx_word' id='word_1_437' title='bbox 3187 976 3272 1031; x_wconf 91' lang='lat' dir='ltr'><strong>sui</strong></span> <span class='ocrx_word' id='word_1_438' title='bbox 3301 992 3314 1042; x_wconf 89' lang='lat'><strong>;</strong></span> <span class='ocrx_word' id='word_1_439' title='bbox 3367 977 3597 1042; x_wconf 84' lang='lat' dir='ltr'><strong>scilicet,</strong></span> 
     </span>
    </p>
   </div>
   <div class='ocr_carea' id='block_1_55' title="bbox 2005 1059 3600 1140">
    <p class='ocr_par' dir='ltr' id='par_1_55' title="bbox 2005 1059 3600 1140">
     <span class='ocr_line' id='line_1_55' title="bbox 2005 1059 3600 1140; baseline 0.009 -29"><span class='ocrx_word' id='word_1_440' title='bbox 2005 1065 2067 1112; x_wconf 90' lang='lat' dir='ltr'><strong>ut</strong></span> <span class='ocrx_word' id='word_1_441' title='bbox 2095 1059 2399 1116; x_wconf 89' lang='lat' dir='ltr'><strong>mercedem</strong></span> <span class='ocrx_word' id='word_1_442' title='bbox 2430 1061 2657 1133; x_wconf 85' lang='lat' dir='ltr'><strong>recipiat</strong></span> <span class='ocrx_word' id='word_1_443' title='bbox 2683 1072 2738 1120; x_wconf 89' lang='lat' dir='ltr'><strong>et</strong></span> <span class='ocrx_word' id='word_1_444' title='bbox 2768 1063 3055 1122; x_wconf 82' lang='lat' dir='ltr'><strong>lucretur:</strong></span> <span class='ocrx_word' id='word_1_445' title='bbox 3091 1068 3166 1123; x_wconf 85' lang='lat' dir='ltr'><strong>ita</strong></span> <span class='ocrx_word' id='word_1_446' title='bbox 3196 1067 3284 1124; x_wconf 85' lang='lat' dir='ltr'><strong>hic</strong></span> <span class='ocrx_word' id='word_1_447' title='bbox 3307 1067 3441 1124; x_wconf 82' lang='lat' dir='ltr'><strong>facit</strong></span> <span class='ocrx_word' id='word_1_448' title='bbox 3464 1085 3600 1140; x_wconf 74' lang='lat' dir='ltr'><strong>pra:-</strong></span> 
     </span>
    </p>
   </div>
   <div class='ocr_carea' id='block_1_56' title="bbox 2003 1149 2337 1221">
    <p class='ocr_par' dir='ltr' id='par_1_56' title="bbox 2003 1149 2337 1221">
     <span class='ocr_line' id='line_1_56' title="bbox 2003 1149 2337 1221; baseline 0.006 -17"><span class='ocrx_word' id='word_1_449' title='bbox 2003 1149 2100 1204; x_wconf 90' lang='lat' dir='ltr'><strong>mii</strong></span> <span class='ocrx_word' id='word_1_450' title='bbox 2139 1153 2337 1221; x_wconf 73' lang='lat' dir='ltr'><strong>gratia.</strong></span> 
     </span>
    </p>
   </div>
   <div class='ocr_carea' id='block_1_57' title="bbox 2078 1241 3597 1322">
    <p class='ocr_par' dir='ltr' id='par_1_57' title="bbox 2078 1241 3597 1322">
     <span class='ocr_line' id='line_1_57' title="bbox 2078 1241 3597 1322; baseline 0.008 -26"><span class='ocrx_word' id='word_1_451' title='bbox 2078 1241 2242 1315; x_wconf 62' lang='lat' dir='ltr'><strong>M4</strong></span> <span class='ocrx_word' id='word_1_452' title='bbox 2297 1241 2410 1298; x_wconf 83' lang='lat' dir='ltr'><strong>VII.</strong></span> <span class='ocrx_word' id='word_1_453' title='bbox 2459 1242 2597 1301; x_wconf 84' lang='lat' dir='ltr'><strong>Tres</strong></span> <span class='ocrx_word' id='word_1_454' title='bbox 2644 1253 2823 1301; x_wconf 89' lang='lat' dir='ltr'><strong>autem</strong></span> <span class='ocrx_word' id='word_1_455' title='bbox 2873 1255 3052 1304; x_wconf 90' lang='lat' dir='ltr'><strong>status</strong></span> <span class='ocrx_word' id='word_1_456' title='bbox 3100 1258 3155 1304; x_wconf 92' lang='lat' dir='ltr'><strong>et</strong></span> <span class='ocrx_word' id='word_1_457' title='bbox 3207 1250 3597 1322; x_wconf 78' lang='lat' dir='ltr'><strong>dispositiones</strong></span> 
     </span>
    </p>
   </div>
   <div class='ocr_carea' id='block_1_58' title="bbox 1999 1337 3598 1408">
    <p class='ocr_par' dir='ltr' id='par_1_58' title="bbox 1999 1337 3598 1408">
     <span class='ocr_line' id='line_1_58' title="bbox 1999 1337 3598 1408; baseline 0.004 -16"><span class='ocrx_word' id='word_1_458' title='bbox 1999 1347 2148 1404; x_wconf 86' lang='lat' dir='ltr'><strong>sunt,</strong></span> <span class='ocrx_word' id='word_1_459' title='bbox 2174 1337 2334 1408; x_wconf 82' lang='lat' dir='ltr'><strong>juxta</strong></span> <span class='ocrx_word' id='word_1_460' title='bbox 2358 1353 2498 1408; x_wconf 86' lang='lat' dir='ltr'><strong>quas</strong></span> <span class='ocrx_word' id='word_1_461' title='bbox 2527 1353 2594 1394; x_wconf 85' lang='lat' dir='ltr'><strong>ex</strong></span> <span class='ocrx_word' id='word_1_462' title='bbox 2627 1339 2644 1370; x_wconf 86' lang='grc'>¹</span> <span class='ocrx_word' id='word_1_463' title='bbox 2680 1337 2868 1394; x_wconf 85' lang='lat' dir='ltr'><strong>Basilii</strong></span> <span class='ocrx_word' id='word_1_464' title='bbox 2897 1342 3165 1395; x_wconf 84' lang='lat' dir='ltr'><strong>sententia</strong></span> <span class='ocrx_word' id='word_1_465' title='bbox 3199 1341 3520 1398; x_wconf 77' lang='lat' dir='ltr'><strong>benefacere</strong></span> <span class='ocrx_word' id='word_1_466' title='bbox 3540 1355 3598 1399; x_wconf 91' lang='lat' dir='ltr'><strong>et</strong></span> 
     </span>
    </p>
   </div>
   <div class='ocr_carea' id='block_1_59' title="bbox 1999 1427 3596 1504">
    <p class='ocr_par' dir='ltr' id='par_1_59' title="bbox 1999 1427 3596 1504">
     <span class='ocr_line' id='line_1_59' title="bbox 1999 1427 3596 1504; baseline 0.005 -22"><span class='ocrx_word' id='word_1_467' title='bbox 1999 1427 2257 1484; x_wconf 81' lang='lat' dir='ltr'><strong>virtutem</strong></span> <span class='ocrx_word' id='word_1_468' title='bbox 2308 1443 2568 1486; x_wconf 81' lang='lat' dir='ltr'><strong>exercere</strong></span> <span class='ocrx_word' id='word_1_469' title='bbox 2615 1429 2922 1495; x_wconf 87' lang='lat' dir='ltr'><strong>debemus,</strong></span> <span class='ocrx_word' id='word_1_470' title='bbox 2966 1431 3036 1486; x_wconf 90' lang='lat' dir='ltr'><strong>de</strong></span> <span class='ocrx_word' id='word_1_471' title='bbox 3083 1431 3286 1504; x_wconf 82' lang='lat' dir='ltr'><strong>quibus</strong></span> <span class='ocrx_word' id='word_1_472' title='bbox 3334 1436 3596 1491; x_wconf 84' lang='lat' dir='ltr'><strong>omnibus</strong></span> 
     </span>
    </p>
   </div>
   <div class='ocr_carea' id='block_1_60' title="bbox 2001 1519 3593 1582">
    <p class='ocr_par' dir='ltr' id='par_1_60' title="bbox 2001 1519 3593 1582">
     <span class='ocr_line' id='line_1_60' title="bbox 2001 1519 3593 1582; baseline 0.005 -8"><span class='ocrx_word' id='word_1_473' title='bbox 2001 1519 2138 1575; x_wconf 83' lang='lat' dir='ltr'><strong>alias</strong></span> <span class='ocrx_word' id='word_1_474' title='bbox 2179 1534 2488 1577; x_wconf 88' lang='lat' dir='ltr'><strong>sermonem</strong></span> <span class='ocrx_word' id='word_1_475' title='bbox 2529 1535 2617 1577; x_wconf 90' lang='lat' dir='ltr'><strong>me</strong></span> <span class='ocrx_word' id='word_1_476' title='bbox 2666 1521 2822 1578; x_wconf 85' lang='lat' dir='ltr'><strong>vobis</strong></span> <span class='ocrx_word' id='word_1_477' title='bbox 2867 1520 3066 1579; x_wconf 84' lang='lat' dir='ltr'><strong>fecisse</strong></span> <span class='ocrx_word' id='word_1_478' title='bbox 3111 1526 3486 1580; x_wconf 86' lang='lat' dir='ltr'><strong>commemini.</strong></span> <span class='ocrx_word' id='word_1_479' title='bbox 3533 1527 3593 1582; x_wconf 90' lang='lat' dir='ltr'><strong>Si</strong></span> 
     </span>
    </p>
   </div>
   <div class='ocr_carea' id='block_1_61' title="bbox 1998 1611 3594 1684">
    <p class='ocr_par' dir='ltr' id='par_1_61' title="bbox 1998 1611 3594 1684">
     <span class='ocr_line' id='line_1_61' title="bbox 1998 1611 3594 1684; baseline 0.006 -18"><span class='ocrx_word' id='word_1_480' title='bbox 1998 1611 2144 1666; x_wconf 90' lang='lat' dir='ltr'><strong>enim</strong></span> <span class='ocrx_word' id='word_1_481' title='bbox 2178 1612 2378 1668; x_wconf 88' lang='lat' dir='ltr'><strong>timore</strong></span> <span class='ocrx_word' id='word_1_482' title='bbox 2399 1612 2660 1684; x_wconf 65' lang='lat' dir='ltr'><strong>gehennae</strong></span> <span class='ocrx_word' id='word_1_483' title='bbox 2684 1613 3122 1682; x_wconf 83' lang='lat' dir='ltr'><strong>benefaciamus,</strong></span> <span class='ocrx_word' id='word_1_484' title='bbox 3152 1616 3208 1670; x_wconf 94' lang='lat' dir='ltr'><strong>in</strong></span> <span class='ocrx_word' id='word_1_485' title='bbox 3235 1617 3421 1672; x_wconf 83' lang='lat' dir='ltr'><strong>servili</strong></span> <span class='ocrx_word' id='word_1_486' title='bbox 3447 1628 3594 1675; x_wconf 82' lang='lat' dir='ltr'><strong>stam</strong></span> 
     </span>
    </p>
   </div>
   <div class='ocr_carea' id='block_1_62' title="bbox 1999 1705 3589 1778">
    <p class='ocr_par' dir='ltr' id='par_1_62' title="bbox 1999 1705 3589 1778">
     <span class='ocr_line' id='line_1_62' title="bbox 1999 1705 3589 1778; baseline 0.003 -18"><span class='ocrx_word' id='word_1_487' title='bbox 1999 1719 2226 1762; x_wconf 88' lang='lat' dir='ltr'><strong>sumus:</strong></span> <span class='ocrx_word' id='word_1_488' title='bbox 2258 1705 2304 1760; x_wconf 88' lang='lat' dir='ltr'><strong>si</strong></span> <span class='ocrx_word' id='word_1_489' title='bbox 2333 1716 2393 1759; x_wconf 91' lang='lat' dir='ltr'><strong>ut</strong></span> <span class='ocrx_word' id='word_1_490' title='bbox 2416 1705 2724 1762; x_wconf 87' lang='lat' dir='ltr'><strong>mercedem</strong></span> <span class='ocrx_word' id='word_1_491' title='bbox 2754 1707 3111 1778; x_wconf 86' lang='lat' dir='ltr'><strong>recipiamus,</strong></span> <span class='ocrx_word' id='word_1_492' title='bbox 3141 1709 3196 1763; x_wconf 92' lang='lat' dir='ltr'><strong>in</strong></span> <span class='ocrx_word' id='word_1_493' title='bbox 3229 1713 3589 1772; x_wconf 83' lang='lat' dir='ltr'><strong>mercenarii;</strong></span> 
     </span>
    </p>
   </div>
   <div class='ocr_carea' id='block_1_63' title="bbox 2000 1793 3590 1866">
    <p class='ocr_par' dir='ltr' id='par_1_63' title="bbox 2000 1793 3590 1866">
     <span class='ocr_line' id='line_1_63' title="bbox 2000 1793 3590 1866; baseline 0.005 -18"><span class='ocrx_word' id='word_1_494' title='bbox 2000 1793 2047 1848; x_wconf 89' lang='lat' dir='ltr'><strong>si</strong></span> <span class='ocrx_word' id='word_1_495' title='bbox 2079 1793 2208 1848; x_wconf 91' lang='lat' dir='ltr'><strong>boni</strong></span> <span class='ocrx_word' id='word_1_496' title='bbox 2237 1795 2412 1864; x_wconf 83' lang='lat' dir='ltr'><strong>ipsius</strong></span> <span class='ocrx_word' id='word_1_497' title='bbox 2431 1793 2629 1866; x_wconf 73' lang='lat' dir='ltr'><strong>gratia,</strong></span> <span class='ocrx_word' id='word_1_498' title='bbox 2660 1793 2731 1852; x_wconf 87' lang='lat' dir='ltr'><strong>ad</strong></span> <span class='ocrx_word' id='word_1_499' title='bbox 2756 1794 2993 1852; x_wconf 89' lang='lat' dir='ltr'><strong>llliorum</strong></span> <span class='ocrx_word' id='word_1_500' title='bbox 3027 1805 3232 1853; x_wconf 85' lang='lat' dir='ltr'><strong>statum</strong></span> <span class='ocrx_word' id='word_1_501' title='bbox 3269 1800 3590 1856; x_wconf 73' lang='lat' dir='ltr'><strong>transimus.</strong></span> 
     </span>
    </p>
   </div>
   <div class='ocr_carea' id='block_1_64' title="bbox 1999 1885 3594 1959">
    <p class='ocr_par' dir='ltr' id='par_1_64' title="bbox 1999 1885 3594 1959">
     <span class='ocr_line' id='line_1_64' title="bbox 1999 1885 3594 1959; baseline 0.006 -19"><span class='ocrx_word' id='word_1_502' title='bbox 1999 1885 2174 1942; x_wconf 87' lang='lat' dir='ltr'><strong>Filius</strong></span> <span class='ocrx_word' id='word_1_503' title='bbox 2211 1886 2360 1942; x_wconf 84' lang='lat' dir='ltr'><strong>enim</strong></span> <span class='ocrx_word' id='word_1_504' title='bbox 2391 1901 2498 1941; x_wconf 90' lang='lat' dir='ltr'><strong>non</strong></span> <span class='ocrx_word' id='word_1_505' title='bbox 2547 1885 2682 1944; x_wconf 85' lang='lat' dir='ltr'><strong>facit</strong></span> <span class='ocrx_word' id='word_1_506' title='bbox 2722 1888 2895 1959; x_wconf 86' lang='lat' dir='ltr'><strong>patris</strong></span> <span class='ocrx_word' id='word_1_507' title='bbox 2937 1889 3276 1946; x_wconf 82' lang='lat' dir='ltr'><strong>voluntatem</strong></span> <span class='ocrx_word' id='word_1_508' title='bbox 3319 1892 3392 1946; x_wconf 92' lang='lat' dir='ltr'><strong>ob</strong></span> <span class='ocrx_word' id='word_1_509' title='bbox 3423 1891 3594 1949; x_wconf 74' lang='lat' dir='ltr'><strong>timo-</strong></span> 
     </span>
    </p>
   </div>
   <div class='ocr_carea' id='block_1_65' title="bbox 1997 1979 3591 2050">
    <p class='ocr_par' dir='ltr' id='par_1_65' title="bbox 1997 1979 3591 2050">
     <span class='ocr_line' id='line_1_65' title="bbox 1997 1979 3591 2050; baseline 0.006 -18"><span class='ocrx_word' id='word_1_510' title='bbox 1997 1993 2139 2044; x_wconf 89' lang='lat' dir='ltr'><strong>rem,</strong></span> <span class='ocrx_word' id='word_1_511' title='bbox 2178 1993 2355 2050; x_wconf 89' lang='lat' dir='ltr'><strong>neque</strong></span> <span class='ocrx_word' id='word_1_512' title='bbox 2388 1983 2448 2033; x_wconf 91' lang='lat' dir='ltr'><strong>ut</strong></span> <span class='ocrx_word' id='word_1_513' title='bbox 2487 1979 2718 2048; x_wconf 87' lang='lat' dir='ltr'><strong>recipiat</strong></span> <span class='ocrx_word' id='word_1_514' title='bbox 2749 1980 3056 2038; x_wconf 82' lang='lat' dir='ltr'><strong>mercedem</strong></span> <span class='ocrx_word' id='word_1_515' title='bbox 3101 1981 3173 2037; x_wconf 83' lang='lat' dir='ltr'><strong>ab</strong></span> <span class='ocrx_word' id='word_1_516' title='bbox 3219 1981 3334 2048; x_wconf 90' lang='lat' dir='ltr'><strong>illo,</strong></span> <span class='ocrx_word' id='word_1_517' title='bbox 3364 1983 3459 2040; x_wconf 82' lang='lat' dir='ltr'><strong>sed</strong></span> <span class='ocrx_word' id='word_1_518' title='bbox 3487 1999 3591 2040; x_wconf 86' lang='lat' dir='ltr'><strong>vo-</strong></span> 
     </span>
    </p>
   </div>
   <div class='ocr_carea' id='block_1_66' title="bbox 1998 2068 3594 2142">
    <p class='ocr_par' dir='ltr' id='par_1_66' title="bbox 1998 2068 3594 2142">
     <span class='ocr_line' id='line_1_66' title="bbox 1998 2068 3594 2142; baseline 0.003 -17"><span class='ocrx_word' id='word_1_519' title='bbox 1998 2069 2122 2126; x_wconf 91' lang='lat' dir='ltr'><strong>lens</strong></span> <span class='ocrx_word' id='word_1_520' title='bbox 2154 2068 2233 2124; x_wconf 92' lang='lat' dir='ltr'><strong>illi</strong></span> <span class='ocrx_word' id='word_1_521' title='bbox 2275 2068 2574 2136; x_wconf 87' lang='lat' dir='ltr'><strong>deservire,</strong></span> <span class='ocrx_word' id='word_1_522' title='bbox 2602 2070 2793 2127; x_wconf 90' lang='lat' dir='ltr'><strong>volens</strong></span> <span class='ocrx_word' id='word_1_523' title='bbox 2837 2070 3020 2142; x_wconf 89' lang='lat' dir='ltr'><strong>ipsum</strong></span> <span class='ocrx_word' id='word_1_524' title='bbox 3069 2071 3364 2140; x_wconf 88' lang='lat' dir='ltr'><strong>honorare,</strong></span> <span class='ocrx_word' id='word_1_525' title='bbox 3399 2073 3594 2130; x_wconf 86' lang='lat' dir='ltr'><strong>volens</strong></span> 
     </span>
    </p>
   </div>
   <div class='ocr_carea' id='block_1_67' title="bbox 1997 2161 3593 2238">
    <p class='ocr_par' dir='ltr' id='par_1_67' title="bbox 1997 2161 3593 2238">
     <span class='ocr_line' id='line_1_67' title="bbox 1997 2161 3593 2238; baseline 0.001 -20"><span class='ocrx_word' id='word_1_526' title='bbox 1997 2163 2102 2232; x_wconf 76' lang='lat' dir='ltr'><strong>ipsi</strong></span> <span class='ocrx_word' id='word_1_527' title='bbox 2133 2163 2188 2218; x_wconf 91' lang='lat' dir='ltr'><strong>in</strong></span> <span class='ocrx_word' id='word_1_528' title='bbox 2215 2163 2472 2219; x_wconf 87' lang='lat' dir='ltr'><strong>omnibus</strong></span> <span class='ocrx_word' id='word_1_529' title='bbox 2511 2161 2742 2234; x_wconf 87' lang='lat' dir='ltr'><strong>obsequi</strong></span> <span class='ocrx_word' id='word_1_530' title='bbox 2782 2171 2837 2219; x_wconf 91' lang='lat' dir='ltr'><strong>et</strong></span> <span class='ocrx_word' id='word_1_531' title='bbox 2875 2177 3086 2220; x_wconf 90' lang='lat' dir='ltr'><strong>morem</strong></span> <span class='ocrx_word' id='word_1_532' title='bbox 3119 2179 3326 2234; x_wconf 75' lang='lat' dir='ltr'><strong>gerere.</strong></span> <span class='ocrx_word' id='word_1_533' title='bbox 3368 2164 3457 2222; x_wconf 90' lang='lat' dir='ltr'><strong>Sic</strong></span> <span class='ocrx_word' id='word_1_534' title='bbox 3486 2166 3593 2238; x_wconf 73' lang='lat' dir='ltr'><strong>igi-</strong></span> 
     </span>
    </p>
   </div>
   <div class='ocr_carea' id='block_1_68' title="bbox 1998 2249 3602 2329">
    <p class='ocr_par' dir='ltr' id='par_1_68' title="bbox 1998 2249 3602 2329">
     <span class='ocr_line' id='line_1_68' title="bbox 1998 2249 3602 2329; baseline 0.002 -18"><span class='ocrx_word' id='word_1_535' title='bbox 1998 2263 2088 2311; x_wconf 90' lang='lat' dir='ltr'><strong>tur</strong></span> <span class='ocrx_word' id='word_1_536' title='bbox 2113 2263 2170 2312; x_wconf 88' lang='lat' dir='ltr'><strong>et</strong></span> <span class='ocrx_word' id='word_1_537' title='bbox 2192 2270 2294 2310; x_wconf 90' lang='lat' dir='ltr'><strong>nos</strong></span> <span class='ocrx_word' id='word_1_538' title='bbox 2323 2254 2729 2327; x_wconf 85' lang='lat' dir='ltr'><strong>eleemosynam</strong></span> <span class='ocrx_word' id='word_1_539' title='bbox 2759 2254 3030 2313; x_wconf 82' lang='lat' dir='ltr'><strong>faciamus</strong></span> <span class='ocrx_word' id='word_1_540' title='bbox 3059 2259 3128 2314; x_wconf 91' lang='lat' dir='ltr'><strong>ob</strong></span> <span class='ocrx_word' id='word_1_541' title='bbox 3159 2249 3334 2329; x_wconf 87' lang='lat' dir='ltr'><strong>ipsius</strong></span> <span class='ocrx_word' id='word_1_542' title='bbox 3362 2259 3602 2316; x_wconf 75' lang='lat' dir='ltr'><strong>eleemo—</strong></span> 
     </span>
    </p>
   </div>
   <div class='ocr_carea' id='block_1_69' title="bbox 1996 2347 3594 2422">
    <p class='ocr_par' dir='ltr' id='par_1_69' title="bbox 1996 2347 3594 2422">
     <span class='ocr_line' id='line_1_69' title="bbox 1996 2347 3594 2422; baseline 0.004 -21"><span class='ocrx_word' id='word_1_543' title='bbox 1996 2361 2147 2420; x_wconf 71' lang='lat' dir='ltr'><strong>synze</strong></span> <span class='ocrx_word' id='word_1_544' title='bbox 2177 2348 2417 2416; x_wconf 66' lang='lat' dir='ltr'><strong>bonum;</strong></span> <span class='ocrx_word' id='word_1_545' title='bbox 2446 2347 2840 2417; x_wconf 86' lang='lat' dir='ltr'><strong>compatientes</strong></span> <span class='ocrx_word' id='word_1_546' title='bbox 2862 2357 3057 2404; x_wconf 84' lang='lat' dir='ltr'><strong>mutuo</strong></span> <span class='ocrx_word' id='word_1_547' title='bbox 3079 2359 3139 2404; x_wconf 89' lang='lat' dir='ltr'><strong>ut</strong></span> <span class='ocrx_word' id='word_1_548' title='bbox 3164 2350 3401 2422; x_wconf 86' lang='lat' dir='ltr'><strong>propriis</strong></span> <span class='ocrx_word' id='word_1_549' title='bbox 3418 2365 3594 2407; x_wconf 89' lang='lat' dir='ltr'><strong>mem-</strong></span> 
     </span>
    </p>
   </div>
   <div class='ocr_carea' id='block_1_70' title="bbox 1997 2438 3591 2511">
    <p class='ocr_par' dir='ltr' id='par_1_70' title="bbox 1997 2438 3591 2511">
     <span class='ocr_line' id='line_1_70' title="bbox 1997 2438 3591 2511; baseline 0.001 -15"><span class='ocrx_word' id='word_1_550' title='bbox 1997 2441 2132 2510; x_wconf 89' lang='lat' dir='ltr'><strong>bris,</strong></span> <span class='ocrx_word' id='word_1_551' title='bbox 2165 2440 2247 2496; x_wconf 92' lang='lat' dir='ltr'><strong>sic</strong></span> <span class='ocrx_word' id='word_1_552' title='bbox 2275 2454 2465 2495; x_wconf 91' lang='lat' dir='ltr'><strong>curam</strong></span> <span class='ocrx_word' id='word_1_553' title='bbox 2495 2447 2749 2510; x_wconf 75' lang='lat' dir='ltr'><strong>gerentes</strong></span> <span class='ocrx_word' id='word_1_554' title='bbox 2775 2438 3214 2511; x_wconf 87' lang='lat' dir='ltr'><strong>uniuscujusque</strong></span> <span class='ocrx_word' id='word_1_555' title='bbox 3239 2441 3384 2496; x_wconf 87' lang='lat' dir='ltr'><strong>utab</strong></span> <span class='ocrx_word' id='word_1_556' title='bbox 3405 2457 3470 2497; x_wconf 91' lang='lat' dir='ltr'><strong>eo</strong></span> <span class='ocrx_word' id='word_1_557' title='bbox 3491 2458 3591 2499; x_wconf 84' lang='lat' dir='ltr'><strong>cu-</strong></span> 
     </span>
    </p>
   </div>
   <div class='ocr_carea' id='block_1_71' title="bbox 1997 2529 3589 2602">
    <p class='ocr_par' dir='ltr' id='par_1_71' title="bbox 1997 2529 3589 2602">
     <span class='ocr_line' id='line_1_71' title="bbox 1997 2529 3589 2602; baseline 0 -15"><span class='ocrx_word' id='word_1_558' title='bbox 1997 2529 2110 2587; x_wconf 89' lang='lat' dir='ltr'><strong>rari</strong></span> <span class='ocrx_word' id='word_1_559' title='bbox 2139 2545 2240 2586; x_wconf 84' lang='lat' dir='ltr'><strong>nos</strong></span> <span class='ocrx_word' id='word_1_560' title='bbox 2271 2540 2588 2602; x_wconf 85' lang='lat' dir='ltr'><strong>optaremus</strong></span> <span class='ocrx_word' id='word_1_561' title='bbox 2616 2547 2632 2596; x_wconf 91' lang='lat'><strong>;</strong></span> <span class='ocrx_word' id='word_1_562' title='bbox 2665 2529 2747 2584; x_wconf 90' lang='lat' dir='ltr'><strong>sic</strong></span> <span class='ocrx_word' id='word_1_563' title='bbox 2773 2529 2997 2596; x_wconf 77' lang='lat' dir='ltr'><strong>dantes,</strong></span> <span class='ocrx_word' id='word_1_564' title='bbox 3015 2539 3276 2600; x_wconf 85' lang='lat' dir='ltr'><strong>tanquam</strong></span> <span class='ocrx_word' id='word_1_565' title='bbox 3309 2530 3589 2598; x_wconf 74' lang='lat' dir='ltr'><strong>accipere-</strong></span> 
     </span>
    </p>
   </div>
   <div class='ocr_carea' id='block_1_72' title="bbox 1948 2621 3592 2694">
    <p class='ocr_par' dir='ltr' id='par_1_72' title="bbox 1948 2621 3592 2694">
     <span class='ocr_line' id='line_1_72' title="bbox 1948 2621 3592 2694; baseline 0.001 -15"><span class='ocrx_word' id='word_1_566' title='bbox 1948 2651 1956 2660; x_wconf 59' lang='grc' dir='ltr'><strong>κ</strong></span> <span class='ocrx_word' id='word_1_567' title='bbox 1997 2639 2124 2680; x_wconf 89' lang='lat' dir='ltr'><strong>mus</strong></span> <span class='ocrx_word' id='word_1_568' title='bbox 2157 2641 2172 2691; x_wconf 89' lang='lat'><strong>;</strong></span> <span class='ocrx_word' id='word_1_569' title='bbox 2217 2631 2272 2680; x_wconf 90' lang='lat' dir='ltr'><strong>et</strong></span> <span class='ocrx_word' id='word_1_570' title='bbox 2299 2623 2417 2678; x_wconf 79' lang='lat' dir='ltr'><strong>haec</strong></span> <span class='ocrx_word' id='word_1_571' title='bbox 2454 2630 2540 2678; x_wconf 91' lang='lat' dir='ltr'><strong>est</strong></span> <span class='ocrx_word' id='word_1_572' title='bbox 2567 2621 2912 2693; x_wconf 86' lang='lat' dir='ltr'><strong>eleemosyna</strong></span> <span class='ocrx_word' id='word_1_573' title='bbox 2953 2637 3076 2694; x_wconf 80' lang='lat' dir='ltr'><strong>quae</strong></span> <span class='ocrx_word' id='word_1_574' title='bbox 3119 2638 3246 2678; x_wconf 87' lang='lat' dir='ltr'><strong>cum</strong></span> <span class='ocrx_word' id='word_1_575' title='bbox 3277 2623 3592 2694; x_wconf 80' lang='lat' dir='ltr'><strong>cOgnitione</strong></span> 
     </span>
    </p>
   </div>
   <div class='ocr_carea' id='block_1_73' title="bbox 1998 2711 3592 2782">
    <p class='ocr_par' dir='ltr' id='par_1_73' title="bbox 1998 2711 3592 2782">
     <span class='ocr_line' id='line_1_73' title="bbox 1998 2711 3592 2782; baseline -0.001 -13"><span class='ocrx_word' id='word_1_576' title='bbox 1998 2714 2058 2770; x_wconf 87' lang='lat' dir='ltr'><strong>lit</strong></span> <span class='ocrx_word' id='word_1_577' title='bbox 2083 2732 2097 2769; x_wconf 90' lang='lat'><strong>:</strong></span> <span class='ocrx_word' id='word_1_578' title='bbox 2127 2713 2223 2779; x_wconf 89' lang='lat' dir='ltr'><strong>ita,</strong></span> <span class='ocrx_word' id='word_1_579' title='bbox 2257 2723 2316 2768; x_wconf 92' lang='lat' dir='ltr'><strong>ut</strong></span> <span class='ocrx_word' id='word_1_580' title='bbox 2345 2711 2487 2776; x_wconf 75' lang='lat' dir='ltr'><strong>dixi,</strong></span> <span class='ocrx_word' id='word_1_581' title='bbox 2524 2711 2578 2766; x_wconf 92' lang='lat' dir='ltr'><strong>in</strong></span> <span class='ocrx_word' id='word_1_582' title='bbox 2612 2711 2847 2767; x_wconf 83' lang='lat' dir='ltr'><strong>filiorum</strong></span> <span class='ocrx_word' id='word_1_583' title='bbox 2885 2721 3028 2768; x_wconf 84' lang='lat' dir='ltr'><strong>statu</strong></span> <span class='ocrx_word' id='word_1_584' title='bbox 3061 2713 3386 2782; x_wconf 87' lang='lat' dir='ltr'><strong>reperimur.</strong></span> <span class='ocrx_word' id='word_1_585' title='bbox 3417 2713 3592 2768; x_wconf 85' lang='lat' dir='ltr'><strong>Nemo</strong></span> 
     </span>
    </p>
   </div>
   <div class='ocr_carea' id='block_1_74' title="bbox 1995 2801 3592 2876">
    <p class='ocr_par' dir='ltr' id='par_1_74' title="bbox 1995 2801 3592 2876">
     <span class='ocr_line' id='line_1_74' title="bbox 1995 2801 3592 2876; baseline -0.001 -17"><span class='ocrx_word' id='word_1_586' title='bbox 1995 2813 2178 2860; x_wconf 89' lang='lat' dir='ltr'><strong>autem</strong></span> <span class='ocrx_word' id='word_1_587' title='bbox 2207 2812 2383 2876; x_wconf 88' lang='lat' dir='ltr'><strong>potest</strong></span> <span class='ocrx_word' id='word_1_588' title='bbox 2409 2802 2590 2858; x_wconf 89' lang='lat' dir='ltr'><strong>dicere</strong></span> <span class='ocrx_word' id='word_1_589' title='bbox 2617 2820 2633 2857; x_wconf 88' lang='lat'><strong>:</strong></span> <span class='ocrx_word' id='word_1_590' title='bbox 2659 2801 2872 2872; x_wconf 85' lang='lat' dir='ltr'><strong>Pauper</strong></span> <span class='ocrx_word' id='word_1_591' title='bbox 2903 2818 3050 2870; x_wconf 88' lang='lat' dir='ltr'><strong>sum,</strong></span> <span class='ocrx_word' id='word_1_592' title='bbox 3082 2813 3137 2860; x_wconf 93' lang='lat' dir='ltr'><strong>et</strong></span> <span class='ocrx_word' id='word_1_593' title='bbox 3181 2803 3328 2860; x_wconf 88' lang='lat' dir='ltr'><strong>unde</strong></span> <span class='ocrx_word' id='word_1_594' title='bbox 3374 2804 3592 2860; x_wconf 86' lang='lat' dir='ltr'><strong>miseri-</strong></span> 
     </span>
    </p>
   </div>
   <div class='ocr_carea' id='block_1_75' title="bbox 1995 2894 3592 2972">
    <p class='ocr_par' dir='ltr' id='par_1_75' title="bbox 1995 2894 3592 2972">
     <span class='ocr_line' id='line_1_75' title="bbox 1995 2894 3592 2972; baseline -0.001 -18"><span class='ocrx_word' id='word_1_595' title='bbox 1995 2898 2236 2954; x_wconf 86' lang='lat' dir='ltr'><strong>cordiam</strong></span> <span class='ocrx_word' id='word_1_596' title='bbox 2276 2894 2499 2963; x_wconf 82' lang='lat' dir='ltr'><strong>faciam,</strong></span> <span class='ocrx_word' id='word_1_597' title='bbox 2534 2912 2644 2951; x_wconf 91' lang='lat' dir='ltr'><strong>non</strong></span> <span class='ocrx_word' id='word_1_598' title='bbox 2681 2896 2874 2952; x_wconf 84' lang='lat' dir='ltr'><strong>habeo.</strong></span> <span class='ocrx_word' id='word_1_599' title='bbox 2909 2894 2966 2951; x_wconf 91' lang='lat' dir='ltr'><strong>Si</strong></span> <span class='ocrx_word' id='word_1_600' title='bbox 3001 2896 3150 2952; x_wconf 84' lang='lat' dir='ltr'><strong>enim</strong></span> <span class='ocrx_word' id='word_1_601' title='bbox 3184 2911 3293 2952; x_wconf 89' lang='lat' dir='ltr'><strong>non</strong></span> <span class='ocrx_word' id='word_1_602' title='bbox 3325 2905 3479 2972; x_wconf 88' lang='lat' dir='ltr'><strong>potes</strong></span> <span class='ocrx_word' id='word_1_603' title='bbox 3509 2897 3592 2952; x_wconf 90' lang='lat' dir='ltr'><strong>di-</strong></span> 
     </span>
    </p>
   </div>
   <div class='ocr_carea' id='block_1_76' title="bbox 1994 2984 3588 3060">
    <p class='ocr_par' dir='ltr' id='par_1_76' title="bbox 1994 2984 3588 3060">
     <span class='ocr_line' id='line_1_76' title="bbox 1994 2984 3588 3060; baseline -0.001 -16"><span class='ocrx_word' id='word_1_604' title='bbox 1994 2991 2197 3045; x_wconf 82' lang='lat' dir='ltr'><strong>vitibus</strong></span> <span class='ocrx_word' id='word_1_605' title='bbox 2228 2996 2282 3044; x_wconf 92' lang='lat' dir='ltr'><strong>et</strong></span> <span class='ocrx_word' id='word_1_606' title='bbox 2311 2987 2624 3059; x_wconf 90' lang='lat' dir='ltr'><strong>potentibus</strong></span> <span class='ocrx_word' id='word_1_607' title='bbox 2653 3002 2808 3059; x_wconf 76' lang='lat' dir='ltr'><strong>:equa</strong></span> <span class='ocrx_word' id='word_1_608' title='bbox 2839 2984 3194 3054; x_wconf 87' lang='lat' dir='ltr'><strong>distribuere,</strong></span> <span class='ocrx_word' id='word_1_609' title='bbox 3226 2988 3295 3044; x_wconf 90' lang='lat' dir='ltr'><strong>da</strong></span> <span class='ocrx_word' id='word_1_610' title='bbox 3321 2987 3377 3044; x_wconf 79' lang='lat' dir='ltr'><strong>in</strong></span> <span class='ocrx_word' id='word_1_611' title='bbox 3419 3004 3588 3060; x_wconf 78' lang='lat' dir='ltr'><strong>gazo-</strong></span> 
     </span>
    </p>
   </div>
   <div class='ocr_carea' id='block_1_77' title="bbox 1996 3077 3596 3152">
    <p class='ocr_par' dir='ltr' id='par_1_77' title="bbox 1996 3077 3596 3152">
     <span class='ocr_line' id='line_1_77' title="bbox 1996 3077 3596 3152; baseline -0.003 -15"><span class='ocrx_word' id='word_1_612' title='bbox 1996 3081 2310 3152; x_wconf 82' lang='lat' dir='ltr'><strong>phylacium</strong></span> <span class='ocrx_word' id='word_1_613' title='bbox 2342 3081 2450 3135; x_wconf 89' lang='lat' dir='ltr'><strong>duo</strong></span> <span class='ocrx_word' id='word_1_614' title='bbox 2483 3081 2718 3148; x_wconf 88' lang='lat' dir='ltr'><strong>minuta,</strong></span> <span class='ocrx_word' id='word_1_615' title='bbox 2753 3087 2810 3134; x_wconf 93' lang='lat' dir='ltr'><strong>ut</strong></span> <span class='ocrx_word' id='word_1_616' title='bbox 2838 3077 3000 3136; x_wconf 88' lang='lat' dir='ltr'><strong>vidua</strong></span> <span class='ocrx_word' id='word_1_617' title='bbox 3030 3080 3122 3135; x_wconf 87' lang='lat' dir='ltr'><strong>illa</strong></span> <span class='ocrx_word' id='word_1_618' title='bbox 3155 3080 3490 3150; x_wconf 86' lang='lat' dir='ltr'><strong>paupercula</strong></span> <span class='ocrx_word' id='word_1_619' title='bbox 3515 3092 3540 3120; x_wconf 74' lang='grc' dir='ltr'>ι</span> <span class='ocrx_word' id='word_1_620' title='bbox 3569 3097 3596 3147; x_wconf 79' lang='lat'><strong>;</strong></span> 
     </span>
    </p>
   </div>
   <div class='ocr_carea' id='block_1_78' title="bbox 1996 3167 3588 3240">
    <p class='ocr_par' dir='ltr' id='par_1_78' title="bbox 1996 3167 3588 3240">
     <span class='ocr_line' id='line_1_78' title="bbox 1996 3167 3588 3240; baseline -0.001 -14"><span class='ocrx_word' id='word_1_621' title='bbox 1996 3179 2050 3226; x_wconf 89' lang='lat' dir='ltr'><strong>et</strong></span> <span class='ocrx_word' id='word_1_622' title='bbox 2081 3171 2172 3224; x_wconf 88' lang='lat' dir='ltr'><strong>illa</strong></span> <span class='ocrx_word' id='word_1_623' title='bbox 2202 3170 2400 3240; x_wconf 86' lang='lat' dir='ltr'><strong>accipit</strong></span> <span class='ocrx_word' id='word_1_624' title='bbox 2442 3184 2474 3225; x_wconf 86' lang='lat' dir='ltr'><strong>a</strong></span> <span class='ocrx_word' id='word_1_625' title='bbox 2520 3176 2573 3225; x_wconf 92' lang='lat' dir='ltr'><strong>te</strong></span> <span class='ocrx_word' id='word_1_626' title='bbox 2605 3169 2748 3225; x_wconf 91' lang='lat' dir='ltr'><strong>Deus</strong></span> <span class='ocrx_word' id='word_1_627' title='bbox 2781 3183 2945 3240; x_wconf 90' lang='lat' dir='ltr'><strong>super</strong></span> <span class='ocrx_word' id='word_1_628' title='bbox 2969 3167 3204 3225; x_wconf 85' lang='lat' dir='ltr'><strong>divitum</strong></span> <span class='ocrx_word' id='word_1_629' title='bbox 3232 3171 3402 3226; x_wconf 86' lang='lat' dir='ltr'><strong>dona.</strong></span> <span class='ocrx_word' id='word_1_630' title='bbox 3430 3170 3588 3238; x_wconf 86' lang='lat' dir='ltr'><strong>Quod</strong></span> 
     </span>
    </p>
   </div>
   <div class='ocr_carea' id='block_1_79' title="bbox 2001 3261 3591 3334">
    <p class='ocr_par' dir='ltr' id='par_1_79' title="bbox 2001 3261 3591 3334">
     <span class='ocr_line' id='line_1_79' title="bbox 2001 3261 3591 3334; baseline -0.001 -17"><span class='ocrx_word' id='word_1_631' title='bbox 2001 3263 2048 3318; x_wconf 89' lang='lat' dir='ltr'><strong>si</strong></span> <span class='ocrx_word' id='word_1_632' title='bbox 2081 3276 2182 3317; x_wconf 90' lang='lat' dir='ltr'><strong>nec</strong></span> <span class='ocrx_word' id='word_1_633' title='bbox 2207 3261 2371 3316; x_wconf 77' lang='lat' dir='ltr'><strong>etiam</strong></span> <span class='ocrx_word' id='word_1_634' title='bbox 2401 3261 2506 3318; x_wconf 92' lang='lat' dir='ltr'><strong>hoc</strong></span> <span class='ocrx_word' id='word_1_635' title='bbox 2535 3261 2835 3331; x_wconf 88' lang='lat' dir='ltr'><strong>habueris;</strong></span> <span class='ocrx_word' id='word_1_636' title='bbox 2883 3271 2940 3318; x_wconf 90' lang='lat' dir='ltr'><strong>at</strong></span> <span class='ocrx_word' id='word_1_637' title='bbox 2982 3273 3129 3318; x_wconf 87' lang='lat' dir='ltr'><strong>certe</strong></span> <span class='ocrx_word' id='word_1_638' title='bbox 3161 3271 3319 3334; x_wconf 88' lang='lat' dir='ltr'><strong>potes</strong></span> <span class='ocrx_word' id='word_1_639' title='bbox 3347 3278 3446 3334; x_wconf 86' lang='lat' dir='ltr'><strong>per</strong></span> <span class='ocrx_word' id='word_1_640' title='bbox 3484 3263 3591 3316; x_wconf 86' lang='lat' dir='ltr'><strong>mi-</strong></span> 
     </span>
    </p>
   </div>
   <div class='ocr_carea' id='block_1_80' title="bbox 2001 3353 3594 3426">
    <p class='ocr_par' dir='ltr' id='par_1_80' title="bbox 2001 3353 3594 3426">
     <span class='ocr_line' id='line_1_80' title="bbox 2001 3353 3594 3426; baseline 0.001 -16"><span class='ocrx_word' id='word_1_641' title='bbox 2001 3353 2286 3410; x_wconf 88' lang='lat' dir='ltr'><strong>nisterium</strong></span> <span class='ocrx_word' id='word_1_642' title='bbox 2330 3353 2644 3424; x_wconf 64' lang='lat' dir='ltr'><strong>aegrotantis</strong></span> <span class='ocrx_word' id='word_1_643' title='bbox 2686 3355 2956 3411; x_wconf 90' lang='lat' dir='ltr'><strong>misereri.</strong></span> <span class='ocrx_word' id='word_1_644' title='bbox 2997 3353 3116 3410; x_wconf 87' lang='lat' dir='ltr'><strong>Non</strong></span> <span class='ocrx_word' id='word_1_645' title='bbox 3163 3365 3318 3426; x_wconf 88' lang='lat' dir='ltr'><strong>potes</strong></span> <span class='ocrx_word' id='word_1_646' title='bbox 3351 3363 3407 3410; x_wconf 91' lang='lat' dir='ltr'><strong>et</strong></span> <span class='ocrx_word' id='word_1_647' title='bbox 3440 3355 3594 3411; x_wconf 75' lang='lat' dir='ltr'><strong>hoc!</strong></span> 
     </span>
    </p>
   </div>
   <div class='ocr_carea' id='block_1_81' title="bbox 2001 3444 3588 3517">
    <p class='ocr_par' dir='ltr' id='par_1_81' title="bbox 2001 3444 3588 3517">
     <span class='ocr_line' id='line_1_81' title="bbox 2001 3444 3588 3517; baseline 0 -15"><span class='ocrx_word' id='word_1_648' title='bbox 2001 3454 2160 3517; x_wconf 90' lang='lat' dir='ltr'><strong>potes</strong></span> <span class='ocrx_word' id='word_1_649' title='bbox 2199 3445 2366 3502; x_wconf 85' lang='lat' dir='ltr'><strong>verbo</strong></span> <span class='ocrx_word' id='word_1_650' title='bbox 2411 3444 2634 3501; x_wconf 87' lang='lat' dir='ltr'><strong>fratrem</strong></span> <span class='ocrx_word' id='word_1_651' title='bbox 2674 3457 2826 3500; x_wconf 89' lang='lat' dir='ltr'><strong>tuum</strong></span> <span class='ocrx_word' id='word_1_652' title='bbox 2869 3447 3146 3502; x_wconf 89' lang='lat' dir='ltr'><strong>consolari</strong></span> <span class='ocrx_word' id='word_1_653' title='bbox 3190 3456 3244 3502; x_wconf 91' lang='lat' dir='ltr'><strong>et</strong></span> <span class='ocrx_word' id='word_1_654' title='bbox 3284 3447 3588 3503; x_wconf 77' lang='lat' dir='ltr'><strong>adhortari.</strong></span> 
     </span>
    </p>
   </div>
   <div class='ocr_carea' id='block_1_82' title="bbox 2000 3537 3592 3608">
    <p class='ocr_par' dir='ltr' id='par_1_82' title="bbox 2000 3537 3592 3608">
     <span class='ocr_line' id='line_1_82' title="bbox 2000 3537 3592 3608; baseline 0.001 -14"><span class='ocrx_word' id='word_1_655' title='bbox 2000 3537 2264 3595; x_wconf 82' lang='lat' dir='ltr'><strong>Miserere</strong></span> <span class='ocrx_word' id='word_1_656' title='bbox 2293 3538 2458 3606; x_wconf 73' lang='lat' dir='ltr'><strong>igitur</strong></span> <span class='ocrx_word' id='word_1_657' title='bbox 2481 3538 2629 3592; x_wconf 92' lang='lat' dir='ltr'><strong>illius</strong></span> <span class='ocrx_word' id='word_1_658' title='bbox 2653 3553 2748 3608; x_wconf 87' lang='lat' dir='ltr'><strong>per</strong></span> <span class='ocrx_word' id='word_1_659' title='bbox 2773 3538 3022 3604; x_wconf 88' lang='lat' dir='ltr'><strong>verbum,</strong></span> <span class='ocrx_word' id='word_1_660' title='bbox 3045 3547 3099 3594; x_wconf 92' lang='lat' dir='ltr'><strong>et</strong></span> <span class='ocrx_word' id='word_1_661' title='bbox 3124 3539 3254 3594; x_wconf 89' lang='lat' dir='ltr'><strong>audi</strong></span> <span class='ocrx_word' id='word_1_662' title='bbox 3284 3540 3592 3596; x_wconf 85' lang='lat' dir='ltr'><strong>dicentem:</strong></span> 
     </span>
    </p>
   </div>
   <div class='ocr_carea' id='block_1_83' title="bbox 2012 3627 3594 3704">
    <p class='ocr_par' dir='ltr' id='par_1_83' title="bbox 2012 3627 3594 3704">
     <span class='ocr_line' id='line_1_83' title="bbox 2012 3627 3594 3704; baseline 0.003 -20"><span class='ocrx_word' id='word_1_663' title='bbox 2012 3627 2240 3685; x_wconf 69' lang='lat' dir='ltr'><strong>Verbum</strong></span> <span class='ocrx_word' id='word_1_664' title='bbox 2282 3629 2473 3684; x_wconf 85' lang='lat' dir='ltr'><strong>bonum</strong></span> <span class='ocrx_word' id='word_1_665' title='bbox 2519 3628 2905 3704; x_wconf 74' lang='lat' dir='ltr'><strong>superdatum</strong></span> <span class='ocrx_word' id='word_1_666' title='bbox 2953 3631 3212 3700; x_wconf 82' lang='lat' dir='ltr'><strong>optimum</strong></span> <span class='ocrx_word' id='word_1_667' title='bbox 3240 3631 3292 3688; x_wconf 72' lang='grc' dir='ltr'><strong>ι).</strong></span> <span class='ocrx_word' id='word_1_668' title='bbox 3335 3629 3440 3686; x_wconf 88' lang='lat' dir='ltr'><strong>Sed</strong></span> <span class='ocrx_word' id='word_1_669' title='bbox 3473 3640 3594 3688; x_wconf 83' lang='lat' dir='ltr'><strong>esto</strong></span> 
     </span>
    </p>
   </div>
   <div class='ocr_carea' id='block_1_84' title="bbox 2002 3719 3596 3792">
    <p class='ocr_par' dir='ltr' id='par_1_84' title="bbox 2002 3719 3596 3792">
     <span class='ocr_line' id='line_1_84' title="bbox 2002 3719 3596 3792; baseline -0.001 -16"><span class='ocrx_word' id='word_1_670' title='bbox 2002 3721 2150 3792; x_wconf 92' lang='lat' dir='ltr'><strong>quod</strong></span> <span class='ocrx_word' id='word_1_671' title='bbox 2181 3735 2358 3790; x_wconf 88' lang='lat' dir='ltr'><strong>neque</strong></span> <span class='ocrx_word' id='word_1_672' title='bbox 2388 3720 2557 3776; x_wconf 87' lang='lat' dir='ltr'><strong>verbo</strong></span> <span class='ocrx_word' id='word_1_673' title='bbox 2599 3720 2777 3791; x_wconf 90' lang='lat' dir='ltr'><strong>possis</strong></span> <span class='ocrx_word' id='word_1_674' title='bbox 2813 3719 3248 3776; x_wconf 88' lang='lat' dir='ltr'><strong>misericordiam</strong></span> <span class='ocrx_word' id='word_1_675' title='bbox 3286 3719 3502 3776; x_wconf 86' lang='lat' dir='ltr'><strong>facere:</strong></span> <span class='ocrx_word' id='word_1_676' title='bbox 3539 3728 3596 3775; x_wconf 87' lang='lat' dir='ltr'><strong>at</strong></span> 
     </span>
    </p>
   </div>
   <div class='ocr_carea' id='block_1_85' title="bbox 2001 3811 3595 3884">
    <p class='ocr_par' dir='ltr' id='par_1_85' title="bbox 2001 3811 3595 3884">
     <span class='ocr_line' id='line_1_85' title="bbox 2001 3811 3595 3884; baseline -0.001 -13"><span class='ocrx_word' id='word_1_677' title='bbox 2001 3822 2148 3871; x_wconf 85' lang='lat' dir='ltr'><strong>certe</strong></span> <span class='ocrx_word' id='word_1_678' title='bbox 2176 3821 2330 3884; x_wconf 92' lang='lat' dir='ltr'><strong>potes</strong></span> <span class='ocrx_word' id='word_1_679' title='bbox 2359 3813 2403 3868; x_wconf 89' lang='lat' dir='ltr'><strong>si</strong></span> <span class='ocrx_word' id='word_1_680' title='bbox 2447 3814 2502 3868; x_wconf 89' lang='lat' dir='ltr'><strong>iu</strong></span> <span class='ocrx_word' id='word_1_681' title='bbox 2542 3823 2594 3868; x_wconf 94' lang='lat' dir='ltr'><strong>te</strong></span> <span class='ocrx_word' id='word_1_682' title='bbox 2619 3812 2971 3868; x_wconf 84' lang='lat' dir='ltr'><strong>excanduerit</strong></span> <span class='ocrx_word' id='word_1_683' title='bbox 3026 3813 3197 3867; x_wconf 84' lang='lat' dir='ltr'><strong>frater</strong></span> <span class='ocrx_word' id='word_1_684' title='bbox 3218 3851 3234 3878; x_wconf 90' lang='lat'><strong>,</strong></span> <span class='ocrx_word' id='word_1_685' title='bbox 3285 3811 3595 3882; x_wconf 74' lang='lat' dir='ltr'><strong>fragilitatis</strong></span> 
     </span>
    </p>
   </div>
   <div class='ocr_carea' id='block_1_86' title="bbox 2001 3903 3595 3973">
    <p class='ocr_par' dir='ltr' id='par_1_86' title="bbox 2001 3903 3595 3973">
     <span class='ocr_line' id='line_1_86' title="bbox 2001 3903 3595 3973; baseline -0.001 -11"><span class='ocrx_word' id='word_1_686' title='bbox 2001 3907 2150 3963; x_wconf 86' lang='lat' dir='ltr'><strong>illius</strong></span> <span class='ocrx_word' id='word_1_687' title='bbox 2177 3905 2422 3960; x_wconf 86' lang='lat' dir='ltr'><strong>misereri</strong></span> <span class='ocrx_word' id='word_1_688' title='bbox 2451 3945 2466 3970; x_wconf 94' lang='lat'><strong>,</strong></span> <span class='ocrx_word' id='word_1_689' title='bbox 2499 3913 2554 3960; x_wconf 91' lang='lat' dir='ltr'><strong>et</strong></span> <span class='ocrx_word' id='word_1_690' title='bbox 2583 3920 2704 3960; x_wconf 84' lang='lat' dir='ltr'><strong>eam</strong></span> <span class='ocrx_word' id='word_1_691' title='bbox 2733 3903 2877 3958; x_wconf 90' lang='lat' dir='ltr'><strong>ferre</strong></span> <span class='ocrx_word' id='word_1_692' title='bbox 2903 3906 2957 3958; x_wconf 89' lang='lat' dir='ltr'><strong>in</strong></span> <span class='ocrx_word' id='word_1_693' title='bbox 2994 3914 3235 3973; x_wconf 88' lang='lat' dir='ltr'><strong>tempore</strong></span> <span class='ocrx_word' id='word_1_694' title='bbox 3260 3904 3595 3962; x_wconf 85' lang='lat' dir='ltr'><strong>turbationis</strong></span> 
     </span>
    </p>
   </div>
   <div class='ocr_carea' id='block_1_87' title="bbox 2002 3993 3587 4066">
    <p class='ocr_par' dir='ltr' id='par_1_87' title="bbox 2002 3993 3587 4066">
     <span class='ocr_line' id='line_1_87' title="bbox 2002 3993 3587 4066; baseline -0.004 -10"><span class='ocrx_word' id='word_1_695' title='bbox 2002 4012 2136 4063; x_wconf 80' lang='lat' dir='ltr'><strong>suae,</strong></span> <span class='ocrx_word' id='word_1_696' title='bbox 2163 4011 2287 4052; x_wconf 91' lang='lat' dir='ltr'><strong>cum</strong></span> <span class='ocrx_word' id='word_1_697' title='bbox 2324 4011 2433 4052; x_wconf 90' lang='lat' dir='ltr'><strong>nou</strong></span> <span class='ocrx_word' id='word_1_698' title='bbox 2470 3995 2686 4066; x_wconf 82' lang='lat' dir='ltr'><strong>ignores</strong></span> <span class='ocrx_word' id='word_1_699' title='bbox 2720 4003 2986 4048; x_wconf 84' lang='lat' dir='ltr'><strong>tentatum</strong></span> <span class='ocrx_word' id='word_1_700' title='bbox 3034 3993 3188 4048; x_wconf 90' lang='lat' dir='ltr'><strong>illum</strong></span> <span class='ocrx_word' id='word_1_701' title='bbox 3229 4008 3260 4047; x_wconf 88' lang='lat' dir='ltr'><strong>a</strong></span> <span class='ocrx_word' id='word_1_702' title='bbox 3303 3997 3587 4050; x_wconf 84' lang='lat' dir='ltr'><strong>communi</strong></span> 
     </span>
    </p>
   </div>
   <div class='ocr_carea' id='block_1_88' title="bbox 2002 4085 3585 4159">
    <p class='ocr_par' dir='ltr' id='par_1_88' title="bbox 2002 4085 3585 4159">
     <span class='ocr_line' id='line_1_88' title="bbox 2002 4085 3585 4159; baseline -0.004 -12"><span class='ocrx_word' id='word_1_703' title='bbox 2002 4093 2180 4147; x_wconf 88' lang='lat' dir='ltr'><strong>hoste.</strong></span> <span class='ocrx_word' id='word_1_704' title='bbox 2218 4089 2465 4159; x_wconf 90' lang='lat' dir='ltr'><strong>Cumque</strong></span> <span class='ocrx_word' id='word_1_705' title='bbox 2493 4087 2673 4159; x_wconf 88' lang='lat' dir='ltr'><strong>possis</strong></span> <span class='ocrx_word' id='word_1_706' title='bbox 2712 4085 2786 4140; x_wconf 90' lang='lat' dir='ltr'><strong>illi</strong></span> <span class='ocrx_word' id='word_1_707' title='bbox 2821 4085 3168 4156; x_wconf 87' lang='lat' dir='ltr'><strong>respondere,</strong></span> <span class='ocrx_word' id='word_1_708' title='bbox 3210 4095 3266 4142; x_wconf 90' lang='lat' dir='ltr'><strong>et</strong></span> <span class='ocrx_word' id='word_1_709' title='bbox 3304 4087 3585 4142; x_wconf 86' lang='lat' dir='ltr'><strong>turbatum</strong></span> 
     </span>
    </p>
   </div>
   <div class='ocr_carea' id='block_1_89' title="bbox 2002 4175 3588 4254">
    <p class='ocr_par' dir='ltr' id='par_1_89' title="bbox 2002 4175 3588 4254">
     <span class='ocr_line' id='line_1_89' title="bbox 2002 4175 3588 4254; baseline -0.001 -17"><span class='ocrx_word' id='word_1_710' title='bbox 2002 4182 2178 4254; x_wconf 84' lang='lat' dir='ltr'><strong>magis</strong></span> <span class='ocrx_word' id='word_1_711' title='bbox 2207 4181 2536 4248; x_wconf 89' lang='lat' dir='ltr'><strong>incendere;</strong></span> <span class='ocrx_word' id='word_1_712' title='bbox 2572 4179 2618 4235; x_wconf 91' lang='lat' dir='ltr'><strong>si</strong></span> <span class='ocrx_word' id='word_1_713' title='bbox 2649 4187 2852 4242; x_wconf 86' lang='lat' dir='ltr'><strong>taceas,</strong></span> <span class='ocrx_word' id='word_1_714' title='bbox 2884 4175 3322 4233; x_wconf 87' lang='lat' dir='ltr'><strong>misericordiam</strong></span> <span class='ocrx_word' id='word_1_715' title='bbox 3364 4177 3502 4234; x_wconf 83' lang='lat' dir='ltr'><strong>facis</strong></span> <span class='ocrx_word' id='word_1_716' title='bbox 3530 4179 3588 4236; x_wconf 79' lang='lat' dir='ltr'><strong>in</strong></span> 
     </span>
    </p>
   </div>
   <div class='ocr_carea' id='block_1_90' title="bbox 2001 4269 3591 4341">
    <p class='ocr_par' dir='ltr' id='par_1_90' title="bbox 2001 4269 3591 4341">
     <span class='ocr_line' id='line_1_90' title="bbox 2001 4269 3591 4341; baseline 0.001 -13"><span class='ocrx_word' id='word_1_717' title='bbox 2001 4274 2242 4329; x_wconf 89' lang='lat' dir='ltr'><strong>animam</strong></span> <span class='ocrx_word' id='word_1_718' title='bbox 2273 4271 2410 4341; x_wconf 85' lang='lat' dir='ltr'><strong>ejus,</strong></span> <span class='ocrx_word' id='word_1_719' title='bbox 2441 4282 2496 4328; x_wconf 90' lang='lat' dir='ltr'><strong>et</strong></span> <span class='ocrx_word' id='word_1_720' title='bbox 2533 4271 2601 4326; x_wconf 91' lang='lat' dir='ltr'><strong>de</strong></span> <span class='ocrx_word' id='word_1_721' title='bbox 2633 4269 2817 4325; x_wconf 87' lang='lat' dir='ltr'><strong>hostili</strong></span> <span class='ocrx_word' id='word_1_722' title='bbox 2856 4285 2982 4325; x_wconf 90' lang='lat' dir='ltr'><strong>eum</strong></span> <span class='ocrx_word' id='word_1_723' title='bbox 3020 4285 3186 4325; x_wconf 90' lang='lat' dir='ltr'><strong>manu</strong></span> <span class='ocrx_word' id='word_1_724' title='bbox 3227 4271 3396 4340; x_wconf 88' lang='lat' dir='ltr'><strong>rapis.</strong></span> <span class='ocrx_word' id='word_1_725' title='bbox 3426 4269 3591 4329; x_wconf 85' lang='lat' dir='ltr'><strong>Potes</strong></span> 
     </span>
    </p>
   </div>
   <div class='ocr_carea' id='block_1_91' title="bbox 2001 4363 3594 4435">
    <p class='ocr_par' dir='ltr' id='par_1_91' title="bbox 2001 4363 3594 4435">
     <span class='ocr_line' id='line_1_91' title="bbox 2001 4363 3594 4435; baseline -0.001 -14"><span class='ocrx_word' id='word_1_726' title='bbox 2001 4381 2245 4431; x_wconf 85' lang='lat' dir='ltr'><strong>rursum,</strong></span> <span class='ocrx_word' id='word_1_727' title='bbox 2279 4364 2329 4420; x_wconf 89' lang='lat' dir='ltr'><strong>si</strong></span> <span class='ocrx_word' id='word_1_728' title='bbox 2359 4363 2414 4419; x_wconf 88' lang='lat' dir='ltr'><strong>iu</strong></span> <span class='ocrx_word' id='word_1_729' title='bbox 2450 4371 2503 4420; x_wconf 93' lang='lat' dir='ltr'><strong>te</strong></span> <span class='ocrx_word' id='word_1_730' title='bbox 2541 4363 2849 4435; x_wconf 83' lang='lat' dir='ltr'><strong>peccaverit</strong></span> <span class='ocrx_word' id='word_1_731' title='bbox 2896 4363 3065 4420; x_wconf 86' lang='lat' dir='ltr'><strong>frater</strong></span> <span class='ocrx_word' id='word_1_732' title='bbox 3103 4373 3251 4430; x_wconf 91' lang='lat' dir='ltr'><strong>tuus,</strong></span> <span class='ocrx_word' id='word_1_733' title='bbox 3287 4364 3366 4419; x_wconf 90' lang='lat' dir='ltr'><strong>illi</strong></span> <span class='ocrx_word' id='word_1_734' title='bbox 3406 4363 3594 4419; x_wconf 85' lang='lat' dir='ltr'><strong>dimit-</strong></span> 
     </span>
    </p>
   </div>
   <div class='ocr_carea' id='block_1_92' title="bbox 2001 4456 3592 4530">
    <p class='ocr_par' dir='ltr' id='par_1_92' title="bbox 2001 4456 3592 4530">
     <span class='ocr_line' id='line_1_92' title="bbox 2001 4456 3592 4530; baseline -0.003 -14"><span class='ocrx_word' id='word_1_735' title='bbox 2001 4471 2116 4517; x_wconf 89' lang='lat' dir='ltr'><strong>tere</strong></span> <span class='ocrx_word' id='word_1_736' title='bbox 2143 4469 2198 4515; x_wconf 90' lang='lat' dir='ltr'><strong>et</strong></span> <span class='ocrx_word' id='word_1_737' title='bbox 2213 4459 2506 4530; x_wconf 76' lang='lat' dir='ltr'><strong>ignoscere</strong></span> <span class='ocrx_word' id='word_1_738' title='bbox 2532 4465 2818 4529; x_wconf 86' lang='lat' dir='ltr'><strong>peccatum</strong></span> <span class='ocrx_word' id='word_1_739' title='bbox 2851 4456 2991 4527; x_wconf 88' lang='lat' dir='ltr'><strong>ejus,</strong></span> <span class='ocrx_word' id='word_1_740' title='bbox 3026 4467 3086 4511; x_wconf 92' lang='lat' dir='ltr'><strong>ut</strong></span> <span class='ocrx_word' id='word_1_741' title='bbox 3111 4465 3165 4512; x_wconf 92' lang='lat' dir='ltr'><strong>et</strong></span> <span class='ocrx_word' id='word_1_742' title='bbox 3191 4466 3246 4511; x_wconf 95' lang='lat' dir='ltr'><strong>tu</strong></span> <span class='ocrx_word' id='word_1_743' title='bbox 3284 4473 3314 4512; x_wconf 78' lang='grc' dir='ltr'><strong>ιι</strong></span> <span class='ocrx_word' id='word_1_744' title='bbox 3360 4457 3592 4512; x_wconf 84' lang='lat' dir='ltr'><strong>Domino</strong></span> 
     </span>
    </p>
   </div>
   <div class='ocr_carea' id='block_1_93' title="bbox 299 4549 1896 4628">
    <p class='ocr_par' dir='ltr' id='par_1_93' title="bbox 299 4551 1893 4628">
     <span class='ocr_line' id='line_1_93' title="bbox 299 4551 1893 4628; baseline 0.004 -22"><span class='ocrx_word' id='word_1_745' title='bbox 299 4551 468 4620; x_wconf 84' lang='grc' dir='ltr'>Λέγει</span> <span class='ocrx_word' id='word_1_746' title='bbox 502 4553 644 4623; x_wconf 76' lang='grc' dir='ltr'>γάρ’</span> <span class='ocrx_word' id='word_1_747' title='bbox 683 4553 888 4622; x_wconf 68' lang='grc' dir='ltr'>Ἅφετε</span> <span class='ocrx_word' id='word_1_748' title='bbox 919 4552 1018 4607; x_wconf 76' lang='grc' dir='ltr'><strong>καὶ</strong></span> <span class='ocrx_word' id='word_1_749' title='bbox 1054 4553 1423 4622; x_wconf 74' lang='grc' dir='ltr'>ἀφεθήσεται</span> <span class='ocrx_word' id='word_1_750' title='bbox 1454 4557 1630 4628; x_wconf 78' lang='grc' dir='ltr'>ὑμῖν·</span> <span class='ocrx_word' id='word_1_751' title='bbox 1679 4559 1774 4613; x_wconf 76' lang='grc' dir='ltr'><strong>καὶ</strong></span> <span class='ocrx_word' id='word_1_752' title='bbox 1803 4559 1893 4612; x_wconf 81' lang='grc' dir='ltr'><strong>εὑ-</strong></span> 
     </span>
    </p>
   </div>
   <div class='ocr_carea' id='block_1_94' title="bbox 1998 4549 3589 4628">
    <p class='ocr_par' dir='ltr' id='par_1_94' title="bbox 2000 4549 3589 4621">
     <span class='ocr_line' id='line_1_94' title="bbox 2000 4549 3589 4621; baseline 0 -14"><span class='ocrx_word' id='word_1_753' title='bbox 2000 4549 2433 4608; x_wconf 86' lang='lat' dir='ltr'><strong>misericordiam</strong></span> <span class='ocrx_word' id='word_1_754' title='bbox 2474 4560 2530 4607; x_wconf 88' lang='lat' dir='ltr'><strong>et</strong></span> <span class='ocrx_word' id='word_1_755' title='bbox 2573 4549 2786 4606; x_wconf 87' lang='lat' dir='ltr'><strong>veniam</strong></span> <span class='ocrx_word' id='word_1_756' title='bbox 2829 4551 3233 4621; x_wconf 88' lang='lat' dir='ltr'><strong>consequaris:</strong></span> <span class='ocrx_word' id='word_1_757' title='bbox 3278 4551 3356 4606; x_wconf 90' lang='lat' dir='ltr'><strong>ait</strong></span> <span class='ocrx_word' id='word_1_758' title='bbox 3399 4551 3589 4607; x_wconf 88' lang='lat' dir='ltr'><strong>enim:</strong></span> 
     </span>
    </p>
   </div>
   <div class='ocr_carea' id='block_1_95' title="bbox 302 4640 1895 4718">
    <p class='ocr_par' dir='ltr' id='par_1_95' title="bbox 302 4640 1895 4718">
     <span class='ocr_line' id='line_1_95' title="bbox 302 4640 1895 4718; baseline 0.007 -24"><span class='ocrx_word' id='word_1_759' title='bbox 302 4640 470 4714; x_wconf 78' lang='grc' dir='ltr'>ρίσκῃ</span> <span class='ocrx_word' id='word_1_760' title='bbox 501 4641 674 4698; x_wconf 85' lang='grc' dir='ltr'>ποιῶν</span> <span class='ocrx_word' id='word_1_761' title='bbox 713 4641 863 4704; x_wconf 84' lang='grc' dir='ltr'>ἐλεος</span> <span class='ocrx_word' id='word_1_762' title='bbox 912 4643 971 4708; x_wconf 75' lang='grc' dir='ltr'>ἐς</span> <span class='ocrx_word' id='word_1_763' title='bbox 1013 4641 1114 4715; x_wconf 77' lang='grc' dir='ltr'><strong>τὴν</strong></span> <span class='ocrx_word' id='word_1_764' title='bbox 1142 4642 1319 4717; x_wconf 77' lang='grc' dir='ltr'>ψυχὴν</span> <span class='ocrx_word' id='word_1_765' title='bbox 1368 4643 1464 4700; x_wconf 79' lang='grc' dir='ltr'>τοῦ</span> <span class='ocrx_word' id='word_1_766' title='bbox 1509 4647 1742 4718; x_wconf 85' lang='grc' dir='ltr'>ἁδελφοῦ</span> <span class='ocrx_word' id='word_1_767' title='bbox 1777 4667 1895 4718; x_wconf 88' lang='grc' dir='ltr'>σου,</span> 
     </span>
    </p>
   </div>
   <div class='ocr_carea' id='block_1_96' title="bbox 303 4731 1896 4815">
    <p class='ocr_par' dir='ltr' id='par_1_96' title="bbox 303 4731 1896 4815">
     <span class='ocr_line' id='line_1_96' title="bbox 303 4731 1896 4815; baseline 0.007 -29"><span class='ocrx_word' id='word_1_768' title='bbox 303 4732 610 4803; x_wconf 81' lang='grc' dir='ltr'>συγχωρῶν</span> <span class='ocrx_word' id='word_1_769' title='bbox 637 4732 786 4804; x_wconf 81' lang='grc' dir='ltr'>αὐτῷ</span> <span class='ocrx_word' id='word_1_770' title='bbox 810 4731 850 4788; x_wconf 78' lang='grc' dir='ltr'><strong>θ.</strong></span> <span class='ocrx_word' id='word_1_771' title='bbox 873 4733 1122 4806; x_wconf 72' lang='grc' dir='ltr'>ἥμαρτεν</span> <span class='ocrx_word' id='word_1_772' title='bbox 1156 4736 1238 4800; x_wconf 83' lang='grc' dir='ltr'><strong>είς</strong></span> <span class='ocrx_word' id='word_1_773' title='bbox 1263 4736 1347 4791; x_wconf 87' lang='grc' dir='ltr'>σέ.</span> <span class='ocrx_word' id='word_1_774' title='bbox 1384 4738 1593 4793; x_wconf 85' lang='grc' dir='ltr'>Ἔδωκε</span> <span class='ocrx_word' id='word_1_775' title='bbox 1625 4741 1734 4815; x_wconf 83' lang='grc' dir='ltr'><strong>γὰρ</strong></span> <span class='ocrx_word' id='word_1_776' title='bbox 1763 4743 1896 4815; x_wconf 77' lang='grc' dir='ltr'>ἡμῖν</span> 
     </span>
    </p>
   </div>
   <div class='ocr_carea' id='block_1_97' title="bbox 300 4822 1897 4906">
    <p class='ocr_par' dir='ltr' id='par_1_97' title="bbox 300 4822 1897 4906">
     <span class='ocr_line' id='line_1_97' title="bbox 300 4822 1897 4906; baseline 0.006 -27"><span class='ocrx_word' id='word_1_777' title='bbox 300 4827 331 4880; x_wconf 88' lang='lat'><strong>6</strong></span> <span class='ocrx_word' id='word_1_778' title='bbox 353 4825 486 4890; x_wconf 82' lang='grc' dir='ltr'>Θεὸς</span> <span class='ocrx_word' id='word_1_779' title='bbox 510 4822 782 4894; x_wconf 78' lang='grc' dir='ltr'>ἐξουσίαν,</span> <span class='ocrx_word' id='word_1_780' title='bbox 807 4825 902 4880; x_wconf 74' lang='grc' dir='ltr'><strong>ἐὰν</strong></span> <span class='ocrx_word' id='word_1_781' title='bbox 933 4825 1200 4898; x_wconf 83' lang='grc' dir='ltr'>θέλωμεν,</span> <span class='ocrx_word' id='word_1_782' title='bbox 1225 4834 1533 4903; x_wconf 83' lang='grc' dir='ltr'>συγχωρεῖν</span> <span class='ocrx_word' id='word_1_783' title='bbox 1554 4833 1806 4906; x_wconf 77' lang='grc' dir='ltr'>ἀλλήλοις</span> <span class='ocrx_word' id='word_1_784' title='bbox 1826 4835 1897 4891; x_wconf 82' lang='grc' dir='ltr'><strong>τὰ</strong></span> 
     </span>
    </p>
   </div>
   <div class='ocr_carea' id='block_1_98' title="bbox 302 4916 1896 4998">
    <p class='ocr_par' dir='ltr' id='par_1_98' title="bbox 302 4916 1896 4998">
     <span class='ocr_line' id='line_1_98' title="bbox 302 4916 1896 4998; baseline 0.008 -29"><span class='ocrx_word' id='word_1_785' title='bbox 302 4916 733 4990; x_wconf 87' lang='grc' dir='ltr'>παραπτώματα</span> <span class='ocrx_word' id='word_1_786' title='bbox 765 4920 860 4972; x_wconf 80' lang='grc' dir='ltr'><strong>καὶ</strong></span> <span class='ocrx_word' id='word_1_787' title='bbox 889 4919 969 4983; x_wconf 86' lang='grc' dir='ltr'><strong>εἰς</strong></span> <span class='ocrx_word' id='word_1_788' title='bbox 991 4921 1142 4990; x_wconf 78' lang='grc' dir='ltr'>ἡμᾶς</span> <span class='ocrx_word' id='word_1_789' title='bbox 1168 4921 1432 4994; x_wconf 82' lang='grc' dir='ltr'>γινόμενα</span> <span class='ocrx_word' id='word_1_790' title='bbox 1459 4939 1474 4955; x_wconf 77' lang='grc' dir='ltr'><strong><em>ο</em></strong></span> <span class='ocrx_word' id='word_1_791' title='bbox 1510 4925 1606 4980; x_wconf 72' lang='grc' dir='ltr'><strong>καὶ</strong></span> <span class='ocrx_word' id='word_1_792' title='bbox 1625 4925 1726 4980; x_wconf 83' lang='grc' dir='ltr'><strong>οὐκ</strong></span> <span class='ocrx_word' id='word_1_793' title='bbox 1750 4926 1896 4998; x_wconf 81' lang='grc' dir='ltr'>ἔχεις</span> 
     </span>
    </p>
   </div>
   <div class='ocr_carea' id='block_1_99' title="bbox 303 5008 1889 5089">
    <p class='ocr_par' dir='ltr' id='par_1_99' title="bbox 303 5008 1889 5089">
     <span class='ocr_line' id='line_1_99' title="bbox 303 5008 1889 5089; baseline 0.007 -27"><span class='ocrx_word' id='word_1_794' title='bbox 303 5008 425 5072; x_wconf 83' lang='grc' dir='ltr'><strong>πῶς</strong></span> <span class='ocrx_word' id='word_1_795' title='bbox 455 5008 677 5079; x_wconf 76' lang='grc' dir='ltr'>ἐλεῆσαι</span> <span class='ocrx_word' id='word_1_796' title='bbox 709 5008 773 5064; x_wconf 82' lang='grc' dir='ltr'>τὸ</span> <span class='ocrx_word' id='word_1_797' title='bbox 804 5009 986 5083; x_wconf 85' lang='grc' dir='ltr'>σῶμα,</span> <span class='ocrx_word' id='word_1_798' title='bbox 1025 5011 1199 5078; x_wconf 84' lang='grc' dir='ltr'>ὲλεεῖς</span> <span class='ocrx_word' id='word_1_799' title='bbox 1239 5013 1298 5068; x_wconf 75' lang='grc' dir='ltr'>δὲ</span> <span class='ocrx_word' id='word_1_800' title='bbox 1339 5014 1440 5086; x_wconf 74' lang='grc' dir='ltr'>τὴν</span> <span class='ocrx_word' id='word_1_801' title='bbox 1471 5016 1650 5089; x_wconf 78' lang='grc' dir='ltr'>ψυχὴν</span> <span class='ocrx_word' id='word_1_802' title='bbox 1681 5018 1848 5072; x_wconf 82' lang='grc' dir='ltr'>αὐτοῦ</span> <span class='ocrx_word' id='word_1_803' title='bbox 1873 5033 1889 5051; x_wconf 81' lang='grc'>⁸</span> 
     </span>
    </p>
   </div>
   <div class='ocr_carea' id='block_1_100' title="bbox 302 5101 1892 5182">
    <p class='ocr_par' dir='ltr' id='par_1_100' title="bbox 302 5101 1892 5182">
     <span class='ocr_line' id='line_1_100' title="bbox 302 5101 1892 5182; baseline 0.006 -29"><span class='ocrx_word' id='word_1_804' title='bbox 302 5103 400 5154; x_wconf 74' lang='grc' dir='ltr'><strong>καὶ</strong></span> <span class='ocrx_word' id='word_1_805' title='bbox 428 5103 578 5154; x_wconf 88' lang='grc' dir='ltr'>ποῖον</span> <span class='ocrx_word' id='word_1_806' title='bbox 609 5101 756 5166; x_wconf 77' lang='grc' dir='ltr'>ἕλεος</span> <span class='ocrx_word' id='word_1_807' title='bbox 779 5101 947 5174; x_wconf 83' lang='grc' dir='ltr'>μέγα,</span> <span class='ocrx_word' id='word_1_808' title='bbox 968 5102 1042 5168; x_wconf 86' lang='grc' dir='ltr'><strong>ὡς</strong></span> <span class='ocrx_word' id='word_1_809' title='bbox 1065 5103 1127 5158; x_wconf 81' lang='grc' dir='ltr'><strong>τὸ</strong></span> <span class='ocrx_word' id='word_1_810' title='bbox 1155 5103 1301 5170; x_wconf 74' lang='grc' dir='ltr'>ἔλεος</span> <span class='ocrx_word' id='word_1_811' title='bbox 1326 5105 1424 5177; x_wconf 81' lang='grc' dir='ltr'>τῆς</span> <span class='ocrx_word' id='word_1_812' title='bbox 1444 5107 1621 5178; x_wconf 79' lang='grc' dir='ltr'>ψυχῆς</span> <span class='ocrx_word' id='word_1_813' title='bbox 1641 5123 1654 5174; x_wconf 94' lang='grc'><strong>;</strong></span> <span class='ocrx_word' id='word_1_814' title='bbox 1679 5109 1892 5182; x_wconf 85' lang='grc' dir='ltr'>’Ὠσπερ</span> 
     </span>
    </p>
   </div>
   <div class='ocr_carea' id='block_1_101' title="bbox 306 5194 1893 5272">
    <p class='ocr_par' dir='ltr' id='par_1_101' title="bbox 306 5194 1893 5272">
     <span class='ocr_line' id='line_1_101' title="bbox 306 5194 1893 5272; baseline 0.008 -27"><span class='ocrx_word' id='word_1_815' title='bbox 306 5201 418 5261; x_wconf 74' lang='grc' dir='ltr'><strong>γάρ</strong></span> <span class='ocrx_word' id='word_1_816' title='bbox 449 5194 486 5266; x_wconf 71' lang='grc' dir='ltr'>ἡ</span> <span class='ocrx_word' id='word_1_817' title='bbox 513 5194 660 5265; x_wconf 76' lang='grc' dir='ltr'>ψυχὴ</span> <span class='ocrx_word' id='word_1_818' title='bbox 684 5197 988 5267; x_wconf 88' lang='grc' dir='ltr'>τιμιωτέρα</span> <span class='ocrx_word' id='word_1_819' title='bbox 1015 5197 1133 5251; x_wconf 78' lang='grc' dir='ltr'>ἐστὶ</span> <span class='ocrx_word' id='word_1_820' title='bbox 1163 5196 1260 5252; x_wconf 82' lang='grc' dir='ltr'><strong>τοῦ</strong></span> <span class='ocrx_word' id='word_1_821' title='bbox 1291 5198 1564 5272; x_wconf 85' lang='grc' dir='ltr'>σώματος,</span> <span class='ocrx_word' id='word_1_822' title='bbox 1588 5200 1762 5267; x_wconf 79' lang='grc' dir='ltr'>οὕτως</span> <span class='ocrx_word' id='word_1_823' title='bbox 1797 5203 1893 5257; x_wconf 75' lang='grc' dir='ltr'><strong>καὶ</strong></span> 
     </span>
    </p>
   </div>
   <div class='ocr_carea' id='block_1_102' title="bbox 307 5285 1892 5365">
    <p class='ocr_par' dir='ltr' id='par_1_102' title="bbox 307 5285 1892 5365">
     <span class='ocr_line' id='line_1_102' title="bbox 307 5285 1892 5365; baseline 0.007 -27"><span class='ocrx_word' id='word_1_824' title='bbox 307 5285 455 5350; x_wconf 69' lang='grc' dir='ltr'>ἕλεος</span> <span class='ocrx_word' id='word_1_825' title='bbox 486 5287 548 5340; x_wconf 86' lang='grc' dir='ltr'><strong>τδ</strong></span> <span class='ocrx_word' id='word_1_826' title='bbox 574 5293 854 5359; x_wconf 88' lang='grc' dir='ltr'>γινόμενον</span> <span class='ocrx_word' id='word_1_827' title='bbox 901 5291 982 5355; x_wconf 80' lang='grc' dir='ltr'>εἰς</span> <span class='ocrx_word' id='word_1_828' title='bbox 1025 5290 1126 5362; x_wconf 80' lang='grc' dir='ltr'>τὴν</span> <span class='ocrx_word' id='word_1_829' title='bbox 1172 5291 1370 5364; x_wconf 80' lang='grc' dir='ltr'>ψυχὴν,</span> <span class='ocrx_word' id='word_1_830' title='bbox 1412 5293 1598 5365; x_wconf 77' lang='grc' dir='ltr'>μεῖζόν</span> <span class='ocrx_word' id='word_1_831' title='bbox 1632 5295 1750 5349; x_wconf 76' lang='grc' dir='ltr'>ἐστι</span> <span class='ocrx_word' id='word_1_832' title='bbox 1795 5293 1892 5348; x_wconf 77' lang='grc' dir='ltr'><strong>τοῦ</strong></span> 
     </span>
    </p>
   </div>
   <div class='ocr_carea' id='block_1_103' title="bbox 379 5461 1884 5537">
    <p class='ocr_par' dir='ltr' id='par_1_103' title="bbox 379 5461 1884 5537">
     <span class='ocr_line' id='line_1_103' title="bbox 379 5461 1884 5537; baseline 0.005 -19"><span class='ocrx_word' id='word_1_833' title='bbox 379 5473 410 5505; x_wconf 72' lang='grc' dir='ltr'>ι</span> <span class='ocrx_word' id='word_1_834' title='bbox 430 5461 600 5521; x_wconf 79' lang='lat' dir='ltr'><strong>Marc.</strong></span> <span class='ocrx_word' id='word_1_835' title='bbox 636 5480 736 5530; x_wconf 79' lang='grc' dir='ltr'>ιιι,</span> <span class='ocrx_word' id='word_1_836' title='bbox 788 5465 896 5533; x_wconf 70' lang='grc'><strong>42;</strong></span> <span class='ocrx_word' id='word_1_837' title='bbox 930 5464 1064 5523; x_wconf 89' lang='lat' dir='ltr'><strong>Luc.</strong></span> <span class='ocrx_word' id='word_1_838' title='bbox 1091 5483 1204 5533; x_wconf 62' lang='grc' dir='ltr'>κει,</span> <span class='ocrx_word' id='word_1_839' title='bbox 1230 5468 1282 5525; x_wconf 85' lang='lat' dir='ltr'><strong>l.</strong></span> <span class='ocrx_word' id='word_1_840' title='bbox 1359 5468 1389 5510; x_wconf 64' lang='grc' dir='ltr'><strong>ιν</strong></span> <span class='ocrx_word' id='word_1_841' title='bbox 1416 5467 1586 5527; x_wconf 83' lang='lat' dir='ltr'><strong>Eccli.</strong></span> <span class='ocrx_word' id='word_1_842' title='bbox 1613 5484 1768 5537; x_wconf 80' lang='lat' dir='ltr'><strong>xwu,</strong></span> <span class='ocrx_word' id='word_1_843' title='bbox 1798 5471 1884 5526; x_wconf 85' lang='lat' dir='ltr'><strong>l7.</strong></span> 
     </span>
    </p>
   </div>
   <div class='ocr_carea' id='block_1_104' title="bbox 1995 4643 3591 4701">
    <p class='ocr_par' dir='ltr' id='par_1_104' title="bbox 1995 4643 3591 4701">
     <span class='ocr_line' id='line_1_104' title="bbox 1995 4643 3591 4701; baseline 0 -1"><span class='ocrx_word' id='word_1_844' title='bbox 1995 4644 2268 4701; x_wconf 82' lang='lat' dir='ltr'><strong>Dimittite</strong></span> <span class='ocrx_word' id='word_1_845' title='bbox 2298 4653 2349 4699; x_wconf 86' lang='lat' dir='ltr'><strong>et</strong></span> <span class='ocrx_word' id='word_1_846' title='bbox 2387 4644 2690 4698; x_wconf 82' lang='lat' dir='ltr'><strong>dimittetur</strong></span> <span class='ocrx_word' id='word_1_847' title='bbox 2709 4644 2933 4699; x_wconf 71' lang='lat' dir='ltr'><strong>uobiscz</strong></span> <span class='ocrx_word' id='word_1_848' title='bbox 2963 4653 3017 4698; x_wconf 91' lang='lat' dir='ltr'><strong>et</strong></span> <span class='ocrx_word' id='word_1_849' title='bbox 3046 4643 3127 4700; x_wconf 86' lang='lat' dir='ltr'><strong>sic</strong></span> <span class='ocrx_word' id='word_1_850' title='bbox 3154 4643 3591 4701; x_wconf 85' lang='lat' dir='ltr'><strong>misericordiam</strong></span> 
     </span>
    </p>
   </div>
   <div class='ocr_carea' id='block_1_105' title="bbox 1995 4734 3590 4807">
    <p class='ocr_par' dir='ltr' id='par_1_105' title="bbox 1995 4734 3590 4807">
     <span class='ocr_line' id='line_1_105' title="bbox 1995 4734 3590 4807; baseline -0.001 -14"><span class='ocrx_word' id='word_1_851' title='bbox 1995 4735 2136 4795; x_wconf 84' lang='lat' dir='ltr'><strong>facis</strong></span> <span class='ocrx_word' id='word_1_852' title='bbox 2174 4737 2229 4792; x_wconf 91' lang='lat' dir='ltr'><strong>in</strong></span> <span class='ocrx_word' id='word_1_853' title='bbox 2261 4736 2500 4792; x_wconf 88' lang='lat' dir='ltr'><strong>animam</strong></span> <span class='ocrx_word' id='word_1_854' title='bbox 2529 4734 2714 4790; x_wconf 89' lang='lat' dir='ltr'><strong>fratris</strong></span> <span class='ocrx_word' id='word_1_855' title='bbox 2750 4734 2850 4800; x_wconf 89' lang='lat' dir='ltr'><strong>tui,</strong></span> <span class='ocrx_word' id='word_1_856' title='bbox 2883 4735 3169 4791; x_wconf 88' lang='lat' dir='ltr'><strong>dimittens</strong></span> <span class='ocrx_word' id='word_1_857' title='bbox 3195 4737 3272 4792; x_wconf 89' lang='lat' dir='ltr'><strong>illi</strong></span> <span class='ocrx_word' id='word_1_858' title='bbox 3303 4749 3590 4807; x_wconf 87' lang='lat' dir='ltr'><strong>peccatum</strong></span> 
     </span>
    </p>
   </div>
   <div class='ocr_carea' id='block_1_106' title="bbox 1994 4824 3590 4900">
    <p class='ocr_par' dir='ltr' id='par_1_106' title="bbox 1994 4824 3590 4900">
     <span class='ocr_line' id='line_1_106' title="bbox 1994 4824 3590 4900; baseline 0 -16"><span class='ocrx_word' id='word_1_859' title='bbox 1994 4829 2145 4900; x_wconf 90' lang='lat' dir='ltr'><strong>quod</strong></span> <span class='ocrx_word' id='word_1_860' title='bbox 2178 4829 2235 4884; x_wconf 84' lang='lat' dir='ltr'><strong>in</strong></span> <span class='ocrx_word' id='word_1_861' title='bbox 2268 4836 2318 4884; x_wconf 90' lang='lat' dir='ltr'><strong>te</strong></span> <span class='ocrx_word' id='word_1_862' title='bbox 2345 4827 2636 4884; x_wconf 90' lang='lat' dir='ltr'><strong>commisit.</strong></span> <span class='ocrx_word' id='word_1_863' title='bbox 2671 4824 2902 4883; x_wconf 79' lang='lat' dir='ltr'><strong>Videtur</strong></span> <span class='ocrx_word' id='word_1_864' title='bbox 2930 4827 3077 4882; x_wconf 88' lang='lat' dir='ltr'><strong>enim</strong></span> <span class='ocrx_word' id='word_1_865' title='bbox 3112 4825 3258 4884; x_wconf 90' lang='lat' dir='ltr'><strong>Deus</strong></span> <span class='ocrx_word' id='word_1_866' title='bbox 3291 4829 3451 4885; x_wconf 89' lang='lat' dir='ltr'><strong>nobis</strong></span> <span class='ocrx_word' id='word_1_867' title='bbox 3490 4844 3590 4899; x_wconf 83' lang='lat' dir='ltr'><strong>po-</strong></span> 
     </span>
    </p>
   </div>
   <div class='ocr_carea' id='block_1_107' title="bbox 1995 4919 3588 4999">
    <p class='ocr_par' dir='ltr' id='par_1_107' title="bbox 1995 4919 3588 4999">
     <span class='ocr_line' id='line_1_107' title="bbox 1995 4919 3588 4999; baseline 0 -23"><span class='ocrx_word' id='word_1_868' title='bbox 1995 4929 2244 4976; x_wconf 86' lang='lat' dir='ltr'><strong>testatem</strong></span> <span class='ocrx_word' id='word_1_869' title='bbox 2272 4919 2491 4976; x_wconf 80' lang='lat' dir='ltr'><strong>dedisse</strong></span> <span class='ocrx_word' id='word_1_870' title='bbox 2522 4919 2832 4999; x_wconf 82' lang='lat' dir='ltr'><strong>dimittendi</strong></span> <span class='ocrx_word' id='word_1_871' title='bbox 2865 4929 3088 4990; x_wconf 87' lang='lat' dir='ltr'><strong>peccata</strong></span> <span class='ocrx_word' id='word_1_872' title='bbox 3123 4920 3267 4975; x_wconf 91' lang='lat' dir='ltr'><strong>inter</strong></span> <span class='ocrx_word' id='word_1_873' title='bbox 3306 4936 3406 4976; x_wconf 89' lang='lat' dir='ltr'><strong>nos</strong></span> <span class='ocrx_word' id='word_1_874' title='bbox 3432 4936 3588 4988; x_wconf 88' lang='lat' dir='ltr'><strong>com-</strong></span> 
     </span>
    </p>
   </div>
   <div class='ocr_carea' id='block_1_108' title="bbox 1996 5010 3590 5084">
    <p class='ocr_par' dir='ltr' id='par_1_108' title="bbox 1996 5010 3590 5084">
     <span class='ocr_line' id='line_1_108' title="bbox 1996 5010 3590 5084; baseline 0.003 -16"><span class='ocrx_word' id='word_1_875' title='bbox 1996 5010 2200 5068; x_wconf 86' lang='lat' dir='ltr'><strong>missa:</strong></span> <span class='ocrx_word' id='word_1_876' title='bbox 2237 5011 2312 5068; x_wconf 89' lang='lat' dir='ltr'><strong>ita</strong></span> <span class='ocrx_word' id='word_1_877' title='bbox 2349 5020 2409 5067; x_wconf 93' lang='lat' dir='ltr'><strong>ut</strong></span> <span class='ocrx_word' id='word_1_878' title='bbox 2436 5011 2482 5068; x_wconf 91' lang='lat' dir='ltr'><strong>si</strong></span> <span class='ocrx_word' id='word_1_879' title='bbox 2511 5028 2619 5067; x_wconf 91' lang='lat' dir='ltr'><strong>non</strong></span> <span class='ocrx_word' id='word_1_880' title='bbox 2651 5012 2878 5078; x_wconf 87' lang='lat' dir='ltr'><strong>habeas,</strong></span> <span class='ocrx_word' id='word_1_881' title='bbox 2901 5011 3178 5084; x_wconf 90' lang='lat' dir='ltr'><strong>quomodo</strong></span> <span class='ocrx_word' id='word_1_882' title='bbox 3203 5013 3447 5082; x_wconf 87' lang='lat' dir='ltr'><strong>corporis</strong></span> <span class='ocrx_word' id='word_1_883' title='bbox 3465 5011 3590 5081; x_wconf 83' lang='lat' dir='ltr'><strong>ejus</strong></span> 
     </span>
    </p>
   </div>
   <div class='ocr_carea' id='block_1_109' title="bbox 1998 5103 3588 5177">
    <p class='ocr_par' dir='ltr' id='par_1_109' title="bbox 1998 5103 3588 5177">
     <span class='ocr_line' id='line_1_109' title="bbox 1998 5103 3588 5177; baseline 0.001 -16"><span class='ocrx_word' id='word_1_884' title='bbox 1998 5106 2350 5175; x_wconf 86' lang='lat' dir='ltr'><strong>miserearis,</strong></span> <span class='ocrx_word' id='word_1_885' title='bbox 2396 5105 2647 5162; x_wconf 89' lang='lat' dir='ltr'><strong>misereri</strong></span> <span class='ocrx_word' id='word_1_886' title='bbox 2689 5107 2870 5177; x_wconf 85' lang='lat' dir='ltr'><strong>possis</strong></span> <span class='ocrx_word' id='word_1_887' title='bbox 2907 5105 3123 5161; x_wconf 59' lang='lat' dir='ltr'><strong>animae.</strong></span> <span class='ocrx_word' id='word_1_888' title='bbox 3173 5103 3239 5160; x_wconf 89' lang='lat' dir='ltr'><strong>Et</strong></span> <span class='ocrx_word' id='word_1_889' title='bbox 3283 5105 3452 5174; x_wconf 89' lang='lat' dir='ltr'><strong>quod,</strong></span> <span class='ocrx_word' id='word_1_890' title='bbox 3484 5106 3588 5162; x_wconf 87' lang='lat' dir='ltr'><strong>ob-</strong></span> 
     </span>
    </p>
   </div>
   <div class='ocr_carea' id='block_1_110' title="bbox 1998 5197 3588 5271">
    <p class='ocr_par' dir='ltr' id='par_1_110' title="bbox 1998 5197 3588 5271">
     <span class='ocr_line' id='line_1_110' title="bbox 1998 5197 3588 5271; baseline 0 -18"><span class='ocrx_word' id='word_1_891' title='bbox 1998 5213 2176 5263; x_wconf 89' lang='lat' dir='ltr'><strong>secro,</strong></span> <span class='ocrx_word' id='word_1_892' title='bbox 2214 5199 2610 5256; x_wconf 67' lang='lat' dir='ltr'><strong>misericordiae</strong></span> <span class='ocrx_word' id='word_1_893' title='bbox 2643 5197 2824 5270; x_wconf 89' lang='lat' dir='ltr'><strong>majus</strong></span> <span class='ocrx_word' id='word_1_894' title='bbox 2863 5213 3036 5271; x_wconf 76' lang='lat' dir='ltr'><strong>genus</strong></span> <span class='ocrx_word' id='word_1_895' title='bbox 3059 5206 3144 5254; x_wconf 89' lang='lat' dir='ltr'><strong>est</strong></span> <span class='ocrx_word' id='word_1_896' title='bbox 3167 5237 3184 5262; x_wconf 95' lang='lat'><strong>,</strong></span> <span class='ocrx_word' id='word_1_897' title='bbox 3213 5211 3377 5268; x_wconf 85' lang='lat' dir='ltr'><strong>quam</strong></span> <span class='ocrx_word' id='word_1_898' title='bbox 3423 5198 3588 5253; x_wconf 81' lang='lat' dir='ltr'><strong>mise-</strong></span> 
     </span>
    </p>
   </div>
   <div class='ocr_carea' id='block_1_111' title="bbox 1997 5294 3586 5369">
    <p class='ocr_par' dir='ltr' id='par_1_111' title="bbox 1997 5294 3586 5369">
     <span class='ocr_line' id='line_1_111' title="bbox 1997 5294 3586 5369; baseline -0.002 -15"><span class='ocrx_word' id='word_1_899' title='bbox 1997 5297 2235 5354; x_wconf 83' lang='lat' dir='ltr'><strong>ricordia</strong></span> <span class='ocrx_word' id='word_1_900' title='bbox 2262 5300 2496 5357; x_wconf 79' lang='lat' dir='ltr'><strong>animae?</strong></span> <span class='ocrx_word' id='word_1_901' title='bbox 2530 5299 2602 5360; x_wconf 90' lang='lat' dir='ltr'><strong>Ut</strong></span> <span class='ocrx_word' id='word_1_902' title='bbox 2629 5301 2776 5358; x_wconf 85' lang='lat' dir='ltr'><strong>enim</strong></span> <span class='ocrx_word' id='word_1_903' title='bbox 2802 5298 3068 5357; x_wconf 88' lang='lat' dir='ltr'><strong>illustrior</strong></span> <span class='ocrx_word' id='word_1_904' title='bbox 3095 5306 3180 5355; x_wconf 82' lang='lat' dir='ltr'><strong>est</strong></span> <span class='ocrx_word' id='word_1_905' title='bbox 3215 5294 3397 5354; x_wconf 86' lang='lat' dir='ltr'><strong>anima</strong></span> <span class='ocrx_word' id='word_1_906' title='bbox 3417 5310 3586 5369; x_wconf 77' lang='lat' dir='ltr'><strong>quam</strong></span> 
     </span>
    </p>
   </div>
   <div class='ocr_carea' id='block_1_112' title="bbox 1965 5469 2390 5539">
    <p class='ocr_par' dir='ltr' id='par_1_112' title="bbox 1965 5469 2390 5539">
     <span class='ocr_line' id='line_1_112' title="bbox 1965 5469 2390 5539; baseline 0.014 -15"><span class='ocrx_word' id='word_1_907' title='bbox 1965 5482 1988 5510; x_wconf 76' lang='grc' dir='ltr'><strong><em>ο</em></strong></span> <span class='ocrx_word' id='word_1_908' title='bbox 2023 5469 2157 5529; x_wconf 88' lang='lat' dir='ltr'><strong>Luc.</strong></span> <span class='ocrx_word' id='word_1_909' title='bbox 2190 5489 2266 5539; x_wconf 79' lang='lat' dir='ltr'><strong>vi,</strong></span> <span class='ocrx_word' id='word_1_910' title='bbox 2302 5473 2390 5530; x_wconf 83' lang='lat'><strong>57.</strong></span> 
     </span>
    </p>
   </div>
   <div class='ocr_carea' id='block_1_113' title="bbox 1605 5649 2275 5710">
    <p class='ocr_par' dir='ltr' id='par_1_113' title="bbox 1605 5649 2275 5710">
     <span class='ocr_line' id='line_1_113' title="bbox 1605 5649 2275 5710; baseline 0.009 -6"><span class='ocrx_word' id='word_1_911' title='bbox 1605 5649 1840 5710; x_wconf 65' lang='lat' dir='ltr'><strong>VARUS</strong></span> <span class='ocrx_word' id='word_1_912' title='bbox 1864 5649 2275 5710; x_wconf 83' lang='lat' dir='ltr'><strong>LECTIONES.</strong></span> 
     </span>
    </p>
   </div>
   <div class='ocr_carea' id='block_1_114' title="bbox 384 5809 1301 5884">
    <p class='ocr_par' dir='ltr' id='par_1_114' title="bbox 384 5809 1301 5884">
     <span class='ocr_line' id='line_1_114' title="bbox 384 5809 1301 5884; baseline 0.001 -17"><span class='ocrx_word' id='word_1_913' title='bbox 384 5809 426 5845; x_wconf 82' lang='lat'>&quot;</span> <span class='ocrx_word' id='word_1_914' title='bbox 459 5810 670 5867; x_wconf 61' lang='lat' dir='ltr'><strong>Basilii.</strong></span> <span class='ocrx_word' id='word_1_915' title='bbox 705 5812 974 5884; x_wconf 65' lang='lat' dir='ltr'><strong>Gregorii.</strong></span> <span class='ocrx_word' id='word_1_916' title='bbox 1050 5815 1093 5845; x_wconf 78' lang='lat'>&quot;</span> <span class='ocrx_word' id='word_1_917' title='bbox 1127 5811 1301 5868; x_wconf 72' lang='grc' dir='ltr'>τοῦτο.</span> 
     </span>
    </p>
   </div>
  </div>
