4012 6336
168 398 219 456 δι
1031 353 2118 484 ﬂammma?cnmsrmm:
2147 354 2289 456 Lm.
2319 400 2357 459 I.

656 505 1003 561 nroaoros
1057 516 1133 561 A'.
1700 524 1746 575 Α

222 619 409 687 Πρῶτον
456 621 555 689 μὲν
610 621 827 675 πάντων
882 623 1177 691 παρακαλῶ
1204 623 1328 685 τοὺς
1386 622 1671 693 μέλλοντας

169 710 466 779 ἐντυγχάνειν
496 712 625 781 τῇδε
646 715 712 782 τῇ
744 712 943 781 βίϐλῳ,
994 713 1080 766 ἵνα
1122 714 1258 782 μετὰ
1302 714 1481 785 πάσης
1511 729 1675 784 προσ-

170 804 270 871 οχῆς
292 804 372 854 καὶ
400 804 717 874 ἐπιμελείας
751 806 846 875 τὴν
882 807 1182 873 ἀνάγνωσιν
1206 806 1553 876 ποιήσωνται,
1584 806 1676 858 καί

173 892 230 959 μὴ
250 892 517 961 παρέργως
548 894 718 963 αὐτὴν
750 893 1062 963 διαδραμεῖν
1083 931 1099 957 ,
1145 893 1279 945 ἀλλά
1306 894 1555 954 καὶτοὺς
1592 892 1676 945 τὸ-

173 998 277 1042 πους
302 982 477 1033 καὶτὰ
510 983 759 1049 σχήματα
808 986 899 1034 καὶ
926 984 1022 1044 τὰς
1066 984 1382 1054 ἐγκειμένας
1417 984 1674 1054 ἱστορίας,

172 1070 281 1137 μετὰ
308 1071 479 1140 πάσης
529 1072 758 1139 σπουδῆς
804 1072 1099 1138 φιλοπόνως
1146 1073 1535 1143 ἀπομάξοιντο⁶
1586 1074 1679 1128 καὶ

176 1162 283 1227 μετὰ
304 1161 355 1212 τὺ
395 1162 546 1223 τέλος
574 1161 630 1213 δὲ
677 1162 777 1231 τῆς
828 1162 1029 1232 βίϐλου,
1059 1165 1447 1233 ὲγκυψάτωσαν
1485 1166 1681 1235 καὶτῷ

173 1254 293 1322 τόμῳ
315 1252 381 1322 τῷ
408 1254 539 1321 παρ’
570 1254 722 1322 ήμῶν
743 1256 1014 1323 γενομένῳ
1050 1256 1183 1327 πρὸς
1224 1256 1314 1309 τδν
1342 1258 1682 1327 φιλόχριστον

175 1343 558 1405 Κωνσταντῖνον,
593 1336 817 1413 ἐνῷπερ
848 1347 1291 1416 καταγέγραπται
1336 1348 1684 1419 πλατυτέρως

176 1434 294 1483 πᾶσα
326 1437 483 1502 ἡγῇ’
524 1434 558 1503 ἦ
586 1452 644 1486 τε
699 1435 869 1505 πέραν
910 1437 1003 1489 τοῦ
1048 1437 1337 1502 Ὠκεανοῦ,
1389 1439 1479 1491 καὶ
1522 1437 1682 1508 αὕτη,

174 1524 249 1575 καὶ
288 1527 452 1575 πᾶσαι
498 1527 554 1597 αἱ
605 1526 796 1595 χῶραι,
826 1524 1013 1579 ’ὲτιτε
1049 1528 1229 1581 καὶτὰ
1268 1530 1417 1581 νότια
1448 1513 1686 1598 μέρητὰ

175 1612 261 1665 ἀπὸ
289 1615 679 1685 Ἀλεξανδρείας
700 1618 802 1679 ἕως
828 1617 919 1670 τοῦ
952 1618 1182 1671 νοτιαίου
1228 1618 1477 1671 Ὠκεανοῦ
1500 1636 1514 1649 ο
1543 1619 1686 1685 λέγω

172 1702 265 1770 δὴὸ
304 1704 485 1765 Νεῖλος
517 1704 776 1773 ποταμὸς,
822 1705 918 1758 καὶ
972 1706 1027 1757 αἱ
1070 1708 1466 1777 παρακείμεναι
1492 1708 1684 1777 χῶραι,

3245 400 3315 462 ἶιὲ

2211 512 2572 570 PROLOGUS
2613 512 2884 569 PRIMUS.

1846 618 2024 674 Primo
2058 634 2323 693 quotquot
2354 627 2497 681 hunc
2524 627 2720 681 librum
2764 626 2953 680 lecturi
3001 639 3126 681 sunt
3162 645 3317 699 rogo,

1776 718 1835 760 ut
1866 725 1986 761 cum
2044 712 2189 764 omni
2247 716 2541 768 attentione
2565 725 2617 768 et
2649 713 3009 768 sollicitudine
3038 715 3315 769 lectionem

1776 808 2051 867 peragant,
2078 817 2251 870 neque
2277 804 2639 872 perfunctorie
2658 813 3054 870 transcurrant;
3075 808 3163 859 sed
3183 808 3319 868 loca,

1778 888 1977 957 ﬁguras
2015 898 2067 944 et
2111 892 2368 949 historias
2427 896 2513 949 hic
2551 904 2828 948 enarratas
2874 910 2992 946 cum
3046 896 3223 946 studio
3270 905 3323 948 et

1778 980 1960 1034 labore
2007 983 2304 1050 percipiant
2338 1002 2353 1037 :
2387 995 2545 1054 atque
2589 985 2834 1037 absoluta
2880 983 3039 1049 hujus
3089 984 3206 1036 libri
3249 985 3323 1035 Ie—

1779 1072 1972 1135 ctione,
1991 1074 2186 1127 adeant
2207 1083 2410 1127 tomum
2429 1090 2459 1128 a
2487 1076 2642 1129 nobis
2664 1075 3019 1139 elaboratum,
3036 1091 3095 1127 ac
3122 1075 3323 1131 Christi

1780 1163 1983 1215 amanti
2042 1162 2399 1218 Constantino
2473 1164 2864 1233 nuncupatum,
2930 1166 3018 1219 ubi
3078 1167 3324 1219 universa

1785 1261 1925 1305 terra
1954 1254 2114 1308 latius
2137 1255 2406 1324 descripta
2436 1265 2539 1319 est,
2571 1265 2678 1310 tam
2709 1273 2770 1310 ea
2807 1273 2927 1326 qum
2975 1258 3112 1310 ultra
3156 1256 3326 1311 Ocea-

1786 1358 1913 1395 num
1934 1342 2035 1396 sita
2060 1353 2168 1408 est,
2205 1361 2367 1415 quam
2398 1346 2507 1400 haec
2533 1362 2656 1401 cum
2691 1349 2942 1402 omnibus
2975 1348 3278 1416 regionibus
3306 1367 3322 1408 ;

1783 1442 1838 1484 et
1873 1432 2136 1485 australes
2166 1444 2345 1501 partes
2367 1435 2434 1488 ab
2460 1436 2778 1488 Alexandria
2822 1450 2989 1501 usque
3032 1435 3093 1485 ad
3124 1444 3327 1487 πεπεινη-

1786 1522 1888 1574 leni
1922 1522 2200 1599 pceanum
2228 1540 2241 1574 :
2272 1524 2525 1578 videlicet
2548 1522 2699 1576 Nilus
2745 1524 2942 1577 fluvius
2973 1525 3326 1590 regionesque

1788 1610 2114 1680 adjacentes,
2148 1623 2203 1667 et
2232 1614 2413 1682 populi
2465 1615 2726 1668 universae
2772 1611 2987 1681 IEgypti
3037 1624 3089 1668 et
3123 1613 3333 1666 Ethio-

1788 1704 1889 1771 piae
1921 1721 1934 1755 :
1968 1704 2293 1772 insuperque
2336 1704 2490 1759 sinus
2542 1705 2809 1759 Arabieus
2854 1722 2976 1758 cmn
3028 1705 3333 1774 regionibus

176 1794 251 1845 καὶ
270 1798 329 1847 τὰ
351 1796 475 1864 ἔθνη
502 1797 602 1863 τῆς
631 1813 690 1847 τε
730 1796 1001 1863 Αἰγύπτου
1032 1798 1233 1868 πάσης,
1269 1798 1363 1850 καὶ
1386 1798 1684 1862 Αἰθιοπίας,

1793 1802 1842 1846 et
1872 1793 2083 1861 populis
2124 1793 2524 1873 circumpositis
2556 1811 2728 1866 usque
2768 1797 2834 1851 ad
2873 1798 3119 1850 eumdem
3170 1796 3334 1848 Occa-

173 1882 237 1933 ἔτι
259 1900 308 1936 τε
328 1885 415 1937 καὶ
450 1884 698 1953 ’Δράϐιος
718 1886 931 1948 κόλπος,
956 1887 1049 1938 καὶ
1076 1888 1131 1939 αί
1152 1886 1545 1955 παρακείμεναι
1577 1883 1685 1956 χῶ-

177 1991 249 2043 ραι
273 1975 357 2026 καὶ
380 1975 506 2043 ἔθνη
535 1975 638 2036 ἓως
668 1975 826 2027 πάλιν
850 1976 944 2027 τοῦ
976 1976 1138 2028 αὐτοῦ
1190 1977 1462 2040 Ὠκεανοῦ,
1495 1978 1691 2046 ὁμοίως

172 2062 249 2114 καὶ
274 2065 302 2133 ή
334 2064 464 2134 μέση
487 2066 558 2133 γῆ
577 2064 672 2117 τοῦ
700 2081 759 2117 τε
800 2064 1040 2134 ποταμοῦ
1060 2053 1174 2118 ⁸καὶ
1204 2065 1296 2117 τοῦ
1327 2066 1524 2119 κόλπου
1548 2108 1562 2132 ,
1598 2069 1691 2119 καὶ

170 2155 219 2219 ei
237 2156 402 2219 πόλεις
429 2158 521 2208 καὶ
544 2157 596 2208 αἱ
623 2157 795 2226 χῶραι
818 2157 997 2208 καὶτὰ
1030 2156 1153 2225 ἔθνη
1186 2156 1250 2209 τὰ
1288 2159 1345 2210 ὲν
1372 2158 1530 2228 αὐτῇ,
1556 2159 1690 2226 πρὸς

170 2242 222 2296 τὺ
241 2243 395 2308 δεῖξαι
424 2246 494 2298 τὰ
525 2247 651 2314 παρ’
682 2244 839 2314 ήμῶν
877 2244 973 2314 μὲν
1000 2244 1263 2314 λεγόμενα
1302 2247 1474 2318 ἀληθῆ
1497 2288 1511 2311 ,
1538 2248 1605 2299 τὰ
1636 2248 1692 2299 δὲ

171 2334 263 2384 τῶν
300 2336 549 2388 ἐναντίων
599 2335 799 2404 ψευδῆ·
833 2334 899 2386 δι’
944 2335 1035 2400 οὓς
1087 2338 1179 2387 καὶ
1214 2341 1247 2406 ἡ
1279 2338 1457 2406 βίϐλος
1490 2342 1584 2392 καὶ
1638 2340 1693 2391 αί

172 2422 493 2490 καταγραφαὶ
519 2422 803 2489 γεγόνασιν
834 2424 891 2477 αἱ
917 2424 1246 2493 ἐγκείμεναι,
1277 2427 1404 2495 περί
1431 2442 1491 2478 τε
1530 2428 1693 2497 μεγέ-

170 2508 277 2572 θους
306 2512 450 2580 ἡλίου
484 2512 658 2581 λέγω,
710 2514 807 2567 καὶ
830 2514 928 2585 τῆς
974 2515 1402 2586 διακεκαυμένης
1440 2520 1535 2571 καὶ
1581 2519 1694 2572 δια-

169 2605 425 2678 ϐοωμένης
472 2611 651 2663 αὐτῶν
699 2611 952 2681 ἀοικήτου
987 2613 1109 2680 γῆς,
1156 2613 1231 2675 ὡς
1268 2613 1556 2684 πλάσματα
1600 2615 1692 2667 καὶ

172 2698 349 2767 μὺθους
401 2700 794 2770 ὲρευγομένων.
838 2703 1235 2773 Ζητησάτωσαν
1289 2705 1347 2754 δὲ
1402 2704 1562 2757 πάλιν
1603 2705 1694 2757 τὸν

173 2791 413 2858 σκὰριεον
459 2791 551 2844 τοῦ
583 2791 782 2854 παντὸς
806 2831 821 2853 ,
850 2794 943 2845 καὶ
974 2794 1073 2860 τῆς
1119 2795 1368 2865 ἀστρῲας
1395 2795 1653 2864 κινήσεως
1677 2833 1692 2856 ,

168 2880 246 2931 τον
274 2885 397 2951 παρ’
422 2882 578 2952 ἡμῶν
614 2882 901 2951 γενόμενον
928 2883 1069 2936 κατά
1096 2883 1323 2954 μίμησιν
1354 2886 1452 2954 τῆς
1477 2885 1695 2955 ὀργανι-

168 2970 255 3037 κῆς
286 2972 388 3023 τῶν
419 2971 615 3035 ἔξωθεν
648 2971 901 3042 σφαίρας,
951 2973 1044 3025 καὶ
1073 2972 1165 3026 τὸν
1194 2974 1321 3044 περὶ
1353 2974 1514 3027 αὑτοῦ
1541 2975 1695 3041 λόγον

166 3060 286 3129 πρὸς
310 3061 397 3113 τὸν
423 3060 829 3129 θεοφιλέστατον
865 3062 1108 3115 διάκονον
1139 3062 1427 3131 Ὀμόλογον
1450 3064 1693 3116 ἀποστα-

1792 1900 1919 1937 num
1965 1886 2074 1939 :ad
2120 1886 2232 1939 haec
2274 1886 2449 1939 media
2492 1895 2630 1940 terra
2679 1904 2799 1958 quae
2838 1889 2973 1941 inter
3023 1885 3241 1938 fluvium
3284 1894 3337 1937 ct

1791 1975 1967 2027 sinum
1990 1974 2156 2043 jacet,
2191 1992 2313 2030 eum
2346 1978 2575 2032 urbibus
2600 2017 2614 2040 ,
2670 1994 2723 2029 re
2752 1978 2980 2043 ,ionibus
3022 1986 3074 2029 et
3128 1974 3341 2042 populis

1792 2065 1961 2134 ipsam
1992 2065 2391 2133 incolentibus;
2430 2068 2591 2138 idque
2616 2068 2682 2121 ad
2716 2068 3175 2137 comprobandum
3211 2080 3333 2116 vera

1791 2154 2006 2223 quidem
2069 2172 2189 2212 esse
2238 2175 2322 2225 ea,
2366 2175 2487 2229 qua:
2515 2175 2616 2215 nos
2673 2159 3005 2224 referimus;
3066 2159 3157 2213 sed
3203 2156 3335 2209 falsa

1794 2245 2031 2315 proferre
2063 2249 2401 2304 adversarios
2433 2260 2665 2315 nostros,
2707 2265 2934 2320 quorum
2973 2266 3135 2325 causa
3178 2245 3336 2317 114

1794 2342 1937 2394 hunc
1970 2340 2166 2395 librum
2195 2350 2249 2395 et
2288 2353 2577 2410 praesentes
2618 2343 2984 2411 paragraphos
3026 2340 3337 2401 edidimus;

1794 2432 2048 2485 nimirum
2096 2433 2163 2486 de
2214 2441 2581 2502 magnitudine
2624 2432 2774 2494 solis,
2823 2433 2996 2499 deque
3051 2439 3193 2483 terra
3247 2429 3338 2479 illa

1794 2523 1986 2576 ardore
2019 2522 2153 2577 salis
2185 2523 2376 2578 adusta
2409 2536 2461 2575 et
2491 2524 2719 2588 inculta,
2766 2538 2924 2591 quam
2967 2520 3067 2588 ipsi
3098 2518 3341 2573 coulirtis

1794 2624 1848 2667 et
1875 2614 2140 2667 fabulosis
2189 2614 2533 2669 sermonibus
2602 2615 2868 2684 jactitant.
2916 2612 3169 2678 Qmerant
3214 2611 3342 2661 item

1795 2706 2032 2757 tabulam
2090 2713 2145 2759 et
2186 2706 2600 2773 delineatioggm
2661 2706 2918 2767 universi,
2976 2713 3027 2756 et
3073 2711 3338 2756 astrorum

1796 2803 2000 2858 motus,
2036 2809 2201 2862 quam
2237 2811 2337 2849 nos
2363 2796 2702 2851 confecimus
2746 2796 2809 2849 ad
2848 2793 3148 2863 exemplum
3186 2805 3343 2857 orga-

1796 2886 1929 2938 nica:
1954 2893 2264 2939 exterarum
2294 2887 2538 2953 sphaerae,
2572 2895 2734 2955 atque
2764 2887 2960 2938 librum
2991 2888 3150 2953 quem
3176 2898 3237 2933 ea
3277 2882 3343 2933 de

1797 2990 1853 3026 re
1896 2974 2097 3029 editum
2148 2989 2179 3027 a
2223 2974 2381 3027 nobis
2422 2974 2489 3027 ad
2542 2974 3003 3042 religiosissimum
3054 2973 3341 3024 diaconum

1796 3062 2147 3133 llomologum
2179 3064 2448 3129 misimus,
2494 3065 2743 3119 evolvunt
2774 3082 2787 3117 :
2820 3064 2908 3129 qui
2940 3078 3072 3115 sane
3095 3101 3109 3124 ,
3161 3062 3342 3127 opitu-

164 3148 324 3210 λέντα.
358 3154 452 3207 καὶ
494 3152 917 3222 ὲγκυψάτωσαν,
951 3154 1099 3217 ὅστις
1140 3171 1200 3207 τε
1230 3156 1325 3208 σὺν
1359 3156 1475 3224 Θεῷ
1515 3155 1692 3218 ἱκανὸς

1797 3155 1939 3209 lante
1978 3153 2107 3221 Deo,
2142 3156 2377 3209 maxime
2424 3171 2547 3209 cum
2596 3156 2699 3209 hoc
2749 3156 2897 3208 libro
2927 3170 2989 3207 ac
3025 3168 3149 3205 cum
3196 3161 3350 3204 tomo

163 3245 396 3314 ὑπάρχει,
427 3246 657 3316 μάλιστα
687 3248 782 3300 σὺν
805 3247 974 3320 ταύτῃ
995 3249 1060 3317 τῇ
1084 3247 1267 3318 βίϐλῳ,
1289 3250 1380 3301 καὶ
1414 3247 1491 3317 τῷ
1520 3249 1690 3319 τόμῳ,

165 3334 219 3385 ἐκ
247 3334 453 3406 βάθρων
503 3338 709 3390 ἀνελεῖν
758 3336 865 3389 τῶν
897 3337 1215 3407 Ἑλληνικῶν
1248 3338 1551 3392 ὑποθέσεων
1595 3341 1692 3409 τὴν

162 3424 368 3495 πλάνην.
422 3427 603 3480 Ταῦτα
656 3427 763 3494 γάρ
787 3443 871 3490 τις
907 3428 976 3480 τὰ
1010 3433 1133 3499 τρία
1172 3430 1489 3499 Χριστιανὸς
1516 3432 1691 3500 ὑπάρ-

161 3532 256 3583 χων
286 3519 374 3569 καὶ
406 3518 698 3587 κτώμενος,
726 3518 900 3589 καὶτῇ
930 3519 1049 3589 θεία
1069 3524 1248 3591 χάριτι
1275 3523 1401 3592 περὶ
1424 3522 1519 3593 τὴν
1546 3523 1693 3576 θείαν

164 3602 368 3675 Ρραφὴν
405 3610 678 3679 ἐπιμελῶς
710 3608 1040 3680 κινούμενος,
1095 3613 1292 3683 ῥᾳδίως
1329 3614 1535 3684 ἐλέγχει
1587 3614 1693 3668 τῶν
1731 3630 1736 3637 ·

163 3697 455 3766 μυθολόγων
478 3701 574 3771 τὴν
608 3702 808 3754 ἄνοιαν.
842 3700 1122 3770 Συνίστησι
1163 3703 1270 3775 γὰρ
1301 3704 1367 3757 δι’
1406 3705 1567 3758 αὑτοῦ
1599 3704 1691 3757 τοῦ

159 3792 439 3860 σχήματος,
472 3795 561 3846 καὶ
584 3793 682 3862 τῆς
706 3792 799 3847 τοῦ
824 3792 1025 3860 κόσμου
1050 3794 1390 3863 κατασκευῆς
1411 3796 1501 3849 καὶ
1526 3796 1693 3863 αὐτῆς

158 3879 245 3948 τῆς
271 3880 481 3948 φύσεως
510 3882 615 3934 τῶν
648 3881 1003 3953 πραγμάτων,
1030 3882 1127 3954 τὴν
1149 3883 1297 3937 θείαν
1322 3886 1361 3935 Γ
1368 3886 1538 3955 ραιρὴν
1565 3888 1694 3956 ἁλη-

159 3968 407 4041 θεστάτην
447 3969 611 4025 οὖσαν
651 3974 743 4026 καὶ
792 3973 898 4025 τῶν
937 3975 1272 4045 Χριστιανῶν
1315 3976 1375 4028 τὸ
1414 3978 1689 4048 κήρυγμα.

160 4061 445 4132 Ἔρρωσθε,
481 4064 530 4115 οξ
562 4063 889 4134 Χριστιανοὶ,
915 4066 972 4117 ἐν
995 4066 1199 4138 Κυρίῳ.

691 4197 958 4254 ΠΡΟΛΟΓ
960 4202 1042 4254 ΟΣ
1081 4203 1154 4257 B'.

156 4326 527 4402 Χριστιανικὴ
560 4333 923 4401 τοπογραφία
952 4333 1282 4402 περιεκτικὴ
1325 4336 1547 4400 παντὸς
1592 4337 1695 4390 τοῦ

216 4398 469 4473 κόσμου,
503 4398 839 4473 ἀποδείξειέ·
862 4398 1088 4470 ἔχουσα
1108 4407 1174 4457 ἐκ
1200 4398 1310 4470 τῆς
1347 4404 1507 4469 θείας
1524 4398 1698 4473 Τρα-

214 4468 367 4590 se

216 4628 387 4683 Πάλαι
441 4630 541 4700 μὲν
591 4628 797 4683 ὤκνουν
839 4632 1184 4705 ἐπιχειρῆσαι
1232 4636 1297 4705 τῇ
1353 4633 1597 4705 διηγήσει
1633 4639 1695 4706 τῇ

155 4720 293 4790 παρὰ
321 4723 417 4777 σοῦ
454 4741 545 4793 μοι
573 4723 905 4794 ἐνταλθείσῃ,
998 4727 1300 4796 εἰσφέρεται
1328 4728 1360 4796 ἡ
1386 4728 1477 4779 τοῦ
1503 4733 1699 4790 παντὸς

155 4811 346 4883 κόσμου
380 4815 661 4880 σύστασις,
698 4811 742 4869 ὦ
784 4815 1001 4885 θεοφιλῆ
1029 4816 1236 4886 θεόφιλέ
1278 4835 1336 4870 τε
1367 4821 1459 4871 καὶ
1485 4822 1697 4891 χριστό-

156 4902 265 4967 φὼ
294 4905 574 4977 Πάμφιλε.
620 4906 960 4979 Είιγὰρ-καὶ
1006 4908 1320 4979 ἐϐουλόμην,
1375 4911 1475 4962 οὐκ
1513 4912 1697 4966 ἐδυνά-

155 5010 273 5066 μην,
299 4996 389 5050 διὰ
422 4998 510 5061 τὸ,
541 4998 613 5060 ὡς
638 4992 793 5051 οἶσθα
829 4982 921 5093 rip!
951 4999 1132 5064 αὐτὸς,
1169 5003 1235 5071 τῇ
1263 5001 1593 5071 πολυχρονίῳ
1632 5019 1698 5072 με

154 5089 500 5142 κατακεῖσθαι
540 5090 698 5159 νόσῳ.
726 5091 845 5144 Τῶν
872 5089 946 5143 ’δὲ
974 5093 1189 5145 πυκνῶν
1219 5108 1309 5144 σου
1344 5091 1574 5160 δεήσεων
1604 5094 1698 5163 τὴν

152 5176 293 5230 νόσον
323 5178 519 5250 πόρρω
541 5183 635 5234 ἀπ’
660 5181 791 5251 ἐμοῦ
829 5184 1225 5252 ποιησαμένων,
1258 5184 1407 5253 δέχου
1434 5185 1619 5238 λοιπὸν
1639 5184 1698 5236 τὸ

155 5267 428 5339 προοίμιον
455 5270 565 5322 τῶν
594 5272 653 5325 ὲν
682 5276 746 5343 τῇ
771 5273 933 5343 βίϐλῳ
957 5259 1260 5343 κεφαλαίων
1285 5292 1299 5305 ν
1328 5274 1483 5328 τοῦτο
1506 5278 1601 5347 μὲν
1625 5276 1698 5337 ὡς

150 5359 243 5428 τὴν
264 5358 520 5430 ὑπακοὴν
540 5362 831 5433 πληροῦντί
863 5381 988 5436 μοι’
1027 5365 1183 5420 τοῦτο
1206 5368 1261 5420 δὲ
1290 5367 1363 5428 ὡς
1396 5368 1493 5436 τὴν
1541 5367 1697 5420 εὐθύ-

152 5466 242 5521 νην
271 5452 602 5522 ἐπτοημένῳ
624 5455 833 5527 ἐκείνην
860 5458 956 5528 τὴν
983 5457 1073 5510 τοῦ
1101 5457 1329 5529 ὀκνηροῦ
1351 5458 1553 5521 δούλου,
1579 5460 1643 5529 ἣν
1671 5461 1698 5507 ό

434 5543 597 5611 λόγος
621 5548 681 5597 ἐν
711 5550 821 5613 τοῖς
856 5549 1201 5616 Εὑαγγελίοις
1224 5552 1547 5619 ἀπεφήνατο.
1591 5550 1697 5601 Καὶ

154 5630 329 5701 ξυνιεὶς
368 5634 832 5698 καταγινωσκέτω
877 5636 951 5700 ὡς
976 5637 1243 5710 τολμηροῦ
1280 5638 1376 5708 τὴν
1405 5640 1697 5709 σαφήνειαν

151 5716 453 5793 ἀκλήτων
486 5720 669 5785 MCth
720 5742 836 5790 πως
888 5726 981 5779 καὶ
1030 5728 1325 5799 ἀνωμάλως
1376 5728 1691 5794 διεξιόντοςο

152 5808 235 5861 ui
260 5810 369 5882 γὰρ
390 5812 617 5864 ὲννςιιῖιν
640 5810 833 5881 ὀρθῶν,
852 5814 911 5869 οὐ
928 5816 1177 5886 φράσεων
1199 5817 1363 5870 δεῖται
1387 5820 1413 5870 ὁ
1444 5821 1695 5876 Χοιστιαέ

608 4467 680 4539 ἧς
748 4467 1137 4541 ἀμφισϐητεῖν
1189 4467 1695 4541 ΧριστιανοὺςἎύ
1729 4508 1772 4562 D

1794 3246 2037 3316 junctus,
2082 3246 2187 3300 erit
2209 3246 2273 3301 ad
2317 3247 2627 3301 Graecarum
2685 3245 3061 3316 ltypothesium
3105 3256 3340 3295 errorem

1798 3337 2038 3390 funditus
2086 3336 2435 3411 avertendum
2478 3336 2629 3391 satis.
2686 3333 2893 3388 Etenim
2933 3334 2977 3385 si
3024 3332 3145 3402 quis
3180 3330 3341 3383 tlhri—

1797 3418 2010 3482 stianus
2040 3428 2154 3481 luec
2213 3427 2313 3480 tria
2359 3442 2525 3497 Opera
2587 3426 2972 3486 nanciscatur,
3022 3424 3065 3477 si
3112 3438 3206 3490 per
3256 3421 3343 3472 Dei

1798 3516 2025 3585 gratiam
2054 3516 2107 3571 in
2132 3516 2312 3570 divina
2344 3516 2623 3584 Scriptura
2676 3516 2839 3583 probe
2882 3512 3209 3565 exercitatus
3260 3512 3345 3562 fu-

1798 3608 1919 3671 erit,
1950 3606 2205 3676 perfacile
2233 3608 2430 3675 poterit
2463 3605 2827 3658 fabulatorum
2870 3602 3161 3654 amentiam
3214 3615 3349 3651 con-

1801 3698 1993 3752 futare.
2043 3698 2144 3751 Per
2172 3698 2340 3765 ipsam
2392 3696 2824 3763 eninrtiguram,
2870 3702 2924 3746 et
2970 3690 3155 3744 mundi
3199 3706 3345 3741 com-

1799 3787 2122 3855 positionem
2159 3824 2174 3848 ,
2232 3786 2512 3853 ipsamque
2559 3799 2740 3837 rerum
2779 3792 3031 3842 naturam
3067 3820 3080 3844 ,
3136 3788 3348 3833 constat

1799 3876 2033 3929 divinam
2074 3875 2405 3942 Scripturam
2442 3883 2495 3927 et
2531 3872 2965 3939 Christianorum
3007 3869 3345 3939 praedicatio-

1798 3984 1920 4020 nem
1966 3966 2303 4021 verissimam
2346 3980 2485 4019 csse.
2522 3964 2757 4026 Salvete,
2785 3960 3105 4022 Christiani,
3140 3960 3193 4013 in
3244 3958 3351 4013 Do-

1801 4060 1964 4114 mino.

2142 4166 2143 4169 Ύ
2180 4204 2568 4262 PROLOGUS
2597 4175 2996 4259 SECUNDUS,

1806 4366 2167 4437 Topographia
2195 4364 2499 4419 Christiana
2540 4363 2765 4415 universi
2819 4362 3021 4418 mundi.
3073 4376 3187 4429 qua:
3230 4375 3326 4426 pro

1863 4460 2017 4509 batur
2045 4450 2571 4508 demonstrationibus
2607 4454 2783 4520 petitis
2826 4468 2888 4504 ea:
2946 4451 3128 4503 divina
3181 4447 3342 4500 Scri-

1864 4559 2052 4614 ptura:
2086 4546 2148 4598 de
2176 4563 2279 4615 qua
2308 4544 2633 4597 Christianos
2663 4544 2904 4596 dubitare
2930 4560 3029 4593 non
3065 4540 3204 4590 licet.

1866 4637 2083 4704 Pigebat
2110 4636 2327 4705 quidem
2353 4636 2482 4689 olim
2513 4650 2677 4703 quam
2720 4634 2931 4703 jussisti
2987 4629 3353 4681 narrationem

1798 4726 2032 4797 aggredi,
2072 4743 2174 4795 qua
2208 4728 2375 4783 totius
2408 4729 2591 4781 mundi
2632 4724 2949 4793 compositio
2986 4719 3350 4783 describatur,

1799 4818 1907 4871 Deo
1933 4818 2271 4882 cltarissime,
2305 4819 2395 4871 Dei
2446 4830 2504 4871 et
2541 4817 2744 4871 Cln‘tsti
2794 4812 3166 4867 amantissime
3193 4811 3352 4865 Pam-
3450 4874 3455 4877 ι

1798 4907 1962 4975 pltile.
1992 4906 2125 4962 Nam
2152 4910 2252 4962 etsi
2283 4908 2597 4972 voluissem,
2654 4921 2747 4975 per
2773 4904 2915 4956 vires
2976 4918 3083 4955 non
3130 4903 3349 4964 licebat,

1798 5001 1963 5070 quod,
1997 5010 2053 5053 ut
2082 4999 2245 5068 probe
2267 5000 2429 5062 nosti,
2480 5000 2732 5053 diuturna
2774 4994 3048 5046 detinerer
3081 4994 3353 5063 aegritudi-

1799 5092 2053 5145 ne."Gtun
2089 5100 2269 5144 autem
2308 5089 2684 5160 frequentibus
2728 5085 2835 5138 tuis
2876 5085 3128 5152 precibus
3161 5083 3352 5136 morbo

1799 5186 1901 5239 sim
1929 5193 2224 5246 recreatus.
2266 5184 2448 5252 accipe
2478 5185 2693 5235 demum
2737 5177 3120 5245 capitulorum,
3149 5190 3266 5240 qua:
3296 5176 3349 5226 in

1798 5276 1935 5330 libro
1968 5276 2332 5339 continentur,
2362 5270 2684 5341 promniium
2717 5284 2730 5318 :
2770 5269 2915 5335 quod
2938 5268 3151 5335 quidem
3172 5274 3352 5315 trans-

1799 5368 1977 5427 mitto’,
2004 5374 2113 5417 tum
2145 5365 2213 5417 ad
2247 5361 2651 5428 obsequentiatn
2680 5357 2778 5411 tibi
2812 5355 3193 5427 prastandam,
3233 5362 3351 5405 tum

1801 5457 2117 5526 perterritus
2144 5455 2232 5507 illa
2262 5453 2396 5522 pigri
2426 5452 2567 5506 servi
2612 5451 2980 5512 damnatione,
3016 5459 3176 5513 quam
3200 5445 3319 5518 salu

1800 5547 1931 5599 taris
1957 5560 2135 5599 sermo
2169 5545 2221 5595 in
2249 5541 2549 5611 Evangeliis
2584 5541 2825 5610 protulit.
2861 5538 3042 5605 Neque
3066 5550 3151 5589 tne
3193 5535 3348 5603 quis-

1800 5639 1941 5705 piam
1998 5647 2057 5690 ut
2106 5635 2366 5689 audacem
2435 5633 2685 5697 damnet,‘
2728 5629 2871 5699 quod
2915 5626 3105 5685 humili
3158 5635 3210 5679 et
3263 5626 3348 5677 in—

1797 5725 2043 5794 aequabili
2074 5724 2210 5793 stylo
2232 5716 2603 5782 narrationem
2642 5718 3003 5793 instituerim;
3032 5733 3153 5771 nam
3190 5718 3348 5771 rectis

1804 5818 2240 5884 cogitationibus,
2267 5829 2373 5868 non
2397 5814 2684 5883 phrasibus
2718 5811 3028 5865 Christiano
3072 5814 3167 5865 est.
3188 5824 3341 5877 opus.
