4012 6336
663 410 731 472 55

1807 419 2067 480 (ΣΟΞΜίΕ
2102 416 2736 490 llNDlCUl’l.EUST/E

3802 447 3874 509 56

660 523 934 591 Siquidem
987 541 1109 580 cum
1151 537 1318 584 multa
1371 528 1494 590 tela,
1542 529 1727 598 galeae,
1780 539 1934 584 scuta
1969 541 2024 586 et
2078 531 2214 586 bella

2325 537 2428 598 νός.
2463 539 2675 594 Πολλῶν
2709 543 2815 614 γὰρ
2842 544 3080 614 βολίδων,
3108 549 3196 601 καὶ
3230 552 3462 621 κρανῶν,
3489 555 3580 608 καὶ
3610 557 3865 624 ἀσπίδων,

663 636 846 676 romra
878 611 1171 680 Ecclesium
1196 639 1547 691 moveantur.
1575 630 1820 684 nonnulli
1843 632 2222 701 qui'Christia-

664 736 856 775 uorum
889 725 1107 779 nomine
1142 735 1452 790 censentur,
1489 727 1734 780 divinam
1767 725 2111 797 Scripturam
2136 728 2222 779 ni-

663 823 754 874 bili
793 822 1050 880 facientes
1081 837 1144 879 ac
1174 826 1558 896 despicientes,
1593 813 1816 897 pet-inde
1847 838 2010 898 atque
2047 830 2219 884 exteri

661 911 1000 989 philosophi,
1055 925 1254 978 cazlnm
1306 927 1570 994 splwriea
1604 927 1775 981 turma
1817 941 1938 981 esse
1993 929 2222 997 opinan-

667 1022 794 1070 tur.
870 1013 1144 1067 solaribus
1217 1030 1282 1068 ac
1355 1016 1634 1070 lunaribus
1713 1015 2008 1086 eclipsibus
2067 1016 2222 1071 dece-

660 1102 757 1170 pti.
797 1102 991 1156 Totum
1064 1107 1226 1173 igitur
1279 1105 1397 1159 libri
1448 1117 1825 1176 argumentum
1865 1108 1920 1161 in
1978 1109 2220 1177 quinque

656 1205 836 1260 partes
913 1208 1277 1266 congruenter
1347 1197 1622 1252 distribui.
1693 1198 1876 1252 Primo
1958 1199 2219 1253 adverSus

656 1297 981 1343 nnunoratos
1072 1304 1285 1344 errores
1361 1304 1542 1344 sermo
1642 1281 1792 1360 prior
1872 1290 2214 1352 instituitur;

655 1378 862 1460 scilicet
905 1394 1012 1434 non
1067 1379 1266 1436 debere
1320 1396 1488 1446 eum,
1539 1382 1633 1452 qui
1705 1381 2054 1460 Christianus
2094 1396 2217 1453 esse

658 1447 823 1538 λιες
853 1471 1015 1532 velit,
1074 1471 1321 1538 specioso
1376 1481 1688 1528 exterorum
1746 1452 2212 1538 (simia-fabam:

653 1561 776 1610 eum
807 1542 988 1631 divina
1020 1560 1301 1630 Scriptura
1351 1563 1564 1618 diversa
1595 1573 1880 1633 proponat.
1929 1563 2138 1616 Etenim
2170 1568 2212 1618 si

652 1653 776 1719 quis
807 1634 926 1704 illas
954 1650 1264 1708 Graecorum
1298 1648 1622 1724 hypo‘theSes
1650 1657 1938 1727 explorare
1961 1657 2213 1720 voluerit,

653 1751 953 1795 commenta
967 1758 1190 1812 prorsus
1204 1758 1255 1799 et
1272 1743 1516 1801 fabulosa
1546 1748 1896 1817 sophismata,
1927 1763 2048 1818 quae
2071 1756 2216 1802 stare

2324 630 2416 681 καὶ
2444 631 2692 700 πολέμων
2718 636 3040 707 κινηθέντων
3068 640 3205 694 κατά
3234 642 3330 712 τῆς
3370 644 3710 714 Ἐκκλησίας,
3731 652 3866 716 τινὲς

2323 719 2718 812 Χριστιανίζειν
2743 724 3082 797 νομιζόμενοι
3109 731 3202 783 καὶ
3224 731 3324 801 τὴν
3345 731 3494 788 θείαν
3524 737 3742 808 Γραφὴν
3771 759 3867 812 μη-

2319 811 2407 863 δὲν
2435 811 2789 884 λογιζόμενοι,
2817 816 2954 873 ἀλλὰ
2981 824 3431 893 περιφρονοῦντες
3473 829 3567 882 καὶ
3597 811 3857 902 ὑπερφρο-

2321 901 2568 992 νοῦντες,
2613 909 2756 961 κατά
2792 911 2919 972 τοὺς
2964 910 3161 976 ἔξωθεν
3200 917 3553 983 φιλοσόφους,
3587 901 3870 992 σφαιρικὸν

2321 989 2457 1044 εἶναι
2489 994 2549 1046 τὸ
2573 997 2755 1066 σχῆμα
2775 998 2868 1052 τοῦ
2895 1001 3126 1072 ούρανοῦ
3151 1003 3638 1075 ὑπολαμϐάνουσιν,
3675 1011 3738 1062 ἐκ
3765 1011 3870 1064 τῶν

2319 1084 2557 1154 ἡλιακῶν
2587 1087 2681 1140 καὶ
2709 1089 3038 1158 σεληνιακῶν
3058 1094 3349 1164 ἐκλείψεων
3380 1095 3742 1166 πλανώμενοι.
3763 1101 3870 1155 Πᾶ-

2320 1192 2418 1227 σαν
2449 1177 2626 1230 τοίνυν
2653 1180 2746 1248 τῆς
2776 1179 2956 1249 βίϐλου
2988 1184 3088 1255 τὴν
3123 1185 3375 1240 ὑπόθεσιν
3409 1189 3490 1250 εἰς
3527 1189 3687 1243 πέντε
3713 1192 3865 1262 -μέρη

2319 1267 2586 1336 ἁρμοδίως
2605 1269 2895 1341 διειλόμην.
2928 1274 3145 1343 Πρῶτον
3175 1276 3392 1331 πάντων
3413 1279 3548 1348 πρὸς
3569 1281 3695 1342 τοὺς
3722 1283 3872 1352 εἰρηό

2321 1359 2510 1426 μένους
2541 1362 2632 1413 καὶ
2663 1361 3039 1433 πλανωμένους
3066 1368 3095 1418 6
3125 1367 3335 1437 πρῶτος
3354 1367 3505 1437 λόγος
3535 1372 3768 1438 ἐγένετο.
3789 1369 3866 1435 ὡς

2315 1449 2375 1499 οὑ
2401 1442 2728 1506 δυνατδντὸν
2754 1453 2796 1504 Χ
2805 1453 3150 1548 ριρτιανίζειν
3182 1456 3432 1510 ἐθέλοντα
3461 1458 3770 1528 ἀπάγεσθαι
3799 1463 3864 1530 τῇ

2318 1538 2512 1610 πιθανῇ
2553 1541 2729 1613 πλάνῃ
2757 1538 2864 1595 τῶν
2901 1543 3118 1608 ἔξωθεν,
3157 1546 3320 1618 ἔτερα
3343 1551 3440 1618 τῆς
3468 1548 3629 1613 θείας
3651 1549 3868 1621 Γραφῆς

2319 1630 2534 1684 ὑποτιοε
2542 1634 2725 1702 μένης.
2745 1636 2852 1688 Καὶ
2866 1635 2973 1707 γάρ
2992 1637 3085 1691 ἐάν
3098 1654 3181 1702 τις
3192 1637 3463 1709 θελήσειεν
3476 1640 3760 1710 βασανίσαι
3775 1642 3870 1705 τάς

2329 1721 2640 1792 Ἑλληνικὰς
2664 1723 2963 1792 ὑποθέσεις,
2987 1726 3276 1798 πλάσματα
3299 1729 3512 1792 πάντως
3535 1731 3755 1802 εὑρήσει
3777 1731 3870 1783 καὶ

654 1821 941 1916 nequeant,
988 1850 1107 1891 esse
1141 1835 1518 1904 deprehendet.
1542 1813 1743 1893 Deinde
1759 1813 2033 1895 autem-ad
2057 1838 2214 1894 Chri-

2321 1813 2535 1884 μυθώδη
2570 1815 2878 1886 σοφίσματα
2907 1818 2998 1871 καὶ
3018 1818 3250 1872 ἀδύνατα
3284 1820 3577 1885 παντελῶς.
3611 1819 3741 1875 Εῐτα
3765 1821 3868 1874 λοι-

654 1923 815 1976 stiani
848 1925 1340 1994 interrogationem,
1369 1929 1462 1998 qui
1492 1929 1612 1983 sine
1632 1922 2076 1984 ‘dubio'dicturus
2097 1939 2213 1984 est:

656 2013 751 2067 llis
790 2015 1031 2079 sublatis,
1076 2032 1324 2086 qumnam
1358 2018 1844 2090 vertebypotbeses
1869 2020 2220 2076 inducenda?

656 2107 926 2160 secundus
958 2107 1092 2161 liber
1113 2106 1292 2162 editus
1320 2117 1422 2171 est,
1456 2109 1549 2177 qui
1583 2109 1927 2166 Christianas
1954 2111 2233 2183 hypotbe~

656 2214 762 2258 ses,
793 2211 858 2249 ex
894 2194 1172 2264 Scriptura
1206 2212 1363 2251 saera
1395 2213 1734 2268 progressus,
1763 2208 2002 2264 enarrat,
2028 2213 2081 2257 et
2137 2213 2247 2271 to-g

656 2291 762 2342 tius
797 2279 981 2341 tnundi
1015 2287 1238 2357 ﬁguram
1267 2288 1548 2355 describit,
1597 2289 1946 2362 declaratque
2004 2303 2218 2349 extero-

659 2397 775 2432 I‘lllll
823 2389 1061 2432 veterum
1094 2379 1384 2435 nonnullos
1405 2382 1524 2449 ejus
1553 2382 1827 2451 opinionis
1859 2383 2046 2440 fuisse.
2083 2384 2220 2440 Hinc

658 2486 892 2534 rmsntn,
921 2484 983 2524 ac
1021 2469 1066 2524 si
1092 2471 1361 2539 quispiam
1388 2472 1734 2529 dubitaturus
1760 2485 1813 2528 et
1840 2475 2084 2531 dicturus
2110 2477 2216 2531 sit:

660 2562 808 2616 [itide
849 2561 1026 2630 palam
1063 2559 1374 2630 sitMoysen
1431 2573 1485 2617 et
1537 2564 1825 2632 praphetas
1868 2565 1981 2620 haec
2032 2567 2220 2622 dicen-

657 2665 756 2718 tes,
789 2669 914 2709 vera
946 2653 1274 2722 protulisse?
1317 2656 1510 2710 tertius
1559 2656 1694 2710 liber
1763 2673 1928 2726 quam
1977 2658 2080 2714 ﬁde
2131 2660 2218 2714 die

657 2747 746 2814 μιιί
777 2746 885 2798 sint
918 2742 1130 2814 Moyses
1159 2754 1215 2799 et
1236 2745 1512 2814 propheta:
1540 2746 1900 2812 demonstrat,
1954 2755 2208 2818 compro-

657 2831 854 2901 batque
881 2846 976 2888 eos
1018 2848 1125 2887 non
1152 2849 1219 2888 ex
1269 2848 1349 2896 se,
1404 2835 1498 2905 sed
1530 2834 1743 2891 aﬂlante
1779 2837 1963 2892 divina
2013 2839 2220 2894 revela-

655 2924 797 2976 tione
826 2924 1035 2979 locutos
1067 2940 1186 2980 esse
1220 2944 1234 2979 :
1267 2940 1328 2979 ac
1354 2941 1413 2980 re
1441 2942 1710 2998 opereque
1743 2929 2018 2998 probatos.
2049 2945 2220 3002 eaque

655 3014 1063 3084 prospicientes,
1113 3025 1224 3068 tum
1252 3013 1463 3070 Veteris
1522 3025 1636 3070 tum
1693 3017 1858 3071 Nova:
1928 3017 2219 3089 Scriptura:

653 3116 899 3160 auctores
947 3105 1060 3161 haec.
1086 3104 1276 3160 effatos
1305 3119 1465 3161 esse:
1505 3108 1918 3179 ostenditurque
1973 3126 2096 3180 quae
2148 3112 2220 3167 sit

2320 1905 2419 1957 πὺν
2439 1905 2575 1978 πρὸς
2611 1906 2701 1959 τὸν
2723 1908 3086 1978 αἰτησάμενον
3118 1910 3438 1982 Χριστιανὸν
3477 1912 3758 1981 ὀφείλοντα
3781 1911 3871 1966 λέ-
3907 1971 3910 1974 ,

2317 2013 2433 2065 γειν
2451 2014 2467 2029 ·
2497 1997 2544 2050 Τ
2545 1996 2715 2050 ούτων
2760 1998 3179 2070 ἀναιρουμένων,
3210 1999 3368 2066 ποίας
3391 2002 3498 2072 χρὴ
3535 2002 3874 2071 ἀντεισάγειν

2318 2087 2601 2150 ὑποθέσεις
2625 2088 2842 2159 ἀληθεῖς
2863 2107 2880 2155 ;
2904 2091 2933 2142 6
2959 2089 3204 2160 δεύτερος
3223 2091 3380 2161 λόγος
3399 2093 3630 2160 ἐγένετο,
3647 2093 3875 2163 ἐξηγού-

2321 2196 2479 2250 μενος
2508 2181 2605 2244 τάς
2635 2182 3022 2251 Χριστιανικὰς
3049 2183 3328 2247 ὑποθέσεις
3354 2185 3419 2238 ἐκ
3444 2184 3544 2256 τῆς
3565 2183 3714 2247 θείας
3735 2185 3874 2255 Γρα-

2318 2272 2423 2342 φῆς
2462 2271 2877 2344 προερχόμενος,
2899 2273 2994 2326 καὶ
3024 2272 3198 2344 δηλῶν
3222 2275 3420 2338 παντὸς
3443 2274 3536 2327 τοῦ
3577 2275 3783 2344 κόσμου
3812 2275 3872 2329 τὸ

2319 2362 2526 2432 σχῆμα,
2559 2364 2652 2416 καὶ
2676 2363 2756 2416 ὅτι
2798 2364 2941 2426 τινὲς
2972 2364 3077 2416 τῶν
3106 2363 3318 2429 ἔξωθεν
3349 2366 3592 2420 παλαιῶν
3616 2365 3871 2436 τοιαύτης

2316 2455 2471 2526 δόξης
2504 2455 2770 2524 ἐγένοντο.
2801 2452 2934 2510 Εἶτα
2964 2455 3126 2510 πάλιν
3152 2455 3351 2510 ὡσανεὶ
3375 2458 3517 2522 τινὸς
3541 2458 3872 2526 ἀποροῦντος

2317 2546 2414 2600 καὶ⁵
2435 2547 2708 2613 λέγοντοςσ
2746 2545 2915 2600 Πόθεν
2946 2547 3106 2617 δῆλον
3131 2550 3180 2602 ει
3207 2533 3474 2618 ’ἀληθεύει
3528 2543 3742 2619 Μωσῆς
3778 2550 3873 2603 καὶ

2317 2637 2366 2690 οἱ
2390 2638 2660 2708 προφῆται
2679 2637 2898 2692 τοιαῦτα
2914 2639 3159 2707 λέγοντες
3180 2656 3196 2706 ;
3223 2641 3253 2694 6
3273 2640 3451 2712 τρίτος
3470 2640 3624 2710 λόγος
3647 2641 3719 2693 1:6
3731 2641 3874 2706 ἀξιό-

2317 2728 2872 2783 πιστογά’ποδείκνυσι
2900 2731 3141 2796 Μωσέως
3171 2733 3264 2785 καὶ
3286 2732 3394 2786 τῶν
3418 2723 3734 2804 προφητῶν,
3779 2734 3874 2786 καὶ

2316 2821 2400 2873 ὃτι
2426 2822 2526 2873 οὑκ
2552 2821 2644 2888 ἀφ’
2673 2820 2880 2873 ἑαυτῶν
2898 2821 3182 2890 ἐλάλησαν,
3205 2823 3320 2876 ἀλλ’
3345 2826 3410 2888 ὲκ
3432 2823 3579 2888 θείας
3597 2823 3875 2878 ἀποκαλύ-

2316 2910 2460 2979 ψεως
2488 2909 2932 2979 ὲμπνευσθέντες.
2987 2913 3080 2964 καὶ
3131 2912 3544 2983 δοκιμασθέντες
3585 2913 3734 2984 ἔργῳ
3782 2916 3875 2969 καὶ

2317 3002 2619 3071 πράγματι,
2648 3001 3183 3072 προθεωρήσαντες-ί.
3226 3005 3286 3056 τὰ
3315 3003 3489 3066 οὑτως
3525 3005 3740 3070 ἐξεῖπον
3780 3005 3875 3058 καὶ

2317 3091 2367 3142 ot
2389 3092 2444 3142 ὲν
2473 3092 2538 3160 τῇ
2566 3088 2773 3160 Παλαιᾷ
2794 3091 2889 3143 καὶ
2908 3092 2957 3144 οἱ
2988 3092 3046 3144 ὲν
3065 3093 3131 3162 τῇ
3165 3093 3172 3140 ἶ
3187 3092 3294 3157 ξεῖ,
3325 3095 3417 3145 καὶ
3441 3092 3494 3144 τί
3521 3092 3582 3145 τὺ
3600 3097 3877 3164 χρήσιμον

653 3199 838 3253 mundi
862 3199 1166 3253 tabularum
1196 3208 1250 3254 et
1282 3198 1576 3268 ﬁgurarum
1616 3178 1844 3266 utilitas,
1883 3217 1946 3257 ac
1968 3178 2072 3271 qua
2112 3217 2205 3258 oc-

2314 3184 2419 3235 τών
2457 3183 2748 3252 σχημάτων
2771 3179 2866 3234 τοῦ
2901 3180 3127 3252 κόσμου,
3154 3183 3248 3235 καὶ
3293 3182 3456 3235 πόθεν
3483 3183 3737 3254 ἀφορμὴν
3780 3178 3907 3236 καῖ’

435 3298 442 3306 ·
543 3311 561 3316 η
651 3291 868 3345 easione
917 3298 1106 3344 exorta
1155 3290 1226 3344 sit
1272 3291 1496 3357 spluerze
1525 3292 1728 3361 opinio.
1763 3290 1954 3348 Postea
1999 3309 2216 3349 rursum

618 3385 706 3437 lin
733 3397 920 3436 eorum
957 3381 1192 3452 gratiam
1272 3381 1365 3449 qui
1425 3383 1610 3437 mundi
1663 3384 1864 3453 ﬁguras
1919 3385 2218 3454 perspicere

617 3473 898 3545 Tcupiunt,
943 3483 1169 3542 quartus
1201 3472 1338 3527 liber
1358 3473 1538 3528 editus
1577 3481 1697 3540 est;
1741 3475 1998 3528 nimirum
2041 3477 2217 3531 brevis

651 3564 1030 3634 recapitulatio
1056 3579 1119 3617 ac
1159 3564 1452 3618 clelineatio
1491 3579 1682 3620 eorum
1733 3581 1855 3636 quae
1887 3567 2039 3635 prius
2072 3567 2214 3622 dicta

651 3669 798 3720 sum,
841 3657 1068 3725 spherae
1135 3656 1343 3712 scilicet
1391 3666 1444 3712 et
1505 3657 1818 3728 antipodum
1890 3658 2208 3712 confutatio.

653 3746 852 3800 lteeliim-
883 3748 1076 3801 iterum
1103 3748 1330 3817 quintus
1361 3748 1498 3802 liber
1523 3733 1825 3804 instituitur
1867 3749 1986 3818 ejus
2044 3751 2212 3821 gratia

651 3840 744 3906 qui
795 3838 1136 3895 Christianas
1170 3840 1494 3910 hypotheses
1525 3849 1731 3912 quaerat
1758 3859 1772 3894 :
1801 3839 2086 3895 declarans
2113 3857 2214 3896 nos

650 3944 756 3984 non
803 3929 1074 3997 ﬁgmenta,
1121 3939 1238 3984 non
1278 3944 1446 3985 novas
1493 3929 1703 3991 fabulas
1747 3945 1779 3985 a
1837 3930 1997 3986 nobis
2050 3946 2209 3985 exco-

649 4023 846 4089 gitatas
896 4022 1097 4088 scripto
1149 4006 1536 4091 consignasse;
1591 4016 1704 4077 sed
1746 4009 1817 4076 ei
1890 4023 2214 4079 revelatione

649 4123 700 4163 et
746 4111 901 4176 ,ἱιιεδυ
958 4122 1139 4163 rerum
1189 4111 1488 4166 conditoris
1548 4110 1643 4167 Dei
1699 4111 2004 4167 confectum
2051 4116 2212 4170 totius

650 4199 839 4250 mundi
888 4199 1164 4267 exemplar
1196 4201 1538 4268 speculatos;
1600 4192 1848 4258 videlicet
1891 4201 2210 4258 tabernacu-

651 4291 761 4343 lum
797 4307 826 4343 ιι
862 4274 1042 4362 Moyse
1070 4299 1466 4357 constructum,
1503 4305 1532 4344 a
1559 4289 1706 4345 Novo
1768 4292 1971 4362 pariter
2023 4291 2212 4348 Testa-

650 4392 831 4435 mento
860 4383 1032 4450 imago
1064 4382 1219 4434 totiu:
1253 4381 1435 4434 mundi
1474 4367 1748 4447 vocatum,
1801 4383 1945 4451 quod
1976 4383 2064 4438 ille
2095 4384 2211 4438 velo

650 4473 896 4541 apposito
925 4470 1193 4534 dividens,
1219 4486 1385 4525 unum
1414 4472 1550 4526 duas
1590 4473 1642 4525 in
1682 4481 1862 4542 partes
1893 4474 2204 4528 distribuit:

650 4654 854 4707 scilicet
884 4668 912 4705 a
945 4662 1086 4707 terra
1112 4669 1282 4721 usque
1333 4655 1401 4711 ad
1453 4654 1712 4722 primum-
1749 4655 1969 4722 coelum,
2030 4659 2210 4712 ﬁrma-

651 4756 834 4799 mento
866 4746 1048 4800 divisit
1078 4748 1131 4798 in
1172 4747 1308 4800 duas
1343 4747 1589 4816 regiones
1620 4761 1635 4798 :
1679 4763 1746 4804 ac
1767 4748 1995 4815 velutin
2029 4744 2208 4804 taber-

651 4835 847 4890 nnculo
881 4836 1120 4888 interiori
1147 4846 1200 4889 et
1242 4837 1526 4903 exteriori;
1557 4837 1638 4891 sic
1677 4837 1749 4892 ibi
1791 4852 2022 4908 superna
2049 4850 2102 4893 et
2126 4841 2216 4894 in-.

653 4927 800 4979 terna
843 4925 991 4995 regio
1033 4934 1152 4980 est:
1188 4934 1242 4979 et
1297 4925 1506 4979 inferna
1555 4927 1773 4996 quidem
1833 4927 1923 4991 bie
1974 4929 2209 4987 mundus

648 5023 766 5078 est;
795 5031 1026 5084 superna
1059 5008 1208 5077 vero,
1259 5015 1476 5070 futurus
1508 5015 1762 5079 mundus,
1800 5031 1909 5085 quo
1946 5016 2208 5075 Dominus

651 5105 923 5169 Christus,
952 5113 1238 5174 postquam
1273 5105 1573 5160 secundum
1622 5092 1840 5160 carnem
1881 5121 1946 5161 ex
1977 5109 2210 5160 mortuis

651 5195 1060 5256 resurrexisset,
1098 5193 1305 5263 primus
1340 5195 1579 5251 omnium
1636 5195 1903 5260 ascendit,
1949 5213 2014 5252 ac
2074 5198 2206 5263 justi

653 5299 837 5354 postea
901 5289 1212 5340 ascenderit.
1240 5287 1304 5340 Et
1365 5286 1509 5354 quod
1581 5287 1651 5341 ab
1676 5286 1884 5340 Adamo
1915 5303 2090 5359 usque
2139 5291 2206 5344 ad

653 5377 893 5447 Moysen,
946 5392 976 5433 α
1017 5377 1196 5447 Moyse
1257 5394 1431 5448 usque
1485 5379 1552 5434 ad
1597 5377 1883 5444 Joannem,
1926 5396 1958 5434 a
2001 5379 2208 5436 Joanne

654 5483 841 5522 omnes
870 5469 1110 5538 apostoli.
1170 5459 1225 5523 et
1289 5469 1668 5540 evangelista;
1719 5486 1928 5539 omnes,
1964 5474 2204 5544 inquam,

656 5575 760 5611 una
813 5573 962 5624 voce,
1017 5573 1141 5613 cum
1183 5558 1378 5626 verbis,
1418 5571 1531 5616 tum
1557 5561 1761 5631 ﬁguris,
1826 5561 1894 5619 de
1942 5563 2028 5619 bis
2069 5566 2208 5621 duo-

656 5648 757 5701 bus
793 5648 1021 5703 statibus
1044 5642 1207 5704 verba
1234 5645 1461 5706 fecerint
1509 5670 1523 5707 :
1557 5651 1846 5726 nullusque
1873 5668 2059 5710 eorum
2106 5671 2200 5710 va-

658 5738 732 5788 ria
781 5738 1098 5806 protulerit;
1131 5754 1308 5810 neque
1333 5740 1496 5796 alium
1523 5752 1646 5800 ante
1682 5744 1825 5836 hunc
1854 5755 2074 5812 statuat,
2111 5762 2204 5804 nc-

726 5873 802 5938 tll
826 5871 1004 5930 Locus
1023 5877 1309 5944 perplexus

2316 3275 2488 3345 ἀρχὴν
2511 3273 2635 3343 ἔσχε
2666 3274 2762 3343 τῆς
2793 3273 3023 3345 σφαίρας
3051 3276 3085 3345 ή
3119 3275 3359 3328 ὑπόνοια.
3400 3270 3532 3328 Εἶτα
3559 3275 3722 3328 πάλιν
3744 3277 3880 3347 περὶ

2315 3366 2421 3418 τῶν
2444 3365 2746 3418 ποθούντων
2793 3365 2913 3435 ὕψει
2955 3366 3287 3436 παραλαϐεῖν
3319 3368 3387 3420 τά
3429 3369 3700 3440 σχήματα,
3727 3372 3759 3424 6
3781 3371 3876 3424 τέ-

2315 3472 2508 3526 ταρτος
2538 3455 2692 3524 λόγος
2725 3455 2958 3525 ἐγένετο,
2990 3456 3246 3528 σύντομος
3275 3459 3745 3527 ἀνακεφαλαίωσις
3777 3462 3878 3515 καὶ

2314 3547 2583 3619 διαγραφή
2598 3547 2707 3600 τῶν
2727 3549 3136 3620 προειρημένων
3161 3550 3434 3620 ὑπάρχων,
3455 3551 3556 3624 ¹καὶ
3583 3550 3682 3620 τῆς
3712 3555 3873 3622 σφαί-

2315 3657 2415 3711 ρας
2436 3639 2529 3694 καὶ
2558 3639 2665 3716 τῶν
2690 3638 2985 3692 ἀντιπόδων
3010 3641 3042 3710 ή
3071 3641 3366 3713 ἀνατροπή.
3404 3644 3523 3697 Ἔτι
3547 3643 3710 3696 πάλιν
3737 3645 3873 3716 πρὸς

2312 3733 2402 3783 τὸν
2435 3713 2792 3801 αἰτησάμενον
2824 3729 2922 3793 τὰς
2948 3731 3328 3801 Χριστιανικάς
3366 3733 3644 3797 ὑποθέσεις
3675 3736 3707 3787 6
3729 3713 3873 3805 πέμ-

2315 3839 2444 3886 πτος
2472 3821 2630 3890 λόγος
2651 3822 2894 3890 ἐγένετοο
2923 3821 3095 3892 δηλῶν
3122 3823 3197 3888 ὡς
3219 3824 3318 3894 οὑχ
3350 3827 3558 3889 ἑαυτοῖς
3585 3826 3875 3898 πλασάμε-

2312 3929 2416 3978 νοι,
2464 3911 2586 3965 οὔτε
2620 3912 2772 3975 νέους
2821 3912 3022 3982 μύθους
3058 3913 3419 3985 ἐφευρηκότες
3443 3953 3460 3980 ,
3504 3916 3807 3989 εἰρήκαμεν
3835 3915 3870 3987 ἢ

2310 4003 2674 4076 διεγράψαμεν
2703 4003 2810 4076 (1)·
2843 4004 2955 4058 ἀλλ’
2987 4003 3046 4070 ἐξ
3081 4006 3468 4075 ἀποκαλύψεως
3507 4012 3599 4062 καὶ
3626 4009 3869 4081 προστά-

2311 4094 2447 4160 ξεως
2477 4093 2611 4148 Θεοῦ
2637 4095 2731 4148 τοῦ
2760 4095 2848 4150 τὸν
2871 4085 3071 4166 κόσμον
3100 4097 3622 4170 δημιουργήσαντος,
3651 4102 3870 4172 θεωρή-

2313 4202 2502 4248 σαντες
2531 4186 2591 4238 τὸ
2617 4187 2908 4255 ἐκμαγεῖον
2927 4185 3019 4239 τοῦ
3043 4188 3239 4250 παντὸς
3273 4189 3476 4258 κόσμου
3496 4205 3512 4220 ·
3535 4189 3634 4261 τὴν
3659 4190 3868 4262 σκηνὴν

2311 4278 2451 4346 λέγω
2479 4278 2579 4349 τὴν
2612 4277 2716 4330 ὑπὸ
2747 4277 2987 4340 Μωσέως
3019 4279 3563 4347 κατασκευασθεῖσαν,
3597 4282 3665 4351 ήν
3696 4282 3797 4336 καὶ
3834 4285 3867 4355 ἡ

2309 4370 2423 4423 Νέα
2449 4367 2749 4439 συμφώνως
2771 4369 3082 4438 ἑκτύπωμα
3105 4370 3330 4437 παντὸς
3356 4371 3463 4427 τοῦ
3504 4375 3738 4443 κόσμου
3766 4375 3869 4428 αὑ-

2308 4463 2406 4530 τὴν
2439 4459 2639 4531 ἔφησεν
2670 4457 2837 4514 εἶναι’
2870 4461 2938 4532 ἢν
2965 4461 3057 4513 καὶ
3086 4461 3272 4514 διελὼν
3308 4462 3348 4512 ό
3383 4464 3622 4536 Μωῦσῆς
3651 4465 3739 4520 διὰ
3768 4467 3866 4521 τοῦ

541 4631 546 4634 ,
649 4557 1102 4632 quemadmodum
1141 4575 1195 4617 et
1227 4562 1366 4617 Deus
1395 4564 1463 4616 ab
1494 4565 1646 4619 initio
1702 4564 1972 4634 regionem
2023 4582 2206 4630 unam,

2315 4553 2830 4622 καταπετάσματος,
2864 4554 2960 4622 τὴν
3002 4554 3127 4622 μίαν
3157 4554 3238 4616 είς
3275 4554 3367 4608 δύο
3400 4557 3663 4626 πεποίηκε
3682 4597 3699 4621 ,
3729 4557 3868 4612 καθ-

2309 4643 2455 4714 άπερ
2482 4643 2576 4696 καὶ
2604 4645 2632 4696 6
2659 4644 2788 4708 Θεὸς
2822 4643 2880 4710 ἐξ
2903 4644 3075 4716 ἀρχῆς
3099 4645 3189 4700 τὸν
3213 4644 3386 4717 χῶρον
3400 4648 3492 4701 τὸν
3523 4648 3618 4701 ἕνα
3639 4649 3734 4702 τὸν
3753 4650 3867 4704 ἀπὸ

2306 4735 2406 4806 τῆς
2429 4736 2530 4805 γῆς
2561 4736 2665 4800 ἕως
2693 4736 2785 4790 τοῦ
2818 4733 3030 4807 πρώτου
3060 4734 3287 4807 οὐρανοῦ
3315 4737 3402 4792 διά
3427 4738 3520 4792 τοῦ
3553 4737 3867 4810 περεὼμα.

2307 4844 2399 4891 τος
2425 4827 2616 4882 διεῖλεν
2639 4832 2719 4893 είς
2747 4829 2839 4883 δύο
2863 4829 3071 4900 χώρους
3090 4847 3104 4860 ο
3129 4829 3203 4893 ὡς
3234 4833 3293 4883 εν
3321 4833 3390 4903 τῇ
3428 4835 3598 4904 σκηνῇ
3627 4834 3695 4905 τῇ
3725 4833 3867 4899 ἔξω-

2307 4918 2441 4994 τέρᾳ
2461 4920 2550 4972 καὶ
2578 4921 2840 4992 ἐσωτέρα,
2864 4921 3093 4977 ἐνταῦθα
3116 4919 3420 4993 κατώτερος
3447 4925 3541 4980 καὶ
3567 4923 3861 4998 ἀνώτερος.

2310 5013 2417 5065 Καὶ
2448 5011 2750 5083 κατώτερος
2781 5012 2879 5083 μέν
2911 5014 3055 5070 ἐστιν
3081 5016 3110 5068 6
3151 5013 3351 5086 κόσμος
3381 5010 3568 5082 οὗτος·
3597 5008 3626 5070 6
3650 5017 3864 5074 ἀνώτε-

2311 5117 2402 5174 ρος
2433 5099 2491 5153 δὲ
2520 5104 2549 5155 6
2579 5102 2781 5172 μέλλων
2813 5102 3012 5172 κόσμος
3033 5119 3046 5131 ·
3082 5102 3209 5156 ἔνθα
3246 5104 3336 5157 καὶ
3359 5105 3388 5156 6
3419 5102 3692 5174 Δεσπάτης
3718 5107 3866 5179 Χρι-

2311 5191 2432 5255 στὸς
2465 5193 2603 5246 κατά
2631 5193 2806 5264 σάρκα
2835 5195 2899 5246 ὲκ
2938 5193 3145 5266 νεκρῶν
3185 5193 3442 5264 ἀναστὰς,
3472 5194 3684 5266 πρῶτος
3723 5197 3868 5250 πάν-

2307 5301 2414 5338 των
2437 5283 2745 5354 ἀνελήλυθε,
2777 5284 2872 5337 καὶ
2896 5285 2946 5336 οἱ
2974 5284 3167 5340 δίκαιοι
3192 5283 3326 5352 μετά
3345 5284 3517 5340 ταῦτα
3540 5285 3707 5341 πάλιν
3757 5289 3859 5341 ἁν-

2309 5376 2630 5430 ελεύσονται.
2669 5375 2775 5430 Καὶ
2805 5376 2886 5428 ὅτι
2921 5376 3030 5431 ἀπὸ
3060 5377 3151 5430 τοῦ
3188 5377 3354 5450 ’Δδάμ
3387 5377 3547 5449 μέχρι
3589 5379 3864 5446 Μωσέως,

2311 5470 2404 5523 καὶ
2433 5467 2541 5521 ἀπὸ
2576 5469 2816 5530 Μωσέως
2847 5467 2949 5530 ἕως
2996 5469 3271 5534 Ἰωάννου,
3316 5471 3411 5525 καὶ
3450 5470 3558 5525 ἀπὸ
3609 5471 3865 5526 Ἰωάννου

2308 5560 2506 5622 πάντες
2534 5560 2580 5611 οε
2624 5557 2904 5612 ἀπόστολοι
2956 5561 3047 5613 καὶ
3094 5557 3466 5627 εὑαγγελισταὶ
3489 5599 3507 5625 ,
3553 5560 3863 5632 συμφώνως
3901 5573 3906 5578 ·

2311 5653 2529 5715 πάντες,
2572 5650 2668 5704 καὶ
2699 5648 2785 5702 διά
2828 5648 3000 5717 λόγων
3031 5651 3127 5706 καὶ
3148 5649 3237 5706 διὰ
3269 5650 3455 5706 τύπων
3483 5651 3699 5718 litim
3727 5653 3865 5724 περὶ

2312 5746 2416 5801 τῶν
2449 5742 2540 5798 δύο
2573 5743 2775 5798 τούτων
2803 5742 3203 5811 καταστάσεων,
3229 5744 3323 5799 καὶ
3354 5745 3435 5799 ὅτι
3461 5743 3633 5807 οὐδεὶς
3671 5743 3863 5801 αὑτων
