4012 6336
575 410 644 472 59

1720 408 1978 470 ΕΟΒΜἉΕ
2022 409 2632 471 INDlCOPLEUST/E

3702 414 3790 479 60

575 532 695 572 rum
776 516 902 572 fuco
951 516 1294 587 versutiaque
1332 517 1601 582 simulari,
1637 531 1704 571 ex
1767 518 2035 572 solaribus
2071 527 2126 570 et

2245 516 2363 580 ἱδοις
2388 520 2480 571 καὶ
2503 519 2700 588 ψήφοις
2729 518 2964 588 ἄστρων,
2994 520 3092 572 καὶ
3120 519 3310 592 κυϐεία
3333 519 3504 588 λόγων
3531 522 3626 574 καὶ
3648 538 3794 574 παν-

573 605 855 661 lunaribus
882 607 1194 675 eclipsibus,
1230 606 1548 675 positionem
1589 615 1643 660 et
1671 606 1895 675 figuram
1941 604 2124 658 mundi

2245 609 2416 679 ιυργίᾳ
2427 612 2679 680 κοσμικῇ.
2700 610 3136 680 καταλαμὸάνειν
3163 610 3498 682 ἐπιχειροῦσι
3516 611 3614 680 τὴν
3629 611 3796 664 θέσιν

570 699 1028 764 comprehendere
1078 708 1361 763 conantur,
1411 708 1654 752 errantes
1685 709 1740 750 et
1775 697 1911 750 alios
1939 697 1992 750 in
2036 711 2128 750 er-

2245 700 2322 752 tai.
2349 700 2409 753 τὸ
2432 701 2616 770 σχῆμα
2639 701 2734 754 τοῦ
2778 703 2981 771 κόσμου
3016 703 3081 755 ὲκ
3106 701 3215 754 τῶν
3235 703 3472 771 ἡλιακῶν
3492 704 3584 756 καὶ
3618 703 3794 772 σελη-

573 804 751 843 rorem
787 790 1128 846 inducentes.
1171 790 1310 843 dum
1371 789 1424 842 in
1482 789 1586 842 alia
1613 799 1668 842 et
1693 788 1904 843 diversa
1957 788 2127 857 figura

458 887 462 894 ‘
574 879 688 932 haec
719 895 824 931 non
875 894 1036 955 posse
1090 879 1272 947 perlici
1326 887 1655 934 asseverant.
1687 877 1753 932 Et
1777 878 1844 932 de
1874 879 1959 933 his
2007 878 2130 946 qui-

574 969 697 1022 dem
742 970 920 1022 nullus
963 985 993 1022 a
1024 970 1181 1023 nobis
1209 970 1323 1038 jam
1386 984 1564 1023 sermo
1627 968 1956 1033 instituetur,
2004 982 2130 1021 cum

573 1077 694 1115 sese
727 1061 798 1114 illi
848 1072 1036 1115 mutuo
1069 1062 1202 1115 satis
1228 1075 1497 1129 superque
1543 1059 1837 1114 confutent.
1893 1057 1994 1124 Qui
2035 1073 2134 1112 au-
2165 1103 2168 1105 Α

573 1160 680 1203 tem
732 1150 1022 1204 Christiani
1057 1151 1262 1204 censeri
1299 1152 1500 1212 volunt,
1544 1159 1597 1202 et
1634 1159 1810 1201 tamen
1853 1147 2125 1209 facundia,

575 1241 857 1308 sapientia,
892 1251 942 1294 et
973 1241 1255 1308 multiplici
1315 1241 1478 1309 hujus
1506 1239 1692 1293 mundi
1750 1252 1936 1291 errore
1973 1251 2135 1291 exor-

576 1333 692 1385 nari
741 1342 1031 1400 expetunt;
1080 1332 1170 1401 qui
1205 1341 1259 1385 ct
1297 1331 1409 1386 haec
1458 1340 1513 1384 et
1540 1331 1628 1383 illa
1661 1328 1990 1383 admittenda
2015 1342 2136 1381 esse

573 1424 924 1487 contendunt,
974 1422 1107 1475 nihil
1134 1420 1348 1475 dilferre
1385 1421 1635 1474 videntur
1662 1420 1729 1472 ab
1760 1419 1970 1476 umbra,
2015 1415 2137 1486 quae

577 1513 894 1568 intermedio
931 1529 1154 1582 corpore
1187 1514 1240 1567 in
1290 1513 1408 1566 luce
1453 1510 1568 1564 fieri
1613 1511 1790 1574 solet;
1823 1523 1979 1563 secus
2013 1523 2139 1562 vero

577 1610 621 1658 si
661 1603 1032 1656 intermedium
1062 1617 1258 1671 corpus
1305 1617 1411 1655 non
1441 1601 1551 1655 sit:
1610 1600 1703 1654 sed
1761 1614 1886 1652 cum
1939 1613 2138 1666 corpus

580 1693 816 1763 undique
842 1696 960 1748 luce
1003 1694 1364 1763 perfunditur,
1420 1708 1450 1746 a
1485 1693 1604 1746 luce
1648 1692 1764 1761 ipsa
1790 1690 1992 1759 ubique
2047 1692 2140 1743 de-

580 1797 736 1854 Ietur.

2228 791 2429 842 νιακῶν
2460 792 2749 860 ἐκλείψεων
2773 792 3078 854 πλανῶντες
3109 793 3200 844 καὶ
3225 793 3583 863 πλανώμενοι,
3609 795 3668 844 ὲν
3693 793 3798 846 ἁλ-

2228 879 2356 948 λοίῳ
2387 880 2621 950 σχήματι
2649 881 2716 933 τὰ
2741 881 2961 934 τοιαῦτα
2990 883 3065 953 μὴ
3091 881 3347 934 δύνασθαι
3374 881 3616 949 γίνεσθαι
3640 884 3797 952 ίσχυ-

2232 969 2520 1038 ριζόμενοι.
2569 969 2675 1021 Καὶ⁸
2717 971 2842 1040 περὶ
2877 970 2973 1040 μὲν
3009 970 3119 1024 τῶν
3155 970 3410 1024 τοιούτων
3443 971 3615 1035 οὐδεὶς
3646 973 3796 1039 ἡμῖν

2230 1058 2383 1126 λόγος
2405 1060 2520 1124 νῦν,
2563 1061 2808 1131 ἁρκετῶς
2856 1061 3114 1130 ἀλλήλους
3157 1061 3579 1131 ἀνατρεπόντων.
3619 1062 3683 1112 Ui
3711 1059 3795 1112 ,δὲ

2233 1148 2630 1217 Χριστιανίζειν
2665 1149 2763 1220 μὲν
2808 1150 3098 1212 ἐθέλοντες,
3142 1153 3253 1215 τοῖς
3289 1151 3462 1219 λόγοις
3494 1149 3551 1202 δὲ
3587 1150 3678 1202 καὶ
3715 1151 3793 1220 τῇ

2235 1239 2413 1308 σοφίᾳ,
2448 1241 2542 1292 καὶ
2561 1243 2625 1310 τῇ
2655 1240 2894 1310 ποικιλία
2919 1241 3017 1309 τῆς
3043 1241 3248 1310 πλάνης
3286 1239 3381 1293 τοῦ
3425 1239 3627 1308 κόσμου
3655 1237 3796 1290 τούς-

2233 1346 2327 1381 του
2361 1330 2520 1382 πάλιν
2550 1330 2788 1393 θέλοντες
2828 1331 3168 1401 κοσμεῖσθαι,
3210 1331 3304 1383 καὶ
3336 1329 3508 1383 ταῦτα
3554 1330 3800 1382 κάκεῖνα

2234 1418 2480 1488 δέχεσθαι
2498 1419 2938 1502 φιλονεικοῦντες,
2964 1423 3168 1473 ἐοίκασι
3184 1422 3338 1484 σκιάς
3360 1420 3522 1490 μηδὲν
3539 1418 3764 1472 διαλλάτ
3783 1445 3800 1456 -

2235 1526 2370 1574 τειν,
2413 1509 2511 1580 τῆς
2548 1511 2918 1580 μεσιτεύοντος
2951 1511 3050 1580 μὲν
3085 1511 3332 1580 σώματος
3364 1512 3420 1562 ὲν
3452 1510 3589 1578 φωτὶ
3631 1509 3767 1576 γενέ

2239 1597 2361 1650 σθαι
2397 1599 2716 1666 πεφυκυίας,
2743 1600 2815 1669 μὴ
2844 1599 3210 1669 μεσιτεύοντος
3229 1601 3284 1652 δὲ
3307 1598 3550 1668 σώματος
3571 1599 3627 1650 ὲν
3649 1599 3803 1665 φωτὶ

2241 1689 2316 1758 μὴ
2361 1692 2662 1758 πεφυκυῖαν
2693 1691 2964 1758 γενέσθαι,
3001 1690 3133 1744 ἀλλά
3181 1690 3277 1744 κα)⁸
3314 1686 3802 1758 περιλαμπομένου

2238 1779 2332 1832 τοῦ
2359 1779 2604 1849 σώματος
2633 1782 2887 1834 πάντοθεν
2918 1784 2981 1835 ὲκ
3004 1781 3095 1835 τοῦ
3120 1781 3292 1851 φωτὸς
3313 1780 3800 1848 ἐξαφανιζομένης.

648 1880 919 1932 Adversus
970 1877 1275 1947 lmjusmodi
1324 1877 1570 1931 homines
1603 1875 1734 1929 mihi
1773 1875 1883 1944 jam
1922 1874 2131 1929 edisse-

2257 1906 2270 1920 .
2302 1871 2445 1942 Πρὸς
2497 1873 2621 1934 τοὺς
2671 1871 2937 1934 τοιούτους
2985 1873 3093 1943 γάρ
3139 1889 3228 1942 μοι
3265 1873 3292 1924 ὁ
3345 1870 3519 1938 λόγος,
3550 1869 3678 1939 περὶ
3719 1863 3803 1920 ὧν

579 1971 805 2024 rendum
840 1979 923 2023 est
953 1988 966 2023 :
1005 1969 1072 2024 de
1093 1969 1292 2038 quibus
1319 1967 1539 2036 perinde
1577 1979 1736 2036 atque
1761 1967 1829 2021 de
1870 1966 1975 2020 illis
2005 1965 2133 2018 olim

2245 1963 2432 2033 δμοίως
2462 1963 2591 2014 ποτὲ
2637 1963 2911 2034 παροίκων
2963 1963 3264 2030 γενομένων
3299 1963 3357 2014 ἐν
3405 1963 3472 2033 τῇ
3509 1959 3805 2030 Σαμαρείᾳ

582 2058 634 2109 in
664 2057 908 2110 Samaria
939 2057 1179 2117 advenis,
1205 2056 1403 2109 clamat
1435 2054 1613 2108 divina
1647 2053 1945 2122 Scriptura,
1973 2050 2137 2114 Deum

2245 2054 2476 2123 καταόοᾷ
2502 2056 2535 2124 ἡ
2561 2055 2679 2108 θεία
2711 2055 2918 2125 Γραφὴ,
2959 2056 3039 2108 ὅτι
3092 2053 3205 2108 Τὸν
3249 2053 3397 2108 Θεὸν
3437 2051 3802 2121 ἐφοϐοῦντο,

580 2149 854 2211 timebant,
885 2157 932 2200 et
959 2148 1010 2200 in
1039 2147 1255 2201 excelsis
1281 2146 1559 2199 adolebant
1590 2156 1636 2198 et
1668 2144 1864 2198 cultum
1891 2143 2140 2211 persolve-

2245 2148 2332 2201 καί
2358 2146 2480 2212 τοῖς
2509 2146 2770 2215 ὑψηλοῖς
2789 2147 3047 2216 ἐθυμίων
3077 2146 3176 2200 καὶ
3209 2145 3552 2214 ἐλάτρευον.
3592 2142 3802 2196 Οὖστι-

577 2237 784 2291 bant’:
820 2251 957 2306 quos
1008 2238 1054 2292 si
1097 2236 1223 2307 quis
1269 2236 1526 2290 biformes
1566 2233 1974 2312 nuncupaverit,
2005 2248 2137 2286 neu-

2245 2251 2332 2296 νας
2369 2235 2663 2306 διμόρφους
2709 2253 2793 2299 τις
2836 2235 3088 2300 καλέσας,
3133 2236 3229 2288 οὐκ
3278 2234 3342 2290 ἂν
3383 2233 3634 2305 ἁμάρτοι.
3685 2232 3807 2302 καὶ

579 2328 782 2396 tiquam
808 2328 1104 2383 aberrabit.
1133 2326 1265 2381 Nam
1295 2327 1574 2382 nobiscum
1605 2328 1765 2382 simul
1794 2337 1849 2382 et
1876 2343 2001 2383 cuin
2030 2329 2140 2383 illis

2245 2323 2357 2395 μεθ’
2383 2326 2540 2395 ήμῶν
2566 2327 2674 2399 γάρ
2713 2327 2952 2381 θέλουσιν
2977 2323 3114 2382 εἶναι
3143 2329 3236 2382 καὶ
3261 2329 3378 2398 μετ’
3404 2326 3649 2390 ἐκείνων,
3691 2324 3805 2394 τὴν

577 2435 699 2474 esse
751 2419 955 2485 volunt,
1009 2417 1532 2474 abrenuntiationem
1592 2418 1827 2482 Satanm,
1876 2434 2038 2488 quam
2084 2418 2138 2472 in

2245 2417 2514 2488 ἀποταγὴν
2552 2418 2646 2472 τοῦ
2687 2421 2899 2472 Σατανᾶ
2937 2423 3001 2491 ἣν
3031 2419 3364 2484 ἀπετάξαντο
3401 2420 3460 2472 ὲν
3492 2416 3569 2489 τῷ
3600 2415 3809 2488 βαπτί-

579 2509 904 2578 baptismate
923 2509 1228 2572 ediderunt,
1258 2508 1466 2564 irritam
1496 2508 1776 2573 facientes,
1794 2518 1847 2563 et
1869 2509 1935 2563 ad
1962 2508 2137 2578 ipsum

2245 2522 2405 2576 σματι
2436 2508 2530 2562 νῦν
2556 2507 2890 2574 ἀθετοῦντες,
2918 2512 3012 2565 καὶ
3049 2512 3137 2562 ἐπ’
3171 2509 3333 2564 αὑτὸν
3373 2506 3806 2579 παλινδρομοῦν-

581 2599 1049 2670 retrogredicntes.
1071 2600 1148 2654 Illi
1170 2599 1369 2670 quippe
1390 2599 1695 2653 nullatenus
1717 2598 1996 2653 nobiscum
2019 2614 2143 2654 esse

2245 2612 2351 2659 τες.
2413 2597 2488 2650 Οὐ
2530 2598 2777 2651 δύνανται
2808 2596 2914 2668 γὰρ
2952 2597 3172 2650 καθόλου
3216 2594 3335 2667 μεθ’
3380 2594 3534 2665 ἡμῶν
3568 2589 3710 2647 εἶναι
3751 2593 3804 2645 οί

579 2683 826 2757 valeant;
866 2694 960 2746 sed
997 2693 1050 2745 in
1088 2693 1321 2761 quodam
1351 2706 1448 2746 ceu
1474 2691 1648 2746 medio
1672 2691 2014 2746 consistunt:
2047 2706 2143 2744 va-

2245 2688 2487 2752 τοιοῦτοι,
2517 2688 2650 2742 ἀλλά
2692 2690 2844 2758 μέσοι
2879 2688 3023 2752 τινὲς
3061 2689 3393 2759 ὑπάρχουσιν
3420 2703 3434 2717 ⁸
3468 2681 3606 2740 οῐκοι
3647 2685 3807 2759 atavo}

579 2795 699 2846 tua:
727 2789 784 2835 et
813 2779 1031 2835 inutiles
1051 2780 1247 2835 domus
1275 2781 1675 2850 quodammodo
1703 2795 1997 2850 suspensae,
2024 2796 2146 2851 qua:

2245 2779 2547 2849 μεταρσίως
2597 2796 2712 2843 πως
2764 2780 3058 2851 ἱστάμενοι,
3109 2779 3332 2848 θεμέλια
3385 2776 3525 2830 κατά
3572 2775 3676 2846 γῆν
3721 2773 3806 2844 μὴ

582 2892 682 2932 nec
713 2875 1060 2930 fundamenta
1087 2876 1142 2929 in
1181 2873 1325 2930 terra
1354 2875 1574 2939 habent,
1610 2864 1708 2930 nec
1731 2890 1760 2928 a
1789 2877 2042 2946 quopiam
2075 2891 2144 2931 ex

2245 2870 2474 2941 ἔχοντες,
2505 2857 2639 2941 μήτε
2672 2872 2776 2943 μὴν
2804 2871 2862 2938 ἐξ
2895 2871 3060 2942 ὕψους
3087 2873 3146 2926 τὸ
3180 2871 3426 2942 κατέχον.
3453 2867 3645 2940 Σχεδὸν
3686 2867 3807 2938 γὰρ

579 2968 692 3022 alto
720 2966 1041 3022 retinentur.
1068 2965 1199 3020 Nam
1225 2981 1350 3020 cum
1381 2965 1602 3019 vixdum
1632 2965 1946 3034 inceperint,
1992 2967 2144 3035 prin-

2245 2959 2412 3029 μήπω
2451 2959 2740 3036 ἀρξάμενοι
2761 3001 2778 3027 ,
2820 2961 2917 3026 τὰς
2963 2962 3170 3017 ἑαυτῶν
3209 2963 3382 3033 ἀρχὰς
3423 2958 3758 3015 καταλύουσι
3787 2974 3804 2988 ο

581 3059 724 3129 cipia
752 3073 851 3114 sua
880 3057 1192 3122 destruunt,
1244 3065 1301 3112 et
1335 3063 1622 3125 antequam
1651 3055 1952 3120 destruant,
1983 3056 2143 3110 finem

2245 3050 2339 3104 καὶ
2379 3051 2545 3122 μήπω
2575 3052 2952 3120 καταλύοντες,
2984 3055 3053 3108 τὰ
3093 3054 3300 3108 ἑαυτῶν
3336 3052 3463 3122 τέλη
3492 3051 3658 3122 ἀτελῆ
3684 3051 3805 3104 δτι⁹

584 3165 746 3206 suum
784 3151 890 3203 line
928 3163 1117 3204 carere
1161 3155 1626 3213 cummoustrant;
1675 3147 1748 3202 ita
1787 3156 1844 3202 ut
1877 3161 2050 3218 neque
2088 3149 2142 3201 in

2245 3140 2482 3206 κνύουσι,
2538 3144 2673 3214 μήτε
2716 3144 2775 3197 ὲν
2816 3144 2987 3215 τούτῳ
3030 3145 3260 3215 βεϐαίως
3297 3143 3530 3214 ἔχοντες,
3579 3142 3721 3213 μήτε
3744 3143 3808 3194 ὲν

586 3241 710 3302 hoc,
729 3254 903 3308 neque
922 3239 986 3294 -in
1011 3239 1104 3293 illo
1122 3239 1262 3293 ﬁrmi
1283 3239 1606 3302 consistant,
1625 3239 1732 3292 imo
1751 3239 1930 3308 potius
1954 3253 2145 3294 omnes

2247 3233 2458 3304 ἐκείνῳ,
2489 3233 2624 3288 ἀλλὰ
2653 3235 2848 3305 μᾶλλον
2877 3237 3002 3300 τοὺς
3037 3236 3243 3299 πάντας
3270 3235 3612 3299 διαπαίζουσι
3638 3273 3654 3297 ,
3703 3233 3809 3288 καὶ

587 3332 840 3395 illudunt,
861 3339 920 3386 et
959 3330 1029 3384 ab
1055 3329 1313 3387 omnibus
1357 3330 1672 3384 illuduntur.
1717 3329 1900 3384 Primo
1925 3330 2146 3399 quidem

2247 3322 2355 3377 ὑπὸ
2389 3325 2604 3379 πάντων
2634 3325 3019 3390 διαπαίζονται.
3056 3325 3277 3396 Πρῶτον
3310 3325 3408 3396 μὲν
3443 3318 3536 3377 οὖν
3569 3322 3806 3392 βασανί-

591 3424 914 3492 οριιαιτίοοω
947 3421 1092 3476 illam
1129 3423 1355 3490 ﬁguram
1399 3437 1522 3475 cum
1564 3420 1669 3474 illis
1701 3429 2031 3490 reputantes,
2056 3421 2146 3475 de-

2248 3433 2434 3480 σαντες
2467 3417 2584 3486 μετ’
2605 3417 2782 3471 αὐτῶν
2813 3419 2940 3489 περὶ
2965 3418 3058 3471 τοῦ
3085 3415 3372 3487 σφαιρικοῦ
3400 3417 3697 3486 σχήματος,
3721 3414 3808 3478 ὡς

591 3509 974 3579 prehendinius
989 3524 1108 3564 eam
1126 3525 1301 3578 neque
1319 3509 1634 3573 consistere,
1661 3526 1832 3579 neque
1847 3527 2024 3565 rerum
2053 3522 2146 3565 na-

2245 3507 2307 3558 ού
2335 3507 2556 3560 δυνατὸν
2584 3505 2737 3561 τοῦτο
2751 3504 2907 3573 εἶναι,
2933 3506 3054 3560 οὔτε
3079 3506 3184 3578 μὴν
3204 3508 3270 3576 τῇ
3301 3506 3461 3575 φύσει
3485 3504 3592 3557 τῶν
3621 3521 3808 3575 πραγ-

590 3613 727 3656 turie
768 3601 1055 3656 convenire
1101 3614 1278 3677 posse.
1334 3600 1564 3666 Quidam
1620 3601 1784 3671 igitur
1823 3617 1888 3656 ex
1933 3603 2038 3657 illis
2071 3603 2146 3671 (l)

2251 3597 2436 3666 μάτων
2482 3598 2791 3666 συμϐαῖνον.
2826 3598 2978 3659 Τινὲς
3014 3598 3116 3666 μὲν
3156 3592 3249 3651 οὖν
3290 3597 3350 3662 ἐξ
3377 3595 3552 3650 αὐτῶν
3579 3594 3807 3662 λέγουσι

594 3695 748 3746 aiunt
772 3691 969 3746 coelum
1000 3706 1198 3761 corpus
1224 3705 1344 3746 esse
1368 3706 1435 3745 ex
1463 3701 1695 3762 quatuor
1718 3692 1998 3748 elementis
2020 3709 2152 3748 con-

595 3781 878 3847 stitutum;
932 3781 1022 3835 alii
1052 3782 1131 3851 (Ξ)
1161 3781 1317 3838 elatis
1348 3782 1672 3851 superciliis,
1710 3799 1772 3837 ex
1815 3783 1920 3839 alio
1961 3785 2149 3854 quinto

597 3886 738 3926 novo
783 3872 1048 3925 elemento
1078 3873 1274 3927 cmlum
1300 3873 1532 3942 denique
1563 3886 1998 3944 composuerunt,
2026 3891 2148 3930 cum

594 3962 743 4032 prius
767 3977 832 4016 ex
855 3972 1084 4031 quatuor
1103 3963 1382 4019 elementis
1415 3974 1667 4020 constare
1689 3965 1993 4029 diceretur;
2021 3981 2152 4022 con-

595 4053 784 4121 tricati
814 4055 1019 4108 scilicet
1055 4069 1163 4110 non
1188 4069 1346 4125 posse
1385 4056 1722 4111 circumferri
1748 4058 1968 4120 coelum,
2009 4058 2056 4112 si
2085 4075 2149 4113 ex

595 4147 683 4202 his
724 4148 1081 4216 compositum
1126 4158 1286 4204 esset.
1333 4147 1438 4204 Sed
1463 4150 1516 4204 in
1559 4151 1660 4204 hoc
1701 4149 1861 4205 etiam
1902 4155 2152 4206 caecutire

597 4238 914 4308 probantur,
943 4239 1153 4292 etiamsi
1198 4249 1384 4308 putent
1407 4256 1503 4295 eos
1530 4242 1624 4310 qui
1654 4251 1812 4296 acute
1854 4243 2148 4306 intuentur,

596 4329 729 4382 nihil
753 4329 951 4383 videre.
983 4327 1116 4382 Nam
1137 4343 1258 4382 cum
1283 4330 1417 4384 varii
1446 4331 1658 4386 colores
1687 4332 1740 4385 in
1764 4333 1904 4387 caalo
1932 4335 2151 4403 conspi-

596 4423 833 4482 ciantur.
862 4422 1003 4477 unde
1051 4422 1183 4491 ipsis
1229 4423 1574 4478 calefaciendi
1611 4434 1667 4478 et
1698 4423 2154 4511 refrigerandivis

2247 3687 2338 3740 τὸν
2357 3687 2580 3757 οὐρανὸν
2606 3687 2760 3758 σῶμα
2785 3691 2847 3742 ἐκ
2871 3689 3147 3759 τεσσάρων
3175 3688 3449 3760 στοιχείων
3477 3686 3606 3744 ὅντα
3631 3705 3643 3717 ·
3671 3686 3809 3740 ἔνιοι

2246 3777 2304 3831 δὲ
2333 3777 2432 3840 τὰς
2471 3777 2640 3850 ὀφρῦς
2669 3780 3060 3843 ἀνατείναντες,
3098 3779 3157 3844 ἐξ
3185 3780 3369 3851 ἐτέρου
3399 3779 3649 3852 πὲμτετου
3679 3777 3810 3832 νέου

2250 3872 2512 3940 στοιχείου
2555 3872 2644 3924 τὸν
2687 3871 2910 3942 οὐρανὸν
2943 3869 3166 3941 ὕστερον
3215 3871 3531 3934 ἀνέκτισαν,
3569 3869 3631 3923 τὸ
3671 3871 3812 3940 πρὶν

2248 3963 2314 4014 ἐκ
2340 3962 2446 4014 τῶν
2469 3961 2744 4035 τεσσάρων
2766 3963 2953 4032 ἔχοντα
2980 3962 3077 4033 τὴν
3096 3962 3327 4033 ούσιὼδη
3356 3961 3610 4014 σύστασιν
3635 3976 3650 3990 ·
3678 3977 3804 4014 συν-

2249 4052 2386 4105 εῖδον
2417 4053 2525 4124 γὰρ
2549 4054 2625 4117 ὡς
2663 4055 2722 4108 οὐ
2754 4053 2972 4106 δυνατὸν
3005 4049 3143 4107 εἶναι
3184 4053 3367 4123 κύκλῳ
3407 4051 3669 4124 φέρεσθαι
3701 4055 3807 4107 αὺο

2245 4144 2360 4208 τὸν,
2401 4146 2464 4198 ὲκ
2495 4144 2697 4197 τούτων
2743 4143 2930 4214 ἔχοντα
2960 4144 3056 4216 τὴν
3093 4145 3300 4199 οὐσίαν.
3354 4142 3514 4197 Ἀλλά
3547 4142 3712 4197 πάλιν
3747 4145 3810 4198 ὲν

2249 4236 2396 4305 αὐτῷ
2417 4236 2809 4305 τυφλώττοντες
2834 4237 3159 4302 ἁλίσκονται,
3188 4237 3426 4300 καὶτοὺς
3453 4234 3548 4300 ὀξὺ
3575 4235 3808 4306 βλέπον-

2250 4345 2344 4390 τας
2369 4328 2467 4398 οὐχ
2509 4330 2638 4400 ὁρᾷν
2666 4331 2916 4400 οἰόμενοι.
2962 4331 3241 4401 Διαφόρων
3270 4328 3377 4400 γὰρ
3417 4328 3512 4383 καὶ
3543 4329 3810 4382 ποικίλων

2251 4421 2309 4472 ὲν
2329 4420 2477 4490 αὺτῷ
2499 4423 2800 4490 χρωμάτων
2828 4423 3117 4492 ὁρωμένων
3141 4439 3154 4452 ο
3191 4421 3249 4486 ἐξ
3277 4416 3351 4475 ὧν
3378 4423 3411 4492 ή
3445 4419 3539 4475 τοῦ
3572 4419 3807 4490 θερμαί-

597 4511 765 4564 indila
790 4509 1031 4572 videtur;
1082 4511 1156 4565 illi
1197 4512 1266 4566 ob
1315 4513 1534 4568 nimiam
1565 4513 1874 4570 distantiam
1907 4509 2146 4571 omnium

2251 4529 2362 4565 νειν
2393 4529 2449 4564 τε
2477 4517 2566 4567 καὶ
2586 4514 2773 4584 ψύχειν
2809 4517 3182 4586 ἐνυπάρχουσα
3211 4514 3437 4581 δύναμις
3466 4511 3647 4572 αὐτοῖς
3671 4512 3806 4563 ἀνα-

591 4602 707 4656 falli
735 4603 907 4656 visum
939 4601 1205 4656 dictitant.
1251 4601 1320 4657 At
1348 4605 1934 4674 respondeatquisquis
1959 4608 2013 4662 in
2040 4623 2151 4661 me-

596 4694 744 4747 dium
786 4694 999 4761 prodire
1031 4694 1158 4748 velit
1189 4713 1202 4748 :
1245 4695 1423 4750 Stella:
1457 4697 1618 4767 118
1661 4699 1922 4753 immobili
1952 4716 2147 4755 secun-

597 4785 726 4838 dum
757 4799 854 4838 vos
883 4788 1108 4856 sphaera:
1133 4785 1331 4847 inﬂue.
1354 4802 1476 4842 cum
1509 4789 1756 4857 inzequali
1781 4792 1954 4857 spatio
1977 4809 2004 4845 a
2031 4792 2150 4847 visu

599 4887 784 4931 nostro
813 4878 1030 4940 distent,
1062 4879 1106 4933 si
1156 4893 1187 4933 a
1221 4887 1406 4934 centro
1443 4890 1598 4935 terrae
1621 4882 1762 4936 oculi
1793 4883 1978 4938 radius
2019 4885 2151 4938 diri-

596 4977 774 5038 gatur,
807 4983 906 5023 cur
931 4985 1037 5023 non
1059 4971 1243 5024 colore
1287 4979 1342 5024 et
1386 4973 1752 5041 magnitudine
1793 4974 1956 5028 variae
1985 4990 2149 5043 appa-

602 5061 750 5112 rent?
789 5060 898 5113 Cur
932 5059 1106 5122 Marti,
1128 5071 1190 5114 ut
1208 5075 1302 5115 vos
1321 5062 1545 5126 vocatis,
1571 5064 1662 5133 qui
1691 5063 1972 5119 inferiores
1995 5065 2149 5120 sedes

601 5151 788 5214 habet,
820 5151 1000 5205 multa:
1037 5149 1310 5206 stellarum
1344 5153 1721 5216 immobilium,
1759 5157 1993 5226 aequales
2027 5167 2150 5212 sunt

598 5252 650 5295 et
678 5241 917 5306 similes;
957 5241 1184 5312 Jovique
1210 5241 1456 5298 similiter
1484 5259 1592 5298 non
1625 5260 1821 5313 paucas
1846 5247 2049 5303 similes
2075 5249 2151 5302 vi-

598 5332 827 5387 demus?
860 5333 970 5386 lmo
994 5351 1091 5389 nec
1111 5337 1286 5406 ipsum
1309 5339 1504 5392 caelum
1528 5339 1628 5393 sibi
1651 5339 1826 5394 colore
1847 5340 2022 5394 simile
2043 5355 2156 5397 cer-

602 5422 828 5478 nimus:
863 5439 987 5476 nam
1040 5425 1144 5481 illis
1189 5427 1451 5483 nubilosis
1496 5429 1950 5495 concretionibus,
1999 5431 2155 5500 queis

601 5528 708 5567 non
738 5516 953 5571 aliunde
982 5532 1143 5585 quam
1167 5535 1197 5572 a
1227 5520 1426 5576 coloris
1459 5521 1731 5586 varietate,
1754 5519 1934 5577 lactea:
1958 5537 2154 5577 nomen

673 5625 694 5654 ί
718 5623 782 5677 ιν
815 5625 940 5696 Reg.
973 5644 1104 5693 xvn,
1144 5629 1233 5684 32.

675 5718 755 5783 (ί)
791 5719 1073 5774 Platonici.

674 5788 752 5857 (ἲ)
773 5788 1118 5847 Aristotelia.

2256 4602 2518 4670 φαίνεται,
2551 4605 2648 4675 τὴν
2674 4605 2793 4673 ὄψιν
2818 4605 3067 4659 ἁπάντων
3089 4602 3397 4674 ἠπατῆσθαί
3430 4617 3561 4668 φασι
3585 4599 3676 4653 διά
3705 4601 3809 4672 τὴν

2253 4693 2391 4761 ἄγαν
2421 4695 2773 4749 ἀποστασίαν.
2825 4697 3046 4750 Είπάτω
3073 4695 3251 4747 τοίνυν
3284 4686 3568 4764 παρελθὼν
3601 4694 3682 4755 εἰς
3711 4693 3811 4762 μὲ-

2256 4800 2346 4836 σον
2376 4786 2403 4838 ὁ
2440 4786 2755 4856 βουλόμενος
2790 4804 2805 4818 ο
2843 4789 2890 4840 οί
2928 4791 2992 4859 τῇ
3041 4787 3267 4841 ἀπλανεί
3297 4785 3416 4838 καθ’
3443 4784 3584 4853 ὑμᾶς
3619 4783 3809 4850 ἐγκεί-

2258 4890 2405 4942 μενοι
2437 4877 2637 4948 σφαίρᾳ
2665 4876 2888 4947 ἀστέρες
2916 4877 3173 4949 δηλονότι,
3211 4877 3326 4939 πῶς
3352 4875 3450 4928 οὐκ
3481 4875 3652 4946 ἀνίσῳ
3685 4875 3807 4931 δια-

2256 4965 2486 5036 στήματι
2509 4969 2604 5038 τῆς
2631 4967 2803 5036 ὂψεως
2826 4969 2981 5038 ἡμῶν
3004 4967 3292 5037 ἀπέχοντες
3313 4984 3326 4998 ·
3351 4967 3427 5030 ὡς
3449 4969 3554 5022 ἀπὸ
3575 4970 3806 5039 κέντρου

2252 5055 2352 5124 τῆς
2385 5056 2487 5127 γῆς
2533 5055 2827 5128 άφιεμένης
2861 5059 2955 5129 τῆς
2998 5057 3224 5128 ὀπτικῆς
3265 5057 3560 5128 ἐνεργείας,
3602 5056 3806 5111 ἀλλοῖοι

2253 5152 2370 5212 ταῖς
2397 5155 2606 5221 χροιαῖς
2653 5153 2747 5204 κα)⁵
2782 5157 2892 5218 τοῖς
2930 5153 3182 5223 μεγέθεσι
3218 5153 3548 5221 φαίνωνται;
3583 5154 3710 5217 Πῶς
3747 5155 3805 5208 δὲ

2253 5240 2330 5310 τῷ
2355 5241 2665 5312 καλουμένῳ
2690 5244 2823 5311 πρὸς
2849 5244 3000 5313 ὑμῶν
3027 5243 3199 5313 Ἀρεῖ,
3224 5244 3518 5316 ’κατωτέρω
3531 5243 3629 5315 τὴν
3648 5243 3805 5307 τάξιν

2253 5335 2447 5404 ἔχοντι,
2483 5336 2662 5389 πολλοὶ
2695 5336 2800 5386 τῶν
2830 5335 3082 5390 ἀπλανῶν
3115 5335 3447 5407 ὑπάρχουσιν
3474 5337 3579 5390 [σοι
3609 5351 3670 5388 τε
3709 5339 3805 5390 καὶ

2255 5427 2445 5497 ὅμοιοι,
2475 5425 2663 5497 καὶτῷ
2690 5426 2780 5480 τοῦ
2812 5428 2930 5491 Διὸς
2955 5427 3208 5490 ὡσαύτως
3233 5427 3625 5498 παραπλησίως
3659 5427 3802 5497 ὁρῶ-

2260 5536 2357 5591 μεν
2376 5519 2473 5572 οὐκ
2504 5519 2743 5588 ὀλίγους;
2783 5519 2919 5572 Ἀλλ’
2957 5518 3076 5572 οὐδὲ
3110 5519 3198 5573 τὸν
3226 5517 3451 5590 οὐρανὸν
3483 5517 3643 5571 αὑτὸν
3673 5517 3805 5587 ὁμο·
