4012 6336
215 467 268 531 δι
1114 452 1653 520 TOPOGRAPHIIE
1694 449 2170 515 CHRISTIAN/E
2210 453 2350 511 LIB.
2395 453 2443 510 Ι.
3310 449 3383 515 62

218 593 360 647 χρονν
386 573 562 645 ἑαυτῷ
578 574 823 643 θεώμεθα
844 589 859 605 ·
887 572 982 637 τὰς
1009 572 1116 642 γάρ
1137 571 1358 640 ὲνάὖτῷ
1384 566 1731 639 νεφελοειδεῖς

1840 566 2109 633 posuistis,
2141 568 2283 622 unde
2313 569 2475 621 talem
2509 576 2782 637 aspectum
2807 582 2929 622 esse
2961 568 3381 638 suspicabimur,

221 664 520 735 συστροφάς,
554 658 638 727 αἷς
664 664 830 732 ὄνομα
860 664 1131 717 τεθείκατε
1165 662 1443 728 γαλαξίαν,
1470 660 1568 713 οὐκ
1590 659 1736 711 ἄλλος

220 756 299 808 θεν
338 756 370 824 ἢ
425 758 490 807 ὲκ
528 755 622 806 τοῦ
665 754 919 823 διαφόρου
967 752 1249 823 χρώματος
1292 751 1597 819 ἐπιθέμενοι
1643 748 1741 818 τὴν

213 846 389 913 κλῆσιν
422 846 608 907 αὐταῖς
645 862 661 877 ο
690 845 851 897 πόθεν
884 844 948 897 ἂν
985 844 1413 911 ὑποτοπήσαιμεν
1441 840 1582 894 οὕτω
1616 839 1741 907 φαί-

221 932 387 985 νεσθαι
414 933 537 1001 μιᾶς
568 932 731 1000 οὔσης
754 932 854 1001 τῆς
882 932 1212 998 ἐπιφανείας.
1324 930 1644 998 προσϐάλλει
1680 928 1741 981 τὸ

222 1021 418 1089 πνεῦμα
446 1026 543 1091 τῆς
585 1022 790 1089 ὅψεως
835 1018 996 1091 Οἶμαί
1034 1039 1115 1089 γε.
1152 1020 1405 1090 φάσκοντι
1450 1038 1538 1090 μοι
1572 1019 1742 1072 ταῦτα

222 1113 472 1181 τεκμήρια
494 1112 761 1183 διαφόρων
787 1108 922 1165 εἶναι
950 1111 1277 1182 συγκρίσεως
1309 1128 1367 1163 τε
1397 1112 1489 1162 καὶ
1520 1111 1736 1179 μίξεως,

223 1199 391 1251 ούδένα
413 1198 610 1270 τολμᾷν
635 1202 1105 1269 ἀντιφθέγγεσθαι,
1133 1201 1234 1253 κᾶν
1262 1199 1347 1264 είη
1392 1199 1482 1252 τοῦ
1516 1199 1738 1267 ψεύδους

224 1290 475 1356 ὲραστήςυ
526 1295 747 1360 μήτοιγε
792 1291 899 1344 τῶν
935 1294 992 1343 ὲν
1022 1291 1276 1359 προεδρίᾳ
1317 1290 1612 1342 ταττόντων
1657 1291 1741 1341 ἀεὶ

224 1379 310 1444 τὴν
328 1379 589 1448 ἀλήθειαν.
629 1382 690 1434 Εἰ
710 1381 755 1433 δ’
786 1382 883 1434 οὐκ
911 1384 968 1446 ἐξ
1006 1384 1119 1444 ἑνὸς
1150 1383 1280 1434 ἰδίαν
1308 1382 1516 1451 ἔχοντος
1534 1382 1741 1451 κίνησιν

224 1469 311 1537 τὴν
352 1469 868 1540 κυκλοψορουμένην,
925 1473 1037 1526 ἁλλ’
1082 1475 1143 1525 ἐκ
1184 1473 1283 1540 τῆς
1314 1473 1419 1526 τῶν
1461 1474 1739 1542 τεσσάρων

227 1560 480 1627 στοιχείων
508 1562 903 1633 ἐδημιουργήθη
934 1564 1155 1631 μίξεως,
1185 1564 1244 1615 ού
1276 1564 1623 1633 περιφέρεται
1643 1580 1740 1616 κα-

226 1648 339 1709 λῶς.
365 1651 584 1719 Εἴρηται
611 1652 721 1721 γάρ
747 1654 821 1715 ὡς
864 1654 896 1721 ἢ
936 1655 1083 1706 κάτω
1115 1653 1479 1723 κινηθήσεται,
1523 1652 1741 1704 πλεονάο

226 1738 392 1803 (uno;
427 1744 483 1794 ἐν
507 1742 653 1811 αὐτῷ
677 1743 771 1795 τοῦ
802 1744 1006 1812 βαρέως
1029 1783 1044 1805 ,
1074 1744 1106 1812 ἧ
1136 1744 1269 1813 πρὸς
1305 1744 1403 1813 τὴν
1435 1744 1544 1796 ἄνω
1573 1742 1739 1810 φορὰν

226 1831 499 1898 ἀρθήσεται
526 1834 831 1887 τούναντίου
865 1834 1327 1904 κατακρατοῦντος
1347 1877 1360 1896 ,
1399 1834 1431 1903 ἢ
1464 1835 1735 1902 στήσεται,

224 1921 268 1971 εί
292 1914 449 1989 μηδὲν
473 1924 528 1975 ἐν
553 1922 700 1993 αὑτῷ
732 1924 1073 1992 πλεονεκτοίη
1103 1940 1119 1955 ·
1152 1924 1309 1978 τοῦτο
1346 1926 1408 1994 δὴ
1452 1925 1546 1977 καὶ
1579 1924 1739 1976 παντὶ

226 2012 748 2083 φανερόωθύδὶγὰρ
793 2012 904 2067 άνω
943 2016 1255 2083 φερόμενον,
1291 2016 1407 2068 οὐδὲ
1451 2015 1619 2077 κάτω,
1659 2012 1740 2077 τίς

224 2102 577 2172 ὁμολογήσειεν
607 2106 904 2176 ἑωρακέναι
944 2107 1155 2161 πώποτε
1179 2125 1193 2173 ;
1220 2109 1475 2163 Λείπεται
1518 2110 1741 2177 φάσκειν

225 2192 371 2245 αὑτὸν
402 2197 752 2265 ἐρηρισμινον
797 2196 956 2253 εἶναι.
1011 2200 1287 2267 Λεγόντων
1335 2200 1415 2264 δὲ,
1471 2199 1639 2253 Πόθεν
1683 2200 1741 2250 ὲν

225 2279 367 2350 ἁπλῷ
402 2286 494 2336 καὶ
529 2285 703 2353 άποίῳ
759 2287 1001 2357 στοιχείῳ
1035 2287 1276 2356 διάφοροι
1311 2290 1581 2357 κινήσεις;
1627 2285 1741 2351 εἴτε

225 2370 343 2435 φασὶ
395 2372 488 2443 τὴν
524 2375 770 2430 ιναντίαν
821 2377 1115 2431 ἑλίττεσθαι
1162 2378 1240 2447 τῷ
1289 2377 1450 2430 παντὶ
1496 2380 1620 2438 τοὺς
1647 2376 1739 2440 οὓς

224 2457 477 2531 πλανήτας
506 2463 876 2534 ὀνομάζουσιν,
906 2467 966 2520 ού
995 2467 1315 2535 ψευσθέντες
1352 2484 1365 2497 ·
1396 2468 1654 2529 ὡσαύτως
1690 2466 1744 2518 εί

225 2566 282 2617 γε
324 2555 454 2631 κατά
496 2574 664 2621 τινας,
699 2557 791 2621 οὓς
825 2560 855 2612 ό
895 2560 1223 2631 Δημιουργὸς
1272 2559 1435 2628 ὥρισε
1498 2560 1738 2628 χρόνους,

226 2644 457 2713 δμφανῶς
480 2649 554 2712 ὡς
583 2650 721 2719 μηδ’
746 2650 939 2713 αὐτοὺς
981 2652 1256 2722 ἀρνεῖσθαι
1288 2652 1383 2723 τὴν
1418 2651 1523 2704 άπὸ
1551 2651 1740 2703 ἀνατο-

225 2731 584 2803 λῶνιπίδοσιν,
614 2740 862 2811 οὐράνιόν
902 2758 961 2794 τε
989 2739 1295 2811 ποιούμενοι
1326 2738 1563 2809 πορείαν.

286 2817 408 2876 εἶτα
445 2825 605 2879 πάλιν
636 2828 971 2895 umnam;
1004 2827 1381 2897 ἀπορούμενοι,
1413 2828 1549 2894 ὅπερ
1588 2814 1745 2877 εἴωθε

225 2914 540 2983 πρίασθαι
563 2918 676 2981 τοῖς
695 2918 745 2971 τ’
771 2918 967 2989 ἀληθὲς
984 2916 1442 2987 άποφυγγάνουσι,
1468 2914 1563 2968 καὶ
1593 2915 1743 2969 οὐδε-

230 3003 345 3071 μίαν
370 3003 591 3068 διέξοδον
624 3006 985 3077 εὑρίσκοντες,
1010 3002 1404 3074 άναποδισμοῦς
1426 3002 1523 3056 καὶ
1557 3018 1744 3072 στηρι-

227 3095 382 3165 main;
398 3096 657 3150 ποιεῖσθαί
677 3113 808 3166 φασι
828 3097 953 3160 τοὺς
976 3096 1226 3167 ἀστέρας.
1254 3094 1413 3159 Ἀλλ’,
1441 3086 1488 3148 ὦ
1506 3092 1578 3145 τὰ
1606 3091 1744 3146 πάν-

229 3185 458 3240 ταδεινοὶ
482 3187 572 3241 τοῦ
610 3188 828 3242 πλέκειν
875 3204 935 3241 τε
981 3188 1073 3241 καὶ
1113 3187 1297 3239 λύεινο
1326 3186 1374 3239 εί
1410 3182 1549 3239 κατὰ
1584 3182 1743 3252 φύσιν

230 3275 469 3340 ιῦτοῖςτὸ
498 3278 782 3342 κινεῖσθαι,
822 3277 982 3332 πόθεν
1013 3280 1048 3349 ἡ
1093 3278 1307 3341 στάσις;
1340 3274 1415 3329 Ού
1453 3274 1561 3343 γάρ
1602 3273 1744 3324 ἐστιν

230 3363 394 3427 αὐτοῖς
431 3365 686 3429 δναντίον,
708 3365 749 3418 δ
790 3366 888 3435 τῆς
921 3366 1151 3436 φυσικῆς
1189 3362 1368 3419 αὐτῶν
1413 3362 1623 3433 μορφῆς
1654 3361 1748 3429 ιφ·

232 3452 457 3508 ἅπτεται.
488 3455 614 3518 ‘Ti;
668 3455 726 3509 δὲ
768 3456 985 3520 τούτους
1029 3458 1125 3515 ἐπὶ
1162 3457 1250 3511 τὸν
1276 3454 1510 3508 ἐναντίον
1552 3451 1745 3521 δρόμον

234 3545 425 3615 ἀνάγκη
452 3544 691 3615 βιάζεται
721 3548 994 3615 μετιέναι;
1024 3526 1114 3617 Μή
1144 3563 1231 3616 μοι
1258 3546 1315 3599 δέ
1336 3562 1419 3606 τις
1440 3544 1649 3613 ἀπάτην
1673 3537 1747 3593 εἷ-

210 3651 305 3686 ηνιιι
332 3636 525 3703 λεγέτω
559 3637 660 3705 τῆς
684 3635 857 3704 ὅψεως
884 3636 900 3665 λ
933 3638 994 3690 ού
1030 3638 1136 3707 γάρ
1163 3640 1277 3689 ἐστι
1324 3636 1514 3706 μικρὸν
1550 3630 1581 3687 ὃ
1620 3650 1747 3703 προ-

229 3727 460 3794 τρέχουσι
493 3728 687 3801 μῆκος,
735 3727 797 3792 ἐξ
836 3710 1097 3797 ἑπομένου
1141 3729 1197 3781 δὲ
1260 3728 1447 3803 ζωδίω
1492 3725 1747 3785 πολλάκις

229 3815 438 3885 ὁρῶνται
475 3816 853 3887 μεθιστάμενοι
891 3820 971 3881 εἰς
999 3816 1420 3889 προηγούμενον.
1468 3813 1533 3869 Τί
1571 3815 1627 3868 δὲ
1668 3814 1748 3865 δεῖ

230 3906 407 3972 λέγειν,
423 3908 550 3962 ὅπου
577 3926 641 3977 γε
679 3909 831 3963 αὐτοὶ
852 3908 1177 3978 μεταδάντες
1194 3909 1287 3961 ἐπὶ
1314 3907 1413 3971 τὰς
1442 3907 1617 3960 αὐτῶν
1639 3905 1746 3958 τῶν

229 3997 450 4067 ἀστέρων
468 3998 749 4071 ’ἐνεργείας
775 4002 833 4053 ὲν
865 3994 946 4063 οἷς
978 3998 1056 4064 είς
1093 3999 1258 4071 ἄκρον
1284 3998 1588 4060 δκέλλοντες
1620 3998 1744 4051 ἀτο-

229 4086 345 4150 πίας
389 4089 448 4142 οὐ
488 4090 699 4143 συνιᾶσι
752 4086 1117 4161 στηρίζοντας,
1165 4090 1283 4159 ἦτοι
1334 4088 1746 4151 άναποδίζοντας

228 4170 452 4239 ἑαυτοὺς,
481 4176 725 4248 ἀδρανεῖς
746 4186 815 4231 ’τε
844 4178 938 4231 καὶ
968 4177 1200 4246 φαύλους
1222 4172 1390 4245 εἷναι;
1421 4177 1531 4250 Καὶ
1560 4177 1651 4231 τὸν
1689 4180 1746 4229 ἐν

227 4264 367 4334 Κριῷ
403 4266 605 4339 πρώην,
653 4269 729 4323 ἓν
762 4269 957 4339 Ἰχθύσι
999 4270 1055 4323 δὲ
1087 4270 1180 4324 νῦν
1216 4272 1506 4341 ὁρώμενον,
1550 4270 1648 4321 οὐκ
1690 4269 1748 4320 ὲν

226 4355 344 4423 οἷαν
365 4372 447 4420 τις
478 4359 707 4428 Ἄρεως.
742 4353 859 4414 ἁλλ³
885 4364 943 4414 ἐν
974 4362 1092 4425 Διὸς
1137 4363 1202 4416 ἂν
1231 4365 1393 4427 εῖποι,
1443 4364 1536 4416 καὶ
1577 4364 1748 4414 ποιεῖν

228 4446 391 4525 αὑτὸν,
416 4449 511 4517 οὐχ
536 4448 679 4518 άπερ
709 4448 929 4504 εἰώθασι
955 4452 1210 4522 ληρωδεῖν
1234 4454 1624 4522 ἐνυπάρχοντος
1651 4452 1748 4504 αύ-

1839 659 1882 711 εἰ
1915 672 2018 710 una
2047 659 2117 711 sit
2145 658 2477 727 superﬁcies,
2513 659 2578 713 ad
2607 675 2766 731 quam
2812 660 3058 715 oculares
3086 660 3216 715 radii
3256 678 3379 730 per-

1839 747 2080 815 tingant?
2107 747 2347 800 Arbitror
2379 756 2579 809 autem,
2607 747 2802 801 dicenti
2837 748 2990 828 mihi,
3033 747 3145 817 hinc
3165 750 3383 829 eviden-

1842 839 1911 891 tia
1964 852 2085 892 esse
2135 834 2404 891 variorum
2446 838 2830 891 elementorum
2881 840 3285 908 compositionis
3329 849 3384 894 et

1840 929 2078 982 misturae
2128 938 2461 998 argumenta,
2494 930 2759 985 neminem
2809 929 3069 983 obsistere
3123 945 3383 985 ausurum

1839 1032 1978 1080 esse,
2013 1018 2171 1071 etiam
2204 1033 2266 1071 ex
2304 1018 2371 1071 iis
2402 1019 2492 1086 qui
2521 1019 2782 1073 mendacii
2816 1032 3081 1074 amatores
3108 1033 3253 1083 sunt,
3284 1038 3381 1075 ηο-

1840 1108 1966 1161 dum
1992 1123 2058 1163 ex
2088 1110 2154 1163 iis
2182 1110 2272 1177 qui
2296 1110 2570 1163 veritatem
2591 1111 2692 1165 sibi
2719 1126 2928 1178 semper
2948 1111 3226 1178 priesidem
3251 1127 3383 1166 con-

1841 1200 2090 1254 SIituunt.
2125 1199 2277 1265 Quod
2327 1200 2372 1254 si
2417 1216 2522 1253 non
2553 1217 2618 1255 ex
2666 1218 2772 1255 uno
2818 1204 3076 1257 elemento
3110 1205 3381 1272 proprium

1839 1291 2156 1344 circularem
2187 1301 2390 1345 motum
2414 1292 2661 1356 habente,
2687 1294 2776 1347 sed
2799 1311 2859 1345 ex
2886 1304 3117 1362 quatuor
3146 1294 3379 1349 elcnien-

1840 1392 2015 1435 torum
2066 1382 2316 1436 mistione
2348 1384 2696 1437 constitutum
2745 1384 2936 1437 malum
2981 1386 3070 1450 sit,
3109 1395 3249 1439 recte
3275 1386 3381 1439 cir-

1839 1471 2095 1525 cumferri
2133 1472 2352 1539 nequit;
2381 1473 2579 1526 dictum
2614 1474 2756 1527 enim
2797 1474 2896 1528 fuit
2927 1476 3100 1542 ipsum
3129 1475 3383 1529 deorsum

1839 1578 1958 1617 esse
1988 1564 2331 1626 movendum,
2360 1563 2677 1631 praevalente
2697 1564 2995 1632 (gravitate,
3032 1567 3111 1617 vel
3159 1581 3376 1620 sursum

1839 1654 2187 1716 ell'erendum,
2224 1663 2508 1723 superante
2536 1654 2835 1717 contrario;
2861 1665 2955 1706 aut
2986 1668 3115 1708 sane
3143 1665 3304 1717 stare,
3334 1655 3381 1708 si

1842 1747 1971 1800 nihil
1990 1748 2043 1800 in
2079 1746 2193 1816 ipso
2213 1746 2365 1799 alteri
2386 1746 2666 1814 praevaleat
2686 1762 2697 1796 :
2714 1745 2850 1812 quod
2868 1745 3048 1810 utique
3070 1745 3242 1798 cuivis
3266 1762 3383 1798 ma-

1841 1837 2092 1891 nifestum
2118 1850 2218 1892 est.
2254 1837 2387 1902 Quis
2414 1846 2589 1890 autem
2617 1837 2760 1889 dicat
2780 1852 2837 1891 se
2853 1837 3046 1890 vidisse
3061 1837 3253 1889 cmlum
3284 1852 3383 1890 nec

1838 1942 2051 1982 sursum
2076 1943 2174 1982 nec
2201 1929 2449 1982 deorsum
2473 1927 2636 1980 ferri?
2665 1926 2844 1982 ltestat
2876 1928 3036 1995 igitur
3073 1937 3130 1980 ut
3174 1926 3384 1980 dicatur

1838 2021 2012 2089 ipsum
2044 2018 2209 2072 ﬁxum
2237 2034 2377 2074 esse.
2404 2017 2556 2083 Quod
2579 2018 2623 2072 si
2649 2018 2865 2072 dicant:
2897 2016 3042 2071 Unde
3072 2018 3124 2071 in
3152 2018 3380 2086 simplici

1837 2126 1891 2165 et
1938 2110 2287 2180 qualitatibus
2322 2118 2540 2177 experte
2583 2108 2849 2162 elemento
2880 2109 3017 2161 varii
3063 2109 3135 2160 illi
3172 2108 3387 2161 motus?

1839 2201 1884 2255 si
1912 2199 2125 2270 quidem
2153 2198 2387 2252 dixerint
2430 2198 2692 2268 planetas,
2722 2207 2779 2251 ut
2800 2206 3011 2260 vocant,
3049 2198 3380 2251 contrarium

1839 2293 2088 2346 universo
2116 2304 2333 2344 cursum
2365 2297 2568 2354 tenere,
2602 2303 2707 2341 non
2740 2288 3029 2351 falluntur;
3069 2288 3152 2342 sin
3186 2304 3383 2342 secun-

1836 2380 1965 2433 dum
1998 2388 2235 2446 tempora
2263 2393 2293 2431 a
2315 2376 2567 2431 Creatore
2595 2376 2831 2439 deﬁnita,
2865 2376 2916 2429 id
2943 2375 3025 2445 agi
3062 2385 3267 2444 putent,
3286 2391 3382 2444 pa-

1838 2468 1955 2521 lam
1990 2474 2074 2521 est
2104 2480 2197 2521 eos
2246 2481 2353 2519 non
2387 2478 2584 2534 negare
2629 2466 2869 2533 ipsorum
2914 2464 2982 2517 ab
3013 2464 3216 2517 oriente
3255 2478 3385 2532 pro-

1839 2573 2083 2629 gressum
2119 2557 2186 2612 ad
2220 2572 2436 2612 cursum
2469 2556 2591 2611 coeli
2624 2554 3036 2609 conﬁciendum.

1912 2823 2145 2880 Rursum
2169 2834 2350 2879 autem
2379 2822 2608 2894 caligine
2633 2822 2812 2877 obruti
2851 2836 2914 2876 ac
2944 2819 3115 2883 dubii,
3147 2820 3286 2888 quod
3320 2820 3386 2872 iis

1840 2918 2155 2989 contingere
2181 2917 2340 2983 solet,
2370 2917 2463 2985 qui
2498 2914 2776 2987 veritatem
2803 2913 3091 2981 refugiunt,
3110 2925 3230 2963 cum
3262 2909 3382 2962 nul-

1840 3006 1953 3062 lum
1988 3008 2189 3062 exitum
2224 3006 2513 3076 reperiant,
2540 3005 2720 3059 stellas
2741 3002 3191 3072 retrogressiones
3219 3014 3382 3068 quas-

1839 3097 1965 3153 dam
1994 3106 2050 3153 et
2086 3097 2347 3153 stationes
2378 3097 2554 3151 facere
2597 3094 2862 3149 dictitant.
2910 3092 3033 3158 Sed,
3063 3106 3097 3147 o
3122 3107 3284 3161 quam
3331 3093 3386 3146 iu

1766 3212 1815 3272 ο
1843 3186 2107 3241 nectendo
2136 3194 2192 3239 et
2220 3184 2473 3239 solvendo
2504 3182 2761 3253 ingeniosi
2797 3183 2958 3237 sunt!
3007 3181 3063 3234 Si
3096 3196 3161 3235 ex
3193 3192 3385 3234 natura

1844 3294 1944 3335 sua
1991 3289 2197 3333 motum
2250 3278 2468 3338 habent,
2507 3273 2649 3329 unde
2693 3273 2891 3330 statio?
2928 3271 3043 3327 Non
3087 3273 3229 3327 enim
3282 3273 3387 3327 illis

1844 3371 2174 3426 contrarium
2205 3378 2285 3425 est
2318 3368 2458 3438 quod
2490 3377 2693 3421 natura:
2725 3382 2835 3421 sua
2866 3367 3227 3436 coniungitur.
3255 3364 3388 3430 Quae

1844 3470 2021 3516 autem
2050 3462 2132 3515 vis
2184 3469 2237 3515 et
2284 3460 2576 3515 necessitas
2626 3458 2744 3513 illas
2797 3457 2862 3510 ad
2911 3456 3013 3511 sibi
3060 3455 3385 3509 contrarium

1844 3565 2049 3608 motum
2080 3553 2283 3623 adigit?
2315 3551 2423 3605 Nec
2452 3552 2583 3605 mibi
2615 3550 2879 3620 quispiam
2909 3546 3187 3602 oculorum
3236 3545 3389 3599 falla-

1844 3643 1981 3696 ciam
2013 3654 2135 3695 esse
2162 3640 2368 3711 jactitet
2401 3659 2412 3692 :
2448 3654 2619 3709 neque
2666 3638 2809 3693 enim
2841 3636 3090 3705 exiguum
3137 3644 3221 3690 est
3260 3651 3406 3705 spao.‘

1845 3732 1978 3785 tium
2017 3730 2161 3800 quod
2197 3740 2547 3800 percurrunt;
2601 3728 2861 3797 siquidem
2890 3743 2953 3781 ex
2992 3727 3235 3795 sequenti
3283 3724 3388 3779 Zo-

1844 3822 1982 3877 diaci
2016 3822 2170 3891 signo
2206 3821 2259 3875 in
2286 3820 2590 3888 pracedens
2619 3820 2932 3889 plerumque
2970 3819 3238 3872 translatae
3269 3832 3387 3870 cer-

1845 3920 2063 3964 nuntur.
2096 3908 2232 3976 Quid
2264 3924 2389 3962 vero
2410 3908 2556 3962 dictu
2585 3922 2719 3977 opus
2755 3916 2855 3972 est,
2887 3922 3009 3961 cum
3042 3915 3098 3960 et
3132 3905 3230 3974 ipsi
3257 3904 3384 3957 dum

1844 4004 1911 4057 ad
1939 4012 2207 4058 astrorum
2237 4000 2575 4071 Operationes
2620 4006 2920 4062 transeunt,
2953 3997 3043 4051 ubi
3092 3996 3146 4048 in
3195 4008 3386 4063 supre-

1846 4111 1989 4149 mam
2041 4094 2427 4150 absurditatem
2479 4091 2799 4161 impingunt,
2831 4102 2939 4141 non
2990 4085 3295 4155 intelligunt
3327 4103 3389 4141 se

1844 4206 2060 4262 quoque
2083 4188 2340 4244 stationes
2369 4193 2424 4241 et
2450 4181 2896 4253 retrogressiones
2912 4178 3113 4243 Tacere,
3142 4166 3388 4234 hebetes-

1846 4297 1951 4351 que
1991 4281 2191 4351 pariter
2219 4277 2291 4331 ae'
2315 4275 2587 4345 improbos
2631 4272 2789 4328 esse?
2840 4269 3058 4325 Stellam
3105 4285 3231 4325 vero
3267 4286 3388 4339 quae

1846 4372 1997 4441 prius
2020 4370 2072 4422 in
2085 4368 2283 4430 Ariete,
2302 4379 2444 4419 nunc
2460 4364 2513 4417 in
2536 4362 2780 4418 Piscibus
2805 4361 3033 4425 videtur,
3051 4375 3154 4414 non
3178 4362 3230 4414 in
3254 4360 3386 4441 Mar-

1849 4440 1935 4521 tis,
1960 4443 2117 4523 119
2144 4452 2235 4507 sed
2271 4452 2323 4504 in
2352 4449 2502 4505 lovis
2531 4449 2691 4503 domo
2716 4448 2911 4502 dixerit
2930 4448 3192 4518 quispiam
3216 4440 3335 4501 esse
3366 4466 3383 4499 :

225 4536 309 4589 τοῦ
326 4537 400 4607 τῷ
431 4538 600 4610 Κριῷ,
622 4537 737 4592 ἀλλ’
765 4540 895 4601 ὅσας
920 4541 1066 4609 αύτῷ
1087 4542 1397 4610 χαρίζονται
1420 4541 1743 4612 διατρέχοντι

1850 4559 1954 4599 non
2006 4542 2173 4612 quod,
2219 4550 2279 4596 ut
2326 4541 2426 4610 ipsi
2468 4540 2681 4595 elfutire
2727 4541 2919 4602 solent,
2968 4540 3079 4607 ipsa
3132 4536 3283 4591 stella
3326 4536 3384 4590 in

225 4628 338 4689 ωἰις
370 4627 590 4698 Ἰχθύας.
622 4630 748 4683 Εἰδ⁹
776 4629 834 4681 ού
870 4629 1231 4700 συνᾴδουσιτῇ
1266 4632 1561 4703 φαινομένῃ
1608 4630 1746 4683 κατὰ

226 4719 279 4771 τὺ
306 4719 529 4791 ἔμπαλιν
554 4722 851 4793 ἁναδρομῇ,
891 4721 1053 4773 πόθεν
1077 4716 1169 4773 οὖν
1200 4722 1233 4790 ἢ
1263 4722 1406 4789 τίνος
1431 4724 1616 4775 ἕνεκεν
1653 4722 1746 4774 αύ-

223 4811 324 4873 τοῖς
345 4812 381 4882 ἡ
422 4812 506 4864 ἐπ’
543 4814 825 4883 ἀμφότερα
851 4811 1069 4883 πορείας
1100 4812 1251 4881 Τάχα
1283 4810 1338 4863 δὲ
1367 4811 1529 4865 πάλιν
1576 4812 1745 4864 αἰτιάο

228 4913 391 4953 mut
426 4902 613 4956 τούτου
653 4904 778 4966 τοὺς
806 4903 903 4972 οὐχ
937 4896 1239 4972 ὁρωμένους
1267 4901 1585 4963 ὲπικύκλους
1605 4918 1620 4934 ο
1653 4896 1745 4963 οὓς

226 4986 485 5061 hiva
524 4994 707 5057 αὐτοῖς
742 4994 1004 5064 ὀχήματα,
1045 4992 1143 5064 Δκει).
1181 4992 1271 5045 ἐπὶ
1310 4994 1511 5044 τούτων
1552 4993 1747 5054 αὐτοὺς

226 5060 463 5150 φέρεσθαι
484 5060 932 5154 διισχυριζόμενοι
955 5099 969 5113 ⁸
1001 5060 1112 5135 ἀλλ’
1140 5083 1288 5136 οὐδὲν
1308 5083 1457 5135 ἔσται
1486 5085 1741 5153 περισσὸν
1814 5084 1817 5087 ’

226 5161 362 5232 ἂγε
403 5168 593 5221 τούτου
634 5170 729 5222 τοῦ
759 5172 1175 5242 μηχανήματος·
1222 5171 1589 5242 ἀπαιτήσομεν
1639 5172 1743 5239 γὰρ

228 5255 435 5323 αὐτοὺς.»
460 5259 529 5313 δι’
555 5260 623 5330 ἢν
658 5262 833 5316 αἰτίαν
873 5264 1154 5333 ὀχημάτων
1189 5263 1402 5332 ἐδέησεν
1432 5265 1640 5327 αὐτοῖς·
1671 5266 1744 5325 ὼς

228 5345 621 5419 οὖδυναμένους
649 5347 759 5423 ἄρα
783 5355 1069 5419 κινεῖσθαι;
1096 5355 1188 5408 καὶ
1216 5355 1331 5418 πῶς
1370 5358 1743 5426 ἐψυχωμένους

227 5435 405 5500 αὐτοὺς
434 5438 499 5493 ἂν
529 5441 754 5507 simus,
784 5437 876 5497 καὶ
902 5444 1191 5513 θειοτέραις
1211 5446 1405 5517 ψυχαῖς
1429 5466 1444 5513 ;
1488 5449 1625 5501 Ἀλλ’
1670 5448 1746 5510 ὡς

227 5517 574 5595 Mil-hau“
603 5536 997 5602 καταγέλαστον
1028 5530 1175 5605 οἶμαί
1208 5554 1269 5604 γε
1294 5541 1385 5592 καὶ
1421 5540 1481 5592 τὸ
1527 5542 1739 5596 ἐννοεῖν.

229 5607 364 5711 φατί
382 5617 495 5711 δὲᾼή
528 5622 722 5695 σελήνη
740 5629 837 5680 καὶ
863 5628 891 5680 ό
914 5628 1060 5697 ἥλιος
1078 5629 1379 5682 ἐπικύκλων
1402 5632 1500 5683 οὐκ
1524 5631 1704 5699 ἔτυχον
1727 5648 1739 5691 ;

436 5709 575 5776 ἄξιοι
614 5714 699 5768 διὰ
732 5716 827 5786 τὴν
870 5718 1092 5786 ὕφεσινς
1144 5716 1275 5770 Ἀλλ’
1306 5722 1365 5772 οὺ
1408 5722 1679 5789 νηφόντων
1715 5725 1741 5771 ὁ

228 5784 365 5857 λάτος
393 5812 407 5827 ⁸
445 5800 582 5857 ἀλλὰ
617 5784 801 5862 σπάνει
843 5784 939 5881 τῆς
989 5810 1289 5880 ἐπιτηδείας
1331 5784 1587 5881 ὕλης-οὐκ
1616 5813 1735 5893 ἠδέ-

1816 4688 1819 4689 ν
1844 4636 2021 4690 Ariete
2048 4635 2137 4693 sit.
2167 4635 2259 4689 sed
2282 4632 2443 4703 quod,
2469 4642 2525 4686 ut
2544 4632 2640 4701 ipsi
2669 4630 3185 4694 concedunt,Pisccs
3209 4637 3385 4681 trans-

1845 4735 2046 4783 currat.
2094 4726 2246 4793 Quod
2273 4727 2317 4781 si
2352 4725 2426 4779 illi
2454 4740 2573 4794 quae
2598 4732 2817 4793 apparet
2842 4716 3243 4788 retrogressioni
3276 4732 3387 4771 non

1844 4820 2243 4883 assentiamur;
2272 4816 2413 4872 unde
2440 4831 2568 4883 ergo
2596 4826 2649 4870 et
2674 4830 2770 4868 cur
2791 4812 2880 4865 illa
2910 4809 2976 4863 ad
3007 4818 3233 4876 utraque
3264 4822 3386 4874 prn-

1844 4911 2089 4979 gressio?
2135 4911 2382 4966 Fortasse
2421 4924 2546 4963 vero
2573 4907 2764 4962 dicturi
2799 4912 2944 4966 sunt,
2976 4902 3029 4954 in
3076 4915 3235 4954 causa
3267 4916 3387 4955 esse

1844 5003 2108 5073 epicyelos
2146 5002 2239 5072 qui
2272 5002 2372 5057 sub
2410 5010 2680 5069 aspectum
2723 5008 2826 5047 non
2872 4992 3102 5055 cadunt;
3142 5007 3389 5061 quosque

1846 5094 1945 5161 ipsi
1976 5093 2203 5146 vehiculi
2239 5093 2408 5145 instar
2437 5086 2719 5143 commenti
2767 5092 2913 5147 sunt,
2947 5084 3127 5137 stellas
3170 5084 3222 5136 in
3254 5084 3387 5151 ipsis

1843 5184 2036 5237 deferri
2057 5189 2444 5237 asseverantes.
2468 5176 2659 5230 Verum
2684 5189 2805 5227 cum
2829 5174 2927 5227 hoc
2953 5173 3390 5226 machinamento

1844 5270 1975 5323 nihil
2007 5270 2125 5338 plus
2156 5270 2387 5321 referent
2433 5283 2445 5315 :
2493 5278 2614 5315 nam
2665 5261 2809 5329 ipsos
2842 5259 3145 5328 rogabimus
3176 5270 3280 5322 qua
3319 5254 3383 5307 de

1843 5377 2003 5415 causa
2040 5362 2241 5413 vehicui
2308 5371 2436 5424 opus
2466 5354 2696 5407 habeant
2732 5372 2743 5406 :
2777 5366 2841 5403 an
2875 5350 3018 5419 quod
3044 5343 3379 5412 moverinon

1842 5454 2078 5521 possint?
2117 5462 2169 5502 at
2220 5464 2315 5502 cur
2366 5448 2507 5513 ipsos
2549 5444 2834 5503 animatos,
2879 5441 2986 5493 imo
3031 5432 3381 5490 divinioribus

1843 5546 2124 5597 animabus
2175 5543 2465 5593 instructos
2502 5534 2723 5589 dicatis?
2773 5535 2850 5585 An
2901 5531 2999 5584 etsi
3038 5523 3275 5595 possint?
3324 5532 3383 5577 at

1844 5638 1968 5691 illud
1998 5637 2076 5688 vel
2105 5633 2342 5699 cogitare
2375 5628 2655 5682 ridiculum
2684 5641 2802 5680 esse
2838 5620 3084 5676 arbitror.
3124 5618 3233 5671 Cur
3280 5632 3380 5669 au-

1844 5745 1945 5786 tem
1978 5730 2056 5783 sol
2084 5735 2135 5778 et
2162 5725 2286 5777 luna
2322 5722 2584 5792 epicyclos
2616 5736 2722 5773 non
2758 5714 2894 5769 nacti
2937 5712 3093 5763 sunt?
3126 5711 3204 5762 An
3235 5710 3377 5777 quod

1848 5825 1915 5873 ob
1952 5818 2199 5871 vilitatem
2241 5814 2305 5865 iis
2363 5812 2501 5879 digni
2549 5827 2649 5864 non
2685 5806 2822 5865 sint?
2877 5801 3065 5853 Verum
3114 5800 3161 5851 id
3201 5801 3377 5853 dicere
