4012 6336
550 454 615 515 67
1688 447 1946 509 COSMJ‘E
1983 446 2058 505 IN
2067 442 2591 504 DICOPLEUSTIE
3657 429 3734 492 63

528 578 640 630 quo
689 562 789 630 ipsi
825 569 1062 614 utuntur.
1094 558 1264 614 llomo
1297 559 1495 629 quippe
1517 572 1621 612 non
1654 559 1814 610 modo
1838 556 2074 614 inflatus,

2201 550 2361 619 bar-:59
2379 550 2471 602 καὶ
2490 547 2882 616 παραδείγματι
2904 541 3139 614 χρῶνται
3156 537 3236 608 τῷ
3260 535 3399 590 κατὰ
3417 534 3508 588 τὸν
3523 533 3737 630 ἄνθρω-

530 655 743 706 meillat
763 663 816 706 ct
839 653 1050 714 tremit,
1073 653 1164 706 sed
1210 653 1372 705 etiam
1404 653 1592 706 timore
1619 661 1921 720 correptus,
1955 648 2080 700 vino

2201 659 2296 693 :ov.
2344 643 2402 692 '0
2439 642 2543 708 γάρ
2569 655 2650 692 τοι
2674 637 2952 707 ἄνθρωπος
2979 635 3040 687 οὑ
3071 633 3227 702 μόνον
3244 626 3741 720 ὲμπνέυματούμε-

529 755 736 812 captus,
780 756 870 798 aut
928 743 1235 814 frigorc,ex
1269 745 1548 812 sanguinis
1601 744 1725 797 item
1780 744 1986 797 fervore
2031 748 2084 792 et

2201 750 2266 794 νος
2298 732 2575 784 σαλεύεται
2606 731 2698 781 καὶ
2738 728 2949 799 τρέμει,
2996 725 3131 778 ἀλλά
3173 723 3267 810 κμὶ
3322 721 3469 790 φόϐῳ
3511 717 3744 788 ληφθεὶς

531 837 829 899 iracundia,
856 851 922 889 cx
944 844 1218 890 senectute
1250 845 1303 889 et
1336 836 1696 889 imbecillitate
1721 851 1873 888 :cum
1904 843 2081 886 autem

2201 825 2386 893 τρέμει,
2427 824 2518 873 καὶ
2569 821 2704 890 μέθη
2735 821 2876 873 οίνου
2925 818 3018 871 καὶ
3054 809 3215 898 ψύχει
3264 813 3602 880 πιεζόμενος,
3646 809 3746 862 καὶ

530 928 747 981 inﬂatus
773 928 973 991 tremit,
1003 938 1114 980 tum
1135 943 1262 980 sane
1309 927 1619 996 plerumque
1643 926 1694 980 in
1715 925 2081 995 aegritudinem

2201 916 2368 984 ιῑματι
2424 913 2698 991 ὑπερζέων
2747 913 2840 964 καὶ
2892 908 3249 980 θυμούμενος,
3300 905 3391 958 καὶ
3418 903 3526 956 ἀπὸ
3555 902 3746 971 γήρως

533 1021 680 1071 radit
715 1029 769 1071 et
813 1020 1061 1073 moritur.
1096 1018 1197 1084 Qui
1240 1033 1368 1087 ergo
1399 1030 1537 1072 terra
1562 1060 1576 1082 ,
1617 1034 1737 1086 qua:
1791 1017 2082 1072 secundum

529 1109 648 1162 illos
691 1109 870 1162 inﬂata
903 1119 1007 1172 est,
1044 1125 1148 1162 non
1179 1110 1393 1171 decidit,
1454 1124 1553 1162 nec
1590 1110 1863 1177 proprium
1890 1109 2085 1160 amittit

529 1202 703 1251 locum
726 1200 748 1251 ’ί
769 1200 879 1252 Cur
907 1209 1104 1253 terram
1137 1198 1348 1268 A‘Zgypti
1387 1199 1506 1252 ideo
1566 1208 1720 1252 terra!
1767 1199 1998 1251 motibus
2024 1197 2086 1249 li-

529 1289 709 1342 beram
753 1291 957 1352 dicunt,
979 1290 1119 1358 quod
1158 1291 1330 1343 mollis
1353 1292 1440 1351 sit,
1472 1301 1522 1342 et
1545 1289 1679 1342 sulci
1707 1289 1824 1354 ejus
1855 1287 2086 1356 transpi-

529 1389 666 1442 rent,
692 1379 916 1447 indeque
937 1395 1055 1433 esse
1084 1382 1221 1446 quod
1244 1395 1466 1448 magnos
1487 1395 1775 1434 succussus
1793 1377 1900 1431 non'
1923 1380 2088 1446 patia-

531 1477 617 1518 tur
649 1485 661 1519 :
699 1469 909 1520 etiamsi
937 1469 1248 1536 plerumque
1293 1478 1468 1519 motus
1513 1467 1565 1518 in
1612 1465 1841 1534 Egypto
1869 1465 2084 1529 fuerint,

537 1557 692 1624 queis
733 1557 896 1610 urbes
941 1567 1260 1612 corruerunt
1297 1567 1350 1611 ct
1387 1557 1504 1610 solo
1533 1567 1758 1626 aequatae
1799 1556 1960 1609 sunt?
1985 1554 2089 1610 Ne-

528 1663 633 1716 que
661 1646 710 1700 id
748 1657 976 1708 tantum,
1023 1648 1116 1702 sed
1162 1648 1332 1700 etiam
1370 1646 1680 1699 Graecorum
1713 1655 1954 1712 tempore
2007 1661 2092 1698 re-

529 1737 815 1805 gnantibus
841 1736 1173 1798 Alexandro,
1207 1737 1456 1797 Seleuco,
1491 1734 1758 1788 Antiocho
1813 1743 1866 1785 et
1903 1731 2093 1791 Ptole-V

531 1840 684 1890 meo,
719 1839 841 1878 cum
866 1825 900 1877 ii
934 1825 1277 1893 philosophos
1304 1824 1523 1887 multos,
1548 1823 1884 1878 Aristotelem
1902 1834 1957 1876 et
1986 1823 2087 1892 ipsi

2182 1009 2276 1060 xui
2306 1007 2412 1060 ἀπὸ
2443 1006 2740 1072 ἀδυναμίας
2761 1021 2775 1034 ·
2806 1004 2965 1070 ἡνίκα
2993 1003 3047 1054 δὲ
3071 1000 3166 1052 καὶ
3193 994 3745 1066 ὲμπνευματούμενος

2183 1099 2486 1163 σαλεύεται,
2513 1098 2757 1167 τελευτᾷ.
2809 1096 2929 1157 Πῶς
2973 1092 3064 1146 οὖν
3113 1091 3206 1144 καὶ
3242 1093 3276 1158 ἡ
3300 1090 3371 1158 γῆ
3399 1088 3518 1141 κατ’
3545 1085 3747 1148 αὐτοὺς

2183 1189 2725 1259 ὲμπνευματουμένη,
2758 1188 2816 1238 οὑ
2874 1184 3200 1239 καταπίπτει
3231 1183 3323 1234 καὶ
3362 1179 3623 1233 ἀπόλλυσι
3650 1177 3750 1230 τὸν

2185 1283 2313 1335 ἴδιον
2340 1281 2502 1334 τόπον
2526 1299 2541 1344 ;
2569 1279 2689 1341 Πῶς
2707 1279 2763 1331 δὲ
2787 1278 2878 1329 καὶ
2901 1278 2997 1346 τὴν
3018 1269 3120 1344 γῆν
3148 1277 3246 1343 τῆς
3268 1271 3542 1339 Αἰγύπτου
3563 1268 3751 1339 κρείτ-

2184 1391 2311 1426 τονα
2348 1371 2586 1442 σεισμῶν
2610 1372 2874 1438 λέγουσιν,
2904 1368 2976 1430 ὼς
3009 1367 3097 1419 διὰ
3131 1366 3190 1418 τὸ
3225 1364 3428 1434 χαύνην
3455 1358 3613 1426 εἶναι,
3645 1360 3748 1414 καὶ

2188 1466 2368 1518 πνέειν
2410 1465 2535 1524 τοὺς
2570 1462 2807 1534 αῦλγακας
2837 1460 3072 1520 ἐκείνους
3104 1457 3178 1527 μὴ
3217 1455 3447 1508 ποιοῦσα
3475 1453 3596 1522 (sic)
3620 1452 3752 1516 τοὺς

2159 1584 2164 1590 -
2193 1555 2458 1624 μεγάλους
2488 1543 2760 1622 σεισμοὺς,
2787 1551 2961 1604 καίτοι
2983 1549 3239 1609 πολλάκις
3262 1545 3499 1616 σεισμῶν
3531 1543 3757 1612 γενομέο

2187 1665 2293 1700 νων
2319 1649 2378 1699 ἐν
2402 1644 2660 1714 Αἰγύπτῳ
2684 1682 2698 1708 ,
2727 1643 2864 1697 ὥστε
2897 1643 3076 1704 πόλεις
3111 1641 3295 1692 πεσεῖν
3332 1639 3426 1691 καὶ
3455 1633 3754 1704 ὲδαφισθῆ-

2189 1755 2308 1791 ναι·
2339 1739 2396 1790 οὗ
2425 1737 2578 1808 μόνον
2601 1737 2658 1788 δὲ
2679 1735 2853 1795 τοῦτο,
2880 1733 3016 1787 ἀλλὰ
3036 1731 3131 1786 καὶ
3157 1731 3248 1784 ἐπὶ
3271 1730 3378 1783 τῶν
3406 1728 3611 1800 καιρῶν
3641 1725 3756 1778 τῶν

2201 1829 2485 1898 Ἑλλήνων,
2518 1829 2681 1898 ἡνίκα
2732 1828 3100 1895 κατεκράτουν
3143 1824 3238 1876 καὶ
3288 1821 3620 1880 ἐϐασίλευον,
3655 1819 3756 1869 ἐπὶ

531 1915 737 1966 similes
787 1915 1149 1976 consulerent,
1188 1923 1241 1967 ct
1279 1911 1509 1966 consilio
1556 1926 1743 1965 eorum
1796 1912 1850 1965 in
1905 1912 2084 1967 multis

2201 1895 2567 1989 Ἀλεξάνδρου,
2597 1919 2690 1972 καὶ
2723 1909 3004 1978 Σελεύκου,
3031 1917 3124 1968 καὶ
3163 1913 3456 1982 Ἀντιόχου,
3492 1912 3584 1965 καὶ
3607 1910 3756 1962 Πτο-

537 2013 845 2069 uterentur;
884 2020 983 2058 cur
1015 2005 1070 2068 ii,
1107 2007 1232 2058 dum
1263 2003 1541 2057 Antiochia
1579 2018 1608 2055 a
1649 2002 1874 2058 Seleuco
1903 2016 1956 2057 et
1985 2006 2092 2058 An-

536 2099 721 2152 tiocho
760 2096 1099 2159 fundaretur,
1140 2097 1376 2150 indicare
1424 2111 1528 2149 non
1579 2105 1870 2165 potuerunt
1896 2105 2092 2150 terram

533 2192 676 2243 illam
715 2205 820 2242 non
869 2189 1104 2242 motibus
1155 2188 1413 2251 liberam,
1459 2188 1568 2241 imo
1623 2188 1755 2256 ipsis
1803 2170 2094 2243 obnoxiam

533 2282 700 2335 esse?
748 2281 901 2350 122
947 2290 1005 2334 ut
1037 2295 1135 2334 nos
1181 2279 1411 2333 vidimus
1445 2280 1736 2348 collapsam
1777 2295 1936 2349 saepe,
1992 2298 2096 2337 non

533 2373 693 2426 modo
709 2374 1074 2433 Antiochiam,
1110 2372 1200 2427 sed
1233 2372 1394 2424 etiam
1427 2369 1771 2438 Corinthum,
1803 2375 1890 2428 cui
1925 2375 2098 2430 vicina

531 2474 648 2518 erat
665 2465 1100 2533 philosophorum
1124 2463 1290 2518 natio.

533 2556 702 2625 αὐτὴν
728 2555 982 2617 πολλάκις
1040 2553 1308 2607 πεσοῦσαν
1340 2553 1446 2607 ἀπὸ
1510 2555 1749 2624 σεισμῶν
1771 2573 1784 2586 ·
1815 2559 1877 2611 οὑ
1913 2563 2071 2632 μόνον
2095 2567 2152 2621 δὲ

536 2645 837 2717 φιλοσόφων
860 2645 1098 2713 ἐγειτνία

606 2736 663 2789 Si
711 2750 838 2789 vero
887 2735 1048 2787 aliam
1102 2749 1287 2788 eorum
1340 2733 1645 2804 Opinionem
1698 2740 2094 2810 examinemns,

535 2844 641 2897 qua
671 2830 858 2882 dicunt
892 2833 947 2879 et
968 2825 1231 2894 exemplis
1275 2827 1507 2895 probare
1554 2827 1822 2896 nituntur,
1853 2833 2095 2902 pluviam

535 2937 604 2975 ex
629 2920 948 2974 bnmiditate
967 2927 1099 2973 testu
1134 2920 1186 2972 in
1241 2934 1466 2987 vapores
1503 2921 1739 2975 resoluta
1767 2925 2093 2993 procedere;

538 3014 817 3082 quoniam,
853 3012 1119 3078 inquiunt,
1143 3021 1200 3063 ut
1224 3010 1473 3065 balneum
1498 3027 1562 3065 ex
1599 3015 1776 3069 calore
1802 3016 1853 3069 in
1873 3033 2097 3087 vapores

538 3107 764 3161 solvitur
789 3116 841 3158 et
860 3114 1038 3176 guttas
1065 3107 1348 3174 exprimit,
1376 3116 1429 3159 et
1459 3108 1599 3160 sicut
1620 3123 1940 3166 cucumeres
1964 3112 2096 3166 sub-

536 3198 679 3268 jecta
701 3208 891 3266 stuppa
939 3206 992 3251 et
1025 3197 1145 3266 igne
1183 3213 1409 3267 vapores
1436 3207 1490 3251 et
1531 3200 1901 3256 liuniiditatein
1941 3204 2102 3258 cmit-

543 3299 682 3353 tnnt,
735 3290 814 3342 sic
844 3288 1208 3341 lmmiditatem
1261 3291 1342 3341 sol
1375 3291 1428 3340 in
1485 3305 1712 3358 vapores
1760 3293 2001 3357 resolvit,
2039 3309 2104 3349 ac

545 3396 646 3435 suo
679 3391 914 3449 tempore
941 3380 1142 3432 stillare
1169 3378 1315 3438 facit,
1339 3379 1477 3432 unde
1500 3380 1558 3432 fit
1583 3375 1795 3449 pluvia';
1825 3399 1955 3438 sane
1989 3385 2095 3437 tui-

545 3473 790 3525 rabimur
819 3478 1019 3523 tantam
1043 3470 1363 3538 sapientiam
1396 3487 1459 3524 ex
1489 3473 1730 3525 veritatis
1759 3475 1942 3542 specie
1963 3474 2103 3528 mul-

548 3571 634 3617 tos
662 3563 1035 3630 decipienteni.
1069 3559 1199 3614 Nam
1221 3561 1264 3615 si
1287 3561 1537 3616 balneum
1557 3563 1789 3616 calorem
1819 3579 1923 3618 non
1948 3563 2105 3619 desu-

548 3667 662 3721 per,
693 3653 784 3704 sed
828 3654 1078 3705 deorsum
1111 3652 1324 3720 accipit,
1355 3667 1452 3706 cur
1496 3652 1548 3704 in
1593 3659 1819 3720 vapores
1848 3654 2099 3719 solvitur,

551 3743 660 3797 imo
722 3758 828 3795 non
882 3742 1058 3810 potius
1106 3741 1346 3808 repellit?
1400 3739 1658 3794 Similiter
1694 3741 1746 3793 in
1770 3756 1918 3796 teneo
1957 3758 2100 3807 vase,

549 3837 840 3906 quodnon
894 3848 1157 3902 superne,
1199 3833 1290 3885 sed
1344 3832 1534 3885 subtus
1580 3833 1811 3886 calorem
1869 3834 2100 3905 accipit:

552 3937 782 3996 utraque
820 3926 1001 3978 isthurc
1026 3925 1079 3977 in
1123 3939 1373 3992 vaporem
1405 3936 1717 3994 erumpunt,
1747 3936 1798 3979 et
1825 3941 1888 3978 ex
1923 3941 2102 3994 reper-

551 4019 805 4072 cussione
834 4017 958 4069 liinc
977 4031 1039 4068 ex
1073 4025 1231 4076 tecto,
1291 4016 1490 4070 istliinc
1537 4032 1601 4070 ex
1649 4019 1925 4093 operculo,
1949 4019 2105 4072 stillae

553 4109 810 4172 deﬂuunt;
843 4100 1192 4176 similiterque
1237 4107 1289 4159 in
1324 4123 1611 4160 cucumere
1632 4108 1859 4174 accidit;
1884 4110 1974 4177 qui
2000 4110 2104 4164 nisi

555 4219 650 4271 per
673 4203 847 4270 ipsum
881 4215 1178 4268 organum,
1228 4199 1379 4266 quod
1433 4209 1638 4252 natum
1682 4200 1790 4252 vim
1839 4200 2000 4254 infert
2052 4210 2106 4254 et

555 4293 740 4357 trahit,
791 4305 1126 4359 nequaquam
1168 4291 1534 4342 linmiditatcm
1589 4291 1844 4354 traheret,
1895 4293 2104 4346 etiamsi

555 4385 854 4438 sexcenties
901 4391 1088 4450 stuppa
1127 4391 1181 4434 et
1205 4381 1340 4450 ignis
1380 4380 1792 4459 conjicerentur.
1836 4382 1926 4435 Sic
1954 4393 2007 4436 et
2035 4384 2104 4437 li-

2191 2013 2455 2083 λεμαίου,
2477 2011 2572 2063 καὶ
2607 2009 2924 2079 φιλοσόφους
2959 1998 3155 2072 ἀνδρας
3188 2007 3474 2075 ἐπήγοντο,
3512 2003 3757 2072 Ἀριστο·

2195 2105 2320 2174 τέλη
2356 2120 2414 2154 τε
2460 2103 2554 2156 καὶ
2592 2103 2716 2164 τοὺς
2745 2100 2978 2171 ὁμοίους,
3009 2100 3102 2150 καὶ
3131 2095 3293 2166 βουλῇ
3337 2093 3516 2147 αὑτῶν
3538 2092 3761 2146 ἐποίουν

2197 2196 2266 2248 τὰ
2297 2195 2498 2257 πολλάς
2533 2193 2656 2255 Πῶς
2707 2191 3026 2261 κτιζομένης
3073 2181 3401 2256 Ἄντίοχείας
3435 2185 3538 2237 ὑπὸ
3563 2183 3759 2237 Σελεύ-

2201 2306 2297 2342 κου
2332 2289 2424 2341 καὶ
2467 2288 2756 2356 Ἀντιόχου,
2777 2286 2877 2336 οὐκ
2909 2284 3153 2351 ἐγένοντο
3187 2279 3402 2334 δυνατοὶ
3430 2279 3600 2332 εἰπεῖν
3627 2277 3763 2345 περὶ

2203 2382 2299 2449 τῆς
2322 2381 2421 2449 γῆς
2441 2379 2548 2431 τῶν
2578 2377 2760 2430 αὐτόθι
2794 2376 2872 2428 ὅτι
2909 2375 3006 2428 οὑκ
3035 2373 3149 2425 ἐστι
3191 2372 3454 2442 κρείττων
3496 2367 3760 2436 σεισμῶν,

2210 2473 2344 2525 ἀλλά
2381 2470 2580 2542 μᾶλλον
2617 2469 2712 2522 καὶ
2744 2466 2906 2536 φίλη;
2934 2465 3140 2535 Ὥσπερ
3184 2459 3275 2515 οὖν
3305 2462 3396 2516 καὶ
3434 2461 3763 2532 ἑωράκαμεν

2201 2562 2548 2631 Ἀντιόχειαν,
2596 2559 2733 2614 ἀλλά
2777 2560 2881 2612 καὶ
2920 2555 3181 2626 Κόρινθον
3229 2554 3357 2606 ἔνθα
3400 2555 3430 2606 ό
3451 2553 3621 2623 δῆμος
3647 2552 3764 2605 τῶν

2270 2748 2335 2800 Ei
2364 2747 2424 2800 δὲ
2455 2746 2551 2800 καὶ
2573 2745 2671 2815 τὴν
2693 2745 2884 2814 ἑτέραν
2904 2741 3080 2795 αὐτῶν
3105 2741 3262 2804 δόξαν
3285 2754 3371 2799 τις
3395 2738 3659 2797 θεάσαιτο.
3685 2738 3764 2806 ὥς

2199 2854 2331 2906 φασι
2360 2838 2451 2892 τὸν
2479 2837 2633 2891 ὑετὸν
2659 2837 2764 2890 ἀπὸ
2801 2836 2900 2906 τῆς
2941 2833 3236 2904 ὑγρότητος
3286 2831 3385 2902 τῆς
3408 2830 3765 2901 ἀνιμωμένης

2199 2931 2302 2984 ὑπὸ
2328 2931 2427 3002 τῆς
2455 2931 2788 3001 θερμότητος
2807 2926 3199 2989 ἀποτελεῖσθαι,
3229 2925 3324 2977 καὶ
3345 2922 3764 2995 παραδείγμασι

2199 3023 2408 3075 πείθειν
2434 3021 2826 3091 ἐπιχειροῦσιν,
2860 3019 2942 3072 ὅτι
2975 3017 3180 3089 ὥσπερ,
3205 3015 3361 3086 φησὶ,
3388 3015 3450 3068 τὺ
3483 3014 3766 3085 βαλανεῖον

2201 3115 2264 3167 ὲκ
2285 3117 2384 3182 τῆς
2413 3114 2744 3184 θερμότητος
2771 3113 3030 3182 ἀνιμᾶται
3055 3111 3117 3162 τὸ
3143 3109 3308 3178 ὑγρδν
3327 3109 3422 3162 καὶ
3439 3108 3759 3171 ἀποστάζει’

2202 3207 2296 3260 καὶ
2323 3205 2510 3276 ῶσπερ
2534 3208 2566 3275 ἡ
2594 3204 2755 3257 σικύα
2782 3203 2868 3256 διὰ
2892 3202 2986 3256 τοῦ
3016 3202 3298 3255 στυπτείου
3328 3201 3424 3253 καὶ
3470 3201 3638 3269 πυρὸς
3668 3201 3768 3254 ἀν-

2204 3300 2399 3366 ιμᾶται
2430 3297 2491 3349 τὸ
2538 3298 2701 3367 ὑγρόν
2721 3311 2732 3324 ·
2777 3295 2918 3347 οὑτω
2961 3294 3053 3347 καὶ
3085 3293 3147 3345 τὸ
3175 3292 3340 3363 ὑγρὸν
3371 3289 3710 3361 ἀνιμὼμενος
3733 3293 3767 3346 6

2200 3390 2376 3458 ἥλιος,
2405 3390 2464 3440 ὲν
2488 3387 2664 3456 καιρῷ
2697 3384 2986 3447 ἀποστάζει
3024 3383 3175 3445 αὑτὸ,
3214 3382 3337 3436 ὃθεν
3373 3383 3580 3450 γίνεται
3610 3385 3639 3437 ό
3667 3383 3765 3437 ὑε-

2200 3481 2311 3542 τός.
2353 3479 2660 3548 Θαυμάσειε
2687 3478 2732 3529 δ’
2755 3486 2820 3530 αν
2843 3492 2927 3539 τις
2946 3475 3124 3530 αὑτῶν
3153 3475 3249 3544 τὴν
3279 3473 3545 3546 τοσαύτην
3569 3473 3766 3544 σοφίαν

2199 3573 2298 3642 τὴν
2342 3575 2408 3642 τῇ
2445 3571 2755 3640 πιθανότητι
2805 3569 3099 3622 ἀπατῶσαν
3125 3569 3250 3630 τοὺς
3272 3566 3520 3628 πολλούς.
3559 3567 3621 3620 El
3643 3567 3757 3639 γὰρ

2199 3663 2260 3715 τὸ
2303 3662 2579 3732 βαλανεῖον
2617 3662 2713 3731 τὴν
2743 3660 3048 3730 θερμότητα
3089 3659 3190 3712 οὑκ
3214 3657 3440 3722 ἄνωθεν,
3489 3658 3626 3721 ἀλλά
3653 3660 3763 3713 κά-

2201 3755 2368 3806 τωθεν
2414 3754 2543 3822 ἔχει,
2590 3753 2707 3814 πῶς
2754 3735 3032 3819 ἀνιμᾶται,
3073 3751 3194 3818 οὐχὶ
3239 3749 3298 3801 δὲ
3335 3739 3535 3818 μᾶλλον
3587 3750 3760 3818 ὠθεῖς

2213 3846 2443 3914 Ὁμοίως
2475 3845 2566 3896 καὶ
2595 3844 2686 3894 ἐπὶ
2705 3839 2792 3893 τοῦ
2826 3841 3098 3910 χαλκείου,
3127 3841 3227 3892 οὐκ
3267 3839 3474 3895 ἀνωθεν
3519 3843 3632 3911 ἔχει
3657 3845 3764 3916 τὴν

2203 3935 2506 4006 θερμότητα
2530 3974 2544 3996 ,
2578 3933 2710 3988 ἀλλά
2743 3932 3002 3996 κάτωθεν,
3052 3933 3156 3985 καὶ»
3182 3932 3467 4003 ἀμφότερα
3515 3935 3620 3987 ὑπὸ
3655 3937 3762 4004 τῆς

2204 4029 2532 4099 θερμότητος
2564 4013 2845 4090 ὠθοῦνται,
2879 4021 2973 4080 καὶ
3003 4030 3068 4098 τῇ
3109 4026 3430 4090 ἀνακλάσει,
3479 4027 3541 4080 τὸ
3568 4027 3666 4096 μὲν
3694 4031 3764 4084 ἐκ

2202 4123 2299 4191 τῆς
2321 4122 2516 4191 στέγης
2540 4121 2852 4183 ἀποστάζει,
2869 4119 2928 4171 τὸ
2947 4119 3003 4171 δὲ
3022 4120 3086 4171 ὲκ
3119 4118 3210 4171 τοῦ
3239 4108 3493 4187 πώματος
3509 4133 3526 4148 ⁶
3558 4119 3764 4188 ὁμοίως

2205 4214 2348 4283 καὶὴ
2377 4213 2558 4278 σικύα,
2583 4215 2630 4264 εί
2669 4212 2741 4281 μὴ
2767 4210 2833 4262 δι’
2864 4209 3026 4263 αὑτοῦ
3055 4209 3150 4262 τοῦ
3183 4209 3415 4279 ὀργάνου
3439 4208 3762 4280 βιαζομένου

2204 4305 2300 4375 τὴν
2329 4304 2489 4374 φύσιν
2517 4303 2612 4356 καὶ
2634 4303 2896 4366 ἕλκοντος,
2925 4302 3022 4354 οὑκ
3041 4300 3107 4354 ἀν
3126 4293 3304 4354 εἷλκεν
3342 4302 3635 4370 ὑγρότητα,
3659 4321 3765 4373 μυ-

2209 4398 2385 4464 ριάκις
2417 4398 2507 4446 ἐπὶ
2533 4395 2740 4465 μυρίων
2782 4392 2892 4464 πῦρ
2929 4391 3022 4445 καὶ
3068 4395 3353 4445 στυπτεῖον
3394 4379 3758 4463 ἐμϐαλόντων.

558 4489 721 4544 gnum
749 4472 1025 4525 humidum
1050 4471 1094 4524 si
1128 4471 1250 4539 quis
1295 4471 1349 4522 in
1382 4470 1556 4540 ignem
1586 4471 1865 4538 conjiciat,
1927 4486 2101 4540 usque

2217 4486 2372 4540 Ἀλλὰ
2400 4488 2493 4540 καὶ
2523 4489 2675 4554 ξύλον
2698 4486 2858 4556 ὑγρὸν
2900 4485 3042 4549 τινὸς
3055 4471 3384 4555 ’ἐμϐαλόντος
3399 4487 3766 4557 πυρὶμτοσοῦ-

556 4567 692 4620 adeo
741 4564 1030 4617 bumiditas
1078 4578 1108 4615 a
1153 4563 1331 4615 calore
1354 4563 1588 4629 pellitur,
1625 4570 1684 4615 ut
1714 4579 1780 4616 ex
1841 4563 1946 4617 alia
1979 4565 2101 4633 ligni

2211 4598 2301 4633 τον
2322 4581 2538 4634 ὠθεῖται
2571 4583 2604 4652 ἡ
2634 4580 2862 4652 ὑγρότης
2889 4581 2954 4633 ὲκ
2976 4581 3076 4652 τῆς
3105 4579 3454 4650 θερμότητος,
3478 4578 3555 4642 t'o;
3577 4572 3643 4639 ἐκ
3663 4582 3763 4636 τοῦ

444 4658 450 4662 ”
559 4669 712 4727 parte
759 4657 949 4710 humor
989 4663 1043 4707 et
1094 4653 1277 4708 fumus
1337 4655 1694 4708 emittantur:
1735 4663 1788 4707 ct
1817 4656 1861 4709 si
1902 4657 2025 4724 quis
2055 4656 2101 4709 in

2211 4673 2398 4742 ἑτέρου
2443 4649 2643 4745 μέρους
2673 4649 2849 4736 ξύλου,
2886 4672 2984 4743 τὴν
3316 4671 3412 4724 καὶ
3434 4671 3526 4723 τὸν
3555 4673 3764 4727 καπνὸν

561 4761 701 4804 terra
733 4750 907 4818 ignem
955 4747 1230 4811 acuendat,
1262 4746 1525 4814 lignorum
1551 4746 1922 4801 bumiditatem
1963 4748 2101 4804 fumo

2213 4767 2585 4822 ἐκϐάλλεσθαι,
2616 4768 2722 4819 Καὶ
2751 4766 2861 4837 πῦρ
2889 4783 2971 4828 τις
2992 4765 3202 4833 ἀνάψας
3225 4765 3305 4826 είς
3338 4763 3464 4833 γῆν,
3483 4764 3584 4836 τὴν
3602 4766 3766 4842 ὑγρό-

557 4840 733 4896 cﬂ'erri
764 4855 827 4893 ac
858 4852 1072 4902 sursum
1103 4837 1317 4892 tendere
1349 4838 1510 4900 videt,
1535 4853 1640 4890 non
1668 4855 1698 4891 a
1717 4841 1965 4906 supernis
1990 4857 2112 4909 par-

560 4937 704 4989 tibus
751 4933 806 4986 in
837 4947 1086 5000 vaporem
1126 4931 1435 4998 resolutam,
1482 4931 1576 4986 sed
1634 4933 1703 4985 ab
1752 4932 1891 5000 ignis
1931 4935 2114 4991 calore

561 5031 791 5099 pulsam.
824 5027 1128 5092 Quinetiam
1161 5041 1283 5080 cum
1331 5029 1452 5096 quis
1503 5036 1704 5082 vestem
1735 5012 1927 5093 abluit,
1957 5039 2011 5082 et
2045 5031 2110 5085 ad

561 5119 757 5175 terram
792 5119 1049 5186 extendit,
1079 5106 1359 5190 postquam
1386 5136 1447 5174 ea
1479 5136 1509 5175 a
1541 5123 1654 5174 sole
1680 5121 1954 5175 exsiccata
1997 5123 2113 5178 fue-

562 5215 654 5278 rit,
684 5212 901 5268 sublato
917 5212 1257 5276 vestimento,
1291 5213 1655 5266 bumiditatem
1689 5228 1718 5265 a
1739 5214 1918 5267 calore
1952 5217 2115 5271 emis-

565 5319 704 5364 sam,
733 5303 799 5357 ad
831 5301 1056 5356 formam
1077 5303 1245 5356 vestis
1272 5316 1584 5370 expressam
1619 5301 1670 5355 in
1700 5312 1842 5357 terra
1868 5306 2112 5372 reperiet.

568 5393 828 5447 Similiter
851 5392 896 5446 si
926 5393 1048 5460 quis
1078 5393 1130 5446 in
1159 5393 1364 5446 lancem
1393 5391 1628 5446 calidum
1665 5395 1952 5449 obsonium
1980 5410 2113 5449 con-

558 5483 731 5552 jiciat,
764 5497 831 5535 ex
859 5491 1088 5549 utraque
1127 5487 1282 5551 parte
1303 5480 1682 5536 bumiditalem
1712 5483 1882 5537 emitti
1910 5487 2119 5554 conspi-

563 5577 688 5638 ciet,
716 5588 930 5628 sursum
969 5572 1175 5626 scilicet
1198 5581 1253 5626 et
1284 5572 1560 5636 deorsum,
1618 5573 1746 5641 quia
1780 5575 1928 5628 calor
1954 5575 2118 5630 inter-

567 5666 775 5720 medius
801 5673 916 5720 est:
949 5679 1164 5718 sursum
1194 5663 1340 5718 enim
1387 5665 1766 5718 ascendentem
1805 5663 2030 5731 fumum,
2056 5683 2118 5723 ac

564 5755 815 5811 deorsum
846 5758 1042 5812 sudare
1070 5756 1296 5820 lancem,
1327 5772 1392 5811 ac
1414 5756 1466 5809 in
1487 5755 1628 5811 disci
1661 5756 1880 5811 sedibus
1923 5759 2114 5815 humo-

566 5863 682 5904 rem
721 5851 786 5904 ad
844 5851 963 5920 ejus
1019 5850 1243 5920 figuram
1289 5864 1628 5918 expressum,
1678 5850 1896 5906 videbit.
1939 5851 2116 5915 Quare

2209 4875 2344 4928 τητα
2371 4859 2467 4928 τὴν
2494 4861 2550 4910 ἐν
2582 4859 2695 4919 τοῖς
2730 4857 2922 4933 ξύλοις,
2946 4855 3032 4908 διά
3058 4854 3151 4908 τοῦ
3174 4855 3380 4908 καπνοῦ
3408 4856 3754 4929 ὲκπεμπομὲ·

2213 4968 2308 5020 νην
2329 4952 2420 5005 ἐπὶ
2446 4950 2655 5004 τάλάνω
2688 4949 2907 5018 θεωρεῖ·
2938 4948 3058 5017 οὑχὶ
3081 4946 3188 5000 ἀπὸ
3219 4945 3329 4999 τῶν
3349 4946 3464 5001 ἂνω
3483 4948 3785 5024 ἁνιμωμέ’,

2213 5059 2329 5112 νην,
2363 5043 2476 5116 ἀλλ’
2498 5041 2813 5110 ὠθουμένην
2838 5039 2943 5094 ἀπὸ
2967 5037 3066 5107 τῆς
3094 5036 3423 5108 θερμότητος
3451 5031 3546 5093 τοῦ
3566 5037 3762 5112 πυρόε.

2215 5134 2287 5185 Οὑ
2318 5134 2428 5204 μὴν
2446 5134 2584 5188 ἀλλά
2619 5132 2711 5185 καὶ
2755 5131 2963 5184 πλύνων
2999 5147 3082 5191 τις
3112 5129 3344 5198 ἱμάτιον,
3374 5130 3468 5182 καὶ
3494 5117 3765 5195 Αάπλώσας

2214 5226 2274 5293 ὲν
2305 5228 2369 5295 τῇ
2402 5229 2493 5297 γῇ,
2524 5223 2739 5280 ἐπειδὰν
2769 5221 3003 5295 ξηρανθῇ
3025 5221 3088 5274 ἐκ
3121 5220 3214 5274 τοῦ
3242 5221 3396 5291 ἡλίου
3415 5261 3431 5283 .
3702 5222 3765 5275 τὸ

2217 5317 2428 5388 ἱμάτιον
2446 5319 2546 5388 τὴν
2567 5317 2836 5387 ὑγρότητα
2865 5312 3269 5383 ὲκπεμφθεῖσαν
3299 5313 3406 5366 ὑπὸ
3435 5308 3537 5384 τῆς
3567 5313 3766 5384 θερμό-

2213 5427 2373 5481 τητος
2398 5413 2455 5464 ἐν
2478 5413 2544 5482 τῇ
2571 5412 2641 5480 γῇ
2675 5410 2893 5480 εὑρήσει
2923 5406 3260 5474 τυπωοεῖσαν
3299 5393 3453 5481 κατὰ⁵
3481 5394 3545 5460 τδ
3579 5407 3766 5477 σχῆμα

2216 5498 2308 5553 τοῦ
2352 5499 2585 5570 ἱματίου.
2630 5497 2861 5570 Ὁμοίως,
2904 5493 2996 5548 καὶ
3023 5497 3102 5557 είς
3135 5496 3384 5549 πινάκιόν
3404 5487 3493 5574 τις
3512 5494 3768 5564 ἐμϐαλὼν

2217 5581 2419 5662 θερμὸν
2437 5592 2585 5662 ὄψον,
2626 5589 2694 5642 δι’
2730 5586 2985 5658 ἑκατέρου
3022 5586 3444 5664 ὲκπεμπρμένην
3473 5583 3574 5653 τὴν
3598 5583 3764 5656 ὑγρό-

2217 5698 2352 5750 τητα
2396 5681 2658 5754 θεωρήσει
2703 5681 2907 5735 ἀνωθεν
2948 5679 3041 5731 καὶ
3089 5678 3368 5743 κάτωθεν,
3395 5668 3596 5750 Inibi;
3625 5677 3766 5747 μέση

2221 5775 2470 5844 τυγχάνει
2507 5777 2540 5843 ἡ
2591 5773 2854 5843 θερμότης
2883 5788 2897 5801 ο
2931 5771 3135 5824 ἀνωθεν
3183 5770 3292 5839 γάρ
3339 5768 3533 5840 θεωρεῖ
3563 5767 3770 5821 καπνὸν

2223 5864 2459 5929 ἀνιόντα,
2491 5864 2584 5917 καὶ
2626 5863 2866 5916 κάτωθεν
2893 5859 3138 5932 ξδροῦντα
3169 5859 3259 5912 τὴν
3297 5859 3517 5926 πίνακα,
3547 5858 3640 5912 καὶ
3671 5853 3770 5926 τὴν
