4048 6338
585 407 688 469 555

1834 345 2060 450 mum
2107 383 2554 445 CHRISTIANI
2668 362 2672 366 ’

3713 385 3821 447 556

586 524 797 564 namus.
847 505 1042 560 Malum
1084 504 1374 574 opponitur
1419 502 1609 558 bono:
1653 497 1914 568 quidquid
1968 502 2148 549 autem

2262 492 2384 544 αὐτὸ
2425 492 2508 554 εἰς
2548 490 2767 561 μείζονα
2811 491 3038 560 γέλωτα·
3093 492 3165 544 Τὸ
3211 495 3378 546 κσκῖν
3407 493 3705 546 ἀντίκειται
3748 492 3822 561 τῷ

582 599 815 664 exsistit,
842 597 1004 651 alicui
1045 593 1334 665 opponitur
1371 613 1385 648 :
1417 592 1634 647 exsistit
1663 604 1794 658 ergo
1825 586 2152 658 principium

584 688 882 742 iuercatum
924 695 980 740 et
1019 687 1242 739 malum.
1287 685 1474 753 Papre!
1514 696 1744 736 acumen
1792 677 2029 732 hominis
2059 677 2152 745 qui

586 778 864 831 veritatem
898 776 1018 830 vita:
1035 776 1240 831 sociam
1273 775 1472 828 habere
1507 773 1690 828 studet
1720 771 2032 841 :polysema
2056 783 2155 822 vo-

585 866 774 920 cabula
822 865 963 935 apud
1030 866 1205 934 ipsum
1255 874 1382 919 sunt
1443 877 1760 925 monosema
1791 878 1804 916 :
1835 859 2151 929 temporale,

585 965 669 1012 est
718 958 1024 1011 absolutum
1068 976 1080 1011 :
1132 955 1410 1010 distinctio
1463 954 1858 1024 oppositorum,
1913 951 2152 1007 eﬂ‘ectrix

586 1048 1028 1102 estdiversarum
1061 1049 1202 1101 inter
1257 1063 1315 1102 se
1358 1062 1539 1102 rerum
1603 1063 1618 1100 :
1659 1045 1803 1114 quod
1835 1044 2156 1114 simpliciter

584 1139 817 1203 exsistit,
854 1139 904 1192 id
929 1139 1044 1192 vult
1073 1138 1394 1208 principium
1419 1152 1540 1192 esse
1564 1137 1886 1191 inereatum.
1924 1135 2156 1190 Prorsus

586 1229 883 1299 syllogismi
919 1244 1129 1282 summa
1171 1238 1278 1282 tam
1335 1229 1608 1283 contraria
1643 1237 1728 1282 est
1773 1226 2154 1297 propositioni,

585 1337 750 1390 quam
776 1321 916 1374 bono
935 1321 1201 1390 principio
1242 1320 1576 1375 contrarium
1612 1329 1694 1375 est
1718 1320 1772 1374 in
1813 1335 2003 1374 eorum
2031 1335 2156 1374 sen—

585 1412 752 1464 tentia
799 1411 1022 1465 malum.
1053 1410 1177 1466 Hzec
1197 1426 1402 1481 ego,ne
1440 1411 1758 1466 calumniari
1787 1411 1991 1473 videar.
2017 1425 2156 1465 enu-

586 1501 793 1557 cleabo.
848 1503 1057 1557 Bonum
1109 1502 1399 1570 dupliciter
1431 1501 1653 1566 dicitur,
1705 1503 1851 1557 aliud
1903 1502 2047 1558 enim
2077 1512 2159 1558 est

585 1579 864 1653 a'ternurri.
893 1593 1038 1647 aliud
1072 1591 1296 1647 factum.
1327 1591 1526 1647 Malum
1573 1597 1790 1663 quoque
1817 1593 2016 1664 duplex
2047 1604 2153 1659 est,

587 1684 732 1738 aliud
777 1684 988 1754 proprie
1035 1685 1263 1748 dictum,
1300 1684 1445 1738 aliud
1486 1687 1706 1739 nomine
1746 1696 1925 1741 tenus.
1969 1686 2154 1751 Quan-

587 1790 749 1844 quam
779 1785 832 1829 et
870 1775 1072 1830 bonum
1128 1775 1559 1844 unumquodque
1610 1774 1964 1829 multifariam
2017 1777 2156 1831 divi-

585 1868 731 1921 ditur
756 1885 769 1921 :
797 1867 888 1922 sed
919 1867 1160 1922 nondum
1189 1867 1256 1922 de
1285 1868 1386 1922 hac
1410 1868 1581 1923 altera
1612 1883 1672 1922 re
1694 1868 1950 1923 dicimus.
1979 1868 2160 1924 Sumit

585 1942 1176 2028 autem'interrogator
1218 1957 1612 2021 indiﬂ‘erenter,
1675 1959 1787 2012 imo
1833 1960 2038 2028 potius,
2091 1959 2159 2013 de

585 2049 806 2103 aeternis
827 2058 1020 2103 cuncta
1057 2050 1375 2128 pronuntiat
1413 2049 1492 2102 sic
1525 2067 1538 2102 :
1567 2049 1612 2102 si
1643 2048 1876 2118 probum
1908 2049 2160 2118 improbo

584 2140 897 2210 opponitur,
954 2148 1009 2193 et
1061 2138 1367 2208 improbum
1415 2137 1618 2208 probo;
1659 2147 1714 2193 et
1756 2138 1980 2208 quidem
2035 2154 2157 2192 cum

585 2233 828 2284 nonduin
873 2229 1071 2284 dixerit
1105 2230 1267 2298 quale
1293 2230 1364 2283 sit
1399 2229 1629 2298 probum
1677 2239 1732 2283 et
1763 2230 1923 2298 quale
1959 2230 2161 2298 impro-

584 2322 733 2376 bum.
793 2320 1056 2376 Praeterea
1118 2329 1301 2375 creato
1357 2320 1503 2374 bono
1563 2320 1858 2390 opponitur
1932 2319 2158 2384 malum,

586 2427 780 2482 nempe
814 2421 977 2482 prout
1001 2411 1104 2466 fert
1134 2412 1457 2481 propositio,
1482 2427 1587 2466 non
1613 2421 1792 2465 tamen
1821 2410 1985 2464 etiam
2014 2410 2159 2463 bono

586 2511 836 2556 aeterno:
875 2502 930 2557 is
952 2511 1132 2577 aqtem
1177 2501 1366 2556 ethoc
1420 2509 1678 2571 tanquam
1729 2501 2037 2554 universale
2075 2515 2160 2553 su-

591 2591 713 2656 mit,
757 2605 881 2645 cum
926 2591 997 2646 sit
1027 2591 1274 2659 partiale.
1329 2590 1555 2660 insuper
1576 2605 1638 2644 ex
1655 2605 1720 2645 eo
1743 2590 1889 2662 quod
1928 2605 1958 2644 a
2019 2591 2162 2644 bono

587 2679 942 2750 distinguitur
987 2681 1210 2742 malum,
1246 2695 1276 2733 a
1333 2680 1474 2734 malo
1533 2688 1714 2734 autem
1755 2680 1982 2745 bonum,
2026 2694 2163 2734 con-

588 2770 760 2824 cludit
787 2785 850 2824 ea
881 2769 1043 2824 simul
1071 2755 1354 2834 exsistere,
1387 2770 1460 2824 ita
1506 2770 1710 2832 dicens,
1731 2784 1854 2823 nam
1882 2770 1928 2824 si
1957 2770 2160 2824 bonum

587 2861 805 2932 quidem
822 2861 1056 2924 exsistit,
1081 2877 1188 2915 non
1221 2861 1448 2915 exsistat
1477 2871 1655 2914 autem
1686 2860 1912 2924 malum,
1943 2859 2162 2938 cuinam

588 2953 788 3022 opponi
841 2951 1042 3021 poterit
1087 2951 1332 3005 malum?
1365 2950 1648 3020 Tanquam
1707 2949 1780 3004 sit
1827 2948 2164 3018 impossibile

587 3059 710 3099 esse
731 3044 934 3113 aliquid
983 3044 1156 3114 prius,
1185 3053 1239 3098 et
1265 3042 1462 3098 deinde
1486 3041 1749 3111 distingui
1782 3041 1852 3096 ab
1887 3041 2014 3105 alio,
2042 3055 2160 3093 ma-

587 3139 700 3193 lum
732 3147 997 3230 tanquam?
1039 3137 1622 3230 exsisteus‘supponit,
1650 3135 2004 3230 absoluteque
2030 3134 2158 3230 illud
2186 3173 2228 3230 ο

590 3245 688 3282 ceu
706 3239 964 3282 aeternum
988 3229 1214 3294 inducit,
1233 3239 1288 3282 et
1309 3228 1418 3282 Deo
1439 3226 1804 3290 eoexsistens,
1827 3226 1911 3280 his
1935 3225 2116 3279 verbis
2143 3241 2157 3278 :

592 3312 738 3385 quod
773 3318 819 3370 si
854 3317 966 3370 haec
1000 3317 1070 3370 ita
1097 3332 1156 3371 se
1189 3317 1409 3380 habent,
1453 3324 1512 3370 ut
1560 3315 1764 3370 veritas
1817 3314 2158 3384 comprobat,

593 3425 774 3466 nonne
799 3426 1018 3465 necesse
1036 3420 1120 3465 est
1141 3411 1373 3466 duorum
1407 3411 1799 3480 principiorum
1825 3407 2022 3478 degma
2056 3416 2164 3475 sta-

595 3499 779 3554 tuere?
801 3497 999 3553 Deinde
1035 3513 1158 3552 cum
1196 3515 1261 3552 ex
1314 3487 1456 3554 datis
1497 3497 1966 3568 propositionibus
1999 3509 2165 3564 Opor-

596 3596 736 3642 teret
775 3587 1120 3650 concludere,
1173 3586 1376 3640 malum
1422 3585 1711 3650 exsistere,
1758 3579 2036 3638 concludit
2065 3585 2166 3636 hoc

595 3680 816 3743 dicens;
847 3678 1062 3732 exsistit
1081 3690 1212 3746 ergo
1245 3663 1573 3746 principium
1599 3675 1900 3729 increatum
1934 3675 2163 3727 malum.

667 3768 807 3836 Quid
850 3769 951 3831 ais,
989 3765 1202 3820 amice?
1247 3767 1402 3835 quasi
1459 3765 1503 3819 si
1553 3764 1682 3835 quid
1720 3765 1970 3835 exsistat,
2021 3764 2164 3822 idem

597 3874 821 3928 prorsus
844 3869 899 3914 et
928 3859 1255 3928 principium
1284 3857 1376 3924 sit,
1410 3867 1465 3912 et
1506 3857 1834 3911 increatnm.
1859 3854 1998 3921 Quid
2035 3869 2165 3923 ergo

599 3950 860 4005 faciemus
887 3950 1103 4019 plantis,
1135 3948 1268 4018 quid
1294 3947 1524 4018 singulis
1545 3947 1940 4013 animantibus,
1987 3960 2168 4014 gram-

507 4055 509 4058 ‘
600 4041 832 4105 maticze,
897 4042 1201 4104 rhetoricae,
1275 4041 1662 4111 philosophiae,
1721 4045 1886 4096 rebus
1939 4041 2166 4111 reliquis

601 4137 763 4196 atque
786 4130 1012 4190 artibus.
1042 4146 1106 4185 ne
1133 4130 1376 4202 singulas
1405 4130 1762 4184 enumerem?
1790 4128 1927 4182 Num
1945 4137 2000 4183 et
2026 4130 2162 4182 haec.

601 4228 786 4286 utpme
821 4220 1157 4285 exsistentia,
1193 4231 1243 4275 te
1266 4221 1525 4290 principia
1549 4221 1827 4291 appellare
1851 4235 1960 4274 non
1987 4219 2169 4290 piget!

604 4311 667 4364 Et
700 4311 972 4379 quomodo
1022 4315 1127 4364 duo
1180 4311 1465 4380 principia,
1496 4320 1550 4364 et
1591 4325 1700 4363 non
1740 4310 1918 4379 potius
1972 4307 2164 4372 multa,

601 4400 874 4458 increata?
897 4400 1146 4464 Quonam
1178 4400 1310 4453 abiit
1348 4398 1564 4480 egregia
1618 4397 1707 4453 illa
1741 4397 2163 4453 Manichazorum

2254 581 2465 652 ἀγαθῷ
2486 583 2616 648 πᾶν,
2649 581 2756 635 τιν)⁸
2791 583 3166 653 άντικείμενόν
3190 586 3304 636 ἐστι
3326 603 3340 617 ο
3369 586 3513 639 ἔστιν
3545 585 3653 655 ἄρα
3678 586 3822 656 ἀρχὴ

2253 675 2514 744 ἀγένητος
2557 674 2650 728 καὶ
2675 675 2840 745 κακή.
2890 675 3062 728 Βαϐαί
3101 677 3202 747 τῆς
3240 677 3524 748 ἀκριϐείας
3554 677 3650 730 τοῦ
3681 679 3822 747 μετά

2253 765 2352 834 τῆς
2379 764 2636 834 ἀληθείας
2658 764 2824 836 συζῇν
2852 766 3275 831 ὲσπουδακὸτοςῐ
3299 769 3358 821 τὸ
3386 768 3822 838 πολυσήμαντον,

2254 856 2383 928 παρ’
2432 855 2594 910 αὑτὸν
2674 859 3117 926 μονοσήμαντον·
3173 859 3235 912 τὸ
3286 859 3379 912 ἐπὶ
3428 858 3646 929 καιροῦ,
3699 859 3824 911 καθ’

2255 948 2410 1001 ὂλου·
2457 951 2488 1019 ἡ
2542 948 2928 1018 ἀντιδιαίρεσις
2971 950 3078 1004 τῶν
3124 951 3534 1021 ἀντικειμένων,
3563 953 3826 1021 ποιητικὴ

2254 1039 2361 1093 τῶν
2407 1039 2981 1114 ἀντιδιαστελλομένων
3005 1059 3020 1074 δ
3073 1041 3134 1095 τὸ
3186 1041 3247 1096 ὃν
3301 1042 3516 1108 ἁπλῶς,
3563 1043 3828 1112 ἀγένητος

2255 1129 2420 1199 ἀρχή.
2454 1129 2526 1182 Τὸ
2558 1129 2780 1200 σύμπαν
2811 1130 2907 1184 τοῦ
2943 1132 3302 1204 συλλογισμοῦ
3325 1135 3562 1204 τοσούτῳ
3587 1133 3827 1186 ἐναντίον

2255 1221 2321 1290 τῇ
2357 1219 2641 1289 προτάσει,
2697 1221 2808 1290 ὅσῳ
2844 1223 2912 1293 τῇ
2961 1222 3140 1294 ἀγαθῇ
3186 1224 3328 1295 ἀρχῇ
3377 1226 3493 1278 κατ’
3543 1226 3740 1289 αὐτοὺς
3789 1225 3828 1294 ἡ

2255 1313 2424 1381 κακή.
2466 1313 2575 1364 Καὶ
2605 1313 2753 1376 ὅπως
2779 1313 2846 1367 ἂν
2874 1313 2950 1385 μὴ
2996 1313 3209 1387 δόξαιμι
3244 1319 3616 1386 συκοφαντεῖν,
3649 1333 3829 1386 σαφη-

2249 1396 2405 1454 ’νίσωο
2458 1401 2531 1454 Τὸ
2563 1403 2768 1471 ἀγαθὸν
2807 1404 3027 1472 λέγεται
3093 1406 3290 1476 διχῶς·
3319 1406 3381 1460 τὸ
3423 1407 3522 1478 μὲν
3552 1407 3742 1473 ἀΐδιον,
3765 1407 3833 1459 τὸ

2254 1492 2311 1544 δὲ
2338 1494 2564 1564 γενητόν
2585 1509 2602 1526 ο
2631 1494 2726 1548 καὶ
2769 1495 2831 1550 τὸ
2861 1497 3031 1550 κακὸν
3081 1499 3266 1569 διχῶς,
3300 1499 3364 1552 τὸ
3393 1500 3492 1570 μὲν
3524 1500 3746 1570 κυρίως,
3766 1499 3833 1554 τδ

2255 1586 2313 1638 δὲ
2349 1587 2512 1658 μέχρι
2544 1590 2951 1660 προσηγορίας·
2988 1591 3037 1643 εί
3071 1592 3163 1645 καὶ
3193 1590 3398 1644 τούτων
3427 1592 3656 1647 ἕκαστον
3697 1592 3833 1645 πολ-

2257 1678 2454 1750 λαχῶς,
2485 1682 2599 1735 ἀλλ’
2647 1681 2804 1736 οὔπω
2833 1682 2962 1753 περὶ
2987 1683 3227 1737 τούτων’
3269 1679 3685 1755 παραλσμόἀνει
3717 1682 3774 1735 δὲ
3802 1683 3834 1734 ὁ

2258 1768 2656 1840 πυνθανόμενος
2677 1770 3004 1840 ἀδιακρίτως
3024 1785 3040 1801 °
3074 1771 3273 1840 μᾶλλον
3297 1772 3353 1825 δὲ
3381 1773 3473 1824 ὲπὶ
3507 1773 3616 1825 τῶν
3645 1771 3835 1839 ἀϊδίων

2257 1857 2318 1910 τὸ
2342 1859 2472 1924 πᾶν,
2502 1858 2724 1928 φάσκων
2749 1859 2894 1914 οὕτω
2923 1861 3059 1924 πῶς·
3079 1862 3140 1913 ΕΞ
3170 1861 3230 1914 τὸ
3259 1862 3463 1931 ἀγαθὸν
3492 1863 3626 1934 πρδς
3649 1861 3712 1915 τὸ
3737 1878 3835 1914 πο-

2259 1947 2422 2019 νηρὸν
2458 1949 2778 2016 ἀντίκειται,
2809 1950 2905 2003 καὶ
2947 1950 3009 2003 τὸ
3052 1953 3285 2023 πονηρὸν
3328 1953 3464 2026 πρὸς
3493 1953 3556 2006 τὸ
3599 1939 3852 2020 ἀγαθὸν,¹

2261 2040 2398 2108 μήτε
2425 2040 2578 2092 ποῖον
2605 2039 2666 2092 τὸ
2707 2039 2913 2108 ἀγαθὸν
2961 2041 3096 2112 μήτε
3125 2045 3273 2095 ποῖον
3304 2043 3367 2096 τὸ
3409 2043 3642 2114 πονηρὸν
3676 2044 3836 2116 εἰρη-

2259 2126 2372 2190 κώς
2395 2144 2408 2157 ’
2444 2126 2524 2193 ἑτι
2547 2127 2627 2197 τῷ
2681 2128 2779 2198 μὲν
2805 2127 3018 2199 γενητῷ
3057 2129 3267 2200 ἀγαθῷ,
3297 2131 3594 2200 ἀντίκειται
3637 2130 3699 2185 τὸ
3727 2149 3833 2184 κα-

2260 2217 2376 2280 κὸν,
2409 2217 2549 2271 οὕτω
2577 2219 2717 2272 κατὰ
2745 2219 3001 2290 πρόθεσιν
3030 2220 3318 2292 γινομένῳ,
3341 2221 3402 2274 οὗ
3429 2222 3607 2292 μέντοι
3640 2223 3734 2276 καὶ
3753 2220 3837 2293 τῷ

2259 2309 2416 2380 ἀϊδίῳ
2447 2309 2658 2381 ἀγαθῷ,
2692 2309 3109 2382 παραλαμϐάνει
3153 2314 3248 2366 καί⁸
3291 2312 3450 2365 τοῦτο
3479 2313 3707 2366 καθόλου
3738 2313 3837 2365 ἐπὶ

2261 2402 2463 2472 μέρους
2495 2401 2588 2454 ὅν·
2638 2403 2719 2456 ἔτι
2746 2405 2809 2455 ἐκ
2854 2402 2949 2455 τοῦ
2995 2403 3094 2474 μὲν
3138 2403 3577 2476 ἀντιδιαιρεῖσθαι
3611 2403 3687 2476 τῷ
3732 2405 3837 2475 μὲν

2261 2490 2454 2562 ἀγαθῷ
2481 2493 2540 2545 τὸ
2565 2493 2753 2554 κακὸν,
2782 2491 2861 2562 τῷ
2888 2491 2944 2544 δὲ
2969 2491 3122 2561 κακῷ
3147 2492 3208 2546 τὸ
3239 2494 3466 2561 ἀγαθὸν,
3491 2495 3837 2547 κατασκευά-

2261 2581 2346 2646 ζει
2382 2584 2750 2652 συνυπάρχειν
2769 2581 3039 2652 ἀλλήλοις,
3070 2581 3242 2650 λέγων
3261 2583 3453 2646 οὕτως·
3487 2583 3550 2636 El
3579 2584 3689 2654 γὰρ
3711 2583 3861 2638 ἐστι

2264 2677 2362 2745 μὲν
2409 2677 2472 2728 τὸ
2516 2673 2737 2742 ἀγαθὸν,
2782 2673 2842 2726 τὸ
2886 2673 2944 2726 δὲ
2991 2673 3236 2746 πονηρὸν.
3273 2675 3377 2727 οὐκ
3406 2675 3578 2740 ἔσται,
3610 2674 3750 2745 πρὸς
3781 2675 3838 2728 τί

2261 2765 2481 2818 δύναται
2506 2763 2843 2818 ἀντικεῖσθαι
2875 2763 2936 2816 τὸ
2963 2765 3200 2832 ἀγαθὸν;
3243 2765 3329 2830 Ὠς
3351 2765 3609 2820 ἀδυνάτου
3633 2767 3839 2835 τυγχά-

2262 2872 2442 2920 νοντος
2488 2851 2626 2910 εἶναι
2678 2855 2779 2926 μέν
2821 2871 2875 2907 τι
2925 2857 3218 2928 πρότερον·
3258 2857 3554 2929 μετέπειτα
3583 2858 3642 2912 δὲ
3688 2860 3840 2913 ἀντι-

2261 2947 2581 3017 διαιρεῖσθαι
2621 2948 2790 3020 ἑτέρῳ
2819 2943 2888 3002 αὖ
2917 2949 2978 3002 τὸ
3005 2951 3175 3004 κακὸν
3203 2949 3278 3014 ῶς
3309 2949 3368 3004 ὃν
3391 2951 3836 3014 κατασκευάσας,

2263 3039 2482 3108 ἀμέσως
2523 3039 2655 3092 αὐτὸ
2681 3041 2876 3109 ἐπάγει
2899 3040 2975 3105 ὡς
3003 3041 3168 3096 ἀΐδιον
3195 3043 3290 3096 καὶ
3311 3043 3659 3114 συνυπάρχον
3688 3043 3835 3114 Θεῷ,

2261 3131 2435 3194 οὕτως
2477 3133 2732 3203 εἰρηκώς·
2765 3134 2828 3186 El
2873 3134 2930 3187 δὲ
2957 3133 3108 3188 ταῦθ’
3143 3135 3480 3210 οὖτωςὶέχει,
3507 3135 3582 3200 ὡς
3612 3137 3706 3190 καὶ
3737 3137 3840 3190 τό·

2262 3224 2419 3295 ληθὲς
2458 3228 2742 3297 μαρτυρεῖ,
2780 3214 2896 3290 πῶς
2946 3227 3048 3280 οὐκ
3079 3227 3290 3298 ἀνάγκη
3337 3228 3430 3280 δύο
3474 3229 3647 3299 ἀρχὰς
3702 3231 3838 3297 ἀγε-

2263 3316 2453 3384 νήτους
2472 3315 2818 3386 δογματίζειν
2837 3333 2876 3388 ς,
2899 3302 3019 3370 Ἔτι
3045 3317 3164 3370 δέον
3187 3321 3249 3370 ἐκ
3282 3304 3403 3371 τῶν
3421 3318 3677 3373 δοθεισῶν
3701 3334 3840 3390 προ-

2262 3407 2471 3459 τάσεων
2505 3409 2780 3476 συνάγειν,
2811 3409 2894 3461 ὅτι
2945 3408 3060 3461 ἐστι
3103 3404 3165 3461 τὸ
3210 3410 3413 3476 κακὸν,
3464 3412 3840 3482 ,συμπεραίνει

2264 3497 2415 3550 αὑτώ
2449 3497 2634 3550 Ἔστιν
2657 3499 2766 3568 ἄρα
2794 3498 3222 3570 ἀρχὴκάγὲνητος
3247 3501 3342 3552 καὶ
3365 3502 3534 3570 κακή.
3606 3526 3612 3530 ·

2337 3762 2483 3829 Πῶς,
2523 3759 2567 3818 ὦ
2598 3765 2785 3834 φίλοςς
2813 3765 2890 3828 ὡς
2919 3767 2974 3819 εί
2995 3780 3048 3819 τι
3077 3765 3213 3830 ἔστι,
3242 3767 3338 3821 καὶ
3369 3769 3508 3841 ἀρχή
3549 3771 3668 3824 ἐστι
3694 3769 3839 3824 πάν-

2264 3872 2400 3918 τως·
2431 3855 2485 3908 εῖ
2501 3873 2552 3909 τι
2573 3857 2689 3911 ἐστι
2723 3859 2960 3920 πάντως,
3001 3857 3096 3911 καὶ
3135 3859 3413 3930 ἀγένητον.
3446 3861 3554 3916 Καὶ
3586 3863 3641 3916 τί
3671 3865 3840 3934 ποιή-

2265 3965 2431 4018 σομεν
2461 3948 2532 4001 τά
2577 3948 2739 4016 φυτά,
2786 3949 2888 4004 ἀνά
2925 3951 3086 4021 μέρος
3117 3949 3186 4004 τὰ
3232 3949 3366 4018 ζῶα,
3411 3957 3834 4025 γραμματικὴν,

2265 4041 2579 4112 ῥητορικὴν,
2627 4041 2964 4110 φιλοσοφίαν,
3017 4043 3115 4106 τάς
3154 4041 3346 4107 λοιπάς
3380 4045 3570 4112 φύσεις
3610 4045 3705 4098 καὶ
3737 4046 3834 4097 τέ·-

2263 4149 2416 4202 χνας.
2449 4131 2537 4183 ἴνα
2573 4131 2646 4201 μὴ
2685 4132 2823 4186 κατά
2866 4133 3030 4204 μέρος
3057 4133 3368 4201 καταλέξω;
3420 4137 3490 4189 Ἥ
3533 4135 3630 4189 καὶ
3655 4133 3838 4188 ταῦτα

2265 4222 2341 4285 ὡς
2375 4222 2502 4275 δντα
2531 4222 2708 4290 λέγειν
2756 4225 2854 4278 οὐκ
2881 4226 3058 4290 ὀκνεῖς
3091 4223 3230 4280 εἶναι
3275 4220 3449 4298 ἀρχὰς
3491 4226 3833 4299 ἀγενήτους;

2265 4313 2374 4365 Καὶ
2402 4314 2519 4377 πῶς
2544 4314 2848 4387 δύοάρχαὶ,
2879 4317 2992 4370 ἀλλ’
3028 4318 3090 4370 οὐ
3137 4318 3326 4373 πολλαὶ
3371 4318 3663 4387 ἀγένητοις
3713 4317 3833 4369 Ποῦ

2264 4401 2322 4454 δὲ
2352 4402 2555 4473 οἴχεται
2584 4406 2616 4475 ὴ
2647 4407 2817 4478 σεμνὴ
2844 4407 2953 4460 τῶν
2999 4409 3315 4479 Μανιχαίων
3343 4406 3610 4479 θρησκεία
3628 4446 3643 4469 ,
3694 4405 3836 4458 πολ-

602 4495 814 4563 religio,
862 4491 1131 4560 siquidem
1169 4490 1428 4558 principia
1489 4491 1656 4544 multa
1713 4497 1862 4554 sunt,
1897 4503 2004 4542 non
2055 4487 2164 4541 duo

2268 4491 2373 4545 λῶν
2403 4495 2574 4547 οὐσῶν
2606 4497 2808 4568 ἀρχῶν,
2843 4497 2958 4552 ἀλλ’
2988 4499 3048 4552 οὐ
3077 4499 3172 4554 δύο
3213 4499 3524 4568 ἀγενήτων;
3566 4495 3746 4549 Ἔστω
3775 4497 3839 4551 δὲ

603 4584 880 4643 increata?
921 4583 1070 4646 Esto,
1129 4580 1335 4634 nullum
1373 4582 1476 4634 sibi
1529 4582 1633 4649 ipsi
1689 4581 2022 4645 adversetur,
2074 4577 2168 4633 sed

604 4677 845 4748 compari
881 4684 1088 4730 tantum
1122 4686 1244 4726 suo.
1277 4669 1427 4736 Esto,
1458 4672 1758 4728 substantia
1789 4682 1884 4727 aut
1915 4671 2170 4727 accidens

606 4771 716 4823 siut
758 4766 1036 4836 comparia
1089 4762 1512 4818 contrariorum.
1561 4765 1708 4829 Esto,
1751 4765 1953 4818 malum
1991 4763 2082 4828 sit,
2117 4770 2172 4816 et

605 4857 748 4912 bono
781 4859 1116 4930 oppositum.
1150 4853 1280 4908 Esto
1301 4853 1507 4906 horum
1540 4852 1816 4909 distinctio
1843 4870 1987 4909 vera.
2022 4852 2169 4920 Quo-

610 4950 768 5002 modo
840 4951 966 5004 hinc
1041 4948 1274 5002 duorum
1347 4945 1711 4998 increatorum
1781 4947 2170 5016 principiorum

609 5039 801 5106 dogma
832 5041 1060 5094 statuis?
1088 5039 1230 5105 Quid
1262 5037 1316 5090 in
1357 5035 1632 5105 prioribus
1670 5035 1887 5092 dixeras
1920 5036 2170 5107 proposi-

611 5128 886 5182 tionibus?
912 5131 1084 5193 Quam
1131 5131 1510 5185 necessitatem
1555 5135 1843 5191 statueras,
1872 5145 1938 5184 ex
1969 5144 2076 5200 qua
2117 5129 2169 5183 id

609 5219 1099 5289 sequatur?A~iunt
1151 5222 1354 5275 malum
1414 5219 1468 5274 id
1518 5230 1662 5283 esse,
1696 5219 1838 5286 quod
1881 5221 2172 5290 Opponitur

609 5312 776 5366 bono.
805 5307 966 5378 Atqui
998 5312 1165 5365 multa
1188 5321 1316 5367 sunt
1340 5321 1530 5366 mutuo
1566 5311 1861 5374 coiitraria,
1885 5312 2170 5368 suﬂ’ocanti

609 5419 764 5472 aqua:
793 5401 935 5473 ignis
957 5402 1250 5467 causticus,
1271 5413 1330 5457 ut
1348 5419 1446 5458 vos
1463 5399 1772 5472 loquimini,
1795 5409 1850 5456 et
1874 5402 1982 5473 igni
2008 5419 2170 5474 aqua,

611 5495 764 5550 arido
789 5492 1097 5555 humidum,
1130 5496 1461 5561 generationi
1504 5492 1810 5562 corruptio,
1837 5495 2171 5564 corruptioni

613 5585 887 5654 generatio
919 5601 934 5639 :
964 5597 1140 5653 neque
1181 5583 1306 5638 hinc
1345 5594 1524 5641 tamen
1552 5584 1721 5640 multa
1752 5597 1875 5646 esse
1913 5585 2172 5656 principia
2207 5639 2210 5644 .

614 5675 854 5732 iucreata
881 5673 1192 5732 decernitis.
1223 5673 1502 5738 Quomodo
1532 5691 1660 5747 ergo
1703 5675 1818 5729 haec
1846 5676 2046 5741 omnia,
2073 5678 2172 5732 etsi

616 5765 844 5823 invicem
873 5764 1194 5822 naturaliter
1220 5765 1514 5832 contraria,
1536 5779 1602 5821 ex
1626 5779 1738 5822 uno
1759 5762 2026 5834 principio
2054 5779 2176 5822 esse

2273 4585 2432 4654 μηδὲν
2477 4587 2586 4640 τῶν
2631 4590 2884 4643 ἐναντίων
2927 4590 3139 4660 ἑαυτῷ,
3183 4591 3297 4658 ίδίῳ
3325 4589 3383 4640 δὲ
3428 4587 3644 4658 συζύγῳ
3679 4589 3838 4642 ἀντι-

2270 4675 2510 4729 κεῖσθαι·
2542 4678 2682 4732 ἔστω
2705 4679 2861 4732 οὐσία
2891 4679 2924 4750 ἢ
2951 4678 3296 4751 συμϐεσηκδς
3323 4673 3460 4731 εἶναι
3487 4677 3556 4730 τά
3586 4677 3838 4746 ὁμόζυγα

2268 4767 2376 4820 τῶν
2415 4769 2990 4842 ἀντιδιαστελλομὲνων
3009 4787 3024 4802 ⁸
3076 4768 3217 4822 ἔστω
3246 4765 3387 4822 εἷναι
3432 4768 3493 4821 τὺ
3525 4769 3690 4822 κακὸν
3735 4771 3840 4822 καὶ

2269 4858 2599 4912 ἀντικεῖσθαι
2645 4860 2722 4930 τῷ
2771 4859 2994 4930 ἀγαθῷ·
3044 4859 3184 4912 ἔστω
3233 4858 3330 4910 καὶ
3371 4859 3405 4929 ή
3448 4857 3840 4930 ἀντιδιαίρεσις

2270 4947 2471 5001 τούτων
2498 4949 2731 5020 ἀληθής·
2762 4951 2880 5012 πῶς
2929 4949 2985 5001 δὲ
3026 4947 3274 5002 ἐντεῦθεν
3319 4947 3716 5019 δογματί[ζ]εις
3739 4948 3840 5004 δύο

2270 5041 2562 5111 ἀγενήτους
2577 5042 2784 5114 ἀρχάςς
2816 5042 2870 5094 τί
2894 5038 3130 5110 εἰρηκὼς
3147 5042 3205 5092 ἐν
3232 5043 3352 5104 ταῖς
3373 5039 3646 5109 πρώταις;
3675 5040 3839 5095 ποίαν

2271 5131 2514 5202 ἀνάγκην
2534 5131 2813 5196 τεθεικὼς,
2833 5130 2894 5194 ἑξ
2911 5125 2980 5201 ἦς
3001 5128 3161 5182 τοῦτο
3185 5131 3501 5198 συνάγεταις
3527 5122 3678 5182 Εἶναί
3695 5147 3837 5201 φησι

2271 5225 2333 5278 τὸ
2365 5226 2530 5279 κακὸν
2559 5225 2623 5280 τὺ
2648 5221 2981 5281 ἀντικεῖσθαι
3008 5221 3086 5293 τῷ
3110 5221 3300 5292 ἀγαθῷ
3317 5237 3336 5254 ο
3362 5221 3498 5274 ἀλλά
3528 5214 3837 5280 πολλάνὲστι

2270 5316 2340 5370 τὰ
2376 5316 2503 5370 ὄντα
2531 5318 2628 5372 καὶ
2673 5314 3024 5383 ἀντικείμενα
3052 5308 3319 5385 ἀλλήλοις,
3347 5311 3425 5383 τῷ
3450 5312 3656 5384 πνικτῷ
3677 5312 3838 5369 ὕδατι

2271 5406 2331 5459 τὸ
2357 5408 2646 5461 καυστικδν
2678 5404 2812 5474 πῦρ.
2842 5402 2917 5466 ὧς
2947 5419 3101 5472 φατεο
3145 5404 3241 5458 καὶ
3279 5402 3359 5473 τῷ
3400 5402 3534 5476 πυρὶ
3566 5403 3626 5457 τὺ
3665 5389 3837 5476 ὕδωρ,

2272 5496 2351 5565 τῷ
2397 5497 2544 5568 ξηρῷ
2585 5495 2866 5564 «iam.
2904 5493 2984 5565 τῷ
3014 5493 3165 5566 ὑγρῷ
3191 5493 3253 5548 τὺ
3284 5493 3474 5565 ξηρδνογ
3504 5497 3570 5568 τῇ
3610 5499 3839 5566 γενήσει
3895 5541 3906 5550 ο

2273 5585 2308 5655 ἡ
2338 5583 2532 5656 φθορά,
2565 5584 2660 5638 καὶ
2683 5585 2750 5652 τῇ
2781 5581 2954 5653 φθορᾷ
2979 5583 3014 5652 ἡ
3061 5582 3279 5654 γίνησις
3297 5597 3312 5614 ο
3353 5586 3446 5638 καὶ
3487 5584 3587 5640 οὐκ
3615 5587 3681 5639 la:
3706 5583 3840 5638 τού-

2273 5691 2380 5728 των
2408 5675 2606 5738 πολλὰς
2640 5673 2816 5744 ἀρχάς
2859 5691 2997 5743 φατε
3039 5673 3351 5746 ἀγενήτους.
3385 5677 3505 5742 Πῶς
3545 5673 3639 5731 οὖν
3661 5676 3841 5731 ταῦτα

2277 5763 2378 5834 μὲν
2416 5766 2615 5830 πάντα,
2669 5762 2845 5819 καίτοι
2875 5761 3033 5834 φύσει
3070 5764 3291 5821 ἀναντία
3315 5766 3584 5840 ἀλλήλοις,
3610 5759 3845 5822 δυνατὸν
