4048 6338
183 435 266 500 551
1027 394 1474 512 nIsPUTA'rIo
1496 432 1654 492 CUM
1682 432 2021 495 enorme.
2044 433 2472 495 nummo.

183 540 302 598 εἶναι
324 559 388 596 εκ
411 542 543 607 μιᾶς
570 539 780 611 ἀρχῆς;
810 539 872 592 τὺ
901 536 958 592 δὲ
994 538 1198 606 ἀγαθὸν
1230 538 1324 590 καὶ
1355 537 1417 590 τὸ
1442 535 1612 590 κακὸν
1639 535 1715 598 ὠς

1825 547 2042 606 queunt,
2083 539 2286 593 bonum
2336 546 2516 592 autem
2556 551 2620 590 ac
2651 537 3034 606 malum,-quia
3084 549 3214 593 sunt
3249 546 3378 596 con‘

184 633 524 702 ἀντικείμενα,
549 629 611 684 οὐ
633 629 888 694 δυνατόν;
940 628 1147 692 Ἄλλως
1177 644 1236 679 τε
1267 628 1324 680 δὲ
1341 626 1488 690 πῶς,
1511 626 1715 695 ἑταῖρε,

183 723 268 776 οὐκ
305 721 536 798 ῂσθάνου
582 721 685 791 τῆς
715 720 824 774 τῶν
861 720 1099 793 ἀρχαίων
1148 719 1326 788 σοφῶν
1372 716 1567 788 μικροῦ
1609 716 1720 769 δεῖν

185 813 413 869 ἁπάντων
444 814 575 880 περὶ
603 813 697 867 τοῦ
729 813 902 866 κακοῦ
943 812 1311 882 συζητήσεως,
1361 810 1421 863 τὸ
1451 809 1550 880 μὲν
1580 804 1718 862 εἶναι

183 905 295 958 αὐτὸ
336 905 429 958 καὶ
470 905 535 958 τὸ
567 905 900 959 ἀντικεῖσθαι
948 895 1085 974 πρὸξ
1129 903 1188 956 τὸ
1222 892 1389 956 κακὸν
1438 887 1721 970 συγχωρηέ

185 991 384 1057 σάντων.
415 995 545 1064 περὶ
565 996 624 1049 δὲ
663 995 773 1048 τῶν
801 994 918 1059 πῶς
963 995 998 1066 ἦ
1033 993 1195 1048 πόθεν
1229 989 1369 1046 εἶναι
1411 991 1717 1061 ἀντεριζόνο

182 1102 272 1141 των
296 1087 570 1158 ἀλλήλοις;
614 1086 754 1139 Ἀλλ’
792 1079 937 1139 οὗτοι
966 1085 1064 1156 μὲν
1085 1085 1276 1148 ὅντως,
1321 1084 1404 1157 σοὶ
1432 1084 1488 1138 δὲ
1528 1082 1589 1135 τὸ
1621 1082 1720 1154 μὲν

184 1174 299 1230 εἶναι
325 1177 414 1230 τοῦ
442 1175 636 1238 κακοῦ,
669 1175 734 1230 τὸ
762 1177 892 1232 ποτὲ
919 1177 1051 1230 αὐτὸ
1077 1177 1387 1245 νενόμισται
1405 1189 1422 1205 ⁸
1449 1175 1511 1228 τὸ
1533 1173 1590 1227 δέ
1615 1191 1720 1228 τινι

183 1269 511 1331 ἀντικεῖσθαι,
557 1268 620 1321 τὸ
649 1267 810 1338 πῶς’,
834 1266 1042 1340 μᾶλλον
1067 1266 1126 1322 δὲ
1153 1267 1213 1322 ἓν
1243 1284 1325 1325 σοι
1348 1265 1409 1320 τὸ
1439 1266 1548 1319 πᾶν
1575 1264 1720 1318 λελό-

183 1374 359 1425 γισται.
592 1413 603 1423 ,
794 1355 802 1364 “
1031 1396 1038 1398 τ
1353 1342 1366 1354 ’

239 1448 335 1502 Ἦν
366 1450 463 1519 μὲν
491 1450 651 1504 ἰκανά
679 1451 774 1503 καὶ
799 1449 973 1504 ταῦτα
1005 1454 1142 1521 πρὸς
1162 1449 1232 1502 τὰ
1259 1447 1607 1519 προτεθέντα’
1629 1464 1722 1499 κε-

185 1540 364 1608 φάλαια
381 1542 424 1595 δ’
445 1544 595 1612 ὅμως
621 1543 744 1596 τινὰ
776 1523 1058 1607 συνέταξα,
1083 1541 1178 1596 νῦν
1211 1543 1310 1612 μὲν
1341 1539 1720 1610 συγχωροῦντα

185 1631 488 1685 ἀντικεῖσθαι
517 1631 592 1703 τῷ
628 1631 819 1702 ἀγαθῷ
847 1633 910 1685 τδ
936 1632 1125 1698 κακὸν,
1151 1632 1541 1685 ἀποδεικνύντα
1559 1631 1614 1684 δὲ
1645 1631 1722 1701 μὴ

186 1717 303 1776 εἶναι
331 1722 388 1776 τὸ
415 1723 606 1786 κακὸν,
638 1723 776 1793 μήτε
807 1723 980 1793 ἀρχὴν
1009 1722 1291 1790 ἀγένητον,
1327 1725 1466 1792 μήτε
1517 1739 1721 1790 συνυπ-

1804 621 2005 692 “traria,
2026 645 2130 683 non
2149 629 2391 698 queunt?
2414 627 2628 697 Alioqui
2656 642 2803 694 vero,
2818 628 3113 697 quomodo,
3137 644 3172 682 ο
3195 632 3374 695 sodes,

1818 735 1928 775 non
1956 721 2126 777 sentis
2153 721 2396 786 omnium
2429 734 2594 789 prope
2627 721 2820 789 prisca:
2844 722 3018 776 aetatis
3047 723 3379 791 sapientium

1817 801 1885 866 de
1913 812 2054 866 malo
2082 811 2459 882 quaestionem,
2492 810 2581 882 qui
2603 820 2657 864 et
2686 812 2818 866 illud
2869 828 2990 866 esse
3041 829 3227 868 revera
3259 832 3379 869 ma-

1819 898 1928 953 lum
1961 908 2016 953 et
2049 900 2191 954 bono
2215 899 2522 970 oppositum
2561 901 2884 964 concedunt,
2915 902 3006 957 sed
3036 905 3308 971 quomodo
3327 917 3385 960 et

1820 982 1964 1044 unde
1987 990 2098 1054 ﬁat,
2123 990 2350 1045 invicem
2381 991 2774 1046 contradicunt.
2795 990 2864 1044 At
2893 992 2946 1045 lii
2978 993 3191 1061 quidem
3224 991 3377 1060 vere;

1821 1082 1916 1136 tibi
1937 1092 2119 1137 autem
2151 1084 2276 1143 mali
2307 1083 2642 1145 exsistentia,
2673 1099 2772 1152 pro
2792 1087 2912 1152 ejus
2932 1099 3097 1139 causa
3123 1098 3240 1149 est;
3263 1087 3381 1152 ejus

1821 1173 2317 1243 autem'oppositio,
2347 1173 2520 1228 instar
2574 1166 2853 1228 modiest.
2884 1175 2999 1228 lino
3053 1191 3181 1229 vero
3209 1186 3379 1230 totum
3405 1244 3408 1246 γ

1820 1264 2042 1334 perinde
2068 1277 2233 1318 unum
2257 1277 2287 1316 a
2312 1273 2364 1317 te
2393 1271 2694 1333 reputatur.
2842 1323 2854 1334 Α,
3304 1260 3305 1263 “

1759 1413 1767 1420 ’
1804 1503 1810 1508 ε
1889 1431 2145 1512 Profecto
2167 1403 2283 1493 luaed
2303 1437 2609 1518 sumcerent
2640 1437 2707 1492 ad
2740 1401 3106 1508 przrceilcntes
3137 1440 3382 1509 proposi-
3483 1473 3486 1482 -

1820 1529 1997 1587 tiones
2015 1546 2270 1602 responsa
2296 1548 2310 1585 :
2335 1530 2688 1585 nihilominus
2709 1531 2946 1600 capitula
2966 1533 3209 1602 quaedam
3232 1548 3381 1588 com-

1823 1623 2002 1692 posui,
2019 1638 2142 1692 qua‘.
2163 1622 2324 1677 modo
2343 1622 2563 1692 quidem
2590 1621 2900 1676 concedunt
2926 1623 3236 1692 oppositum
3264 1641 3386 1679 esse

1822 1715 1966 1769 bono
1996 1713 2219 1777 malum,
2245 1713 2337 1767 sed
2367 1712 2530 1766 simul
2555 1711 2951 1775 demonstrant,
2978 1714 3178 1767 malum
3211 1729 3387 1783 neque

187 1815 330 1884 ἀρχον
357 1813 488 1883 Θεῷ·
517 1813 613 1866 νῦν
648 1813 706 1866 δὲ
746 1815 829 1868 ὅτι
868 1813 946 1884 τῷ
985 1813 1174 1884 ἀγαθῷ
1213 1814 1312 1866 οὐκ
1339 1813 1723 1877 ἀντίκειταιτὸ

1825 1805 2148 1874 principium
2180 1819 2304 1858 esse
2327 1804 2654 1865 inereatum,
2685 1819 2860 1873 neque
2883 1819 3007 1858 cum
3040 1802 3151 1860 Deo
3175 1806 3386 1860 coexsi-

188 1907 348 1960 κακύν·
376 1908 465 1959 καὶ
481 1907 614 1961 ποτὲ
646 1907 745 1977 μὲν
775 1909 1119 1979 παριστῶντα
1143 1909 1224 1962 ὅτι
1248 1910 1340 1962 καὶ
1359 1908 1418 1973 ἐξ
1440 1903 1514 1962 ὧν
1535 1911 1585 1961 οἱ
1606 1909 1721 1963 Μα-

1827 1908 2006 1958 stens;
2038 1895 2198 1950 modo
2231 1902 2410 1948 autem
2437 1934 2453 1956 ,
2479 1895 2630 1963 quod
2665 1894 2808 1948 bono
2835 1895 3141 1965 oppositum
3179 1897 3384 1950 malum

186 1995 357 2064 νιχαὶοί
399 2014 578 2066 φασιν,
614 1998 676 2050 οὐ
701 1997 796 2052 δύο
818 1998 991 2070 ἀρχὰς
1024 2001 1316 2072 ἀγενήτους
1345 2001 1556 2070 ἀνάγκη
1601 2001 1723 2069 δογ-

197 2085 432 2154 ματίζεινο
481 2085 614 2139 ποτὲ
651 2086 710 2140 δὲ
739 2088 867 2158 περὶ
903 2086 996 2140 τοῦ
1026 2089 1229 2156 ἀγαθοῦ
1279 2091 1371 2144 καὶ
1415 2090 1507 2143 τοῦ
1552 2090 1722 2144 κακοῦ

187 2175 290 2229 κατ’
315 2177 548 2248 ἀνάγκην
574 2178 988 2249 δογματίζονταο
1011 2181 1060 2232 εἰ
1091 2180 1218 2233 ἄλλο
1238 2181 1295 2233 τό
1322 2199 1375 2234 τι
1405 2175 1564 2247 εἶναι,
1596 2182 1722 2234 ἄλλο

186 2265 235 2319 δὲ
259 2266 312 2321 τὺ
337 2269 664 2323 ἀντικεῖσθαι
699 2271 754 2322 τί
785 2287 914 2324 τινι.
1571 2256 1576 2262 ’

247 2456 309 2503 α’.
336 2450 406 2503 Τὸ
435 2451 532 2521 μὲν
555 2450 665 2523 γὰρ
690 2447 829 2506 εἶναί
850 2469 923 2515 τι,
954 2450 1076 2505 καθ’
1103 2451 1282 2505 ἑαυτό·
1310 2451 1372 2504 τὸ
1404 2452 1458 2506 δὲ
1489 2453 1723 2506 ἀντικεί-

189 2538 317 2598 σθαι.
343 2541 472 2612 πρὸς
493 2541 641 2597 ἄλλο·
679 2545 773 2597 καὶ
805 2544 1146 2615 προϋπάρχει
1174 2543 1276 2615 μὲν
1298 2543 1392 2597 τοῦ
1415 2543 1552 2614 πρὸς
1574 2543 1719 2610 ἄλλο,

187 2631 244 2684 τὸ
264 2631 368 2686 καθ’
398 2635 575 2688 ἐαυτὸο
601 2634 940 2706 μεθυπάρχει
960 2635 1014 2688 δὲ
1044 2635 1136 2688 τοῦ
1171 2635 1293 2689 καθ’
1314 2635 1474 2689 ἑαυτὸ
1503 2635 1566 2688 τὸ
1589 2637 1723 2708 πρὸς

339 2725 482 2790 urbe;
513 2725 613 2779 Διά
632 2725 695 2777 τὸ
715 2725 1046 2778 ἀντικεῖσθαι
1075 2725 1154 2794 τῷ
1184 2726 1284 2794 μὲν
1312 2724 1502 2794 ἀγαθῷ
1530 2725 1593 2778 τὸ
1623 2742 1723 2778 πο·-

190 2815 350 2882 νηρὺν,
384 2813 458 2884 τῷ
482 2814 541 2866 δὲ
581 2813 803 2883 πονηρῷ
834 2813 896 2865 τὸ
927 2812 1149 2879 ἀγαθὸν,
1183 2814 1546 2884 συνυπάρχειν
1585 2813 1722 2866 αὐτά

189 2901 412 2972 ἀλλήλοις
427 2905 657 2974 ἀνάγκηο
678 2904 838 2956 καὶεί
857 2904 958 2956 οὐκ
975 2905 1188 2974 ἀνάγκη
1205 2904 1292 2957 διὰ
1310 2903 1371 2956 τὺ
1387 2905 1721 2958 ἀντικεῖσθαι

189 2978 315 3056 εἶιτᾴ
337 2993 593 3064 ἀλλήλοις,
635 2995 847 3064 ἀνάγκη
881 2993 974 3048 δύο
1004 2994 1348 3066 δογματίζειν
1383 2996 1556 3066 ἀρχάς
1591 2999 1721 3064 ἁγε-

189 3084 382 3155 νήτους.
405 3087 512 3151 Τὰς
546 3087 658 3159 γάρ
697 3089 996 3160 ἀγενήτους
1023 3088 1216 3160 ἀρχὰς,
1243 3089 1604 3160 συνυπάρχειν
1630 3090 1722 3143 ἀλ-

187 3173 358 3243 λήλαις
377 3177 603 3246 ἀνάγκη.

251 3266 315 3336 β’.
358 3267 417 3321 ΕΙ
459 3267 649 3340 ὥσπερ
697 3269 732 3338 ἡ
777 3269 977 3338 γνῶσις
1018 3286 1128 3322 των
1155 3269 1540 3338 ἀντικειμένων
1585 3271 1723 3324 κατὰ

188 3354 468 3425 παράθεσιν
504 3359 751 3427 γίγνεται
793 3357 902 3412 τῶν
933 3357 1340 3427 ἀντικειμένων,
1374 3356 1516 3411 οὕτω
1567 3360 1659 3410 καὶ
1689 3359 1722 3427 ἡ

189 3443 400 3514 impii;
430 3448 536 3501 τῶν
563 3449 953 3520 ἀντικειμένων
983 3448 1122 3510 κατά
1156 3449 1456 3520 παράθεσιν
1491 3451 1724 3523 ὑπάρχει

187 3533 288 3586 τῶν
312 3535 894 3607 ἁντιδιαστελλομένων,
921 3538 1036 3602 πῶς
1065 3539 1165 3592 οὐκ
1212 3537 1528 3610 ἁλληλαίτια
1573 3541 1724 3594 ἔσται

187 3629 539 3700 ἀντικείμενα
576 3629 687 3683 Καὶ
713 3629 761 3682 εί
783 3630 1098 3699 ἀλληλαίτιά
1120 3634 1234 3684 ἐστι
1262 3632 1331 3683 τὰ
1355 3632 1722 3701 ἀντικείμενα,

188 3721 298 3783 πῶς
315 3722 407 3775 οὐκ
434 3724 584 3778 ἔσται
613 3721 708 3775 τοῦ
735 3723 905 3775 κακοῦ
934 3723 1103 3775 αἴτιον
1132 3722 1190 3775 τὸ
1216 3721 1438 3789 ἀγαθὸν,
1473 3724 1568 3774 καὶ
1591 3725 1722 3776 ἀνά-

187 3811 338 3864 παλιν
359 3829 372 3874 ;
403 3815 574 3885 Ὅπερ
598 3816 821 3870 ἄτοπον.

251 3909 318 3969 γ.
367 3904 424 3956 Ei
471 3909 534 3958 ὲκ
579 3906 939 3978 παραθέσεως
975 3906 1082 3960 τῶν
1114 3905 1521 3974 ἀντικειμένων,
1555 3909 1586 3976 ἡ
1623 3909 1725 3958 ῦπ-

187 3995 335 4062 αρξις
363 3995 500 4049 ἔσται
531 3997 640 4050 τῶν
669 3998 1078 4070 ἀντικειμένων,
1115 3998 1229 4062 πῶς
1274 4001 1309 4070 ὴ
1345 3999 1727 4069 ἀντιδιαίρεσις

185 4086 289 4138 τῶν
336 4087 580 4140 ἐναντίων
630 4085 927 4155 ἀναγκάζει
968 4089 1330 4159 συνυπάρχειν
1363 4088 1609 4158 ἀλλήλοις
1658 4089 1727 4141 τὰ.

187 4178 519 4248 ἀντικείμενα
535 4195 550 4243 ;

251 4271 314 4325 δ’.
341 4271 398 4323 ΕΞ
424 4270 572 4324 οὐδὲν
623 4269 788 4322 πλέον
829 4270 1115 4322 ἐπίσταται
1152 4271 1182 4322 ὁ
1218 4269 1350 4333 Θεὸς
1382 4271 1450 4323 τὰ
1486 4272 1728 4342 παρόντα

186 4365 275 4413 καὶ
293 4363 558 4430 γεγονότα,
589 4360 624 4432 ἦ
648 4359 716 4412 τά
744 4359 961 4414 ἔσεσθαι
997 4360 1277 4431 μέλλοντα,
1307 4361 1425 4422 πῶς
1470 4363 1730 4416 ἀδύνατον

183 4447 363 4513 αὑτὸν,
389 4447 572 4522 ὥσπερ
618 4449 730 4510 τοῖς
773 4447 1006 4521 παροῦσι
1054 4448 1148 4501 καὶ
1191 4449 1290 4520 ήδη
1325 4451 1726 4521 γεγενημένοις,

1829 2004 1934 2044 non
1959 1988 2070 2043 sit:
2101 1998 2155 2041 et
2177 1985 2470 2056 aliquando
2499 1987 2889 2054 comprobant,
2929 1988 3072 2056 quod
3114 1987 3275 2042 etiam
3318 2003 3383 2042 ex

1827 2079 1987 2136 dictis
2021 2094 2048 2132 a
2089 2075 2400 2130 Maniclimis
2423 2114 2438 2138 ,
2469 2074 2581 2128 duo
2614 2075 2849 2128 increata
2881 2076 3144 2144 principia
3182 2091 3286 2129 non
3315 2077 3386 2128 sit

1829 2183 2048 2226 necesse
2070 2167 2472 2237 dogmatizare;
2520 2165 2812 2234 aliquando
2852 2176 3032 2220 autem
3075 2169 3386 2222 necessario

1827 2261 1895 2315 de
1923 2261 2064 2314 bono
2092 2267 2147 2314 et
2179 2258 2324 2312 malo
2353 2255 2745 2327 dogmatizant,
2774 2263 2953 2308 utrum
2982 2255 3126 2309 aliud
3161 2258 3230 2310 sit
3265 2273 3387 2312 esse

1827 2349 2030 2419 aliquid
2052 2387 2068 2413 ,
2110 2348 2254 2402 aliud
2276 2362 2407 2411 vero
2441 2346 2604 2401 alicui
2637 2361 2760 2402 esse
2790 2346 3118 2417 oppositum.

1897 2441 1950 2494 1.
1987 2424 2142 2493 Νιιηι
2169 2452 2291 2493 esse
2325 2437 2567 2507 aliquid,
2616 2438 2850 2493 refertur
2880 2437 2946 2492 ad
2977 2452 3072 2501 se;
3109 2438 3385 2492 adversari

1827 2543 2041 2597 autem,
2069 2533 2303 2612 pertinet
2325 2530 2391 2584 ad
2415 2531 2580 2585 aliud.
2611 2530 2775 2587 Prius
2797 2542 2882 2586 est
2906 2527 3086 2586 autem
3120 2531 3266 2600 quod
3301 2547 3387 2586 re-

1829 2625 1999 2679 fertur
2018 2623 2086 2678 ad
2116 2638 2194 2686 se,
2222 2622 2314 2676 illo
2338 2623 2484 2693 quod
2513 2623 2580 2677 ad
2605 2623 2772 2677 aliud.
2799 2622 2902 2678 Sed
2933 2632 3113 2678 tamen
3141 2624 3256 2678 haec
3279 2624 3390 2678 duo

1828 2713 2182 2770 coexsistuut.
2204 2710 2344 2777 Quid
2364 2712 2480 2765 ita?
2506 2712 2632 2781 quia
2655 2712 2912 2782 quoniam
2936 2714 3389 2784 opponiturpbono

1830 2806 2068 2870 malum,
2103 2803 2248 2857 malo
2277 2813 2457 2857 autem
2493 2804 2727 2866 bonmn,
2778 2802 2893 2857 haec
2934 2805 3262 2859 coexsistere
3295 2819 3391 2857 ne-

1827 2909 1979 2948 cesse
2010 2902 2114 2949 est.
2155 2891 2310 2958 Quod
2353 2891 2398 2947 si
2448 2893 2499 2944 id
2548 2907 2656 2944 non
2705 2892 2776 2945 sit
2821 2907 3067 2955 necesse,
3104 2903 3386 2962 propterea

1827 2987 1969 3056 quod
1997 2985 2227 3039 invicem
2250 2983 2360 3039 sint
2379 2983 2644 3052 opposita,
2682 2998 2901 3036 necesse
2922 2972 3004 3038 εει
3033 2983 3142 3036 duo
3168 2985 3390 3038 credere

1827 3076 2092 3147 principia
2122 3076 2379 3130 increata.
2413 3073 2624 3128 Etenim
2665 3074 2906 3128 increata
2941 3075 3203 3144 principia
3231 3090 3389 3130 coex-

1829 3169 2021 3222 sistere
2045 3168 2272 3221 invicem
2305 3182 2523 3220 necesse
2550 3174 2654 3220 est.

1892 3256 1946 3308 9..
1996 3255 2093 3318 Si,
2140 3256 2301 3308 veluti
2345 3255 2582 3324 cognitio
2622 3255 2993 3323 oppositorum
3040 3257 3282 3326 exsurgit
3322 3272 3388 3310 ex

1825 3346 2228 3414 comparatione
2257 3345 2486 3397 aliorum
2504 3333 2917 3413 'oppositorum,
2948 3348 3020 3399 ita
3051 3348 3215 3401 etiam
3242 3351 3388 3402 exsi-

1825 3437 2019 3492 stentia
2048 3435 2421 3507 oppositorum
2448 3450 2514 3489 ex
2537 3437 2939 3504 comparatione
2965 3439 3214 3491 consistit
3234 3440 3390 3493 dill‘e—

1825 3532 2057 3585 rentium
2090 3570 2104 3594 ,
2132 3528 2321 3598 quidni
2351 3538 2593 3582 mutuam
2625 3543 2846 3582 causam
2882 3528 2982 3582 sibi
3015 3539 3268 3604 praestent
3288 3547 3389 3600 op-

1827 3621 2047 3692 posita?
2081 3618 2236 3686 Quod
2286 3620 2331 3673 si
2380 3620 2608 3673 invicem
2653 3620 2899 3688 opposita
2927 3660 2942 3685 ,
2989 3630 3174 3674 mutua
3221 3637 3389 3678 causa

1826 3721 1954 3766 sunt
1980 3755 1995 3776 ,
2023 3711 2210 3781 quidni
2237 3711 2362 3764 mali
2391 3725 2557 3765 causa
2590 3711 2663 3765 sit
2692 3712 2892 3766 bonum
2917 3751 2932 3768 .
2967 3722 3022 3766 et
3053 3713 3169 3768 vice
3204 3717 3392 3769 versa?

1827 3800 1981 3864 Quod
2011 3812 2094 3854 est
2125 3801 2440 3854 absurdum.

1898 3893 1948 3945 5.
2004 3877 2060 3944 Si
2093 3907 2156 3944 ex
2191 3889 2594 3956 comparatione
2624 3889 2995 3956 oppusitorum
3018 3929 3033 3951 ,
3074 3893 3388 3947 exsistentia

1827 3982 2199 4051 oppositorum
2243 3982 2326 4044 lit,
2355 3980 2630 4048 quomodo
2659 3978 2960 4032 differentia
2989 3983 3386 4036 contrariorum

1827 4073 1972 4142 cogit
2002 4072 2330 4127 coexsisterc
2356 4080 2544 4125 mutuo
2564 4070 2849 4140 opposita?

1900 4250 1954 4304 4.
1993 4248 2050 4304 Si
2078 4249 2217 4306 Deus
2248 4265 2354 4304 non
2383 4249 2556 4319 magis
2583 4248 2686 4304 scit
2716 4249 3002 4318 praesentia
3033 4262 3087 4305 et
3117 4255 3386 4322 praeterita

1829 4355 1992 4408 quam
2022 4340 2225 4408 futura,
2253 4357 2352 4397 cur
2371 4343 2443 4397 sit
2472 4342 2802 4412 impossibile
2832 4342 2982 4398 illum
3008 4345 3167 4401 sicuti
3198 4364 3226 4400 a
3253 4364 3387 4417 prae-

1831 4433 2074 4487 sentibus
2096 4443 2151 4488 et
2174 4449 2203 4486 a
2234 4431 2520 4502 praeteritis
2542 4471 2558 4496 ,
2599 4432 2674 4486 ita
2707 4433 2870 4488 etiam
2905 4451 2935 4490 a
2967 4435 3164 4491 futuris
3192 4438 3384 4492 distin—

181 4538 321 4591 οὕτω
343 4536 437 4594 καὶ
460 4545 571 4605 τοῖς
602 4538 817 4592 ἔσεσθαι
847 4539 1128 4609 μέλλουσιν
1173 4539 1726 4609 ἀντιδιαστέλλεσθαις
1763 4562 1804 4616 D
1831 4523 2037 4593 8'13”?
2075 4523 2229 4616 ρυοά
2270 4525 2316 4578 εί
2358 4538 2466 4578 που
2494 4536 2579 4616 ξεί
2613 4525 2950 4616 ίηῖβοεδίῦίίθ
2988 4527 3156 4582 DUM"
3191 4530 3387 4585 ἀίδιίη-

182 4627 288 4682 Καὶ
309 4630 359 4680 εί
377 4631 472 4684 οὐκ
494 4630 752 4684 ἀδύνατον
771 4628 1288 4683 ἀντιδιαστέλλεσθαι
1312 4633 1422 4694 τοῖς
1447 4631 1723 4700 μέλλουσιν

1830 4631 1993 4685 gnere
2020 4631 2049 4669 a
2068 4615 2283 4678 futuris,
2302 4629 2400 4668 cur
2417 4615 2545 4684 quia
2559 4615 2918 4687 distinguitur
2938 4633 2966 4672 a
2996 4619 3140 4672 malo
3163 4618 3382 4683 bonum,

182 4719 394 4773 ἔσεσθαι
446 4723 536 4775 τὸν
559 4723 712 4786 Θεὸν,
747 4721 861 4786 πῶς
889 4721 976 4775 διά
1013 4723 1076 4774 τὸ
1099 4708 1621 4777 ἀντιδιαστέλλεσθαι
1652 4724 1730 4795 τῷ

179 4811 367 4881 ἀγαθῴ
392 4811 518 4865 αὐτὸ
543 4811 606 4865 τὸ
630 4812 820 4877 κακὸν,
848 4811 1059 4881 ἀνάγκη
1089 4811 1350 4882 ἀγένητον
1377 4807 1513 4865 εἶναι
1539 4813 1602 4866 τὸ
1626 4832 1727 4868 κα-

179 4903 269 4955 κόν
286 4919 302 4968 ς
875 4936 880 4944 ς

242 5001 301 5050 ε’.
335 4995 398 5048 Εἰ
433 4993 644 5064 πρῶτον
670 4993 765 5046 τοῦ
802 4989 1030 5068 γενητοῦ
1071 4991 1132 5046 τὸ
1169 4991 1452 5065 ἀγένητον,
1485 4995 1730 5050 τουτέστι

175 5084 235 5138 τὸ
259 5085 450 5150 ἀΐδιον,
486 5083 579 5136 καὶ
604 5081 827 5151 ὕστερον
854 5069 916 5136 et
937 5081 1180 5151 γενητὸν,
1211 5081 1454 5133 τουτέστι
1481 5081 1541 5134 τὸ
1580 5083 1730 5154 πρῶ-

175 5190 262 5228 τον
293 5175 397 5245 μὲν
429 5175 502 5245 μὴ
523 5171 605 5234 ὃν,
636 5169 862 5241 ὕστερον
885 5171 942 5226 δὲ
969 5171 1213 5240 γεγονὸς,
1247 5170 1727 5245 ἀντιδιαστέλλεται

174 5265 228 5317 δὲ
367 5244 572 5338 γενητῷ
600 5261 664 5316 τδ
695 5263 976 5331 ἀγένητον·
1004 5261 1119 5325 πῶς
1159 5261 1220 5314 οὐ
1252 5261 1392 5314 κατά
1428 5278 1548 5314 τινα
1575 5244 1729 5331 λόγον

175 5357 390 5427 πρὺτοῦ
413 5353 548 5410 εἶναι
566 5373 622 5408 τι
641 5353 863 5424 γενητὸν
890 5352 1282 5407 ἀντιδιέσταλτο
1309 5351 1386 5421 τῷ
1407 5352 1482 5422 μὴ
1503 5356 1728 5424 παρόντι

173 5446 386 5517 γενητῷ
414 5448 473 5500 τὸ
503 5446 790 5517 ἀγένητον;
836 5443 899 5495 Εἰ
947 5443 1166 5497 δυνατὸν
1222 5431 1361 5496 καθά
1405 5460 1524 5496 τινα
1575 5445 1729 5514 λόγον

172 5537 699 5594 ἀντιδιαστέλλεσθαι
746 5532 824 5605 τῷ
865 5534 1030 5604 μήπω
1067 5533 1311 5602 γεγονότι
1330 5533 1410 5586 ’τὸ
1427 5533 1724 5605 ·ἀγένητον,

173 5633 284 5696 πῶς
301 5629 562 5684 ἀδύνατον
589 5629 729 5684 κατά
745 5643 864 5682 τινα
883 5624 1080 5696 τρόπον
1104 5625 1626 5682 ἀντιδιαστέλλεσθαι
1651 5629 1728 5698 τῷ

175 5725 338 5798 pip
361 5721 477 5776 ὄντι
513 5721 734 5794 πονηρῷ
758 5721 821 5775 τὸ
843 5718 1008 5774 ἀΐδιον
1042 5717 1272 5786 ἀγαθόν;

1832 4722 2050 4763 necesse
2078 4709 2148 4762 sit
2179 4708 2382 4762 malum
2407 4723 2528 4764 esse
2559 4709 2901 4763 increatum?

1995 4987 2050 5040 Si
2082 4988 2234 5058 prius
2257 5000 2438 5048 creato
2459 5001 2542 5048 est
2565 4994 2886 5066 inet-gatum,
2916 4993 2966 5046 id
2992 4999 3074 5047 est
3098 5001 3387 5058 aeternum,

1827 5086 1880 5132 et
1905 5075 2098 5133 deinde
2121 5092 2364 5137 creatum
2389 5124 2404 5147 ,
2454 5083 2507 5138 id
2547 5096 2630 5139 est
2667 5083 2840 5150 primo
2867 5082 3084 5150 quidem
3115 5085 3242 5138 olim
3281 5100 3385 5139 non

1828 5169 2093 5223 exsistens
2115 5179 2298 5236 postea
2320 5172 2519 5229 factum
2543 5193 2558 5239 ;
2584 5173 2934 5242 distinguitur
2953 5183 3184 5232 autema
3208 5188 3386 5230 creato

1830 5258 2159 5327 increatum;
2188 5265 2463 5332 quomodo
2488 5279 2592 5318 non
2627 5263 2806 5332 aliqua
2833 5273 2980 5320 certe
3003 5268 3232 5329 ratione,
3260 5280 3386 5321 ante

1828 5364 1990 5418 quam
2015 5348 2218 5418 aliquid
2245 5363 2390 5409 esset
2430 5355 2628 5408 factum
2655 5393 2671 5417 ,
2702 5353 3131 5426 distinguebatur
3168 5372 3196 5408 a
3247 5372 3384 5423 prm-

1828 5447 1982 5494 sente
2010 5450 2192 5498 creato
2227 5445 2570 5500 increatum?
2602 5445 2666 5498 Et
2696 5447 2740 5500 si
2770 5449 3030 5515 possibile
3058 5457 3169 5509 est,
3197 5455 3254 5497 ut
3281 5446 3383 5498 ali-

1829 5544 1931 5597 qua
1966 5529 2173 5586 ratione
2205 5535 2563 5603 di5tinguatur
2608 5551 2638 5589 a
2685 5523 2922 5611 npndum
2967 5537 3262 5590 exsistunte
3303 5539 3384 5589 in-

1829 5629 2098 5689 creatum;
2148 5627 2418 5695 quomodo
2467 5628 2802 5696 impossibile
2857 5639 2938 5682 est
2995 5629 3176 5696 aliquo
3222 5633 3384 5682 modo

1829 5710 2083 5782 distingui
2119 5732 2149 5770 a
2184 5716 2421 5774 nondum
2448 5719 2591 5773 malo
2622 5720 2672 5775 id
2710 5721 2854 5790 quod
2891 5729 3148 5774 :eternum
3179 5721 3384 5778 bonum

1829 5816 1910 5862 est
1929 5807 1952 5857 ?

3273 434 3378 495 558
3461 486 3464 490 .
