4048 6338
611 383 713 446 559

1858 390 2076 450 PAULI
2109 389 2548 454 CHRISTIANI

3729 393 3838 477 569.

622 506 626 520 ‘
678 496 730 547 6.
764 492 821 545 Si
856 491 1004 560 prius
1036 492 1247 560 ittCrplo
1267 502 1349 547 est
1377 508 1481 547 non
1521 501 1781 561 coeptum,
1829 503 1878 550 et
1906 497 2154 564 posteriu:

2347 507 2420 565 ς’.
2464 500 2530 556 Εἰ
2563 501 2776 572 πρῶτον
2806 502 2900 556 τοῦ
2928 502 3154 573 ὲνάρχου
3185 502 3244 555 τὸ
3264 503 3518 572 ἄναρχον,
3549 503 3644 555 καὶ
3675 499 3836 556 ﬁmi-

610 601 714 640 nou
749 595 926 653 empto
957 593 1041 637 cst
1079 585 1391 654 inceptum;
1427 585 1888 656 distinguiturque
1921 590 1985 640 ait
2019 590 2168 643 ince-

607 683 700 744 pto
724 690 829 729 non
875 685 1136 743 emptum,
1164 690 1263 729 cur
1294 692 1398 728 non
1433 677 1611 745 aliqua
1641 679 1847 732 ratione
1876 690 2167 748 antequam

606 767 808 836 aliquid
841 777 986 820 esset
1031 766 1342 836 inceptum?
1379 766 1444 820 Et
1476 768 1521 822 si
1565 768 1826 837 possibile
1865 779 1948 825 est
1985 771 2166 841 aliqua

606 861 812 912 ratione
837 858 1094 927 distingui
1137 873 1166 910 a
1202 858 1440 912 umidum
1486 859 1780 914 exsistente
1812 860 2029 930 incepto
2057 877 2166 917 non

606 961 837 1020 emptum
865 991 879 1014 ,
916 951 1190 1020 quomodo
1219 937 1554 1020 impossibile
1586 951 1656 1005 sit
1692 953 1925 1021 quadam
1953 955 2167 1009 ratione

605 1041 864 1111 distingui
888 1050 922 1095 a‘
949 1041 1187 1096 nonduin
1218 1041 1513 1096 exsistuntc
1547 1039 1690 1094 malo
1719 1039 1922 1098 bonum
1951 1044 2167 1097 increa-

607 1137 756 1191 tum?

674 1229 727 1281 7.
771 1227 976 1281 Bonum
1026 1237 1079 1280 et
1127 1225 1425 1282 increatum
1462 1225 1660 1282 virtute
1713 1225 1974 1296 propria,
2034 1223 2166 1278 illud

602 1316 817 1387 quidem
843 1317 1086 1371 habitqu
1107 1317 1476 1381 demonstrat,
1517 1317 1816 1372 increatum
1845 1325 2024 1370 autem
2055 1316 2166 1385 pri-

603 1411 891 1464 vationem.
953 1411 1146 1478 Atqne‘
1189 1410 1241 1463 in
1303 1411 1404 1464 hoc
1442 1410 1671 1464 invicem
1713 1409 1971 1464 differunt
2010 1426 2024 1462 :
2070 1405 2163 1481 sed

599 1500 914 1554 diiierentize
939 1499 1120 1564 modo,
1167 1514 1271 1553 non
1313 1500 1625 1570 discrepant
1651 1501 1790 1554 inter
1817 1514 1896 1554 se.
1937 1497 2165 1564 Quando

599 1593 739 1645 enim
773 1599 827 1644 et
859 1590 1131 1660 quomodo
1162 1590 1384 1654 bonum,
1416 1591 1668 1646 similiter
1693 1600 1747 1646 et
1776 1591 2074 1645 increatum
2111 1593 2164 1645 in

602 1683 711 1742 Deo
740 1683 1112 1754 distinguitur.
1646 1680 1651 1685 ’

669 1797 722 1851 8.
761 1799 817 1852 Si
855 1798 1112 1867 possibile
1145 1806 1222 1850 est
1270 1805 1754 1866 creata-quatenus
1791 1807 1917 1851 sunt
1946 1805 2125 1852 creata
2147 1839 2163 1866 ,

572 1901 649 1955 ,ct
712 1907 816 1945 non
861 1898 1036 1958 coepta
1075 1901 1341 1958 quatenus
1397 1888 1521 1942 talia
1569 1897 1716 1950 sunt.
1763 1903 1886 1944 esse
1925 1897 2161 1950 aeterna,

599 1980 857 2050 possibile
905 1993 1122 2048 quoque
1179 1978 1280 2032 erit
1328 1986 1588 2033 aeternum
1641 1992 1858 2046 quoque
1897 1989 2165 2046 quatenus

595 2081 855 2125 :eternum
905 2085 1026 2125 esse
1075 2081 1315 2124 creatum
1360 2053 1435 2124 et
1464 2077 1723 2136 carptum.
1767 2066 1921 2134 Quod
1975 2067 2021 2122 si
2063 2069 2165 2122 hoc

595 2165 827 2218 alterum
857 2172 940 2216 est
969 2161 1322 2230 impossibile,
1355 2161 1509 2231 prius
1531 2175 1748 2230 quoque
1777 2167 1930 2216 tieret
1957 2160 2164 2231 impos-

539 2259 549 2273 '
596 2253 772 2306 siltilc.
1157 2270 1165 2275 “

663 2344 718 2399 9.
763 2343 820 2396 Si
847 2341 1052 2411 qumvis
1085 2351 1211 2395 nota
1247 2341 1453 2395 ereatio
1481 2356 1590 2396 non
1622 2341 1681 2396 tit
1707 2343 1826 2398 sine
1853 2342 2032 2397 anima
2057 2385 2072 2408 ,
2105 2354 2164 2398 ut

594 2450 693 2489 vos
725 2434 946 2503 putatis,
986 2433 1166 2487 anima
1213 2444 1393 2487 autem
1443 2449 1551 2487 noti
1601 2448 1816 2503 semper
1850 2435 2066 2489 exsistit
2107 2436 2159 2489 in

594 2525 845 2588 materia,
881 2525 1156 2596 quomodo
1188 2533 1389 2578 aeterna
1425 2524 1531 2578 erit
1559 2525 1778 2590 creatio,
1808 2539 1928 2594 quae
1959 2525 2163 2596 absque

591 2619 772 2674 anima
789 2616 941 2689 ﬁat?

662 2709 752 2763 10.
798 2709 857 2763 Si
899 2707 1004 2763 alia
1033 2708 1251 2776 quidem
1299 2718 1382 2763 est
1431 2707 1626 2763 anima:
1661 2708 1876 2779 propria
1919 2709 2159 2774 creatio,

594 2801 702 2856 alia
732 2811 1057 2871 antcmrqua:
1085 2801 1203 2855 sine
1225 2801 1407 2856 anima
1441 2803 1535 2866 iit;
1568 2812 1622 2856 et
1641 2801 1684 2856 si
1713 2802 1909 2857 animae
1935 2802 2158 2872 quidem

591 2905 676 2950 est
704 2903 827 2948 nota
850 2893 1074 2958 creatio,
1109 2909 1229 2964 quze
1257 2902 1439 2947 autem
1468 2892 1586 2948 sine
1612 2894 1813 2959 anima,
1843 2894 2154 2964 ignoratur;

591 3002 688 3040 cur
715 3001 821 3039 non
848 2999 910 3038 ex
945 2984 1234 3054 incognitis
1263 2985 1395 3039 facit
1422 2985 1939 3048 demonstrationes,
1963 2998 2027 3038 ea
2052 2983 2164 3038 alia’

590 3072 868 3127 creatione
890 3111 906 3136 ,
948 3080 1144 3138 pra:t-r
1172 3072 1467 3140 cognitam,
1499 3071 1878 3128 demonstrans
1907 3075 2158 3143 proposi-

590 3163 794 3218 tionem
825 3163 1020 3217 suam?

662 3273 744 3328 ll.
771 3271 827 3329 Si
859 3274 1135 3329 increatus
1160 3284 1243 3331 est
1274 3273 1452 3340 Deus,
1483 3275 1609 3346 quia
1635 3275 1752 3330 sine
1780 3275 2154 3343 creatoribus;

588 3376 642 3421 et
672 3370 717 3421 si
746 3367 950 3436 absque
977 3366 1244 3437 principio
1275 3367 1404 3436 quia
1439 3378 1588 3420 caret
1619 3367 2025 3424 exordientibus
2058 3383 2153 3432 se;

587 3469 642 3512 ct
663 3459 864 3528 probus
889 3497 906 3521 ,
944 3463 1068 3528 quia
1111 3473 1219 3512 non
1253 3467 1338 3512 est
1370 3457 1685 3528 improbus;
1716 3468 1772 3514 et
1799 3459 1995 3524 bonus,
2026 3459 2154 3528 quia

588 3550 765 3604 malus
811 3565 915 3603 non
946 3558 1065 3614 est;
1107 3560 1162 3604 et
1202 3552 1248 3604 si
1289 3551 1639 3620 distinguitur
1681 3565 1713 3603 a
1753 3551 1983 3617 creatis,
2025 3551 2151 3621 quia

589 3649 834 3694 creantes
877 3653 986 3711 non
1031 3639 1224 3706 habet;
1262 3649 1316 3695 et
1352 3640 1421 3694 ab
1455 3640 1716 3710 inceptis,
1748 3643 1873 3710 quia
1911 3657 2072 3697 nemo
2101 3644 2152 3699 ei

587 3732 846 3801 originem
880 3732 969 3787 dat
994 3748 1009 3797 ;
1046 3741 1102 3787 et
1125 3733 1251 3802 quia
1281 3747 1382 3786 nec
1411 3733 1688 3802 improbus
1711 3744 1794 3788 est
1822 3749 1922 3790 nec
1951 3735 2148 3804 malus,

583 3823 938 3893 distinguitur
965 3824 1033 3878 ab
1067 3824 1313 3895 improbo
1334 3839 1400 3879 ac
1427 3825 1590 3880 malo.
2017 3831 2023 3837 '

657 3938 743 3992 12.
770 3939 826 3991 Si
857 3937 1112 4007 possibile
1132 3948 1214 3992 est
1239 3937 1422 3993 Deum
1440 3949 1565 3994 ante
1585 3955 1647 3994 ea
1671 3955 1793 4010 quae
1822 3948 1949 3995 sunt
1968 3950 2148 3995 creata

583 4048 704 4086 esse
733 4033 1054 4094 increatum,
1079 4030 1349 4099 simulque
1375 4047 1480 4086 non
1507 4033 1766 4102 distingui
1793 4013 2144 4102 ab‘inceptis;

584 4125 842 4195 possibile
870 4125 1056 4195 utique
1094 4123 1197 4178 erit
1229 4123 1392 4178 etiam
1421 4132 1546 4177 ante
1575 4123 1625 4177 id
1665 4125 1810 4193 quod
1841 4124 2144 4193 improbum

581 4228 700 4281 est,
731 4230 852 4270 esse
886 4218 1135 4285 probum,
1158 4231 1333 4286 neque
1357 4226 1532 4270 tamen
1559 4214 1820 4285 distingui
1845 4213 1916 4269 ab
1941 4213 2145 4284 impro-

586 4311 686 4375 bo;
714 4317 768 4362 et
791 4315 916 4360 ante
935 4307 1137 4362 malum
1160 4322 1283 4362 esse
1308 4307 1532 4372 bonum,
1557 4321 1732 4378 neque
1753 4314 1932 4361 tamen
1954 4306 2145 4361 distin-

583 4399 670 4468 gui
707 4411 737 4453 a
767 4397 930 4452 malo.

2272 606 2366 661 pov
2392 591 2488 645 τοῦ
2513 592 2741 663 ἐνὰρχου
2771 593 2831 646 τὸ
2869 593 3114 664 ἔναρχον,
3156 592 3639 647 ἀντιδιαστέλλεται
3668 593 3726 646 δὲ
3753 591 3840 665 τῷ

2270 683 2580 756 ὲνάρχῳ-τδ
2605 684 2875 756 ἄναρχον,
2895 685 3012 756 πῶς
3039 683 3102 736 οὗ
3133 701 3240 756 τινι
3257 685 3460 755 ’τρόπῳ
3501 685 3606 756 πρὸ
3635 683 3730 756 τοῦ
3755 683 3838 739 εἷ-

2269 754 2358 806 ναί
2385 771 2436 806 τι
2477 754 2740 825 ἔναρχονς
2781 755 2891 807 Καὶ
2918 756 2967 807 εἰ
2993 754 3216 808 δυνατόν
3241 771 3347 807 τινι
3373 754 3561 827 τρόπῳ
3593 755 3834 809 ἀντιδια-

2270 846 2583 900 στέλλεσθαι
2633 845 2714 917 τῷ
2762 845 2927 915 μήπω
2959 844 3184 916 παρόντι
3212 843 3427 915 ἐνάρχῳ
3469 843 3532 898 τὸ
3575 844 3833 915 ἄναρχον,

2269 937 2386 1002 πῶς
2407 938 2667 992 ἀδύνατον
2694 938 2838 992 κατά
2866 955 2989 992 τινα
3019 937 3174 1006 λόγον
3203 935 3722 992 ἀντιδιαπέλλεσθαι
3751 934 3838 1006 τῷ

2269 1027 2438 1097 μήπω
2466 1025 2691 1097 παρόντι
2723 1025 2878 1097 κακῷ
2906 1026 2967 1080 τὸ
2996 1025 3155 1081 καλὸν
3179 1026 3240 1080 τὸ
3258 1026 3553 1097 ἀγένητονς

2339 1223 2404 1287 ζ’.
2435 1224 2510 1277 Τὸ
2539 1223 2744 1293 ἀγαθὸν,
2769 1228 2866 1280 καὶ
2893 1223 2956 1278 τὸ
2975 1223 3239 1294 ἀγένητον
3261 1224 3488 1296 δυνάμει
3507 1222 3568 1276 τδ
3594 1224 3690 1294 μὲν
3715 1223 3838 1288 ἕξιν

2265 1315 2438 1386 δηλοῖ,
2470 1313 2532 1368 τὸ
2566 1315 2624 1369 δὲ
2657 1308 3227 1387 ἀγένητονστέρησιν.
3263 1313 3377 1366 Καὶ
3421 1313 3593 1383 τούτῳ
3625 1311 3724 1383 μὲν
3749 1311 3838 1364 δι-

2267 1385 2583 1476 ενηνόχασιν
2608 1405 2870 1491 ἀλλήλφν·
3092 1404 3279 1476 τρόπῳ
3305 1404 3405 1475 τῆς
3429 1401 3835 1470 ἀντιδιαστολῆς

2265 1497 2611 1570 διαφέρουσιν
2637 1488 2877 1570 ἀλλήλων
2905 1497 3174 1568 οὐδαμῶς.
3209 1496 3400 1551 Ὁπότε
3447 1490 3556 1567 γᾶρ
3591 1496 3736 1558 ὅπως
3763 1495 3838 1548 τὸ

2267 1589 2490 1657 ἀγαθὸν,
2513 1589 2710 1660 ὁμοίως
2736 1590 2830 1643 καὶ
2856 1589 2916 1642 τὺ
2940 1590 3221 1660 ἀγένητον,
3249 1588 3343 1642 ἐπὶ
3376 1586 3472 1642 τοῦ
3511 1587 3645 1640 Θεοῦ
3675 1587 3838 1641 ἀντι-

2265 1680 2651 1738 διαστέλλεται.

2336 1800 2406 1864 η’.
2450 1795 2512 1848 Εἰ
2551 1793 2774 1848 δυνατὸν
2802 1793 2873 1848 τά
2903 1793 3126 1864 γενητὰ,
3154 1793 3289 1849 καθὸ
3335 1793 3557 1866 γενητὰ,
3603 1793 3697 1848 καὶ
3732 1793 3838 1848 ἇν-

2267 1904 2412 1957 αρχα
2469 1886 2606 1942 καθὸ
2653 1887 2884 1961 ἇναρχα,
2935 1887 3080 1941 ἀΐδια
3130 1885 3291 1952 εἶναι,
3331 1886 3553 1942 δυνατὸν
3581 1886 3690 1958 ἄρα
3730 1886 3841 1940 καὶ

2266 1980 2328 2032 τὸ
2359 1979 2524 2032 ἀΐδιον
2575 1979 2710 2034 καθὸ
2757 1981 2944 2044 ἀΐδιον,
2994 1975 3134 2033 εἶναι
3173 1979 3398 2049 γενητὸν
3443 1979 3538 2034 καὶ
3579 1979 3834 2050 ἐναργον.

2267 2069 2404 2122 Εἰδὲ
2427 2069 2487 2123 τὸ
2508 2068 2755 2141 δεύτερον
2783 2068 3060 2133 ἀδύνατον,
3097 2067 3192 2121 καὶ
3231 2067 3292 2121 τὸ
3319 2066 3532 2138 πρῶτον
3554 2065 3661 2138 ἀρα
3693 2065 3840 2120 ἀδύ-

2265 2177 2424 2214 νατον
2431 2201 2445 2214 .

2335 2339 2402 2395 θ’.
2443 2339 2505 2393 Ei
2555 2341 2704 2394 πᾶσα
2735 2337 2990 2412 [γένεσις]
3025 2339 3343 2410 ὲγνωσμένη
3382 2335 3558 2408 ψυχῆς
3585 2335 3706 2406 δίχα
3738 2334 3841 2404 γί-

2262 2448 2411 2486 νεται
2447 2431 2697 2502 οὐδαμῶς
2727 2431 2850 2486 καθ’
2879 2433 3042 2502 ὑμᾶς,
3081 2431 3116 2500 ἡ
3149 2429 3206 2484 δὲ
3243 2430 3391 2502 ψυχὴ
3417 2430 3520 2484 οὐκ
3546 2429 3634 2496 ἀεὶ
3667 2429 3725 2482 ὲν
3756 2429 3837 2500 τῇ

2263 2524 2386 2595 ὕλῃ,
2441 2524 2558 2587 πῶς
2598 2524 2766 2589 ἀΐδιος
2820 2525 2855 2597 ἡ
2895 2523 3106 2594 γένεσις
3145 2521 3327 2594 ψυχῆς
3373 2522 3496 2593 δίκα
3552 2522 3628 2593 μὴ
3678 2537 3839 2592 γινο-

2264 2615 2399 2687 μένη
2417 2633 2432 2682 ;
2827 2662 2834 2667 ι

2334 2713 2385 2761 ι’.
2418 2707 2479 2760 Εί
2507 2706 2668 2777 ἑτέρα
2693 2706 2790 2777 μὲν
2819 2706 2923 2762 ίδῐα
2943 2707 3042 2778 τῆς
3068 2705 3246 2777 ψυχῆς
3268 2705 3303 2776 ἡ
3325 2703 3557 2774 γένεσις,
3581 2703 3740 2774 ἑτέρα
3771 2702 3838 2756 δὲ

2260 2799 2294 2869 ὴ
2330 2796 2510 2869 ψυχῆς
2541 2798 2727 2867 χωρίς·
2753 2797 2848 2851 καὶ
2880 2799 2914 2869 ἡ
2949 2798 3045 2868 μὲν
3077 2801 3176 2870 τῆς
3207 2797 3386 2869 ψυχῆς
3422 2795 3631 2866 γένεσις
3654 2795 3839 2864 ἐγνω-

2262 2886 2456 2958 σμένη,
2509 2889 2543 2958 ἡ
2595 2886 2654 2940 δὲ
2710 2886 2833 2956 δίχα
2885 2886 3064 2958 ψυχῆς
3110 2887 3408 2954 ἄγνωστοςο
3447 2883 3566 2948 πῶς
3617 2883 3716 2937 οὐκ
3765 2883 3837 2950 ἐξ

2259 2977 2552 3046 ἀγνώστων
2581 2979 2815 3031 ποιεῖται
2864 2977 2965 3041 τάς
2995 2975 3318 3042 ἀποδείξεις,
3348 2974 3408 3040 ἐξ
3437 2974 3634 3045 ἑτέρας
3666 2973 3838 3041 γενέ-

2261 3090 2399 3136 σεως
2427 3071 2580 3145 παρὰ
2605 3072 2706 3143 τὴν
2734 3071 3083 3143 ἔγνωεμένην
3105 3070 3472 3125 ἀποδεικνύων
3506 3069 3569 3124 τὸ
3601 3068 3838 3142 προκεί-

2181 3170 2224 3227 C
2261 3180 2442 3234 μενον;

2331 3281 2419 3330 ια’.
2467 3275 2532 3329 El
2588 3273 2848 3347 ἀγένητος
2879 3278 2909 3330 ὁ
2930 3275 3067 3354 ’Θεὸς
3118 3275 3194 3348 μὴ
3213 3275 3400 3330 ’ὄντων
3434 3275 3696 3346 γενητῶν,
3727 3274 3836 3328 καὶ

2255 3369 2490 3441 ἄναρχος
2516 3369 2591 3442 μὴ
2612 3369 2780 3425 ὄντων
2805 3370 3069 3442 ἐνάρκων,
3096 3369 3192 3425 καὶ
3218 3367 3421 3438 ἀγαθὸς
3443 3367 3519 3439 μὴ
3541 3366 3690 3432 ὄντος
3710 3367 3837 3439 ἄρα

2255 3461 2515 3533 πονηροῦ,
2542 3462 2636 3517 καὶ
2672 3461 2835 3526 καλὸς
2869 3463 2943 3534 μὴ
2988 3462 3140 3526 ὄντος
3163 3461 3355 3516 κακοῦο
3388 3460 3482 3515 καὶ
3527 3460 3578 3512 εί
3620 3458 3838 3513 ἀντιδι-

2254 3551 2503 3605 ἐσταλται
2533 3554 2779 3623 γενητοῖς
2820 3552 3061 3624 γενητῶν
3094 3552 3170 3624 μὴ
3206 3552 3396 3615 ὅντων,
3435 3551 3530 3604 καὶ
3572 3549 3836 3620 ἑνάρχοις

2256 3645 2332 3715 μὴ
2360 3643 2528 3698 ὅντων
2560 3645 2826 3715 ἑνάρχων,
2861 3644 2958 3698 καὶ
2998 3643 3232 3715 πονηροῦ
3280 3641 3392 3714 ἀρα
3433 3640 3510 3712 μὴ
3532 3640 3681 3705 ὄντος
3723 3640 3837 3696 καὶ

2250 3734 2447 3801 κακοῦ,
2479 3737 2918 3791 ἀντιδιέσταλται
2957 3733 3180 3806 πονηρῷ
3214 3750 3272 3787 τε
3301 3732 3394 3787 καὶ
3421 3731 3594 3805 κάκεῖ..

2320 3935 2406 4006 ιβ’.
2456 3936 2519 3989 Εἰ
2546 3936 2768 3990 δυνατὸν
2802 3935 2895 4007 νὺν
2924 3933 3055 3988 Θεὸν
3092 3933 3198 4008 πρὸ
3243 3935 3354 3988 τῶν
3386 3932 3630 4005 γενητῶν
3672 3925 3828 3988 εἶναι

2251 4029 2350 4100 μὲν
2389 4029 2672 4103 ἀγένητον,
2727 4028 2801 4099 μὴ
2854 4028 3374 4084 ἀντιδιαστέλλεσθαι
3409 4025 3466 4078 δὲ
3502 4027 3614 4088 τοῖς
3651 4024 3827 4094 ὲνάρ-

2247 4136 2382 4190 χοις·
2432 4121 2654 4175 δυνατὸν
2708 4122 2816 4192 ἀρα
2851 4123 2944 4175 καὶ
2981 4121 3086 4193 πρὸ
3127 4119 3222 4175 τοῦ
3257 4116 3492 4189 πονηροῦ
3532 4112 3670 4171 εἶναι
3708 4115 3822 4186 μὲν

2245 4211 2468 4280 ἀγαθὸν,
2496 4212 2571 4282 μὴ
2596 4212 3115 4267 ἀντιδιαστέλλεσθαι
3134 4212 3192 4266 δὲ
3211 4211 3288 4283 τῷ
3311 4209 3550 4282 πονηρῷο
3579 4209 3673 4263 καὶ
3701 4207 3821 4280 πρὸ

2243 4303 2339 4379 rce-Ti
2396 4304 2567 4358 κακοῦ
2619 4301 2753 4360 εἶναι
2798 4306 2898 4378 μὲν
2941 4306 3122 4370 καλὸν,
3169 4305 3246 4376 μὴ
3286 4289 3816 4360 ἀντὶδιαστέλλεσῡαι

2241 4395 2297 4450 δὲ
2323 4397 2400 4468 τῷ
2427 4405 2601 4469 κακῷ.

651 4498 740 4563 1³5.
772 4507 830 4561 Si
855 4508 1009 4563 decet
1036 4504 1206 4562 Deum
1231 4507 1435 4561 bonum
1459 4506 1718 4580 distingui
1744 4521 2052 4563 necessario
2073 4479 2142 4562 ab

2318 4517 2406 4580 ιγ’.
2444 4510 2506 4565 Εἰ
2548 4513 2758 4584 πρέπον
2806 4512 2921 4566 ἐστὶ
2953 4511 3044 4566 τὸν
3076 4512 3208 4566 Θεὸν
3236 4511 3437 4582 ἀγαθὸν
3467 4510 3810 4582 ὑπάρχοντα,

580 4617 647 4656 eo
675 4599 820 4669 quod
854 4600 1071 4668 proprie
1109 4599 1314 4654 malum
1347 4607 1471 4664 est,
1513 4608 1566 4653 et
1612 4600 1911 4655 increatum
1955 4614 1986 4654 a
2024 4600 2142 4669 suis

581 4691 884 4760 creaturisz;
924 4692 1494 4747 convenientissimum
1529 4699 1614 4746 est
1650 4692 1910 4763 distingui
1957 4693 2028 4747 ab
2073 4694 2142 4748 iis

579 4802 700 4857 qua:
717 4801 783 4841 ex
802 4785 921 4855 ipso
942 4793 1069 4838 sunt
1091 4798 1184 4852 per
1196 4784 1550 4849 creationem,
1573 4783 1653 4838 vel
1672 4783 1849 4839 futura
1866 4799 1930 4838 ex
1950 4785 2140 4839 eodem

579 4886 892 4952 suntprout
912 4877 1162 4931 voluntas
1187 4875 1386 4930 tulerit.

647 5057 738 5110 14.
782 5054 841 5109 Si
877 5071 946 5110 ex
990 5070 1100 5109 uno
1140 5053 1406 5124 principio
1455 5063 1582 5110 sunt
1627 5061 1928 5119 elementa,
1981 5061 2141 5124 prout

577 5165 673 5203 vos
703 5147 881 5201 dicitis
904 5185 921 5211 ,
949 5146 1064 5202 hate
1085 5155 1265 5201 autem
1300 5146 1528 5201 invicem
1556 5147 1915 5202 adversantur
1936 5189 1953 5210 ,
1995 5161 2136 5216 quo-

579 5240 743 5296 modo
790 5253 857 5294 ex
908 5239 1303 5294 contrariorum
1349 5240 1688 5309 oppositione
1736 5237 1846 5293 duo
1897 5238 2137 5292 iucreata

577 5334 845 5389 exsistunt
891 5331 1198 5402 principia?
1246 5331 1488 5404 Namque
1542 5332 1692 5398 haec,
1749 5331 1875 5385 licet
1904 5330 2135 5386 invicem

577 5423 897 5477 naturaliter
943 5421 1256 5487 contraria,
1309 5435 1373 5476 es
1433 5435 1540 5476 una
1572 5420 1799 5477 materia
1849 5427 2019 5484 sunt,
2076 5428 2136 5474 ut

577 5513 814 5567 (rc-ditis.

649 5604 732 5659 l5.
780 5603 835 5658 Si
871 5603 1322 5673 quemadmodum
1369 5607 1634 5661 elementa
1669 5603 1908 5658 invicem
1946 5603 2134 5659 adver-

2242 4603 2765 4658 ἀντιδιαστέλλεσθαι
2803 4602 2924 4656 κατ’
2960 4603 3204 4675 ἀνάγκην
3231 4603 3312 4674 τῷ
3347 4602 3459 4674 ίδίῳ
3494 4602 3669 4674 κακῷ.
3708 4605 3812 4658 καὶ

2243 4694 2508 4766 ἀγένητον
2534 4695 2663 4750 ὄντα
2684 4698 2798 4759 τοῖς
2823 4695 2884 4760 ἐξ
2908 4695 3115 4750 ἐκείνου
3144 4695 3502 4766 γιγνομένοις
3529 4695 3814 4767 πρεπωδέ-

2247 4804 2439 4841 στατον
2461 4789 2571 4858 ἀρα
2597 4786 2796 4858 μᾶλλον
2822 4785 3344 4841 ἀντιδιαστέλλεσθαι
3368 4789 3482 4851 τοῖς
3510 4788 3600 4858 ὑφ’
3631 4785 3810 4841 αὐτοῦ

2248 4879 2386 4932 κατά
2413 4878 2650 4949 ποίησιν,
2683 4879 2775 4932 καὶ
2797 4879 2907 4944 τοῖς
2935 4877 2995 4944 ἐξ
3014 4877 3224 4931 ἐκείνου
3245 4876 3368 4937 καθ’
3404 4878 3616 4950 αἵρεσιν
3635 4892 3808 4946 γενη-

2246 4971 2514 5040 σομένοις.
3299 5003 3302 5005 λ

2312 5063 2390 5117 ιδ’.
2416 5065 2477 5116 Εἰ
2504 5067 2567 5117 ἐκ
2599 5063 2727 5131 μιᾶς
2755 5063 2928 5134 ἀρχῆς
2956 5062 3024 5115 τὰ
3055 5063 3286 5132 στοιχεῖα
3309 5060 3433 5117 καθ’
3458 5061 3620 5131 ὑμᾶς.
3647 5058 3808 5113 ἀντί-

2241 5171 2416 5208 κειται
2447 5154 2506 5208 δὲ
2529 5151 2700 5207 ταῦτα
2728 5153 2994 5226 ἀλλήλοις,
3017 5151 3135 5215 πῶς
3155 5152 3244 5208 διά
3268 5154 3369 5226 τὴν
3395 5153 3504 5207 τῶν
3538 5151 3803 5206 ἐναντίων

2237 5247 2527 5309 ἀντίθεσιν,
2561 5245 2773 5316 ἀνάγκη
2795 5245 2888 5299 δύο
2905 5245 3195 5314 ἀγενήτους
3217 5242 3357 5302 εἶναι
3378 5243 3578 5316 me“
3609 5242 3804 5298 Ταῦτα

2238 5339 2366 5408 γὰρ,
2400 5337 2578 5393 καίτοι
2611 5337 2770 5407 φύσει
2802 5337 3017 5390 ἐναντία
3057 5335 3327 5409 ἀλληλοις,
3374 5337 3440 5391 ἐκ
3488 5336 3616 5406 μιᾶς
3660 5333 3803 5409 ὕλης

2236 5430 2357 5484 καθ’
2389 5431 2554 5501 ὑμᾶς.

2307 5614 2387 5660 ιε’.
2419 5604 2482 5659 Εἰ
2508 5605 2695 5677 ὥσπερ
2720 5603 2789 5658 τὰ
2816 5608 3049 5677 στοιχεῖα
3071 5605 3368 5660 ἀντίκειται
3404 5603 3539 5674 πρὸς
3561 5605 3795 5677 ἄλληλα,

573 5707 793 5759 saritur,
843 5696 921 5753 sic
951 5698 1110 5752 etiam
1152 5698 1352 5755 bonum
1389 5698 1564 5764 male;
1609 5698 1846 5754 vicissim
1878 5698 2038 5756 ambo
2064 5713 2129 5756 ex

2257 5698 2374 5752 Ιὔτω
2417 5701 2510 5752 καὶ
2536 5699 2598 5751 τὸ
2627 5696 2827 5766 ἀγαθὸν
2855 5699 2995 5771 πρὸς
3027 5698 3090 5752 τὸ
3114 5698 3300 5754 κακόνο
3335 5698 3430 5754 καὶ
3458 5697 3694 5768 ἔμπαλιν
3722 5699 3797 5752 ὲκ

506 5776 516 5785 ’
577 5801 684 5844 ulto
717 5788 983 5859 principio
1015 5801 1190 5844 erunt.

2235 5793 2361 5860 μιᾶς
2395 5791 2603 5845 ἔσονται
2633 5789 2802 5861 ἀρχῆς
2828 5791 3079 5861 ἑκάτερα.
