4048 6338
206 426 292 487 ὀίὶί
633 471 639 476 -
1071 433 1527 494 lllSPli'l'A'I‘ltl
1556 432 1710 491 tll".\l
1746 431 1753 488 1

1855 431 2071 488 ΝΓΙΧΗ
2115 433 2538 494 ;\l.\.\'ltlll.liH.
3315 440 3417 500 ῖιιξζ

271 549 333 594 α’.
370 544 433 596 Εἰ
473 545 551 609 ὡς
578 549 791 618 γενησις
826 548 912 601 καὶ
952 548 1119 618 φθορὰ
1148 547 1461 610 ἀντίκειται,
1490 546 1632 616 ἀρχὴ
1661 546 1753 598 καὶ
1781 547 1826 602 Α

209 634 346 696 τέλος
370 636 585 689 ἔσονταί
614 655 756 700 τινος
785 639 1158 692 ὑποκειμένου.

268 835 331 902 β’.
359 835 423 889 Εἰ
450 836 530 899 ὠς
558 837 670 906 φῶς
702 838 792 890 καὶ
826 838 1012 900 σκότος
1032 823 1358 890 ἷιντίκεινται
1386 849 1443 887 αι
1467 835 1560 888 δύο
1589 835 1753 904 ἀρχαὶ

204 925 327 993 πρὶς
357 925 609 995 ἀλλήλας,
641 928 767 991 τοὺς
811 927 968 991 ἰδίους
1004 927 1322 982 ἀλλάσσουσι
1352 928 1549 990 τόπους
1580 926 1750 979 διαδο-

204 1014 382 1085 χικῶς.

265 1114 329 1175 γ’.
363 1109 427 1161 Εἰ
453 1107 528 1171 ὡς
558 1108 706 1171 νόσος
750 1108 884 1178 πρὸς
925 1109 1134 1176 ὑγίειαν
1171 1107 1232 1160 τὸ
1258 1107 1424 1160 κακὸν
1458 1108 1752 1161 ἀντίκειται

203 1198 328 1266 πρὸς
349 1199 410 1252 τὸ
433 1199 648 1269 ἀγαθὸν,
682 1201 774 1253 καὶ
801 1201 1084 1264 ἀνάπαλιν,
1117 1199 1226 1264 ἕξις
1257 1199 1461 1252 ἔσονται
1483 1199 1597 1260 ἑνὸς
1623 1200 1753 1253 ὑπο-

204 1291 470 1360 κειμένου.

265 1381 324 1436 δ’.
360 1383 423 1434 Εἰ
444 1381 518 1443 ὡς
543 1381 731 1434 λευκὸν
759 1383 852 1434 καὶ
874 1381 1038 1450 μέλαν
1069 1381 1394 1434 ἁντίκεινται
1425 1379 1669 1450 ἀλλήλοις
1699 1382 1750 1432 αἰ

202 1475 376 1546 ἀρχαὶ,
411 1473 750 1545 συμϐεϐηκὸς
783 1473 994 1547 ἔσονταί
1026 1489 1168 1534 τινος
1199 1473 1572 1542 ὑποκειμένου.

265 1571 320 1616 ε’.
356 1566 419 1618 Εἰ
447 1567 518 1630 ὡς
541 1566 708 1638 ἁρετὴ
741 1567 870 1637 πρὸς
899 1566 1096 1619 καᾶιίαν
1115 1567 1165 1617 αί
1191 1565 1282 1618 δύο
1311 1567 1475 1636 ἁρχαὶ
1497 1565 1754 1618 ἀντίκειν-

200 1673 281 1710 ται
306 1657 574 1727 ἀλλήλαις,
612 1658 940 1729 κατόρθωμα
983 1659 1016 1728 ἦ
1072 1661 1317 1728 πταῖσμα
1358 1656 1569 1710 ἔσονταί
1612 1673 1752 1719 τινος

204 1749 573 1820 ὑποκειμένου.

268 1869 359 1926 ις’.
408 1863 472 1916 Ei
522 1864 658 1933 μήτε
709 1861 786 1927 ὡς
822 1867 1056 1934 στοιχεῖα
1091 1862 1226 1934 πρὸς
1253 1862 1477 1932 ἄλληλα,
1514 1860 1650 1931 μήτε
1677 1859 1751 1922 ὡς

204 1954 404 2020 γένεσις
435 1953 524 2007 καὶ
554 1953 746 2026 φθορὰ,
777 1958 911 2027 μήτε
943 1956 1018 2020 ὠς
1042 1953 1233 2008 λευκὸν
1263 1955 1354 2007 καὶ
1395 1953 1580 2022 μέλαν,
1617 1956 1749 2022 μήτε

201 2046 270 2108 ὡς
298 2046 412 2114 φῶς
445 2047 534 2099 καὶ
566 2047 776 2110 σκότος,
808 2049 942 2118 μήτε
979 2048 1053 2110 ὡς
1080 2049 1230 2110 νόσος
1261 2047 1352 2099 καὶ
1381 2037 1576 2114 ὖγίεια,
1616 2045 1750 2113 μήτε

202 2138 270 2188 ὡς
299 2136 467 2207 ἀρετὴ
494 2139 586 2190 καὶ
618 2137 783 2190 κακία
809 2139 1133 2191 ἀντίκεινται
1163 2137 1416 2207 ἀλλήλαις
1453 2137 1507 2188 αἱ
1536 2135 1628 2188 δύο
1651 2136 1748 2203 ἁρ-

202 2225 306 2297 χαί.
349 2227 431 2280 Τὰ
469 2228 573 2299 γὰρ
599 2229 942 2298 ἀντικείμενα
965 2227 1150 2280 τούσδε
1184 2230 1309 2289 τοὺς
1343 2227 1572 2298 τρόπους
1603 2227 1750 2277 ἀντί-

203 2335 400 2371 κεινται
424 2322 551 2390 παρ’
577 2320 727 2389 ἡμῖν.

265 2429 347 2495 ιζ’.
382 2432 445 2485 Εἰ
471 2432 506 2504 ἡ
529 2434 738 2503 πονηρὰ
766 2432 906 2503 ἀρχὴ
939 2431 1046 2486 τῶν
1069 2432 1382 2502 Μανιχαίων
1404 2434 1469 2501 τῇ
1499 2430 1596 2501 μὲν
1625 2432 1774 2497 ἀγαο.

202 2521 262 2592 Θῇ
294 2523 436 2602 ἀρχῇ
464 2525 758 2578 ἀντίκειται
797 2525 1146 2589 ὑπεναντίοις,
1169 2525 1280 2587 τοῖς
1299 2525 1356 2578 δὲ
1375 2525 1432 2590 ἐξ
1460 2524 1628 2592 αὐτῆς
1653 2525 1751 2574 οὐκ

202 2614 466 2677 ἐναντίως·
498 2615 786 2684 εἰρηνικῶς
813 2616 920 2686 ἄρα
954 2616 1087 2689 πρὸς
1116 2617 1186 2669 τὰ
1216 2615 1273 2682 ἐξ
1305 2616 1493 2684 αὐτῆς,
1532 2615 1752 2683 πολεμι-

203 2703 303 2766 κῶς
327 2706 384 2758 δὲ
405 2708 537 2776 πρὸς
557 2707 656 2775 τὴν
685 2708 893 2777 ἀγαθὴν
921 2708 1032 2778 ἔχει
1060 2709 1252 2778 ἀρχήν·
1279 2710 1328 2760 εἰ
1354 2707 1408 2760 δὲ
1432 2707 1606 2769 τοῦτο,
1637 2705 1751 2770 πῶς

200 2795 263 2847 τὰ
287 2795 344 2860 ἐξ
369 2798 535 2867 αὐτῆς
561 2799 815 2861 ἐναντίως
845 2799 1142 2851 ἀντίκειται
1161 2797 1438 2868 ἀλλήλοις;
1458 2797 1622 2850 Οὐδὲν
1645 2797 1752 2866 γὰρ

201 2888 479 2958 εἰρηνικῶς
512 2889 635 2958 ἕχον
668 2889 804 2960 πρὸς
833 2889 903 2943 τὰ
937 2888 999 2955 ἐξ
1032 2890 1195 2944 αὐτοῦ
1229 2888 1566 2960 πολεμοῦντα
1592 2889 1753 2958 ἀλλή-

201 2979 304 3044 λοις
331 2981 514 3051 γεννᾷ.
1211 3053 1229 3069 ⁸

267 3100 354 3163 ιη’.
402 3095 463 3148 Εἰ
500 3095 653 3150 οὐδὲν
690 3093 798 3148 τῶν
831 3095 1237 3166 ἀντικειμένων,
1266 3093 1418 3147 δυσὶν
1455 3094 1752 3147 ἀντίκειται

199 3187 472 3251 ἐναντίοις,
502 3188 618 3250 πῶς
647 3189 680 3256 ἡ
702 3187 844 3257 κακὴ
865 3187 1008 3257 ἀρχὴ
1036 3187 1132 3257 μία
1159 3183 1312 3252 οῦσα,
1343 3187 1597 3249 ἐναντίως
1617 3186 1752 3238 ἀντί-

201 3294 370 3331 κειται
391 3281 456 3350 τῇ
485 3296 542 3331 τε
564 3279 741 3349 ἀγαθῇ
771 3279 912 3350 ἀρχῇ
941 3280 1034 3331 καὶ
1057 3281 1168 3342 τοῖς
1195 3278 1255 3343 ἐξ
1277 3278 1478 3348 αῦτῆς;

268 3411 353 3466 ιϐ’.
385 3414 445 3466 Εἰ
473 3414 669 3484 ἀληθὲς
690 3413 1082 3483 τὸλεγόμενον,
1113 3414 1195 3476 ὡς’
1223 3413 1314 3466 καὶ
1344 3412 1558 3482 ἀληθὲς,
1593 3409 1653 3463 τὸ
1687 3410 1754 3462 τὰ

201 3503 407 3556 ἐναντία
455 3505 551 3574 οὐχ
601 3506 832 3569 ἑαυτοῖς,
863 3505 997 3574 πρὸς
1053 3504 1252 3574 ἄλληλα
1301 3504 1356 3555 δὲ
1399 3501 1749 3563 ἀντικεῖσθαι,

189 3595 311 3658 ,πῶς
354 3597 387 3665 ἡ
411 3599 556 3666 κακὴ
589 3596 731 3667 ἀρχὴ
759 3598 922 3667 ἑαυτῇ
959 3597 1256 3650 ἀντίκειται
1287 3595 1406 3648 καθ’
1437 3597 1614 3664 ῦμᾶς;
1647 3595 1755 3646 Καὶ

200 3690 245 3738 εἰ
284 3688 435 3740 οὐδὲν
502 3689 611 3742 τῶν
653 3691 908 3743 ἐναντίων
949 3688 1124 3759 ἑαυτῷ
1175 3706 1236 3742 τε
1297 3689 1594 3743 ἀντίκειται
1660 3687 1754 3739 καὶ

198 3779 354 3849 ἄλλῳ,
403 3778 518 3841 πῶς
575 3780 607 3848 ἠ
671 3781 882 3851 πονηρὰ
931 3780 1071 3850 ἁρχὴ
1115 3782 1279 3850 ἑαυτῇ
1338 3797 1399 3833 τε
1457 3780 1753 3832 ἀντίκειται

201 3871 287 3922 καὶ
329 3873 404 3940 ,τῇ
461 3870 673 3940 ἀγαθῇς
717 3871 867 3923 Ἐπεὶ
899 3871 1049 3924 ἔσται
1091 3872 1230 3941 ἀρχὴ
1277 3871 1335 3937 ἐξ
1385 3871 1576 3941 ἀρχῆς,
1619 3871 1754 3937 ὅπερ

199 3978 386 4015 ατοπον
393 4000 408 4014 ο

263 4085 328 4131 κ’.
353 4077 415 4130 Εἰ
446 4076 508 4129 οὐ
537 4077 736 4146 πρέπει
769 4076 888 4146 Θεῷ
915 4079 1086 4129 ποιεῖν
1110 4077 1364 4130 τάναντία
1394 4078 1532 4148 κατὰ
1565 4076 1752 4147 χρείαν

199 4168 300 4221 τῶν
323 4168 677 4238 γιγνομὲνων,
717 4169 830 4232 πῶς
882 4170 1078 4240 πρέπει
1120 4169 1268 4240 αὑτῴ
1300 4169 1385 4223 διὰ
1413 4169 1510 4240 τὴν
1548 4170 1751 4223 οἰκείαν

201 4267 376 4330 χρείαν
397 4262 588 4330 γεννᾷν
615 4261 674 4324 ἐξ
694 4260 890 4323 αὐτοῦς
926 4262 1031 4314 Καὶ
1062 4263 1109 4314 εί
1139 4261 1387 4330 ἀνενδεὴς
1415 4263 1513 4330 μὲν
1533 4263 1560 4314 ὁ
1585 4261 1751 4313 ποιῶν

199 4354 280 4406 διὰ,
305 4354 400 4422 τὴν
439 4352 545 4405 τῶν
567 4353 740 4406 ἄλλων
767 4353 977 4423 χρείαν,
1003 4353 1186 4424 ἐνδεὴς
1207 4354 1261 4405 δὲ
1293 4356 1320 4406 ὁ
1348 4353 1435 4406 διὰ
1464 4353 1563 4424 τὴν
1593 4354 1746 4416 ἰδίαν,

201 4443 310 4509 πιῖις
345 4446 447 4499 οὐκ
498 4444 683 4513 ἐνδεὴς
733 4445 828 4514 μὲν
871 4446 899 4497 ὁ
937 4445 1044 4498 τῶν
1087 4446 1402 4516 Μανιχαίων
1445 4446 1585 4509 θεὸς,
1629 4446 1749 4498 κατ’

204 4534 330 4588 ἰδίαν
351 4535 544 4605 χρείαν
571 4534 856 4605 γεννήσας,
889 4533 964 4595 ὣς
995 4549 1155 4599 φασιν
1178 4550 1192 4598 ;

264 4740 362 4785 κα’.
405 4733 469 4784 Εἰ
501 4733 836 4801 κοινωνείτῇ
880 4728 1055 4799 ἀγαθῇ
1095 4729 1235 4797 ἀρχῇ
1271 4729 1303 4797 ὴ
1335 4730 1495 4800 κακὴ,
1532 4734 1625 4783 καὶ
1659 4730 1748 4782 τοῦ

199 4819 326 4875 εἶναι
357 4825 454 4875 καὶ
492 4823 583 4875 τοῦ
620 4822 747 4874 ποτὲ
782 4817 939 4884 εἶναι,
971 4819 1062 4872 καὶ
1099 4818 1190 4870 τοῦ
1223 4816 1324 4869 ποῦ
1376 4814 1531 4882 εἶναι,
1564 4820 1751 4888 ὥσπερ

200 4918 390 4987 καὶτῷ
422 4917 574 4969 ὕδατι
612 4915 705 4967 τοῦ
755 4933 812 4968 τε
844 4910 976 4967 εἶναι
1017 4911 1110 4964 καὶ
1147 4911 1239 4962 τοῦ
1284 4913 1546 4980 στοιχείου
1590 4910 1746 4965 εἶναι’

198 5010 491 5061 ἀντίκειται
535 5008 591 5060 δὲ
647 5009 781 5076 αὐτῇ
831 5007 971 5059 κατὰ
1007 5005 1064 5057 τὸ
1115 5005 1279 5056 κακον
1337 5005 1492 5072 μόνον
1542 5009 1639 5059 καὶ
1691 5011 1751 5061 τὸ

198 5099 414 5165 ἀγαθὸν,
450 5100 590 5151 ὥστε
630 5101 721 5151 καί
756 5099 815 5152 τὸ
841 5100 950 5168 πῦρ
994 5099 1127 5168 πρὸς
1190 5097 1245 5148 τὸ
1305 5095 1444 5164 ὕδωρ
1496 5100 1632 5151 κατὰ
1690 5101 1750 5152 τὸ

200 5191 394 5259 (θερμὸν
424 5193 604 5261 μόνον,
650 5195 711 5244 ἐκ
746 5193 873 5259 μιᾶς
907 5192 1078 5260 ἀρχῆς
1115 5189 1319 5242 ἔσονται
1359 5189 1663 5257 ἀμφότεραι
1697 5194 1748 5243 αί

199 5285 379 5352 ἀρχαῖ’
432 5288 524 5338 καὶ
566 5288 672 5355 γὰρ
709 5287 767 5337 τὸ
795 5284 903 5354 πῦρ
935 5285 1110 5337 καὶτὸ
1148 5284 1286 5351 ὕδωρ
1316 5283 1376 5332 ὲκ
1421 5284 1547 5350 μιᾶς
1581 5283 1751 5354 ἀρχῆς

202 5376 520 5445 ἀμφότερον.

259 5573 362 5640 κβκ
397 5572 460 5623 Ei
493 5572 641 5624 οὐδὲν
686 5575 794 5626 τῶν
849 5574 1102 5626 ἐναντίων
1161 5574 1350 5638 κοσμεῖ
1408 5569 1460 5619 τίκ
1521 5569 1747 5635 σύζυγον

197 5667 359 5735 αὐτῷ,
408 5665 529 5715 οῦτε
581 5669 696 5716 κατ’
731 5669 969 5735 ἀνάγκην
1017 5666 1133 5717 οὗτε
1191 5667 1323 5716 κατα
1377 5664 1579 5732 χρίειν,
1619 5666 1649 5729 ἠ
1697 5664 1752 5715 δὲ

165 5760 368 5826 ,άγπῦὴ
411 5756 552 5824 ἁρχὴ
599 5756 868 5820 ἐκόςμηςε
911 5760 1002 5822 τὴν
1040 5758 1166 5823 ιλην
1213 5759 1326 5807 κατ’
1356 5757 1614 5820 ἀνάγκην
1655 5757 1749 5804 οῦκ

197 5852 340 5903 ἔσται
372 5852 533 5918 αἷμα
577 5846 671 5912 Ἰολῐ,
707 5848 913 5898 ἐναντία
943 5867 1002 5912 τῇ
1039 5850 1207 5916 ἁγαῦἦ
1239 5852 1372 5918 ἀρχῇ
1469 5853 1555 5916 ir];
1589 5848 1639 5897 ὀὶ
1677 5849 1748 5915 μὴ

1932 546 2000 596 l".
2061 545 2117 597 Si
2170 554 2228 598 ut
2273 546 2548 615 generatio
2591 557 2641 598 o-t
2693 549 2966 616 corruptio
3020 549 3157 602 inter
3209 565 3266 604 sc
3317 553 3412 604 ad-

1857 643 2142 688 versantur
2166 677 2178 698 ,
2221 634 2543 703 principium
2581 646 2632 688 et
2679 637 2799 692 linis
2826 648 2988 692 erunt
3020 639 3250 710 alicujus
3281 641 3412 695 sub-

1851 726 2003 796 jecti.

1922 835 1998 887 9.".
2034 834 2090 887 Si
2119 844 2176 888 nt
2207 835 2293 888 lux
2326 845 2378 888 et
2402 835 2634 890 tenehrze
2665 837 2891 891 invicem
2932 849 3060 897 sunt
3090 840 3396 904 contrariae,

1854 925 1932 980 sic
1964 925 2073 978 dun
2103 925 2362 995 principia
2391 927 2531 981 inter
2561 944 2619 983 se
2642 966 2658 992 ,
2688 928 2836 984 locos
2872 945 3003 984 suos
3028 930 3252 984 alternis
3286 945 3414 999 pcr-

1854 1019 2160 1074 mntabunt.
2451 1085 2457 1090 _

1923 1107 1998 1160 3".
2053 1108 2108 1160 Si
2161 1120 2217 1160 ut
2260 1109 2482 1162 morbus
2531 1111 2788 1172 sanitati,
2825 1111 2897 1164 ita
2946 1113 3149 1166 malum
3190 1127 3415 1180 opponi-

1853 1202 1941 1246 tur
1970 1193 2114 1249 bono
2134 1236 2147 1258 ,
2188 1206 2240 1249 et
2269 1186 2392 1250 vice
2419 1212 2570 1251 versa
2599 1236 2612 1260 ,
2648 1199 2864 1252 habitus
2891 1209 3048 1253 erunt
3082 1200 3244 1254 unius
3287 1206 3417 1254 sub-

1850 1299 2002 1357 jccll.

1921 1379 1999 1431 4ο.
2038 1379 2092 1434 Si
2124 1388 2183 1434 ut
2223 1381 2401 1433 album
2446 1391 2500 1435 ct
2543 1382 2759 1451 nigrum
2803 1384 2875 1438 ita
2917 1384 3019 1438 sibi
3063 1385 3419 1440 adversantur

1854 1470 2114 1538 principia
2133 1513 2146 1535 ,
2177 1474 2427 1530 accidens
2452 1482 2612 1542 curnt
2634 1475 2868 1544 alicujus
2893 1476 3146 1545 subjecti.

1922 1562 1996 1616 5".
2030 1562 2086 1618 Si
2111 1575 2163 1618 ut
2189 1565 2361 1620 virtus
2385 1566 2536 1629 vitio,
2560 1566 2668 1620 dno
2691 1568 2958 1636 principia
2993 1570 3226 1625 invicem
3252 1588 3416 1640 oppu-

1855 1661 2058 1706 nuntur
2085 1696 2100 1717 ,
2154 1663 2298 1710 recte
2344 1655 2544 1710 factum
2583 1667 2638 1712 et
2677 1658 2932 1738 delictum
2981 1669 3141 1715 erunt
3189 1662 3421 1734 alicujus

1854 1743 2104 1812 subjecti.

1922 1853 2014 1907 16.
2047 1854 2103 1908 Si
2131 1871 2304 1924 neque
2326 1867 2387 1912 ut
2411 1860 2678 1916 elementa
2707 1861 2846 1916 inter
2873 1879 2950 1926 se,
2981 1877 3154 1931 neque
3177 1873 3234 1916 nt
3257 1880 3416 1932 gene-

1858 1946 1996 1998 ratio
2017 1957 2070 2000 et
2090 1951 2388 2018 corruptio.
2417 1967 2594 2021 neque
2615 1965 2672 2006 nt
2691 1953 2870 2006 album
2897 1964 2951 2007 et
2976 1955 3211 2022 nigrum,
3244 1971 3419 2024 neque

1859 2049 1916 2092 ut
1955 2039 2044 2092 lux
2092 2049 2144 2093 et
2186 2042 2453 2102 tenebrae,
2512 2059 2687 2110 neque
2729 2054 2787 2098 ut
2827 2045 3046 2098 morbus
3087 2055 3140 2099 ct
3178 2048 3418 2108 sanitas.

1858 2146 2032 2199 neque
2059 2143 2117 2185 nt
2151 2133 2322 2187 virtus
2351 2143 2404 2187 et
2432 2134 2644 2197 vitium,
2669 2147 3021 2204 opponuntur
3053 2138 3283 2192 invicem
3310 2139 3420 2191 dno

1858 2221 2140 2290 principia.
2178 2221 2310 2275 Nam
2336 2223 2626 2286 contraria,
2656 2224 2803 2279 hisce
2826 2226 3001 2279 modis
3023 2241 3054 2279 a
3081 2226 3238 2280 nobis
3263 2242 3418 2295 repn-

1859 2319 2041 2364 tantnr
2066 2315 2355 2367 contraria.

1929 2424 2015 2477 l7.
2067 2426 2122 2480 Si
2169 2429 2381 2481 malum.
2418 2427 2834 2482 Maniclnmrum
2883 2429 3235 2496 prmerpium,
3278 2425 3420 2481 bonn

1857 2515 2075 2583 quidem
2115 2519 2380 2588 principio
2411 2520 2740 2588 opponitur,
2785 2521 3049 2574 creaturis
3088 2531 3265 2573 tamen
3305 2521 3422 2574 snis

1860 2623 2236 2675 nequaquam;
2278 2627 2406 2680 ergo
2453 2628 2636 2680 parem
2681 2611 2826 2666 fovet
2867 2628 2990 2666 cum
3040 2614 3179 2667 natis
3226 2629 3288 2664 ex
3324 2631 3416 2676 se,

1861 2697 2056 2752 bellum
2113 2709 2291 2754 autem
2346 2717 2470 2754 cum
2526 2703 2666 2756 bono
2724 2704 2862 2772 gerit
2918 2703 3198 2771 principio.
3266 2703 3418 2767 Quod

1859 2790 1903 2843 si
1951 2791 2020 2843 ita
2079 2808 2135 2843 se
2189 2792 2395 2854 habet,
2455 2793 2725 2861 quomodo
2784 2808 2906 2862 quae
2954 2809 3017 2847 ex
3079 2796 3194 2863 ipso
3248 2803 3419 2853 sunt.

1860 2891 2100 2952 pugnant
2131 2883 2356 2935 invicem
2381 2884 2403 2936 ?
2425 2883 2565 2935 Nihil
2598 2884 2776 2948 enim,
2809 2885 2852 2936 si
2891 2885 3050 2937 modo
3093 2899 3277 2952 pacem
3323 2884 3419 2936 ha-

1860 2973 1950 3026 bet
1983 2989 2106 3028 cum
2151 2975 2413 3029 creaturis
2446 2975 2580 3038 suis,
2615 2975 2862 3030 bellantia
2906 2976 3131 3030 invicem
3176 2989 3418 3046 generat.

1963 3087 2016 3139 8.
2057 3085 2112 3139 Si
2163 3087 2290 3140 nihil
2337 3091 2668 3143 contrarium
2693 3129 2708 3153 ,
2740 3089 2954 3144 duobus
2991 3091 3281 3146 contrariis
3321 3109 3422 3160 op-

1861 3176 2386 3247 ponitur,qnomedo
2414 3179 2612 3232 malum
2639 3181 2960 3250 principium
2984 3197 3106 3235 cum
3134 3183 3203 3236 sit
3224 3199 3411 3245 unum,

1779 3259 1823 3317 II
1856 3268 1996 3322 bono
2021 3268 2184 3322 simul
2219 3270 2482 3338 principio
2514 3271 2828 3325 adversatur
2855 3282 2910 3327 et
2936 3275 3200 3328 creaturis
3225 3275 3383 3341 ejus?

1931 3398 2016 3452 19.
2061 3399 2115 3452 Si
2147 3414 2330 3452 verum
2360 3409 2443 3452 est
2472 3439 2486 3462 ,
2525 3398 2600 3452 uti
2633 3413 2819 3468 reapse
2847 3413 2932 3454 est
2957 3441 2972 3465 ,
3000 3389 3273 3455 contraria
3317 3419 3420 3454 non

1860 3505 2043 3542 secum
2091 3490 2182 3543 sed
2225 3506 2348 3543 cum
2397 3490 2517 3544 aliis
2555 3507 2838 3560 pugnare,
2885 3493 3161 3560 quomodo
3214 3496 3414 3546 malum

1858 3583 2183 3651 principium
2217 3599 2398 3637 secum
2433 3594 2650 3652 pugnat,
2681 3594 2737 3636 ut
2764 3600 2856 3637 vos
2878 3585 3090 3638 dicitis?
3118 3585 3181 3639 Et
3211 3588 3253 3639 si
3288 3588 3420 3639 nihil

1855 3676 2250 3748 contrariorum
2295 3687 2404 3728 tum
2447 3677 2547 3728 sibi
2595 3688 2706 3729 tum
2752 3677 2842 3730 alii
2888 3680 3234 3740 adversatur,
3288 3691 3425 3747 qnn—‘

1857 3769 2020 3821 modo
2057 3770 2257 3822 malum
2290 3769 2615 3838 principium
2658 3780 2712 3823 et
2743 3770 2843 3822 sibi
2880 3780 3142 3840 repugnat
3173 3780 3226 3824 et
3260 3772 3421 3824 simul

1855 3861 2034 3915 bono?
2062 3862 2152 3916 Sic
2184 3864 2328 3916 enim
2359 3862 2682 3931 principium
2713 3863 2815 3915 erit
2837 3879 2898 3915 ex
2945 3862 3212 3931 principio
3233 3904 3245 3925 ,
3275 3865 3417 3932 quod

1855 3961 1940 4005 est
1973 3953 2294 4005 absurdum.

1850 4049 1852 4052 ’
1924 4061 2014 4115 ‘20.
2054 4062 2109 4116 Si
2146 4063 2313 4117 Deum
2363 4081 2468 4118 non
2501 4064 2654 4119 decet
2693 4067 2964 4119 contraria
2999 4067 3211 4130 facere,
3260 4083 3419 4135 prout

1853 4164 2118 4208 creatura:
2164 4157 2376 4221 solent,
2430 4157 2702 4224 quomodo
2748 4174 2872 4211 eum
2913 4160 3064 4214 decet
3102 4161 3301 4230 aliquid
3352 4166 3416 4216 ad

1854 4248 2130 4317 proprium
2164 4265 2319 4304 nsum
2351 4267 2414 4304 ex
2457 4268 2516 4305 se
2561 4252 2818 4321 gignere?
2865 4251 2927 4305 Et
2971 4255 3014 4306 si
3070 4255 3155 4307 ille
3197 4259 3419 4310 minime.

1853 4340 2202 4410 cstindigens
2225 4343 2314 4408 qni
2344 4342 2407 4395 ad
2440 4343 2672 4397 aliorum
2703 4361 2858 4398 nsum
2890 4346 3091 4416 aliquid
3130 4347 3257 4402 facit
3283 4392 3296 4410 ,
3331 4351 3418 4402 ἰΙΙι-

1854 4441 2042 4486 contra
2086 4441 2168 4487 est
2205 4434 2452 4503 indigens
2485 4436 2576 4504 qui
2621 4436 2686 4490 ad
2737 4438 3051 4506 proprium;
3088 4440 3274 4509 quidni
3317 4443 3418 4492 mi-

1854 4524 2000 4577 nime
2031 4525 2266 4596 indigeat
2291 4527 2706 4584 Manichamrum
2749 4531 2904 4593 deus,
2931 4532 3020 4600 qui
3048 4537 3111 4584 ad
3143 4533 3415 4600 proprium

1788 4595 1832 4691 D
1865 4631 2022 4670 usum
2054 4595 2289 4687 generat,
2317 4629 2374 4673 ut
2404 4621 2501 4688 ipsi
2535 4622 2722 4675 aiunt?
2783 4643 2791 4648 ·

1930 4729 2016 4781 21.
2080 4730 2134 4783 Si
2182 4734 2380 4786 malum
2414 4735 2738 4804 principium
2777 4735 2935 4787 habet
2972 4749 3260 4785 cmnmnne
3293 4750 3413 4785 cum

1861 4822 2002 4876 bono
2025 4861 2038 4884 ,
2074 4832 2127 4877 et
2160 4837 2217 4877 ut
2255 4827 2358 4888 sit,
2391 4836 2440 4877 ιιι
2470 4827 2720 4894 quando,
2758 4836 2810 4879 et
2843 4825 2932 4878 ubi
2963 4825 3068 4887 sit,
3103 4834 3263 4892 atque
3299 4843 3416 4876 nm-

1862 4914 1991 4965 nino
2035 4924 2092 4967 ut
2131 4917 2198 4968 sit
2243 4918 2598 4984 principium;
2645 4916 2801 4970 sicuti
2848 4915 3009 4968 etiam
3075 4931 3209 4983 aqua
3261 4917 3419 4970 lt:tlu'l

1859 5019 2146 5057 commune
2176 5021 2297 5059 cum
2339 5007 2457 5074 igne
2486 5021 2750 5075 quatenus
2779 5018 2832 5060 ct
2860 5017 2941 5060 est
2961 5045 2975 5069 ,
3018 5015 3067 5059 et
3093 5007 3415 5061 eleunrntnm

1859 5103 1968 5159 est;
2002 5107 2261 5164 repugnat
2288 5107 2465 5150 autent
2499 5099 2638 5150 bono
2669 5085 2898 5160 tantum,
2924 5108 3189 5165 quatenus
3215 5100 3412 5150 malum

1859 5187 2000 5238 bono
2024 5173 2041 5248 ’,
2089 5187 2229 5240 sicut
2266 5190 2426 5241 etiam
2475 5189 2612 5252 ignis
2651 5206 2807 5257 aqua:
2847 5191 3142 5244 secundum
3179 5194 3410 5245 Citlul‘t'm

1860 5283 2270 5346 tantummodo;
2311 5299 2375 5336 cx
2426 5299 2534 5337 uno
2566 5283 2830 5352 principio
2861 5295 3019 5336 erunt
3061 5286 3217 5337 amlm
3263 5284 3408 5352 prin-

1859 5376 2036 5443 cipia:
2081 5388 2313 5442 natoque
2365 5374 2502 5441 ignis
2544 5385 2597 5427 ct
2644 5389 2782 5443 aqua
2813 5391 2875 5427 ex
2927 5391 3036 5429 uno
3081 5375 3237 5426 ambo
3287 5384 3412 5425 sunt

1859 5465 2138 5536 principio.

1928 5577 2015 5630 ‘29..
2069 5577 2124 5628 Si
2166 5578 2371 5631 nullum
2401 5583 2736 5633 contrarium
2795 5590 2951 5633 ornat
3001 5592 3216 5641 (mnpar
3248 5588 3406 5624 suum

1859 5685 2032 5737 neque
2058 5670 2376 5723 tIecCSsitate
2405 5688 2581 5740 neque
2609 5689 2730 5734 usu,
2769 5672 2966 5723 bonum
2999 5680 3174 5720 autem
3212 5666 3378 5731 princi

1860 5761 2006 5829 pium
2051 5769 2207 5811 ornat
2250 5762 2528 5812 materiam
2582 5762 2924 5819 necessario,
2975 5775 3078 5808 non
3125 5757 3226 5806 erit
3279 5775 3404 5804 \tll"

1859 5850 2083 5906 materia
2132 5853 2396 5904 contraria
2445 5852 2582 5904 bono
2627 5853 2887 5915 Dl‘ttlt'll'll)
2945 5849 3057 5901 Jatn
3103 5851 3141 5900 :l
3188 5859 3397 5896 ·ι;.ιιι,·ιι.·
