4048 6338
571 388 595 442 ἴ
607 386 676 449 63
1820 384 2044 444 PAULI
2091 381 2534 443 CHRISTIANI

3690 366 3796 434 564

571 514 678 553 non
726 504 811 551 est
852 494 1121 550 contraria
1148 536 1162 559 ,
1192 479 1324 564 quid
1361 495 1475 566 jam
1520 501 1605 550 est
1648 493 1805 549 initio
1854 509 2047 548 carens
2084 502 2137 547 et

2259 491 2402 563 ιῦσης
2439 493 2707 558 ἐναντίας,
2747 483 2864 543 εἶτα
2891 490 2946 544 τί
2970 490 3031 545 τὸ
3063 491 3295 561 ἄναρχον
3324 488 3419 544 καλ⁸
3450 488 3693 543 ἐναντίον
3730 496 3798 546 τὸ

569 588 903 643 contrarium
944 586 1147 640 malum
1170 584 1194 637 ἲ

639 761 729 815 ‘25.
771 758 827 813 Si
860 760 1259 814 contrariorum
1283 760 1474 829 copula
1504 761 1817 815 necessario
1845 761 2005 814 ambo
2036 742 2132 816 tle-

571 854 878 914 monstrat,
908 864 1017 902 non
1052 857 1214 903 erunt
1244 848 1358 903 hec
1398 864 1462 903 ex
1496 850 1787 904 contrariis
1829 850 2130 919 principiis.

571 937 705 992 Nam
731 949 997 1009 quantum
1027 946 1221 991 natura
1243 937 1518 1005 diﬂerunt,
1547 938 1882 995 tantumdem
1915 941 2135 995 notione

573 1039 903 1099 congruunt.

642 1122 734 1176 24.
779 1121 837 1176 Si
867 1138 932 1177 ex
988 1123 1377 1177 elementorum
1432 1123 1783 1193 repugnantia
1819 1123 1955 1177 (lunt
1985 1123 2136 1193 plan-

578 1226 645 1268 ta:
676 1222 729 1268 et
753 1214 1036 1280 animalia;
1066 1215 1242 1268 oritur
1265 1224 1447 1268 autem
1472 1229 1535 1267 ex
1562 1214 1946 1285 principiorum
1978 1230 2138 1284 repu-

576 1305 798 1373 gnantia
831 1305 999 1369 nihil,
1033 1321 1139 1359 non
1170 1316 1471 1376 repugnant
1501 1319 1632 1376 ergo
1654 1346 1670 1371 ,
1706 1316 1765 1361 ut
1797 1321 1892 1360 vos
1917 1304 2135 1369 dicitis.

579 1398 848 1450 elementa
878 1396 1133 1451 invicem.

646 1486 740 1539 9.3.
781 1487 837 1539 Si
866 1503 1206 1559 nequaquam
1237 1502 1395 1559 teque
1419 1487 1661 1543 ad’Deus
1691 1488 1993 1544 honoratur
2023 1504 2139 1542 ma-

580 1578 691 1631 lum
727 1578 1074 1648 principium,
1115 1580 1259 1649 quod
1292 1587 1468 1657 tanien
1503 1594 1600 1634 vos
1624 1578 2001 1650 dogmatizatis
2032 1578 2144 1633 Deo

583 1666 941 1734 coexsistere;
978 1667 1103 1737 quia
1136 1668 1189 1721 in
1224 1667 1424 1723 creatis
1454 1668 1616 1721 etiam
1655 1664 1781 1723 sunt
1821 1669 1974 1737 paria
2004 1678 2141 1721 tem-

2232 584 2399 637 κακόν
2418 600 2435 657 ς

2305 771 2407 833 κγ’.
2440 765 2501 817 El
2530 766 2565 836 η
2594 762 2823 833 συζυγία
2864 764 2971 816 τῶν
3015 762 3272 817 ἐναντίων
3320 761 3380 827 ἐξ
3407 760 3651 830 ἀνάγκης
3696 758 3795 825 δη-

2235 854 2317 908 λοῖ
2341 856 2409 908 τὰ
2442 855 2697 927 ἑκάτερα,
2727 856 2828 909 οὐκ
2850 854 2999 908 ἔσται
3020 854 3078 919 ἐξ
3106 855 3362 908 ἐναντίων
3399 853 3600 924 ἀρχῶν.
3627 852 3797 904 ὀσον

2237 944 2343 1016 γὰρ
2397 944 2648 1016 διέστηκε
2704 946 2845 999 κατά
2893 942 3072 1013 φύσιν,
3115 941 3367 997 τοσοῦτον
3411 943 3615 1012 ἥνωται
3655 940 3797 993 κατά

2239 1037 2458 1104 γνῶσιν.

2310 1128 2407 1182 κδ’.
2443 1128 2504 1181 El
2529 1127 2736 1195 γίνεται
2765 1128 2829 1181 ἐκ
2861 1127 2959 1198 τῆς
2984 1126 3092 1179 τῶν
3123 1122 3799 1195 στοιχείωνκὲναντιώσεως

2242 1219 2384 1287 φυτά
2443 1236 2501 1271 τε
2549 1218 2643 1272 καλ
2698 1218 2831 1281 (diu:
2887 1216 3095 1285 γίνεται
3143 1216 3200 1269 δὲ
3248 1217 3310 1269 ἐκ
3340 1217 3439 1287 τῆς
3464 1217 3575 1268 τῶν
3608 1215 3799 1285 ἀρχῶν

2242 1308 2605 1372 ἐναντιώσεως
2636 1309 2807 1369 οὐδὲν.
2835 1295 2931 1361 οὔκ
2971 1306 3295 1361 ἀντίκεινται
3336 1307 3393 1358 αἱ
3430 1306 3594 1377 ἀρχαὶ
3632 1304 3798 1381 mir
3878 1330 3881 1333 π

2241 1401 2359 1464 λαις
2391 1400 2465 1462 ὡς
2491 1399 2560 1452 τά
2586 1402 2843 1469 στοιχεῖα,
2876 1398 2951 1463 ὥς
2970 1414 3125 1467 φατε.

2312 1496 2408 1543 κε’.
2450 1490 2511 1542 Ei
2542 1488 2642 1540 οὐκ
2694 1488 2783 1540 ῖσα
2835 1486 2912 1557 τῷ
2958 1486 3078 1557 Θεῷ
3122 1486 3345 1555 τιμᾶται
3388 1483 3450 1537 τὺ
3477 1482 3646 1537 κακδν
3674 1499 3801 1535 συν-

2245 1577 2484 1648 υπάρχον
2519 1573 2973 1646 δογματιζόμενον
3004 1573 3143 1642 Θεῷ,
3172 1573 3259 1626 διά
3289 1573 3349 1626 τὸ
3379 1568 3518 1625 εἶναι
3550 1572 3653 1625 κάν
3684 1573 3799 1631 τοῖς

2243 1671 2487 1738 γενητοῖς
2527 1668 2616 1721 ῐσα
2658 1683 2722 1736 γε
2750 1668 2815 1736 τῇ
2841 1668 2995 1736 τιμῇ,
3028 1664 3122 1718 καὶ
3161 1664 3495 1734 ὀλιγοχρόνια
3524 1663 3626 1733 μὲν
3659 1660 3804 1714 κατὰ

585 1774 714 1826 pore
734 1798 748 1821 ,
781 1759 1065 1828 inaequalia
1091 1759 1336 1825 honore;
1381 1770 1435 1813 et
1461 1759 1639 1814 brevis
1668 1759 1842 1814 aetatis
1875 1760 1921 1814 si
1950 1768 2144 1813 natura

2259 1758 2425 1826 pdatv,
2482 1757 2779 1828 τιμιώτερα
2830 1755 2887 1809 δὲ
2938 1756 3044 1810 τῶν
3088 1755 3471 1827 πολυχρονῐων·
3529 1753 3646 1817 πῶς
3699 1753 3805 1804 οὐκ

586 1831 889 1918 spectetur,
933 1851 1281 1909 honoratiora
1311 1852 1663 1907 nihilominus
1694 1850 2139 1922 longas-ioribus,

2259 1850 2393 1904 ἕσται
2429 1865 2484 1902 τι
2513 1848 2618 1919 πρὸ
2646 1846 2754 1901 τῶν
2784 1847 3059 1919 ἀγενήτων
3080 1848 3246 1923 τάξαν
3272 1847 3371 1910 τὰς
3402 1843 3573 1917 ἀρχὰς
3603 1843 3805 1913 ἀγενή·
3836 1840 3841 1844 ’

585 1942 773 2009 quidni
818 1943 921 1996 erit
964 1943 1199 2014 aliquid,
1242 1946 1388 2015 quod
1446 1954 1573 1999 ante
1623 1944 1862 2001 increata
1919 1943 2146 1998 collocet

586 2044 763 2088 creata
805 2034 1067 2103 principia
1089 2035 1133 2086 ἲ,
2036 2086 2041 2091 ,

656 2124 745 2179 26.
780 2125 984 2180 Cuncta
1021 2126 1163 2180 enim
1196 2136 1376 2180 creata
1414 2141 1481 2182 eo
1510 2126 1702 2181 ordine
1734 2141 1893 2195 quem
1920 2124 2147 2179 Creator

588 2215 775 2270 statuit
820 2216 1203 2286 gubernantur.
1260 2217 1500 2282 Quorum
1542 2234 1649 2272 non
1695 2226 1780 2273 est
1827 2217 2146 2274 immortalis

588 2310 733 2373 vita,
764 2309 955 2363 horum
987 2310 1109 2364 vitae
1142 2311 1433 2380 Opponitur
1471 2325 1640 2366 mors.
1681 2308 1747 2365 Et
1774 2325 2003 2380 quorum
2037 2326 2146 2365 non

590 2408 675 2452 est
730 2398 1064 2453 immutabile
1119 2400 1361 2466 benum,
1423 2400 1616 2453 horum
1669 2400 1812 2454 bono
1859 2399 2149 2469 opponitur

593 2488 814 2541 malum.
844 2487 1014 2557 Cujus
1043 2504 1170 2544 vero
1200 2490 1519 2545 immortalis
1550 2498 1634 2545 est
1661 2490 1765 2544 vita
1790 2533 1806 2556 ,
1838 2490 2000 2560 hujus
2026 2490 2150 2544 vita:

593 2594 703 2632 non
746 2580 1035 2649 opponitur
1064 2595 1236 2635 mors.
1267 2579 1453 2653 _Secus
1499 2590 1680 2637 autem
1722 2582 1881 2652 cujus
1921 2592 2007 2637 est
2046 2582 2151 2636 im-

594 2672 851 2727 mutabile
898 2672 1098 2728 bonum
1120 2715 1134 2739 ,
1182 2673 1345 2744 bnjus
1375 2689 1482 2729 non
1516 2675 1810 2745 opponitur
1855 2674 1999 2729 bono
2032 2688 2152 2727 ma-

594 2762 725 2815 lum.
1704 2766 1709 2769 ’

662 2853 752 2907 27.
786 2853 1029 2919 Quorum
1050 2853 1365 2908 exsistentia
1382 2862 1465 2908 est
1487 2869 1551 2907 ex
1575 2854 1936 2924 generatione,
1960 2854 2152 2908 horum

595 2946 795 2999 bonum
829 2944 1073 2999 naturale
1099 2956 1202 2999 est.
1231 2943 1297 2999 Et
1318 2960 1551 3014 quorum
1573 2945 1774 3000 bonum
1803 2956 1975 3000 estex
1998 2960 2155 2999 crea-

598 3036 746 3088 tione
769 3073 784 3097 ,
821 3034 1017 3089 horum
1050 3049 1117 3090 ex
1154 3034 1511 3104 repugnantia
1540 3045 1624 3089 est
1658 3034 1881 3091 malum.
1908 3032 2154 3100 Quorum

598 3140 729 3179 vero
754 3138 821 3179 ex
856 3134 1048 3180 natura
1076 3136 1161 3181 est
1192 3107 1399 3181 bonum
1422 3118 1442 3191 ’,
1486 3126 1682 3182 horum
1719 3126 1859 3183 haud
1890 3142 1957 3181 ex
1992 3142 2155 3197 repu-

602 3210 820 3288 gnantia
851 3226 934 3271 est
962 3218 1185 3272 malum.

671 3308 761 3361 28.
812 3307 870 3361 Si
920 3306 1036 3361 vult
1088 3315 1349 3361 aeternum
1399 3306 1602 3362 bonum
1649 3322 1813 3372 esse,
1870 3308 2054 3378 utique
2103 3319 2157 3363 et

605 3400 778 3469 ipsum
818 3398 1021 3453 malum
1063 3406 1345 3452 aeternum.
1382 3396 1440 3451 Si
1480 3394 1664 3453 minus
1687 3399 1848 3474 vult,
1881 3408 1937 3453 et
1978 3407 2157 3453 tamen

604 3501 690 3547 est
710 3530 726 3555 ,
759 3490 921 3560 idque
941 3489 1208 3560 agnoscit,
1246 3496 1435 3569 contra
1466 3489 1797 3543 voluntatem
1823 3503 2036 3558 semper
2058 3476 2159 3557 ’ρε-

608 3572 751 3638 titur
783 3590 1045 3636 aeternum
1093 3581 1296 3635 bonum
1322 3619 1339 3644 ,
1394 3594 1502 3633 non
1550 3578 1769 3634 habebit
1826 3579 2160 3659 contrarium

606 3674 830 3729 malum.
890 3670 1035 3726 Nihil
1093 3672 1236 3726 enim
1292 3670 1631 3725 contrarium
1694 3670 1841 3726 omni
1895 3670 2165 3741 {passione

543 3800 560 3816 ι
604 3777 780 3822 vacat.

678 3858 765 3912 29.
792 3856 960 3924 Quale
986 3856 1205 3926 agnovit
1230 3855 1592 3925 interrogator
1614 3852 1840 3913 bonum,
1867 3849 1956 3905 cui
1982 3850 2165 3915 adver-

609 3952 719 4006 sari
737 3951 813 4006 ait
833 3950 1073 4004 malum?
1096 3948 1267 4015 Quale
1292 3949 1419 4005 item
1447 3948 1596 4005 novit
1623 3948 1845 4010 malum.
1864 3946 1952 4002 cui
1975 3945 2165 4000 adver-

610 4043 720 4097 sari
747 4043 875 4099 dicit
896 4042 1139 4097 bonum?
1169 4041 1311 4112 Ergo
1335 4041 1575 4096 increata
1603 4049 1732 4095 sunt
1759 4047 1957 4094 creata.
1983 4037 2089 4093 Sed
2118 4036 2167 4093 si

580 4160 583 4163 -
613 4134 848 4188 increata
874 4174 890 4197 ,
922 4135 1253 4189 demonstret
1278 4123 1685 4202 temperantiam
1708 4147 1829 4187 esse
1850 4132 2163 4198 increatam,

615 4223 1025 4289 continentiam,
1052 4224 1339 4293 justitiam,
1370 4225 1479 4278 imo
1499 4224 1662 4279 etiam
1684 4224 2028 4290 adulterium,
2058 4223 2167 4278 for-

616 4313 941 4368 nicationem
967 4354 983 4377 ,
1034 4324 1089 4367 et
1132 4301 1426 4383 puerorum
1472 4330 1705 4370 amores.
1757 4314 1912 4380 Quod
1957 4315 2005 4368 si
2054 4315 2170 4369 haec

615 4414 816 4469 creata,
848 4420 946 4459 cur
974 4404 1102 4472 quia
1139 4405 1454 4460 adversatur
1482 4417 1787 4461 creatarum
1816 4421 1997 4460 rerum
2027 4406 2170 4460 bono

2245 1961 2369 2007 τους
2389 1961 2403 2007 ;

2320 2147 2430 2206 κε’.
2466 2139 2649 2193 Πάντα
2673 2137 2781 2209 γὰρ
2814 2136 2884 2190 τὰ
2902 2134 3102 2207 γενητὰ
3126 2134 3248 2189 καθ’
3269 2135 3333 2205 ἦν
3362 2132 3515 2198 ἔταξε
3546 2132 3608 2185 τδ
3634 2131 3809 2201 "mi"

2249 2253 2350 2290 σαν
2385 2233 2538 2300 τάξιν
2567 2231 2916 2301 κυδερνᾶταν
2942 2223 3016 2283 ὧν
3042 2227 3141 2279 οὐκ
3164 2227 3426 2290 ἀθάνατος
3449 2228 3483 2296 ὴ
3509 2224 3644 2296 ζωὴ,
3678 2224 3775 2279 τοῦ
3794 2249 3811 2264 ο

2247 2344 2355 2380 των
2378 2328 2445 2396 τῇ
2477 2323 2588 2395 ζωῇ
2617 2322 2915 2377 ἀντίκειται
2935 2321 3175 2381 θάνατος’
3203 2320 3300 2373 καὶ
3316 2312 3391 2373 ὧν
3414 2319 3515 2371 οὐκ
3541 2318 3813 2386 ἄτρεπτον

2246 2418 2310 2471 τὺ
2344 2416 2568 2485 ἀγαθὸν,
2606 2414 2809 2469 τούτων
2834 2412 2910 2481 τῷ
2939 2410 3126 2480 ἀγαθῴ
3173 2408 3467 2463 ἀντίκειται
3504 2407 3568 2461 τδ
3614 2406 3812 2461 κακόνο

2249 2502 2311 2564 οὗ
2359 2507 2419 2561 δὲ
2464 2506 2726 2566 ἀθάνατος
2788 2504 2824 2573 ἡ
2878 2501 3011 2572 ζωὴ.
3046 2500 3234 2552 τούτου
3275 2500 3377 2553 οὐκ
3414 2498 3713 2553 ἀντίκειται
3740 2497 3811 2564 τῇ

2252 2598 2366 2669 ζωῇ
2395 2598 2423 2650 ὀ
2445 2595 2689 2657 θάνατος·
2725 2592 2821 2647 καὶ
2855 2585 3024 2661 οὗπερ
3053 2591 3316 2659 ἄτρεπτον
3342 2588 3403 2642 τὸ
3427 2586 3649 2657 ἀγαθὸν,
3684 2585 3814 2639 τοὺ-

2251 2708 2345 2745 του
2376 2689 2477 2743 οὐκ
2508 2686 2808 2741 ἀντίκειται
2834 2681 2911 2754 τῷ
2939 2682 3125 2753 ἀγαθῷ
3156 2681 3216 2734 τὸ
3252 2679 3441 2735 κακόν.

2326 2865 2425 2931 κζ’,
2455 2859 2553 2919 Ὧν
2593 2868 2623 2935 ἡ
2660 2862 2889 2934 ὓπαρξις
2928 2861 3066 2915 κατά
3100 2860 3331 2927 γένεσιν,
3370 2856 3574 2911 τούτων
3618 2854 3711 2907 καὶ
3751 2852 3817 2905 τὸ

2254 2960 2456 3030 ἀγαθὸν
2506 2957 2649 3011 κατά
2689 2956 2863 3026 φύσιν·
2919 2954 3012 3008 καὶ
3056 2947 3130 3007 ὧν
3179 2954 3277 3023 μὲν
3317 2952 3379 3005 τὺ
3424 2949 3627 3019 ἀγαθὸν
3670 2946 3818 3001 κατά

2256 3052 2451 3113 κτίσιν,
2490 3046 2690 3101 τούτων
2725 3045 2843 3099 κατ’
2874 3044 3186 3099 ἐναντίωσιν
3227 3042 3289 3095 τὸ
3330 3042 3521 3095 κακόν
3549 3038 3617 3094 ἂν
3652 3037 3713 3091 δὲ
3754 3035 3820 3089 τὸ

2257 3142 2457 3210 ἀγαθὸν
2501 3138 2641 3193 κατά
2682 3137 2861 3207 φύσιν,
2901 3135 3102 3191 τούτων
3143 3134 3204 3188 οὑ
3236 3135 3355 3187 κατ’
3390 3130 3704 3186 ἐναντίωσιν
3753 3125 3823 3180 τὸ

2259 3232 2444 3390 “:3:
2467 3321 2529 3372 Ei
2558 3318 2803 3387 βούλεται
2849 3316 2913 3369 τὸ
2960 3314 3129 3369 ἀΐδιον
3156 3311 3360 3381 ἀγαθὸν
3384 3304 3523 3362 εἶναι
3554 3307 3615 3359 τὸ
3649 3305 3827 3359 ἀΐδιον

2259 3400 2447 3474 κακὸν,
2481 3408 2589 3479 ἀρα
2619 3407 2714 3460 καὶ
2744 3406 2875 3459 αὐτὸ
2915 3404 3084 3457 ἀΐδιον
3113 3399 3250 3457 εἶναι
3279 3401 3343 3454 τὸ
3383 3399 3571 3456 κακόν·
3605 3399 3654 3449 εἰ
3681 3396 3728 3449 δ’
3758 3396 3822 3448 οὐ

2262 3498 2508 3568 βούλεται
2523 3492 2659 3548 εἶναι
2679 3494 2830 3557 αὐτὸ,
2861 3492 2974 3545 ἔστι
3001 3492 3079 3555 δὲ,
3102 3492 3195 3545 καὶ
3218 3489 3473 3559 γινώσκει
3491 3485 3642 3550 αὐτὸ,
3666 3484 3825 3555 παρὰ

2263 3586 2513 3658 βούλησιν
2548 3586 2743 3655 πάσχει
2780 3583 2840 3636 τὸ
2877 3583 3045 3637 ἀΐδιον
3073 3581 3295 3651 ἀγαθον,
3320 3580 3419 3650 οὐχ
3448 3578 3557 3644 ἕξει
3582 3575 3829 3629 ἐναντιον

2262 3680 2451 3733 κακόν·
2478 3677 2632 3732 οὐδὲν
2661 3678 2770 3747 γὰρ
2799 3674 3037 3729 ἐναντίον
3060 3674 3401 3746 ἀπήλλακται
3443 3669 3649 3733 πάθους
3684 3683 3828 3721 παν-

2262 3771 2450 3835 τελῶς.

2333 3864 2433 3919 κθ¹.
2475 3862 2720 3916 Ποταπὺν
2756 3860 2991 3929 ἔγνωκεν
3016 3862 3044 3913 ὁ
3072 3858 3471 3930 πυνθανόμενος
3511 3857 3571 3911 τὺ
3598 3855 3827 3925 ἀγαθὸν,

2260 3950 2306 4025 ᾧ
2332 3954 2662 4010 ἀντικεῖσθαι
2695 3954 2840 4022 λέγει
2879 3953 2941 4006 τὸ
2969 3952 3241 4022 πονηρόν;
3276 3952 3386 4004 Καὶ
3432 3949 3673 4004 ποταπὸν
3708 3948 3830 4001 ὲπῖ-

2265 4063 2453 4100 σταται
2476 4046 2537 4098 τὸ
2567 4045 2819 4114 πονηρὸν,
2849 4036 2893 4110 ᾧ
2917 4041 3249 4095 ἀντικεῖσθαι
3278 4042 3474 4109 φάσκει
3502 4038 3563 4093 τὸ
3588 4037 3827 4107 ἀγαθόν;

2275 4140 2542 4208 ’Δγένητα
2560 4137 2668 4208 ἀρα
2682 4135 2751 4188 τά
2768 4134 2969 4205 γενητά
2983 4150 2996 4162 ·
3033 4133 3147 4187 ἀλλ’
3167 4134 3216 4186 ει
3242 4130 3340 4203 μὲν
3365 4133 3622 4203 ἀγένητα,
3644 4130 3830 4197 eaea-

2264 4249 2343 4284 τω
2380 4229 2477 4298 τὴν
2507 4225 2857 4297 σωφροσύνην
2879 4221 3016 4278 εἶναι
3040 4226 3320 4296 ἀγένητον,
3351 4226 3450 4296 τὴν
3474 4223 3829 4293 ἐγκράτειαν,

2267 4321 2364 4390 τὴν
2389 4316 2754 4383 δικαιοσύνην,
2780 4315 2862 4367 ἔτι
2889 4315 2945 4368 δὲ
2985 4316 3081 4386 ⁴τὴν
3120 4316 3383 4387 μοιχείαν,
3410 4313 3509 4381 τὴν
3547 4309 3831 4379 πορνείαν,

2267 4411 2367 4480 τὴν
2394 4407 2797 4477 παιδεραστίαν.
2831 4409 2893 4461 Εἰ
2919 4408 2975 4460 δὲ
2996 4408 3217 4477 γενητὰ,
3244 4407 3361 4468 πῶς
3392 4403 3481 4456 διά
3509 4401 3571 4477 τὸ
3592 4402 3833 4455 ἀντικεί-

617 4499 818 4553 malum
845 4539 861 4562 ,
900 4510 1119 4550 necesse
1166 4496 1238 4549 sit
1282 4496 1376 4550 Dei
1414 4512 1631 4566 quoque
1671 4506 1853 4550 creato
1895 4496 2158 4549 adversari

2274 4501 2396 4553 σθαι
2418 4501 2497 4569 τῷ
2518 4500 2624 4553 τῶν
2651 4499 2891 4568 γενητῶν
2912 4500 3097 4568 ἀγαθῴ
3126 4499 3186 4550 τὺ
3210 4496 3461 4563 ⁴ιιπονηρὸν,
3494 4493 3711 4564 ἀνάγκη
3737 4494 3835 4547 καὶ

619 4586 865 4642 malum?

690 4676 779 4729 30.
818 4674 873 4728 Si
909 4688 1029 4744 qua:
1057 4672 1309 4727 accidunt
1330 4672 1546 4740 creatis,
1580 4672 1887 4735 necessario
1923 4672 2175 4729 accidunt

624 4766 765 4831 Deo;
796 4770 907 4821 hazc
927 4773 1107 4821 autem
1135 4766 1387 4820 accidunt
1411 4766 1625 4831 creatis,
1657 4781 1846 4835 nempe
1868 4765 2172 4836 generatio,

624 4858 896 4927 corruptio
915 4900 931 4924 ,
961 4858 1274 4928 indigentia,
1311 4866 1614 4926 peccatum,
1643 4866 1822 4925 atque,
1848 4864 1907 4909 ut
1928 4871 2171 4911 summa-

625 4943 722 4996 tim
753 4944 947 5008 dicam,
977 4946 1275 5014 passiones,
1295 4962 1394 5000 cur
1422 4962 1527 4999 non
1559 4944 1673 5001 haec
1694 4943 1880 4999 eadem
1906 4944 2013 5015 Deo
2036 4960 2174 5014 quo-

628 5048 734 5102 que
777 5034 1061 5089 accidunt?
1106 5034 1259 5101 Quod
1304 5037 1351 5091 si
1394 5037 1535 5091 haud
1584 5036 1886 5092 necessario
1926 5036 2177 5089 accidunt

629 5122 739 5175 Deo
758 5160 773 5182 ,
816 5134 937 5187 qua:
975 5124 1240 5192 creaturis
1283 5126 1539 5180 accidunt
1559 5168 1574 5191 ,
1602 5142 1697 5181 cur
1730 5134 2010 5196 propterea
2034 5125 2175 5196 quod

630 5217 1002 5265 creaturarum
1044 5211 1187 5266 bono
1221 5216 1536 5271 adversatur
1579 5216 1778 5270 malum
1846 5230 2069 5271 necesse
2106 5215 2178 5270 sit

630 5302 794 5356 etiam
828 5298 919 5351 Dei
951 5300 1094 5353 bono
1121 5304 1393 5359 adversari
1419 5307 1659 5361 malum?

699 5391 787 5445 51.
840 5389 897 5444 Si
951 5389 1090 5444 Deus
1137 5401 1220 5446 est
1272 5395 1468 5448 bonum
1518 5398 1923 5466 increatumque
1976 5397 2177 5466 princi-

633 5483 778 5548 pium
804 5522 819 5545 ,
854 5482 1093 5551 itemque
1134 5480 1277 5537 Deus
1306 5493 1387 5538 est
1428 5486 1588 5538 etiam
1628 5488 1851 5551 malum,
1885 5498 1943 5543 ut
1969 5488 2177 5551 dicitis,

636 5587 808 5638 neque
840 5582 1017 5627 tamen
1065 5575 1177 5628 lucc
1206 5574 1450 5643 utrisque
1495 5577 1781 5640 accidunt;
1833 5594 1930 5635 cur
1963 5596 2182 5636 necesse

640 5660 709 5711 sit
753 5657 866 5716 hinc
913 5665 1157 5721 accidere
1204 5675 1315 5719 tutu
1365 5666 1603 5721 iucreato
1646 5667 1822 5735 bono,
1868 5681 1979 5726 tum
2020 5673 2179 5726 ctiam

639 5748 876 5807 iucrcato
892 5754 915 5807 ζ’

2271 4594 2348 4664 τῷ
2372 4592 2466 4646 τοῦ
2485 4594 2616 4647 Θεοῦ
2641 4592 2849 4662 γενητῷ
2873 4590 3204 4643 ἀντικεῖσθαι
3234 4587 3295 4639 τὺ
3320 4586 3582 4655 πονηρόνς

2338 4688 2404 4740 λ’.
2437 4686 2497 4739 El
2523 4686 2592 4739 τὰ
2615 4684 2853 4755 ἑπόμενα
2876 4684 2986 4744 τοῖς
3014 4680 3259 4747 γενητοῖς
3287 4675 3346 4740 ἐξ
3367 4676 3615 4745 ἀνάγκης
3635 4675 3833 4731 ἕπεται

2272 4778 2349 4847 τῷ
2380 4776 2519 4846 Θεῷ,
2553 4776 2745 4828 ἕπεται
2771 4774 2827 4826 δὲ
2855 4773 2968 4834 τοῖς
2998 4769 3263 4835 γενητοῖς,
3294 4760 3405 4819 οἷον
3436 4765 3674 4834 γένεσις,
3699 4767 3834 4835 φθο-

2278 4868 2366 4939 ρά,
2399 4867 2594 4929 ἔνδεια,
2636 4863 2898 4935 ἁμαρτία,
2938 4858 3035 4911 καὶ
3069 4856 3254 4919 ἁπλῶς
3295 4858 3465 4909 εἰπεῖν
3496 4857 3670 4927 πάθη,
3712 4858 3833 4921 πῶς

2275 4959 2373 5029 οὐχ
2398 4958 2585 5027 ἕψει-αι
2619 4955 2757 5011 αὐτὰ
2786 4950 2980 5019 καὶτῷ
3009 4947 3161 5018 Θεῷ;
3197 4949 3259 5003 Ei
3286 4948 3331 5000 δ’
3358 4949 3459 5001 οὐκ
3486 4947 3545 5011 ἐξ
3581 4948 3831 5021 ἀνάγκης

2275 5052 2465 5105 ἕπεται
2492 5051 2569 5120 τῷ
2597 5047 2715 5117 Θεῷ
2740 5045 2809 5098 τά
2833 5042 3071 5111 ἑπόμενα
3097 5042 3209 5102 τοῖς
3232 5041 3493 5109 γενητοῖς,
3521 5039 3640 5102 πῶς
3661 5040 3752 5107 διὰ
3772 5042 3833 5096 τὸ

2278 5140 2605 5193 ἀντικεῖσθαι
2643 5135 2721 5206 τῷ
2751 5136 2809 5185 ὲν
2833 5132 3075 5200 γενητοῖς
3111 5128 3260 5196 καλῷ
3298 5129 3358 5181 τὸ
3403 5127 3591 5193 κακὸν,
3617 5131 3830 5204 ἀνάγκη

2279 5233 2372 5285 καὶ
2406 5233 2484 5303 τῷ
2506 5231 2599 5285 τοῦ
2636 5226 2771 5281 Θεοῦ
2803 5224 2951 5295 καλῷ
2975 5223 3305 5278 ἀντικεῖσθαι
3334 5223 3393 5276 τδ
3416 5224 3617 5290 κακόν;

2347 5405 2445 5458 λα’.
2485 5406 2546 5458 Ei
2569 5405 2597 5456 6
2626 5400 2759 5461 Θεὸς
2787 5397 2964 5468 ἀγαθὴ
3003 5396 3147 5468 ἀρχὴ
3178 5397 3271 5451 καὶ
3300 5396 3577 5465 ἀγένητος,
3607 5399 3743 5464 Θεὸς
3776 5399 3833 5453 δὲ

2282 5496 2373 5548 καὶ
2411 5498 2444 5565 ἡ
2478 5492 2640 5562 κακὴ,
2671 5490 2745 5551 ὥς
2783 5506 2939 5557 φατε,
2964 5490 3058 5541 καὶ
3084 5490 3182 5559 οὐχ
3225 5489 3414 5544 ἕπεται
3441 5491 3617 5545 ταῦτα
3646 5491 3833 5546 ἐκατέ-

2286 5603 2415 5655 ροις·
2462 5587 2576 5648 πῶς
2617 5580 2790 5635 ταῦτα
2829 5580 3052 5635 ἕπεσθαι
3093 5580 3305 5653 ἀνάγκη
3345 5581 3423 5654 τῷ
3466 5599 3526 5636 τε
3584 5583 3835 5653 ἀγενήτῳ

2282 5677 2467 5747 ἀγαθῷ
2504 5677 2592 5729 καὶ
2622 5673 2832 5744 γενητῷ
2850 5692 2863 5739 ;
