4048 6338
212 466 299 528 565
369 519 377 525 ,

1052 434 1681 541 DISPUTATIOLUM
1716 460 2050 524 PHOTINO
2098 460 2529 529 MANICIIASO.

3303 474 3404 537 δαὶ

268 571 355 642 λβν.
380 572 438 624 Εἰ
461 572 518 624 ὲν
540 574 651 636 τοῖς
675 577 916 644 γενητοῖς
946 577 977 646 ή
1006 576 1107 646 μὲν
1130 574 1452 647 παρατροπὴ
1480 572 1571 626 τοῦ
1599 572 1733 640 ἀγα-ι

1904 569 1991 624 32.
2031 571 2087 626 Si
2119 574 2171 627 in
2199 579 2465 632 creaturis
2493 577 2756 647 digressio
2784 590 2813 632 a
2848 578 2990 633 bono
3019 579 3077 632 tit
3106 578 3230 634 mali
3262 583 3410 649 prin-

213 660 290 714 00-3
320 662 452 733 ἀρχὴ
482 662 685 730 γίνεται
720 663 814 717 τοῦ
849 666 1040 730 κακοῦ,
1070 669 1103 735 ἡ
1131 667 1194 738 δὴ
1223 666 1424 728 παῦσις
1451 662 1544 717 τοῦ
1565 661 1735 715 κακοῦ

214 752 331 823 ἁρχὴ
378 752 628 819 πολλάκις
664 755 757 809 τοῦ
796 757 1018 826 ἀγαθοῦ,
1053 758 1108 812 τί
1140 747 1333 849 δίλτοῦ
1375 757 1509 810 Θεοῦ
1533 754 1736 824 ἀγαθὸν

213 841 371 912 ὥσπερ
397 844 672 919 ἀγένητον,
706 847 877 911 οὕτως
904 851 998 901 καὶ
1024 841 1465 922 ἀπαράτρεπτον,
1496 848 1595 917 οὐχ
1625 844 1735 910 ἕξει

212 934 299 1002 ἄρα
326 933 380 985 τὸ
410 925 775 1007 ἀντικείμενον
800 939 995 1005 κακόν;
1442 978 1446 982 .

267 1026 353 1091 λγ’.
383 1027 442 1078 Ei
467 1027 527 1079 τὸ
556 1028 726 1082 κακὸν
752 1028 903 1083 οὐδὲν
928 1031 1113 1101 ἕτερόν
1139 1034 1285 1085 ἐστιν
1316 1033 1349 1102 ἢ
1385 1031 1477 1086 ἐπὶ
1509 1031 1734 1100 θάτερον

217 1116 351 1185 μέρος
396 1118 489 1187 τῆς
549 1112 930 1196 παρατροπῆς,
992 1122 1275 1193 ἐλεύθερος
1328 1123 1385 1201 δὲ
1444 1122 1645 1192 ταύτης
1705 1123 1734 1174 ὁ

214 1206 338 1269 θεὸς,
377 1206 487 1271 πῶς
529 1202 596 1279 ἦς
639 1209 740 1262 οὐκ
771 1209 882 1281 ἔχει
922 1212 1021 1283 τὴν
1048 1214 1259 1285 κτῆσιν,
1291 1213 1401 1281 ἔξει
1440 1212 1539 1285 τὴν
1583 1215 1734 1267 ὲναν-

214 1313 368 1350 τιωσιν
385 1317 399 1363 ;
840 1316 841 1319 ‘

269 1386 349 1440 λδν.
377 1388 432 1441 Εἰ
454 1393 569 1443 κατ’
589 1391 776 1447 ούσίαν
796 1393 903 1447 τῶν
921 1398 1356 1465 προῦςρεστωσῶν
1382 1395 1564 1466 ἀρχῶν
1586 1394 1734 1447 ἔστιν

214 1474 264 1528 iv
286 1478 381 1540 τοῖς
408 1481 643 1549 γενητοῖς
674 1482 737 1534 τό
767 1499 828 1538 τε
871 1483 1074 1552 ἀγαθὸν
1119 1485 1213 1537 καὶ
1248 1484 1308 1538 τὸ
1336 1482 1589 1555 πονηρὸν,
1625 1483 1731 1536 ὦσ-
1785 1500 1791 1505 '

216 1580 302 1633 περ
324 1568 378 1617 ὲκ
400 1567 499 1619 τῶν
524 1566 953 1640 προῦιρεστώτων
982 1572 1259 1643 στοιχείων
1280 1575 1337 1627 ὲν
1361 1576 1473 1634 τοῖς
1497 1573 1733 1642 πεφυκό-

217 1670 302 1719 σιν,
327 1657 381 1709 τό
401 1675 457 1711 τε
482 1660 767 1731 θερμαῖνον
798 1665 893 1717 καὶ
916 1663 976 1717 τὸ
998 1663 1224 1735 ψυχρὸν,
1254 1667 1317 1719 ἐκ
1354 1668 1482 1737 μιᾶς
1520 1666 1730 1721 ἔσονται

213 1744 360 1814 ἀρχῆς
379 1749 429 1800 αἱ
450 1751 621 1804 ούσίαι
653 1753 712 1819 ἐξ
736 1747 811 1808 ὧν
838 1755 899 1808 τὸ
922 1755 1124 1823 ἀγαθὸν
1147 1758 1241 1810 καὶ
1270 1758 1330 1811 τὸ
1355 1759 1609 1829 πονηρόν·
1636 1760 1731 1812 καὶ

213 1836 305 1904 γὰρ
323 1836 377 1889 τὸ
405 1838 540 1910 ὕδωρ
568 1843 665 1896 καὶ
688 1843 750 1897 τὸ
778 1844 889 1916 πῦρ
937 1848 996 1910 ἐξ
1039 1840 1113 1901 ὧν
1160 1848 1221 1901 τὸ
1254 1848 1545 1919 θερμαῖνύν
1583 1854 1731 1915 ἐστιν
1757 1836 1760 1839 λ

214 1927 293 1976 καὶ
324 1926 379 1979 τὸ
405 1927 621 1999 ψυχρδν,
652 1932 717 1986 ἐκ
758 1936 887 2005 μιᾶς
914 1937 1060 1991 ἐστιν
1080 1938 1272 2010 ἀρχῆς,
1308 1940 1428 2006 καθ’
1462 1943 1626 2010 ὑμᾶς.

271 2016 348 2072 λε’.
383 2018 441 2072 Ei
467 2022 602 2076 κατά
633 2026 923 2094 μετουσίαν
950 2028 1059 2081 τῶν
1081 2032 1519 2103 προϋφεστωσῶν
1552 2033 1735 2104 ἀρχῶν

211 2105 331 2160 ἐστιν
351 2110 404 2162 ὲν
423 2114 528 2175 τοῖς
548 2119 794 2185 γενητοῖς
816 2118 879 2171 τό
906 2136 966 2172 τε
1002 2120 1165 2174 καλὸν
1188 2122 1283 2175 καὶ
1310 2122 1371 2175 τὸ
1403 2123 1591 2188 κακὸν,
1620 2124 1735 2188 πῶς

211 2199 446 2279 κολάσεως
487 2206 585 2274 μὲν
615 2209 743 2272 τοὺς
772 2210 1128 2276 πταίσαντας,
1150 2213 1499 2277 ἀπολαύσεως
1525 2216 1581 2270 δὲ
1608 2217 1734 2279 τοὺς

210 2277 581 2359 κατορθωκότας
604 2295 899 2366 ἀξιοῦμενς
925 2300 1037 2353 Καὶ
1076 2303 1125 2355 εί
1155 2302 1343 2374 ὥσπερ
1371 2305 1513 2359 κατά
1541 2277 1736 2376 μετουξ

209 2378 310 2431 σίαν
327 2380 508 2452 ιχομεν
527 2386 585 2437 τὸ
598 2388 793 2453 κακὸν,
818 2388 934 2453 πῶς
953 2390 1044 2443 τὸν
1072 2392 1170 2459 μὲν
1193 2395 1529 2463 πυρέσσοντα
1549 2395 1730 2457 οἴκτου

208 2469 284 2521 καὶ
311 2475 652 2542 συμπαθείας,
684 2479 774 2533 τὸν
814 2479 875 2533 δὲ
902 2482 1218 2553 μηνύσαντα
1244 2485 1411 2554 ψόγου
1442 2487 1535 2540 καὶ
1566 2487 1729 2541 κολά-

206 2576 319 2626 σεως
340 2563 606 2638 ﬁgam-33.9;

260 2742 352 2807 λς’.
377 2746 435 2798 ει
461 2748 633 2810 οὐδεὶς
659 2748 729 2801 τὰ
755 2750 898 2803 κατὰ
927 2751 1217 2820 μετουσίαν
1246 2751 1355 2805 τῶν
1378 2744 1728 2823 προῦφεστώ-

203 2846 291 2883 των
312 2835 363 2885 ὲν
389 2836 539 2902 φύσει
570 2837 631 2902 ἐξ
655 2839 902 2910 ἀνάγκης
926 2857 989 2892 συ
998 2842 1314 2910 μϐαίνοντα,
1344 2843 1492 2913 νόμῳ
1518 2844 1725 2913 ἁπηγὸ-

203 2936 356 2989 ρευσε,
382 2925 578 2991 γίνεται
610 2926 718 2997 γὰρ
745 2928 918 2983 ταῦτα
940 2928 1021 2994 -ἐξ
1052 2921 1313 3000 ἀνᾶγκης’
1342 2932 1460 2994 πῶς
1484 2932 1582 3001 τὴν
1613 2933 1724 2985 ἀδι-

203 3010 303 3063 κίαν
332 3013 632 3084 ήὰσὲϐειαν
671 3021 727 3072 οἰ
758 3037 819 3073 τε
853 3020 983 3075 θεῖοι
1024 3022 1119 3075 καὶ
1150 3022 1477 3092 ἀνθρώπινοι
1511 3025 1720 3092 ἀπαγο-

204 3097 384 3164 ρεύουσι
408 3103 553 3173 νόμοι
575 3123 591 3170 ;

257 3190 338 3256 λζ’.
379 3195 436 3246 El
469 3196 534 3248 τά
567 3197 710 3250 κατὰ
734 3198 898 3268 νόμον
933 3200 1355 3273 ἀπηγορευμένα
1396 3205 1557 3266 κακὰ,
1608 3197 1720 3259 οἷον

201 3278 496 3354 βλασφημία,
529 3286 730 3351 ἀδικία,
775 3265 869 3343 καὶ
909 3265 1093 3354 ἅπλῶς
1119 3265 1308 3346 εἰπεῖν
1363 3265 1584 3348 ἀσέϐεια
1626 3300 1719 3350 καὶ
1745 3265 1786 3321 C

200 3371 419 3443 ἁμαρτία,
448 3369 521 3430 ὧν
547 3378 581 3449 ἡ
603 3378 844 3448 τιμωρία
867 3378 1117 3450 ὥρισται,
1149 3382 1325 3452 ψυχῆς
1360 3384 1482 3454 δίχα
1510 3386 1719 3454 γίνεται

196 3458 426 3532 οὐδαμῶς.
456 3466 572 3530 πῶς
599 3468 699 3520 ούκ
732 3468 879 3521 ἐστιν
903 3472 937 3539 ή
966 3470 1108 3542 ψυχή
1147 3463 1294 3525 αίτία
1326 3476 1435 3527 τῶν
1463 3474 1602 3529 κατὰ
1628 3477 1717 3529 νό-

200 3567 278 3617 μον
300 3555 742 3627 ἀπηγορευμένων
773 3560 976 3626 κακῶν,
1002 3557 1077 3615 ὢν
1104 3561 1332 3635 ὥρισται
1367 3566 1458 3619 καὶ
1485 3568 1517 3637 ή
1548 3584 1718 3638 τιμω-

198 3642 297 3708 pia;
328 3646 427 3698 Kal
452 3647 550 3717 είή
583 3646 729 3717 ψυχή
754 3650 907 3701 ἐστιν
932 3653 1079 3705 αἰτία
1110 3654 1217 3708 τῶν
1250 3655 1392 3708 κατὰ
1420 3659 1581 3727 νόμον
1609 3661 1716 3714 ἀπ-

197 3736 536 3802 ηγορευμένων
577 3738 785 3803 κακῶν,
822 3740 940 3802 πῶς
988 3743 1088 3794 οὐκ
1133 3743 1281 3796 ἐστιν
1331 3746 1396 3798 ὲκ
1439 3746 1614 3819 ψυχῆς
1649 3753 1716 3804 τά

196 3822 310 3873 ιατά
334 3824 487 3893 νόμον
518 3829 939 3901 ἀπηγορευμένα
964 3831 1144 3898 κακὰς
1182 3835 1289 3886 Καὶ
1314 3838 1360 3888 εί
1384 3837 1559 3903 τοῦτο,
1598 3840 1714 3904 πῶς

196 3908 286 3978 ἔχει
307 3912 393 3984 τήν
416 3916 518 3968 τῶν
542 3918 712 3972 ὄντων
745 3921 1036 3990 ἐπίγνωσιν
1060 3924 1088 3977 ὁ
1118 3924 1517 3995 πυνθανόμενος
1552 3930 1713 3984 πόθεν

195 4001 248 4053 τὰ
271 4004 427 4072 κακὰς

250 4094 337 4164 λη’.
360 4097 417 4150 El
446 4098 502 4151 ού
529 4099 773 4164 θέλοντες
792 4102 1199 4176 ἁμαρτάνομεν,
1232 4109 1323 4161 καὶ
1344 4111 1407 4163 οὐ
1432 4113 1713 4185 προαιρού-

198 4208 321 4260 μενοι
338 4192 695 4267 δικαιούμεθα,
719 4197 836 4261 πῶς
860 4199 935 4261 ὡς
959 4198 1173 4270 θελήσει
1200 4202 1609 4275 ἁμαρτήσαντες
1633 4226 1713 4261 τι-

197 4283 502 4354 μωρούμεθα,
544 4289 640 4340 καὶ
681 4289 757 4353 ὡς
803 4291 1120 4362 προαιρέσει
1160 4292 1536 4357 δικαιωθέντες
1575 4300 1709 4353 ἀπο-

194 4370 393 4443 λαύομεν
421 4375 525 4428 τῶν
568 4377 821 4445 ἀγαθῶν;
853 4382 961 4433 Καὶ
988 4382 1035 4433 εί
1064 4380 1277 4452 θελήσει
1320 4384 1381 4436 τὸ
1428 4386 1705 4455 ἑκάτερον,

195 4464 292 4527 πῶς
314 4470 401 4522 οὐκ
430 4471 492 4523 ὲκ
513 4470 788 4541 θελήσεως
818 4474 1108 4546 ὲκάτερονς
1164 4496 1165 4499 η

1841 657 2041 726 cipiunt
2064 702 2079 727 ,
2119 672 2172 717 et
2201 666 2433 721 ceSSatio
2464 667 2590 720 mali
2622 682 2763 737 saepe
2795 667 3119 737 principium
3157 670 3283 723 boni
3314 663 3405 736 tit,

1841 763 1937 802 cur
1972 749 2066 805 Dei
2098 753 2298 808 bonum
2322 768 2432 833 ,ειη
2462 757 2785 823 incrcatum,
2825 759 2903 811 sic
2924 758 3084 812 etiam
3118 767 3173 812 et
3209 760 3409 815 immu-

1841 840 2002 896 tabile
2029 884 2042 910 ,
2084 845 2457 902 adversarium
2485 865 2593 903 non
2630 849 2852 904 habebit
2880 850 3082 903 malum
3106 851 3129 902 ?

1907 1037 1997 1092 35.
2030 1028 2097 1093 Si
2132 1043 2335 1097 malum
2381 1045 2514 1099 nihil
2564 1046 2710 1101 aliud
2754 1057 2877 1111 est,
2936 1064 3097 1118 quam
3143 1065 3197 1100 ιιι
3244 1048 3407 1101 alter-

1840 1134 2017 1181 utram
2048 1140 2256 1198 partem
2285 1134 2570 1204 digressio,
2606 1147 2755 1191 caret
2784 1153 2914 1192 vero
2946 1139 3047 1193 hac
3070 1139 3230 1202 Deus,
3269 1155 3403 1208 quo-

1840 1215 2001 1269 modo
2030 1219 2187 1288 cujus
2237 1221 2313 1275 rei
2344 1237 2454 1276 non
2482 1223 2644 1277 habet
2674 1238 2986 1293 possessum
3010 1264 3025 1289 ,
3054 1226 3218 1295 hujus
3245 1227 3405 1282 habe-

1750 1354 1757 1367 ,
1836 1313 1917 1368 bit
1946 1312 2383 1381 oppositionem?

1906 1404 1994 1458 54.
2045 1402 2103 1456 Si
2148 1403 2447 1458 secundum
2498 1396 2858 1462 substantiam
2913 1408 3399 1477 praeexsistentium

1837 1493 2233 1563 principiorum
2292 1495 2346 1549 in
2401 1497 2627 1559 creatis,
2681 1508 2793 1552 tum
2834 1499 3035 1552 bonum
3086 1508 3194 1551 tum
3239 1499 3401 1551 etiam

1837 1584 2063 1647 malum,
2110 1594 2373 1654 tanquam
2398 1600 2462 1640 ex
2498 1588 3000 1657 praeexsisteutihus
3027 1590 3308 1644 clementis
3348 1592 3401 1644 in

1838 1672 1999 1727 rebus
2028 1672 2217 1739 factis;
2247 1685 2361 1730 tum
2391 1676 2543 1731 calor
2572 1686 2687 1730 tum
2716 1676 2887 1747 frigus
2914 1719 2929 1743 ,
2970 1694 3035 1733 ex
3069 1695 3177 1732 uno
3207 1680 3404 1749 princi-

1836 1762 1925 1831 pio
1942 1765 2259 1819 substantia:
2277 1776 2458 1831 erunt,
2477 1782 2541 1821 ex
2567 1784 2674 1836 quo
2688 1767 2850 1821 etiam
2876 1768 3072 1821 bonum
3095 1785 3159 1823 ac
3177 1770 3397 1824 nmium.

1836 1850 1968 1906 Nam
1999 1863 2055 1908 et
2082 1868 2221 1924 aqua
2253 1864 2307 1910 et
2334 1855 2494 1926 ignis,
2527 1858 2668 1910 unde
2696 1858 2843 1911 calor
2865 1868 2919 1912 et
2948 1860 3119 1927 frigus
3138 1900 3155 1926 ,
3193 1876 3259 1913 ex
3294 1878 3401 1914 uno

1761 1923 1805 1979 Β
1835 1951 1962 1998 sunt
1990 1923 2257 2014 principio
2277 1986 2291 2011 ε
2326 1923 2390 1999 ut
2411 1959 2508 1999 vos
2538 1947 2761 2014 putatis.

1904 2034 1991 2089 55.
2026 2033 2081 2089 Si
2106 2038 2405 2091 secundum
2427 2037 2891 2107 participationem
2912 2040 3395 2107 praaexsistentium

1832 2126 2223 2197 principiorum
2255 2138 2339 2183 est
2373 2131 2427 2182 in
2460 2130 2622 2183 rebus
2652 2130 2869 2183 creatis
2906 2139 3019 2183 tum
3054 2130 3251 2183 bonum
3286 2140 3395 2183 tum

1832 2218 2011 2271 etiam“
2048 2220 2273 2285 malum,
2315 2220 2590 2289 quomodo
2622 2235 2783 2290 poma
2826 2221 3044 2289 quidem
3093 2210 3394 2289 peccantes,

1832 2309 2029 2378 gaudio
2053 2318 2234 2363 autem
2262 2311 2400 2365 bene
2431 2320 2653 2378 agentes
2685 2312 2877 2381 dignos
2909 2315 3237 2366 censemus?
3265 2314 3326 2367 Et
3349 2316 3395 2368 si

1831 2400 2129 2455 secundum
2190 2401 2659 2470 participationem
2690 2403 2957 2457 habemus
3002 2404 3226 2466 malum,
3263 2421 3397 2473 quo-

1829 2491 1991 2553 modo
2023 2490 2343 2547 febrientem
2367 2494 2585 2562 quidem
2614 2493 2989 2549 misericordia
3038 2504 3094 2549 et
3138 2511 3392 2565 compas-

1828 2583 2002 2647 sione,
2031 2600 2155 2639 eum
2194 2596 2374 2641 autem
2393 2586 2488 2654 qui
2515 2586 2773 2641 irascitur
2803 2588 3219 2657 vituperandum
3235 2589 3396 2645 casti-

1827 2675 2174 2746 gandumque
2193 2692 2481 2732 censemus
2502 2678 2526 2730 ?
2618 2702 2619 2705 η

1895 2765 1981 2819 36.
2023 2766 2079 2820 Si
2106 2782 2265 2821 nemo
2306 2784 2369 2822 ea
2416 2784 2537 2838 quae
2564 2784 2632 2822 ex
2686 2770 3171 2838 prazexsistentium
3235 2780 3395 2824 natu-

1825 2855 2021 2908 ralium
2076 2856 2489 2924 participatione
2550 2862 2859 2914 necessario
2921 2862 3218 2922 accidant,
3278 2865 3392 2929 lege

1824 2948 2009 3006 vetuit,
2032 2947 2166 2999 tiunt
2185 2948 2329 3000 enim
2356 2949 2467 3002 haec
2482 2964 2544 3002 ex
2571 2952 2915 3014 necessitate,
2939 2953 3392 3019 curinjustitiam,

1825 3034 1907 3086 vel
1952 3034 2283 3104 impietatem
2337 3046 2450 3093 tum
2493 3039 2691 3094 divina:
2755 3051 2867 3095 tum
2948 3042 3199 3095 humana:
3247 3043 3395 3111 leges

1820 3127 2045 3180 vetant?

1890 3220 1979 3274 57.
2010 3218 2067 3273 Si
2093 3235 2155 3274 ea
2182 3237 2304 3290 qua:
2356 3239 2385 3277 a
2416 3224 2542 3293 jure
2575 3234 2825 3279 vetantur
2861 3226 3021 3290 mala,
3056 3227 3219 3280 veluti
3279 3227 3392 3281 bla-

1820 3310 2084 3378 Sphemia,
2106 3311 2391 3379 injustitia,
2411 3323 2463 3368 et
2492 3317 2716 3386 omnino
2743 3318 2995 3385 impietas
3012 3335 3074 3372 ac
3092 3330 3388 3388 peccatum,

1817 3402 2017 3469 quibus
2070 3403 2234 3455 etiam
2273 3418 2433 3472 paena
2472 3405 2685 3459 decreta
2757 3417 2881 3472 est,
2942 3409 3147 3476 absque
3195 3411 3391 3463 anima:

1816 3506 2083 3547 concursu
2116 3508 2221 3545 non
2252 3494 2407 3560 tiunt,
2449 3496 2723 3565 quomodo
2756 3497 2938 3550 anima
2977 3514 3082 3551 non
3113 3508 3198 3553 est
3222 3515 3386 3553 causa

1815 3581 2101 3636 vetitorum
2154 3598 2182 3636 a
2213 3583 2328 3652 lege
2368 3586 2672 3639 malorum?
2702 3585 2766 3639 Et
2797 3588 2841 3641 si
2877 3587 3057 3643 anima
3088 3604 3252 3644 causa
3306 3601 3390 3644 est

1816 3674 2107 3728 vetitorum
2132 3690 2162 3728 a
2207 3675 2323 3745 lege
2379 3678 2675 3743 malorum,
2705 3679 2894 3748 quidni
2924 3689 3052 3735 sunt
3102 3681 3171 3734 ab
3208 3681 3387 3736 anima

1814 3781 1877 3819 ea
1937 3783 2058 3835 qua:
2102 3768 2195 3835 jus
2251 3777 2395 3822 vetat
2434 3770 2625 3824 mala?
2677 3769 2831 3835 Quod
2887 3773 2933 3826 si
2985 3773 3056 3825 ita
3086 3784 3205 3836 est.
3248 3790 3390 3843 quo-

1817 3858 1980 3911 modo
2003 3875 2183 3913 rerum
2218 3862 2471 3915 notitiam
2511 3862 2673 3917 habet
2707 3864 2755 3917 is
2776 3864 2870 3932 qui
2899 3866 3197 3934 interrogat.
3245 3868 3387 3922 unde

1813 3950 1925 4005 sint
1957 3953 2096 4005 mala
2120 3951 2142 4003 ’ἶ

1879 4118 1966 4175 58.
2025 4119 2082 4174 Si
2136 4121 2286 4175 inviti
2340 4134 2667 4191 peccamus,
2732 4130 2786 4175 et
2843 4120 2889 4175 si
2935 4122 3140 4191 absque
3193 4134 3378 4179 nostra

1811 4212 2085 4266 voluntate
2101 4213 2483 4281 justiticamur,
2521 4227 2619 4281 cur
2652 4212 2939 4280 plectimur
2973 4227 3069 4267 ceu
3100 4215 3145 4267 si
3193 4216 3379 4268 volen-

1811 4311 1890 4357 tes
1918 4304 2350 4371 peccavissemus
2382 4344 2397 4368 ,
2448 4312 2501 4357 et
2541 4303 2700 4357 bonis
2729 4302 2991 4357 atlicimur
3020 4320 3115 4359 ceu
3152 4307 3196 4361 si
3253 4308 3379 4377 pro-

1807 4396 1987 4464 posito
2040 4406 2222 4449 nostro
2277 4394 2568 4448 fuissemus
2621 4395 2943 4464 justiticati?
2984 4397 3117 4452 Etsi
3152 4401 3383 4455 alterum

1806 4486 2169 4539 voluntarium
2205 4494 2306 4550 est,
2340 4484 2528 4553 quidni
2574 4486 2937 4551 voluntarium
2994 4492 3316 4557 utrumque?

250 4554 334 4655 λθ¹.
370 4560 426 4613 El
470 4563 713 4631 κρεῖττον
755 4562 818 4615 τὸ
876 4570 1077 4639 φυσικῇ
1138 4568 1345 4641 ἀνάγκῃ
1400 4576 1571 4629 ποιεῖν
1611 4578 1705 4631 τοῦ

1882 4579 1967 4634 59.
2048 4578 2103 4633 Si
2170 4579 2363 4634 melius
2421 4590 2505 4637 est
2549 4582 2770 4652 physica
2834 4584 3154 4637 necessitate
3219 4600 3375 4652 agere

194 4643 401 4719 ἀδιάστῳ
430 4654 641 4724 ἐξουσίᾳ
683 4655 1034 4727 ἐργάξεσθαι,
1073 4667 1316 4734 κρεῖττον
1349 4666 1455 4737 ἄρα
1499 4672 1531 4740 ή
1567 4675 1707 4728 κατά

192 4740 645 4833 ρυσικήν-ἀνάγκην
676 4748 901 4803 ποιοῦσα
928 4750 1051 4823 ὕλη,
1070 4755 1163 4807 τοῦ
1193 4760 1310 4826 μετ’
1338 4759 1706 4833 ὲξουσιότητος

191 4824 471 4927 ἐργάξεσθαι
526 4834 683 4892 Θεοῦ.
733 4839 798 4893 El
841 4840 899 4894 δὲ
944 4844 1124 4911 χεῖρον
1185 4824 1245 4899 τὸ
1295 4851 1415 4903 κατ’
1462 4824 1708 4927 ἀνάγκην

192 4922 335 4971 ποιεῖν
371 4922 455 4974 τοῦ
492 4925 766 4992 ἀϐιάστως
791 4931 1138 5003 ἐργάζεσθαι,
1172 4938 1292 5001 πῶς
1320 4941 1380 4992 οὐ
1413 4942 1505 4994 τοῦ
1532 4922 1708 5014 κρείτ-

344 5013 759 5099 ἀποχωρίζουσιν
786 5024 837 5075 οί
865 5017 1156 5103 Μανιχαίοι
1207 5032 1334 5094 τοὺς
1363 5013 1703 5103 ἀνθρώπους,

190 5098 627 5176 ἀπαλλοτριοῦντες
656 5111 852 5177 αὐτοὺς
875 5098 989 5186 ὶτῆς
1024 5119 1140 5171 κατ’
1166 5120 1413 5187 ἐξουσίαν
1455 5131 1707 5199 προαιρὲ-

189 5207 299 5260 σεως
320 5214 336 5263 ἶ
1442 5263 1446 5269 .

240 5294 304 5381 μ’.
330 5290 400 5381 ,Εἰ
431 5292 672 5363 μεμπτὸς
693 5294 834 5349 κατά
858 5300 984 5363 τοὺς
1005 5302 1338 5374 Μανιχαίους
1363 5307 1392 5359 ὁ
1419 5309 1706 5381 ἄμεμπτος

186 5374 293 5440 Θεὸς
406 5386 668 5456 προγνοὺς
698 5387 823 5451 τοὺς
854 5392 1182 5461 ποιήσαντας
1218 5396 1364 5450 κακά
1393 5374 1701 5474 παρήγαγε,

190 5472 399 5562 μεμπτὸς
425 5477 528 5546 ἄρα
559 5479 703 5533 κατὰ
734 5479 988 5550 ἀλήθειαν
1018 5487 1047 5537 ὀ
1070 5486 1178 5541 τῶν
1213 5488 1525 5559 Μανιχαίων
1549 5472 1699 5562 Θεθς,

187 5556 249 5653 δξι
278 5570 526 5653 ⁸προγνοὺς
552 5571 679 5633 τοὺς
711 5570 1079 5642 ἀσεϐήσαντας
1119 5578 1272 5641 υἱεῖς,
1312 5556 1611 5650 προέϐαλεν

189 5648 356 5703 αὐτῶν·
383 5655 472 5707 και
502 5658 550 5710 ει
587 5663 850 5730 προγνοὺς
888 5665 915 5714 ὁ
945 5663 1050 5714 τῶν
1088 5648 1398 5737 Μανιχαίων
1429 5670 1557 5735 Θεὸς
1594 5648 1702 5729 τῶν

191 5738 310 5792 ἰδίων
337 5744 456 5798 υἱῶν
486 5747 555 5808 τὰ,
574 5750 750 5821 ’ἀσεϐή
761 5771 920 5822 ματα,
952 5754 1270 5825 προέϐαλεν,
1297 5758 1389 5810 καὶ
1418 5761 1701 5828 προϐαλὼν

190 5830 357 5897 αὐτοὺς
372 5837 463 5891 οὐκ
488 5839 653 5905 αἴτιος
678 5842 1052 5917 ἀσεϐημάτων*
1085 5848 1199 5913 πῶς
1229 5851 1491 5921 προγνοὺς
1516 5856 1541 5906 ὁ
1563 5858 1698 5911 κατὰ

1811 4684 1973 4741 quam
2041 4685 2146 4722 non
2204 4679 2390 4725 coacta
2436 4669 2692 4725 facultate
2732 4672 2977 4739 operari,
3048 4672 3239 4725 melior
3292 4681 3376 4723 cet

1810 4777 1928 4831 qua:
1984 4760 2280 4815 secundum
2336 4762 2613 4833 physicam
2667 4763 3043 4817 necessitatem
3110 4764 3215 4831 agit
3264 4750 3372 4814 ma-

1811 4852 1966 4915 teria,
2017 4867 2180 4920 quam
2222 4854 2315 4921 qui
2355 4854 2619 4907 arbitratu
2686 4869 2787 4908 suo
2844 4855 2955 4925 agit
3006 4854 3165 4907 Dens.
3215 4853 3369 4917 Quod

1807 4945 1854 5003 si
1902 4943 2145 4997 deterius
2182 4954 2350 4999 estex
2385 4945 2711 4999 necessitate
2745 4962 2923 5016 agere,
2969 4959 3129 5011 quam
3177 4954 3371 5011 sponte

1806 5034 2061 5105 operari,
2126 5036 2314 5104 quidni
2375 5051 2406 5089 a
2467 5051 2522 5090 re
2588 5038 2809 5091 meliore
2863 5034 3141 5088 Maniclnei
3214 5052 3367 5089 aver-

1807 5116 1926 5180 tunt
1970 5123 2239 5191 homines,
2289 5126 2417 5179 dum
2476 5140 2571 5179 eos
2625 5124 2926 5179 voluntario
2972 5123 3199 5178 arbitrio
3240 5140 3365 5193 spo-

1804 5214 1974 5271 ﬂant?

1874 5306 1965 5362 40.
2035 5306 2093 5361 Si
2158 5307 2598 5377 reprehensibilis
2671 5304 2971 5359 secundum
3044 5300 3365 5360 Manichaeos

1802 5407 1886 5454 est
1945 5398 2117 5460 Deus,
2167 5399 2372 5467 alioqui
2442 5394 2968 5464 irreprchensibilis,
3035 5399 3159 5465 quia
3224 5397 3365 5449 male

1803 5499 2020 5544 acturos
2066 5490 2357 5559 praescieus
2419 5488 2770 5543 nihilominus
2842 5491 2894 5543 in
2943 5492 3100 5542 vitam
3152 5487 3359 5551 eduxit,

1806 5581 2246 5649 reprehensibilis
2333 5595 2457 5634 vere
2552 5587 2636 5635 est
2716 5581 3129 5635 Manichaaorum
3222 5578 3362 5633 Deus

1803 5671 1915 5740 qui,
1958 5672 2261 5741 prazvidens
2301 5670 2533 5743 ﬁliorum
2596 5686 2819 5726 suorum
2882 5672 3056 5723 futura
3113 5681 3354 5737 peccata,

1804 5775 1981 5817 tamen
2030 5778 2127 5819 eos
2185 5760 2440 5831 produxit
2472 5762 2540 5815 in
2594 5762 2803 5817 lucem.
2858 5761 2921 5813 Et
2977 5760 3021 5814 si
3090 5774 3210 5813 cum
3266 5776 3363 5816 ens

1803 5853 2133 5924 produxerit.
2190 5867 2295 5906 non
2322 5863 2402 5907 est
2463 5868 2626 5907 causa
2671 5863 3049 5922 peccatorum;
3091 5854 3367 5920 qttomodo
