4048 6338
201 449 287 512 569

1053 405 1500 509 DiSPUTATIO
1521 447 1679 508 CUM
1728 443 2060 505 PHOTINO
2084 445 2493 506 MANICHIEO

3279 445 3384 509 5.70

202 556 527 629 Συμϐιῦηκδς
553 558 612 613 δέ
641 556 733 613 νῦν
774 558 938 628 λέγω,
970 559 1033 611 οὐ
1062 559 1125 611 τὸ
1153 557 1395 626 φυσικῶς
1439 557 1720 628 συμϐαῖνον

1831 555 2032 609 malum
2089 559 2194 610 erit
2243 555 2582 625 contingens.
2619 551 2687 607 Et
2715 551 2781 608 de
2813 565 2958 608 nono
2986 551 3218 607 ac'malo
3241 551 3383 606 idem

201 650 250 716 ἐξ
294 649 528 721 ἀνάγκης
567 652 688 715 ταῖς
715 649 945 714 οὐσίαις,
974 648 1108 704 ἀλλὰ
1137 649 1199 702 τὸ
1234 648 1552 720 αὐθαίρετον
1592 665 1728 715 συμ-

199 739 358 796 εαῐνον
381 742 438 794 ὲν
460 743 583 806 ταῖς
607 741 716 799 τῶν
741 741 970 812 λογικῶν
994 741 1305 812 κτισμάτων
1336 738 1620 808 πράξεσιν.

254 1014 348 1080 με’.
390 1010 452 1064 Et
494 1011 602 1083 χρὴ
659 1011 756 1084 τῆς
800 1010 1056 1082 ἀληθείας
1091 1010 1490 1083 ἀκριϐεστάτην
1523 1009 1720 1088 mam
1764 991 1770 995 ’

193 1100 316 1170 ἐχειν
372 1099 469 1172 τὴν
527 1101 721 1174 ἀρχὴν,
771 1104 806 1173 ἠ
849 1102 907 1156 δὲ
969 1102 1062 1156 τοῦ
1113 1103 1386 1179 Μάνεντος
1441 1098 1726 1156 δυσσέσεια

193 1194 388 1261 ἄγνοιαν
430 1193 523 1246 τοῦ
559 1193 722 1247 πόθεν
748 1194 820 1248 τὰ
857 1195 1003 1249 κακὰ
1030 1193 1270 1265 φέρουσα
1293 1192 1434 1263 ,πρὸς
1471 1181 1725 1246 ἀσέϐειαν

192 1282 396 1354 εχειτὴν
421 1282 681 1354 κρηπῖδα·
716 1283 832 1348 πῶς
861 1283 1033 1348 οὔτως
1067 1285 1163 1354 τῆς
1203 1284 1422 1352 ἀγνοίας
1462 1282 1565 1340 καὶ,
1591 1283 1722 1336 dae-

193 1375 322 1440 θείας
362 1376 607 1446 ἐρασταὶ,
654 1378 703 1430 οἱ
749 1376 847 1449 τὴν
899 1377 992 1431 τοῦ
1037 1375 1312 1440 Μάνεντος
1356 1374 1723 1446 ἀσπαζόμενοι

194 1465 483 1532 κακοδοξίαν
498 1481 514 1531 ;

280 1578 648 1634 ΠΡΟΤΔΣΕῘΣ
689 1579 1161 1634 ΧΡΙΣΤΙΑΝῙΚΑΙ
1209 1578 1386 1632 ΠΡΟΣ
1439 1578 1619 1661 ΤΟΥΣ

720 1665 1168 1722 ΜΑΝΙΧΔΙΟΥΣ.

251 1780 355 1834 Πᾶν
392 1778 455 1832 ἐκ
490 1794 634 1842 τινος
677 1779 1034 1849 ὑποκειμένου
1067 1779 1368 1848 γινόμενον,
1411 1777 1444 1850 ἢ
1474 1778 1654 1848 φύσει.
1682 1777 1716 1848 ἢ
1791 1804 1796 1809 -

1827 642 2112 698 dicendum
2157 651 2259 699 est.
2311 642 2642 713 Contingens
2680 652 2862 706 autem
2906 655 3052 694 nunc
3103 641 3225 695 dico
3280 655 3384 693 non

1828 734 1972 802 quod
2039 735 2413 804 contingenter
2467 733 2663 789 accidit
2741 730 3063 787 necessitate
3138 730 3388 786 substan-

1827 824 1948 889 tiae,
2014 824 2109 878 sed
2171 821 2316 894 quod
2367 831 2560 892 sponte
2625 820 2889 890 contingit
2933 821 2990 873 in
3042 817 3388 872 rationalium

1827 921 2198 970 creaturarum
2242 913 2474 968 actibus.
3323 956 3337 967 .

1848 996 1851 999 ’
1897 1002 1987 1058 ιδ.
2017 1002 2071 1056 Si
2102 1003 2426 1074 principium
2455 1009 2670 1072 oportet
2693 998 3158 1056 accuratissimam
3190 996 3390 1050 habere

1824 1095 2074 1149 veritatis
2135 1096 2408 1161 notitiam,
2474 1093 2700 1148 Manetis
2759 1103 2940 1145 autem
2993 1089 3240 1158 impietas
3260 1104 3386 1142 cum

1826 1186 2086 1257 ignorans
2152 1187 2295 1242 unde
2350 1187 2458 1242 sint
2499 1187 2663 1266 mala,
2697 1183 3100 1254 irreligiositate
3159 1183 3384 1245 nitatur,

1823 1292 1924 1334 cur
1973 1279 2108 1333 adeo
2185 1287 2312 1333 sunt
2361 1279 2676 1347 ignorantiae
2738 1287 2901 1346 atque
2973 1273 3386 1344 irreligiositatis

1822 1379 2070 1426 amantes
2103 1409 2120 1437 ,
2217 1370 2310 1431 qui
2393 1369 2620 1426 Manetis
2707 1384 2886 1442 pravae
2965 1377 3128 1424 secta:
3206 1365 3385 1421 adita:-

1726 1511 1730 1514 .
1821 1462 1986 1518 rent?

1881 1573 2418 1633 PROPOSITIONES
2479 1572 2918 1629 CHRISTIANE
2969 1574 3338 1630 ADVERSUS

2379 1663 2818 1720 MANICIIIEOS.

1886 1778 2160 1849 Quidquid
2228 1794 2294 1832 ex
2359 1779 2543 1848 aliquo
2608 1778 2853 1847 subjecto
2916 1777 2992 1844 ﬁt,
3044 1788 3136 1832 aut
3187 1787 3383 1833 natura

190 1870 354 1941 τέχνης
376 1869 408 1938 ἢ
433 1868 747 1941 προαιρέσει
778 1870 1041 1937 γίγνεται·
1077 1869 1236 1940 φύσει
1265 1871 1384 1941 μὲν,
1408 1864 1517 1923 οἷον
1536 1868 1594 1933 ἐξ
1621 1869 1717 1922 ἀν-

1821 1872 1880 1927 lit
1946 1881 2038 1926 aut
2088 1881 2203 1926 arte
2278 1879 2371 1924 aut
2441 1871 2726 1925 electione.
2778 1869 2981 1924 Natura
3043 1871 3282 1940 quidem,
3327 1881 3387 1924 ut

191 1959 384 2030 θρώπου
404 1959 706 2028 ἄνθρωπος,
730 1961 819 2013 καὶ
843 1962 908 2014 ἐκ
935 1960 1082 2014 σίτου
1108 1962 1270 2024 σῖτος-
1294 1960 1458 2031 τέχνῃ
1488 1958 1565 2022 δὲ,
1602 1953 1716 2011 οἷον

191 2055 248 2104 ἐκ
264 2053 350 2121 τῆς
375 2051 667 2122 ὑφαντικῆς
689 2052 900 2122 ἱμάτια,
931 2053 1025 2106 καὶ
1051 2053 1146 2123 τῆς
1165 2051 1506 2121 οἰκοδομικῆς
1527 2050 1713 2104 οἰκίαν

191 2139 477 2210 προαιρέσει
512 2139 591 2202 δὲ,
619 2138 730 2194 οἷον
777 2143 842 2194 ἐκ
890 2141 999 2194 τῶν
1049 2141 1325 2211 προτέρων
1377 2139 1436 2192 τὸ
1475 2138 1716 2209 σύμπαν.

202 2232 339 2286 Ἀλλὰ
361 2234 450 2285 καὶ
473 2234 536 2286 ἐκ
562 2234 774 2301 φύσεως
799 2233 1033 2302 ἑκάστης
1056 2233 1117 2285 οὐ
1143 2232 1333 2285 πολλαὶ
1363 2231 1456 2284 καὶ
1475 2231 1720 2302 διάφοροι

191 2325 271 2376 tu".
292 2323 517 2377 ἐναντίαι
549 2324 740 2392 φύσεις
772 2324 1062 2391 γίγνονται·
1107 2321 1218 2376 οἷον
1269 2323 1328 2376 οὔ
1371 2324 1616 2390 γίγνεται
1656 2325 1721 2376 ἐκ

191 2415 272 2482 τῆς
299 2414 384 2467 τοῦ
409 2413 696 2484 ἀνθρώπου
739 2413 952 2481 φύσεως
998 2413 1123 2483 βοῦς
1159 2415 1252 2466 καὶ
1297 2411 1514 2482 χαλκὸς,
1555 2411 1720 2484 ὔδωρ,

191 2503 285 2575 πῦρ
312 2522 366 2558 τε
403 2507 497 2558 καὶ
521 2507 722 2575 κάρυα.
764 2505 1035 2568 Ὡσαύτως
1071 2505 1126 2557 δὲ
1160 2505 1252 2558 καὶ
1277 2505 1338 2557 ἐκ
1365 2503 1566 2575 τεχνῶν
1595 2505 1723 2557 ἑκά-

193 2613 312 2650 στων
340 2598 397 2651 οὔ
418 2598 663 2668 διάφοροι
685 2598 779 2650 καὶ
798 2597 1035 2651 ἐναντίαι
1062 2595 1201 2660 ὗλαι,
1233 2597 1397 2666 ἄλλης
1429 2595 1592 2665 οὔσης
1624 2596 1722 2665 τῆς

190 2690 360 2760 τέχνης
377 2694 522 2762 παρὰ
542 2691 642 2761 τὴν
665 2689 724 2756 ἐξ
746 2691 910 2760 αὑτῆς
937 2690 1543 2762 μετασχηματιζομένην
1566 2677 1717 2756 ὔληνο

189 2775 284 2834 οἷον
305 2783 357 2834 οὔ
383 2781 618 2850 γίγνεται
640 2783 706 2834 ἐκ
734 2781 832 2850 τῆς
863 2781 1158 2849 ὑφαντικῆς
1176 2781 1368 2851 τέχνης
1392 2781 1554 2850 ἔριον·
1585 2780 1720 2834 ἀλλὰ

191 2873 248 2925 τὰ
271 2873 385 2926 ὄντα
408 2874 526 2945 ἐρια
555 2873 970 2938 μετασκευάζει,
1000 2872 1163 2942 ἄλλης
1190 2872 1354 2941 οὔσης
1381 2873 1547 2942 αὐτῆς
1569 2873 1720 2944 παρὰ

190 2967 247 3018 τὰ
270 2965 396 3036 ἔρια.
420 2966 540 3020 Ὅτι
571 2965 628 3018 δὲ
658 2967 766 3019 κάκ
793 2967 1154 3037 προαιρέσεως
1178 2966 1238 3017 οὐ
1265 2966 1422 3035 μόνον
1442 2966 1542 3018 οὔκ
1569 2968 1722 3019 ἐναν-
1747 3007 1760 3012 ..

188 3056 285 3109 τίσι
315 3055 512 3125 φύσεις,
550 3057 665 3111 ἀλλ’
705 3057 812 3110 οὐδ’
850 3057 984 3120 ὅλως
1019 3057 1296 3126 γίγνονται
1342 3055 1526 3125 φύσει,
1562 3058 1724 3111 παντὶ

189 3147 344 3216 δῆλον.

245 3246 308 3292 α’.
339 3240 546 3293 Τούτων
583 3239 631 3292 δ’
667 3237 840 3300 οὔτως
872 3236 1102 3307 ἐχόντων
1126 3236 1194 3290 τὰ
1238 3236 1297 3303 ἐξ
1341 3235 1474 3306 ὔλης
1502 3236 1610 3306 ἄρα
1630 3252 1717 3304 γι-
1744 3245 1790 3308 c
1892 3234 1943 3286 1.

186 3329 413 3400 τνόμενα,
450 3330 607 3400 φύσει
645 3328 918 3398 γίγνεται,
958 3327 991 3398 ἥ
1037 3328 1217 3398 τέχνῃ,
1271 3327 1303 3397 ἢ
1345 3329 1659 3400 προαιρέσει
1689 3346 1704 3360 ο

185 3420 286 3474 ἀλλ’
320 3423 362 3474 εί
389 3423 484 3494 μὲν
511 3421 699 3490 φύσει,
733 3419 850 3484 πῶς
891 3422 1018 3492 μιᾶς
1044 3417 1228 3490 οὔσης,
1252 3418 1442 3472 πολλαὶ
1479 3420 1573 3473 καὶ
1600 3419 1712 3474 διά-

186 3528 326 3583 φοροι
367 3515 455 3566 καὶ
500 3512 738 3566 ἐναντίαι
775 3511 961 3580 φύσεις
995 3511 1268 3580 γίγνονται
1315 3509 1374 3576 ἐξ
1411 3511 1615 3580 αὐτῆς
1648 3511 1712 3565 Ei

184 3603 422 3677 δέτέχνῃ,
457 3605 672 3676 πρῶτον
717 3604 815 3674 μὲν
862 3603 946 3667 τίς
998 3602 1326 3671 ὀτεχνίτης;
1380 3601 1566 3664 Οὐδεὶς
1604 3603 1711 3673 γὰρ

185 3698 409 3767 τεχνίτης
430 3697 544 3751 ἐστὶ
583 3695 678 3749 καὶ
717 3693 813 3764 ὔλη
862 3693 1002 3746 κατὰ
1042 3692 1228 3746 ταύτό.
1259 3693 1486 3746 Ἔπειτα
1510 3692 1567 3745 δὲ
1593 3692 1710 3757 πῶς

185 3789 312 3843 κατὰ
337 3790 428 3860 τὴν
454 3788 704 3858 τεχνικὴν
729 3783 1048 3840 ἀκολουθίαν
1088 3785 1150 3836 ἐκ
1194 3783 1322 3852 μιᾶς
1351 3781 1482 3853 ὕλης
1517 3783 1711 3837 πολλαὶ

185 3877 268 3930 καὶ
305 3876 538 3948 διάψοροι
598 3874 694 3929 καὶ
745 3873 980 3928 ἐναντίαι
1027 3871 1278 3940 γεγόνασι
1323 3871 1543 3942 φύσεις;
1571 3874 1711 3926 Είδὲ

187 3967 309 4037 μήτε
333 3967 503 4037 φύσει,
533 3967 671 4038 μήτε
709 3965 1052 4036 προαιρέσει,
1104 3965 1238 4036 μήτε
1278 3965 1440 4035 τέχνῃ
1469 3965 1711 4033 γίγνεται

183 4058 242 4112 τὰ
262 4059 315 4122 ἐξ
336 4059 460 4131 ὕλης
486 4059 801 4130 γιγνόμενα,
835 4057 956 4112 εἰπὲ
986 4057 1101 4122 πῶς
1141 4057 1347 4126 γίνεται
1388 4057 1456 4110 τὰ
1492 4057 1551 4113 ἐξ
1579 4055 1711 4127 ὕλης

184 4149 446 4221 Nam;

245 4431 304 4502 β’.
345 4433 407 4486 Ei
447 4435 550 4488 πᾶν
612 4431 679 4504 ἐπ
737 4448 881 4496 τινος
952 4431 1310 4502 ὐποκειμενου
1353 4448 1638 4504 γινομενον
1696 4489 1709 4505 ,

185 4523 346 4590 φύσει,
397 4526 429 4596 ἢ
475 4526 656 4598 τέχνῃ,
715 4524 748 4596 ἢ
799 4522 1385 4595 προαιρέσει’γίνεται,·
1422 4527 1478 4577 αι
1529 4524 1584 4578 δὲ
1605 4525 1712 4577 τῶν

183 4610 333 4664 ὖντων
363 4613 605 4686 διαφοραὶ
635 4613 728 4668 καὶ
753 4613 987 4666 ἐναντίαι
1013 4602 1198 4680 φύσεις
1228 4610 1350 4664 οὔτε
1383 4613 1564 4681 φύσει,
1589 4605 1715 4666 οὔτε

184 4702 358 4773 τέχνῃ,
409 4703 526 4757 οὔτε
582 4704 894 4776 προαιρέσει
922 4701 1256 4772 γεγένηνται·
1314 4703 1430 4766 πῶς
1475 4703 1538 4758 εκ
1581 4721 1725 4767 τινος

185 4796 539 4867 ὑποκειμένου,
589 4798 645 4850 αἱ
699 4798 806 4851 τῶν
852 4797 1018 4850 ὄντων
1056 4798 1372 4867 γεγένηνται
1403 4797 1630 4864 φύσεις
1664 4799 1725 4851 Εἰ

183 4887 223 4939 δ’
242 4891 334 4942 οὐκ
365 4889 427 4942 ἐκ
461 4906 596 4953 τινος
623 4889 979 4960 ὑποκειμένου
1007 4891 1060 4942 αἱ
1084 4889 1189 4942 τῶν
1215 4890 1380 4940 ὅντων
1404 4887 1592 4954 φύσεις
1626 4906 1717 4955 γε·

184 4979 452 5052 γένηνται,
506 4979 624 5033 εἰπὲ
680 4968 848 5034 πόθεν.
897 4981 953 5035 αἱ
1003 4981 1111 5034 τῶν
1169 4978 1334 5032 ὄντων
1396 4976 1717 5048 γεγένηνται

184 5071 353 5138 φύσεις
372 5088 387 5135 ;

240 5193 302 5256 γ’.
340 5187 400 5241 Εἰ
427 5188 484 5240 ἐν
510 5187 655 5257 τόπῳ
681 5186 779 5256 τῆς
809 5185 993 5250 οὐσίας
1035 5189 1064 5240 ὁ
1096 5187 1260 5252 Θεὸς,
1315 5186 1428 5250 πῶς
1467 5187 1526 5238 οὐ
1560 5203 1719 5257 περι-

183 5281 407 5348 γραπτὸς
440 5279 534 5349 τὴν
561 5279 750 5333 οὐσίαν
777 5281 805 5331 ὁ
832 5278 994 5343 Θεός;
1037 5280 1097 5332 Εἰ
1130 5281 1186 5333 δὲ
1225 5278 1590 5348 περιγραπτδς
1623 5280 1721 5347 τὴν

184 5367 346 5420 οὐσίαν
370 5371 397 5422 ὁ
423 5366 572 5432 Θεὸς,
609 5368 724 5431 πῶς
757 5366 1108 5439 πανγνὼστης
1131 5370 1230 5439 τῆς
1269 5367 1450 5430 οὐσίας
1479 5367 1507 5418 ὁ
1545 5367 1718 5431 Θεός;

186 5457 287 5519 πῶς
319 5459 445 5522 Θεὸς
483 5459 575 5530 τὴν
604 5461 792 5514 οὐσίαν
819 5461 848 5510 ὁ
868 5459 996 5522 Θεός
1020 5476 1034 5524 ;

243 5633 299 5687 δ’.
327 5636 382 5688 Εἰ
409 5637 466 5686 ἐν
489 5637 563 5707 τῷ
588 5640 637 5692 τί
667 5642 782 5692 ἐστι
828 5639 1197 5709 περιγραπτὸς
1230 5641 1257 5692 ὁ
1289 5636 1435 5700 Θεὸς,
1474 5637 1530 5687 ἐν
1557 5636 1612 5688 δὲ
1643 5635 1718 5705 τῷ

189 5726 320 5798 ποσῷ
340 5729 484 5779 ἐστιν
518 5731 940 5802 ἁπερίγραπτος,
968 5731 1081 5793 πῶς
1107 5731 1300 5784 ταυτόν
1332 5734 1441 5781 ἐστι
1465 5727 1524 5780 τὸ
1554 5728 1717 5779 ποσὸν

191 5820 269 5873 τοῦ
291 5821 417 5879 θεον
446 5822 616 5875 καὶτὸ
651 5826 701 5878 τί
731 5827 896 5893 aii-:6;
931 5825 992 5879 Εἰ
1021 5825 1064 5877 δ’
1092 5825 1150 5876 οὐ
1183 5825 1353 5879 τοῦτο.
1389 5838 1500 5885 πως
1529 5819 1593 5874 ἂν
1626 5821 1712 5872 λέο

1817 1979 1884 2020 ex
1928 1963 2146 2020 homine
2199 1963 2381 2028 homo,
2431 1977 2498 2017 ex
2547 1961 2819 2017 frumento
2849 1962 3203 2018 frumentum.
3233 1962 3382 2026 Arte,

1817 2066 1878 2113 ut
1919 2073 1986 2112 ex
2041 2056 2274 2112 textrina
2321 2029 2741 2122 vestimentum,
2793 2065 2848 2111 et
2905 2071 2974 2111 ex
3022 2056 3386 2119 architectura

1817 2151 2035 2213 domus.
2090 2147 2367 2204 Electione
2423 2147 2588 2202 veluti
2640 2162 2705 2202 ex
2740 2147 3012 2216 prioribus
3049 2149 3383 2202 universum.

1821 2241 2200 2296 Verumtamen
2223 2255 2288 2294 ex
2319 2253 2643 2309 unaquaque
2659 2247 2846 2292 natura
2870 2251 2978 2292 non
3000 2239 3184 2292 multa:
3211 2249 3386 2307 neque

1819 2328 2044 2382 diversae
2100 2335 2194 2381 aut
2246 2325 2532 2380 contraria
2585 2335 2792 2379 naturae
2840 2324 3000 2391 fiunt;
3055 2323 3220 2377 veluti
3273 2338 3381 2376 non

1822 2419 1880 2472 lit
1907 2411 1912 2416 ’
1937 2434 2000 2472 ex
2045 2417 2278 2472 hominis
2315 2427 2505 2470 natura
2556 2415 2675 2480 bos,
2715 2430 2808 2481 ms,
2839 2430 3000 2484 aqua,
3031 2413 3192 2484 ignis,
3217 2421 3380 2480 atque

1830 2525 2019 2564 nuces.
2075 2508 2331 2562 Similiter
2354 2516 2407 2561 ct
2451 2523 2515 2562 ex
2540 2507 2768 2575 singulis
2806 2505 3011 2560 artibus
3063 2504 3206 2558 haud
3249 2504 3384 2557 liunt

1821 2600 2046 2654 diversa:
2075 2607 2129 2650 et
2159 2597 2444 2651 contrariae
2473 2595 2727 2660 materiae,
2759 2611 2881 2649 cum
2923 2595 2994 2649 sit
3037 2608 3126 2648 ars
3173 2593 3383 2648 diversa

1819 2705 1850 2742 a
1908 2687 2130 2740 materia
2166 2703 2286 2756 qua:
2336 2702 2430 2754 per
2470 2688 2640 2755 ipsam
2691 2685 3129 2756 transﬁguratnr.
3187 2685 3385 2738 Exem-

1821 2780 1891 2849 pli
1941 2778 2132 2848 gratia,
2163 2793 2270 2831 non
2303 2777 2361 2830 lit
2389 2792 2452 2830 ex
2482 2775 2711 2829 textrina
2743 2775 2934 2837 vellus,
2976 2774 3071 2828 sed
3115 2775 3384 2828 ars-essi-

1821 2870 2016 2924 stcntia
2051 2868 2245 2922 vellera
2309 2866 2571 2930 elaborat,
2617 2879 2740 2918 cum
2800 2865 2916 2932 ipsa
2960 2873 3138 2916 tamen
3171 2865 3384 2918 diversa

1823 2959 1895 3013 sit
1951 2958 2340 3013 a-velleribus.
2397 2955 2553 3022 Quod
2612 2965 2790 3008 autem
2842 2953 3003 3009 etiam
3051 2969 3118 3007 ex
3171 2968 3231 3009 re
3284 2967 3384 3008 vo-

1823 3049 2102 3117 luntaria,
2180 3064 2288 3103 non
2360 3049 2534 3103 solum
2607 3047 2751 3100 haud
2827 3045 3110 3100 contraria:
3179 3053 3418 3110 [λειω-ιι,

1757 3176 1762 3181 -
1827 3140 1980 3206 (iant,
2037 3142 2130 3195 sed
2182 3140 2406 3195 omnino
2471 3138 2664 3197 nullae.
2719 3153 2877 3192 nemo
2931 3153 3038 3191 non
3094 3137 3262 3193 videt.

2022 3231 2118 3286 His
2192 3233 2263 3285 ita
2321 3231 2664 3295 constitutis,
2731 3246 2792 3284 ea
2848 3246 2969 3299 qua:
3028 3246 3093 3284 ex
3163 3231 3386 3285 materia

1809 3326 1983 3387 liunt,
2036 3323 2120 3378 vel
2199 3332 2314 3377 arte
2378 3321 2803 3376 vel.vo|untate.
2868 3320 2986 3374 Jam
3046 3321 3091 3375 si
3159 3329 3382 3383 natura,

1810 3417 2080 3488 quomodo
2128 3433 2250 3471 cum
2306 3415 2374 3470 sit
2427 3431 2554 3476 una,
2624 3416 2804 3467 multa:
2855 3429 2917 3467 ac
2971 3413 3198 3467 diversa:
3256 3429 3389 3467 con-

1810 3510 2094 3580 trarizeque
2149 3519 2356 3563 naturae
2413 3523 2479 3562 cx
2540 3507 2654 3576 ipsa
2702 3506 2868 3560 liunt?
2921 3504 3016 3559 Sin
3078 3517 3214 3570 arte,
3269 3507 3380 3574 pri-

1811 3618 1901 3658 mo
1956 3602 2477 3673 quidem-quisnam
2530 3599 2745 3669 opifex?
2800 3597 2968 3654 Nemo
3020 3600 3166 3653 enim
3224 3599 3385 3654 simu!

1808 3704 1894 3749 est
1939 3693 2117 3764 opil‘ex
2165 3702 2220 3749 ct
2276 3691 2519 3748 materia.
2582 3691 2785 3746 Deinde
2851 3692 3123 3761 quomodo
3189 3706 3388 3745 secum

1809 3785 1938 3840 dum
1990 3786 2291 3840 technicam
2349 3784 2607 3838 rationem
2655 3799 2720 3836 ex
2781 3799 2886 3836 una
2937 3784 3160 3837 materia
3206 3785 3388 3838 multm

1809 3893 1873 3932 ac
1927 3877 2153 3931 diversae
2186 3885 2238 3930 ct
2288 3875 2572 3929 contraria:
2631 3873 2784 3928 facta:
2833 3884 2960 3930 sunt
3020 3875 3384 3930 naturm?Sin

1809 3969 2041 4039 denique
2114 3969 2420 4031 voluntate,
2481 3966 2753 4036 quomodo
2803 3981 2870 4020 ex
2930 3967 3201 4021 voluntate
3260 3967 3387 4020 ﬁent

1812 4062 2058 4116 naturae?
2117 4061 2270 4127 Quod
2334 4060 2378 4115 si
2432 4075 2607 4129 neque
2636 4069 2826 4114 natura
2891 4074 3062 4127 neque
3113 4058 3387 4113 voluntate

1813 4171 1985 4224 neque
2032 4163 2145 4208 arte
2199 4154 2332 4208 ﬁunt
2370 4169 2488 4223 qua:
2518 4152 2739 4206 materia
2789 4159 3068 4214 constant,
3132 4149 3222 4203 dic
3255 4165 3385 4219 quo-

1811 4247 1972 4303 modo
2033 4245 2163 4301 fiant
2215 4261 2330 4316 qua:
2383 4243 2601 4299 materia
2655 4239 2944 4297 constant?

1888 4438 1943 4490 9..
2024 4433 2082 4487 Si
2131 4429 2390 4514 quidquid
2457 4443 2520 4481 ex
2594 4427 2777 4496 aliquo
2829 4426 3078 4496 subjecto
3135 4426 3234 4492 ﬁt,
3297 4434 3389 4480 aut

1824 4542 2036 4590 natura,
2101 4535 2195 4581 aut
2247 4534 2380 4590 arte,
2428 4533 2522 4577 aut
2585 4523 2860 4576 voluntate
2899 4523 2996 4588 ﬁt;
3054 4537 3232 4577 rerum
3291 4535 3388 4573 au-
3476 4531 3485 4536 ‘

1829 4636 1933 4680 tem
1985 4621 2300 4676 dim-renum
2354 4617 2745 4686 contrarireque
2790 4625 3016 4677 naturae,
3066 4627 3238 4682 neque
3289 4625 3387 4663 na-

1829 4729 1982 4778 tura,
2047 4727 2220 4779 ncque
2276 4717 2410 4771 arte,
2473 4724 2648 4778 neque
2703 4707 2980 4760 voluntate
3038 4713 3164 4758 sunt
3211 4703 3382 4763 factae,

1827 4801 2100 4873 quomodo
2187 4817 2252 4854 ex
2327 4799 2510 4868 aliquo
2585 4798 2850 4867 subjecto,
2927 4812 3103 4850 rerum
3182 4802 3385 4845 natura:

1827 4898 1981 4951 facta:
2034 4889 2303 4945 luerunt?
2351 4889 2506 4955 Quod
2565 4887 2609 4942 si
2650 4888 2871 4941 minime
2927 4901 2993 4940 ex
3047 4883 3225 4950 aliquo
3255 4882 3386 4934 sub-

1823 4989 1966 5057 jecto
1995 5025 2007 5045 ,
2052 4995 2232 5035 rerum
2271 4989 2478 5034 naturae
2522 4975 2676 5032 facta:
2707 4978 2943 5036 luerunt,
2987 4973 3074 5028 dic
3113 4970 3381 5025 undenant

1826 5078 1933 5132 sint
1957 5073 2109 5126 fact-.e
2139 5069 2392 5124 natura)?

1890 5184 1942 5238 5.
2003 5181 2058 5235 Si
2111 5181 2229 5233 loco
2281 5174 2594 5235 substantia:
2645 5185 2734 5231 est
2805 5175 2944 5229 Deus
2979 5213 2995 5235 ,
3061 5172 3248 5242 quidni
3315 5172 3382 5228 sit

1823 5271 2230 5338 circumscripta
2266 5270 2570 5325 substantia
2596 5265 2733 5321 Dei?
2766 5262 2830 5317 Et
2869 5264 2911 5318 si
2973 5263 3384 5329 circumscripta

1821 5378 1901 5423 est
1942 5364 2241 5418 substantia
2295 5363 2407 5427 Dei,
2439 5360 2708 5432 quomodo
2755 5361 3034 5423 cognoscit
3075 5356 3376 5410 universam

1826 5455 2202 5516 substantiam,
2257 5452 2441 5509 Deus?
2485 5449 2756 5522 quomodo
2825 5450 3012 5513 Deus,
3075 5443 3377 5501 substantia

1822 5552 1962 5604 Deus
2006 5556 2086 5600 cst
2107 5545 2127 5597 ?

1888 5640 1938 5691 -‘i.
1990 5637 2156 5696 Siin
2186 5634 2416 5690 essentia
2466 5631 2605 5686 Deus
2661 5640 2744 5686 est
2803 5629 3260 5693 circumscriptus,
3318 5627 3370 5677 in

1820 5731 2078 5800 qualitate
2120 5739 2296 5779 autem
2337 5725 2854 5793 incircumscriptus,
2908 5718 3175 5791 quomodo
3198 5733 3364 5769 unum

1821 5824 2064 5887 idemque
2115 5828 2238 5871 sunt
2284 5816 2514 5884 qualitas
2549 5826 2603 5870 et
2635 5819 2875 5874 essentia
2934 5811 3020 5865 Dci
3050 5811 3066 5863 ’ἓ
3114 5808 3269 5871 Qum}
3321 5805 3368 5860 si
