4048 6338
160 457 239 519 5ἷ3

995 456 1440 518 DISPUTATIO
1461 457 1617 519 CUM
1643 457 1981 517 PHOTINO
2014 453 2440 521 ΜΑΝΙΕΠᾸΞΟ.

3248 446 3352 507 57-5

162 581 269 627 σεως
292 565 418 618 καθ’
448 568 595 637 ὑμᾶς
626 568 918 637 μετέφερεν
949 568 1040 621 ἐπὶ
1075 566 1261 637 ψυχῶν
1292 566 1392 636 τὴν
1427 566 1525 634 τῆς
1552 565 1687 618 ἀνα-

1790 574 2131 631 mortuornm
2187 561 2621 624 resurrectione,
2678 559 2954 615 transtulit
3004 559 3069 614 ad
3139 558 3352 613 animas

162 658 370 720 στάσεως
405 660 776 731 προσηγορίαν
797 677 811 722 ς

216 748 287 816 ιβ’.
317 751 381 802 Εἰ
401 750 680 821 ἀληθεύων
711 752 739 803 ό
780 750 984 819 Ἰησοῦς
1013 751 1205 803 ἑαυτὸν
1244 751 1526 819 ὠνόμασεν
1556 750 1685 802 Υίδν

1785 655 2201 709 resurrectionis
2258 651 2665 721 metaphoram?

1854 746 1940 799 19..
1987 744 2042 799 Si
2076 746 2339 799 veraciter
2368 742 2529 797 Jesus
2568 741 2657 795 Dei
2695 740 2889 795 Filium
2929 758 2986 796 se
3028 744 3349 803 nominavit,

160 838 232 892 τοῦ
256 838 407 904 Θεοῦ,
434 840 551 904 πῶς
581 842 681 894 οὐκ
714 840 986 911 ἀληθεύων
1014 838 1203 894 ἑαυτὸν
1249 842 1502 895 ἐκάλεσεν
1557 842 1685 894 Υἱὸν

1789 836 1967 905 quidni
2040 835 2165 889 item
2220 836 2483 889 veraciter
2537 850 2595 887 sc
2659 833 2854 886 Filium
2909 833 3144 886 hominis
3209 850 3350 886 nnn-

160 930 233 984 τοῦ
254 930 567 1001 ἀνθρώπου;
601 935 710 986 Καὶ
742 935 790 986 εἰ
818 934 917 986 οὐκ
963 933 1238 1001 ἀληθεύων
1268 934 1460 987 ἑαυτὸν
1494 933 1684 985 ἐκάλει

162 1035 233 1071 cev
265 1020 389 1073 Υἱδν
416 1022 721 1091 ἀνθρώπου,
771 1023 887 1086 πῶς
923 1022 1197 1092 ἀληθεύων
1246 1022 1525 1092 ὠνόμασεν
1560 1022 1685 1073 Υἱὸν

161 1109 233 1161 τοῦ
256 1109 383 1163 Θεοῦ
434 1112 652 1177 ἑαυτόνς
706 1113 768 1165 El
799 1111 844 1165 δ’
873 1112 1149 1181 ἀληθεύων
1193 1112 1453 1181 ἑκάτερον
1495 1111 1687 1163 ἑαυτὸν

163 1200 331 1267 ἔλεγεν,
362 1200 474 1264 πῶς
496 1203 595 1254 οὐκ
623 1202 770 1255 ἔστιν
802 1202 962 1265 αὐτὸς
992 1202 1283 1271 ἑκάτερονς

219 1297 292 1358 ιγ’.
325 1294 388 1345 Εἰ
410 1292 589 1356 καλῶς
620 1296 647 1346 ὁ
691 1292 896 1363 Ἰησοῦς
932 1292 1129 1363 μετιὼν
1170 1292 1227 1344 ἓν
1270 1307 1380 1343 τισι
1412 1290 1511 1361 τὴν
1556 1290 1685 1342 Ἰου-

163 1381 317 1451 δαῖκὴν
342 1382 628 1452 συνήθειαν
647 1383 890 1436 ἐδίδασκε
920 1383 1045 1445 τοὺς
1070 1379 1407 1450 ἀνθρώπους,
1438 1378 1558 1442 πῶς
1581 1378 1683 1430 οὐκ

165 1474 327 1540 ἀγαθὸς
354 1476 383 1526 ὁ
407 1474 596 1527 τούτου
634 1476 840 1546 Πατὴρ,
867 1475 924 1535 ὃς
946 1475 1044 1544 τὴν
1071 1474 1180 1525 τῶν
1212 1471 1457 1524 παλαιῶν
1493 1486 1686 1539 μετερ-

165 1564 354 1632 χόμενος
395 1564 703 1632 συνήθειαν,
744 1564 1189 1634 ὲπαιδαγώγησεν
1231 1563 1359 1625 τοὺς
1402 1560 1685 1631 Ἐὅραίους

164 1653 275 1722 πρὸς
310 1655 625 1720 εῦσέὄειαν;
658 1657 767 1710 Καὶ
806 1658 854 1708 εί
904 1655 1319 1726 ύπεξῃρημένης
1343 1657 1441 1723 τῆς
1466 1652 1573 1705 τῶν
1603 1652 1687 1704 δε-

164 1747 369 1815 χομένων
419 1749 750 1819 νηπιότητος·
788 1747 913 1800 λίαν
963 1748 1140 1815 ἀγαθά
1188 1747 1256 1800 τὰ
1296 1746 1561 1798 ὑπόλοιπα
1589 1743 1686 1813 τῆς

165 1839 370 1901 Παλαιᾶς
393 1839 685 1910 Διαθήκης,
727 1839 841 1903 πῶς
863 1841 923 1893 οὐ
957 1840 1050 1893 τοῦ
1082 1838 1289 1908 ἀγαθοῦ
1322 1836 1456 1891 Θεοῦ
1483 1838 1685 1908 ἐστι·δή

165 1930 343 1983 Παλαιὰ
370 1930 611 2001 Διαθήκη
639 1949 654 1997 ;

219 2023 285 2076 ιδ’.
306 2023 363 2075 El
384 2023 443 2076 οὐ
474 2024 875 2091 σφάλλονται.ιοὶ
903 2024 1188 2092 Μανιχαῖοι
1217 2022 1467 2090 λέγοντες
1496 2023 1578 2075 ὅτι
1602 2023 1705 2075 δεῖΔ

161 2112 242 2181 τὴν
261 2111 397 2165 θείαν
425 2112 616 2166 οὐσίαν
656 2113 773 2183 ῆτοι
808 2115 907 2184 τὴν
944 2112 1007 2163 ὲκ
1039 2111 1139 2180 τῆς
1171 2109 1320 2173 θείας
1363 2109 1548 2172 οὐσίας
1585 2108 1687 2178 ψυ-

164 2202 243 2271 χὴν
266 2202 622 2273 παραδοθῆναι
653 2204 718 2271 τῇ
743 2201 944 2271 αἰωνίῳ
974 2200 1189 2254 κολάσει
1226 2199 1365 2270 ὑπὲρ
1405 2199 1515 2252 τῶν
1562 2201 1685 2252 κατ’

159 2293 369 2363 ἀνάγκην
391 2294 825 2364 ἁμαρτημάτων,
856 2291 971 2354 πῶς
1005 2290 1328 2360 σφάλλονται
1357 2290 1405 2343 οἱ
1430 2292 1527 2361 τῆς
1550 2291 1686 2361 ἀλη-

160 2384 283 2446 θείας
314 2383 488 2447 παῖδες
530 2385 829 2453 φάσκοντες
860 2383 943 2435 ὅτι
974 2382 1079 2451 χρὴ
1123 2382 1251 2444 τοῦς
1286 2382 1427 2435 κατά
1468 2382 1688 2451 ποίησιν

161 2478 243 2545 μὲν
276 2479 372 2532 ὑπὸ
396 2478 528 2532 Θεοῦ
576 2476 994 2550 γεγενημένους,
1028 2476 1377 2545 αὖθαιρέτους
1412 2476 1469 2529 δὲ
1503 2478 1685 2547 ἀμαρ-

159 2570 397 2636 τήσαντας
424 2569 776 2636 κολάξεσθαις
810 2571 917 2623 Καὶ
942 2571 989 2623 εἱ
1016 2570 1220 2622 δίκαιον
1250 2568 1427 2635 λέγειν
1456 2568 1536 2621 ὅτι
1566 2566 1684 2619 ἐστι

157 2661 286 2724 τέλος
316 2662 410 2731 τῆς
435 2662 540 2714 τῶν
562 2661 748 2715 κακῶν
792 2662 1079 2724 κολάσεως,
1132 2660 1251 2724 πῶς
1299 2659 1479 2713 ἄδικον
1514 2661 1688 2712 εἰπεῖν

158 2746 271 2803 εἶναι
294 2751 437 2815 τέλος
457 2753 556 2823 τῆς
587 2753 773 2822 ψυχῶν
804 2770 862 2804 τε
897 2752 990 2805 καὶ
1018 2752 1283 2821 σωμάτων
1312 2750 1614 2815 κολάσεως;

218 2848 291 2895 ιε’.
320 2845 377 2897 Εἰ
406 2846 548 2913 κακὴ
581 2846 613 2912 ἡ
644 2844 878 2912 γένεσις,
899 2844 1014 2906 πῶς
1039 2844 1139 2895 οὐκ
1180 2842 1358 2912 ἀγαθὴ
1405 2844 1437 2911 ἡ
1472 2840 1684 2910 φθορά;

161 2934 251 2984 Καὶ
278 2935 323 2985 εί
351 2936 555 3003 πονηρά
578 2936 612 3003 ἡ
642 2933 869 3003 αὔξησις
893 2972 909 2997 ,
940 2932 1055 2994 πῶς
1093 2933 1153 2984 οὐ
1184 2931 1323 3001 καλὴ
1352 2932 1385 3000 ή
1421 2929 1643 2999 μείωσις
1668 2932 1699 2993 ;‘

159 3023 253 3076 Καὶ
273 3024 318 3074 εί
348 3024 486 3094 κακὴ
508 3025 543 3094 ἡ
569 3023 766 3095 φθορὰ,
803 3024 919 3086 πῶς
959 3022 1020 3076 οὐ
1063 3021 1201 3091 καλὴ
1228 3023 1261 3092 ἡ
1296 3022 1546 3089 γένεσιςς
1576 3022 1687 3073 Καὶ

158 3114 197 3164 εἰ
221 3113 415 3183 πονηρὲ
440 3115 475 3184 ἡ
499 3115 746 3183 μείωσις,
768 3112 885 3175 πῶς
912 3112 1010 3165 οὐκ
1032 3098 1207 3182 ἀγαθὴ
1231 3113 1265 3180 ἡ
1288 3109 1513 3179 αὔξησις
1535 3127 1548 3173 ;
1578 3112 1686 3163 Καὶ

158 3206 199 3257 εί
217 3205 467 3276 ινδέχεται
497 3205 668 3259 κακὸν
694 3200 833 3259 εἷναί
865 3221 919 3257 τι
945 3202 1190 3272 γίνεσθαι
1223 3203 1318 3255 καὶ
1345 3202 1685 3271 φθείρεσθαι,

156 3298 451 3362 αὐξάνεσθαί
477 3316 533 3352 τε
566 3300 659 3352 καὶ
694 3297 970 3368 μειοῦσθαι
998 3296 1215 3348 ἐναντία
1259 3291 1397 3348 εἶναι
1431 3295 1681 3364 ἀλλήλοις

157 3388 242 3457 τὴν
267 3390 465 3454 οὐσίαν,
505 3390 625 3443 εἰπὲ
663 3389 751 3443 διὰ
793 3388 845 3441 τί
881 3387 981 3440 οῦκ
1028 3385 1299 3455 ἐνδέχεται
1326 3386 1387 3439 τό
1424 3402 1484 3438 τε
1527 3386 1690 3440 καλὸν

158 3479 242 3531 καὶ
264 3480 321 3533 τὸ
348 3480 508 3535 κακὸν
538 3479 685 3536 κατά
708 3495 759 3532 τι
788 3475 924 3531 εἶναι
951 3475 1211 3530 ἐπαινετά
1233 3492 1250 3542 ;

219 3744 307 3803 ις’.
332 3741 391 3793 ει
418 3740 534 3795 δυσὶ
574 3742 791 3813 δεσμοῖς
824 3742 1123 3796 συνδέδεται
1144 3737 1279 3794 οὖσα
1318 3743 1375 3795 ὲν
1404 3740 1613 3811 σώματι
1654 3742 1686 3810 ἡ

161 3827 265 3881 θεία
290 3828 446 3900 ψυχὴ,
485 3832 568 3885 ἑνὶ
596 3833 698 3901 μὲν
717 3833 794 3902 τῷ
819 3833 1096 3903 ἀσωμάτῳ
1118 3832 1272 3902 κακῷ
1314 3834 1550 3901 συμφυεῖ
1577 3834 1691 3895 τοῖς

162 3920 406 3990 σώμασιν,
434 3922 511 3975 ἐνὶ
532 3922 591 3975 δὲ
611 3922 690 3992 τῷ
720 3921 926 3992 σώματι
947 3923 1115 3993 αὐτῷ,
1144 3923 1494 3992 ἀνεκτότερον
1522 3924 1577 3974 δὲ
1607 3922 1689 3975 ἐνὶ

162 4012 475 4067 ουνδεδέσθαι
502 4013 687 4084 δεσμῷ
712 4013 744 4083 ἢ
774 4014 940 4078 δυσὶν,
964 4013 1039 4076 ὡς
1064 4012 1427 4082 μαρτυρείτῷ
1465 4012 1689 4081 λεγομέ-

161 4121 225 4171 νῳ
244 4104 307 4157 τά
331 4105 653 4174 πράγματα’
686 4103 801 4167 πῶς
822 4103 881 4155 ού
909 4103 1087 4165 καλῶς
1116 4101 1354 4155 ποιοῦσιν
1377 4105 1424 4155 οἱ
1444 4101 1689 4168 φονεύον-

160 4213 237 4259 τες
264 4196 425 4263 ἀλογά
466 4213 525 4249 τε
588 4195 722 4260 ζῶα,
758 4199 851 4249 καὶ
893 4194 1213 4266 ἀνθρώπους
1257 4195 1691 4258 κατακόπτοντες

160 4286 226 4349 ὡς
249 4286 313 4339 τά
335 4286 503 4354 φυτά;
541 4285 862 4338 ’Δπολύουσι
889 4284 997 4356 γὰρ
1024 4285 1123 4355 τὴν
1149 4284 1324 4354 ψυχὴν
1347 4280 1463 4346 ἐνὸς
1489 4282 1688 4354 δεσμοῦ

163 4378 241 4428 καὶ
257 4377 687 4446 ιαταπονήσεως.
720 4374 829 4426 Καὶ
853 4376 900 4427 εί
921 4374 1225 4427 συνδεδεται
1248 4376 1315 4445 τῇ
1346 4375 1444 4446 ὕλῃ
1470 4378 1501 4446 η
1524 4374 1689 4445 ψυχὴ,

163 4470 360 4539 πρῶτον
391 4470 484 4539 μὲν
516 4468 633 4532 πῶς
670 4466 863 4535 δεσμὸς
894 4470 959 4537 τῇ
1001 4467 1102 4539 ὕλῃ
1134 4471 1547 4539 παραγενομένη
1583 4471 1693 4523 τοὺο

1782 927 2103 995 cupaverit?
2156 924 2220 980 Et
2285 926 2345 999 si
2393 940 2501 979 non
2560 924 2821 978 veraciter
2867 924 3059 977 Filium
3124 941 3183 977 se
3248 929 3350 976 lm-

1784 1018 1947 1071 minis
2002 1019 2156 1082 dixit,
2216 1017 2492 1087 quomodo
2552 1017 2815 1071 veraciter
2872 1032 2931 1070 se
3001 1017 3191 1070 dixerit
3257 1016 3347 1069 ltei

1785 1106 2209 1174 Filium?Quod
2268 1110 2315 1162 si
2382 1107 2701 1165 alterutrum
2762 1122 2820 1160 se
2861 1107 2999 1160 dixit
3043 1107 3304 1161 veraciter
3331 1146 3347 1167 ,

1784 1215 1883 1255 cur
1935 1215 2043 1253 non
2103 1209 2399 1269 utrumque
2462 1201 2600 1254 idem
2652 1200 2760 1254 sit?

1856 1293 1941 1345 13.
2014 1290 2071 1346 Si
2136 1292 2393 1361 prmclare
2450 1290 2608 1346 Jesus
2664 1292 2717 1344 in
2784 1291 3057 1344 nonnullis
3121 1306 3353 1359 sequens

1784 1382 2063 1437 Judaicam
2098 1382 2549 1437 consuetudinem
2612 1384 2860 1438 homines
2907 1382 3125 1445 docuit,
3159 1382 3349 1450 quidni

1786 1476 1961 1529 bonus
2022 1474 2185 1528 fuerit
2238 1474 2400 1542 huius
2463 1474 2643 1538 Pater,
2707 1477 2800 1544 qni
2840 1475 3137 1542 priscorum
3196 1475 3353 1527 obse-

1786 1566 2031 1619 cundans
2108 1565 2532 1629 consuetudini,
2585 1563 2840 1620 llebrazos
2908 1565 2974 1619 ad
3037 1565 3351 1633 religionem

1786 1658 2058 1713 instituit?
2128 1657 2194 1713 Et
2254 1658 2298 1713 si
2354 1667 2580 1728 excepta
2642 1658 2959 1711 auditorum
3012 1658 3353 1725 puerilitale,

1788 1750 1927 1803 bona
1999 1748 2155 1803 valde
2228 1759 2381 1804 erant
2456 1750 2658 1818 reliqua
2730 1746 2934 1802 Veteris
2978 1748 3351 1821 Tcstamenti,

1786 1858 1883 1896 cur
1947 1856 2055 1896 non
2109 1842 2181 1895 sit
2237 1856 2269 1894 a
2326 1843 2470 1897 bono
2522 1841 2631 1896 Deo
2687 1822 3354 1898 Vctus.Testamcntum?

1857 2019 1941 2074 14.
1994 2018 2193 2073 Si-non
2225 2028 2410 2073 errant
2440 2017 2721 2073 Manicbaai
2772 2017 2899 2070 dum
2956 2017 3138 2079 aiunt,
3188 2029 3350 2080 opor-

1789 2116 1896 2161 tere
1941 2107 2179 2161 divinam
2219 2106 2610 2171 substantiam,
2657 2121 2750 2161 seu
2797 2105 3034 2159 animam
3080 2120 3142 2159 ex
3171 2103 3353 2157 divina

1789 2199 2094 2253 substantia
2163 2206 2537 2259 constantem,
2600 2197 2739 2251 tradi
2813 2205 3015 2253 aeterno
3090 2194 3355 2263 supplicio

1788 2300 2005 2360 propter
2071 2299 2288 2359 peccata
2345 2288 2657 2343 necessario
2706 2289 3031 2351 commissa,
3081 2287 3355 2356 quomodo

1787 2387 1970 2431 errant
2050 2378 2293 2433 veritatis
2368 2377 2461 2430 lilii
2547 2376 2674 2431 dum
2748 2375 3017 2428 aﬂirmant
3102 2380 3354 2442 oportere

1788 2467 2036 2521 homines
2093 2483 2123 2521 a
2177 2466 2290 2523 Deo
2352 2468 2569 2537 quidem
2624 2466 2816 2528 factos,
2872 2466 2975 2541 sed
3024 2465 3354 2518 voluntarios

1788 2570 2129 2630 peccatores,
2197 2560 2421 2629 puniri?
2496 2560 2563 2613 Et
2620 2559 2665 2613 si
2724 2559 2871 2627 juste
2937 2556 3135 2610 dicitur
3192 2556 3351 2609 linem

1786 2666 1907 2705 esse
1934 2651 2183 2720 supplicii
2210 2650 2570 2719 peccantium,
2594 2647 2863 2717 quomodo
2910 2636 3111 2713 injuste
3142 2645 3353 2699 dicetur

1789 2742 1951 2796 linem
1990 2756 2111 2796 esse
2154 2743 2457 2795 animarum
2501 2750 2553 2795 et
2585 2754 2872 2805 corporum
2905 2736 3197 2806 supplicii?

1859 2828 1944 2882 l5.
2008 2827 2066 2883 Si
2122 2830 2263 2881 mala
2312 2840 2393 2883 est
2452 2830 2747 2898 generatio,
2813 2827 3086 2895 quomodo
3140 2838 3250 2880 non
3285 2824 3355 2877 sit

1786 2918 1926 2973 bona
1980 2918 2300 2987 corruptio?
2344 2918 2411 2973 Et
2471 2919 2515 2973 si
2570 2920 2769 2971 malum
2802 2928 2885 2972 est
2937 2916 3353 2979 incrementum,

1787 3008 1976 3078 quidni
2027 3007 2097 3063 sit
2150 3010 2409 3079 praeclara
2468 3008 2795 3063 diminutio?
2852 3006 2916 3060 Et
2968 3007 3014 3061 si
3081 3006 3223 3061 mala
3271 3015 3357 3061 cst

1791 3098 2092 3166 corruptio,
2143 3098 2331 3167 quidni
2375 3098 2515 3152 bona
2567 3098 2638 3151 sit
2686 3095 2996 3165 generatio?
3033 3093 3098 3148 Et
3135 3094 3181 3149 si
3212 3094 3354 3147 mala

1790 3176 2224 3254 cstdiminutio,
2276 3190 2464 3259 quidni
2530 3189 2601 3244 sit
2675 3189 2873 3243 bonum
2931 3186 3357 3241 incrementum?

1789 3280 1858 3334 Et
1906 3282 1951 3334 si
1979 3282 2311 3335 admittimus
2344 3281 2545 3334 malum
2583 3296 2704 3353 esse
2747 3279 3001 3349 aliquod,
3056 3276 3353 3343 corrumpi,

1791 3386 2064 3434 crescere,
2128 3370 2340 3433 minui,
2388 3370 2658 3423 contraria
2731 3382 2851 3423 esse
2909 3367 3137 3420 invicem
3175 3367 3352 3433 quoad

1791 3460 2180 3524 substantiam,
2260 3461 2349 3515 dic
2436 3476 2536 3514 cur
2620 3476 2726 3513 non
2817 3459 2887 3512 sit
2966 3458 3355 3512 admittendum

1790 3549 1992 3603 bonum
2060 3559 2114 3603 et
2172 3549 2375 3603 malum
2457 3549 2753 3603 secundum
2831 3548 2961 3618 quid
3038 3561 3160 3600 esse
3235 3546 3355 3599 lau-

1790 3639 2058 3783 darlilfaéi
2100 3726 2314 3781 duobus
2362 3725 2592 3779 vinculis
2654 3724 2939 3792 colligatur
2990 3724 3119 3780 dum
3180 3724 3349 3779 estin

1792 3834 2019 3887 corpore
2070 3819 2252 3871 divina
2313 3816 2527 3877 anima,
2595 3830 2704 3867 uno
2755 3815 2970 3883 quidem
3036 3816 3358 3882 incorporeo

1790 3910 1933 3963 malo
1982 3896 2320 3961 connaturali
2383 3903 2731 3972 corporibus,
2805 3903 2973 3957 altero
3016 3912 3194 3957 autem
3236 3918 3332 3956 cor

1791 4014 1920 4068 pore
1994 3998 2146 4065 ipso;
2217 4010 2341 4050 cum
2409 3996 2481 4048 sit
2557 3993 2892 4048 tolerabilius
2959 4009 3069 4047 uno
3136 3994 3356 4048 vinculo

1789 4102 1952 4158 quam
2018 4087 2231 4140 duobus
2277 4085 2514 4153 alligari,
2569 4083 2799 4139 ntiacta
2869 4084 3028 4139 dictis
3092 4095 3354 4139 attestatu-

1790 4186 1917 4241 tur,
1969 4176 2161 4245 quidni
2229 4175 2442 4245 egregie
2505 4173 2709 4229 iaciunt
2764 4175 2856 4243 qui
2908 4175 3161 4230 occidunt
3220 4176 3357 4231 irra-

1790 4266 2008 4321 tionalia
2041 4266 2359 4327 animantia,
2391 4273 2443 4320 et
2499 4266 2592 4334 qui
2642 4265 2889 4320 homines
2928 4266 3143 4319 caedunt
3187 4268 3356 4323 instar

1792 4356 2096 4411 arborum?
2156 4354 2386 4409 Solvunt
2446 4355 2589 4409 enim
2671 4356 2910 4409 animam
2984 4372 3089 4413 uno
3138 4360 3355 4416 vinculo

1790 4460 1843 4504 ct
1910 4449 2217 4505 aﬂlictione.
2283 4446 2351 4500 Et
2403 4447 2449 4500 si
2530 4447 2781 4517 alligatur
2838 4450 3076 4504 materize
3143 4453 3351 4516 anima,

161 4562 353 4615 ηντίον
384 4560 760 4632 περιϐέϐληται
805 4558 1019 4628 δεσμῷ;
1058 4559 1245 4613 ἔπειτα
1285 4561 1341 4614 δὲ
1390 4562 1507 4623 πῶς
1540 4564 1685 4634 ἁπλῆ

1796 4543 2035 4613 primum
2074 4541 2288 4613 quidem
2346 4542 2616 4610 quomodo
2670 4559 2794 4595 cum
2843 4543 2913 4595 sit
2965 4545 3077 4611 ipsa
3118 4547 3355 4598 materiae

1794 4636 2066 4659 -.2_-..I..--.
2121 4634 2301 4659 .u‘Jn...
2338 4641 2524 4659 ,ιη-...ιιι
2580 4634 2791 4659 -.ζηηιιιη
2843 4634 3127 4659 -II:....I.._9
3157 4635 3351 4659 n-:...a..

160 4649 280 4705 οὖσα
303 4654 401 4724 τὴν
426 4653 631 4716 οὐσίαν,
667 4650 784 4704 κατ’
811 4649 1053 4720 ἀνάγκην
1082 4651 1383 4706 συνδεδεται
1432 4652 1640 4723 σώματι
1672 4672 1687 4720 ;

163 4742 264 4795 ῐιΞν
291 4743 398 4814 γάρ
443 4746 541 4815 τὴν
595 4742 783 4796 οὐσίαν
842 4740 1083 4810 ὑπάρχον
1137 4742 1364 4808 ἁπλοῦν,
1414 4746 1508 4798 τοῦ
1574 4748 1691 4799 κατ’

163 4834 389 4905 ἀνάγκην
429 4836 707 4906 ἐλεύθερον
748 4830 965 4902 δεσμοῦ.
1000 4831 1131 4901 Περί¹
1177 4832 1381 4887 τούτων
1417 4836 1516 4906 τὴν
1563 4838 1693 4907 παρ’

163 4925 303 4995 ὑμῶν
331 4928 615 5000 ἀπόκρισιν
637 4925 904 4995 ἀναμένω.

544 5122 687 5191 Περὶ
715 5122 823 5177 τοῦ
851 5121 1033 5185 ὅντως
1061 5116 1303 5188 ἀγαθοῦ.

220 5230 293 5285 Th
323 5232 520 5300 ἀγαθὸν
560 5231 657 5285 ἰπὶ
695 5232 830 5285 Θεοῦ
868 5232 1023 5284 οὐσία
1062 5227 1337 5297 τυγχάνει,
1376 5225 1469 5279 ἐπὶ
1503 5227 1560 5281 δὲ
1587 5231 1695 5282 τῶν

165 5321 393 5389 γενητῶν
422 5304 667 5395 ὶνέργειά
686 5323 769 5385 τίς
810 5325 923 5376 ἐστι
965 5320 1089 5392 περὶ
1132 5320 1191 5372 τὸ
1226 5317 1381 5379 ἐκτὸς
1417 5320 1693 5390 γινομένη,

166 5410 251 5461 καὶ
287 5411 626 5484 συμδεὸηκδς
684 5414 916 5485 ὑπάρχει
959 5412 1048 5466 διά
1090 5409 1335 5481 πράξεων
1384 5407 1416 5477 ἢ
1468 5409 1696 5480 θεωρίας

167 5501 598 5571 ιιωρθούμενον.
635 5505 745 5560 Καὶ
773 5506 861 5559 διὰ
908 5504 1156 5574 πράξεως
1202 5499 1300 5570 μὲν
1343 5501 1695 5570 κατορθοῦσιν

167 5586 428 5661 ἂνθρωποι
478 5594 640 5662 σαρκὶ
695 5593 963 5658 συζῶντες
1013 5592 1078 5644 τὸ
1117 5587 1315 5657 ἀγαθόν
1339 5602 1354 5617 ο
1392 5588 1447 5638 al
1487 5587 1544 5640 δὲ
1585 5605 1697 5640 νοε-

174 5681 257 5750 ραὶ
307 5679 581 5749 δυνάμεις,
626 5682 715 5735 διὰ
751 5683 979 5755 θεωρίας
1012 5682 1106 5736 καὶ
1158 5677 1479 5750 προσευχῆς.
1548 5679 1698 5731 Ἐπεὶ

170 5764 254 5823 οὖν
329 5768 666 5838 ωμὸεσηκός
766 5773 909 5825 ἐστιν
996 5773 1056 5824 τὸ
1115 5768 1315 5837 ἀγαθὸν
1414 5766 1505 5817 ἐπὶ
1586 5766 1695 5821 τῶν

173 5862 420 5936 vimuim,
452 5861 658 5926 πάντως
690 5862 780 5917 ἐπὶ
801 5863 1003 5918 τούτων
1034 5863 1125 5916 καὶ
1176 5857 1487 5929 προτερεύει
1530 5857 1587 5911 τὸ
1623 5854 1694 5911 εἶ-

1784 4636 2091 4700 .vinculum,
2118 4634 2303 4688 eadem
2336 4641 2527 4688 contra
2580 4634 2795 4689 vinculo
2842 4634 3127 4703 alligatur?
3154 4635 3354 4687 Deinde

1794 4740 1915 4780 cum
1959 4726 2030 4778 sit
2082 4708 2379 4777 substantia
2446 4724 2707 4793 simplex,
2756 4740 2852 4779 cur
2890 4736 3073 4778 coacte
3138 4726 3354 4777 vinculo

1793 4815 2080 4885 alligatur?
2135 4813 2405 4884 Quidquid
2452 4816 2598 4868 enim
2660 4824 2847 4882 suapte
2880 4823 3074 4867 natura
3124 4815 3349 4883 simplex

1791 4918 1912 4970 est,
1961 4905 2112 4959 omni
2173 4904 2481 4959 necessario
2551 4904 2769 4957 vinculo
2822 4905 3049 4960 liberum
3114 4916 3215 4961 cst.
3272 4910 3352 4963 Ad

1794 4999 1906 5052 haec
1937 5011 2258 5066 responsum
2314 5003 2552 5050 vestrum
2591 5004 2861 5063 exspecto.

2438 5107 2515 5162 De
2552 5108 2705 5163 bono.

1864 5208 2069 5278 Benum
2105 5221 2158 5275 in
2209 5220 2319 5277 Deo
2356 5222 2660 5277 substantia
2706 5232 2809 5290 est,
2844 5224 2897 5279 in
2932 5226 3195 5282 creaturis
3222 5241 3350 5294 ope-

1800 5314 1938 5367 ratio
1967 5312 2213 5385 quaadam
2242 5313 2503 5378 exterior,
2538 5323 2591 5367 et
2615 5326 2698 5370 est
2727 5317 3046 5386 contingens
3087 5316 3349 5373 rectitudn

1797 5415 2011 5460 actuum
2034 5402 2115 5456 vel
2134 5403 2509 5473 cogitationis.
2536 5405 2600 5459 Et
2627 5417 2749 5460 actu
2772 5408 2989 5477 quidem
3022 5414 3164 5459 recte
3187 5415 3351 5471 agant

1796 5494 2042 5551 homines
2069 5493 2197 5547 dum
2229 5494 2282 5547 in
2306 5510 2469 5549 carne
2504 5497 2740 5551 viventes
2762 5498 2959 5551 bonum
2983 5502 3232 5548 exercent
3260 5514 3269 5523 -
3295 5504 3350 5547 at

1797 5586 2187 5644 intellectuales
2219 5587 2448 5641 virtutes
2478 5602 2571 5656 per
2597 5585 3102 5655 contemplationem
3136 5590 3190 5645 et
3219 5598 3346 5638 ora-

1795 5680 2017 5734 tionem.
2068 5678 2336 5742 Quoniam
2402 5679 2565 5748 igitur
2616 5664 2927 5744 contingens
2967 5683 3048 5729 est
3087 5674 3140 5727 in
3185 5674 3348 5730 rebus

1796 5770 1992 5825 creatis
2039 5768 2270 5831 bonum,
2316 5769 2543 5822 oninino
2588 5769 2641 5821 in
2681 5768 2765 5820 his
2804 5764 3054 5833 prmccdit
3080 5778 3202 5819 esse
3250 5766 3346 5819 bo-

1801 5877 1949 5918 nunt.
1966 5860 2185 5930 Oportet
2204 5858 2347 5913 enim
2374 5860 2573 5915 bonum
2593 5859 2750 5916 veluti
2777 5873 2896 5914 esse
2912 5857 3033 5914 loco
3059 5859 3343 5929 propositi,
