4048 6338
621 483 730 548 57b
1693 530 1717 548 .
1896 472 2593 542 PAULI‘CHRISTIANI
3751 450 3854 515 576

615 607 686 661 at
713 596 794 654 sic
821 595 1145 669 contingens
1177 594 1233 650 in
1268 594 1390 666 ipso
1430 570 1712 660 cernatur,
1756 592 1873 649 sive
1910 591 1966 647 id
1995 591 2180 662 sejun-
2208 594 2226 650 ί

2324 604 2367 659 ιιι
2390 581 2453 638 τὸ
2473 581 2674 653 ἀγαθόν
2700 597 2715 611 ο
2743 580 2825 634 δεῖ
2856 579 2965 650 γὰρ
2995 577 3056 631 τὸ
3080 571 3221 632 εἶναι
3264 575 3326 629 τὸ
3360 572 3586 643 ἀγαθὸν,
3786 574 3848 623 τὸ

622 699 768 744 etum
796 689 868 744 sit
888 687 1000 743 sive
1015 662 1212 743 vseeus.
1246 662 1352 741 scd
1379 695 1561 742 tamen
1598 683 1746 756 quod
1779 683 1975 739 attinet
2003 682 2079 739 ad‘
2105 683 2192 737 in-

2324 676 2669 751 τροκείμενον,
2699 674 2786 727 ἵνα
2814 671 2987 735 οὕτως
3010 669 3072 723 τὸ
3105 667 3450 739 συμϐεϐηκὸς
3468 668 3527 721 ὲν
3555 662 3856 756 αὐτῷ

624 789 865 834 creatum
905 776 1095 841 Deum,
1135 776 1391 848 quoniam
1432 752 1648 846 semper
1681 782 1767 830 est
1807 773 1971 840 Deus,
2013 774 2193 829 bonus

2324 766 2508 839 ηθείη,
2546 765 2657 818 εἴτε
2701 761 2966 834 χωριστὸν
3008 760 3119 814 εἴτε
3147 757 3450 830 ἀχώριστον
3486 758 3594 857 εἴη.
3637 754 3763 857 Ἐπὶ
3799 752 3854 807 δὲ

626 884 843 941 quoque
864 882 1082 938 semper
1100 845 1201 923 est.
1230 865 1347 922 Non
1370 867 1516 921 enim
1551 845 1699 922 aliud
1727 873 1811 921 est
1830 865 1886 920 iu
1912 878 1979 919 eo
2005 879 2195 920 essen-

2324 854 2384 908 οῦ
2406 854 2671 926 άγενήτου
2689 850 2825 906 Θεοῦ
2856 850 2942 904 ἀεὶ
2968 847 3043 903 ὢν
3064 850 3094 902 ὁ
3128 847 3280 912 Θεὸς,
3309 846 3398 901 ἀεὶ
3419 847 3517 900 καὶ
3548 845 3695 899 ἐστιν
3718 845 3856 911 ἀγα-

632 961 742 1025 tia,
784 960 932 1017 aliud
980 958 1230 1025 bonitas;
1259 958 1368 1019 .sed
1401 958 1517 1028 ipsa
1545 957 1783 1014 essentia
1826 956 1991 1011 habet
2036 954 2196 1011 boni-

634 1054 822 1102 tatem.
852 1047 995 1118 Ergo
1025 1062 1093 1102 ex
1130 1046 1294 1103 dictis
1324 1045 1676 1102 manifestum
1705 1054 1809 1111 est,
1845 1045 2048 1101 malum
2084 1060 2195 1100 non

630 1152 752 1192 esse
796 1136 906 1191 Deo
932 1137 1242 1206 oppositum
1288 1137 1380 1207 qui
1410 1136 1844 1193 substantialiter
1871 1137 2049 1193 bonus
2078 1145 2195 1202 est;

632 1241 760 1281 nam
796 1227 1120 1282 substantia:
1151 1226 1288 1281 nihil
1321 1242 1546 1297 prorsus
1579 1226 1893 1298 opponitur.
1932 1218 2035 1283 Sed
2064 1243 2199 1283 con-

634 1317 864 1388 tingenti
900 1317 1066 1383 bono,
1101 1318 1247 1388 quod
1277 1319 1331 1374 in
1358 1319 1553 1374 creatis
1579 1319 1858 1386 cernitur,
1910 1319 2203 1390 opponitur

635 1409 862 1463 malum.
888 1407 1024 1463 Nam
1047 1408 1194 1479 quod
1210 1410 1369 1486 male
1400 1416 1526 1465 actu
1551 1411 1632 1477 iit,
1657 1411 1952 1482 opponitur
1978 1411 2028 1467 ei
2055 1411 2203 1482 quod

590 1562 600 1571 .
636 1502 782 1555 bono
810 1509 938 1556 actu
975 1500 1054 1556 lit.

1209 1833 1283 1891 De
1314 1836 1638 1906 operatione.

709 1985 903 2044 Omnis
948 1988 1193 2058 operatio
1220 1990 1276 2046 in
1304 2005 1371 2047 eo
1399 1991 1519 2063 ipso
1555 1993 1698 2062 quod
1728 1993 1785 2048 lit
1825 1994 1989 2050 habet
2015 2010 2207 2052 essen-

642 2078 814 2143 tiam,
868 2096 1102 2152 namque
1149 2093 1274 2138 ante
1308 2086 1588 2155 operantis
1624 2094 1832 2141 motum
1872 2087 1988 2143 sive
2025 2099 2211 2143 aetum

643 2170 887 2239 operatio
928 2188 1037 2227 non
1085 2175 1354 2245 subsistit,
1399 2194 1578 2249 neque
1606 2188 1732 2250 post
1773 2189 1956 2234 actum
1993 2191 2208 2248 manet;

643 2271 855 2316 tantum
888 2278 1002 2318 rem
1033 2275 1304 2335 peractam
1332 2284 1711 2339 swpenumero
1738 2269 1806 2324 ad
1831 2281 1986 2325 actus
2005 2286 2213 2326 memo-

647 2353 783 2408 riam
803 2355 1078 2426 relinqnit.
1092 2360 1259 2414 Actus
1278 2375 1408 2432 ergo
1429 2370 1515 2415 est
1528 2362 1793 2431 operatio.
1820 2362 2012 2418 Omnis
2031 2374 2211 2420 autem

646 2454 799 2536 artus
837 2447 1069 2518 alicujus
1100 2451 1417 2507 substantiae.
1456 2464 1539 2509 est
1581 2463 1759 2519 actus,
1806 2470 1981 2526 neque
2011 2457 2216 2529 absque

646 2536 948 2593 substantia
980 2547 1084 2595 est.
1860 2562 1865 2567 '

1299 2714 1378 2776 De
1417 2717 1582 2772 malo.

724 2863 921 2920 Malum
950 2867 1216 2938 duplicem
1248 2868 1412 2925 habet
1443 2870 1810 2941 signiﬁcatum
1841 2888 1853 2925 :
1888 2886 2014 2926 nam
2058 2871 2218 2928 modo

651 2958 919 3027 signiﬁcat
945 2961 1264 3028 malitatem,
1309 2964 1473 3019 modo
1503 2973 1807 3035 peccatum.
1851 2963 1917 3020 Et
1949 2966 2220 3036 principa-

654 3048 778 3102 liter
809 3051 1025 3119 quidem
1071 3054 1272 3107 malum
1306 3065 1393 3111 est
1418 3064 1735 3124 peccatum,
1776 3055 2003 3111 abusive
2035 3067 2216 3112 autent

652 3137 871 3192 malitas
922 3140 1048 3194 mali
1102 3142 1325 3196 nomine
1385 3152 1750 3210 nuncupatur.
1810 3141 1969 3196 Nam-
2004 3146 2221 3201 malitas

654 3242 871 3298 semper
904 3230 1045 3284 mala
1080 3245 1188 3284 non
1224 3237 1328 3297 est,
1380 3231 1492 3285 imo
1521 3247 1665 3302 smpe
1695 3233 1890 3288 salutis
1918 3248 2085 3290 causa
2114 3246 2217 3302 est,
2245 3261 2289 3319 ο

654 3319 770 3374 sive
795 3320 995 3390 aliquis
1025 3319 1282 3392 physicus
1316 3322 1522 3376 incidat
1564 3323 1810 3387 morbus,
1846 3325 1960 3379 sive
1995 3325 2218 3396 aliquod

653 3396 726 3465 ab
747 3419 903 3465 extra
932 3412 1186 3468 accidens
1224 3412 1459 3486 maligne
1482 3415 1640 3470 nobis
1664 3414 1900 3470 eveniat.
1942 3415 2000 3471 Si
2040 3424 2221 3474 tamen

654 3504 875 3571 preprie
907 3505 1048 3559 mala
1075 3503 1298 3570 fuerint,
1328 3516 1382 3561 et
1414 3522 1521 3561 non
1568 3507 1750 3576 potius
1782 3507 2154 3565 emendatoria
2189 3526 2223 3566 a

657 3589 756 3644 Dei
785 3593 1123 3662 providentia
1160 3595 1232 3649 ob
1260 3596 1609 3665 corrigendos
1634 3598 1881 3654 homines
1900 3601 2222 3671 excogitata,

661 3681 867 3737 nullius
896 3682 1023 3737 boni
1054 3700 1219 3739 causa
1249 3682 1433 3739 erunt:
1465 3684 1602 3739 Ecce
1628 3695 1812 3741 autem
1843 3704 1985 3759 sirpe
2014 3692 2100 3745 vel
2128 3709 2223 3748 eo—

661 3785 783 3825 rum
820 3771 981 3826 timor
1010 3773 1179 3843 angit,
1213 3781 1267 3828 et
1296 3772 1607 3828 hominibus
1636 3774 1703 3828 ad
1740 3776 2074 3844 peccandum
2100 3794 2228 3848 pro-

662 3862 894 3917 clivibus
924 3864 1170 3918 timorem
1204 3862 1297 3918 Dei
1340 3863 1534 3935 injicit,
1567 3873 1622 3919 et
1663 3866 1837 3936 culpze
1867 3882 2107 3923 errorem
2135 3870 2230 3923 dc-

663 3954 839 4025 pellit,
860 3970 1071 4026 nosque
1092 3956 1159 4010 ad
1185 3957 1450 4013 orandum
1476 3956 1647 4012 Deum
1669 3957 1889 4024 excitat,
1924 3959 2036 4014 sive
2060 3960 2228 4015 ieram

625 4117 628 4120 ῃ
660 4047 975 4110 timeamus,
1018 4048 1132 4104 sive
1152 4057 1478 4119 serpentem,
1505 4050 1620 4105 sive
1639 4049 1861 4117 bellum,
1894 4060 1988 4105 aut
2009 4049 2227 4116 famem,

671 4148 766 4193 aut
795 4140 1030 4209 aliquam
1063 4140 1455 4207 inﬁrmitatem,
1489 4143 1573 4198 vel
1612 4143 1944 4199 calumniam
1974 4153 2069 4197 aut
2095 4145 2230 4199 insi-

668 4228 786 4284 dias
814 4244 881 4284 ει
908 4230 1189 4286 hominum
1225 4248 1391 4302 prava
1423 4235 1725 4303 voluntate,
1752 4253 1876 4307 qua:
1904 4237 2121 4307 praprie
2149 4247 2235 4294 est

672 4318 898 4386 malum,
936 4330 991 4376 et
1041 4321 1256 4379 facienti
1294 4325 1597 4394 imputatur
1646 4338 1962 4397 peccatum;
2008 4329 2233 4398 patienti

673 4417 856 4464 antem
902 4425 1009 4465 non
1050 4413 1267 4482 proprie
1315 4423 1397 4471 est
1438 4427 1742 4487 peccatum.
1780 4418 1907 4475 llaec
1947 4422 2059 4475 veri
2104 4421 2234 4475 mali

675 4503 940 4557 rationem
976 4518 1083 4557 non
1121 4503 1339 4570 habent,
1392 4507 1505 4562 into
1535 4510 1848 4567 hominibus
1878 4513 1931 4566 in
1972 4511 2083 4567 Deo
2124 4511 2235 4567 for-

2295 947 2404 1011 θός.
2430 947 2506 1000 Οὐ
2532 944 2642 1018 γὰρ
2664 944 2854 1014 ἕτερον
2880 942 2990 1013 ἔχει
3029 942 3090 994 τὸ
3123 935 3285 1003 εἶναι,
3324 939 3417 994 καὶ
3458 936 3646 1009 ἕτερόν
3671 953 3726 989 τι
3761 934 3859 1006 τὴν

2296 1039 2605 1110 άγαοότητα
2625 1055 2641 1069 ο
2677 1036 2795 1092 ἀλλ’
2821 1035 2954 1090 αὐτὸ
2981 1035 3042 1089 τὸ
3075 1031 3214 1089 εἶναι
3242 1032 3358 1104 ἔχει
3388 1032 3490 1103 τὴν
3522 1030 3857 1100 ἀγαθότητα.

2298 1132 2395 1186 Διά
2424 1116 2857 1201 τῶνείρημένων
2887 1123 2981 1181 οὖν
3008 1127 3144 1181 πᾶσι
3174 1124 3449 1198 προφανὲς
3484 1123 3567 1177 ὅτ..
3602 1123 3664 1176 τὸ
3694 1138 3861 1192 πονη-

2301 1223 2392 1296 ρὸν
2419 1222 2519 1277 οὐκ
2555 1220 2703 1275 ἔστιν
2729 1219 2970 1274 ἐναντίον
2995 1216 3071 1287 τῷ
3107 1215 3247 1286 Θεῷ,
3281 1214 3441 1284 οὐσίᾳ
3473 1213 3596 1266 ὄντι
3633 1209 3824 1279 άγαοῷ
3846 1224 3861 1238 ·

2301 1318 2365 1387 τῇ
2391 1317 2500 1386 γὰρ
2540 1312 2701 1384 οὐσίᾳ
2749 1311 2901 1366 οὐδὲν
2944 1310 3080 1374 ὅλως
3127 1306 3429 1363 ἀντίκειται
3463 1322 3480 1338 ο
3516 1304 3596 1376 τῷ
3634 1304 3690 1358 δὲ
3726 1302 3867 1357 κατὰ

2303 1404 2648 1476 συμδεσηκὸς
2683 1402 2874 1474 ἀγαθῷ
2903 1401 2984 1473 τῷ
3027 1401 3086 1454 ὲν
3127 1401 3238 1463 τοῖς
3271 1398 3520 1469 γενητοῖς
3561 1392 3868 1467 Θεωρουμέ·

2303 1512 2400 1567 νῳ,
2424 1496 2722 1549 ἀντίκειται
2751 1493 2816 1547 τὸ
2842 1491 3074 1565 πονηρόν
3093 1507 3108 1523 ⁸
3138 1490 3228 1545 διὰ
3244 1491 3353 1560 γὰρ
3375 1487 3587 1559 φαύλης
3616 1485 3866 1557 πράξεως

2303 1587 2602 1657 γινόμενον,
2632 1583 2932 1640 ἀντίκειται
2959 1582 3038 1655 τῷ
3074 1581 3164 1637 διὰ
3191 1579 3444 1653 πράξεως
3483 1576 3694 1648 ἀγαθῆς
3724 1592 3869 1645 γινο-

2310 1677 2474 1750 etw-

2842 1826 2981 1895 Περί
3017 1825 3341 1895 ἐνεργείας.

2384 1983 2536 2037 Πᾶσα
2572 1983 2823 2056 ἐνέργεια
2863 1981 2943 2054 τῷ
2980 1982 3222 2052 γίνεσθαι
3276 1980 3390 2052 ἔχει
3420 1979 3498 2033 τὸ
3538 1973 3698 2045 εἶναι,
3748 1975 3873 2031 οὔτε

2310 2075 2420 2146 πρὸ
2444 2075 2542 2146 τῆς
2591 2075 2685 2129 τοῦ
2735 2074 3083 2148 ἐνεργοῦντος
3130 2075 3395 2145 κινήσεως
3461 2074 3582 2155 ἤτοι
3624 2071 3876 2144 πράξεως

2310 2162 2463 2228 οὖσα,
2488 2165 2610 2219 οὔτε
2640 2168 2778 2235 μετὰ
2806 2169 2906 2236 τὴν
2938 2167 3150 2239 κίνησιν
3191 2166 3525 2237 διαμένουσα
3559 2181 3574 2196 ·
3611 2165 3774 2235 μόνον
3819 2164 3877 2216 δὲ

2310 2258 2372 2311 τὸ
2396 2258 2752 2312 άποτελεσθὲν
2780 2258 3038 2322 πολλάκις
3071 2257 3207 2329 πρὸς
3243 2257 3462 2328 μνήμην
3487 2256 3585 2327 τῆς
3624 2255 3878 2328 πράξεως

2312 2351 2732 2422 καταλιμπάνει.
2797 2351 2862 2406 Ἦ
2897 2349 2990 2407 οὖν
3047 2350 3242 2425 πρᾶξίς
3301 2353 3447 2404 ἐστιν
3488 2352 3525 2421 ἡ
3586 2350 3838 2420 ἐνέργεια
3864 2365 3877 2378 ·

2313 2445 2461 2497 πᾶσα
2485 2443 2544 2496 δὲ
2568 2443 2785 2514 πρᾶξις,
2829 2445 2973 2509 τινὸς
2999 2442 3185 2507 οὐσίας
3210 2442 3326 2496 ἐστὶ
3362 2441 3580 2514 πρᾶξις,
3625 2442 3719 2497 καὶ
3742 2441 3869 2496 ἄνευ

2314 2534 2502 2598 οὐσίας
2526 2535 2627 2588 οὐκ
2652 2534 2788 2590 ἐστι.

2909 2710 3048 2778 Περὶ
3080 2708 3290 2765 κακοῦ.

2386 2871 2460 2925 Τὸ
2490 2869 2659 2926 κακὸν
2700 2870 2883 2943 διττὴν
2928 2871 3043 2942 ἔχει
3075 2870 3174 2942 τὴν
3220 2868 3495 2942 σημασίαν
3519 2885 3536 2902 ο
3586 2866 3740 2940 δηλοῖ
3782 2866 3888 2937 γάρ

2318 2961 2448 3015 ποτὲ
2484 2962 2583 3033 μὲν
2612 2961 2709 3034 τὴν
2741 2962 2981 3017 κάκωσιν
2999 3002 3016 3027 ,
3066 2961 3195 3015 ποτὲ
3223 2960 3281 3014 δὲ
3307 2958 3405 3031 τὴν
3436 2959 3732 3031 ἁμαρτίαν.
3779 2957 3888 3012 Καὶ

2321 3053 2528 3124 κυρίως
2557 3053 2655 3125 μὲν
2684 3054 2853 3108 κακὸν
2885 3056 2919 3124 ἡ
2952 3052 3191 3124 ἁμαρτία
3218 3068 3232 3082 ·
3283 3052 3740 3124 καταχρηστικῶς
3766 3050 3822 3107 δὲ
3853 3051 3887 3119 ἡ

2319 3143 2561 3209 κάκωσις
2585 3145 2753 3199 κακὸν
2775 3145 3095 3217 ὀνομάζεται
3117 3162 3131 3177 ·
3168 3144 3235 3197 Ἦ
3256 3143 3365 3215 γὰρ
3390 3144 3633 3208 κάκωσις
3660 3144 3722 3198 οὐ
3754 3142 3887 3197 πάν-

2318 3253 2424 3301 τοκς
2458 3237 2623 3308 κακὴ,
2655 3237 2917 3301 πολλάκις
2946 3236 3002 3290 δὲ
3027 3236 3124 3291 καὶ
3153 3234 3425 3308 σωτηρίας
3450 3235 3711 3306 πρόξενος
3742 3234 3887 3304 γίνε-

2318 3344 2429 3390 ται,
2473 3327 2508 3398 ἢ
2555 3328 2788 3398 φυσικῆς
2834 3344 2979 3392 τινος
3008 3328 3162 3382 νόσου
3206 3327 3666 3398 ἐπιγιγνομένης,
3715 3325 3750 3396 ἦ
3799 3323 3893 3379 καὶ

2320 3412 2516 3482 ἔξωθεν
2563 3417 2962 3489 συμπτώματός
3008 3435 3153 3483 τινος
3214 3416 3535 3479 κακωτικῶς
3584 3417 3721 3486 ἡμῖν
3769 3416 3893 3468 ἔπι-

2322 3507 2645 3577 συμδάντος.
2695 3509 2760 3562 Et
2800 3508 2858 3561 δὲ
2886 3506 3058 3562 ταῦτα
3091 3508 3237 3569 κακά
3261 3507 3465 3579 κυρίως
3489 3505 3761 3577 ὑπάρχει,
3800 3503 3894 3558 καὶ

2319 3599 2381 3653 οὐ
2412 3600 2609 3669 μᾶλλον
2638 3600 2954 3654 παιδευτικέι
2981 3595 3045 3653 ἐκ
3065 3598 3198 3652 Θεοῦ
3228 3596 3486 3668 προνοίας
3517 3595 3653 3667 πρὸς
3682 3611 3892 3666 σωφρο-

2323 3691 2512 3761 νισμὸν
2544 3691 2845 3761 ἀνθρώπων
2895 3688 3260 3761 ἐξευρημένα,
3307 3689 3409 3742 οὐκ
3445 3687 3512 3742 ἂν
3560 3687 3710 3741 αἴτιά
3752 3702 3894 3749 τινος

2325 3780 2529 3850 ἀγαθοῦ
2554 3781 2783 3849 ἐγίνετο.
2829 3782 2942 3835 Νῦν
2969 3781 3027 3836 δὲ
3053 3779 3311 3843 πολλάκις
3338 3779 3437 3833 καὶ
3461 3781 3496 3852 ἡ
3530 3778 3711 3833 αὐτῶν
3741 3776 3895 3841 ἐλπὶς

2325 3874 2506 3941 ἄγχει,
2550 3872 2803 3935 καὶτοὺς
2830 3873 3026 3935 αὐτοὺς
3065 3869 3370 3934 εὐολίσθους
3416 3870 3554 3940 πρὸς
3598 3869 3892 3941 ἁμαρτίαν,

2327 3964 2421 4015 καὶ
2444 3962 2574 4016 Θεὸν
2600 3962 2891 4016 δεδοικέναι
2920 3964 3080 4029 ποιεί,
3122 3962 3217 4015 καὶ
3260 3960 3457 4033 ἀμύνει
3473 3962 3572 4034 τὴν
3597 3965 3663 4017 ὲκ
3689 3961 3894 4018 τούτων

2328 4055 2613 4125 ἐπήρειαν·
2664 4052 2925 4107 ἱκετεύειν
2965 4055 3111 4125 ἡμᾶς
3143 4053 3441 4125 διανίστησι
3481 4055 3573 4109 τὸν
3599 4055 3754 4123 Θεὸν,
3789 4052 3895 4108 εἶτε

2329 4144 2536 4216 θηρίον,
2567 4145 2601 4214 ἢ
2634 4145 2881 4216 ἑρπετὸν,
2930 4144 2965 4215 ἢ
3011 4144 3266 4216 πόλεμος,
3298 4145 3331 4217 ἢ
3360 4146 3536 4218 λιμὸς,
3574 4148 3610 4218 ἢ
3642 4145 3897 4202 ἀσθένειά

2328 4253 2411 4298 τις
2440 4235 2525 4306 εἴη
2553 4235 2614 4288 τὸ
2647 4235 3017 4306 ἐλπιζόμενον,
3062 4236 3096 4308 ἢ
3127 4244 3476 4308 συκοφαντία,
3505 4242 3600 4294 καὶ
3638 4236 3898 4307 ἐπιϐουλὴ

2332 4327 2395 4378 ὲκ
2454 4324 2688 4407 φαύλης.
2723 4327 3090 4397 προαιρέσεως
3144 4328 3442 4399 ἀνθρώπων
3494 4330 3895 4402 μηχανωμένη,

2332 4419 2455 4487 ἥτις
2496 4418 2703 4487 κυρίως
2740 4416 2841 4487 μὲν
2866 4419 3104 4483 κάκωσις
3130 4422 3266 4489 ἐστι,
3298 4421 3377 4494 τῷ
3406 4425 3689 4490 ποιήσαντι
3722 4423 3897 4492 ἁμαρ-

2332 4506 2429 4561 τία
2446 4508 2788 4578 τυγχάνουσα
2815 4528 2828 4542 ·
2877 4510 2955 4584 τῷ
2992 4512 3047 4567 δὲ
3079 4515 3343 4585 πάσχοντι
3369 4516 3432 4568 οὐ
3460 4513 3661 4587 κυρίως
3689 4513 3857 4568 κακόν
3880 4529 3893 4542 ·

676 4594 824 4650 tibus
873 4594 1166 4649 maximam
1216 4597 1441 4666 gloriam
1491 4610 1848 4671 comparant,
1896 4603 2148 4675 bonaque
2184 4613 2226 4667 et

2339 4600 2399 4653 οὐ
2432 4602 2649 4666 πάντως
2676 4603 2784 4657 εἰσὶ
2814 4607 2977 4671 κακά,
3021 4606 3159 4661 ἀλλὰ
3197 4608 3293 4661 καὶ
3328 4609 3440 4671 τοῖς
3481 4606 3624 4660 κατὰ
3649 4607 3787 4659 Θεὸν
3807 4607 3899 4660 άν-

674 4700 876 4744 teterna
900 4686 1120 4757 praemia
1150 4702 1181 4741 a
1222 4688 1326 4742 Deo
1358 4702 1758 4758 promerentur.
1793 4694 1871 4752 Ne
1897 4696 2060 4766 igitur
2084 4696 2238 4765 quis-

676 4794 840 4849 quam
868 4788 1036 4843 erret,
1072 4779 1366 4833 malitatem
1394 4781 1613 4851 proprie
1637 4783 1825 4839 dicens
1854 4788 2080 4843 malum.
2101 4785 2236 4841 Nam

680 4870 730 4925 si
762 4869 895 4925 forte
928 4870 982 4926 id
1012 4871 1155 4940 quod
1181 4877 1329 4925 creat
1362 4870 1641 4934 malorem,
1667 4874 1866 4929 malum
1895 4885 2036 4932 esset
2059 4886 2238 4932 etnon

682 4962 865 5030 potius
894 4963 1329 5017 emendatorium
1359 4969 1527 5030 atque
1564 4963 1631 5016 ad
1658 4964 1921 5033 justitiam
1965 4977 2021 5024 et
2064 4968 2243 5024 omni-

684 5061 877 5115 genam
905 5048 1156 5104 virtutem
1204 5049 1506 5119 impellens,
1556 5067 1717 5106 nemo
1750 5054 1861 5123 jam
1894 5057 2065 5114 lilium
2114 5073 2240 5128 pee-

686 5146 899 5190 cantem
924 5139 1261 5206 verberaret;
1291 5155 1450 5195 nemo
1470 5140 1718 5197 laudaret
1745 5148 2120 5215 magistratum
2146 5149 2240 5220 qui

686 5228 951 5282 latronem
989 5230 1169 5298 gladio
1195 5232 1737 5289 animadvertendum
1762 5236 2105 5306 decerneret,
2148 5252 2245 5295 aut

688 5320 880 5375 bestiis
903 5319 1150 5389 judiciali
1174 5326 1439 5380 sententia
1462 5325 1761 5380 vorandum
1783 5329 2014 5387 traderet
2038 5348 2054 5387 :
2085 5348 2242 5388 nemo

688 5410 959 5467 medicum
1010 5411 1256 5468 laudaret
1287 5428 1442 5486 putre
1474 5418 1630 5474 ulcus
1672 5419 1816 5473 ferro
1852 5433 2240 5493 amputantem,

688 5504 817 5571 quia
846 5520 1049 5575 aegrum
1073 5506 1311 5574 cruciat;
1343 5526 1503 5565 nemo
1518 5510 2149 5571 concederettheriacam
2173 5532 2237 5572 ex

688 5594 889 5665 viperis
914 5596 1187 5666 componi,
1221 5599 1476 5665 quoniam
1516 5599 1794 5656 Manichaai
1842 5603 2049 5669 reptilia
2098 5605 2240 5659 mala

691 5700 811 5740 esse
842 5686 1111 5743 dictitant.
1149 5686 1254 5744 Sed
1293 5689 1542 5759 ignorant
1575 5692 1665 5747 isti
1712 5692 1944 5762 imperiti
1969 5698 2242 5752 convicia-

696 5783 857 5841 tores,
895 5779 1094 5835 bonum
1124 5796 1246 5836 esse
1280 5781 1542 5850 quidquid
1582 5800 1687 5838 non
1734 5784 1923 5839 inutile
1955 5786 2002 5837 ei
2046 5788 2121 5841 rei
2162 5794 2246 5844 est

703 5867 773 5922 ob
800 5885 962 5939 quam
1011 5874 1153 5931 Deus
1200 5873 1331 5931 illud
1377 5873 1594 5929 creavit.
1645 5876 1753 5930 Cur
1796 5892 1900 5932 non
1946 5877 2055 5933 sint
2094 5881 2246 5938 valde

2338 4691 2535 4761 δρείοις
2578 4693 2811 4765 πρόξενα
2838 4697 3097 4767 μεγίστης
3126 4696 3367 4761 εὐδοξίας
3389 4695 3598 4763 γίνεται
3626 4695 3783 4767 παρὰ
3805 4698 3897 4750 άνο
3942 4705 3947 4709 ’

2338 4779 2593 4852 θρώποις.
2622 4783 2937 4855 εὐεργεσίας
2966 4803 3025 4839 τε
3051 4786 3145 4840 καὶ
3170 4783 3399 4854 ἀμοιϐὰς
3427 4785 3676 4849 αἰωνίους
3700 4785 3897 4858 θησαυ-

2342 4872 2479 4943 ρίζει
2503 4875 2709 4939 τούτοις
2733 4877 2825 4930 ἐπὶ
2858 4875 2994 4946 Θεῷ.
3026 4876 3117 4945 Μὴ
3150 4870 3241 4927 οὖν
3268 4891 3353 4938 τις
3383 4876 3684 4942 ἀπατάσθω
3705 4875 3777 4931 τὰ
3804 4894 3918 4958 κα-¹

2339 4962 2563 5036 κωτικά,
2598 4969 2799 5038 κυρίως
2826 4969 3106 5040 ὀνομάζων
3135 4968 3281 5021 κακά
3305 4982 3320 4996 ⁸
3364 4968 3414 5020 εἰ
3443 4967 3551 5039 γὰρ
3582 4969 3755 5023 κακόν
3786 4970 3896 5023 ἐστι

2339 5058 2400 5110 τὸ
2426 5061 2747 5127 κακωτικὸν,
2783 5055 2877 5115 καὶ
2908 5061 2969 5113 οὐ
3019 5058 3216 5130 μᾶλλον
3243 5059 3603 5125 παιδευτικὸν,
3641 5061 3737 5115 καὶ
3765 5062 3893 5133 πρὸς

2338 5148 2678 5223 δικαιοσύνην
2740 5154 2835 5207 καὶ
2918 5149 3172 5204 παντοίαν
3225 5150 3425 5222 ἀρετὴν
3479 5151 3891 5222 ὲκκαλοὺμενον,

2344 5242 2530 5312 μηδεὶς
2555 5243 2804 5297 τυπτέτω
2832 5243 2924 5296 τὸν
2944 5241 3058 5294 υἱὸν
3081 5242 3464 5311 ἁμαρτάνοντα
3479 5260 3494 5275 ο
3528 5244 3717 5315 μηδεὶς
3741 5247 3892 5300 ἐπαι-

2340 5337 2498 5390 νείτω
2521 5339 2610 5391 τὸν
2641 5340 2815 5409 ἀρχήν
2852 5353 2975 5389 τινα
3015 5336 3460 5406 πεπιστευμένον,
3511 5337 3713 5409 λῃστὴν
3758 5341 3892 5408 ξίφει

2343 5430 2786 5496 καταδικάζοντα,
2828 5429 2861 5497 ἧ
2890 5427 3095 5497 θηρίοις
3142 5427 3274 5497 πρὸς
3318 5426 3521 5498 βρῶσιν
3546 5430 3712 5503 ψήφῳ
3746 5434 3891 5487 δικα-

2346 5523 2500 5592 στικῇ
2529 5508 2796 5592 κυροῦντα
2823 5518 3204 5589 παραδίδοσθαι
3230 5535 3245 5549 ’
3298 5520 3483 5590 μηδεὶς
3517 5522 3697 5594 ἰατρὸν
3742 5530 3887 5580 ἐπαι-

2343 5612 2495 5665 νείτο·
2544 5613 2745 5682 σιδήρῳ
2793 5609 2957 5672 πάθος
3007 5610 3239 5680 σεσηπὺς
3286 5612 3694 5684 περι-τέμνοντα·
3741 5619 3889 5670 zoton

2345 5704 2452 5779 γάρ
2482 5703 2569 5756 τὸν
2603 5700 3000 5773 ἰατρευόμενος).
3024 5702 3227 5772 Μηδεὶς
3253 5707 3596 5777 συγχωρείτω
3627 5709 3887 5779 θηριακὴν

2346 5796 2404 5860 ἐξ
2433 5778 2652 5864 ἐχιδνῶν
2684 5791 3017 5861 συντεθῆναι,
3053 5792 3207 5863 εἴπερ
3253 5797 3394 5849 κακά
3436 5815 3598 5865 φασιν
3647 5801 3694 5849 oi
3729 5800 3883 5850 Μανι-

2350 5885 2489 5953 χαῖοι
2522 5882 2590 5935 τὰ
2622 5882 2841 5951 ἑρπετά.
2883 5881 3012 5937 Ἀλλ’
3043 5881 3322 5950 ἀγνοοῦσιν
3365 5887 3413 5937 οἱ
3443 5887 3615 5939 ταῦτα
3661 5886 3882 5955 ἀπείρως
