4048 6338
157 408 245 470 577

1030 387 1477 456 DISPUTATIO
1512 391 1670 452 CUM
1705 389 2042 450 PHOTINO
2079 389 2490 450 MANICH/EO

3274 386 3380 452 578

155 513 658 587 διαλοιδορούμενοι,
687 511 771 565 ὅτι
796 509 958 564 καλόν
991 511 1106 562 ἐστι
1131 507 1237 559 πᾶν
1259 505 1396 574 ὅπερ
1425 501 1722 563 ἀνελλιπῶς

1848 518 1988 566 tona,
2032 501 2245 557 etiamsi
2295 502 2478 569 aliqua
2533 498 2674 552 haud
2726 513 2819 568 per
2866 513 2925 552 sc
2955 498 3084 552 talia
3118 499 3247 562 sint,
3286 500 3381 553 sed

158 612 258 680 ἔχει
280 607 418 678 πρὸς
438 606 467 657 ὃ
493 595 945 675 δεδημιούργηται
974 598 1124 671 παρὰ
1151 595 1284 648 Θεοῦ
1311 611 1326 624 ο
1357 593 1474 657 πῶς
1492 593 1553 646 οὐ
1575 590 1715 647 καλά

1854 596 2053 651 aturali
2086 603 2297 649 tantum
2338 593 2658 663 contingant
2702 590 3054 644 inﬁrmitate?

158 700 290 764 λίαν,
315 700 368 750 εἰ
398 695 490 748 καί
515 711 638 746 τινα
667 692 847 746 αὐτῶν
877 691 950 762 μὴ
971 688 1154 743 οὐσίαν
1182 685 1559 755 τυγχάνουσιν,
1582 680 1718 736 ἀλλὰ

161 787 309 856 μόνον
342 785 407 836 ἐκ
440 781 675 851 φυσικῆς
718 779 997 840 ἀσθενείας
1028 773 1540 844 ἐπισυμϐαίνουσιν;

222 875 342 929 Τῶν
379 873 435 926 δὲ
467 871 713 941 φυσικῶν
744 870 813 923 τά
840 870 937 940 μὲν
967 868 1180 938 ἀνάγκῃ
1207 864 1422 935 φύσεως
1453 861 1719 916 ἐπιτελεῖ-

163 985 277 1023 ται·
326 967 539 1038 ἀνάγκῃ
567 965 629 1018 δὲ
663 963 876 1034 φύσεως
917 962 1062 1030 λέγω
1090 959 1280 1014 ταῦτα’
1302 955 1592 1019 τελεῖσθαι,
1623 955 1722 1009 ὅσα

164 1058 471 1129 αὐτομάτως
501 1056 597 1111 καὶ
643 1054 883 1109 ἀκόντων
917 1052 1072 1124 ήμῶν
1100 1051 1204 1105 ὑπὸ
1245 1050 1344 1120 τῆς
1384 1047 1597 1119 φύσεως
1641 1047 1723 1114 γε-

165 1169 358 1222 γνειι,
406 1150 482 1214 ὼς
524 1149 587 1201 τὸ
632 1145 1016 1216 ἀποθνήσκειν.
1055 1143 1149 1198 καὶ
1195 1141 1378 1209 αὔξειν
1415 1139 1574 1210 μέχρι
1625 1138 1725 1208 τῆς

164 1243 466 1315 ὡρισμένης
506 1238 726 1310 ἡλικίας
775 1238 870 1291 τὸν
911 1236 1090 1300 ζῶντα
1115 1251 1130 1265 ·
1178 1233 1301 1286 τινὰ
1340 1233 1396 1286 δὲ
1440 1230 1728 1301 ἀκολουθίᾳ

170 1334 257 1404 μὲν
283 1333 497 1400 φύσεως
537 1329 746 1397 γίνεται
770 1343 786 1358 '
830 1327 1102 1396 ἐνδέχεται
1130 1324 1310 1394 μέντοι
1343 1321 1434 1374 καὶ
1465 1321 1539 1392 μὴ
1574 1321 1729 1388 γενέ-

170 1424 304 1489 σθαι,
332 1417 443 1475 οἷον
465 1421 525 1474 τὸ
550 1419 884 1473 παιδοποιεῖν
915 1416 1004 1471 διὰ
1036 1416 1236 1486 μίξεως
1261 1431 1274 1445 ·
1306 1411 1464 1466 τοῦτο
1491 1411 1599 1481 γὰρ
1621 1409 1728 1465 τῶν

170 1511 520 1582 ἐνδεχομένων
553 1510 700 1563 ἐστίν
721 1525 736 1541 ⁶
783 1510 843 1561 οὐ
886 1509 992 1577 γὰρ
1025 1505 1241 1566 πάντως
1273 1501 1635 1556 ἀπακολουθεῖ
1662 1502 1729 1571 τῇ

174 1606 307 1678 μίξει
340 1602 677 1659 παιδοποιία.
708 1596 893 1654 Ταῦτα
923 1595 1014 1652 οὖν
1047 1598 1224 1650 πάντα
1254 1595 1351 1647 ὅσα
1383 1592 1599 1664 ἀνάγκῃ
1630 1591 1730 1659 φύ-

172 1714 300 1762 σεως
325 1699 558 1767 γίνεται,
606 1695 736 1749 ἄνευ
780 1689 1050 1762 ἁμαρτίας
1095 1687 1440 1741 ἀποτελεῖται
1483 1684 1577 1739 καί
1603 1699 1732 1737 ποτε

171 1789 271 1851 τοῖς
298 1785 604 1856 ἀνθρώποις
632 1785 745 1844 τοῖς
777 1780 921 1848 λόγῳ
960 1776 1346 1847 διοικουμένοις
1423 1776 1526 1828 ὅσα
1555 1773 1611 1827 δὲ
1644 1773 1733 1826 ἐν·

1889 859 2174 916 Naturalia
2207 869 2386 914 autem
2421 857 2614 928 partim
2652 857 2907 918 accidunt
2936 852 3255 909 necessitate
3288 868 3385 906 na-

1822 965 1972 1008 turae.
2011 950 2341 1007 Necessitatc
2388 965 2553 1020 porro
2590 958 2799 1003 natura:
2848 948 2938 1002 illa
2983 946 3222 1000 accidere
3265 944 3388 997 dico

1823 1060 1946 1115 qua:
1980 1044 2094 1113 ipsa
2134 1058 2233 1113 per
2267 1041 2540 1120 se_in_vitis
2578 1040 2737 1094 nobis
2767 1055 2796 1093 a
2827 1049 3021 1092 natura
3063 1035 3386 1096 elliciuntur,

1824 1145 1884 1190 ut
1929 1135 2091 1201 mori,
2132 1144 2187 1188 et
2230 1149 2476 1188 crescere
2533 1146 2704 1201 usque
2740 1131 2805 1184 ad
2851 1131 3130 1185 deﬁnitam
3177 1134 3388 1181 aetatem

1823 1227 2099 1282 animalia.
2125 1225 2381 1292 Quaedam
2404 1225 2564 1280 etiam
2591 1221 2830 1278 naturali
2858 1221 3073 1290 sequela
3103 1219 3388 1282 eveniunt;

1825 1335 2055 1391 quorum
2089 1327 2270 1371 tamen
2298 1316 2520 1370 eﬁ‘ectus
2551 1314 2825 1367 interdum
2861 1312 3018 1376 fallit,
3048 1311 3216 1366 veluti
3248 1309 3387 1364 libe-

1827 1428 2013 1466 rorum
2045 1410 2292 1481 genitura
2323 1424 2387 1462 ex
2429 1407 2645 1476 copula.
2685 1406 2799 1459 Hoc
2828 1406 3047 1475 quidem
3083 1419 3148 1457 ex
3183 1403 3397 1457 contin-

1829 1502 2082 1571 gentibus
2106 1510 2184 1556 est
2205 1518 2219 1566 ;
2246 1513 2419 1568 neque
2441 1496 2586 1550 enim
2609 1510 2825 1564 semper
2844 1511 2908 1548 ex
2934 1494 3126 1564 copula
3150 1493 3398 1562 sequitur
3433 1488 3440 1496 ’

1829 1597 2123 1650 liherormn
2159 1592 2430 1664 genitura.
2478 1590 2826 1659 Quaecunque
2865 1589 3030 1658 igitur
3073 1587 3399 1642 necessitate

1834 1697 2039 1741 naturae
2073 1685 2232 1749 ﬁunt,
2266 1685 2475 1752 absque
2500 1689 2725 1750 peccato
2762 1680 2898 1732 ﬁunt
2924 1677 3089 1732 etiam
3118 1679 3186 1730 ab
3217 1675 3396 1729 homi-

1834 1780 1995 1834 nibus
2028 1778 2241 1833 ratione
2270 1775 2572 1830 utentibus.
2610 1772 2960 1840 Quaacunque
2989 1782 3117 1822 vero
3158 1768 3240 1821 vel
3283 1766 3398 1820 ﬁeri

172 1881 374 1951 δέχεται
403 1875 650 1946 γίνεσθαι
678 1873 774 1926 καὶ
805 1871 880 1942 μὴ
902 1868 1180 1939 γίνεσθαι,
1225 1867 1318 1920 ἐπὶ
1352 1867 1449 1937 μὲν
1476 1865 1574 1936 τῆς
1605 1865 1733 1919 ἀλό-

1848 1871 1916 1924 vel
1952 1885 2059 1924 non
2110 1868 2226 1923 ﬁeri
2276 1864 2540 1937 possibile
2585 1871 2688 1925 est,
2733 1863 2787 1916 in
2831 1859 3132 1915 irrationali
3178 1858 3399 1928 quidem

173 1989 262 2040 γου
288 1969 501 2038 φύσεως
539 1965 806 2020 ἀνεύθυνα
834 1962 1113 2032 τυγχάνει,
1165 1959 1283 2013 οἵαν
1311 1959 1354 2011 δ’
1399 1958 1465 2011 ἂν
1495 1957 1607 2026 ἔχοι
1637 1957 1733 2025 τὴν

175 2061 443 2132 ἐνέργειαν
467 2075 480 2087 ·
532 2056 592 2109 οὐ
625 2054 732 2126 γὰρ
755 2054 934 2124 ἔχουσι
964 2053 1120 2120 λόγον
1149 2049 1288 2102 κατά
1320 2048 1480 2116 φύσιν
1509 2045 1733 2114 δοκιμά-

175 2154 326 2218 ζοντα
362 2152 431 2205 τὰ
459 2149 729 2220 πρακτέα.
794 2145 916 2200 Ἐπὶ
948 2145 1006 2198 δὲ
1034 2143 1142 2196 τῶν
1170 2140 1469 2211 ἀνθρώπων
1501 2138 1643 2208 ἄλλῳ
1671 2136 1736 2206 δὴ

176 2245 308 2315 λόγῳ
331 2240 763 2314 ῥυθμιζομένων,
789 2237 934 2290 ἔστιν
963 2237 1128 2288 ἐνίοτε
1151 2232 1320 2288 ταῦτα
1343 2229 1548 2302 κυρίως
1568 2228 1735 2305 κακὰ,

177 2339 258 2390 ὅτε
286 2334 344 2388 δέ
377 2334 452 2404 μὴ
477 2330 821 2400 λόγος-ὀρθὸς
851 2329 1062 2398 ἡγεῖται
1090 2326 1187 2394 τῆς
1217 2321 1465 2395 πράξεως
1495 2323 1558 2374 ἐκ
1579 2318 1739 2392 ρᾳθυ-

183 2427 300 2496 μίας
325 2424 476 2497 ἡμῶν
495 2422 824 2492 ἀσθενήσας,
849 2419 883 2491 ἢ
909 2421 1002 2473 καὶ
1025 2415 1300 2478 παντελῶς
1325 2413 1600 2486 πηρωθεὶς
1620 2414 1739 2471 ταῖς

179 2515 522 2588 ἡδυπαθείαις
556 2530 572 2547 ⁸
629 2513 873 2584 ἁμαρτία
897 2511 1006 2582 γάρ
1034 2511 1180 2564 ἐστιν
1208 2509 1243 2578 ἡ
1271 2505 1380 2560 τῶν
1406 2505 1548 2559 κατὰ
1582 2503 1742 2572 φύσιν

180 2610 540 2682 ἐνδεχομένων
571 2605 829 2676 γενέσθαι
867 2621 928 2656 τε
971 2603 1065 2657 καὶ
1096 2600 1171 2673 μὴ
1209 2598 1460 2669 γενέσθαι
1492 2596 1597 2650 ὑπὸ
1635 2593 1742 2648 τῶν

179 2701 404 2772 λογικῶν
449 2700 681 2768 ἀλόγων,
726 2695 937 2766 αἵρεσίς
969 2711 1028 2747 τε
1060 2693 1156 2746 καὶ
1203 2690 1412 2762 χρῆσις.
1463 2687 1656 2759 ’Δρετὴ
1684 2686 1742 2740 δὲ

182 2790 456 2861 ἀνθρώπου
481 2790 542 2842 τὸ
566 2785 824 2842 δύνασθαί
852 2803 903 2837 τι
936 2783 1192 2853 πράττειν
1225 2780 1330 2832 ὑπό
1353 2795 1416 2831 τε
1445 2778 1546 2846 τῆς
1587 2793 1744 2846 φυσι-

183 2881 278 2952 κῆς
304 2881 566 2949 κινήσεως
606 2872 942 2947 ἐρεθίζεσθαι
964 2889 979 2904 ο
1029 2872 1076 2924 εἰ
1102 2870 1157 2922 δὲ
1188 2869 1387 2924 ἄτοπον
1426 2867 1512 2937 εἴη
1545 2869 1657 2929 τοῖς
1683 2865 1746 2936 δὴ

185 2970 460 3041 γινόμενον
493 2969 528 3040 ἢ
555 2969 652 3021 καὶ
682 2962 1291 3040 παντελῶςχινόμενον,
1324 2957 1621 3030 ἀπέχεσθαι
1646 2959 1747 3028 τῆς

181 3062 382 3118 τούτων
438 3059 693 3130 πράξεως
751 3055 1057 3127 κυΰερνήτῃ
1116 3051 1317 3121 λογικῷ
1375 3049 1745 3120 κεχρημένον,

186 3154 279 3207 καὶ
319 3151 655 3206 καταπατεῖν
701 3148 801 3218 τῆς
851 3145 1182 3218 ἡδυπαθείας
1223 3144 1284 3196 τὸ
1328 3140 1538 3212 δέλεαρ.
1591 3139 1751 3193 Ἀλλά

184 3264 354 3318 φασιο
406 3245 470 3299 Τί
515 3244 627 3315 γὰρ
669 3242 769 3295 οὐκ
813 3238 1194 3300 ἀνεπιδέκτους
1239 3234 1536 3303 πεποίηκεν
1561 3234 1590 3286 δ
1618 3232 1750 3294 Θεὸς

183 3339 274 3393 τοῦ
291 3337 630 3410 ἁμαρτάνειν
679 3334 847 3404 ἡμᾶς,
879 3329 972 3384 ῖναι
991 3329 1065 3400 μὴ
1087 3327 1299 3389 ἑκόντες
1325 3324 1749 3396 ἀμαρτάνοιμενς

187 3430 249 3484 Ol
267 3429 326 3484 δὲ
353 3430 422 3484 τά
447 3426 673 3482 τοιαῦτα
697 3422 1143 3498 προϐαλλόμενοι,
1166 3417 1405 3472 ἐοίκασιν
1425 3416 1753 3486 ἀγανακτεῖν

186 3522 266 3574 ὅτι
301 3519 379 3591 μὴ
422 3518 608 3580 λίθους
659 3520 754 3570 καὶ
804 3515 935 3581 ξύλα
968 3512 1266 3582 πεποίηκεν
1298 3509 1494 3574 αὐτοὺς
1525 3511 1554 3562 ὁ
1581 3507 1714 3573 Θεός
1738 3524 1753 3538 °

188 3613 281 3665 καὶ
317 3607 628 3682 μέμφεσθαι
669 3607 760 3660 τὸν
786 3598 1095 3677 Εὐεργέτην
1122 3606 1204 3657 ὅτι
1233 3604 1484 3671 λογικοὺς
1511 3601 1636 3664 τοὺς
1665 3602 1759 3654 ἀν-

189 3700 436 3776 θρώπους
466 3699 784 3772 εἰργάσατο,
833 3697 930 3750 καὶ
954 3696 1015 3747 οὐ
1053 3694 1250 3764 μᾶλλον
1302 3693 1594 3761 ἀκινήτους
1622 3690 1758 3760 πρὸς

199 3793 410 3864 αἰρεσιν
435 3789 644 3862 ἀγαθοῦ
673 3807 732 3843 τε
773 3788 869 3842 καὶ
913 3785 1169 3857 πονηροῦ.
1203 3785 1266 3836 El
1297 3783 1356 3836 δέ
1386 3797 1572 3851 φασινο
1611 3781 1760 3833 Ἔδει

191 3884 341 3955 ἡμᾶς
366 3881 698 3952 πεποιῆσθαι
728 3879 978 3949 λογικοῦς
1004 3877 1096 3930 καὶ
1124 3874 1321 3927 εἰδέναι
1349 3871 1550 3941 ἀγαθόν
1577 3888 1637 3924 τε
1667 3871 1761 3924 καὶ

195 3973 457 4044 πονηρὸν,
505 3973 568 4024 ἐν
613 3972 673 4024 δὲ
717 3972 784 4042 τῇ
813 3969 907 4022 τοῦ
941 3963 1146 4036 ἀγαθοῦ
1177 3962 1481 4035 ἀτρέπτους
1510 3959 1762 4014 ἵστασθαι

195 4067 410 4139 πράξει,
426 4065 582 4120 οὐδὲν
606 4065 791 4134 ἕτερον
823 4061 1030 4116 ἐοίκασί
1062 4077 1149 4130 μοι
1184 4058 1386 4128 ζητεῖν,
1414 4053 1527 4108 ἀλλ’
1552 4054 1635 4107 ὃτι
1663 4053 1764 4107 οὒκ

196 4159 304 4212 εδει
542 4155 864 4224 ἀνθρώπους
907 4150 1211 4221 γεγονέναι,
1265 4144 1400 4200 ἀλλά
1441 4143 1543 4212 τῆς
1592 4142 1765 4212 αὐτῆς

199 4251 413 4320 φύσεως
452 4245 596 4302 εἶναι
639 4244 718 4316 τῷ
747 4243 865 4314 Θεῷ
888 4260 903 4274 ο
959 4243 1120 4315 μόνον
1146 4239 1254 4310 γὰρ
1279 4238 1306 4290 ὁ
1331 4237 1462 4300 Θεὸς
1490 4235 1766 4299 ἀδυνάτως

200 4344 312 4414 εχει
338 4343 474 4415 πρὸς
500 4340 565 4394 τὸ
595 4340 767 4392 ποιεῖν
798 4337 897 4404 τὴν
925 4336 1091 4398 δντως
1120 4331 1332 4387 κακίαν.
1360 4329 1522 4383 Ὅθεν
1548 4329 1711 4398 φησὶν
1738 4329 1767 4381 ὀ

214 4435 532 4498 ’Δπόστολος
554 4450 571 4465 ·
630 4429 793 4486 Ἐπεὶ
848 4427 1147 4482 ἀδύνατον
1200 4423 1542 4492 ψεύσασθαι
1601 4420 1765 4474 Θεόν.

1834 1971 2025 2016 natura
2058 1959 2216 2029 culpa
2251 1964 2456 2020 carent,
2498 1953 2832 2009 cuicuimodi
2898 1951 3059 2006 fuerit
3114 1949 3399 2018 operatio:

1835 2069 1944 2109 non
1977 2053 2121 2107 enim
2157 2047 2426 2108 ratiocinii
2463 2061 2622 2101 usum
2663 2041 2883 2106 habent,
2929 2059 3036 2112 quo
3061 2042 3270 2112 possint
3308 2041 3406 2094 fa-

1835 2142 2028 2199 cienda
2061 2142 2387 2197 discernere.
2428 2137 2486 2191 In
2519 2135 2835 2190 hominibus
2864 2143 3044 2187 autem
3079 2133 3183 2186 alia
3211 2141 3404 2185 natura

1838 2235 2173 2304 temperatis,
2204 2240 2334 2288 sunt
2363 2233 2475 2286 hac
2504 2229 2778 2284 interdum
2820 2227 3038 2297 pr0pric
3071 2226 3400 2288 mala,-cum

1839 2337 1985 2382 recta
2017 2325 2159 2380 ratio
2201 2339 2307 2378 non
2352 2329 2570 2393 przeest,
2603 2320 2730 2390 quia
2764 2319 2975 2389 ignavia
3021 2326 3203 2371 nostra
3252 2315 3404 2368 inﬁr-

1839 2426 2041 2482 matur,
2071 2416 2157 2471 vel
2199 2413 2423 2470 omnino
2453 2411 2820 2482 voluptatibus
2851 2418 2933 2462 est
2970 2407 3268 2461 debilitata.
3315 2404 3407 2458 Et-

1840 2511 1987 2565 enim
2020 2517 2298 2580 peccatum
2335 2515 2421 2560 est
2469 2520 2595 2560 cum
2641 2506 2699 2558 lit
2732 2502 2925 2558 electio
2965 2511 3020 2556 et
3054 2515 3189 2555 usus
3225 2514 3406 2554 rerum

1841 2601 1926 2657 vel
1947 2611 2188 2663 actuum,
2209 2614 2332 2669 qua:
2354 2597 2676 2652 naturaliter
2697 2595 2814 2650 ﬁeri
2835 2604 2889 2650 et
2913 2608 3024 2648 non
3046 2591 3160 2646 ﬁeri
3180 2598 3411 2661 possunt

1842 2709 1874 2748 a
1920 2692 2280 2760 rationalibus
2327 2689 2723 2743 animantibus.
2767 2686 2938 2742 Porro
2961 2686 3138 2740 virtus
3171 2683 3410 2738 hominis

1843 2795 1944 2850 est,
1981 2794 2041 2838 ut
2065 2784 2238 2853 possit
2273 2781 2479 2850 aliquid
2511 2795 2691 2850 agere,
2726 2779 2795 2833 ad
2825 2777 2969 2846 quod
3001 2775 3232 2830 naturali
3259 2785 3410 2828 motu

1845 2875 2129 2940 incitetur;
2183 2871 2328 2943 quod
2376 2871 2518 2924 idem
2564 2869 2610 2924 si
2658 2869 2712 2922 in
2757 2865 3083 2937 quibusdam
3139 2861 3414 2931 adiunctis

1847 2965 1989 3022 male
2030 2964 2184 3031 ﬁeri,
2224 2970 2318 3016 aut
2346 2959 2571 3015 omnino
2612 2972 2825 3027 semper
2854 2956 3100 3025 iniquum
3135 2952 3412 3016 credatur,

1849 3058 1920 3112 ab
1951 3073 2031 3112 eo-
2053 3056 2345 3117 abstineat,
2400 3050 2629 3107 rationis
2677 3048 3069 3120 gubernatione
3104 3055 3323 3109 rectus,
3364 3052 3419 3098 et

1851 3149 2188 3218 voluptatum
2216 3145 2500 3200 illecebras
2537 3143 2727 3197 calcet.
2761 3139 2866 3195 Sed
2906 3139 3136 3194 dicunt:
3168 3136 3274 3191 Cur
3309 3148 3418 3189 non

1853 3239 2139 3306 incapaces
2177 3249 2278 3290 nos
2319 3231 2693 3304 peccali_l‘ecit
2720 3231 2884 3294 Deus,
2916 3238 2974 3282 ut
3011 3240 3291 3295 nunquam
3320 3239 3420 3277 vo—
3498 3241 3503 3246 τ

1851 3327 2070 3384 luntarii
2122 3323 2516 3397 peccaremus?
2569 3321 2763 3375 Verum
2806 3318 2898 3386 qui
2954 3317 3071 3370 haec
3117 3313 3417 3383 objiciunt,

1853 3415 2186 3476 stomachari
2206 3415 2476 3476 videntur,
2497 3411 2640 3481 quod
2661 3424 2756 3464 eos
2781 3407 2924 3463 Deus
2942 3405 3146 3476 lapides
3161 3414 3256 3459 aut
3278 3404 3422 3473 ligna

1856 3528 1965 3567 non
2000 3510 2208 3574 fecerit,
2244 3517 2296 3563 et
2334 3507 2495 3561 irasci
2527 3500 2860 3559 benefactori
2885 3540 2900 3567 ,
2949 3508 3234 3569 propterea
3274 3495 3421 3566 quod

1855 3603 2151 3658 rationales
2185 3599 2435 3654 homines
2460 3595 2746 3659 creaverit,
2772 3603 2826 3648 et
2857 3607 2963 3647 non
2995 3591 3172 3661 potius
3194 3589 3259 3643 ad
3295 3587 3424 3642 boni

1857 3697 2098 3766 malique
2126 3693 2448 3770 electionem
2487 3689 2709 3744 inertes.
2744 3686 2899 3753 Quod
2931 3686 2975 3740 si
3001 3685 3190 3739 dicunt
3219 3700 3232 3736 :
3257 3683 3427 3751 Opor-

1858 3788 1965 3844 tuit
2003 3801 2104 3840 nos
2136 3785 2252 3840 ﬁeri
2279 3781 2593 3844 rationales,
2625 3778 2865 3846 bonique
2900 3786 2955 3829 et
2981 3775 3109 3828 mali
3142 3773 3425 3827 discretio-

1859 3897 1985 3937 nem
2017 3880 2237 3942 habere,
2289 3875 2382 3929 sed
2428 3883 2608 3932 nmen
2649 3869 2704 3922 in
2738 3876 2880 3921 recte
2917 3865 3127 3934 agendo
3169 3864 3428 3918 immotos

1862 3983 2138 4044 perstare;
2177 3968 2309 4023 nihil
2357 3966 2408 4018 hi
2436 3961 2570 4017 mihi
2602 3960 2747 4016 aliud
2775 3959 3026 4013 videntur
3055 3970 3296 4025 quaerere
3320 3955 3424 4009 nisi

1867 4075 1927 4119 ut
1956 4077 2055 4117 nos
2086 4060 2335 4114 homines
2369 4070 2476 4110 non
2505 4053 2778 4117 ﬁeremus,
2817 4049 2909 4106 sed
2935 4049 3123 4104 eadem
3150 4062 3257 4117 qua
3285 4045 3430 4104 Deus

1866 4165 2060 4212 natura
2090 4152 2411 4207 ditaremur.
2463 4147 2624 4202 Solus
2650 4144 2852 4216 quippe
2879 4141 3022 4196 Deus
3049 4142 3165 4194 veri
3190 4139 3319 4195 mali
3350 4140 3431 4196 l'a-

1863 4247 2037 4305 ciendi
2056 4246 2324 4315 impotens
2345 4252 2449 4297 est.
2476 4238 2628 4295 Unde
2653 4239 2729 4291 ait
2745 4234 3034 4306 Apostolus
3058 4252 3070 4288 :
3105 4233 3434 4303 Impossibile

1865 4355 1975 4395 esse
2004 4337 2213 4392 mentiri
2245 4335 2431 4389 Deum.
2480 4332 2614 4387 Nam
2650 4327 2852 4383 malitia
2877 4327 3161 4382 inﬁrmitas
3186 4327 3433 4395 quadam

1866 4442 1970 4496 est,
1999 4443 2120 4498 quae
2148 4427 2202 4480 in
2234 4425 2430 4481 creatis
2471 4419 2803 4490 conspicitur
2832 4438 2846 4473 :
2883 4419 3027 4489 apud
3063 4434 3192 4474 vero
3219 4420 3432 4472 increa-

213 4528 278 4581 Ἦ
298 4526 410 4598 γὰρ
431 4494 604 4580 κακία.
630 4516 883 4576 ἀσθένειά
910 4516 994 4579 τίς
1023 4517 1168 4567 ἐστιν
1188 4514 1244 4566 ἐν
1267 4515 1513 4582 γενητοῖς
1543 4510 1746 4581 θεωρου

1874 4494 2318 4590 ιιιιοίῳιοὼιεηι
2365 4516 2438 4571 sit
2469 4512 2801 4568 inﬁrmitatis
2839 4511 3165 4580 vestigium?
3201 4494 3352 4576 Quod
3385 4509 3433 4563 si

207 4621 340 4690 μὲνη
361 4631 378 4647 ·
431 4621 588 4686 παρὰ
617 4621 674 4668 δὲ
699 4621 779 4684 τῷ
810 4621 1054 4679 ἀγενήτῳ
1102 4621 1252 4656 ποιον
1294 4621 1438 4672 ιχνος
1487 4621 1639 4656 εσται
1673 4621 1770 4672 της

204 4707 522 4772 ἀσθενείας
575 4706 642 4759 Εἰ
671 4705 730 4759 δὲ
763 4702 866 4773 τῆς
892 4699 1061 4769 αὐτῆς
1097 4691 1239 4767 ἦμεν
1268 4693 1482 4762 φύσεως
1523 4691 1601 4761 τῷ
1631 4691 1770 4761 Θεῷ,

205 4802 391 4858 οὐκέτι
417 4796 562 4871 ἦμεν
594 4796 750 4849 αὐτοὶ
772 4788 1246 4866 δημιουργήματα,
1276 4782 1428 4846 ὄντες
1457 4781 1570 4834 θεοὶ
1592 4779 1768 4849 φύσει,

207 4896 397 4965 ὥσπερ
427 4886 522 4946 οὖν
551 4886 762 4948 ἐκεῖνός
788 4887 904 4938 ἐστι
931 4881 1086 4946 Θεὸς.

771 5043 912 5111 Περὶ
947 5043 1230 5106 σκότους.
1255 5123 1259 5126 ἑ

283 5189 483 5252 Σκότος
509 5181 606 5241 οῦν
631 5179 872 5255 ὁριστέον
901 5195 960 5231 τι
987 5175 1225 5246 ἀφεγγὲς
1256 5172 1351 5228 τοῦ
1379 5170 1559 5243 ἀέρος,
1591 5170 1782 5242 στερή-

217 5297 302 5335 σει
329 5280 531 5349 φωτὸς,
563 5279 667 5332 οὐκ
701 5273 858 5344 οὐσίᾳ
885 5269 1186 5341 ὺφεστηκός
1207 5281 1224 5296 ’
1271 5266 1307 5338 ἢ
1340 5265 1503 5320 τόπον
1535 5261 1596 5330 ἐξ
1632 5263 1784 5316 ἀντι-

222 5372 478 5443 φράξεως
533 5368 762 5440 σώματα
806 5362 1156 5432 σκιαζόμενον
1181 5373 1199 5390 ·
1231 5358 1326 5413 καὶ
1357 5354 1543 5418 ἁπλῶς
1589 5353 1784 5418 εἰπεῖν,

217 5463 387 5517 τόπον
419 5461 598 5531 φωτὸς
633 5453 1015 5529 ἐστερημένον.

540 5589 944 5666 Συλλογισμοὶ
969 5589 1151 5661 ἁγίων
1175 5583 1468 5652 Πατέρων.

431 4615 588 4686 παρὰ
617 4614 674 4668 δὲ
699 4611 779 4684 τῷ
810 4609 1054 4679 ἀγενήτῳ
1102 4605 1252 4656 ποῖον
1294 4602 1438 4672 ῐχνος
1487 4603 1639 4656 ἔσται
1673 4602 1772 4672 τῆς

1874 4633 1975 4673 nos
2007 4611 2252 4684 ejusdem
2286 4622 2392 4678 qua
2426 4605 2568 4661 Deus
2597 4613 2809 4659 naturae
2837 4618 3104 4668 essemus,
3153 4601 3292 4656 haud
3319 4599 3430 4666 jam

1875 4706 2056 4766 hercle
2083 4712 2348 4759 creaturae
2369 4699 2695 4764 diceremur,
2724 4697 2818 4752 sed
2848 4695 2921 4750 dii
2946 4704 3137 4749 natura
3166 4701 3430 4754 essemus,

1875 4803 2016 4858 sicut
2041 4797 2132 4852 ille
2161 4794 2304 4851 Deus
2333 4799 2436 4847 est.

2477 5016 2556 5072 De
2599 5014 2843 5071 tenebris.
2933 5079 2938 5086 _

1946 5156 2204 5212 Tenebra:
2247 5152 2567 5209 deﬁnienda:
2601 5159 2730 5207 sunt
2767 5159 2910 5200 aeris
2953 5140 3198 5214 quaedam
3240 5137 3440 5194 obscu-

1877 5253 2034 5312 ritas,
2085 5247 2227 5302 lucis
2281 5245 2554 5306 orbitate,
2603 5254 2711 5295 non
2761 5234 2965 5305 aliquid
3009 5229 3441 5288 substantialiter

1882 5341 2229 5402 subsistens:
2258 5336 2345 5393 vel
2386 5336 2541 5390 locus
2586 5328 2956 5388 obstructione
2997 5338 3225 5411 corpora
3253 5319 3445 5375 obum-

1887 5437 2027 5498 bret,
2060 5439 2175 5496 aut,
2211 5439 2272 5483 ut
2307 5423 2612 5496 simplicius
2643 5421 2876 5484 dicatur,
2905 5418 3062 5472 locus
3089 5417 3206 5470 luce
3228 5422 3442 5466 carens.

2213 5565 2527 5620 Sanctarum
2566 5555 2788 5612 Patrum
2823 5551 3132 5627 syllogismi.

228 5734 485 5808 (Exstant
503 5733 560 5788 in
582 5730 847 5802 opusculo
871 5725 1082 5805 Didymi
1114 5716 1463 5781 Alexandrini
1487 5719 1676 5769 contra
1704 5708 2047 5769 Manichaeos,
2065 5711 2261 5755 nostra:
2282 5693 2599 5766 Patrologia:
2623 5704 2756 5750 tom.
2786 5687 3028 5746 XXXIX.
3047 5693 3101 5741 et
3123 5685 3261 5738 inter
3276 5693 3444 5761 opera

1513 5803 1569 5859 S.
1603 5801 1850 5874 Gregorii
1899 5794 2169 5871 Nysseni.)
