4048 6338
892 650 1101 859 s.
1220 646 2335 857 JOANNIS
2485 640 3617 853 ABBATIS

2188 1102 2404 1155 VULGO

1780 1388 2773 1555 CLIMACI

1434 1810 2252 2000 OPERA
2383 1813 3168 1993 OMNIA
3483 1700 3487 1705 ’

1533 2278 1826 2335 Εοιτοηις
1846 2276 1927 2327 ΒΤ
1956 2276 2029 2327 ΙΝ
2042 2274 2386 2326 TERPBETE
2408 2274 2753 2326 ΗΑΤΤΗΕΟ
2786 2273 3056 2325 RADEBO.

689 2558 927 2623 (Lutetiae
970 2556 1293 2617 Parisiorum,
1334 2555 1611 2619 sumptibus
1649 2554 1920 2604 Sebastiani
1964 2555 2230 2613 Crsmoisy,
2254 2551 2332 2602 vis
2367 2550 2609 2611 Iacobus,
2630 2550 2720 2601 sub
2738 2547 2963 2602 Ciooniis.
3003 2548 3321 2604 IDCXXXIII
3355 2550 3440 2601 fol.
3487 2562 3596 2601 cum
3614 2548 3890 2619 privilegio

2183 2632 2374 2699 Regis.)

1484 3123 1964 3185 EMINENTISSIMO
2000 3123 2336 3186 Csnnmu
2361 3124 2514 3187 Dum
2543 3144 2623 3186 on
2652 3127 3018 3189 RJCBELIEU.

766 3440 897 3501 Tua
922 3441 1147 3510 virtus,
1180 3438 1673 3497 Eminentissime
1699 3434 2079 3507 Lardinmis,
2112 3442 2334 3513 tuaque
2358 3445 2577 3495 merita
2608 3436 2672 3495 in
2701 3452 2834 3495 eum
2869 3432 3197 3511 dignitatis
3231 3450 3290 3497 et
3316 3438 3720 3525 auctoritatis
3740 3442 3891 3521 api-

684 3585 809 3629 cem
836 3574 893 3627 te
914 3570 1361 3644 provexerunt,
1390 3569 1462 3620 ut
1491 3568 1548 3620 te
1572 3559 1853 3619 venerari
1888 3559 2119 3619 eminus
2148 3576 2220 3618 ac
2248 3558 2560 3631 suspicere
2591 3560 2902 3637 possimus
2928 3579 2948 3627 ;
2998 3559 3303 3638 attingere
3355 3571 3558 3621 autem
3616 3580 3694 3622 ac
3733 3582 3893 3643 pro-

678 3694 826 3772 pius
887 3691 1124 3751 intueri
1178 3687 1406 3748 nemini
1463 3684 1663 3759 liceat,
1740 3685 1867 3759 nisi
1919 3702 2032 3762 per
2069 3694 2179 3745 tua
2231 3685 2492 3764 vestigia
2543 3703 2770 3765 perque
2828 3686 3128 3747 virtutum
3185 3693 3436 3747 tuarum
3484 3689 3749 3763 gradus,
3793 3689 3893 3751 vel

682 3816 1009 3889 imitando,
1038 3812 1129 3873 vel
1162 3810 1524 3873 admirando
1550 3809 1812 3870 incedat.
1849 3808 2042 3890 Atque
2068 3826 2174 3886 ego
2212 3827 2290 3869 ex
2318 3807 2575 3870 illorum
2599 3827 2852 3869 numero
2905 3826 3074 3881 sum,
3116 3809 3225 3887 qui
3255 3809 3501 3886 positus
3541 3812 3608 3873 in
3664 3814 3889 3893 inﬁmo

683 3929 818 3993 loco
855 3943 913 3994 te
944 3934 1141 3992 miror
1169 3931 1434 3997 assidue.
1465 3940 1631 3990 tuam
1650 3930 1727 3989 in
1754 3930 1943 3987 Deum
1965 3929 2282 4007 pietatem,
2309 3929 2653 3989 comitatem
2681 3935 2737 3987 et
2778 3927 3227 4006 beneﬁcentiam
3254 3928 3321 3992 in
3349 3949 3550 3992 omnes
3576 3934 3887 4005 homines,

683 4056 1162 4117 moderationem
1202 4057 1269 4115 in
1291 4058 1417 4116 tuis
1437 4054 1640 4127 rebus,
1672 4054 1740 4114 in
1771 4053 2046 4141 publicis
2105 4074 2247 4116 vero
2307 4053 2697 4133 sapientiam,
2757 4052 2957 4130 ﬁdem,
3014 4054 3139 4115 vim
3192 4053 3429 4134 ingenii
3453 4055 3890 4119 incredibilem

682 4176 909 4256 ubique
934 4177 1210 4254 suspicio
1244 4194 1313 4236 ac
1340 4175 1702 4254 deprwdico.
1747 4175 1823 4237 Et
1848 4193 2012 4236 nunc
2066 4179 2215 4257 quia
2260 4176 2524 4255 pateris,
2555 4174 3052 4236 Eminentissime
3095 4177 3473 4256 Cardinalis,
3524 4181 3690 4243 adte
3725 4180 3888 4244 mihi

680 4313 993 4355 accessum
1021 4294 1183 4368 dari,
1213 4279 1410 4354 scalas
1437 4293 1653 4373 a/fero,
1693 4294 1760 4356 in
1781 4293 2002 4374 quibus
2030 4304 2152 4357 tum
2170 4296 2433 4355 virtutes
2460 4295 2641 4373 quasi
2673 4295 3033 4374 quibusdam
3061 4302 3360 4379 gradibus
3384 4304 3701 4367 distincta:
3727 4306 3889 4368 mihi

682 4417 1035 4495 ueterisque
1068 4416 1152 4477 ad
1174 4424 1343 4477 tuam
1364 4416 1780 4480 celsitudinem
1806 4418 2047 4481 aditum
2063 4424 2322 4494 parant,
2354 4414 2472 4476 tibi
2506 4432 2649 4477 vero
2676 4416 2758 4479 ad
2787 4418 3015 4483 caleste
3064 4423 3306 4489 Numen
3334 4421 3718 4487 commodum
3760 4427 3887 4490 iter

678 4547 964 4601 sternunt
1014 4546 1070 4599 et
1096 4539 1607 4617 compendiosum.

832 4829 1013 4893 Emin
1024 4830 1198 4894 mlite
1230 4831 1374 4893 Tua

2132 5173 2634 5254 Addictissimus,
2678 5179 3097 5243 Sams'ruwcs
3146 5183 3587 5255 CRAMOISY.
