4048 6338
564 326 671 393 603

1829 337 2180 397 ΜΛἸἽἮᾹΞΙ
2216 337 2498 399 RADERI

3656 355 3777 413 604

526 476 531 481 -
567 448 765 491 statum
801 453 868 492 ne
900 454 992 507 per
1017 450 1247 495 aeternas
1280 441 1490 510 vigilias
1524 442 1935 510 corrumpatur,
1966 442 2114 498 sum-

2240 445 2297 506 i;
2327 443 2497 497 ὕπνου
2526 443 2626 514 μέν
2658 461 2775 499 τινα
2802 445 3127 501 λεπτοτάτου
3157 448 3391 519 ἔμφασιν
3432 463 3778 527 κατηνεχυη,
3854 488 3861 493 ~

566 526 662 579 cit.
690 525 1010 596 Priusquam
1041 532 1359 606 concederet
1386 533 1664 593 cubitum,
1700 532 1958 601 plurimas
1993 533 2120 585 fun-

567 617 729 672 debat
747 634 952 686 preces,
977 622 1294 691 libellosque
1316 625 1691 691 componebat,
1725 641 1833 694 qua
1862 640 1920 679 re
1946 624 2118 678 utinm

568 717 622 760 et
653 708 912 766 desidiam
956 712 1167 780 penitus
1213 713 1545 783 proﬂigabat.
1580 713 1751 769 Porro
1779 729 1871 784 per
1903 730 2119 769 omnem

570 800 694 854 vita:
728 815 951 856 cursum
996 804 1215 858 assidue
1262 806 1614 873 precabatur,
1656 804 2024 874 immensoque
2065 806 2153 863 in.

573 889 740 944 Deum
765 908 946 947 amore
984 893 1274 959 ferebatur,
1302 909 1410 966 quo
1438 894 1546 956 die,
1572 904 1837 965 nocteque
1864 904 2121 964 tanquam

572 980 628 1035 in
666 984 886 1051 speculo
925 999 1019 1053 per
1062 985 1229 1039 animi
1275 988 1550 1055 purissimi
1593 986 1972 1042 castimoniam
2021 985 2125 1039 sibi

574 1075 1013 1139 repmsen’tando
1062 1077 1213 1130 nulla
1256 1077 1502 1132 satietate
1543 1077 1743 1147 expleri
1790 1077 1965 1141 velle,
2014 1074 2126 1129 imo

575 1170 636 1214 ut
666 1162 847 1217 verius
872 1165 1045 1219 dicam
1069 1202 1085 1229 ,
1113 1181 1219 1221 nec
1242 1181 1399 1234 posse
1426 1168 1723 1222 videbatur.
1743 1152 1911 1234 Cujus
1944 1180 2130 1220 exem-

574 1250 664 1318 plo
714 1252 999 1323 studioque
1040 1256 1293 1311 incensus
1336 1257 1510 1313 Moses
1557 1259 1774 1328 quidam
1818 1256 2129 1311 solitudinis

573 1348 629 1392 et
652 1340 852 1396 silentii
878 1345 1071 1410 cultor,
1105 1347 1444 1419 vehementer
1476 1350 1771 1414 laborabat,
1793 1357 1854 1402 ut
1880 1348 1933 1401 in
1964 1347 2128 1403 discié

575 1430 776 1498 plinam
805 1440 861 1485 et
890 1437 1301 1492 contubernium
1323 1439 1461 1508 ejus,
1487 1454 1779 1509 veramque
1807 1438 2123 1508 sapientiam

574 1519 872 1589 discipulus
904 1524 1293 1580 admitteretur.
1335 1528 1415 1582 Ad
1456 1544 1618 1597 quam
1664 1545 1777 1583 rem
1828 1530 2123 1599 impr-tran-

2222 533 2344 586 τινὰ
2386 533 2430 586 δ’
2463 534 2757 606 ἱεροπρεπῆ
2819 537 2920 608 όρᾷ
2961 536 3298 602 διυπνίζοντα
3335 541 3515 609 αὑτὸν,
3548 545 3782 600 καὶτὸν

2223 621 2387 675 ὕπνον
2432 624 2876 697 διακωμῳδοῦντα
2906 627 3001 681 καί
3046 626 3271 696 λέγοντα
3313 630 3461 701 αὐτῷ
3504 633 3727 706 Ἰωάννῃ
3754 650 3774 665 ’

2229 730 2247 763 ι
2278 713 2399 775 Πῶς
2426 713 2736 783 ἀμερίμνως
2782 717 2999 796 ὑπνοίς,
3043 717 3073 770 ό
3115 716 3173 770 δὲ
3203 720 3405 791 Μωσῆς
3452 722 3512 775 ἐν
3535 724 3774 795 κινδύνῳ

2222 801 2479 866 διατελεί;
2510 821 2530 854 ι
2565 803 2766 857 Θᾶττον
2798 801 2890 858 οὖν
2915 805 3263 877 ἀναπηδήσας
3292 808 3430 880 ὑπὲρ
3450 809 3544 864 τοῦ
3571 828 3774 882 φοιτη-

2223 890 2316 944 τοῦ
2341 895 2407 963 τῇ
2439 897 2711 965 προσευχῇ
2738 894 3018 959 ὡπλίζετο.
3051 895 3181 951 Εἶτα
3205 898 3332 969 περί
3356 898 3453 964 τὰς
3477 901 3774 974 ἑσπερινὰς

2223 981 2593 1037 καταλαϐόντα
2636 982 2803 1055 ὧρας,
2847 985 3033 1055 ἠρώτα
3080 986 3360 1061 αὑτδνίμη
3404 1005 3459 1042 τι
3506 990 3693 1045 σκαιὸν
3733 990 3777 1061 ἢ

2223 1071 2539 1127 ἀνέλπιστον
2586 1072 2732 1144 αὐτῷ
2783 1076 3126 1147 συνήντησεν.
3177 1077 3237 1133 Ὅ
3259 1077 3339 1145 δὲ,
3382 1095 3404 1131 ι
3427 1079 3605 1145 Δίθος,
3632 1080 3779 1151 ἔφη,

2225 1162 2583 1234 παμμεγέθης
2632 1163 2946 1243 μειπιέζειν
2971 1165 3068 1229 τὰς
3092 1166 3190 1236 τῆς
3234 1167 3446 1239 ἡμέρας
3486 1166 3632 1241 ὧρας
3670 1168 3781 1222 ὑπ’

2226 1252 2387 1307 αὑτὸν
2417 1253 2760 1308 ὑπνώττοντα
2796 1254 3047 1325 ἤμελλεν,
3087 1258 3136 1310 εἰ
3166 1259 3239 1328 μή
3271 1275 3334 1327 γε
3374 1259 3451 1323 ὡς
3482 1261 3541 1314 σέ
3574 1278 3641 1332 με
3668 1278 3782 1314 περ

2232 1343 2521 1414 φωνηκότα
2587 1344 2788 1414 οἰηθεὶς
2860 1346 3060 1417 ἅλματι
3116 1348 3209 1402 τοῦ
3275 1348 3451 1420 χώρου
3518 1351 3777 1421 ἐκπεπή-

2226 1431 2385 1502 δηκα.
2435 1451 2453 1485 ι
2521 1432 2579 1485 ⁸0
2637 1432 2693 1485 δὲ
2742 1438 3083 1500 ταπεινόνονς
3121 1437 3306 1504 ὅντως,
3330 1438 3482 1493 οὐδὲν
3506 1439 3612 1492 τῶν
3634 1442 3779 1510 ὁρα-

2228 1522 2428 1576 θέντων
2454 1523 2769 1594 ἀπήγγειλε,
2793 1527 3047 1595 κρυφίαις
3064 1526 3122 1580 δὲ
3149 1527 3319 1597 βοαῖς,
3344 1528 3439 1582 καὶ
3465 1527 3607 1599 βίαις
3634 1529 3784 1597 ἁγάο

474 1673 479 1677 1
575 1608 698 1663 dam
721 1650 737 1675 ,
770 1626 893 1666 cum
926 1614 991 1667 ad
1018 1631 1137 1669 eum
1172 1618 1413 1673 seniores
1441 1627 1495 1672 ut
1529 1629 1783 1688 patronos
1812 1620 2126 1688 allegassel.

2240 1631 2361 1684 πης,
2387 1613 2476 1666 τὸν
2507 1613 2705 1682 ἀγαθὸν
2732 1614 2863 1667 Θεὸν
2886 1616 3129 1686 ἁνύμνει.

576 1703 827 1771 precibus
862 1704 1076 1760 illorum
1143 1710 1491 1778 compulsus,
1534 1711 1715 1766 Mosen
1751 1713 1804 1765 in
1833 1712 1959 1765 vitae
2020 1710 2329 1765 societatem
2386 1715 2440 1761 et
2500 1706 2807 1763 tirocinium
2845 1709 3062 1778 recepit.
3108 1706 3446 1779 ltaquecum
3482 1706 3793 1779 aliquando

577 1808 679 1847 usu
709 1795 964 1859 venisset,
996 1798 1073 1852 uti
1109 1814 1337 1869 magnus
1368 1801 1455 1856 ille
1524 1812 1679 1871 pater
1743 1801 2013 1871 discipulo
2078 1800 2369 1868 imperaret
2392 1838 2407 1862 ,
2458 1796 2676 1852 uberem
2725 1808 2787 1853 ut
2830 1799 3035 1869 glebam
3074 1809 3222 1856 certo
3261 1802 3495 1871 quodam
3534 1800 3653 1856 loco
3704 1800 3789 1855 ad

558 1884 719 1940 ‘borti
753 1887 995 1945 oluscula
1028 1891 1221 1947 alenda
1265 1902 1320 1948 et
1354 1896 1578 1950 colenda
1611 1896 1884 1959 deferret;
1924 1892 2095 1947 Moses
2118 1930 2134 1955 ,
2175 1890 2265 1945 ubi
2326 1890 2393 1945 ad
2460 1890 2789 1947 destinatum
2828 1892 2929 1947 sibi
2968 1893 3143 1971 locum
3182 1894 3447 1964 pervenit,
3486 1890 3781 1963 imperium

576 1976 658 2028 sui
681 1978 921 2047 magistri
951 1982 1115 2050 C(Bpit
1143 1982 1368 2052 impigre
1393 1986 1635 2056 exsequi.
1670 1984 1987 2039 lmmincbat
2024 1983 2134 2052 jam
2172 1980 2426 2046 meridies
2454 1990 2507 2037 et
2537 1982 2623 2037 sol
2650 1982 2948 2039 altissimus
2980 1984 3183 2053 ingenti
3214 1984 3427 2039 ardoris
3482 1995 3613 2040 testu
3649 1999 3793 2038 orn-r

576 2065 663 2117 nia
695 2066 1023 2133 incenderat,
1049 2072 1257 2126 sextilis
1277 2074 1423 2128 enim
1453 2075 1674 2131 ultimus
1700 2076 1753 2128 in
1777 2083 1961 2129 aestate
1984 2073 2251 2127 mensium
2308 2078 2454 2126 erat:
2491 2071 2578 2127 bic
2604 2087 2727 2126 cum
2788 2070 2961 2128 Moses
3014 2081 3204 2127 mlum
3234 2072 3512 2128 declinans
3534 2073 3637 2128 sub
3665 2072 3785 2125 im-

576 2169 734 2210 mane
759 2170 948 2211 saxum
982 2161 1357 2228 successisset,
1423 2166 1637 2235 s0pitus
1699 2165 2039 2234 aliquantum
2103 2160 2433 2231 conquievit.
2475 2158 2764 2215 Enimvero
2790 2157 3052 2215 Dominus
3080 2161 3175 2230 qui
3201 2175 3331 2217 suos
3368 2161 3472 2216 sibi
3505 2161 3796 2231 supplices.

576 2247 801 2304 clientes
830 2252 981 2306 nullo
1032 2254 1233 2323 patitur
1258 2257 1503 2326 graviore
1563 2272 1695 2312 casu
1760 2243 1963 2325 premi,
2028 2253 2327 2324 periculum
2361 2268 2461 2324 pro
2490 2268 2644 2309 more
2678 2267 2782 2311 suo
2816 2254 3104 2310 antevertit
3135 2262 3191 2309 et
3219 2255 3434 2310 avertit.
3478 2252 3611 2309 Nam
3645 2268 3784 2308 cum

574 2338 809 2396 Joannes
833 2380 848 2406 ,
896 2358 1126 2411 magnus
1163 2345 1254 2399 ille
1290 2354 1442 2415 pater
1465 2386 1479 2412 ,
1518 2346 1573 2401 in
1624 2361 1726 2402 suo
1772 2346 1996 2400 latibulo
2032 2344 2141 2400 sibi
2177 2344 2392 2412 Deoque
2432 2357 2528 2412 per
2591 2343 3103 2413 contemplationem
3149 2351 3397 2408 vacaret,
3426 2350 3481 2398 et
3510 2342 3626 2412 ipse
3652 2351 3785 2413 tan-

541 2487 543 2489 .
576 2441 691 2485 tum
742 2432 1037 2502 pauxillum
1076 2435 1416 2503 conniveret,
1461 2437 1657 2509 aspicit
1685 2439 1860 2491 virum
1900 2436 2135 2490 humana
2173 2432 2353 2503 specie
2416 2433 2817 2503 augustiorem,
2847 2448 2879 2487 a
2922 2447 3033 2503 quo
3075 2434 3402 2504 exprobrata
3435 2446 3787 2504 excussoque

574 2535 769 2575 somno
792 2524 1105 2594 compellari
1132 2525 1281 2581 visus
1310 2543 1323 2579 :
1358 2543 1377 2577 ι
1411 2525 1577 2592 Itane,
1601 2526 1860 2592 Joannes,
1899 2534 1961 2580 tu
2018 2539 2242 2590 securus
2316 2523 2405 2579 hic
2459 2524 2666 2589 stertis,
2697 2531 2754 2579 et
2787 2523 2966 2581 Moses
3003 2523 3109 2578 vita
3152 2524 3578 2594 periclitatur‘la
3614 2522 3782 2581 Exsi-

577 2614 657 2668 liit
677 2613 914 2672 Joannes
944 2628 1179 2687 repente,
1205 2625 1261 2673 et
1289 2633 1387 2687 pro
1412 2620 1587 2676 tirone
1608 2635 1707 2677 suo
1728 2633 1879 2673 arma
1903 2632 2126 2689 precum
2159 2618 2472 2688 assumpsit.
2505 2617 2619 2672 Sub
2679 2632 2955 2687 vesperam
3012 2618 3208 2675 deinde
3247 2628 3603 2676 revertentem
3653 2634 3781 2690 per-

576 2715 862 2773 contatur,
898 2718 1113 2764 rectene
1138 2709 1342 2773 omnia,
1376 2725 1445 2765 an
1473 2710 1627 2765 triste
1654 2707 1857 2780 aliquid
1885 2717 1939 2763 et
1965 2707 2387 2775 inexspectatqu
2449 2706 2648 2761 malum
2687 2704 2972 2762 inciderit?
3005 2725 3029 2759 ι
3056 2706 3296 2763 lmmaue
3354 2719 3566 2774 saxum,
3603 2709 3783 2779 inquit

463 2851 467 2854 .
577 2796 794 2865 Moses,
869 2798 972 2854 sub
1044 2803 1187 2871 quod
1242 2801 1581 2859 meridiatum
1630 2812 2037 2861 successeram,
2080 2797 2465 2853 dormitantem
2506 2798 2735 2852 minimo
2772 2797 2956 2852 minus
3035 2797 3436 2867 oppressisset,
3483 2798 3589 2854 nisi
3630 2798 3784 2855 visus

578 2890 677 2945 abs
711 2901 761 2946 te
811 2904 1029 2963 repente
1060 2896 1242 2952 vocari
1286 2910 1317 2951 e
1347 2907 1513 2950 cavea
1545 2891 1919 2962 prosiluissem
1958 2890 2050 2961 (ε).
2090 2908 2110 2942 ι
2149 2889 2220 2944 At
2249 2887 2486 2945 Joannes
2508 2902 2633 2944 vere
2654 2888 2877 2943 humilis
2906 2889 2997 2945 hic
3023 2891 3280 2955 reticere,
3310 2889 3552 2961 nihilque
3591 2906 3781 2947 eorum

578 2999 699 3054 quae
735 2986 939 3042 viderat
968 2990 1219 3059 aperire:
1251 2990 1432 3045 tacitis
1460 2999 1667 3044 tantum
1699 2986 1926 3043 vocibus
1994 2985 2159 3040 animi
2226 2985 2477 3053 votisque
2527 2984 2842 3041 ardentibus
2887 2984 3091 3041 amoris

578 3091 730 3149 grata
762 3090 938 3135 mente
969 3083 1296 3137 celebrabat.

649 3192 779 3250 Erat
814 3210 943 3250 vero
995 3204 1049 3249 et
1096 3194 1269 3251 forma
1302 3197 1560 3251 virtutum
1588 3206 1641 3252 et
1670 3195 1954 3251 latentium
1983 3209 2136 3249 mor-
2158 3195 2202 3255 C

581 3284 775 3338 borum
831 3285 1100 3352 medicus,
1160 3298 1220 3343 ut
1262 3304 1329 3343 ex
1368 3287 1575 3343 lsaacio
1622 3288 1860 3358 quodam
1902 3295 2134 3351 constat,

3182 2983 3431 3044 Numinis
3481 2986 3781 3044 bonitatem

2302 3180 2416 3253 Ἦν
2444 3184 2543 3255 μὲν
2570 3179 2662 3238 οὖν
2698 3184 2793 3238 καί⁵
2816 3183 3013 3251 τύπος,
3028 3184 3121 3238 καὶ
3143 3183 3308 3257 ἰητὴρ
3331 3185 3612 3257 μωλώπων
3641 3189 3786 3259 ἀφα-

2232 3276 2405 3334 νῶν...
2425 3278 2501 3341 ὡς
2522 3276 2613 3331 καί
2630 3276 2712 3341 τίς
2737 3293 2865 3333 ποτε
2890 3275 3150 3339 Ἰσαάκιος
3175 3275 3430 3348 τοῦνομα,
3453 3278 3560 3332 ὑπὸ
3584 3279 3788 3350 βάρους

580 3373 675 3442 qui
705 3374 1026 3443 gravissima
1055 3378 1297 3449 corporis
1328 3393 1420 3432 seu
1472 3378 1651 3433 carnis
1710 3378 1991 3448 tyrannide
2048 3391 2139 3448 op-

2240 3364 2328 3420 τοῦ
2364 3363 2689 3434 φιλοσὰρκου
2726 3361 2978 3432 δαίμονος
3017 3361 3251 3433 ἰσχυρῶς
3284 3362 3621 3433 πιεζόμενος,
3655 3366 3788 3419 aeu-

582 3478 824 3533 pressus,
869 3479 1112 3536 peneque
1167 3466 1221 3521 in
1274 3466 1705 3537 desperationem
1754 3465 2013 3533 abjectus,
2070 3470 2138 3520 ad

584 3570 839 3625 magnum
868 3557 1015 3612 hunc
1051 3558 1227 3612 virum
1260 3560 1533 3614 curriculo
1566 3558 1862 3623 contendit,
1910 3556 2141 3611 bellum-

583 3646 1077 3714 que-domesticum
1110 3649 1363 3721 lacrymis
1402 3660 1459 3706 et
1511 3650 1838 3719 singultibus
1895 3649 2139 3717 interpo-

584 3737 753 3791 latum
807 3740 1079 3808 exposuit.
1138 3739 1305 3810 Cujus
1361 3741 1518 3795 fidem
1594 3741 1889 3795 admiratus
1966 3740 2137 3793 multo

584 3828 760 3897 magis
788 3828 1139 3885 admirandus
1168 3830 1324 3900 ipse:
1364 3849 1383 3882 ‹
1430 3830 1562 3901 Age,
1610 3822 1809 3899 inquit,
1839 3829 2032 3892 amice,
2070 3831 2138 3885 ad

584 3928 709 3974 vota
734 3918 897 3974 simul
926 3920 1085 3974 ambo
1114 3922 1508 3995 confugiamus.
1553 3941 1572 3974 ι
1639 3921 1780 3992 Ergo
1836 3920 2152 3991 precabun:

584 4009 685 4066 dos
700 4011 763 4081 (ι)
789 4012 1010 4065 oracula
1031 4012 1419 4078 promissorum
1434 4024 1561 4068 sunt
1580 4028 1707 4067 mox
1735 4014 1999 4078 insecuta,
2016 4026 2137 4083 qua:

589 4109 649 4154 ut
680 4099 821 4155 Deus
847 4116 944 4171 per
968 4100 1212 4157 fraudem
1234 4101 1377 4157 edita
1401 4117 1528 4157 vera
1552 4113 1777 4171 rataque
1808 4100 2137 4168 ostenderet,

589 4188 784 4257 abjecti
822 4191 999 4246 adhuc
1024 4191 1080 4246 in
1134 4190 1347 4258 faciem,
1410 4191 1703 4261 aillictique
1761 4190 1903 4246 Deus
1952 4193 2143 4246 volun-

591 4289 754 4335 tatem
784 4282 926 4337 servi
954 4282 1039 4337 sui
1090 4282 1257 4353 coepit
1318 4280 1517 4348 facere,
1571 4291 1633 4336 ut
1685 4284 1989 4337 ostenderet
2032 4278 2140 4337 nun

592 4371 775 4427 fallere
822 4371 1098 4426 Davidem.
1130 4371 1534 4442 lmpurissimus
1562 4372 1759 4441 quippe
1807 4374 1972 4428 draco
2029 4373 2141 4427 elli-

2236 3457 2339 3529 μίᾳ
2368 3456 2551 3509 λοιπὸν
2582 3452 2958 3525 καταϐληθεὶς,
2986 3452 3123 3524 πρὸς
3146 3452 3238 3508 τὸν
3260 3452 3429 3524 μέγαν
3454 3453 3642 3507 τοῦτον
3658 3454 3787 3527 δρο.

2234 3548 2418 3620 ⁵μαίως
2464 3544 2818 3611 κατέσπευσε,
2852 3546 2950 3599 καὶ
2987 3545 3079 3600 τὸν
3113 3544 3344 3616 πόλεμον
3379 3545 3643 3617 οἰμωγαῖς
3683 3563 3786 3616 με-

2244 3657 2502 3731 μιγμένον
2534 3657 2831 3729 συμφύρων
2857 3655 3221 3727 ὲδημοσίευσε·
3252 3656 3352 3726 τὴν
3378 3654 3656 3731 δὲμπίστιν
3683 3657 3787 3710 αὖ·

2239 3722 2633 3818 τοῖἶὰγὰμενος
2704 3722 3062 3814 πανάγαστος,
3101 3763 3122 3797 ι
3149 3746 3244 3809 Εἰς
3271 3722 3423 3817 λιτὴν
3452 3722 3624 3815 ὶμφω
3647 3745 3789 3798 στῶ-

2246 3856 2364 3909 μεν,
2406 3838 2625 3909 ἔφησεν,
2659 3832 2704 3890 ὦ
2751 3837 2889 3906 φίλε.
2919 3855 2941 3889 ι
2983 3836 3068 3900 Ὧς
3109 3831 3202 3909 οὖν
3245 3835 3312 3890 τὰ
3355 3836 3457 3906 τῆς
3492 3836 3790 3906 ,ἱκετηρίας
3844 3852 3849 3853 ί

2238 3929 2608 4001 διεπεραίνετο
2649 3929 2833 3983 λοιπὸν
2861 3926 3037 3997 λόγια,
3073 3926 3154 3980 ἔτι
3190 3927 3285 3979 ἐπὶ
3322 3926 3607 3997 πρόσωπον
3642 3943 3804 3997 πρηοο

2241 4017 2368 4081 νοῦς
2428 4021 2581 4082 ὄντος
2631 4017 2726 4072 τοῦ
2788 4019 3101 4089 κάμνοντος,
3141 4016 3272 4080 Θεὸς
3324 4017 3424 4088 μὲν
3458 4016 3789 4089 θεράποντος

2244 4108 2417 4162 ἐποίει
2449 4098 2678 4178 θέλημα,
2713 4109 2799 4162 ἵνα
2847 4108 2921 4179 μὴ
2956 4106 3047 4160 τὸν
3077 4104 3238 4160 Δαυίδ
3270 4104 3590 4177 ψευδόμενον
3613 4104 3786 4178 δείξῃτ

2244 4200 2367 4271 ὄφις
2402 4198 2459 4252 δὲ
2501 4197 2859 4269 ὲδραπέτευσε
2900 4194 3145 4266 μάστιξιν
3180 4195 3443 4267 ἐναργοῦς
3485 4195 3803 4265 προσευχῆς.

2245 4276 2631 4361 δαμαζόμενοςο
2663 4276 2699 4343 ὃς
2734 4287 2909 4342 νοσῶν
2946 4286 3004 4353 δὲ
3041 4286 3229 4341 ἄνοσον
3264 4285 3454 4340 ἑαυτὸν
3494 4282 3803 4354 θεώμενος..

2248 4374 2467 4444 MM);
2485 4373 2749 4440 ἐξίστατο,
2770 4374 2863 4427 καὶ
2878 4372 2955 4445 τῷ
2976 4374 3253 4439 δοξάσαντι
3274 4373 3372 4426 σὺν
3388 4372 3466 4444 τῷ
3483 4372 3791 4438 δοξασθέντι

593 4462 1001 4517 cacissimarum
1036 4478 1252 4533 precum
1283 4462 1466 4533 flagris
1506 4472 1744 4527 retusus,
1782 4479 1841 4518 se
1877 4466 1932 4518 in
1967 4463 2139 4535 fugam

2247 4463 2348 4537 τὴν
2380 4461 2724 4532 εὐχαριστίαν
2761 4460 3060 4531 ἀνέπεμπε.
3091 4460 3246 4523 Τινὲς
3288 4459 3335 4512 δ’
3372 4454 3440 4513 αὖ
3477 4460 3793 4529 νυττόμενοι

595 4552 846 4622 conjecit.
878 4553 1039 4623 IEger
1066 4562 1247 4609 autem
1280 4553 1349 4607 ab
1404 4552 1585 4608 animo
1640 4553 1729 4608 ubi
1777 4568 1836 4607 se
1894 4565 2141 4609 curatum

596 4645 785 4710 sensit,
809 4658 1132 4714 magnopere
1164 4644 1463 4713 obstupuit,
1504 4643 1762 4713 laetusque
1812 4641 1920 4697 Deo
1976 4643 2143 4699 Joan-

597 4750 720 4787 nem
787 4736 1097 4790 exauditum
1153 4734 1463 4800 ltonoranti,
1520 4742 1577 4790 et
1631 4733 1823 4789 Joanni
1881 4734 2146 4788 honorato

598 4826 783 4883 laudes
815 4828 1109 4898 gratiarum
1138 4826 1411 4895 persolvit.
1450 4826 1553 4882 Sed
1582 4824 1731 4880 fuere
1782 4824 1875 4895 qui
1935 4825 2148 4879 invidiae

668 5049 737 5119 (ε)
777 5050 939 5104 Addit
963 5049 1265 5105 Camaldul.
1321 5048 1434 5113 Quo
1482 5048 1623 5117 facto
1676 5049 1918 5101 continue
1963 5063 2151 5100 saxum

602 5120 739 5173 illud
767 5135 884 5185 ripa
916 5120 962 5242 qs
993 5136 1115 5186 rupe
1160 5119 1358 5187 scribo)
1399 5119 1627 5171 evulsum
1658 5134 1718 5168 ac
1762 5128 1913 5171 terra:
1942 5119 2155 5186 nﬂia‘um

602 5190 863 5242 conspexi.
947 5188 1049 5242 lazc
1099 5189 1168 5242 ab
1218 5187 1419 5242 Graecis
1484 5186 1759 5241 codicibus
1804 5188 2007 5242 nostris
2055 5187 2153 5240 ab-

597 5190 863 5254 conspexi.
924 5186 1049 5242 llazc
1099 5189 1168 5242 ab
1218 5186 1419 5244 Graecis
1484 5186 1759 5241 codicibus
1804 5188 2007 5243 nostris
2055 5187 2153 5240 ab-

600 5270 748 5313 Sutll.

670 5328 734 5396 (ι)
781 5327 921 5398 Ergo
954 5328 1327 5396 precabundos.
1359 5325 1705 5398 Germanitas
1737 5327 1897 5398 amici
1924 5325 1979 5379 'm
2029 5335 2149 5379 ten-

602 5400 802 5467 tatione
827 5396 1067 5466 apparet,
1091 5400 1308 5467 quando
1338 5396 1560 5467 alterius
1600 5396 1895 5467 periculum
1921 5409 2013 5450 seu
2051 5410 2151 5447 ne-

601 5466 928 5536 cessitatem,
958 5482 1109 5522 suam
1160 5466 1302 5536 facit.
1348 5466 1641 5536 Γνησιότης
1666 5466 1818 5533 φίλου
1849 5469 1906 5519 ὲν
1956 5480 2147 5536 πειρα-

605 5536 726 5606 σμῷ
773 5535 1065 5606 δείκνυται,
1116 5535 1276 5606 ἡνίκα
1336 5534 1451 5606 τῆς
1482 5536 1724 5606 ἀνάγκης
1795 5534 2150 5603 συγκοινωνὸς

603 5605 842 5675 γένηταιι
875 5604 940 5660 Et
965 5621 1099 5675 mox
1134 5604 1273 5660 infra
1302 5622 1316 5658 :
1350 5605 1503 5675 Φέλος
1529 5604 1745 5675 “£91k;
1775 5606 1989 5675 “imit
2018 5618 2150 5675 κρει-

606 5671 733 5729 ταιᾶ
753 5688 768 5703 ·
803 5674 991 5744 ιπειδὴ
1024 5677 1117 5730 καὶ
1152 5671 1509 5746 εὐημεροῦντι
1540 5673 1617 5745 τῷ
1671 5672 1809 5744 φίλῳ
1852 5671 2149 5744 σύμϐουλός

2247 4551 2425 4624 φθόνῳ
2451 4552 2683 4626 [κέντρῳ
2694 4549 2788 4604 τοῦ
2806 4550 3018 4623 φθόνου]
3048 4549 3807 4621 ἀείλαλονίαὺτὺνζκαίβφλήναο-

2248 4661 2345 4715 φον
2368 4644 2691 4699 ἀπεκάλουνο
2720 4643 2815 4708 οὓς
2858 4644 3003 4715 ἔργῳ
3042 4639 3337 4706 παιδεύσας
3376 4642 3551 4696 πάντα
3597 4640 3792 4693 ἑαυτὸν

2252 4736 2419 4789 πᾶσιν
2446 4733 2793 4789 ἀπεδείκνυεν
2824 4732 3025 4803 ἰσχύειν
3048 4732 3106 4785 ὲν
3132 4729 3622 4801 τῷιένδυναμοῦντι
3650 4730 3791 4784 πάν-

2251 4842 2352 4889 τας
2399 4823 2639 4898 Χριστῷ.
2667 4826 2752 4897 (κ)
2781 4822 3094 4895 Σεσιώπηκε
3117 4823 3175 4877 δὲ
3198 4821 3529 4879 ἐνιαυσιαίαν
3557 4820 3807 4892 πάμπαν»

2247 5045 2650 5118 εστιν-ἀγαθὸς,
2687 5047 2780 5100 καὶ
2806 5046 3060 5118 συνεργὸς
3091 5045 3411 5118 σύμψυχοςξ
3473 5048 3573 5118 καὶ,
3617 5062 3789 5100 κακοο

2248 5116 2511 5187 πειθοῖκνῖει
2572 5116 2945 5187 ἀντιλήπςωρή
2975 5116 3338 5187 γνησιώτατος
3372 5116 3441 5187 ἢκ
3475 5116 3791 5187 meum:

2254 5184 2721 5255 συμπαθέστατος.
2746 5184 2893 5241 Hoc
2920 5184 3004 5242 est
3049 5184 3077 5240 ξ
3111 5184 3276 5241 Fidus
3340 5184 3547 5242 amicus
3582 5184 3792 5255 prasi-

2246 5256 2394 5309 dium
2424 5269 2509 5311 e51
2535 5256 2773 5310 validum
2799 5272 2813 5321 ;
2868 5256 3296 5325 quandoquidem
3326 5264 3382 5310 et
3408 5257 3462 5309 in
3514 5257 3791 5325 prosperis

2246 5326 2422 5395 amico
2473 5326 2609 5379 bona
2669 5324 2901 5379 consilia
2951 5324 3225 5395 suggerit,
3251 5324 3423 5395 juvat,
3482 5324 3790 5395 conspirat;

2248 5400 2303 5446 et
2333 5394 2384 5447 in
2416 5394 2657 5449 adversis
2688 5396 2895 5448 sincere
2931 5394 3219 5459 succurrit,
3256 5394 3369 5448 'aut
3401 5407 3522 5447 cum
3574 5394 3789 5450 summa

2248 5463 2719 5532 commiseratione
2770 5472 3091 5532 prepugnat.

2320 5534 2399 5601 (τι)
2432 5516 3398 5603 Ιίίοϐιωιδιιιιῖιεοέἆξ,μωρίη-θείοιο
3416 5532 3597 5604 potius
3622 5545 3799 5603 quam
3916 5516 3917 5519 “

2244 5598 2585 5671 interpretem
2614 5605 2743 5673 agit.
