4048 6338
618 331 722 396 607
1881 333 2234 396 MA'ITH/BI
2259 333 2538 394 Μυκη]
3701 328 3829 412 sua

620 441 709 503 tis,
743 447 795 492 et
844 438 1068 494 salutem
1097 439 1340 510 adeptus.
1393 439 1644 496 Testatur
1671 441 1900 513 denique
1940 446 2193 514 ριωοΙσοη

2293 463 2423 499 ὀντα
2454 446 2598 500 τάδε’
2627 427 2959 514 πεπείραμαι
2995 438 3191 511 κυροῦν
3217 440 3276 493 ἐν
3313 439 3536 513 βραχέσι
3554 440 3821 495 πλεῖστα·

621 545 717 585 rus
749 543 927 585 noster
966 539 1020 586 et
1061 531 1401 586 venerandus
1441 548 1637 601 praeses
1664 531 1919 602 Joannes,
1964 551 1996 589 a
2054 550 2165 606 quo

2293 537 2491 608 ιήτορσι
2515 538 2623 607 γὰρ
2651 536 2839 600 κάλλος
2870 535 3124 603 συντομία
3153 534 3334 595 ἔπους.
3835 523 3841 528 ’

621 637 721 693 pro
768 624 893 678 ovili
945 640 1044 680 suo
1088 634 1361 688 exoratus,
1404 639 1436 679 e
1483 635 1665 682 monte
1695 627 1822 682 Sina
1871 645 2043 684 novus
2074 630 2162 684 hic
2195 627 2288 684 Dei
2351 641 2617 700 spectator
2667 646 2760 700 per
2787 631 3021 684 animum
3066 629 3572 701 intelligentiamquc
3607 632 3821 686 deserti

623 716 720 783 dit,
752 716 1015 787 nobisque
1063 727 1116 772 et
1150 720 1266 791 ipse
1321 721 1546 778 dictatas
1577 738 1607 777 a
1646 721 1756 777 Deo
1811 723 2042 790 tabulas,
2101 740 2221 793 quae
2275 725 2470 780 litteris
2528 725 2764 779 exterius
2817 725 3024 795 agendi,
3085 724 3311 778 interius
3382 733 3821 793 verolcontcm-

623 811 802 881 plaudi
853 822 1114 883 praecepta
1181 815 1631 885 complectuntur,
1681 817 1941 872 exhibuit.
1983 819 2058 872 Ita
2125 818 2312 886 paucis
2351 819 2578 887 plurima
2607 817 2906 888 exprimere
2939 824 3161 871 conatus
3189 831 3328 883 sum,
3381 815 3523 871 haud
3582 814 3823 884 ignarus

625 906 942 976 eloquentia:
976 907 1274 963 candidatis
1305 910 1535 965 maxime
1585 913 1797 980 probari
1853 913 1906 966 in
1957 913 2263 968 narratione
2287 913 2626 967 brevitatem.

630 1039 706 1091 De
741 1043 915 1094 eodem
943 1041 1126 1095 abbate
1149 1042 1351 1097 Joanne
1391 1045 1619 1098 antistite
1657 1048 1844 1100 montis
1883 1046 2034 1113 Sina,
2067 1050 2173 1103 sive

2293 1048 2403 1116 Ῑερὶ
2447 1046 2553 1102 τοῦ
2599 1046 2782 1100 αὑτοῦ
2820 1044 2970 1099 ἀὸϐᾶ
3009 1045 3286 1100 Ἰωάννου
3317 1043 3650 1113 ἡγουμένου
3701 1041 3825 1095 τοῦ

1239 1189 1242 1192 .
1271 1133 1523 1192 Climaco.

702 1266 779 1334 (a)
808 1267 942 1330 Cum
973 1269 1098 1323 olim
1127 1271 1290 1326 abbas
1317 1271 1601 1343 Martyrius
1629 1289 1748 1328 cum
1780 1276 1840 1330 P.
1870 1275 2077 1332 Joanne
2108 1278 2176 1333 ad

634 1371 884 1426 magnum
909 1361 1248 1414 Anastasium
1287 1363 1542 1429 venisset,
1583 1364 1903 1422 Anastasius
1954 1368 2178 1442 intuitus

2370 1138 2511 1194 Σινᾶ
2564 1139 2765 1207 ὄρους,
2815 1137 3038 1208 ἤγουν,
3085 1136 3190 1190 τοῦ
3229 1135 3337 1203 τῆς
3387 1136 3699 1204 Κλίμακος.
3811 1209 3817 1216 Ι

2351 1269 2622 1333 Ἑλθόντος
2656 1270 2787 1326 ποτέ
2813 1269 2906 1322 τοῦ
2940 1268 3080 1321 ἀδεᾶ
3102 1266 3412 1338 Μαρτυρῐου
3437 1265 3638 1320 καὶτοῦ
3668 1263 3832 1319 (166i

2282 1361 2523 1415 Ἰωάννου
2547 1361 2682 1431 πρὸς
2711 1360 2800 1413 τὸν
2829 1360 3001 1430 μέγαν
3028 1355 3548 1426 ’Δναστάσιον,[καὶ]
3567 1354 3688 1408 ἰδὼν
3717 1355 3833 1408 αὐ-

635 1446 895 1502 Joannem
919 1452 1236 1520 compellato
1265 1452 1542 1524 Martyrio,
1563 1475 1583 1508 ι
1624 1455 1739 1522 Dic.
1797 1459 1990 1529 inquit,
2038 1459 2178 1514 Mar-

2293 1453 2397 1516 τοὺς
2419 1453 2566 1520 λέγει
2592 1452 2670 1522 τῷ
2692 1451 2831 1536 ἀϐδᾷ
2858 1449 3169 1536 Μαρτμρεῳ·
3207 1468 3226 1500 ι
3247 1448 3398 1510 Εἰπὲ,
3422 1446 3566 1501 ἀδεᾶ
3591 1444 3832 1536 Maps?-

639 1536 760 1606 tyri.
794 1537 932 1592 unde
962 1537 1049 1592 hic
1076 1538 1260 1595 ﬁlius?
1283 1545 1405 1611 quis
1445 1544 1596 1599 illum
1636 1545 1690 1599 in
1745 1549 2067 1602 monachum
2093 1559 2176 1604 to-

2293 1561 2383 1607 m,
2415 1543 2577 1596 πόθεν
2599 1542 2750 1596 ἐστὶν
2782 1533 2956 1604 ὀπαῖς
2976 1533 3164 1605 οὗτος
3198 1539 3290 1592 καὶ
3331 1538 3414 1600 τίς
3455 1536 3615 1590 αὐτὸν
3653 1533 3831 1588 ἐκού-
3877 1547 3886 1554 ’

638 1626 902 1681 tundit?»
947 1628 1096 1684 Tunc
1126 1631 1301 1701 inquit
1343 1631 1648 1706 Martyrius,
1688 1655 1707 1687 ι
1766 1638 1964 1694 Servus
2023 1649 2173 1705 tuus,

637 1730 808 1790 pater,
837 1737 935 1791 ego
959 1724 1161 1778 attondi
1189 1725 1338 1779 illum
1363 1742 1380 1792 ;
1417 1745 1435 1777 ι
1466 1735 1520 1782 et
1549 1727 1885 1797 Anastasius,
1923 1750 1942 1783 ι
1980 1732 2174 1802 Papae!

641 1810 834 1880 inquit.
873 1813 1010 1868 abba
1043 1813 1280 1885 Martyri,
1305 1817 1426 1885 quis
1453 1817 1670 1886 dixerit,
1716 1821 1862 1890 quod
1921 1830 1976 1877 tu
2041 1823 2182 1876 anti-

641 1892 819 1956 stitem
851 1905 1049 1961 montis
1112 1905 1240 1961 Sina
1291 1910 1582 1966 attonderis
1613 1910 1637 1966 ἲ
1670 1931 1689 1964 ι
1742 1912 1852 1969 Nec
1908 1915 2180 1972 Anastasii

640 1990 952 2047 vaticinium
981 1994 1138 2050 inane
1160 1994 1299 2062 fuit;
1323 2013 1446 2053 nam
1474 2009 1596 2069 post
1630 2003 1984 2074 quadraginta
2012 2020 2182 2061 annos

640 2080 874 2138 Joannes
900 2094 1111 2141 creatus
1141 2095 1224 2143 est
1252 2102 1446 2156 przeses
1488 2098 1672 2145 noster
1717 2100 1771 2146 et
1824 2095 2010 2150 abbas.
2063 2096 2182 2152 Alio

640 2187 856 2227 rursum
875 2182 1114 2245 tempore
1155 2177 1442 2249 Martyrius
1491 2180 1657 2235 abbas
1700 2183 1985 2252 praefectus
2041 2186 2184 2242 illius

643 2279 764 2319 cum
793 2262 998 2321 Joanne
1026 2281 1126 2322 suo
1153 2269 1219 2323 ad
1253 2283 1502 2338 magnum
1544 2271 1693 2326 illum
1723 2275 1895 2329 virum
1919 2275 2181 2334 Joannem

647 2352 898 2410 Sabaitcn
929 2356 1162 2423 devenit,
1203 2357 1374 2428 qui-in
1403 2359 1602 2418 Guddae
1623 2364 1909 2420 solitudine
1937 2367 2181 2437 degebat.

644 2443 794 2510 Quos
821 2462 944 2501 cum
977 2446 1221 2504 Sabaites
1262 2466 1425 2508 senex
1460 2453 1700 2522 vidisset,
1763 2457 1908 2512 illico
1961 2475 2186 2515 consur-

645 2537 803 2599 rexit,
833 2547 886 2592 et
909 2553 1044 2606 aqua
1078 2541 1236 2610 pedes
1271 2558 1378 2598 non
1407 2543 1665 2616 Martyrii,
1694 2547 1787 2601 sed
1821 2547 2046 2604 Joannis
2082 2551 2188 2604 Cli-

648 2625 784 2678 maci
826 2625 975 2691 lavit,
1011 2643 1170 2684 manu
1203 2630 1363 2685 etiam
1425 2634 1611 2688 osculo
1660 2634 1910 2691 delibata.
1948 2635 2189 2708 Martyrii

649 2723 825 2769 autem
851 2717 1010 2784 pedes
1041 2734 1146 2774 non
1172 2721 1359 2775 abluit.
1391 2721 1669 2788 Quatrente
1700 2734 1879 2781 autem
1922 2725 2189 2796 Stephano

650 2804 913 2875 discipulo
945 2808 1192 2878 Sabaitaa,
1235 2815 1362 2882 quid
1386 2814 1456 2870 ita
1478 2813 1691 2872 fecisset
1718 2817 1742 2871 7
1769 2835 1807 2878 ι,
1833 2819 2002 2873 Crede
2034 2820 2184 2882 mihi,

653 2893 950 2968 fili,'inquit
987 2899 1260 2967 Sabaites,
1280 2920 1378 2974 ego
1401 2908 1525 2978 quis
1574 2908 2054 2980 ille(religiosus)
2125 2911 2188 2965 tl-

654 2988 759 3042 lius
787 2989 854 3074 sit
888 2991 1087 3056 nescio,
1112 3007 1210 3062 ego
1263 2995 1405 3049 enim
1470 2998 1759 3054 antistitem
1811 3003 2008 3056 montis
2061 3001 2189 3056 Sina

652 3077 856 3146 excepi,
909 3075 1134 3149 ejusque
1185 3083 1404 3154 vestigia
1478 3085 1644 3140 ablui.
1703 3086 1842 3154 Quin
1918 3097 1972 3143 et
2023 3090 2189 3146 abbas

654 3167 952 3241 Strategius
978 3172 1093 3241 ipso
1123 3173 1210 3228 die
1260 3189 1368 3245 quo
1423 3173 1659 3236 Joannes
1718 3179 2008 3245 Climacus,
2069 3197 2188 3236 cum

655 3273 854 3313 annum
910 3262 1081 3317 aetatis
1105 3263 1415 3331 vicesimum
1463 3277 1658 3337 ageret,
1689 3269 1742 3322 in
1771 3272 2091 3340 monachum
2120 3281 2195 3325 at-

660 3355 849 3403 tonsus
878 3359 982 3411 est,
1041 3352 1291 3425 praedixit
1317 3354 1503 3424 ingens
1529 3357 1678 3410 illum
1707 3359 1864 3416 orbis
1893 3360 2016 3414 olim
2044 3361 2195 3416 sidus

660 3437 924 3516 futurum.
955 3438 1136 3508 Itaque
1163 3441 1320 3495 simul
1348 3453 1506 3513 atque
1539 3443 1812 3504 ClimaCus
1856 3458 2039 3502 noster
2085 3463 2198 3503 cce-

663 3528 807 3584 nobii
835 3540 1269 3599 praesescreatus
1295 3526 1396 3599 est,
1428 3537 1660 3590 sexcenti
1687 3538 1920 3607 hospites
1970 3539 2200 3612 advene-

661 3628 805 3687 runt,
845 3621 1080 3690 quicum
1107 3622 1172 3676 ad
1195 3622 1372 3684 cibum
1431 3625 1744 3695 capiendum
1797 3613 2196 3696 accubuissent,

661 3711 794 3765 vidit
824 3709 939 3781 ipse
965 3713 1248 3781 quemdam
1283 3714 1436 3784 quasi
1491 3716 1914 3786 dispensatorem
1961 3721 2202 3792 syndone

663 3802 719 3855 in
745 3799 1086 3858 Hebraeorum
1131 3820 1330 3860 morem
1383 3807 1654 3875 vestitum,
1708 3810 1798 3880 qui
1832 3813 2066 3882 undique
2095 3814 2201 3868 cir-

569 3958 574 3962 _
663 3893 1061 3960 cumcursabat,
1093 3902 1301 3949 etcum
1367 3895 1592 3965 imperio
1639 3901 2012 3968 praecipiebat:
2060 3917 2204 3957 nunc

666 3983 813 4036 cocis
842 3989 898 4038 et
921 3983 1239 4049 oeconomis,
1265 3999 1407 4038 nunc
1436 3985 1642 4055 promis
1661 3988 1848 4042 condis
1873 3998 1926 4043 et
1949 3991 2201 4056 cellar-iis,

669 4073 892 4143 aliisque
915 4074 1145 4130 cmnobii
1183 4074 1464 4129 ministris.
1492 4074 1622 4128 Post
1644 4075 1894 4129 dimissos
1916 4072 2057 4146 ergo
2111 4095 2205 4148 pe-

673 4161 932 4228 regrinos,
963 4178 1083 4230 cum
1113 4162 1297 4216 famuli
1324 4177 1538 4232 quoque
1566 4161 1632 4215 ad
1675 4177 1912 4217 mensam
1969 4157 2205 4221 assedis-

674 4255 815 4307 sent.
849 4250 1104 4315 quaesitus
1155 4259 1238 4307 est
1291 4250 1379 4307 ille
1430 4251 1648 4309 sedulus
1693 4252 2051 4320 dispensator,
2118 4253 2210 4322 qui

673 4337 855 4392 omnia
904 4339 1374 4403 circumcursaudo
1422 4359 1476 4404 et
1552 4348 1909 4420 imperitando
1984 4345 2214 4402 admini-

675 4437 894 4494 strarat,
924 4438 982 4484 ut
1001 4439 1053 4484 et
1075 4431 1184 4500 ipse
1206 4437 1541 4500 accumberet
1565 4438 1581 4507 ξ
1611 4438 1705 4496 sed
1729 4438 2072 4509 quantumvis
2090 4434 2213 4490 dili-

676 4531 860 4593 genter
889 4520 1257 4590 investigatus,
1288 4525 1467 4581 nullus
1492 4536 1671 4583 tamen:
1707 4529 1939 4598 amplius
1986 4523 2214 4580 inveniri

2277 1651 2503 1706 ρευσεν;
2536 1653 2556 1686 ι
2612 1633 2670 1686 '0
2711 1633 2766 1686 δὲ
2811 1633 2956 1699 λέγει
3002 1630 3178 1702 αὐτῷ·
3242 1648 3261 1680 ι
3299 1628 3490 1691 Δοῦλὸς
3533 1626 3625 1680 σού
3675 1627 3837 1687 ἐστι,

2276 1727 2470 1798 πάτερ,
2501 1727 2594 1779 καὶ
2624 1725 2734 1794 ἐγὼ
2783 1725 3075 1796 ἐκούρευσα
3119 1722 3298 1777 αὐτόν.
3331 1739 3350 1774 ι
3388 1721 3495 1774 Καὶ
3539 1719 3686 1785 λέγει
3715 1719 3833 1771 αὐ·-

2275 1817 2351 1888 τῷ
2377 1833 2392 1849 ο
2429 1838 2447 1870 ι
2483 1817 2673 1882 Βαϐαῖ,
2712 1817 2854 1871 άϐὅᾶ
2876 1815 3151 1886 Μαρτύριε
3172 1816 3186 1868 ι
3209 1814 3294 1878 τίς
3318 1812 3462 1867 εῐπει
3494 1809 3668 1884 [ετ-πη]
3695 1851 3710 1876 ,
3734 1810 3832 1862 ὅτι

2275 1910 2576 1980 ἡγούμενον
2595 1908 2687 1960 τοῦ
2711 1909 2839 1961 Σινᾶ
2862 1905 3215 1978 ἐκούρευσας;
3252 1922 3272 1956 ι
3314 1904 3425 1957 Καὶ
3450 1903 3549 1956 οὒκ
3581 1899 3832 1971 ἐψεύσθη

2277 2003 2306 2055 6
2333 2002 2486 2070 ἅγιος
2513 2018 2528 2032 ο
2562 2001 2700 2071 μετὰ
2723 1999 2830 2072 γὰρ
2857 1997 3254 2069 τεσσαράκοντα
3289 1995 3380 2067 ἐτη
3404 1995 3626 2064 γέγονεν
3649 1992 3833 2066 ἡγοῦ-

2283 2110 2437 2165 μενος
2481 2091 2654 2162 ἡμῶν.
2697 2092 2861 2145 Πάλιν
2914 2089 3096 2145 ἄλλοτε
3139 2085 3466 2158 παραλαϐὼν
3524 2085 3616 2140 τὸν
3657 2083 3835 2138 αὐτὸν

2293 2183 2537 2255 Ἰωάννην
2572 2183 2600 2236 6
2652 2181 2943 2252 ἐπιστάτης
2973 2179 3132 2235 αὐτοῦ
3183 2181 3214 2233 6
3276 2179 3447 2242 ἀόδᾶς
3509 2176 3831 2247 Μαρτύριος

2281 2276 2489 2344 ἀπῆλθε
2520 2274 2652 2346 πρὸς
2676 2275 2766 2328 τὸν
2798 2273 2970 2344 μέγαν
3005 2274 3254 2342 Ἰωάννην
3292 2272 3384 2325 τὸν
3422 2269 3710 2340 Σαδαὴην,
3767 2269 3835 2320 ἐν

2280 2368 2348 2436 τῇ
2380 2364 2472 2417 τοῦ
2506 2364 2707 2417 Γουδδᾶ
2735 2364 2926 2433 ἐρήμῳ
2960 2361 3081 2415 τότε
3113 2362 3348 2428 διάγοντι
3379 2355 3699 2429 [διάγοντα].
3735 2356 3837 2418 Ὠς

2281 2449 2374 2508 οὖν
2401 2447 2536 2504 εἶδεν
2573 2452 2766 2513 αὐτοὺς
2793 2452 2821 2504 6
2857 2450 3029 2520 γέρων
3051 2449 3285 2512 ἀναστὰς
3324 2445 3513 2500 ἔϐαλεν
3550 2445 3694 2518 ὕδωρ
3727 2445 3837 2498 καὶ

2285 2539 2432 2609 {vth
2461 2539 2587 2601 τοὺς
2614 2538 2773 2602 πόδας
2799 2537 2892 2591 τοῦ
2912 2536 3055 2590 ἅσσά
3085 2537 3347 2599 Ἰωάννου,
3380 2536 3474 2588 καὶ
3495 2532 3838 2603 κατεφίλησε

2285 2629 2384 2700 τὴν
2419 2630 2574 2698 χεῖρα
2598 2625 2760 2680 αὐτοῦ
2784 2642 2798 2656 ·
2833 2624 2925 2681 τοῦ
2947 2626 3002 2680 δὲ
3035 2625 3177 2680 ἀ66ᾶ
3204 2624 3515 2696 Μαρτυρίου
3544 2623 3644 2676 οὐκ
3674 2622 3836 2692 ἐνιψε

2285 2720 2410 2782 τοὺς
2457 2716 2640 2780 πόδας.
2681 2715 3083 2786 Πυνθανομένου
3125 2714 3182 2767 δὲ
3235 2711 3322 2767 τοῦ
3373 2710 3614 2784 μαθητοῦ
3661 2711 3838 2764 αὐτοῦ

2289 2811 2577 2879 Σίτεφάνου,
2622 2809 2674 2863 τι
2717 2808 2887 2872 οὕτως
2914 2806 3209 2877 πεποίηκε,
3249 2805 3396 2874 λέγει
3445 2802 3595 2874 αὐτῷ
3619 2818 3636 2835 ο
3677 2801 3842 2855 (Πί-

2295 2919 2537 2967 στευσον,
2582 2902 2792 2964 τέκνον,
2817 2898 2947 2967 ἐγὼ,
2978 2898 3062 2962 τίς
3101 2899 3245 2950 ἐστιν
3280 2897 3318 2950 6
3355 2897 3502 2960 παῖς,
3538 2894 3638 2948 οὐκ
3676 2891 3798 2947 οἶδα
3822 2908 3837 2922 ·

2294 2994 2406 3049 ἀλλ’
2432 2992 2540 3062 ἐγὼ
2566 2991 2859 3063 ἡγούμενον
2883 2988 2976 3043 τοῦ
2997 2989 3142 3051 ma,
3158 2987 3423 3058 ἐδεξάμην
3459 2985 3552 3040 καὶ⁸
3580 2985 3707 3046 τοὺς
3734 2984 3841 3038 πόα

2294 3090 2390 3150 δας
2409 3087 2500 3141 τοῦ
2525 3086 2818 3157 ἡγουμένου
2844 3083 3015 3154 ἔνιψα.
3043 3081 3202 3136 Ἀλλὰ
3237 3080 3332 3135 καὶ
3377 3083 3406 3134 6
3430 3080 3602 3143 assa;
3626 3081 3839 3150 Στρατ-

2295 3180 2446 3249 ήγιος
2474 3177 2572 3247 τὴν
2599 3175 2832 3246 ἡμέραν,
2853 3175 2911 3226 ἐν
3011 3168 3364 3241 ἐκουρεύσατο
3398 3171 3427 3221 6
3454 3168 3625 3230 assa;
3657 3167 3844 3221 Ἰωάν-

2296 3283 2415 3334 νης,
2438 3267 2639 3318 εῐκοσιν
2666 3261 2800 3314 ἐτῶν
2836 3259 3112 3332 ὑπάρχων,
3149 3254 3438 3325 προείρηκε
3481 3253 3610 3324 περὶ
3649 3251 3842 3315 αὒτοῦ,

2299 3355 2382 3406 ὅτι
2432 3352 2602 3421 μέγας
2641 3349 2814 3417 ἀστὴρ
2854 3348 3156 3415 γενήσεται.
3202 3342 3412 3412 Ἀμέλει
3438 3339 3568 3408 γοῦν
3601 3340 3718 3410 ἅμα
3763 3338 3845 3408 τῷ

2299 3441 2548 3510 γενέσθαι
2571 3439 2730 3492 αὐτὸν
2757 3439 3050 3511 ἡγούμενον
3078 3436 3249 3508 ἡμῶν,
3283 3434 3625 3488 εἰσελθόντων
3653 3433 3848 3486 ἐνταῦ·

2303 3533 2371 3586 θα
2393 3531 2519 3602 περι
2547 3547 2647 3584 που
2675 3529 2964 3594 ἑξακοσίων
2990 3527 3171 3593 ξένων,
3203 3530 3260 3578 ἐν
3280 3525 3356 3597 τῷ
3387 3524 3712 3589 καθέζεσθαι
3750 3524 3848 3577 αὖ·

2301 3623 2428 3686 τοὺς
2471 3622 2562 3676 καὶ
2600 3621 2816 3687 ἐσθιειν,
2852 3620 3068 3690 ἐθεώρει
3113 3620 3273 3682 αὑτός
3307 3636 3425 3672 τινα
3461 3615 3848 3688 κονδοκούρευ-

2301 3729 2394 3766 τον
2425 3711 2502 3782 (1))¹
2525 3711 2949 3782 ἁναὸεϐλημένον
2999 3709 3291 3772 Ἰουδαϊκῶς
3329 3699 3558 3771 σινδόνα,
3592 3705 3850 3778 περιτρέο

2303 3821 2463 3876 χοντα
2495 3846 2512 3870 ,
2565 3804 2659 3857 καὶ
2733 3801 3138 3869 ἐξουσιαστικῶς
3194 3798 3550 3852 ἐπιτάσσοντα
3601 3799 3712 3859 τοῖς
3785 3811 3846 3848 τε

2307 3894 2585 3966 μαγείροις
2630 3893 2722 3947 καὶ
2755 3891 3049 3962 οἰκονόμοις
3094 3889 3187 3943 καὶ
3234 3887 3570 3957 κελλαρίταις
3606 3886 3697 3940 καὶ
3729 3887 3848 3946 τοῖς

2304 3986 2508 4047 λοιποῖς
2539 3985 2844 4054 ὑπουργοῖς.
2880 3983 3033 4036 Μετὰ
3059 3978 3149 4034 οὖν
3181 3980 3240 4033 τὸ
3284 3979 3534 4032 ἀπελθεῖν
3561 3979 3653 4031 τὸν
3695 3975 3855 4039 λαὸν,

2308 4073 2672 4139 καθεσθέντων
2701 4073 2888 4139 φαγεῖν
2907 4070 3013 4123 τῶν
3039 4067 3342 4141 ὑπηρετῶν,
3373 4071 3614 4142 ἐζητεῖτο
3639 4067 3848 4126 ἐκεῖνος

2259 4157 2276 4173 ⁸
2308 4164 2338 4215 6
2362 4160 2630 4240 πανταχοῆ
2652 4160 2986 4230 περιτρέχων
3009 4160 3099 4212 καὶ
3119 4159 3435 4224 ἐπιτάττων,
3469 4160 3564 4236 οὐχ
3593 4155 3846 4226 εὑρίσκε-

2309 4265 2386 4303 το.
2412 4248 2542 4301 Τότε
2595 4232 2642 4300 6‘
2660 4247 2753 4302 τοῦ
2800 4246 2932 4301 Θεοῦ
2987 4248 3165 4312 δοῦλος
3207 4251 3236 4302 6
3265 4250 3409 4310 ὅσιος
3461 4232 3640 4313 πατὴρ
3691 4243 3853 4312 ἡμῶν

2327 4339 2560 4406 Ιωάννης
2580 4337 2726 4405 λέγει
2762 4340 2889 4409 ἡμῖν
2917 4352 2933 4369 ο
2967 4357 2988 4390 ι
3026 4339 3248 4393 Ἐάσατε
3316 4334 3476 4390 αὐτόν
3499 4350 3514 4364 ⁸
3564 4333 3718 4385 οὐδὲν
3759 4332 3848 4396 ξέ-

2311 4447 2400 4485 νον
2432 4430 2681 4502 ἐποίησεν
2727 4433 2755 4485 6
2801 4431 2984 4505 κύριος
3015 4432 3257 4500 Μωῦσῆς
3297 4429 3383 4490 εἰς
3411 4426 3500 4480 τὸν
3529 4425 3656 4479 ῐδιον
3683 4424 3860 4478 τόπον-

2309 4523 2646 4594 διακονήσας.
2673 4543 2694 4578 ›
3671 4511 3676 4514 Ι

679 4616 869 4684 potuit.
902 4612 1036 4667 Tum
1066 4611 1159 4667 Dei
1212 4628 1400 4670 servus
1434 4621 1771 4675 venerandus
1813 4629 1965 4689 pater
2021 4625 2204 4671 noster
2238 4614 2473 4670 Joannes
2508 4616 2638 4670 dicit
2693 4615 2886 4672 nobis:
2917 4633 2938 4666 ι
2969 4613 3157 4669 Mittite
3186 4623 3428 4680 quaerere
3456 4608 3670 4678 ipsum;
3701 4607 3882 4662 nihil.

677 4704 820 4790 enim
849 4713 1082 4767 alienum
1105 4710 1232 4766 fecit
1259 4710 1511 4764 dominus
1541 4710 1769 4784 Moyses,
1797 4713 2014 4787 quando
2038 4727 2137 4769 suo
2169 4712 2222 4767 in
2255 4711 2374 4766 loco
2401 4710 2754 4766 ministerium
2781 4711 2934 4766 obiit.
2968 4725 2989 4759 ι

762 4877 1099 4955 Sequentia
1129 4891 1270 4937 cum
1304 4872 1372 4934 in
1401 4839 1662 4935 Climaci
1703 4873 1843 4936 Vita
1871 4876 2332 4946 desiderentur,
2362 4872 2550 4936 libuit
2586 4873 2836 4946 addere,
2877 4876 2950 4933 ut
2996 4867 3389 4944 intelligatur
3446 4861 3682 4940 quibus
3727 4878 3844 4925 au-

687 4976 904 5054 Spiciis
925 4976 1210 5037 initiatus
1239 4974 1325 5035 sit
1351 4989 1529 5034 sacro
1557 4971 1855 5058 antistitis
1899 4969 2283 5054 magistratu.
2327 4970 2446 5035 Sed
2475 4980 2537 5036 et
2562 4974 2683 5036 alia
2712 4970 2964 5059 silentio
2987 4982 3112 5030 nou
3156 4958 3656 5030 transmittenda,
3679 4978 3859 5041 quin

574 5107 579 5112 ’
687 5074 904 5138 Daniel
937 5073 1315 5153 biograpbus
1341 5072 1546 5152 ipsius
1578 5070 1893 5148 prateriit.

756 5219 951 5287 Ingens
1003 5192 1056 5268 in
1103 5215 1394 5276 Palaestina:
1444 5214 1686 5286 partibus
1752 5211 1964 5269 siccitas
1999 5224 2132 5280 erat,
2165 5222 2221 5269 et

691 5327 844 5380 aquae
897 5310 1138 5366 caelestes
1160 5309 1498 5365 vehementer
1518 5307 1927 5378 exoptabantur.
1987 5307 2219 5377 Rogatus

691 5390 817 5470 ergo
841 5402 1108 5456 Clitnacus
1139 5399 1205 5453 ab
1230 5400 1425 5455 accolis
1464 5410 1516 5456 et
1557 5399 1750 5454 vicinis
1800 5397 1984 5452 incolis
2039 5401 2216 5456 statim

769 5588 844 5646 (al
876 5590 916 5638 A
953 5587 1214 5642 monacho
1264 5583 1442 5652 aliquo
1487 5579 1693 5637 Sinnita
1744 5576 2044 5648 syncbrono
2101 5579 2217 5633 haec

699 5657 916 5724 scripta.

2390 5217 2524 5272 Ποτέ
2550 5217 2806 5290 ἀϐροχίας
2831 5213 2889 5266 ἐν
2922 5212 3034 5272 τοῖς
3053 5206 3194 5262 κατὰ
3222 5205 3320 5277 τὴν
3362 5203 3718 5274 Παλαιστίνην
3755 5201 3848 5272 μέ-

2323 5325 2438 5380 ρεσι
2487 5309 2775 5378 γενομένης
2820 5298 3184 5372 παρακληθεὶς
3236 5296 3340 5350 ὑπὸ
3396 5293 3504 5349 τῶν
3559 5291 3850 5365 περιοίκων

2323 5398 2679 5470 προσηύξατο,
2710 5395 2804 5449 καὶ
2827 5388 3125 5461 κατηνέχθη
3151 5387 3400 5452 πλούσιος
3431 5385 3599 5451 ὑετόςο
3631 5383 3728 5438 καὶ
3750 5381 3860 5435 οὐκ.

2388 5575 2461 5648 (b)
2499 5578 2612 5633 Vox
2641 5567 3094 5629 Greco-barbara.

3989 6115 4048 6306 Α

2907 6336 2910 6338 .
2977 6326 3328 6338 _.___
3375 6319 3562 6332 —_-
