4048 6338
215 418 321 478 603

1163 454 1174 465 .
1261 401 1578 465 ISAGOGE
1626 350 1725 461 in
1752 399 2043 485 suum
2077 399 2449 461 PARADISI.

3316 407 3420 473 610

211 531 472 583 amaror
504 525 721 595 θέλημα
766 520 874 592 γὰρ
906 518 1013 573 τῶν
1045 516 1385 587 φοϐουμένων
1417 514 1580 569 αὑτὸν
1614 514 1765 584 ποιή-

1866 524 1897 564 a
1931 508 2041 566 Deo
2070 511 2320 580 precibus
2345 512 2619 582 cepiosum
2661 513 2883 569 imbrem
2929 514 3269 585 impetravit;
3322 539 3421 577 ιιι-ο

208 635 297 672 σει
320 622 350 672 6
378 617 603 689 Κύριος,
636 616 729 668 καὶ
752 614 850 682 τῆς
874 611 1107 682 δεήσεως
1129 607 1302 664 αὐτῶν
1328 604 1724 661 είσακούσεται.

1830 601 1976 663 ,ὴοο
2047 612 2238 671 praeter
2290 603 2468 667 fidem,
2527 606 2851 660 voluntatem
2921 609 3063 661 enim
3120 611 3418 668 timentium

1870 706 1933 835 se
1961 690 2126 777 faciet
2162 692 2445 760 Dominus,
2484 704 2538 750 et
2560 695 2989 767 deprecationem
3020 715 3208 756 eorum
3253 719 3419 758 exau-

1909 780 2002 835 iet.

1909 780 2002 836 iet.

286 898 556 979 Subjicit
581 900 836 960 demum
869 901 999 956 hth
1028 894 1104 956 de
1134 892 1434 954 extremis
1465 890 1670 970 ipsius
1699 889 1911 967 annis,
1941 898 2004 953 et
2030 898 2253 965 morte,
2295 891 2542 952 Danieli
2597 910 2856 972 quoque
2886 895 3068 957 tacita
3124 915 3139 954 :

290 1025 489 1080 ’ἰστέον
513 1025 595 1079 ὅτι
626 1025 655 1077 6
679 1024 775 1093 τῆς
809 1020 1080 1091 Κλίμακος
1129 1020 1376 1089 Ἰωάννης
1404 1012 1517 1089 εἶχε
1541 1017 1760 1087 γνήσιον

203 1119 455 1188 ἀδελφὺν,
480 1116 690 1170 τουτονὶ
719 1114 808 1169 τὸν
845 1112 1148 1182 θαυμαστὸν
1174 1111 1346 1165 ἀϐϐᾶν
1380 1109 1667 1180 Γεώργιον,
1700 1106 1759 1159 ὃν

119 1224 135 1239 ⁸
200 1204 285 1265 ἔτι
316 1209 427 1273 ζῶν
455 1208 781 1275 κατέστησεν
805 1204 1101 1276 ἡγούμενον
1125 1202 1217 1256 τοῦ
1241 1200 1512 1273 Σινᾶ,-τὴν
1531 1201 1759 1272 ἡσυχίαν

200 1302 375 1361 αὐτὸς
417 1298 810 1369 ἀσπαζόμενος,
848 1297 916 1366 ἣν
963 1297 1055 1351 ἀπ’
1088 1294 1261 1367 ἀρχῆς
1314 1293 1532 1363 νύμφην
1583 1290 1761 1361 ἑαυτῷ

201 1393 447 1465 ἠγάγετο
467 1393 495 1444 6
523 1390 701 1459 σοφός.
726 1388 1019 1450 Μέλλοντος
1047 1387 1179 1457 πρὸς
1203 1384 1403 1455 Κύριον
1439 1382 1760 1453 πορεύεσθαι

199 1486 301 1540 τοῦ
332 1486 455 1538 νέου
510 1482 665 1554 ἡμῶν
706 1480 984 1544 Μωῦσέως
1028 1478 1120 1532 τοῦ
1164 1478 1458 1531 ὁσιωτάτου
1493 1474 1762 1527 σ’ἰωάννου

131 1596 147 1604 ’
198 1577 298 1632 τοῦ
352 1575 673 1651 ἡγουμένου,
722 1572 1017 1644 παρίστατο
1063 1570 1208 1640 αὐτῷ
1258 1568 1457 1621 κλαίων
1513 1566 1541 1619 6
1592 1564 1765 1626 ἁϐὅᾶς

201 1669 479 1740 Γεώργιος
509 1670 538 1721 ὁ
570 1668 695 1731 ἴδιος
730 1664 893 1719 αὐτοῦ
917 1662 1137 1730 ἀδελφὸς
1172 1660 1360 1727 λέγων,
1412 1659 1494 1712 δτι
1562 1676 1580 1708 ι
1628 1657 1756 1710 Ἰδοὺ

202 1760 389 1828 ὰφίεις
436 1775 506 1828 με
546 1757 639 1811 καὶ
683 1756 944 1822 ὐπάγειςς
990 1751 1098 1819 ἐγὼ
1141 1745 1407 1821 ηὐχόμην,
1442 1748 1531 1803 ἵνα
1586 1747 1649 1801 σύ
1686 1764 1755 1818 με

1938 1013 2227 1070 Sciendum
2299 1018 2537 1072 Climaco
2585 1017 2753 1074 fuisse
2803 1036 3117 1089 germanum
3197 1023 3415 1081 fratrem

1864 1106 2174 1177 Georgium,
2206 1123 2365 1177 quem
2417 1109 2519 1164 sibi
2563 1110 2833 1165 Climacus
2885 1114 3007 1167 vivo
3048 1129 3414 1173 successorem

1864 1196 2171 1262 destinavit,
2222 1209 2283 1253 ut
2351 1201 2660 1255 emnobium
2711 1204 2909 1257 montis
2961 1203 3122 1259 Sinazi
3174 1222 3273 1260 suo
3299 1209 3419 1263 luco

1864 1301 1990 1343 cum
2022 1288 2233 1344 abbatis
2256 1298 2520 1359 potestate
2548 1292 2970 1355 administraret.
3000 1298 3140 1364 quod
3163 1297 3277 1367 ipse
3300 1312 3415 1354 stu-

1863 1380 1955 1435 dio
1985 1383 2149 1436 eremi
2183 1390 2236 1434 et
2269 1382 2574 1437 solitudinis
2597 1384 2615 1453 (
2638 1400 2797 1453 quam
2826 1385 2923 1439 sibi
2957 1386 3022 1440 ab
3055 1387 3207 1443 initio
3250 1400 3414 1459 Spon-

1860 1487 1977 1527 sam
2008 1473 2239 1527 duxerat
2268 1475 2285 1541 )
2314 1489 2498 1529 amore
2531 1482 2823 1529 teneretur.
2881 1477 3014 1532 Cum
3068 1495 3196 1547 ergo
3244 1496 3416 1536 novus

1859 1573 2054 1619 noster
2087 1564 2295 1635 Moyses
2319 1576 2371 1621 et
2403 1567 2840 1635 religiosissimus
2907 1571 3133 1627 antistes
3183 1572 3419 1629 Joannes

1858 1656 2210 1711 morituriens
2257 1658 2324 1711 ad
2380 1657 2668 1713 Dominum
2726 1657 3179 1727 proficisceretur,
3250 1664 3419 1719 Geor-

1857 1746 1976 1816 gius
2020 1746 2188 1803 abbas
2214 1764 2505 1816 germanus
2540 1749 2730 1819 ipsius,
2765 1760 2823 1803 ut
2867 1751 2999 1813 dixi,
3064 1752 3230 1809 frater
3268 1766 3418 1811 asta-

180 1824 538 1922 ’προπέμᾷῃς
558 1863 571 1877 ·
607 1845 727 1899 οὐδὲ
754 1845 860 1915 γάρ
885 1844 997 1914 είμι
1029 1842 1207 1906 ἱκανὸς
1240 1841 1395 1904 ἐκτὸς
1427 1840 1521 1893 σοῦ
1552 1842 1753 1911 ποιμᾶ-

1857 1839 1964 1902 bat,
1984 1843 2074 1892 ’σοι
2124 1824 2618 1908 laerymabundus:
2684 1837 2786 1902 En,
2824 1841 3013 1907 inquit,
3069 1843 3272 1897 domine
3321 1849 3415 1910 mi,

200 1962 292 1998 ναι
322 1942 420 2011 τὴν
456 1938 722 2001 συνοδίαν,
756 1930 800 1990 ὦ
828 1934 981 2007 κύριέ
1038 1951 1138 2005 μου
1160 1950 1173 1964 ’
1219 1932 1415 2005 μᾶλλον
1445 1932 1503 1986 δὲ
1552 1931 1661 2000 ἐγώ
1695 1948 1754 1984 σε

197 2032 537 2105 προπέμπω.
583 2048 601 2081 ι
637 2026 793 2095 Λέγει
824 2025 969 2103 αύτῷ
993 2025 1022 2077 6
1055 2023 1225 2087 ἀϐὅᾶς
1267 2022 1515 2093 Ἰωάννης
1551 2040 1564 2053 ·
1607 2040 1625 2071 ε
1663 2019 1755 2090 Μὴ

196 2122 398 2183 λυποῦ.
445 2120 580 2192 μηδὲ
629 2118 905 2191 μερίμναηο
954 2116 1049 2169 ἐὰν
1100 2114 1209 2187 γὰρ
1264 2115 1409 2184 εὕρω
1448 2112 1753 2184 παῤῥησίαν

195 2212 343 2284 πρὸς
378 2210 579 2281 Κύριον
609 2249 625 2274 ,
675 2210 736 2260 ού
782 2207 854 2278 μή
874 2221 948 2258 ·σε
1002 2205 1145 2258 ἐάσω
1184 2203 1466 2257 τελειῶσαι
1510 2200 1755 2254 ἐνιαυτὸν

193 2301 395 2357 ὕπισθὲ
433 2318 554 2372 μου.
592 2319 609 2351 ι
648 2298 822 2368 Ὅπερ
867 2297 959 2349 καὶ
994 2295 1212 2362 γέγονεν
1238 2309 1251 2321 ·
1296 2294 1446 2348 ἐντὸς
1480 2290 1588 2361 γὰρ
1622 2291 1749 2344 δέκα

197 2395 417 2468 μηνῶν,
448 2390 655 2462 ἀπῆλθε
686 2389 777 2443 καὶ⁵
804 2385 965 2449 αὐτὸς
989 2386 1122 2455 πρὸς
1152 2384 1372 2455 Κύριον.

1852 1940 1933 1978 me
1992 1925 2218 1995 neglecto
2265 1925 2378 1999 abis
2400 1925 2426 1978 ?
2486 1924 2596 1994 Ego
2621 1927 2870 1992 precabar
2897 1929 2973 1979 uti
3000 1937 3054 1980 tu
3084 1946 3162 1982 me
3185 1934 3417 1999 prme-

1852 2023 2005 2076 teres,
2076 2028 2234 2082 neque
2300 2014 2442 2067 enim
2486 2014 2596 2085 sine
2622 2024 2670 2067 te
2707 2030 2913 2081 possum
2941 2012 3075 2068 hanc
3100 2035 3305 2072 sacrant
3334 2020 3418 2089 [a-

1852 2099 2057 2153 miliam
2085 2112 2229 2153 tuam
2261 2102 2576 2171 gubernare,
2600 2111 2647 2155 et
2668 2094 2784 2155 ecce
2830 2102 3016 2169 infelix
3072 2121 3162 2174 ego
3210 2116 3258 2160 te
3279 2125 3417 2177 prir-

1854 2192 2025 2245 mitto.
2050 2190 2147 2249 Cui
2182 2191 2418 2249 Joannes
2449 2194 2652 2248 abbas:
2680 2192 2803 2260 Non
2857 2203 2947 2253 ,est
3007 2200 3145 2264 quod
3195 2201 3416 2254 tristeris

1854 2293 1904 2339 et
1936 2285 2225 2354 afﬂigaris;
2254 2285 2300 2338 si
2324 2301 2426 2354 qua
2446 2285 2572 2337 mihi
2599 2301 2712 2353 spes
2746 2293 2794 2337 et
2824 2284 3019 2351 ﬁducia
3083 2289 3137 2341 in
3165 2288 3291 2356 Deo,
3313 2309 3415 2345 non

1856 2376 2033 2445 patiar
2076 2386 2130 2427 ut
2179 2392 2373 2428 ammm
2409 2376 2543 2428 hunc
2608 2375 2864 2441 absolvas,
2903 2380 3025 2446 quin
3060 2396 3139 2433 me
3160 2385 3409 2452 sequaris.

1857 2464 2012 2533 Quod
2041 2475 2094 2520 et
2125 2465 2324 2519 factum
2351 2475 2474 2532 est;
2535 2468 2673 2523 intra
2734 2470 3001 2526 decimum
3059 2476 3203 2529 enim
3259 2491 3413 2530 meu—

1858 2572 1974 2612 sem
2006 2566 2062 2611 et
2091 2558 2207 2626 ipse
2236 2556 2494 2627 Georgius
2518 2559 2583 2612 ad
2647 2559 2930 2617 Dominum
2979 2565 3251 2634 profectus
3307 2580 3409 2623 est.

280 2686 433 2746 Eme
458 2666 776 2760 aequm'vus
798 2676 1069 2741 Climaco
1099 2691 1176 2737 ex
1204 2673 1426 2735 eodem
1459 2671 1877 2736 contubernio
1905 2682 2147 2737 auctor.
2206 2673 2549 2737 Enimvero
2577 2684 2639 2738 et
2669 2678 2780 2739 alii
2804 2682 3210 2744 sanctissimi
3242 2685 3415 2762 ejus-

194 2796 348 2855 dem
380 2783 653 2850 cm'nobii
688 2784 938 2847 abbates
974 2779 1203 2859 passim
1229 2778 1649 2851 celebrantur,
1698 2793 1861 2858 quos
1890 2778 2058 2840 inter
2087 2778 2405 2859 Georgius
2435 2778 2718 2855 quidam,
2753 2780 2920 2845 haud
2951 2785 3083 2845 scio
3112 2801 3193 2845 an
3242 2788 3407 2848 idem

193 2891 466 2959 Climaci
496 2886 706 2961 frater,
743 2886 821 2947 de
859 2898 987 2964 quo
1018 2883 1201 2943 modo
1229 2880 1623 2942 narravimus
1645 2881 1982 2959 (diversum
2022 2888 2233 2941 tamen
2268 2870 2699 2965 crediderim),
2732 2899 2922 2961 quem
2945 2887 3220 2948 Joannes
3262 2890 3412 2949 Evi-

196 3005 381 3059 ratus
403 3009 521 3053 seu
547 2987 841 3051 Moschus
869 2985 938 3047 in
965 3000 1082 3045 suo
1109 2982 1418 3044 Viridario
1448 2978 1773 3058 spirituali
1796 2981 2041 3050 laudat;
2067 2987 2127 3041 et
2151 2973 2451 3053 Orentu's,
2479 2996 2669 3058 quem
2702 2981 2867 3043 idem
2891 2992 3110 3046 auctor
3137 2987 3411 3050 celebrat

196 3113 342 3176 cap.
379 3094 513 3155 126.
548 3093 638 3153 De
668 3086 970 3166 Martyrio
992 3085 1118 3164 jam
1152 3099 1343 3163 supra
1375 3081 1639 3155 dictum,
1676 3081 1755 3143 de
1789 3097 1920 3159 quo
1950 3088 2160 3142 tamen
2192 3079 2353 3141 nihil
2383 3078 2705 3159 singulare
2739 3082 3001 3149 memini
3037 3085 3269 3163 legere,

712 3208 1078 3277 SEQUITUR
1119 3207 1284 3263 VITA
1315 3204 1652 3262 EIUSDEM
1686 3207 1765 3263 CL

1857 3205 1995 3261 lACI
2027 3192 2126 3258 EX
2158 3201 2480 3259 ΜΕΝΑςιε
2507 3205 2576 3258 50
2607 3194 2896 3292 MART”.

198 3333 319 3392 Τοῦ
358 3333 535 3387 ὁσίου
570 3330 796 3407 Πατρός
842 3326 1331 3407 ἡρῶζηγωάννου
1368 3326 1472 3380 τοῦ
1500 3343 1732 3396 cornea

1857 3322 1917 3379 S.
1953 3322 2132 3404 Patris
2180 3321 2347 3375 nostri
2386 3318 2612 3403 Joannis
2814 3318 3029 3374 Scalam
3091 3321 3206 3373 ccli
3270 3336 3412 3373 com-

655 3392 809 3469 ςὸέωζ-
843 3392 949 3465 τῆς
976 3397 1293 3465 Κλίμακος.
1593 3392 1604 3395 “
1630 3392 1663 3396 ’ί

2026 3392 2038 3404 ⁸
2078 3406 2085 3409 “
2547 3392 2739 3455 'posuit.

275 3510 447 3581 οὗτος
495 3513 782 3569 ἑκκαίδεκα
828 3512 1031 3583 χρόνων
1081 3509 1339 3580 ὑπάρχων
1374 3507 1469 3560 καὶ
1504 3504 1753 3574 ἀγχίνους

195 3611 302 3674 ὢν,
341 3610 409 3680 τῇ
439 3604 707 3675 ἔγκυκλίῳ
744 3603 904 3673 σοφίᾳ
944 3601 1331 3674 προσενήνοχεν
1374 3599 1564 3651 ἑαυτὸν
1606 3597 1755 3668 θῆμα

198 3697 405 3773 [θῦμα]
432 3697 717 3768 ἱερώτατον
749 3693 826 3764 τῷ
870 3690 987 3762 Θεῷ
1019 3693 1077 3744 ὲν
1104 3690 1185 3759 τῷ
1220 3688 1416 3759 Σιναίῳ
1449 3688 1567 3759 δρει
1597 3687 1757 3741 ἀνελ-

200 3770 341 3853 θὼν,
381 3789 476 3841 καὶ
523 3784 780 3856 μονάσας,
828 3782 921 3836 καὶ
970 3782 1029 3834 ὲν
1061 3780 1303 3848 ὑποταγῇ
1350 3776 1567 3844 διάγων.
1625 3770 1756 3827 Εἶτα

203 3880 352 3955 μετᾶ
383 3877 606 3949 χρόνους
632 3872 1011 3929 ἐννεακαίδεκα
1036 3866 1269 3931 ἀναστὰς
1299 3866 1511 3955 ἔρχεται
1534 3864 1667 3936 πρὸς
1694 3864 1756 3917 τὸ
1824 3919 1833 3933 ,

198 3948 306 4044 τῆς
325 3948 552 4041 ἡσυχίας
586 3966 817 4031 στάδιον,
847 3964 953 4019 ἀπὸ
990 3961 1227 4033 σημείων
1251 3958 1413 4013 πέντε
1438 3948 1533 4011 τοῦ
1560 3972 1755 4025 κυρια-

201 4063 329 4128 senii,
360 4060 459 4132 τὴν
488 4059 586 4129 τῆς
641 4056 974 4125 παλαίστρας
1015 4053 1162 4107 θείαν
1213 4049 1376 4123 μονὴν
1419 4046 1757 4118 κατειληφὼς

200 4154 422 4231 (Gula;
449 4151 615 4221 ὄνομα
640 4148 718 4220 τῷ
739 4146 942 4219 χώρῳ),
970 4146 1063 4200 καὶ
1092 4143 1491 4214 τεσσαράκοντα
1518 4139 1611 4210 ἐτη
1646 4140 1757 4193 δια-

206 4230 457 4317 eum;
508 4242 567 4293 ὲν
605 4240 815 4293 διακαεί
851 4234 1031 4307 ἔρωτι,
1068 4232 1163 4286 καὶ
1198 4234 1331 4304 πυρὶ
1359 4232 1509 4295 Θείας
1539 4230 1757 4298 ἀγάπης

205 4322 671 4409 πυρπολούμένος.
702 4327 890 4383 Ἠσθιε
919 4326 1015 4396 μὲν
1039 4326 1104 4378 ἐκ
1138 4322 1353 4378 πάντων
1381 4323 1419 4377 ἃ
1450 4322 1756 4394 ἀμέμπτως

205 4431 422 4501 ἐφεῖται
445 4424 520 4495 τῷ
561 4421 946 4490 ὲπαγγὲλματι,
986 4417 1155 4489 βραχὺ
1179 4410 1244 4469 ’δὲ
1272 4414 1388 4468 λίαν
1416 4415 1511 4470 καὶ
1540 4415 1640 4469 οὐκ
1680 4415 1757 4478 εἰς

209 4523 395 4591 κόρον,
453 4518 544 4571 καὶ
594 4518 651 4568 ὲν
688 4514 879 4582 τούτῳ,
928 4506 1101 4581 οἶμαι,
1144 4508 1204 4561 τὸ
1239 4507 1332 4561 τοῦ
1372 4505 1539 4574 τύφου
1594 4507 1760 4576 κέρας

208 4590 360 4667 ait?»
410 4590 715 4676 πανσόφως.
762 4600 921 4657 Ἀλλὰ
979 4600 1075 4671 τὴν
1120 4598 1225 4652 τῶν
1286 4595 1532 4666 δακρύων
1578 4598 1759 4666 πηγὴν

1925 3506 2025 3561 Hic
2051 3520 2177 3560 cum
2224 3513 2438 3559 sextum
2494 3502 2771 3557 decimum
2832 3517 3033 3557 annum
3088 3511 3301 3573 ageret,
3359 3515 3413 3557 ct

1855 3596 2073 3669 ingenio
2141 3603 2441 3666 praestaret,
2485 3595 2779 3663 sapientiae
2837 3592 3149 3663 disciplinas
3219 3609 3413 3649 omnes

1855 3690 2185 3759 complexus,
2248 3690 2484 3757 seipsum
2535 3702 2631 3756 per
2655 3686 2980 3742 sacrificium
3007 3686 3412 3741 sanctissimum

1855 3783 1913 3837 in
1940 3789 2122 3838 monte
2148 3777 2277 3832 Sina
2302 3776 2657 3840 consecravit,
2686 3784 2741 3830 et
2771 3775 3022 3846 religiose
3049 3777 3102 3829 in
3159 3776 3411 3830 coenobio

1857 3870 1960 3925 sub
2012 3867 2243 3939 praeside
2278 3866 2432 3920 vixit.
2472 3866 2603 3919 Post
2632 3864 2899 3918 decimum
2933 3878 3134 3935 nonum
3165 3864 3289 3919 inde
3316 3880 3413 3918 an-

1854 3976 1985 4017 num
2016 3959 2083 4013 ad
2116 3957 2347 4013 stadium
2384 3954 2691 4010 solitudinis
2750 3951 2837 4024 (Τ
2848 3952 3002 4005 holas
3049 3953 3166 4005 loco
3214 3966 3410 4006 nomen

1856 4053 1957 4107 fuit
1984 4052 2005 4124 )
2038 4050 2227 4121 quinto
2260 4047 2434 4117 lapide
2474 4062 2504 4100 a
2531 4045 2748 4100 basilica
2779 4052 2987 4098 remoto
3037 4058 3094 4098 se
3148 4043 3405 4109 contulit,

1855 4145 1989 4200 etin
2026 4158 2272 4205 arenam,
2313 4150 2476 4210 atque
2524 4148 2795 4192 certamen
2848 4137 2967 4189 vitae
3025 4134 3411 4189 anachoretica:

1857 4235 2152 4301 descendit,
2181 4233 2362 4303 ibique
2391 4246 2561 4284 annos
2592 4229 2738 4297 ipsos
2804 4226 3157 4296 quadraginta
3210 4223 3408 4276 diviuzr

1857 4327 2134 4383 cbaritatis
2162 4324 2371 4380 facibus
2403 4322 2767 4376 inflammatus
2811 4318 3003 4386 exegit.
3037 4314 3227 4368 Cibum
3283 4316 3408 4384 qui-

1856 4419 1975 4474 dem
2007 4417 2238 4486 sumpsit
2262 4416 2374 4483 lege
2423 4412 2670 4482 religiosa
2724 4424 2828 4463 non
2884 4406 3250 4469 interdictum,
3316 4409 3407 4461 sed

1858 4510 2129 4570 modicum
2187 4506 2385 4576 oppido
2441 4513 2496 4559 et
2554 4516 2825 4572 nunquam
2878 4498 2945 4551 ad
2996 4498 3319 4559 satietatem,
3353 4510 3410 4550 ut

1861 4596 2055 4664 inanis,
2082 4598 2307 4676 epinor,
2338 4597 2523 4666 gloria:
2548 4595 2742 4649 fastum
2768 4606 3042 4658 cornuque
3071 4590 3403 4643 retunderet.

212 4702 424 4758 ἐκείνου
470 4702 551 4761 τίς
595 4696 853 4764 ἂν.λόγος
887 4692 1114 4759 ὲξείποις
1159 4690 1365 4742 Ὕπνου
1412 4687 1469 4740 δὲ
1501 4686 1754 4753 τοσούτου

1861 4694 1965 4750 Sed
1992 4694 2134 4762 quod
2162 4690 2359 4748 flumen
2406 4687 2669 4743 orationis
2719 4698 3004 4753 perennem
3066 4682 3235 4749 ipsius
3284 4680 3404 4733 fon—

214 4788 643 4869 μετελάμϐανεν,
672 4788 796 4839 ὅσον
822 4786 918 4854 τὴν
946 4783 1037 4837 τοῦ
1062 4782 1175 4844 νοὸς
1194 4780 1378 4833 οὐσίαν
1403 4778 1468 4850 τῇ
1490 4777 1762 4848 ἀγρυπνίᾳ

213 4866 293 4958 μὴ
334 4879 690 4953 λυμήνασθαι.
729 4879 787 4932 ’0
833 4878 889 4931 δὲ
941 4876 1132 4948 δρόμος
1176 4870 1337 4926 αὐτοῦ
1365 4870 1644 4943 προσευχὴ
1693 4866 1764 4941 ἦν

212 4953 460 5038 ἆὲνναος,
516 4972 608 5025 καὶ
644 4969 778 5038 πρὸς
820 4969 949 5033 Θεὸν
998 4968 1134 5038 ἔρως
1200 4965 1537 5025 ἀνείκαστος.
1595 4953 1763 5026 Οὗτος

208 5069 397 5123 τοίνυν
424 5066 600 5119 πᾶσαν
626 5060 824 5132 ἀρετὴν
861 5044 1185 5141 ὲξᾲσκήσας,
1232 5057 1325 5111 καὶ
1376 5053 1556 5117 καλῶς
1602 5053 1756 5105 πολι-

205 5160 569 5227 τευσάμενος,
606 5153 699 5207 καὶ
738 5142 1003 5221 μεγίσίεὼν
1029 5148 1263 5220 Θεωριῶν
1310 5147 1593 5216 γενόμενος
1632 5145 1762 5198 ἀνά-

208 5254 425 5313 πλεως,
478 5248 571 5301 καὶ
621 5245 712 5299 τὸν
759 5239 1000 5312 μαθητὴν
1043 5241 1306 5293 ύπνοῦντα
1372 5238 1426 5290 ἐν
1466 5254 1569 5313 τίνι
1615 5236 1762 5305 τόπῳ

209 5343 429 5409 πέτρας
467 5336 745 5407 μεγίστης,
783 5331 874 5395 καὶ.
916 5327 1171 5399 μέλλοντα
1196 5328 1284 5382 ὑπ’
1316 5327 1484 5396 αὐτῆς
1533 5324 1761 5377 πιπτού-

212 5447 323 5498 σης
348 5429 451 5499 ἤδη
480 5424 850 5497 ἀναιρεθῆναι,
891 5421 985 5475 καὶ
1024 5420 1104 5480 είς
1142 5420 1279 5491 μέρη
1315 5415 1667 5487 διαιρεθῆναι,
1701 5417 1760 5469 ὲν

208 5520 296 5589 τῷ
323 5518 519 5587 κελλίῳ
550 5518 624 5570 ὢν
651 5516 745 5570 καὶ
789 5510 1059 5591 Πνεύματι
1088 5509 1213 5581 θείῳ
1243 5510 1421 5578 γνοὺς,
1464 5508 1555 5565 τοῦ
1586 5507 1761 5561 τοιού-

210 5628 316 5667 τω
343 5608 573 5683 θανάτου
606 5606 889 5680 ἐρρύσατο,
918 5603 1192 5672 ἐπιφανεὶς
1225 5599 1371 5675 αύτῷ
1402 5599 1521 5653 καθ’
1560 5598 1761 5662 ὕπνους

1859 4798 1962 4843 tem
1990 4786 2341 4852 laerymarum
2368 4774 2689 4834 exhauriat?
2740 4774 2940 4827 Somno
3001 4773 3257 4825 hactenus
3315 4771 3399 4820 in-

1857 4876 2131 4939 dulsitgne
2163 4872 2431 4926 insomnia
2489 4876 2544 4923 et
2610 4864 2909 4934 pervigilio,
2969 4863 3161 4915 mentis
3204 4868 3401 4911 statum

1858 4973 2247 5035 corrumperet.
2276 4962 2393 5017 Jam
2420 4962 2525 5013 vita
2555 4957 2723 5027 ipsius
2751 4957 2927 5008 omnis
2982 4951 3226 5021 perennis
3290 4959 3405 5019 erat

1857 5058 2116 5132 precatio,
2199 5055 2552 5120 Numinisque
2625 5047 2997 5118 inexplicabile
3055 5040 3401 5095 desiderium.

1857 5152 2011 5206 Hunc
2041 5149 2096 5202 in
2127 5148 2341 5202 modum
2370 5159 2489 5196 cum
2541 5155 2599 5195 se
2652 5142 2704 5193 in
2761 5141 2902 5193 Olnni
2956 5133 3167 5187 virtutis
3211 5147 3406 5199 genere

1857 5243 2206 5301 exercuisset,
2242 5243 2535 5302 sancteque
2564 5233 2803 5295 vixisset,
2833 5225 3248 5292 caelestibusque
3276 5226 3405 5277 visis

1858 5331 2292 5403 frequentissime
2318 5335 2591 5381 recreatus
2620 5332 2783 5384 esset,
2824 5316 3139 5384 discipulum
3188 5329 3404 5385 quoque

1855 5435 2011 5478 suum
2056 5418 2197 5472 intra
2251 5413 2484 5484 ingentis
2541 5413 2655 5469 saxi
2702 5410 2903 5463 hiatum
2952 5406 3210 5475 sepitum,
3255 5413 3307 5457 et
3348 5406 3399 5454 in

1864 5520 2101 5566 extremo
2126 5506 2247 5561 vitae
2268 5505 2509 5575 periculo
2529 5508 2849 5565 versantem,
2883 5498 2936 5553 in
2977 5514 3073 5554 sua
3103 5498 3233 5551 cella
3265 5492 3403 5548 divi-

1868 5601 2009 5656 nitus
2031 5597 2342 5653 admonitus
2368 5597 2436 5652 ab
2458 5595 2574 5665 ipso
2601 5591 2789 5647 mortis
2820 5592 3001 5649 limine
3034 5591 3235 5646 salvum
3294 5584 3402 5639 eri-

301 5810 378 5889 (a)
412 5805 535 5863 "me
569 5804 704 5859 Vita:
750 5806 979 5874 upitome
1029 5810 1110 5858 cst
1157 5815 1188 5855 e
1244 5800 1476 5855 Daniclis
1534 5799 1638 5853 vita
1687 5808 1947 5855 extracta.
