4048 6338
650 328 751 392 627

1914 348 2266 410 MA'ITILEI
2294 354 2577 436 RADERI

3738 356 3857 422 623

648 456 863 515 peratur
892 449 1028 503 ultra
1060 454 1196 504 vires
1236 453 1324 516 sit,
1365 469 1488 508 ecce
1515 456 1632 517 tibi.
1685 459 1985 526 posthabita
2020 462 2191 532 impe-

2299 468 2622 540 (πέπεισμαι
2653 473 2758 542 γὰρ
2787 474 2883 526 οὐκ
2921 473 3094 541 ἔγωγε
3128 473 3303 542 μόνον,
3335 467 3488 542 οἶμαι
3523 473 3581 526 δὲ
3621 473 3857 526 καὶτῶν

647 539 784 593 ritiae
833 556 965 595 mem
1018 544 1365 610 conscientia,
1419 547 1504 615 pie
1536 558 1711 604 tamen
1755 551 1916 606 etiam
1946 570 2066 618 qua:
2092 570 2192 608 no-

648 639 817 684 stram
848 632 1265 692 imbecillitatem
1307 650 1582 709 superant,
1637 657 1759 695 cum
1807 643 2066 699 modestia
2097 660 2192 715 ag-

648 723 821 792 gressi
844 738 1028 779 sumus
1057 743 1072 780 :
1098 742 1205 781 non
1233 729 1377 797 quod
1406 730 1536 785 utile
1573 732 1666 786 tibi
1692 733 1819 801 quid
1847 749 1878 786 a
1905 749 1990 786 me
2012 734 2191 789 aﬂ'erri

649 811 821 877 possit
853 813 944 886 aut
985 817 1262 886 explicari,
1318 821 1461 891 quod
1499 822 1632 890 ipse,
1663 824 1965 879 venerande
2009 833 2188 895 pater,

651 900 886 972 ignores,
913 917 1012 962 aut
1035 909 1213 964 minus
1251 926 1412 980 quam
1437 927 1537 967 nos
1558 913 1825 984 intelligas
1857 913 2191 985 (persuasum

647 993 1134 1060 enimltabeo..nec
1163 1016 1304 1056 unus
1325 1017 1443 1069 ego,
1488 1004 1580 1058 sed
1605 1004 1758 1072 juxta
1810 1020 2018 1059 mecum
2068 1007 2192 1076 qui-

648 1081 730 1137 vis
757 1083 1100 1159 cordatorum
1161 1091 1354 1143 mentis
1408 1100 1512 1146 tua:
1541 1093 1710 1146 aciem
1768 1093 1836 1146 ab
1869 1095 2013 1148 omni
2038 1107 2193 1151 terrm

647 1173 1016 1240 concretione,
1067 1179 1350 1248 noctisque
1378 1190 1433 1234 et
1475 1182 1791 1252 ignorantiae
1812 1183 2074 1240 oﬂ‘usione
2107 1202 2192 1240 re-

646 1273 926 1332 purgatam
950 1266 1067 1320 sine
1102 1269 1209 1322 ullo
1236 1271 1616 1339 impedimento
1646 1274 1698 1327 in
1731 1276 1902 1331 lucem
1944 1277 2194 1332 divinita-

626 1353 720 1407 'tis
747 1352 896 1422 ferri,
919 1356 989 1410 ab
1013 1373 1181 1429 eaque
1230 1361 1540 1428 illustrari);
1569 1365 1658 1419 sed
1693 1367 1892 1419 veritus
1923 1383 1988 1420 ne
2019 1367 2190 1421 refra-

648 1442 853 1496 ctarius
875 1459 972 1512 per
994 1452 1411 1515 contumaciam,
1434 1454 1624 1508 salutis
1645 1452 1907 1522 jacturam
1937 1455 2190 1521 iacerem,

649 1530 716 1586 ad
737 1533 1212 1603 obtemperandum
1243 1543 1509 1610 impulsus
1544 1553 1687 1599 metu
1719 1547 1877 1601 simul
1906 1560 1960 1603 et
1985 1551 2192 1606 deside-

647 1622 732 1677 rio
767 1625 958 1681 ductus
1008 1629 1072 1682 ad
1127 1633 1552 1687 exhauriendum
1611 1647 1854 1692 sanctum
1907 1639 2190 1709 imperium

647 1720 798 1802 tuum
841 1721 1142 1787 preperavi,
1203 1733 1484 1805 promptus
1547 1729 1762 1796 quidem
1821 1731 2064 1802 obsequi,
2090 1733 2190 1800 sed

2293 561 2696 631 εὐφρονούντων
2720 565 2966 628 ⁹εἰκαστος,
3007 564 3330 633 καθαρεύειν
3359 581 3453 616 σου
3485 565 3577 617 τὸν
3603 564 3702 633 τῆς
3730 565 3852 616 δια-

2292 651 2438 714 νοίας
2465 651 2738 722 ὀρθαλμὺν
2775 654 2881 707 ἀπὸ
2918 655 3095 722 πάσης
3133 651 3390 719 γεώδους,
3423 652 3518 704 καὶ⁵
3563 653 3853 721 σκοτεινῆς

2291 739 2400 792 τῶν
2445 741 2734 792 σκοτεινῶν
2780 741 3096 809 ὲπιχύσεως,
3143 741 3237 793 καὶ
3279 740 3728 809 ἅπαραπώίστως
3768 739 3854 807 τῷ

2293 829 2420 900 θείῳ
2458 832 2596 899 φωτὶ
2637 831 2942 885 ὲπιῦάλλειν
2978 849 3060 893 τε.
3111 831 3203 884 καὶ
3245 831 3331 884 ὐπ’
3363 829 3528 884 αὐτοῦ
3562 831 3841 896 καταυγά-

2293 921 2521 992 ζεσθαι)·
2553 923 2687 977 ἀλλὰ
2716 925 2805 976 τὸν
2833 927 2895 976 ἐκ
2913 924 3009 994 τῆς
3033 923 3311 994 παρακοῆς
3339 921 3566 974 θάνατον
3590 921 3853 990 ἐκδειμα-

2293 1012 2568 1081 τούμενος,
2613 1013 2706 1066 καὶ
2751 1015 2840 1066 ὐπ’
2874 1012 3037 1067 αὐτοῦ
3094 1012 3280 1082 ὥσπερ
3312 1013 3392 1075 εἰς
3435 1012 3677 1080 ὑπακοὴν
3719 1027 3852 1063 συνο

2291 1104 2616 1174 ωθούμενος,
2647 1105 2780 1175 πρὸς
2825 1109 2922 1174 τὴν
2966 1103 3217 1157 πανὸσιὸν
3256 1119 3347 1156 σου
3393 1101 3638 1155 κέλευσιν
3685 1101 3848 1170 φόϐῳ

2292 1195 2386 1248 καὶ
2409 1196 2556 1265 πόθῳ
2590 1195 2840 1265 ἐλήλυθα,
2871 1195 2945 1259 ὡς
2990 1193 3284 1263 εὐγνώμων
3312 1194 3550 1264 ὑπήκοος
3585 1192 3679 1244 καὶ
3713 1194 3851 1253 παῖς

2292 1289 2505 1357 ἀχρεῖος
2534 1284 2822 1355 ζωγράςρου
2856 1287 3108 1356 ἀρίστου,
3149 1288 3216 1355 τῇ
3257 1284 3354 1354 μὲν
3393 1285 3521 1354 ψιλῇ
3563 1284 3719 1354 ἡμῶν
3747 1284 3850 1336 καὶ

2292 1379 2516 1449 ἑξιτήλῳ
2548 1377 2744 1447 γνώσει
2768 1379 2860 1431 καὶ
2880 1381 2944 1448 τῇ
2980 1377 3288 1446 ίσχνοφώνῳ
3346 1376 3592 1448 προφορᾷ
3625 1374 3714 1425 διὰ
3740 1373 3848 1441 μὲ-

2291 1471 2445 1532 λανος
2468 1471 2630 1540 μόνου
2654 1460 2935 1539 μονοειδῶς
2963 1465 3049 1521 ’τὰ
3078 1467 3252 1529 ζῶντα
3296 1464 3699 1534 ὲσκιακὸτες(α)
3743 1465 3850 1534 μό-

2293 1579 2380 1614 νον
2400 1562 2577 1628 λόγια.
2623 1561 2713 1614 Σοὶ
2740 1560 2796 1613 δὲ
2829 1559 3035 1621 λοιπὸν,
3071 1551 3116 1612 ὦ
3153 1557 3484 1611 διδασκάλων
3521 1555 3714 1625 ἔξαρχε
3744 1555 3852 1606 καὶ

2289 1650 2577 1720 ταξιάρχα,
2601 1647 2995 1711 κατελελοιπὼς
3024 1645 3455 1719 [καταλελοιπὸς]
3472 1643 3848 1699 ἐπικαλλωπί-

2293 1759 2378 1796 σαι
2411 1744 2502 1795 καί
2542 1740 2834 1810 τρανῶσαι,
2875 1739 2965 1792 καὶ
2997 1739 3062 1791 τὰ
3100 1738 3427 1800 ἐλλείποντα,
3461 1736 3542 1808 ὡς
3578 1734 3848 1806 πληρωθῇ

650 1799 868 1860 inntiles
900 1808 1087 1875 optimi
1128 1811 1350 1867 artilicis
1379 1801 1442 1867 et
1464 1815 1681 1883 pictoris
1706 1799 2023 1887 discipulus,
2044 1799 2190 1875 tenui

2299 1834 2512 1887 πλακῶν
2543 1833 2635 1886 καὶ
2651 1832 2814 1901 νόμου
2840 1829 3206 1899 πνευματικοῦ
3230 1827 3636 1900 ἀναπληρῶσαι.
3660 1829 3733 1880 Οὐ
3759 1827 3857 1887 σοὶ,

647 1901 704 1946 et
747 1897 872 1949 exili
927 1909 1128 1954 nostra:
1190 1904 1426 1958 scientize
1494 1906 1773 1974 penicillo,
1865 1910 2195 1980 simplicique

647 1987 900 2043 dictionis
923 1990 1065 2056 stilo,
1105 2009 1195 2062 per
1221 2005 1577 2051 atramentum
1621 2000 1820 2065 solum,
1864 1994 2210 2072 singulisque

649 2072 807 2132 lineis
837 2080 1049 2152 eloquia
1082 2085 1201 2139 viva
1225 2086 1570 2156 animataque
1588 2090 1912 2144 adumbrare
1934 2091 2194 2148 duntaxat
2226 2109 2231 2114 '

648 2176 875 2223 conatus
897 2185 1040 2226 sum.
1077 2171 1343 2229 Czelerum
1374 2185 1524 2230 tuum
1563 2178 1686 2241 erit,
1714 2179 1790 2232 uti
1818 2182 2190 2250 magistrorum

647 2257 885 2315 doctoris
917 2269 969 2314 et
994 2263 1258 2335 pra'sidis,
1291 2267 1433 2334 quod
1464 2267 1834 2335 imperfectum
1864 2277 1968 2335 est,
1994 2270 2190 2326 colori;

648 2346 752 2400 bus
767 2362 984 2412 ornare,
1017 2359 1071 2402 et
1090 2334 1360 2406 illustrare
1411 2334 1722 2423 omissaque
1749 2356 1923 2426 legum
1950 2365 2004 2411 et
2037 2359 2194 2411 tabu-

651 2437 822 2490 larum
871 2452 1132 2510 prmeepta
1174 2444 1464 2513 complere.
1524 2446 1755 2519 Proinde
1781 2449 1923 2504 hunc
1958 2450 2191 2505 laborem

649 2542 830 2581 meum
874 2545 980 2584 non
1031 2533 1150 2587 misi
1197 2535 1261 2588 ad
1293 2547 1344 2589 te
1371 2537 1696 2603 docendum,
1732 2540 1872 2594 absit
1898 2541 2001 2595 hoc
2027 2557 2058 2594 a
2085 2557 2190 2605 me,

648 2627 902 2675 extrema:
959 2619 1242 2702 dementia:
1295 2638 1699 2696 argumentum,
1741 2630 1915 2699 (potes
1965 2633 2109 2686 enim
2141 2633 2193 2685 in

652 2705 883 2766 Domino
936 2714 1262 2780 optimorum
1300 2718 1502 2786 optime
1559 2721 1864 2796 doctorum,
1911 2737 2015 2776 non
2061 2723 2196 2778 alios

652 2787 882 2867 tantum.
917 2806 1011 2860 sed
1041 2821 1142 2863 nos
1180 2808 1326 2878 ipsos
1353 2811 1663 2865 cmlestibus
1688 2794 1928 2867 moribus
1951 2822 2005 2867 et
2038 2805 2197 2868 disci-

652 2893 814 2962 plinis
856 2895 1169 2965 informare)
1234 2898 1328 2953 sed
1366 2900 1432 2953 ad
1488 2910 1732 2973 nostrum
1763 2905 1854 2972 qui
1887 2914 2062 2958 tecum
2115 2915 2196 2961 est

648 2992 849 3039 emtum
879 2986 1289 3056 discipulorum,
1318 2991 1388 3044 ab
1412 2981 1521 3044 Deo
1553 2992 1618 3045 ad
1653 2993 1968 3062 religionem
1994 2987 2193 3051 electo-

651 3091 1041 3146 rum,quorum
1058 3079 1212 3148 juxta
1241 3097 1306 3137 ac
1332 3069 1442 3137 tuis
1467 3083 1634 3150 ipsius
1664 3086 1912 3151 precibus
1941 3097 2192 3156 tanquam

653 3181 750 3245 spe
773 3168 1002 3236 quadam
1040 3171 1328 3240 spirituali,
1352 3189 1474 3242 qua:
1529 3176 1796 3230 inscitiam
1827 3178 1983 3243 levet,
2019 3182 2194 3235 velum

651 3257 843 3310 calami
889 3263 1136 3327 expaudi,
1167 3272 1220 3317 et
1275 3265 1526 3320 dictionis
1558 3275 1753 3321 nostra:
1779 3269 2196 3338 gubernaculum

654 3347 908 3415 praeclaro
952 3361 1131 3416 vestro
1159 3357 1508 3422 gubernatori
1551 3357 1864 3431 [navarcho]
1909 3363 1963 3414 in
2011 3378 2204 3416 manus

655 3437 872 3504 tradidi,
909 3440 1068 3507 cujus
1107 3443 1268 3510 juxta
1300 3460 1364 3499 ac
1391 3461 1630 3501 vestrum
1654 3449 1894 3502 omnium
1926 3452 2196 3519 appretia-

656 3527 892 3582 tionibus
925 3530 990 3583 ad
1023 3545 1158 3600 opus
1181 3533 1401 3596 accedo,
1432 3535 1689 3588 lectorem
1717 3530 1984 3605 precatus,
2011 3541 2055 3592 si
2081 3541 2203 3608 quis

656 3620 784 3687 quid
833 3622 888 3673 in
940 3623 1043 3677 hoc
1089 3623 1218 3679 utile
1257 3621 1714 3690 animadverterit,
1754 3625 1986 3681 fructum
2034 3630 2197 3698 hujus

655 3717 856 3788 optimo
877 3715 1088 3787 praesidi
1114 3725 1300 3771 nostro
1329 3732 1434 3769 non
1468 3715 1708 3784 ingratus
1725 3719 1954 3773 ascribat
1991 3737 2004 3773 :
2045 3721 2201 3777 nobis

2221 3133 2264 3190 ϐ

2290 1926 2366 1989 δὲ,
2399 1925 2506 1978 οὐδ’
2537 1923 2704 1993 αὐτὴν
2733 1922 2886 1993 ἡμῶν
2921 1921 3016 1992 τὴν
3047 1922 3356 1990 ἐγχείρησιν
3393 1919 3676 1972 ἐπέστειλα
3709 1919 3850 1978 (ἄπ-

2291 2018 2423 2084 αγεῐ
2454 2014 2609 2068 τοῦτο
2637 2013 2742 2083 γὰρ
2771 2012 3002 2082 ἐσχάτης
3027 2010 3276 2077 εὐηθείας
3305 2009 3370 2061 ἂν
3391 2009 3475 2078 εἴη
3514 2010 3814 2078 τεκμήριον
3833 2024 3846 2035 ο

2294 2109 2492 2169 ἱκανοῖς
2522 2107 2632 2176 γὰρ
2663 2108 2719 2157 ἐν
2747 2105 2955 2175 Κυρίῳ,
2987 2103 3089 2171 οὐχ
3123 2101 3340 2171 ἐτέρους
3372 2100 3550 2169 μόνον,
3575 2099 3710 2152 ἀλλὰ
3744 2099 3851 2150 καὶ

2291 2199 2437 2265 ἡμᾶς
2465 2195 2658 2256 αὐτοὺς
2689 2196 2744 2246 ὲν
2789 2197 2902 2256 τοῖς
2945 2192 3110 2252 θείοις
3147 2189 3412 2259 ἐμπεδοῦν
3457 2188 3610 2258 ἧθεσί
3648 2204 3706 2240 τε
3748 2189 3850 2238 καὶ

2291 2278 2652 2355 διδάγμασιν),
2681 2284 2814 2337 ἀλλὰ
2845 2285 2912 2353 τῇ
2945 2283 3038 2335 σὺν
3079 2283 3210 2351 ἡμῖν
3254 2278 3404 2349 παρὰ
3445 2279 3548 2340 σοὶ,
3577 2271 3621 2331 ὧ
3648 2278 3846 2346 κρατί-

2293 2395 2432 2429 στων
2454 2375 2784 2428 διδασκάλων
2803 2373 3055 2443 κράτιστε
3075 2411 3090 2433 ,
3128 2370 3536 2442 μαθητευομένῃ
3567 2368 3851 2438 θεοκλήτῳ

2294 2465 2531 2535 συνοδίᾳ,
2563 2461 2630 2536 ἦς
2659 2465 2751 2517 καὶ
2780 2463 2872 2516 σοῦ
2908 2462 2965 2516 δὲ
2989 2465 3107 2525 ταῖς
3149 2462 3352 2530 εὐχαῖς.
3403 2460 3590 2530 ὥσπερ
3628 2461 3850 2525 νοερᾶς

2293 2573 2431 2609 τισιν
2455 2556 2634 2608 ἐλπίσι
2662 2555 2762 2623 τῆς
2795 2547 3064 2625 ἆμαθείας
3107 2553 3512 2621 κουφιζόμενος,
3539 2551 3599 2603 τὸ
3628 2549 3722 2602 τοῦ
3753 2566 3852 2601 κα-

2294 2645 2465 2715 λάμου
2495 2647 2658 2699 ἱστίον
2705 2644 3010 2707 τετανυκὼς
3031 2685 3045 2707 ,
3070 2643 3154 2714 ,τῷ
3183 2643 3330 2714 καλῴ
3362 2642 3514 2712 ὐμῶν
3545 2639 3851 2710 συγκυϐερ-

2296 2738 2430 2808 νήτῃ
2455 2736 2546 2798 τὸν
2566 2737 2661 2790 τοῦ
2693 2737 2955 2808 ἡμετέρου
2981 2735 3137 2803 λόγου
3170 2735 3330 2788 οἴακα
3366 2733 3504 2804 μετὰ
3531 2737 3717 2803 χεῖρας
3754 2733 3837 2783 δε-

2296 2826 2502 2892 δωκὼς,
2533 2829 2628 2881 σὺν
2661 2826 2836 2897 ἱκεσίᾳ
2875 2827 3021 2896 πάσῃ
3059 2826 3245 2878 τούτου
3275 2825 3410 2894 πρὸς
3448 2823 3643 2882 αὐτοὺς
3672 2821 3749 2889 (b)
3779 2821 3852 2873 δι’

2296 2911 2447 2979 ὑμῶν
2481 2911 2806 2979 ἀπέρχομαι,
2847 2907 3012 2962 αἰτῶν
3045 2909 3171 2969 τούς
3213 2906 3638 2977 ἐντυγχάνοντας
3667 2905 3851 2957 ᾶπαν-

2293 3018 2412 3065 τας,
2438 3002 2490 3054 εἴ
2517 3001 2598 3063 τίς
2621 3019 2675 3054 τι
2705 3003 2761 3054 ὲν
2797 3000 2968 3069 τούτῳ
3008 2998 3324 3070 ὐνησιςςόρον
3359 2996 3624 3056 θεάσοιτο,
3653 2993 3854 3046 τούτου

2294 3093 2385 3145 τὸν
2416 3093 2623 3163 καρπὸν
2641 3091 2717 3161 τῷ
2735 3091 2937 3161 ἀρίστῳ
2957 3092 2989 3158 ἠ
2997 3089 3110 3159 μῶν
3129 3088 3412 3160 ἐπιστάτῃ.
3435 3087 3511 3150 ὡς
3525 3086 3852 3154 εὐγνώμων,

2298 3173 2582 3251 λογίσοιτο.
2615 3184 2722 3237 Καὶ
2744 3183 2834 3236 τὸν
2855 3182 2956 3248 τῆς
2983 3182 3366 3252 ἐγχειρήσεως,
3397 3179 3490 3231 καὶ
3513 3179 3677 3248 μόνης
3688 3175 3852 3243 δοθῆ-

2299 3291 2383 3326 ναι
2413 3273 2563 3343 παρὰ
2593 3273 2727 3326 Θεοῦ
2757 3271 3081 3342 ὲξαιτήσοιτο
3117 3271 3215 3349 τὴν
3246 3268 3564 3337 ἁντάμειῷιν
3587 3283 3601 3295 °
3643 3267 3708 3318 οὐ
3739 3267 3857 3326 τοῖς

2299 3364 2612 3431 λεγομένοις
2651 3362 2967 3424 ἐνατενίζων
2993 3360 3206 3428 (εὐτελῆ
3233 3360 3341 3428 γὰρ
3369 3356 3604 3428 ἀληθῶς,
3629 3357 3724 3408 καὶ
3754 3358 3857 3408 πάο

2303 3471 2400 3524 σης
2433 3453 2705 3520 ἀγνωσίας
2743 3440 3028 3516 ἀνάπλεα),
3070 3449 3202 3503 ἀλλὰ
3229 3449 3328 3518 τὴν
3361 3447 3456 3500 τοῦ
3487 3446 3856 3528 προσάγοντος

2305 3542 2693 3612 ἀποδεχόμενος
2739 3542 3020 3612 Κυριακὴν
3063 3541 3316 3610 πρόθεσιν
3342 3553 3357 3569 °
3404 3539 3466 3590 οὐ
3505 3538 3612 3607 γὰρ
3655 3535 3856 3605 πλήθει

2307 3631 2490 3703 δώρων
2521 3634 2612 3684 καὶ
2637 3631 2912 3700 καμάτων,
2945 3619 3092 3696 ’ᾁλλὰ
3127 3629 3318 3698 πλήθει
3339 3627 3644 3698 προθέσεως
3670 3625 3857 3712 desii;

2303 3725 2428 3787 τοὺς
2461 3724 2682 3794 μισθοὺς
2709 3725 3012 3778 ἅπώίδωσι.

653 3826 783 3865 vero
829 3812 998 3866 solius
1047 3815 1297 3873 conatus,
1337 3817 1391 3861 et
1439 3807 1642 3882 laboris
1678 3811 1956 3879 puemium
2017 3811 2085 3864 ab
2143 3813 2250 3867 Deo
2283 3815 2594 3868 enixissime
2649 3814 2920 3882 deposcat,
2959 3826 3062 3866 non
3121 3809 3358 3866 intentus’
3409 3809 3567 3865 dictis
3625 3804 3857 3862 nostrisv

656 3909 784 3954 sunt
837 3901 980 3954 enim
1031 3877 1182 3952 rudia
1245 3909 1299 3953 et
1336 3880 1651 3966 ignorantia:
1678 3877 1856 3968 plena,
1891 3905 1985 3957 sed
2011 3913 2243 3962 attentus
2263 3907 2327 3961 ad
2352 3908 2872 3976 promptumluboris
2893 3921 2987 3974 pro
3027 3905 3243 3960 Christo
3260 3903 3522 3989 subeundi
3547 3902 3792 3955 animum
3834 3919 3851 3953 ι

657 4007 832 4060 neque
884 3993 1028 4046 enim
1064 3990 1202 4056 Deus
1250 4005 1533 4043 munerum
1579 3995 1789 4061 copiam
1844 4005 1937 4048 aut
1989 3996 2228 4052 laborum
2272 4001 2703 4070 magnitudinem
2745 4011 2969 4071 spectat,
3021 3999 3114 4056 sed
3154 4000 3387 4054 alacrem
3442 4006 3499 4051 ct
3535 3997 3602 4052 ad
3667 3997 3856 4048 omnia

661 4093 900 4150 paratum
965 4078 1552 4146 volunm’tisleonatum
1583 4082 1796 4150 copiose
1857 4099 2242 4142 remuneratur.

1123 4197 1163 4255 Ρ
1171 4191 1744 4251 RAEFATIUNCULA.

633 4333 636 4337 ’
732 4309 1044 4380 Quicunque
1081 4318 1370 4382 properant
1432 4306 1508 4360 uti
1549 4319 1650 4357 sua
1681 4306 1897 4360 nomina
1928 4306 2202 4363 inlibrum

665 4401 792 4454 vita:
823 4400 1136 4466 referantur,
1179 4405 1264 4458 his
1304 4401 1562 4471 optimam
1605 4399 1858 4486 currendi
1887 4399 2028 4452 viam
2059 4401 2212 4454 volu-

671 4505 796 4546 men
832 4492 933 4546 boc
959 4493 1225 4547 ostendit:
1248 4498 1389 4562 quod
1418 4495 1511 4549 ubi
1531 4491 1904 4553 evolverimus,
1927 4489 2217 4558 deprellen-

671 4587 862 4641 dem'as
888 4586 942 4638 in
974 4600 1042 4638 eo
1104 4577 1384 4648 rationem,
1436 4603 1557 4655 qua:
1575 4586 1730 4656 quasi
1753 4599 1915 4652 manu
1935 4582 2098 4637 ducat
2130 4583 2201 4634 in-

2317 4585 2452 4654 αὐτῇ
2509 4585 2616 4657 γὰρ
2674 4586 2994 4653 διεξιόντες.

673 4688 979 4748 sequentes,
1009 4675 1267 4744 omnique
1302 4678 1461 4729 modo
1511 4678 1808 4745 provideat,
1840 4683 1899 4728 ut
1929 4675 2078 4728 illaesi
2105 4673 2221 4726 nul-

671 4769 780 4822 lum
809 4769 875 4823 ad
920 4783 1108 4823 saxum
1157 4764 1416 4824 offendat.
1439 4768 1651 4832 quando
1697 4766 1851 4821 nobis
1889 4768 2087 4820 scalam
2125 4763 2218 4817 lir-

675 4860 968 4913 missimam
988 4857 1166 4926 erigit,
1185 4871 1290 4925 qua
1309 4856 1379 4907 ab
1426 4856 1653 4908 terrenis
1683 4856 1748 4908 ad
1775 4856 2012 4910 ccelestia
2031 4854 2214 4908 enita-

677 4964 818 5011 mur,
848 4949 1124 5018 Deumque
1170 4939 1328 5001 n-obis
1369 4944 1531 5015 capiti
1559 4941 1963 5001 illius'innixum
1991 4947 2216 5002 demon-

677 5048 848 5102 stret,
877 5055 1062 5107 quam,
1092 5055 1234 5103 reor,
1278 5036 1476 5091 scalam
1515 5031 1679 5088 Jacob
1716 5036 1822 5102 ille,
1855 5039 2095 5092 omnium
2124 5052 2221 5092 cu-

677 5124 957 5195 piditatum
973 5111 1187 5181 eversor
1203 5124 1666 5193 etsupplantator,
1691 5122 1748 5175 in
1774 5126 2035 5196 religiosae
2063 5141 2218 5181 exere

677 5213 954 5270 citationis
983 5214 1180 5288 lectulo
1210 5215 1556 5285 requiescens
1579 5211 1732 5264 vidit.
1762 5210 1871 5282 Age
1894 5229 2023 5285 ergo
2048 5226 2102 5269 et
2120 5229 2220 5268 nos

681 5308 905 5377 impigre
959 5304 1288 5374 ﬁdenterque
1355 5307 1520 5362 hosce
1580 5301 1646 5356 ad
1721 5303 1883 5356 vitam
1939 5307 2213 5359 caelestem

679 5404 938 5456 ducentes
982 5396 1345 5466 docentesque
1411 5399 1570 5452 scala:
1643 5393 1823 5448 radios
1890 5397 2213 5450 conscenda-

682 5504 824 5554 mus,
857 5502 1088 5558 quorum
1115 5486 1321 5556 primus
1345 5490 1489 5541 viam
1515 5487 1805 5541 luculenter
1835 5487 2033 5554 pandit.

754 5601 830 5663 (α)
859 5601 1085 5665 σκιὰζω,
1110 5600 1397 5654 adumbm.

755 5670 828 5737 (li)
860 5672 1116 5739 βαθμοὺς,
1153 5671 1221 5724 ad
1243 5672 1376 5738 ipsos
1405 5668 1615 5736 gradus.

2835 4201 3184 4254 nroaoroz
3213 4201 3307 4270 (ιε).
3337 4181 3352 4196 ”

2379 4299 2609 4375 Τοίςνὲν
2646 4315 2713 4382 τῇ
2749 4312 2912 4383 βίϐλῳ
2951 4315 3046 4384 τῆς
3074 4314 3215 4384 ζωῆς
3242 4317 3300 4368 ὲν
3331 4314 3576 4384 οὐρανοῖς
3610 4313 3848 4390 απογρα-

2313 4401 2476 4470 φῆναι
2501 4404 2568 4456 τὰ
2595 4404 2798 4457 ἑαυτῶν
2828 4405 3060 4475 ὀνόματα
3096 4407 3377 4477 τρέχουσιν
3395 4403 3620 4472 ἁρίπην
3651 4399 3857 4468 δρόμου

2312 4493 2426 4545 ὁδὸν
2472 4496 2506 4563 ἡ
2550 4495 2796 4566 παροῦσα
2841 4497 3016 4566 βίϐλος
3056 4497 3426 4550 ὑποδεικνύειν
3463 4492 3705 4559 πέφυκεν
3735 4506 3750 4519 ο
3799 4491 3857 4541 ἐν

3059 4588 3362 4658 εὑρήσομεν
3417 4579 3856 4652 χειραγωγοῦσαν

2315 4674 2567 4738 ἀπλανῶς
2607 4679 2731 4741 τοὺς
2759 4680 3072 4748 ἑπομένως,
3107 4677 3198 4730 καὶ
3230 4674 3430 4736 παντὸς
3751 4671 3854 4725 ἀπὶ

2318 4767 2517 4834 γηΐνων
2561 4769 2654 4821 ἐπὶ
2694 4772 2762 4822 τὰ
2811 4769 2939 4834 ἅγια
2980 4766 3376 4835 ἐστηριγμένην
3429 4761 3856 4832 προδάλλουσανι

2319 4859 2524 4912 καὶτὸν
2565 4861 2695 4913 Θεὸν
2731 4862 2816 4913 ἐπ’
2849 4852 3028 4928 αὐτῆς
3054 4858 3442 4926 ἐστηριγμένον
3480 4854 3581 4924 τῆς
3613 4855 3856 4923 κορυφῆς

2311 4944 2745 5018 ἐμφανίζουσαν·
2791 4951 2983 5019 ἥνπερ,
3034 4943 3184 5017 οἶμαί
3224 4964 3348 5012 που,
3395 4947 3639 5018 κλίμακα
3686 4948 3782 4998 καὶ
3830 4947 3855 4993 ι’

2317 5041 2638 5110 πτερνιστὴς
2664 5041 2773 5093 τῶν
2800 5037 2986 5090 παθῶν
3029 5036 3221 5090 Ἰακὼὸ
3248 5039 3305 5090 ὲν
3328 5040 3394 5108 τῇ
3431 5039 3704 5108 ἀσκητικῇ
3728 5039 3857 5108 εὐνῇ

2317 5132 2723 5198 ἀναπαυόμενος
2763 5128 3029 5182 τεθέαται.
3079 5127 3217 5181 Ἀλλ’
3264 5127 3540 5198 ἑπιῦῶμεν
3565 5129 3860 5199 προθύμως

2317 5222 2411 5273 καὶ
2443 5223 2667 5287 πιστῶς,
2697 5219 2998 5292 παρακαλῶ
3019 5259 3034 5281 ,
3063 5219 3155 5273 καὶ
3197 5220 3355 5289 ἡμεῖς
3383 5219 3703 5291 τῆςνοερᾶς
3729 5222 3860 5275 ταὺ-

2320 5327 2433 5379 της,
2455 5311 2549 5364 καὶ
2578 5310 2970 5383 οὐρανοδρόμου
3009 5308 3194 5362 ἀνόδου
3219 5325 3233 5339 ο
3284 5305 3352 5381 ἧς
3384 5310 3419 5378 ἡ
3450 5309 3637 5380 πρώτη
3666 5311 3858 5383 βαθμξο

2319 5398 2425 5452 δων
2450 5400 2686 5454 διδάσκει
2718 5397 2776 5454 εὗ
2807 5399 2952 5470 μάλα
2983 5395 3187 5465 σαφῶς.

2397 5606 2465 5677 (τ)
2491 5606 2603 5663 Non
2620 5620 2699 5664 est
2737 5605 2980 5662 Climaci.
