4048 6338
199 370 306 435 633

1221 322 1444 431 SEALA
1484 373 1852 433 PARADISI.
1892 398 1960 411 -
1996 376 2295 437 GIiADUS
2322 378 2364 436 I.

3284 376 3390 439 634

198 482 404 552 μᾶλλον
437 483 494 535 δὲ
525 480 681 544 πλαξὶ
709 484 1094 549 πνευματικαῖς
1115 481 1298 533 τοῦτον
1329 482 1752 545 ἀναπαύσαντες,

1859 484 2019 539 tionis
2058 486 2123 537 ah
2154 486 2266 553 ipsa
2310 500 2497 539 eorum
2531 485 2836 553 cognitione
2866 495 3141 553 acceptum
3185 486 3405 540 submo-

194 572 260 623 τά
291 571 458 626 θεῖκά
484 570 645 642 [θεῖα]
692 572 843 639 λόγια
866 611 880 631 ,
917 571 1115 641 μᾶλλον
1154 571 1210 624 δὲ
1240 574 1528 643 σπέρματα
1557 573 1750 636 διαζω-

195 664 542 731 γραφοῦντες
568 662 813 731 λέγωμεν
844 656 966 716 ὦδε.
1381 658 1386 665 ’

1854 574 1987 628 lcsta
2038 575 2289 644 quidem,
2340 576 2433 630 sed
2478 576 2672 629 illustri
2722 575 2995 644 alacrique
3042 576 3405 631 submissionc

1856 664 2185 729 imbuamus,
2228 677 2389 735 atque
2433 667 2486 719 itt
2517 666 2768 734 expolitis
2800 665 3151 733 candidisque
3188 666 3403 719 illorum

195 757 514 823 pectoribus
536 764 788 825 tanquam
815 754 1163 819 membranis,
1194 754 1358 825 aut3
1390 753 1629 824 mysticis
1687 754 1869 823 potius
1933 756 2131 810 tabulis
2188 773 2512 827 reponamus
2563 757 2799 811 cmlestia
2866 757 3077 811 vivendi
3142 768 3407 826 praecepta

196 856 290 898 aut
320 849 536 902 semina
571 848 749 917 potius
782 846 1144 902 describentes
1177 846 1300 901 hinc
1341 845 1552 899 dicendi
1590 843 1871 898 exordium
1916 845 2199 902 ducamus.

268 938 501 992 Πάντων
529 941 637 992 τῶν
680 940 1121 1010 προαιρουμένων
1151 941 1226 1013 (4)
1255 943 1282 994 6
1308 940 1437 1002 Θεὸς
1470 940 1683 993 πάντων
1716 941 1750 1009 ἡ

196 1030 346 1101 ζωή·
407 1033 618 1085 πάντων
667 1034 699 1101 ή
760 1032 999 1102 σωτηρία
1064 1032 1294 1098 πιστῶν,
1345 1032 1619 1085 ἀπίστων·
1678 1032 1754 1084 δι-

198 1121 398 1185 καίων,
427 1121 647 1174 ἀδίκων·
703 1121 957 1185 εὐσεϐῶν,
1009 1121 1265 1176 ἀσεϐῶνοη
1301 1122 1544 1183 ἀπαθῶν,
1575 1123 1754 1192 ἐμπαο

198 1211 341 1265 θῶν·
386 1213 649 1282 μοναχῶν,
684 1214 994 1283 κοσμικῶν·
1041 1213 1241 1283 σοφῶν,
1266 1214 1488 1268 ἰδιωτῶν
1510 1230 1525 1244 ο
1564 1212 1753 1281 ὑγιῶν,

198 1306 447 1358 ἀσθενῶν
466 1322 480 1337 ο
512 1307 661 1371 νέων,
690 1307 1118 1376 προϐεϐηκότων.
1145 1308 1351 1378 Ὥσπερ
1380 1306 1553 1376 φωτὸς
1581 1305 1753 1374 χύσις,

200 1386 293 1451 καὶ
326 1397 483 1468 ἡλίου
516 1398 631 1454 θέα.
671 1401 764 1451 καὶ
806 1400 979 1470 ἀέρων
1010 1397 1297 1469 ἐναλλαγὴ.
1345 1400 1439 1451 καὶ
1476 1396 1757 1460 ἀλλοίωσις

198 1490 298 1540 οὑκ
341 1489 491 1541 ἔστιν
511 1504 525 1517 ⁸
557 1507 575 1537 ι
598 1489 670 1541 Οὐ
703 1489 809 1557 γὰρ
834 1486 1254 1559 προσωποληιμα
1275 1487 1423 1558 παρὰ
1450 1486 1569 1557 Θεῷ
1596 1486 1692 1557 (5).
1723 1504 1741 1536 ι

214 1579 448 1648 ’Δσεὸἠς
492 1581 657 1641 ἐστιν,
706 1580 865 1648 φύσις
907 1581 1119 1649 λογικῇ,
1160 1578 1347 1650 θνητὴ,
1378 1579 1635 1641 ἑκουσίως
1661 1577 1757 1648 τὴν

202 1672 348 1740 ζωὴν
381 1673 782 1739 ἀποφεύγουσα,
802 1671 894 1724 καὶ
917 1670 1009 1724 τὸν
1035 1671 1233 1724 οἰκεῖον
1263 1670 1524 1739 Ποιητὴν,
1552 1669 1641 1720 τὸν
1669 1668 1758 1721 ἀεὶ

202 1764 350 1825 εντα,
386 1761 484 1815 οὑκ
508 1761 637 1814 ὅντα
675 1759 1016 1831 λογιζομένη.
1060 1760 1377 1831 Παράνομός
1418 1760 1567 1812 ἐστιν
1611 1761 1638 1811 ὁ
1667 1759 1758 1811 τὸν
1790 1741 1829 1795 Β

203 1855 371 1922 νόμον
403 1852 490 1907 τὸν
530 1854 595 1906 ὲκ
624 1851 760 1905 Θεοῦ
797 1853 912 1921 μετ’
942 1851 1145 1914 οἰκείας
1180 1849 1459 1912 κακονοίας
1493 1848 1755 1918 κατέχων,
1804 1848 1809 1853 ’

204 1942 299 1994 καὶ
332 1941 452 2011 μεθ’
484 1941 745 2013 αἱρέσεως
775 1942 1020 2004 ἐναντίας
1049 1941 1320 1994 πιστεύειν
1349 1940 1467 2011 Θεῷ
1500 1938 1754 2008 νομίζων.

206 2035 531 2104 Χριστιανός
560 2037 728 2100 ἐστιν,
762 2035 985 2105 μίμημα
1022 2032 1254 2101 Χριστοῦ
1286 2032 1421 2085 κατὰ
1448 2030 1508 2083 τὸ
1541 2028 1760 2082 δυνατὸν

206 2126 531 2196 ἀνθρώπων,
561 2126 765 2192 λόγοις,
813 2126 906 2178 καὶ
933 2125 1135 2196 ἔργοις,
1187 2125 1278 2177 καὶ
1322 2124 1496 2193 ἐννοίᾳ
1539 2123 1617 2185 εἰς
1662 2120 1760 2188 τὴν

209 2218 370 2285 ἁγίαν
400 2217 600 2288 Τριάδα
621 2216 813 2287 ὀρθῶς,
841 2215 932 2268 καὶ
959 2214 1263 2284 ἀμέμπτως
1305 2213 1593 2265 πιστεύων.
1631 2210 1759 2264 Geo-

208 2310 368 2377 φιλὴς
403 2309 547 2359 ἐστιν
579 2309 607 2359 ὁ
641 2308 853 2359 πάντων
883 2306 989 2359 τῶν
1034 2303 1296 2374 φυσικῶν,
1332 2303 1424 2356 καὶ
1452 2303 1761 2370 ἀναμαρτή-

206 2415 314 2452 των
364 2402 421 2453 ἐν
465 2398 724 2468 μετουσίᾳ
769 2397 1059 2467 ὑπάρχωψ
1096 2394 1327 2448 καὶτῶν
1368 2392 1505 2447 κατὰ
1534 2392 1759 2460 δύναμιν

205 2487 426 2555 ἀγαθῶν
481 2486 554 2557 μὴ
603 2486 839 2555 ἀμελῶν.
901 2486 1199 2555 Ἐγκρατής
1240 2486 1387 2537 ἐστιν
1430 2486 1457 2536 ὁ
1499 2484 1554 2534 ἐν
1613 2480 1759 2550 μέσῳ

209 2579 548 2652 πειρασμῶν,
591 2580 683 2631 καὶ
730 2576 988 2645 παγίδών,
1022 2577 1114 2629 καὶ
1146 2575 1387 2645 θορύϐων
1416 2572 1761 2643 ἀπηλλαγμέ-

206 2689 297 2724 νου
348 2674 579 2741 τρόπους
625 2671 773 2743 πάσῃ
816 2670 1040 2738 δυνάμει
1093 2668 1373 2738 μιμεῖσθαι
1425 2663 1756 2734 φιλονεικῶν.

207 2764 456 2832 Μοναχός
485 2766 650 2827 ἐστιν,
678 2762 828 2826 τάξις
858 2762 948 2815 καὶ
980 2762 1312 2822 κατάστασις
1347 2760 1670 2825 ἀσωμάτων,
1703 2758 1760 2809 ἐν

204 2854 420 2925 σώματι
452 2853 620 2923 ὑλικῷ
666 2854 760 2906 καὶ⁵
804 2853 1028 2922 ῥυπαρῷ
1064 2849 1471 2920 ἐπιτελουμένη.
1512 2850 1760 2917 Μοναχός

206 2951 356 3003 ἐστιν
380 2952 409 3002 6
437 2949 593 3019 μόνον
619 2947 726 3000 τῶν
751 2945 844 2999 τοῦ
882 2943 1015 2997 Θεοῦ
1046 2943 1300 3014 ἐχόμενος
1340 2942 1500 3010 ὅρων,
1543 2940 1636 2992 καὶ
1672 2940 1760 2991 λό-

206 3057 320 3103 γων
350 3042 407 3093 ἐν
450 3039 609 3093 παντὶ
633 3035 832 3108 καιρῷ,
866 3036 958 3089 καὶ
985 3033 1153 3104 τόπῳ,
1190 3033 1284 3087 καὶ
1313 3032 1612 3103 πράγματι.
1647 3031 1758 3083 Μο-

207 3133 367 3201 ναχός
395 3135 541 3183 ἐστιν
572 3129 686 3198 (6)·
732 3129 823 3199 βία
856 3127 1066 3197 φύσεως
1110 3124 1379 3195 διηνεκὴς,
1414 3114 1505 3177 καὶ
1548 3121 1758 3192 φυλακὴ

209 3222 511 3291 αἰσθήσεων
562 3220 874 3289 ἀνελλιπὴς.
936 3218 1183 3288 Μοναχός
1228 3218 1375 3269 ἐστιν
1436 3215 1761 3286 ἡγνισμένον

210 3313 387 3383 σῶμα.
423 3313 514 3366 καὶ
541 3310 950 3382 κεκαθαρμένον
980 3308 1170 3378 στόμα,
1216 3309 1309 3361 καὶ
1354 3306 1759 3377 πεφωτισμένος

208 3406 349 3470 νοῦς.
400 3405 645 3475 Μοναχός
694 3404 842 3455 ἐστιν
894 3399 1194 3462 κατὼὁὺνος
1241 3397 1386 3470 ψυχὴ
1427 3399 1484 3451 ἐν
1523 3397 1760 3467 διηνεκεῖ

211 3501 398 3570 μνήμῃ
440 3498 669 3551 θανάτου
699 3492 1080 3565 ἁὼλεσχοῦσα,
1127 3491 1220 3545 καὶ
1249 3490 1618 3552 ὑπνώττουσα,
1667 3489 1759 3542 καὶ

207 3592 571 3662 γρηγοροῦσα.
640 3586 1009 3659 ’Δναχώρησις
1056 3586 1262 3657 κόσμου
1315 3585 1460 3639 ἐστὶν
1517 3582 1759 3636 ἑκούσιον

213 3685 363 3752 μῖσος
398 3679 792 3749 ἐπαινουμένης
841 3677 992 3747 ὕλης,
1035 3676 1129 3729 καὶ
1176 3676 1250 3746 (7)
1280 3676 1506 3745 ἄρνησις
1547 3674 1759 3743 φύσεως

206 3772 268 3825 δι’
300 3771 579 3840 ἐπιτυχίαν
603 3767 711 3825 τῶν
753 3766 893 3838 ὑπὲρ
922 3767 1082 3836 φύσιν
1114 3765 1210 3836 (8).
1244 3766 1450 3827 Πάντες
1492 3764 1542 3816 oi
1571 3762 1637 3815 τά
1663 3762 1756 3814 τοῦ

209 3867 322 3937 βίου
376 3864 669 3933 προῦύμως
723 3859 1134 3922 καταλιπόντες,
1180 3857 1394 3921 πάντως
1439 3855 1472 3925 ἢ
1518 3854 1605 3907 διὰ
1659 3854 1757 3923 τὴν

209 3958 507 4028 μέλλουσαν
547 3953 847 4024 βασιλείαν
881 3952 913 4024 ἢ
955 3950 1045 4006 διὰ
1079 3949 1278 4022 πλῆθος
1317 3950 1756 4021 ἁμαρτημάτων·

206 4049 237 4120 ἦ
265 4048 352 4103 διὰ
380 4047 475 4118 τὴν
510 4050 590 4111 εἰς
606 4045 735 4101 Θεὸν
761 4045 980 4118 ἀγάπην
1004 4043 1161 4098 τοῦτο
1191 4042 1572 4112 πεποιήκασιν.
1610 4040 1675 4093 Ei
1711 4038 1756 4091 δ’

206 4141 376 4202 οὐδεὶς
414 4138 522 4192 τῶν
570 4138 978 4210 προειρημένων
1021 4134 1237 4188 σκοπῶν
1286 4132 1465 4196 αὑτοῖς
1517 4132 1761 4202 προηγήο

208 4250 367 4296 σατο,
419 4232 612 4299 ἄλογος
668 4233 703 4301 ἡ
758 4233 963 4284 τούτων
1023 4226 1369 4298 ἀναχώρησις
1428 4224 1755 4294 καθέστηκε.

204 4309 347 4395 Πλὴν
394 4322 454 4375 τὺ
502 4319 813 4393 πέραςλιτοῢ
860 4319 1058 4389 δρόμου
1092 4319 1272 4370 ὁποῖον
1321 4316 1677 4387 καθέστηκεν,
1729 4317 1757 4369 6

1923 941 2175 996 Omnium
2212 944 2466 1004 omnino,
2512 942 2603 1010 qui
2651 955 2750 995 suo
2807 940 3033 994 consilio
3084 947 3139 993 et
3183 939 3405 993 arbitrio

1853 1035 2062 1095 vivunt,
2112 1032 2253 1087 Deus
2295 1035 2401 1086 vita
2434 1042 2536 1097 est,
2569 1032 2809 1085 omnium
2842 1030 3009 1095 salus,
3047 1031 3159 1085 sive
3186 1031 3406 1085 credant

1856 1125 2068 1193 aliquod
2116 1140 2339 1185 numen,
2385 1124 2496 1179 sive
2530 1132 2757 1192 negent;
2812 1137 2903 1176 seu
2945 1122 3076 1190 justi
3108 1121 3249 1183 sint,
3294 1121 3407 1175 sive

1856 1218 2118 1289 improbi;
2164 1234 2259 1272 seu
2295 1219 2403 1288 pii,
2438 1222 2570 1293 _sive
2610 1219 2790 1286 impii;
2822 1218 2932 1272 sive
2965 1235 2990 1268 a
3022 1218 3204 1287 pravis
3240 1218 3405 1273 animi

1855 1309 2137 1364 aﬂ‘ectibus
2165 1308 2340 1373 liberi,
2367 1309 2482 1363 sive
2509 1309 2709 1363 eisdem
2741 1308 2998 1374 obnoxii;
3038 1307 3278 1379 religiosi
3310 1325 3407 1364 seu

1853 1400 2091 1471 profani;
2126 1400 2269 1455 docti
2308 1400 2463 1468 juxta
2494 1409 2657 1469 atque
2695 1400 2928 1465 indocti;
2978 1401 3216 1463 valentes
3246 1411 3407 1470 atque

1854 1492 2011 1560 aegri;
2039 1500 2146 1545 tam
2168 1491 2527 1545 adolescentes
2547 1505 2708 1558 quam
2730 1498 2885 1543 aetate
2915 1492 3149 1559 proveCti
3175 1509 3188 1556 ;
3216 1506 3407 1560 quem-

1856 1581 2146 1634 admodum
2181 1583 2362 1635 videre
2398 1590 2481 1634 est
2518 1580 2569 1632 in
2604 1580 2703 1634 hac
2747 1581 3025 1633 communi
3054 1581 3192 1636 lucis
3222 1595 3405 1645 usura,

1857 1672 2093 1741 solisque
2125 1672 2602 1741 contemplatione,
2632 1680 2687 1726 et
2717 1673 2839 1725 coeli
2871 1672 3124 1742 aerisque
3152 1674 3410 1728 varietate

1858 1763 2111 1816 omnibus
2160 1764 2276 1816 sine
2322 1763 2639 1819 discrimine
2684 1764 2974 1834 impertita.
3030 1782 3047 1814 ι
3094 1760 3212 1817 Νοη
3264 1764 3408 1817 enim

1857 1846 2209 1923 personarum
2261 1855 2401 1923 apud
2451 1856 2618 1909 Deum
2663 1864 2747 1909 est
2790 1854 3092 1924 acceptio‘.
3140 1871 3158 1905 ι
3205 1852 3409 1921 Impius

1858 1955 1940 2001 est
1968 1946 2057 2015 qui
2100 1946 2342 1999 mortalis
2370 1946 2610 2013 quidem,
2664 1946 2756 2001 sed
2793 1938 3096 2014 intelligens
3125 1955 3299 1999 tamen
3327 1944 3409 1996 vi-

1860 2046 1967 2091 tam
2025 2050 2174 2091 suam
2232 2034 2446 2106 (Deum)
2491 2038 2635 2090 ultro
2676 2036 2841 2107 fugit,
2887 2037 3071 2092 aeterni
3101 2036 3409 2093 ConditOris

1860 2128 2283 2196 sui'(tanquam
2341 2142 2447 2181 non
2489 2129 2589 2194 sit)
2646 2128 2910 2182 rationem
2972 2129 3175 2181 nullam
3227 2126 3406 2181 habet.

1866 2236 1883 2267 ι
1924 2218 2067 2271 Dixit
2094 2218 2375 2286 insipiens,
2407 2233 2511 2270 non
2540 2228 2621 2272 est
2650 2218 2794 2272 Deus
2818 2219 2857 2273 ¹.
2898 2237 2915 2267 ι
2944 2217 3166 2289 Iniquus
3190 2229 3291 2282 est,
3315 2217 3408 2286 qui

1861 2310 2004 2378 leges
2032 2323 2060 2362 a
2092 2308 2200 2364 Deo
2229 2308 2363 2365 latas
2396 2324 2492 2386 pro
2524 2312 2607 2363 sui
2635 2310 2831 2378 ingenii
2870 2310 3128 2378 pravitate
3159 2311 3224 2362 ad
3250 2323 3409 2362 suum

1862 2409 2077 2468 torquet
2101 2401 2404 2462 cerebrum,
2458 2416 2720 2471 suamque
2746 2414 3053 2469 perversam
3087 2407 3139 2452 et
3166 2414 3411 2467 pugnan-

1859 2498 1963 2543 tem
1998 2504 2118 2542 cum
2148 2488 2261 2558 lege
2297 2490 2476 2542 divina
2514 2490 2770 2553 haeresin,
2815 2504 2910 2560 pro
2953 2490 3064 2558 lege
3091 2496 3151 2566 et,
3171 2485 3411 2540 numinis

1858 2580 2177 2633 auctoritate
2213 2579 2395 2631 habet.
2427 2579 2772 2634 Christianus
2803 2588 2923 2643 est,
2955 2578 3046 2647 qui
3081 2592 3179 2648 pro
3208 2592 3305 2631 sua
3329 2575 3411 2628 vi-
3500 2568 3502 2572 ’
3539 2570 3543 2575 ’

1859 2671 1945 2724 rili
1977 2669 2251 2725 CLristum
2300 2670 2477 2723 verbis
2524 2680 2576 2723 et
2611 2669 2770 2724 factis
2818 2670 3077 2723 imitando
3124 2668 3409 2736 sequitur,

1860 2773 2083 2831 tOIaque
2113 2771 2289 2815 mente
2321 2762 2372 2814 in
2406 2761 2805 2817 sanctissimam
2833 2760 3133 2814 divinitatis
3176 2757 3413 2812 Trinita-

1862 2863 1965 2910 tem
2004 2861 2150 2909 recta
2178 2854 2302 2916 ﬁde,
2334 2855 2450 2909 sine
2473 2868 2657 2908 errore
2684 2862 2738 2908 et
2768 2853 2902 2907 vitio
2942 2851 3130 2908 fertur.
3170 2850 3412 2917 Amicus,
3446 2896 3449 2898 .

1860 2948 1973 3002 sive
2004 2962 2193 3000 amans
2246 2946 2337 2999 Dei
2377 2955 2479 3009 est,
2518 2944 2611 3014 qui
2652 2943 2814 2997 rebus
2852 2941 3106 2997 omnibus
3146 2954 3177 2993 a
3220 2947 3414 2993 natura

1861 3037 2001 3090 datis
2030 3046 2084 3090 et
2114 3036 2227 3105 lege
2251 3038 2531 3106 permissis
2564 3034 2754 3097 utitur,
2788 3048 2887 3086 nec
2916 3032 3054 3086 bona
3087 3046 3206 3099 quae
3238 3028 3416 3083 facere

1861 3139 2037 3199 potest
2092 3128 2469 3199 praetermittit.
2523 3126 2820 3181 Continens
2862 3130 2965 3188 est,
3006 3123 3097 3192 qui
3138 3122 3192 3175 in
3232 3120 3416 3187 medio

1859 3223 2075 3277 turbine
2119 3223 2510 3294 tentatiouuin,
2564 3216 2923 3289 procellisque
2972 3214 3301 3271 tumultuum
3346 3228 3413 3268 ac

1860 3312 2162 3374 turbarum,
2200 3326 2298 3366 nec
2325 3326 2429 3364 non
2460 3309 2669 3365 insidiis
2707 3309 3048 3378 laqueorum,
3095 3319 3274 3362 mores
3295 3304 3415 3374 ejus

1860 3407 1951 3477 qui
1980 3416 2128 3459 extra
2174 3404 2406 3474 pericula
2439 3402 2647 3472 positus
2673 3410 2788 3467 est,
2836 3400 2964 3455 totis
2988 3398 3198 3455 viribus
3238 3397 3419 3453 studet

1861 3499 2083 3553 imitari.
2115 3496 2410 3550 Monachus
2434 3502 2536 3558 est,
2571 3493 2663 3564 qui
2695 3494 2748 3548 iu
2785 3492 3023 3548 terrestri
3056 3498 3108 3547 et
3133 3490 3416 3560 inquiuato

1858 3608 2085 3662 corpore
2114 3601 2368 3661 tanquam
2395 3588 2449 3661 4
2470 3597 2618 3643 extra
2642 3602 2859 3658 corpus,
2890 3585 3190 3643 caelestium
3213 3592 3412 3639 statum

1857 3695 1913 3740 et
1944 3686 2104 3738 vitam
2140 3682 2440 3737 aemulatur.
2481 3678 2775 3735 Monachus
2806 3686 2909 3742 est,
2943 3678 3039 3748 qui
3079 3676 3228 3730 nullo
3276 3683 3414 3729 tem—

1856 3791 2008 3845 pore,
2038 3777 2179 3840 loco,
2210 3773 2444 3839 negotio,
2475 3773 2759 3827 occasione
2792 3784 2822 3821 a
2852 3769 2948 3823 Dei
2991 3778 3151 3831 nutu,
3189 3776 3242 3820 et
3278 3780 3416 3834 pra:-

1858 3868 2025 3935 ceptis
2065 3867 2147 3919 vel
2198 3865 2364 3917 latum
2426 3876 2657 3931 unguem
2695 3860 2917 3915 recedit.
2984 3857 3277 3911 Monachus
3333 3865 3416 3910 est

1861 3958 2129 4013 violentus
2167 3967 2219 4011 et
2269 3956 2524 4010 assiduus
2570 3954 2779 4007 natura:
2816 3952 3081 4015 domitor,
3126 3957 3179 4003 et
3222 3947 3415 4003 incon-

1862 4050 2051 4104 nivens
2084 4046 2414 4118 pervigilque
2446 4060 2705 4102 sensuum
2734 4051 2943 4097 custos.
2985 4038 3278 4094 Monachus
3310 4046 3413 4103 est,

1860 4142 1951 4211 qui
1981 4155 2178 4210 corpus
2219 4142 2511 4201 sanetum,“
2545 4137 2782 4207 linguam
2811 4148 3023 4204 puram,
3072 4124 3415 4196 mentemque

1860 4230 2118 4285 divinitus
2146 4228 2464 4281 illuslt-atam
2495 4225 2673 4279 habet.
2712 4222 3009 4277 Monachus
3032 4230 3133 4282 est,
3159 4216 3253 4286 qui
3280 4217 3415 4287 vigi-

1860 4322 1979 4375 lans
2005 4336 2070 4375 ac
2104 4319 2384 4373 dormiens
2413 4317 2466 4370 in
2494 4316 2717 4371 assiduo
2746 4316 2914 4377 luctu,
2942 4320 2995 4365 et
3019 4309 3211 4364 mortis
3242 4310 3417 4363 medi-

206 4418 364 4482 καλὸς
388 4415 554 4488 ιὴμῶν
592 4411 928 4482 ἀγωνοθέτης
973 4409 1272 4480 ἐκδέχεται.
1302 4409 1593 4479 Μιμείσθω
1634 4411 1662 4463 6
1691 4408 1752 4461 τὸ

1857 4412 2063 4464 tatione
2088 4416 2357 4463 versatur.
2400 4406 2660 4463 Secessus
2691 4404 2758 4457 ab
2798 4400 2997 4456 saeculo
3025 4408 3127 4465 est,
3170 4399 3416 4453 volunta-

204 4505 395 4560 ἑαυτοῦ
449 4505 666 4577 φορτίον
711 4500 819 4555 τῶν
871 4500 1281 4572 ἁμαρτημάτων
1324 4499 1611 4569 πορπίσαι
1661 4489 1754 4551 τοῦ

204 4594 407 4665 κόσμου
433 4592 785 4666 ἐξεληλυθὼς,
815 4592 939 4655 τοὺς
982 4591 1087 4661 πρὸ
1130 4590 1237 4643 τῶν
1287 4587 1364 4659 (9)
1394 4588 1578 4658 τάφων
1625 4576 1756 4641 καθ-

203 4687 434 4757 ημένους
458 4686 563 4750 ἔξω
588 4687 687 4755 τῆς
712 4686 939 4751 πόλεως.
966 4684 1077 4737 Καὶ
1113 4683 1187 4753 μὴ
1210 4681 1482 4751 παύσηται
1506 4683 1614 4735 τῶν
1632 4683 1755 4754 θερ-

206 4780 338 4850 μῶν,
389 4779 484 4832 xui.
527 4777 802 4850 διαπύρων
843 4777 1139 4846 σταγόνων,
1188 4776 1279 4829 καὶ
1311 4774 1539 4844 ἀφώνων
1570 4775 1754 4829 ὀλολυ-

203 4873 357 4942 γμῶν
382 4872 478 4942 τῆς
505 4868 751 4942 καρδίας,
781 4870 885 4949 ἕως
908 4864 967 4923 οὗ
993 4869 1077 4941 ἴδῃ
1108 4869 1200 4921 καί¹
1225 4867 1383 4930 αὐτὸς
1423 4867 1511 4921 τὸν
1549 4868 1753 4938 Ἰησοῦν

202 4964 524 5038 ἐληλυθότα,
569 4963 661 5016 καὶ
710 4960 827 5045 sint)
853 4961 963 5033 (10)
1013 4962 1157 5017 λίθον
1189 4961 1286 5031 τῆς
1351 4960 1646 5033 πυρώσεως
1687 4962 1754 5014 ’ὲκ

202 5060 294 5128 τῆς
355 5056 579 5126 καρδίας
628 5050 1059 5107 ἁποκυλίσαντα·
1121 5054 1213 5107 καὶ
1260 5051 1351 5104 τὸν
1419 5053 1541 5106 νοῦν
1598 5052 1753 5125 ὴμῶν

202 5149 447 5220 Λάζαρον
488 5148 595 5201 τῶν
645 5144 839 5216 σειρῶν
877 5145 986 5200 τῶν
1041 5146 1450 5218 ἁμαρτημάτων
1495 5146 1749 5210 λύσαντα,

203 5241 289 5293 καὶ
336 5240 447 5301 τοῖς
478 5237 765 5306 ὑπουργοῖς
795 5235 1075 5303 ἀγγέλοις,
1105 5236 1314 5290 Λύσατε
1344 5236 1505 5289 αὑτὸν
1546 5240 1609 5291 ἐκ
1643 5237 1750 5293 τῶν

202 5330 407 5395 παθῶν,
436 5331 529 5384 καὶ
555 5329 720 5399 ἆιρετε
748 5328 976 5396 ὑπάγειν
1006 5330 1139 5400 πρὸς
1165 5329 1261 5400 τὴν
1307 5328 1580 5398 μακαρίαν
1612 5329 1749 5383 ἁπά-

200 5421 367 5487 θειαν,
397 5422 743 5476 κελεύσαντα.
777 5420 839 5475 Εί
864 5403 920 5475 δέ
960 5421 1036 5493 μὴ
1067 5422 1259 5485 οὕτως,
1283 5420 1437 5474 οὐδὲν
1462 5422 1745 5494 ὠφέλημα.

202 5514 352 5571 Ὅσοι
382 5516 444 5581 ἐξ
465 5517 512 5584 (1
528 5514 576 5586 ι)
594 5514 889 5584 Αἰγύπτου,
914 5516 1010 5569 καὶ
1033 5517 1125 5571 τοῦ
1153 5515 1349 5587 Φαραῶ
1378 5515 1628 5582 ἐξελθεῖν,
1656 5518 1750 5571 καὶ

203 5610 388 5678 ιὶυγεῖν
434 5606 752 5679 βουλόμεθα,
780 5600 994 5672 πάντως
1026 5608 1265 5671 Μωσέως
1297 5607 1437 5671 τινὸς
1473 5610 1565 5663 καὶ
1590 5598 1749 5681 ἡμεῖς

274 5792 293 5823 ⁸
323 5789 486 5846 Rom.
519 5806 579 5857 ιι,
610 5792 692 5846 Η.
775 5792 793 5823 ³
830 5788 969 5847 Psal.
1011 5808 1131 5859 xm,
1174 5793 1219 5848 Ι.

1854 4506 1992 4557 rium
2044 4502 2301 4558 adversus
2345 4502 2399 4557 id
2436 4516 2624 4561 omne,
2665 4497 2807 4567 quod
2849 4495 3139 4552 saeculares
3168 4493 3412 4567 laudant,

1853 4593 2057 4657 odium,
2086 4608 2149 4647 ac
2177 4593 2341 4648 tutius
2381 4600 2605 4652 naturae,
2637 4598 2856 4657 propter
2894 4601 3046 4657 spem
3079 4599 3260 4641 rerum
3287 4587 3410 4652 qua:

1853 4700 2016 4753 supra
2064 4696 2313 4739 naturam
2370 4689 2515 4743 sunt,
2577 4680 2867 4734 abdicatio.
2925 4677 3125 4732 Omnes
3148 4674 3238 4745 qui
3272 4688 3414 4741 pra:-

1812 4806 1815 4809 -
1853 4778 2022 4832 sentis
2063 4779 2187 4833 vitae
2230 4772 2515 4831 commoda
2555 4782 2747 4843 sponte
2791 4778 3143 4842 prompteque
3195 4765 3410 4835 abjece-

1851 4880 1997 4933 runt,
2031 4870 2080 4921 id
2114 4868 2193 4921 vel
2226 4866 2295 4920 ob
2330 4880 2479 4934 spem
2512 4862 2682 4919 futuri
2721 4862 2905 4934 regni;
2930 4860 3014 4914 vel
3034 4861 3105 4913 ob
3132 4858 3407 4925 ingentem

1851 4960 2122 5026 sarcinam
2155 4968 2537 5026 peccatorum;
2579 4957 2657 5011 vel
2683 4964 2904 5027 propter
2935 4950 3028 5005 Dei
3054 4949 3255 5004 summi
3280 4950 3403 5004 boni

1851 5064 2090 5105 amorem
2134 5049 2399 5105 fecerunt.
2452 5050 2553 5117 Qui
2589 5050 2790 5104 nullam
2832 5061 2897 5099 ex
2944 5044 3029 5099 his
3071 5044 3404 5113 propositam

1849 5140 2039 5196 habuit
2064 5148 2283 5204 metam,
2306 5140 2371 5205 is,
2404 5140 2558 5208 quasi
2583 5138 2727 5192 nulla
2757 5136 2952 5189 ductus
2978 5134 3211 5199 ratione,
3238 5132 3407 5185 vitam

1849 5232 2087 5287 deseruit
2132 5246 2495 5287 communem.
2546 5230 2648 5284 Sed
2696 5228 2841 5282 enim
2888 5227 3011 5296 pius
3040 5226 3409 5297 agonistarum

1847 5326 2186 5379 munerarius
2215 5326 2376 5386 Deus,
2400 5335 2723 5393 quocunque
2747 5320 2855 5374 tine
2880 5328 3076 5374 metam
3100 5313 3397 5383 attigerint,

1845 5429 2066 5468 cursum
2104 5414 2369 5483 religiosae
2407 5414 2528 5466 vitze
2557 5420 2735 5465 ratum
2770 5410 2949 5463 habet.
2985 5404 3243 5474 Quisquis
3273 5412 3391 5455 tur-

1846 5515 1942 5569 bas
1974 5516 2155 5570 szeculi
2183 5527 2433 5585 egressus
2461 5520 2563 5578 est,
2610 5526 2750 5567 onus
2794 5518 3135 5579 peccatorum
3181 5517 3405 5558 suorum

1853 5616 2149 5688 positurus,
2181 5616 2420 5671 imitetur
2467 5613 2619 5681 illos,
2658 5615 2749 5685 qui
2804 5606 3223 5680 (lamentantes)
3254 5618 3406 5664 extra
