4048 6338
566 361 667 417 61'.

1724 394 1725 397 η
1797 361 1854 418 ς.
1887 359 2199 418 JOAN‘NIS
2219 361 2522 423 CLIMACI

3659 380 3763 445 E36

567 470 753 522 urbem
790 468 856 522 ad
894 478 1229 521 mortuorum
1258 467 1495 521 tumulos
1540 468 1797 533 resident,
1830 484 1928 524 nec
1955 472 2105 538 prius

2208 460 2426 538 με’σίτου
2475 475 2610 541 πρὸς
2650 476 2800 535 θεδν,
2844 480 2936 532 καὶ
2982 480 3117 548 μετὰ
3148 482 3280 535 Θεὸν
3324 487 3585 556 δεόμεθα,
3613 493 3763 555 ὅπως

564 567 852 621 calentium
872 565 1301 635 l‘crveutiutnque
1317 567 1674 636 lacrymarum
1689 567 1914 622 imbrem
1931 569 2109 634 sistat,

566 675 663 712 nec
678 676 707 712 a
737 660 915 713 tacitis
933 660 1201 721 lamentis,
1224 658 1338 711 sive
1356 657 1645 726 ejulatibus
1663 668 1857 716 cesset.
1879 675 2043 730 quam
2059 670 2114 715 et

567 753 679 819 ipse
702 749 885 803 Jesum
909 750 973 802 ad
992 764 1050 803 se
1076 750 1397 812 venientem,
1423 765 1719 818 saxumque
1744 751 2114 805 obdurationis

564 840 777 895 aeorde
813 856 912 894 suo
947 841 1289 893 amolientem
1315 851 1519 903 cernat,
1555 843 1645 909 qui
1684 840 1969 904 Lazarum,
2009 844 2113 897 hoc

562 945 647 987 est
662 942 898 987 mentem
919 942 1178 994 nostram,
1195 948 1222 983 a
1244 932 1473 985 vinculis
1492 939 1827 1002 peccatorum
1840 934 2110 1003 expediat,

564 1023 615 1092 5
634 1024 1003 1091 ministrisque
1020 1023 1330 1077 cuélcstihus
1349 1023 1477 1074 illud
1497 1024 1743 1092 imperet:
1770 1024 1972 1080 Solvite
1987 1039 2109 1078 cum

562 1116 633 1167 ab
654 1115 907 1168 ninnihus
932 1114 1095 1167 animi
1136 1114 1756 1183 perturbationibus,"et
1790 1116 1855 1169 ad
1901 1118 2109 1172 beatam

564 1210 759 1261 mentis
781 1208 1219 1274 tranquillitatem
1243 1207 1312 1260 ab
1328 1208 1472 1259 omni
1491 1208 1741 1261 vitiorum
1767 1211 1953 1263 morbo
1976 1210 2111 1263 libe-

562 1315 683 1351 rutn
704 1298 937 1351 transire
960 1297 1138 1350 sinite.
1170 1294 1280 1349 lloc
1302 1296 1392 1364 qui
1419 1312 1523 1349 non
1551 1282 1677 1367 agit;
1710 1299 1842 1352 nihil
1864 1299 1994 1369 agit,
2016 1300 2110 1353 sed

562 1394 716 1459 plane
746 1392 945 1444 frustra
962 1402 1062 1444 est.
1092 1389 1324 1442 Omnino
1344 1391 1652 1460 quicunque
1672 1407 1736 1445 ex
1763 1392 1994 1460 Aigypto
2014 1408 2108 1447 ex-

560 1484 750 1536 cedere
768 1523 783 1545 ,
818 1493 872 1535 ct
900 1480 1229 1536 Pharaonem
1259 1484 1491 1551 ell‘ugere
1515 1497 1764 1537 conatum
1793 1522 1807 1545 ,
1840 1482 1985 1536 Mose
2010 1486 2110 1541 ali-

559 1588 670 1641 quo
697 1573 941 1634 ductore,
964 1574 1055 1641 qui
1094 1589 1192 1626 nos
1224 1574 1361 1628 inter
1392 1590 1455 1627 ac
1482 1572 1667 1636 Deum,
1694 1583 1747 1626 et
1772 1584 1890 1641 post
1920 1573 2104 1638 Deum,

560 1676 838 1732 sequester
872 1666 962 1726 sit,
1012 1664 1338 1731 indigemus;
1384 1665 1473 1733 qui
1513 1662 1724 1718 medius
1764 1664 1902 1718 inter
1931 1666 2107 1720 studia

559 1755 789 1808 actionis
833 1764 885 1807 rt
929 1756 1398 1823 contemplationis
1452 1769 1736 1825 perstans.
1792 1772 1985 1812 manus
2040 1759 2106 1812 ad

561 1844 727 1897 lleum
756 1846 1021 1913 expendat
1049 1866 1061 1897 2
1105 1846 1261 1913 cujus
1286 1847 1541 1916 auspiciis
1567 1848 1659 1915 qui
1683 1848 1955 1901 ducuntur
1974 1891 1988 1913 ,
2028 1850 2107 1902 in-

560 1936 757 1990 festum
796 1948 1135 2004 peccatorum:
1187 1953 1333 1991 mare
1362 1938 1665 2006 trajiciant,
1708 1947 1763 1992 ct
1802 1938 2106 1993 Amaleccm

560 2028 912 2096 pessimarum
953 2028 1305 2095 cupiditatum
1351 2029 1627 2082 dominum
1669 2038 1815 2097 terga
1857 2030 1987 2083 dare
2017 2044 2109 2085 co-

558 2128 705 2188 gant.
731 2118 1091 2183 Quamobrem
1127 2119 1277 2172 valde
1304 2120 1506 2188 decepti
1543 2130 1697 2181 sunt,
1722 2123 1814 2189 qui
1846 2122 1947 2175 sibi
1976 2138 2110 2191 pra:-

559 2212 795 2265 sidentes
842 2212 989 2264 nullo
1026 2213 1123 2264 via:
1160 2212 1294 2265 duce
1343 2212 1445 2265 sibi
1488 2227 1625 2279 Opus
1672 2227 1791 2266 esse
1832 2215 2106 2269 existima-

559 2310 769 2353 verunt.
802 2300 905 2364 Qui
940 2298 1229 2369 Egyptum
1259 2311 1385 2353 sunt
1413 2301 1634 2368 egressi,
1670 2300 1849 2356 Mosen
1875 2320 1890 2369 ;
1921 2305 2010 2373 qui
2044 2320 2106 2358 ex

558 2391 850 2456 Sodomis,
894 2392 1142 2460 angelum
1187 2391 1419 2444 habuere
1446 2392 1746 2446 ductorem.
1783 2392 1848 2448 Et
1890 2396 2106 2464 quidem

555 2483 648 2536 alii
678 2484 844 2535 animi
876 2484 1002 2536 vitia
1032 2482 1268 2536 adhibita
1308 2483 1636 2536 medicorum
1682 2499 1811 2537 cura
1862 2485 2105 2538 sananti-

556 2576 657 2629 bus
689 2576 894 2629 similes
923 2584 1089 2638 sunt;
1130 2575 1428 2643 cujusmodi
1464 2586 1620 2641 sunt,
1660 2576 1751 2645 qui
1781 2592 1845 2630 ex
1878 2576 2107 2648 lEgypto

556 2665 1007 2734 proﬁciscuntur;
1048 2668 1135 2720 alii
1165 2682 1293 2721 vero
1323 2667 1505 2721 miseri
1539 2667 1783 2734 corporis
1804 2668 1988 2721 sordes
2013 2669 2108 2721 ab-

554 2767 788 2825 stergere
820 2758 1073 2825 cupiunt;
1109 2759 1159 2811 hi
1198 2759 1375 2812 cmlite
1396 2798 1409 2819 ,
1438 2767 1529 2810 aut
1556 2767 1701 2811 certe
1728 2758 1974 2821 homine,
2014 2761 2106 2826 qui

553 2846 847 2907 cmlitihus,
884 2855 942 2898 ut
974 2847 1051 2900 sic
1078 2848 1287 2917 loquar,
1321 2864 1415 2917 par
1446 2848 1536 2903 sit.
1569 2846 1808 2916 indigent
1838 2848 2103 2916 adjutore.

554 2936 688 2989 Nam
725 2953 821 3005 pro
852 2938 1059 2991 ratione
1087 2940 1370 2991 vulnerum
1405 2938 1543 2991 foeda
1580 2948 1917 3007 peccatorqu
1957 2941 2107 2994 sanie

555 3029 877 3081 scatentium
904 3066 920 3090 ,
956 3027 1263 3080 vulnerario
1295 3038 1347 3081 et
1384 3027 1591 3081 medico
1618 3028 1939 3097 indigemus.
1968 3028 2107 3083 Ulti-

554 3135 681 3174 mus
722 3134 854 3173 sane
885 3130 1144 3182 conatus,
1174 3134 1299 3173 cum
1335 3129 1535 3173 aeterno
1574 3119 1816 3174 laborum
1867 3130 1922 3175 et
1969 3122 2104 3175 allli-
2132 3136 2176 3194 ο

553 3210 795 3263 ctiouum
824 3208 1005 3263 studio
1042 3210 1379 3264 adhibendus
1406 3220 1488 3263 est
1519 3210 1586 3262 iis
1610 3249 1625 3273 ,
1664 3212 1752 3279 qni
1785 3227 1907 3265 cum
1943 3228 2110 3266 onere

553 3303 799 3371 corporis
840 3302 943 3356 iter
982 3302 1279 3355 moliuntur
1326 3303 1379 3354 in
1426 3301 1621 3355 etelum
1661 3321 1674 3355 :
1708 3304 2005 3371 przesertim
2054 3306 2106 3359 in

557 3395 675 3464 ipso
706 3394 943 3462 religiosi
976 3392 1212 3456 tirocinii
1238 3392 1481 3454 exordio,
1506 3393 1684 3460 quoad
1710 3393 1917 3449 deliciis
1948 3396 2106 3449 inuu-

556 3483 682 3535 trita
720 3490 775 3535 et
828 3480 1039 3550 stupida
1071 3478 1234 3531 animi
1265 3477 1547 3541 vecordia,
1581 3494 1673 3546 per
1697 3480 2109 3534 testatissimum

556 3573 884 3642 pmnitentia:
916 3572 1117 3626 luctum
1150 3569 1356 3625 cmlesti
1388 3567 1636 3623 Numinis
1670 3584 1854 3624 amore
1900 3570 2109 3624 inﬂam-

557 3676 755 3728 metur,
780 3666 1221 3731 etnendeturque.
1274 3662 1330 3731 6
1370 3660 1515 3731 Opus
1541 3674 1621 3717 est
1645 3700 1661 3726 ,
1692 3664 1947 3731 inquam,
1975 3680 2109 3732 opus

557 3768 744 3831 revera
785 3754 986 3824 ingenti
1027 3754 1211 3807 labore
1235 3793 1249 3817 ,
1295 3753 1569 3821 multaque
1600 3762 1653 3806 et
1686 3755 1894 3807 occulta
1942 3756 2106 3808 animi

494 3902 497 3905 .
556 3845 847 3901 aﬂlictione
890 3847 1160 3914 (maxime
1200 3846 1265 3898 iis
1307 3844 1398 3913 qui
1439 3845 1558 3898 sine
1596 3844 1700 3897 ulla
1744 3858 1873 3898 cura
1921 3847 2109 3902 salutis

555 3937 733 3992 vivere
752 3942 1197 4001 consueverunt),
1211 3937 1382 3989 donec
1402 3935 1567 3989 animi
1589 3932 2107 4008 sensum,‘tanquam

553 4045 745 4084 canem
775 4029 1091 4092 macellum,
1127 4043 1222 4082 seu
1257 4026 1493 4080 culinam
1528 4028 1792 4095 olentem',
1823 4040 1877 4085 et
1902 4030 2107 4085 latrati-

555 4124 657 4176 bus
677 4131 976 4183 assuetum.
1009 4136 1105 4190 per
1130 4120 1527 4189 simplicitatem
1560 4135 1933 4191 summamque
1958 4139 2108 4177 man-

554 4214 916 4277 suetudinem,
944 4225 998 4267 ct
1025 4213 1356 4279 diligentiam
1388 4212 1455 4266 ad
1490 4228 1679 4282 puram
1714 4214 2101 4270 continentiam

553 4320 849 4373 curamque
886 4305 1078 4359 salutis
1122 4302 1493 4359 traducamus.
1537 4303 1828 4360 Enimvero
1876 4306 2108 4361 lldamus

557 4396 700 4467 Deo,
732 4396 1045 4462 quicunque
1078 4391 1284 4446 morbis
1312 4392 1513 4455 animi,
1552 4392 1816 4461 malisque
1836 4393 2105 4461 cupidita-

2211 576 2269 611 τε
2322 560 2461 630 ὑπὲρ
2495 564 2651 632 ἡμῶν
2702 568 2860 634 μέσος
2910 570 3175 639 πράξεως,
3210 574 3300 627 καὶ
3333 576 3563 648 Θεωρίας
3591 584 3765 647 ἑστὼς

2209 655 2309 713 τάξ
2335 656 2520 724 χεῖρας
2546 656 2680 723 πρὸς
2709 658 2839 712 Θεὸν
2869 662 3116 727 ἐκτείνοι,
3156 666 3242 720 ἵνα
3281 671 3329 720 οἰ
3364 673 3763 743 κεθοδηγούμε-

2208 759 2289 794 νοι
2320 746 2419 813 τήν
2459 762 2518 797 τε
2561 748 2828 802 θάλασσαν
2867 752 2973 805 τῶν
3016 756 3423 828 ἁμαρτημάτων
3454 768 3757 835 περᾶσωσι.

2211 834 2305 886 καὶ
2334 836 2421 888 τὸν
2460 840 2701 909 ’Δμαλὴκ
2728 842 2834 894 τῶν
2860 846 3047 897 παθῶν
3081 848 3485 916 τροπὼσωνται.
3530 834 3766 929 Ἦπατή-

2210 927 2383 997 θησαν
2409 932 2583 986 τοίνυν
2626 935 2675 986 οξ
2723 936 2947 999 ἑαυτοὺς
2995 940 3349 1009 ἀποδιδόντες,
3399 946 3493 1000 καὶ
3536 927 3765 1020 μηδενὸς

2210 1019 2303 1071 τού
2333 1026 2739 1093 προηγουμένου
2767 1028 2987 1098 χρῄζειν
3025 1031 3436 1102 ὑπονοήσαντες.
3468 1040 3531 1092 Oi
3573 1019 3671 1109 μὲν
3702 1042 3766 1107 ἒξ

2211 1110 2321 1179 (l2)
2354 1113 2625 1179 Αἰγύπτου
2661 1118 2908 1185 ἐξιόντες,
2958 1122 3191 1175 θίωσὲαο
3236 1127 3287 1178 οί
3317 1127 3372 1181 δὲ
3417 1131 3482 1181 ἐκ
3513 1131 3764 1201 Σοδόμων

2209 1204 2555 1270 ἐκφυγόντες,
2580 1207 2806 1275 ἄγγελον
2829 1212 2919 1265 τὸν
2944 1213 3283 1284 καθηγοῦντα
3318 1221 3625 1288 ἐκέκτηντο.
3650 1226 3765 1278 Καὶ

2209 1294 2257 1343 οἱ
2292 1294 2391 1361 μὲν
2414 1299 2525 1360 τοῖς
2550 1299 2616 1351 τα
2644 1300 2847 1383 ψυχικά
2893 1304 3039 1375 παθη
3070 1306 3316 1377 ἰωμένοις
3338 1311 3408 1363 δι’
3444 1314 3763 1383 ἐπιμελείας

2213 1386 2409 1453 ἰατρῶν
2437 1389 2694 1452 εοίκατιν,
2724 1386 2915 1458 οἴτινές
2944 1398 3081 1449 εἰσιν
3104 1399 3153 1450 οἱ
3194 1399 3253 1465 ἐξ
3293 1402 3565 1469 Αἰγύπτου
3601 1406 3763 1458 ἐκπο-

2214 1477 2510 1546 ρευόμενοι.
2560 1483 2621 1534 Οί
2658 1483 2715 1535 δὲ
2761 1486 2859 1555 τὴν
2906 1486 3001 1538 σού
3042 1489 3300 1561 δυστήνου
3347 1492 3593 1563 σώματος
3622 1498 3767 1551 ἀκα-

2211 1567 2437 1637 θαρσίαν
2485 1573 2829 1628 ἐπιποθοῦσιν
2863 1577 3203 1634 ἐκδύσασθαι.
3252 1584 3343 1637 Διὸ
3382 1586 3475 1637 καὶ
3507 1587 3761 1654 ἀγγέλου,

2211 1656 2241 1721 ἦ
2272 1658 2400 1723 γοῦν
2432 1663 2734 1729 ἰταγγὲλου,
2770 1666 2853 1719 ἵνα
2880 1666 3051 1732 οὓτως
3083 1672 3240 1736 είπω,
3269 1673 3361 1726 τοῦ
3392 1675 3761 1745 συμϐοηθοῶ-
3804 1726 3807 1727 ν

2208 1762 2299 1809 τος
2330 1750 2646 1807 ἐπιδέονται.
2678 1756 2787 1809 Καὶ
2814 1757 2919 1825 γὰρ
2950 1748 3350 1831 τὴν’σηπεδόνα
3381 1766 3490 1818 τῶν
3516 1770 3737 1838 τραυμά
3762 1802 3765 1805 λ

2212 1854 2337 1900 των,
2373 1843 2615 1909 τεχνίτου
2645 1844 2779 1911 λίαν,
2802 1849 2895 1900 καὶ
2918 1849 3099 1921 ἰατροῦ
3127 1853 3447 1923 ἐπιδέομεθα
3475 1859 3607 1927 (13).
3629 1859 3765 1923 Βίας

2210 1928 2424 1999 ἀληθῶς
2470 1936 2563 1986 καὶ
2604 1937 2895 1992 ἀπαύστων
2924 1941 3123 1996 ὀδυνῶν
3160 1946 3208 1997 οἰ
3241 1947 3321 2009 εἰς
3352 1947 3576 2020 οὐρανὸν
3624 1955 3765 2021 μετά
3830 2004 3839 2013 ,

2212 2020 2461 2114 σώματος
2493 2025 2731 2080 ἀνελθεῖν
2759 2020 3199 2103 ἐπιχειρήσαντες
3233 2036 3444 2091 δέονται
3466 2059 3481 2073 υ
3524 2020 3633 2113 καὶ.
3655 2035 3764 2114 μά-

2208 2112 2363 2167 λιστα
2392 2116 2449 2167 ἐν
2479 2120 2779 2189 προοιμίοις
2809 2123 2992 2185 αὐτοῖς
3036 2125 3138 2194 τῆς
3167 2128 3445 2200 ἀποταγῆς
3468 2147 3484 2161 ·
3514 2112 3672 2203 ἄχρις
3700 2129 3766 2189 οὗ

2208 2205 2269 2259 τὸ
2296 2206 2575 2276 φιλήδονον
2607 2212 2635 2279 ή
2647 2212 2759 2277 μῶν
2789 2208 2917 2283 ἦθος
2949 2216 3043 2268 καὶ
3072 2217 3371 2290 ἀνάλγητος
3421 2223 3633 2292 καρδία,
3682 2228 3766 2286 εἰς

2209 2296 2503 2362 φιλοθεΐαν,
2534 2302 2627 2353 καὶ
2660 2303 2916 2375 ἁγνισμὸν
2959 2307 3047 2360 διὰ
3080 2309 3305 2374 πένθους
3351 2313 3613 2383 ἐναργοῦς
3657 2334 3763 2370 κα-

2207 2389 2535 2446 τασταθῶσι.
2586 2392 2795 2462 Μόχθος
2822 2394 2927 2465 γὰρ
2970 2397 3154 2461 ὅντως,
3196 2400 3408 2469 μόχθος,
3456 2404 3550 2456 καὶ
3594 2404 3763 2476 πολλὴ

2209 2478 2303 2530 καὶ
2349 2479 2578 2548 ἀόρατος
2610 2484 2643 2551 ἡ
2689 2485 2914 2553 πικρία,
2960 2487 3052 2537 καὶ
3108 2487 3338 2556 μάλιστα
3379 2488 3493 2553 τοίς
3544 2492 3760 2561 ἀμελῶς

2206 2565 2584 2635 διακειμένοις,
2615 2570 2770 2639 ἄχρις
2812 2567 2871 2625 οὗ
2907 2573 2995 2625 τὸν
3040 2575 3426 2645 ψιλομακελλον
3457 2578 3591 2632 κύνα
3614 2580 3760 2641 νοῦν.

2207 2658 2303 2709 καὶ
2331 2656 2674 2728 φιλόὸρομον,
2710 2662 2963 2731 φίλαγνὸν
2982 2681 3101 2719 τινα
3128 2669 3220 2720 καὶ
3252 2668 3661 2737 φιλεπίσκοπον.
3693 2671 3765 2725 δι’

2208 2746 2525 2817 ἁπλότητος,
2574 2750 2668 2802 καὶ
2711 2753 3005 2823 ἁοργησίας
3037 2756 3277 2825 βαθείας,
3311 2761 3419 2812 και
3451 2761 3765 2831 ἐπιμελείας

2209 2840 2535 2910 ποιήσωμεν.
2574 2841 2717 2913 Πλὴν
2743 2843 3030 2916 θαρσῶμεν
3057 2850 3106 2901 οἱ
3134 2850 3438 2919 ἐμπαθεῖς,
3485 2855 3578 2906 καὶ
3623 2854 3754 2908 ἀδυ-
3828 2865 3838 2874 ”

2208 2930 2448 2996 ναμενοι,
2484 2931 2661 2985 πίστει
2696 2934 2994 3006 ἀδιστάκτῳ
3025 2939 3123 3009 τὴν
3149 2940 3421 3011 ἡμετέραν
3446 2942 3749 3003 ἀσθένειαν.

2208 3018 2301 3070 καὶ
2347 3019 2582 3091 ψυχικὴν
2628 3022 2921 3093 ἀδυναμίαν
2970 3028 3037 3097 τῇ
3076 3028 3217 3097 χειρὶ
3264 3028 3458 3100 ημῶν,
3508 3034 3574 3102 τῇ
3613 3032 3765 3103 δεξιᾷ

2207 3110 2426 3181 Χριστῷ
2478 3113 2906 3184 προσφέροντες,
2962 3120 3065 3171 καὶ·
3109 3114 3633 3191 ἐξομολογούμενοι(
3667 3128 3764 3178 καὶ

2210 3202 2426 3264 πάντως
2467 3206 2564 3274 τὴν
2607 3205 2769 3259 αὐτοῦ
2801 3206 3068 3278 βοήθειαν,
3120 3213 3215 3265 καὶ
3261 3213 3400 3284 ὑπὲρ
3429 3214 3525 3284 τὴν
3554 3215 3764 3267 ἑαυτῶν

2210 3294 2365 3358 ἀξίαν
2394 3297 2731 3366 κομιζόμεθα
2754 3317 2768 3331 ·
2801 3300 2860 3352 ἐν
2889 3298 3034 3370 βυθῷ
3061 3302 3241 3372 μέντοι
3271 3305 3763 3377 ταπεινοφροσύνης

2209 3387 2429 3449 ἑαυτοὺς
2460 3386 2716 3457 διηνεκῶς
2744 3391 3157 3460 καταφέροντες.
3192 3393 3606 3450 Γινωσκέτωσαν
3626 3396 3761 3450 πάνο

2208 3493 2299 3537 τες
2340 3477 2390 3528 οἱ
2433 3478 2491 3529 ἐν
2531 3478 2609 3547 τῷ
2643 3479 2788 3550 καλῷ
2839 3482 3007 3548 ἀγῶνι
3050 3483 3223 3554 τούτῳ
3266 3484 3344 3554 τῷ
3376 3486 3487 3556 (14)
3518 3488 3760 3559 σκληρῷ.

2208 3570 2305 3619 καὶ
2347 3568 2538 3637 στενῷ,
2581 3571 2675 3622 καὶ
2716 3571 2935 3641 ἐλαφρῷ
2966 3574 3411 3645 προσερχόμενοι,
3438 3578 3511 3642 ὡς
3540 3580 3620 3643 εἰς
3649 3579 3761 3652 πῦρ

2209 3658 2674 3728 προσεληλύθασιν
2747 3663 3088 3733 εἰσπηδῆσαι,
3136 3666 3293 3737 εἰπερ
3344 3666 3454 3736 πῦρ
3500 3667 3660 3721 ἂῦλον
3703 3672 3762 3724 ἐν

2210 3750 2418 3812 ἑαυτοῖς
2440 3750 2716 3820 ἐνοικῆσαι
2742 3753 3066 3824 ἐκδέχονται.
3091 3755 3438 3825 Δοκιμαζέτω
3456 3755 3512 3810 δὲ
3535 3758 3761 3823 ἕκαστος

2209 3840 2423 3904 ἐαυτὸν,
2453 3841 2547 3893 καὶ
2570 3838 2668 3894 εἷθ’
2694 3840 2865 3906 οὕτως
2895 3845 2960 3896 ἐκ
2990 3843 3083 3896 τοῦ
3114 3844 3278 3916 ἄρτου
3310 3846 3476 3916 αὐτῆς
3503 3849 3598 3902 τοῦ
3622 3852 3763 3919 μετά

2211 3931 2491 4003 πικρίδων,
2532 3935 2624 3987 καὶ
2654 3935 2718 3987 ἐκ
2747 3935 2840 3987 τοῦ
2872 3934 3130 4005 ποτηρίου
3161 3937 3333 4009 αὐτῆς
3374 3936 3469 3991 τοῦ
3500 3940 3635 4009 μετά
3664 3940 3763 3994 δα-

2210 4023 2391 4089 κρύων
2439 4022 2698 4085 ἐσθιέτω.
2752 4024 2846 4078 καὶ
2900 4026 3128 4090 πινέτω,
3178 4028 3267 4081 ἵνα
3319 4029 3393 4099 μὴ
3448 4031 3529 4092 εἰς
3588 4034 3764 4101 κρῖμα

2208 4109 2385 4179 ἐαυτῷ
2417 4112 2794 4180 στρατεύηται.
2836 4113 2893 4167 El
2925 4115 2984 4167 οὐ
3031 4117 3137 4179 πᾶς
3167 4117 3197 4169 ὁ
3227 4117 3338 4186 (l5)
3372 4117 3763 4190 βαπτιζόμενος

2210 4201 2496 4269 σέσωσται,
2525 4204 2586 4256 τὸ
2613 4204 2738 4274 ἐξῆς
2765 4197 3149 4278 ’σιωπήσομαι,
3197 4207 3373 4262 πάντα
3418 4210 3762 4281 ἀπαρνήσον-

2208 4308 2319 4355 ται,
2346 4292 2522 4345 πάντα
2550 4297 3050 4366 καταφρονήσουσι*
3071 4298 3245 4350 πάντα
3272 4300 3759 4368 καταγελάσονται’

2210 4384 2388 4436 πάντα
2434 4385 2799 4449 ἐκτινάξονται
2868 4388 2917 4440 οί
2965 4390 3416 4459 προσερχόμενοι,
3466 4392 3552 4444 ἵνα
3598 4392 3763 4445 καλὸν

555 4488 701 4539 tibus
724 4483 945 4538 obnoxii
977 4499 1169 4538 sumus
1192 4523 1206 4547 ,
1231 4482 1883 4551 quamvisitnbecillitatis
1912 4493 2108 4537 nostra:

2210 4474 2456 4545 θεμέλιον
2503 4477 2929 4534 καταϐἀλωνται.
2979 4479 3156 4543 Καλὸς
3202 4483 3452 4551 τρίδομος
3501 4484 3594 4537 καὶ
3643 4487 3764 4555 τρί-

556 4579 710 4633 nobis
735 4576 961 4641 conscii,
986 4576 1400 4645 certissimaqne
1423 4575 1526 4630 [ide
1555 4574 1689 4638 nixi,
1720 4573 1919 4629 fractas
1940 4574 2105 4628 animi

556 4679 867 4738 natumque
889 4668 1031 4723 vires
1053 4707 1069 4731 ,
1093 4666 1236 4721 haud
1266 4666 1486 4721 inllciati
1512 4665 1672 4720 simul
1702 4664 1980 4719 mollitiem
2006 4680 2106 4718 no-

555 4772 747 4823 stram,
776 4770 1028 4828 protensa
1062 4759 1253 4813 dextra
1285 4758 1503 4812 Christo
1528 4758 1837 4822 oneramus,
1865 4764 1919 4810 et
1947 4771 2106 4825 para—

556 4851 818 4905 tissimatn
858 4865 1053 4919 opem,
1088 4849 1439 4917 quantumvis
1477 4846 1699 4916 indigni,
1733 4844 2103 4915 experiemur;

554 4941 851 4997 dummodo
894 4955 994 4996 nos
1034 4948 1293 5010 perpetuo
1331 4940 1386 4993 in
1432 4938 1754 5009 profundum
1787 4936 2108 4993 humilitatis

555 5036 951 5102 demergamus.
985 5032 1284 5101 Iutelligant
1301 5042 1511 5095 omnes,
1539 5031 1848 5101 quicunque
1874 5032 1940 5085 ad
1972 5045 2109 5099 pne-

555 5126 801 5187 clarum,
846 5124 941 5179 sed
971 5124 1167 5177 durum
1197 5125 1533 5192 arduumque
1565 5122 1745 5192 (quod
1775 5136 1876 5189 ope
1926 5131 2105 5181 tamen

556 5216 736 5268 divina
770 5216 1013 5286 levatur)
1047 5225 1318 5269 certamen
1350 5215 1618 5283 religiosa:
1653 5213 1857 5268 militia:
1883 5214 2107 5270 descen-

556 5308 692 5358 dunt
716 5344 731 5367 ,
770 5320 830 5367 se
865 5315 1011 5359 recta
1061 5304 1116 5358 in
1163 5307 1396 5358 medium
1435 5304 1771 5359 ﬂammarum
1804 5304 2105 5360 incendium

554 5397 793 5459 desilire,
824 5394 869 5449 si
894 5402 1073 5448 tamen
1108 5395 1251 5449 intus
1277 5396 1481 5452 caelesti
1508 5394 1721 5449 l'lannna
1749 5397 1997 5450 succensi
2023 5411 2109 5450 ar—

556 5488 737 5561 deant.
768 5486 845 5540 Ac
876 5484 1099 5556 proinde
1126 5500 1185 5539 se
1216 5485 1448 5555 quisque
1480 5496 1605 5540 ante
1641 5486 1807 5555 probe
1835 5486 2102 5554 exploret.

559 5588 613 5631 et
651 5586 762 5629 tum
794 5578 1009 5631 demum
1039 5576 1107 5630 de
1136 5576 1396 5646 religiosa:
1434 5583 1488 5630 et
1532 5577 1790 5631 solitaria:
1817 5575 1938 5629 vita:
1968 5593 2105 5644 pane

561 5684 686 5722 cum
719 5668 942 5722 lactucis
980 5668 1279 5737 agrestibus
1309 5676 1504 5738 gustet,
1530 5679 1583 5723 et
1607 5669 1825 5724 calicem
1858 5667 2107 5736 lacrymis

562 5769 914 5830 tcmpciatum
943 5761 1173 5828 hauriat,
1199 5775 1264 5815 nc
1290 5760 1341 5814 iu
1369 5759 1629 5829 judicium
1664 5761 1764 5815 sibi
1801 5759 1940 5816 hanc
1970 5759 2106 5817 mili-

2210 4572 2399 4634 στυλος
2432 4570 2675 4642 θεμέλιος
2707 4573 2929 4637 ἀκακία,
2959 4577 3199 4645 νηστεία.
3231 4578 3570 4650 σωφροσύνη.
3618 4581 3764 4636 Πάν-

2206 4676 2296 4722 τες
2338 4662 2386 4713 οἱ
2433 4662 2490 4714 ἐν
2532 4662 2750 4733 Χριστῷ
2790 4664 2968 4735 νήπιοι
3009 4664 3095 4719 διὰ
3142 4666 3344 4720 τούτων
3387 4669 3760 4740 ἀρχέσθωσαν,

2207 4752 2504 4822 τεκμήριον
2550 4746 2911 4824 λαμδάνοντες
2954 4760 3022 4810 τα
3070 4757 3302 4827 αἰσθητά
3354 4762 3543 4829 νήπια.
3597 4762 3763 4815 οὐδὲν

2209 4843 2413 4909 γίνεται
2464 4845 2613 4916 παρὰ
2655 4847 2881 4911 ἐκείνοις
2910 4848 3098 4909 δεινὸν.
3142 4849 3292 4904 οὐδὲν
3339 4850 3570 4908 ὕπουλον
3607 4856 3765 4926 εὐρε-

2210 4933 2433 5002 θήσεταί
2462 4951 2589 4988 ποτε
2613 4951 2627 4965 ·
2657 4936 2718 4989 οὐ
2746 4939 2902 5016 κόρος
2927 4940 3217 5010 ἀκόρεστος
3236 4958 3251 4971 ·
3284 4943 3584 5017 ού-γαστὴρ
3607 4946 3764 5017 ἀχόρ-

2209 5040 2431 5087 ’τασστος⁸
2466 5025 2527 5076 ού
2559 5024 2717 5095 σῶμα
2764 5028 3117 5097 πυρούμενον.
3158 5030 3317 5096 Ἴσως
3350 5034 3459 5104 γὰρ
3488 5034 3625 5088 κατά
3662 5037 3767 5105 τὴν

2208 5114 2435 5185 αὔξησιν
2462 5116 2560 5184 τῆς
2598 5118 2799 5189 τροφῆς
2843 5118 3024 5171 λοιπὸν
3058 5122 3488 5191 προκόπτοντα·
3528 5122 3623 5177 καὶ
3662 5125 3766 5195 τὴν

2210 5205 2454 5277 πύρωσιν
2510 5209 3028 5279 προσλαμϐάνονται.
3097 5213 3337 5283 Μισητδν
3392 5213 3605 5285 ἀληθῶς
3668 5218 3765 5269 καὶ

2171 5338 2179 5344 .
2210 5299 2544 5352 ἐπικίνδυνον
2569 5300 2629 5352 τὸ
2658 5302 2714 5367 ἐξ
2743 5298 2946 5355 εἰσόδου
2970 5305 3068 5372 τῆς
3096 5304 3270 5373 πάλης
3302 5305 3641 5375 χαυνωθῆναι
3671 5307 3767 5359 τὸν

2210 5390 2525 5455 παλαίοντα,
2554 5393 2686 5445 πᾶσι
2715 5393 2925 5446 διδόντα
2961 5394 3254 5465 τεκμήριον
3274 5396 3375 5463 τῆς
3402 5395 3595 5448 ἑαυτοῦ
3629 5413 3767 5466 σφα-

2210 5480 2336 5549 γῆς.
2370 5481 2549 5535 Ἔστω
2571 5485 2602 5552 ἡ
2612 5486 2705 5553 μίν
2735 5483 2951 5546 παντως
2977 5484 3042 5536 ἐκ
3081 5484 3180 5554 τῆς
3204 5484 3434 5555 στερρᾶς
3453 5483 3647 5553 ἀρχῆς,
3669 5490 3769 5541 καὶ

2211 5574 2269 5625 ἐν
2297 5575 2360 5643 τῇ
2404 5576 2519 5641 μετ’
2553 5575 2717 5643 αὐτὴν
2744 5575 3005 5643 χαυνὼσει
3046 5575 3298 5645 ὠφέλεια.
3325 5574 3485 5645 Ψυχὴ
3514 5575 3638 5645 ἀτὰρ
3666 5578 3764 5629 ἀνε-

2209 5667 2527 5738 δρισαμένη,
2562 5670 2653 5723 καὶ
2694 5668 3095 5736 ὑποχαλόωασα,
3146 5668 3249 5721 ὑπὸ
3292 5667 3386 5737 τῆς
3420 5668 3637 5739 μνήμης
3664 5670 3770 5737 τῆς

2214 5758 2442 5830 iiiP/.251;
2486 5755 2736 5829 σπουὸᾑς.
2771 5760 2841 5824 ὡς
2890 5760 2992 5814 ὑπὸ
3043 5761 3281 5831 κέντρου.
3315 5756 3645 5831 πλησσεται.
3674 5759 3770 5812 Διὸ
