4048 6338
601 335 709 447 δέει
1842 382 1902 442 s.
1931 381 2248 443 JOANNIS
2267 383 2570 444 CLIMACI
2776 440 2785 451 .
3718 393 3834 460 tito

604 492 822 549 eosdem
864 500 1072 556 tamen,
1104 504 1224 543 cum
1265 489 1317 542 in
1362 502 1421 543 re
1457 488 1671 543 modica
1734 488 2027 544 familiares
2070 502 2147 544 ex

2268 490 2431 545 αὐτου
2451 492 2620 562 ἀχλὺν
2650 492 3005 548 ἀποϐαλόντα·
3035 495 3128 549 καὶ
3159 496 3347 565 γέγονε
3371 497 3437 550 τά
3457 500 3690 555 ἀκούσια
3714 504 3827 555 τῶν

604 594 965 656 asperassent.
1011 595 1228 637 omnem
1279 579 1511 650 lapidem
1555 580 1822 646 movisse,
1868 596 2147 650 curamque

2269 580 2326 634 ἔν
2344 598 2482 635 τισιν
2507 584 2765 639 ἑκουσίων
2794 584 3128 657 βεϐαιότερα,
3149 588 3242 641 καὶ
3274 589 3600 659 κυριώτερα.
3620 593 3829 662 Μηδεὶς

603 691 821 731 omnem
843 674 1169 743 suscepiSse,
1200 681 1254 728 et
1280 673 1411 727 nihil
1440 672 1671 744 denique
1702 690 1812 730 non
1842 676 2147 731 sustinuisSt

2268 673 2426 746 βάρος
2456 672 2569 744 (19)
2607 676 2702 728 καὶ
2754 674 2956 746 πλῆθος
3006 677 3289 747 ἁμαρτιῶν
3332 683 3803 754 προφασιζόμενος

602 777 659 823 et
685 767 964 823 laborasse
990 806 1005 832 ,
1042 776 1154 820 tum
1196 780 1290 835 per
1330 780 1389 821 se
1422 766 1570 836 ipsos
1591 800 1607 827 ,
1644 772 1757 821 tum
1788 782 1883 836 per
1917 768 2121 823 amicos
2144 807 2160 834 ,

602 860 1113 923 muneribus,etiam
1159 858 1447 924 adhibitis,
1493 865 1553 913 ut
1599 845 1651 912 in
1702 860 1935 929 priorem
1982 855 2164 930 gratia

604 950 780 1014 locum
827 944 1006 1007 redire
1048 961 1292 1022 possent.
1336 950 1398 1005 In
1447 949 1710 1006 abdicata:
1753 949 1994 1020 profanre
2039 951 2163 1008 vine

600 1042 820 1103 exordio
879 1033 1157 1119 singenti
1190 1059 1314 1099 cum
1346 1041 1515 1099 animi
1549 1042 1842 1098 acerbitate
1888 1052 1944 1098 et
1976 1043 2163 1100 labore

601 1133 825 1188 arduam
849 1134 1064 1191 virtutis
1086 1135 1227 1190 viam
1250 1135 1605 1207 ingredimur.
1631 1129 1749 1190 Sed
1769 1134 2161 1206 aliquantulum

598 1222 873 1290 pregressi
894 1259 911 1280 .
947 1222 1066 1277 sine
1106 1222 1355 1278 molestia
1397 1219 1509 1275 fere
1532 1260 1548 1287 ,
1593 1219 1739 1291 quod
1775 1221 2043 1291 reliquum
2073 1228 2161 1276 est

555 1332 558 1334 τ
599 1311 812 1366 itineris
839 1312 1177 1369 conllcimus.
1218 1306 1447 1380 Quando
1476 1312 1719 1371 mortalis
1749 1320 1933 1368 noster
1959 1326 2158 1382 corpo-

598 1400 676 1455 ris
702 1416 895 1458 sensus
925 1403 1211 1473 pekauimi
1241 1402 1572 1459 alacritatem
1603 1402 1890 1471 absorpttts
1938 1411 1991 1456 et
2025 1402 2130 1458 sub
2156 1435 2159 1437 »

2264 760 2479 828 ἀνάξιον
2511 762 2704 825 ἑαυτὸν
2730 762 2820 816 τοῦ
2853 766 3144 833 μοναχικοῦ
3174 767 3585 839 ἐπαγγέλματος
3614 771 3800 825 ἀποκα
3820 804 3831 813 -

2263 850 2426 905 λοῐτοσ
2457 852 2551 906 καὶ
2574 852 2664 906 διὰ
2693 853 3022 925 ἡδυπάθειαν
3054 856 3246 911 ἑαυτὸν
3279 859 3570 925 εὐτελίζειν
3601 863 3818 931 νομιζέ-

2260 957 2360 1005 τω,
2389 942 2854 1016 προφασιζόμενος
2883 947 3180 1018 προφάσεις
3203 949 3263 1002 ἐν
3293 951 3588 1021 ἁμαρτίαις
3644 954 3826 1007 ὀποι.

2263 1030 2369 1103 γὰρ
2405 1031 2572 1105 πολλὴ
2621 1033 2655 1104 ή
2706 1033 2972 1105 σηπεδὼν,
3004 1037 3121 1090 ἐκεῖ
3165 1036 3259 1091 καὶ
3291 1038 3533 1110 μεγάλης
3579 1041 3825 1112 ἰατρείας

2262 1122 2437 1194 χρεία,
2476 1122 2562 1177 ἵνα
2589 1124 2681 1179 τδν
2725 1123 2896 1197 ῥύπον
2934 1126 3222 1198 ἀπόθηται.
3259 1131 3322 1184 Ol
3355 1132 3465 1203 γάρ
3493 1130 3606 1203 (20)
3638 1133 3826 1201 ὑγιαί-

2261 1230 2441 1278 νοντες
2468 1216 2526 1269 ἐν
2557 1217 2774 1289 ἰατρείῳ
2794 1217 2855 1271 οὗ
2879 1218 3285 1293 παραγίνονται.
3314 1221 3378 1275 Εἰ
3405 1221 3666 1292 βασιλέως
3693 1227 3823 1278 ἐπι-

2260 1305 2407 1375 γείου
2446 1307 2791 1374 καλέσαντος,
2822 1308 2917 1363 καὶ
2935 1311 3017 1374 είς
3042 1310 3143 1380 τὴν
3169 1310 3310 1365 κατὰ
3343 1313 3633 1383 πρόσωπον
3649 1315 3824 1369 αὐτοῦ

2258 1399 2497 1455 δουλείαν
2518 1390 2843 1474 στρατεῦσαι
2868 1401 3209 1474 θελήσαντος,
3237 1403 3339 1458 ούκ
3363 1386 3722 1478 ἀναμένομεν,
3750 1408 3824 1461 οὐ

596 1500 753 1547 actus
775 1498 879 1552 est.
909 1495 1163 1549 virtutem
1188 1509 1311 1551 cum
1341 1494 1541 1559 studio,
1584 1493 1856 1550 desiderio
1876 1533 1893 1558 ,
1931 1502 1984 1549 et
2025 1510 2147 1566 gau-

2260 1492 2724 1563 προφασιζόμεθα·
2763 1492 2899 1547 ἀλλὰ
2930 1494 3110 1548 πάντα
3151 1494 3571 1565 καταλείψαντες
3615 1498 3825 1568 προθύ-

595 1584 710 1650 dio,
728 1593 999 1655 tanquam
1034 1586 1240 1643 coalein
1268 1585 1484 1641 llamtna
1512 1587 1787 1650 succensi,
1815 1602 2147 1642 exercemus.

2260 1601 2374 1655 μως
2387 1585 2546 1639 αὐτὸν
2565 1585 2998 1657 καταφθάνομενο
3017 1586 3340 1657 πρόσχωμεν
3355 1588 3584 1652 ἑαυτοῖς,
3605 1590 3679 1660 μή
3701 1605 3822 1654 πως

594 1674 940 1747 Quantopere
971 1678 1190 1733 amandi
1229 1687 1358 1733 sunt
1390 1677 1500 1741 illi,
1532 1677 1626 1747 qui
1662 1678 1844 1732 statim
1888 1679 1958 1735 ab
2000 1679 2147 1734 initio

2254 1676 2361 1731 τοῦ
2377 1677 2677 1744 Βασιλέως
2696 1677 3145 1742 τῶνβασιλέων.
3184 1678 3282 1731 καί
3306 1680 3523 1748 Kvplov
3564 1678 3683 1735 τῶν
3710 1697 3826 1735 κυ-

596 1767 862 1838 ιειὶεἰοεεε
891 1768 1046 1835 vitaz,-
1077 1769 1226 1825 omui
1252 1769 1597 1825 contentione
1618 1778 1672 1825 et
1697 1769 1974 1826 alacritate
2000 1770 2147 1825 labo-

2249 1767 2533 1834 plwr,xal
2557 1769 2705 1823 Θεοῦ
2730 1767 2848 1823 τῶν
2895 1752 3044 1823 θεῶν
3072 1768 3361 1832 καλοῦντος
3390 1773 3544 1850 ἡμᾶς
3580 1775 3661 1837 είς
3716 1773 3826 1845 τὴν

593 1867 749 1926 rant,
778 1859 855 1915 uti
874 1862 1142 1917 'mandata
1184 1861 1281 1918 Dei
1304 1862 1659 1928 exhauriant;
1689 1870 1966 1932 tantopere
1994 1862 2147 1932 mise-

2255 1857 2501 1929 οὐράνιον
2551 1860 2753 1932 ταύτην
2769 1860 2939 1926 τάξιν,
2978 1860 3038 1928 ἐξ
3062 1862 3341 1933 ὀκνηρῶς,
3397 1862 3490 1917 καὶ
3532 1847 3864 1936 ’ῥᾳθυμίας-ξ

593 1952 751 2007 randi
782 1955 1054 2023 sunt,‘qui
1085 1953 1139 2007 in
1172 1953 1274 2008 hac
1302 1953 1793 2024 virtutistpalaestra
1821 1953 1913 2009 diu
1936 1953 2147 2024 quidem

2251 1952 2731 2023 παραιτησώμεθα.
2759 1956 2852 2007 καὶ
2886 1955 2945 2006 ὲν
2974 1954 3051 2008 τῶ
3086 1954 3307 2025 μεγάλῳ
3338 1956 3540 2027 βήματι
3575 1957 3822 2021 εὑρεθῶ-

593 2052 915 2110 versantur,
946 2044 1039 2100 sed
1068 2045 1246 2100 adhuc
1271 2059 1395 2101 cum
1428 2044 1670 2101 molestia
1709 2058 1831 2101 sese
1860 2045 1915 2099 in
1941 2043 2147 2098 virtuti-

2260 2060 2358 2114 μεν
2401 2046 2814 2113 ἀναπολόγητον
2865 2045 3088 2098 δυνατὸν
3124 2051 3223 2113 μὲν
3255 2051 3363 2118 γάρ
3405 2049 3499 2102 καὶ
3532 2048 3821 2119 δεδεμένον

570 2132 698 2188 -bus
722 2145 995 2200 exercent,
1026 2135 1272 2205 quamvis
1299 2147 1604 2192 exerceant.
1626 2133 1737 2192 Nec
1777 2136 1899 2191 illos
1936 2134 2147 2205 quidem

2249 2138 2362 2199 τοῖς
2380 2133 2474 2188 τοῦ
2508 2134 2624 2205 βίου
2644 2136 2949 2207 πράγμασι.
2970 2135 3065 2191 καὶ
3102 2138 3347 2209 σιδηραῖς
3383 2138 3628 2209 φροντίσι
3661 2138 3819 2209 βαδί-

594 2227 910 2283 ltorreamus
953 2228 1036 2282 vel
1071 2229 1526 2296 condemnemus,
1576 2243 1715 2299 quos
1757 2213 1919 2282 casus
1958 2227 2147 2296 aliquis

2252 2225 2386 2290 ζειν,
2416 2223 2550 2278 ἀλλὰ
2569 2225 2860 2296 δυσχερῶς.
2898 2227 3048 2279 Ἐπεὶ
3074 2228 3166 2280 καὶ
3191 2228 3241 2280 οί
3279 2227 3470 2300 σίδηρα
3494 2224 3819 2301 περικείμε-

590 2320 674 2375 vel
700 2320 995 2375 necessitas
1029 2318 1254 2395 forsitan
1279 2321 1557 2388 compulit,
1597 2319 1675 2374 uti
1706 2319 1867 2374 rebus
1895 2319 2147 2375 Immanis

2253 2334 2335 2370 νοι
2359 2319 2417 2370 ὲν
2434 2320 2544 2381 τοῖς
2567 2318 2723 2371 ποσὶν
2748 2316 3005 2383 πολλάκις
3031 2317 3348 2387 βαδίζουσιν.
3390 2319 3547 2374 Ἀλλὰ
3573 2321 3819 2392 συνεχῶς

591 2408 983 2467 renuntiarent.
1041 2409 1336 2465 Observavi
1360 2408 1514 2463 enim
1544 2408 1809 2478 quosdam
1849 2406 2117 2479 refugitatt

2251 2410 2666 2481 προσκύπτουσι,
2701 2412 2795 2485 καὶἕ
2818 2410 3103 2481 τραύματα
3139 2412 3204 2463 ὲκ
3234 2410 3422 2464 τούτου
3452 2411 3709 2482 δέχονται.
3747 2414 3820 2469 Ὀ

1402 2486 1514 2555 ἰιἰεὶ
1538 2500 1713 2573 coacti
1746 2500 2107 2557 occurrissent
2125 2540 2142 2565 ,
2249 2503 2357 2573 γὰρ
2376 2503 2589 2571 ἄγαμος
2617 2504 2674 2556 ὲν
2693 2501 2769 2572 τῷ
2798 2502 2984 2572 κόσμῳ
3014 2502 3193 2569 μόνοις
3219 2503 3330 2563 τοῖς
3357 2502 3642 2572 πράγμασι
3665 2486 3818 2556 δεδε-

2251 2595 2431 2664 μένος,
2465 2593 2544 2662 τῷ
2569 2594 2625 2647 ὲν
2658 2593 2812 2664 χερσὶ
2846 2592 2913 2644 τὰ
2952 2592 3096 2645 ιιλοιὰ
3126 2594 3492 2663 περικειμένῳ
3538 2593 3681 2647 ἔοικε
3706 2593 3817 2665 (διὸ

2243 2683 2336 2735 καὶ
2368 2683 2457 2735 ὅτε
2488 2681 2735 2752 βούλεται
2766 2681 2990 2752 δραμεῖν
3045 2681 3178 2750 προς
3222 2681 3312 2734 τὸν
3344 2684 3551 2753 μονήρη
3598 2681 3710 2752 βίον
3740 2684 3812 2737 οὐ

593 2510 674 2557 tes
696 2539 713 2567 ,
746 2515 866 2556 cum
905 2498 1215 2570 imperatori
1262 2514 1371 2556 non
1407 2492 1514 2555 ἰιἰεὶ
1538 2500 1713 2576 coacti
1746 2500 2142 2565 occurrissent,

554 2594 561 2603 '
590 2590 806 2647 tandem
833 2592 952 2662 ejus
982 2607 1040 2648 se
1064 2590 1324 2663 obsequio
1347 2590 1545 2648 invitos
1575 2591 1868 2659 addixisse,
1896 2598 2019 2647 cuni
2051 2607 2145 2645 eo-

587 2696 696 2752 que
735 2683 788 2736 in
825 2683 1025 2754 regiam
1058 2674 1334 2753 ingressos
1362 2696 1518 2747 esse,
1547 2694 1602 2738 et
1633 2696 1756 2737 cum
1793 2682 1884 2736 illo
1916 2680 2148 2736 familia-

586 2773 718 2828 riter
743 2773 809 2828 ad
836 2774 1075 2829 mensam
1101 2773 1437 2847 accubuisse.
1476 2771 1598 2828 Vidi
1640 2782 1936 2829 sementem
1975 2787 2105 2827 casu
2126 2811 2142 2836 ,

2249 2772 2525 2845 κωλύεται)
2542 2789 2556 2803 ·
2581 2774 2610 2827 ὁ
2636 2773 2692 2825 δὲ
2717 2777 2923 2844 γήμας,
2940 2772 3019 2843 τῷ
3042 2773 3100 2827 ἐν
3121 2774 3276 2844 χερσὶ
3303 2774 3396 2827 καὶ
3424 2776 3549 2828 ποσὶ
3570 2776 3698 2840 τοὺς
3718 2776 3813 2831 δε-

588 2849 696 2918 non
737 2864 965 2920 consilio
988 2904 1004 2930 ,
1037 2865 1092 2921 in
1122 2860 1320 2921 terram
1348 2864 1687 2936 prolapsam,
1717 2864 1770 2918 in
1802 2863 2142 2921 laetissimam

2249 2863 2415 2933 σμοὺς
2452 2863 2809 2934 περικειμένῳ

591 2958 768 3023 tamen
800 2965 1036 3026 segetem
1065 2950 1377 3026 profecisse.
1405 2954 1870 3031 Quemadmodum
1911 2962 1971 3008 et
2008 2952 2143 3008 alias
2255 2955 2435 3009 notavi
2458 2969 2565 3009 non
2594 2955 2884 3022 neminem,
2913 2970 3128 3011 omnem
3153 2957 3313 3012 aliam
3345 2957 3418 3014 ob
3448 2975 3668 3016 causam
3703 2976 3806 3031 po-

508 3092 511 3093 ν
588 3046 729 3111 tius,
769 3062 929 3117 quam
956 3057 1016 3101 ut
1046 3050 1349 3114 huraretur;
1384 3046 1441 3100 in
1469 3028 1737 3101 ofﬁcinam
1791 3042 2052 3099 medicam
2110 3033 2453 3114 ingreSsutn,
2478 3054 2533 3100 et
2564 3042 2569 3045 ’
2602 3062 2635 3100 a
2682 3045 2892 3101 medico
2935 3046 3166 3118 quadam
3209 3047 3511 3103 urbanitate
3571 3028 3813 3109 circum-

588 3147 842 3204 ventum,
885 3150 936 3194 et
977 3130 1045 3193 ad
1091 3140 1327 3195 mentem
1367 3148 1710 3204 revocatum,
1755 3137 1983 3192 oll‘usam
2038 3136 2141 3191 luci
2200 3137 2483 3193 oculorum
2530 3136 2779 3191 nebulam
2824 3136 3164 3194 abstersisse.
3229 3136 3309 3194 Ita
3353 3138 3408 3194 iu
3471 3141 3657 3198 multis
3702 3159 3812 3217 nsn

582 3231 767 3297 venit,
810 3233 887 3288 uti
921 3231 1157 3287 ﬁrmiora
1194 3244 1338 3302 sape
1376 3233 1717 3309 certioraque
1759 3232 1867 3287 sint
1910 3246 1973 3286 ea
2010 3245 2130 3301 quae
2166 3230 2306 3286 forte
2344 3230 2483 3287 facta
2545 3239 2706 3296 sunt,
2745 3245 2909 3300 quam
2944 3246 3066 3300 quae
3117 3231 3346 3287 consilio
3404 3243 3460 3287 et
3511 3235 3811 3291 deliberata

583 3326 879 3383 voluntate.
942 3325 1113 3383 Nemo
1180 3318 1314 3383 mihi
1346 3327 1556 3382 'tnolem
1619 3338 1674 3383 et
1711 3330 1923 3399 copiam
1980 3327 2084 3397 ιο
2149 3336 2496 3397 peccatorum
2535 3332 2794 3389 excuset,
2839 3325 3059 3396 perinde
3081 3326 3236 3396 quasi
3269 3326 3526 3398 indignus
3557 3331 3817 3403 religiosa

584 3412 919 3493 profesSione
946 3421 1215 3492 videatur,
1237 3430 1551 3495 orpropter
1603 3423 1770 3479 animi
1809 3422 2087 3485 mollitiem
2120 3432 2174 3476 et
2210 3421 2543 3490 voluptatem
2584 3422 2821 3490 seipsum
2884 3418 3319 3490 vilipendendum
3361 3421 3671 3488 existimet,
3709 3439 3817 3479 ex-

586 3518 826 3573 cusando
863 3520 1241 3581 excusationes
1274 3518 1330 3573 in
1357 3517 1613 3587 peccatis.
1654 3514 1756 3572 Ubi
1788 3519 1933 3573 enim
1968 3517 2138 3572 multa
2173 3523 2259 3570 est
2284 3512 2496 3577 sanies,
2559 3511 2634 3566 ibi
2661 3512 2831 3567 multa
2895 3510 3085 3567 medici
3115 3525 3248 3566 cura
3275 3525 3415 3583 opus
3438 3521 3558 3578 est,
3599 3514 3675 3567 uti
3704 3529 3817 3583 pus

587 3608 940 3678 exprimatur.
975 3607 1108 3665 Nam
1134 3609 1439 3681 valentibus
1473 3623 1582 3663 non
1619 3616 1703 3663 est
1730 3623 1866 3679 opus
1897 3594 2127 3664 medico.
2166 3605 2393 3674 Quando
2452 3604 2703 3660 mortalis
2740 3603 3034 3686 imperator
3096 3602 3327 3672 ipsemet
3359 3617 3543 3658 coram
3584 3605 3815 3673 expedi‘

588 3703 790 3758 tionem
816 3699 1258 3774 suscepturus‘ad
1280 3686 1439 3761 suum
1463 3715 1566 3757 nos
1585 3699 1907 3772 obsequium
1965 3707 2177 3764 evocat,
2214 3697 2398 3774 statim
2428 3697 2495 3753 ad
2533 3711 2732 3751 nomen
2796 3696 3218 3767 respondemus,
3246 3695 3468 3766 sineque
3507 3695 3613 3751 ulla
3644 3698 3814 3770 tergi-

587 3791 926 3859 versatione,
966 3803 1062 3847 aut
1091 3791 1475 3858 excusatione,
1518 3798 1614 3844 aut
1645 3805 1809 3857 mon
1833 3830 1849 3857 ,
1894 3789 2151 3861 neglectis
2178 3786 2444 3859 omnibus
2465 3828 2482 3854 ,
2521 3786 2940 3859 promptissimis
2966 3786 3160 3842 animis
3191 3789 3408 3865 noutin’a
3471 3786 3644 3865 daturi
3706 3803 3810 3849 ac-

586 3889 877 3945 currimus.
908 3889 1209 3945 Caveautus
1243 3902 1403 3961 ergo,
1426 3902 1508 3944 ne
1550 3903 1730 3959 regum
1796 3885 1966 3958 Rege,
2003 3898 2054 3944 et
2092 3885 2318 3940 Domino
2376 3884 2785 3949 dominantium,
2851 3883 3057 3954 Dcoque
3086 3884 3303 3939 deorum
3332 3863 3388 3952 ί
3420 3863 3519 3942 nos
3544 3886 3609 3942 ad
3642 3887 3809 3943 οωιε-

440 3989 493 4051 διί
586 3988 723 4033 stem
761 3979 903 4035 hanc
931 3979 1197 4051 religiosa:
1222 3970 1518 4050 disciplina
1547 3980 1794 4036 militiam
1827 3979 2049 4043 eitante,
2072 3992 2136 4032 ex
2178 3977 2369 4032 inertia
2404 3985 2461 4031 et
2520 3975 2771 4031 vecordia
2829 3974 2975 4029 illam
3001 3974 3364 4032 detrectemus
3388 4016 3405 4043 ,
3445 3977 3683 4048 olimque
3730 3974 3808 4029 ad

591 4072 909 4144 supremum
944 4071 1144 4142 iudicis
1188 4070 1434 4153 tribunal
1477 4074 1735 4141 adducti,
1775 4074 1854 4130 rei
1896 4073 2274 4143 indefensique
2306 4068 2788 4153 deprchendemur.
2829 4065 2948 4123 Non
3002 4068 3145 4124 imus
3196 4068 3410 4126 inﬁcias
3467 4068 3584 4124 ﬁeri
3624 4081 3792 4137 posse

587 4167 670 4224 uti
707 4183 889 4224 rerum
932 4152 1290 4225 humanarum
1328 4168 1513 4235 curis,
1559 4155 1815 4241 tanquam
1857 4169 2043 4237 ferro,
2094 4179 2150 4225 et
2184 4165 2539 4237 compedibus
2596 4173 2828 4220 onustus
2872 4163 3269 4237 impeditusque
3304 4165 3524 4229 incedat
3591 4175 3804 4246 tamen,

588 4260 685 4317 sed
708 4268 867 4331 agre.
909 4245 1352 4332 Nametpedieis
1374 4261 1599 4327 innexi,
1641 4261 1924 4327 ambulant
1990 4269 2168 4315 tamen
2189 4299 2205 4326 ,
2244 4258 2353 4322 etsi~
2389 4264 2650 4329 perpetuo
2685 4255 2980 4320 oﬂ'endant,
3017 4254 3252 4327 indeque
3282 4259 3651 4331 vulnerentur.
3677 4254 3805 4324 Qui
3835 4274 3841 4281 ·

585 4354 779 4411 σείσω
807 4352 944 4409 inter
965 4352 1174 4425 negotia
1204 4337 1383 4412 tamen
1442 4361 1692 4412 versatur
1712 4394 1729 4420 ,
1763 4353 2056 4425 persimilis
2117 4362 2204 4409 est
2238 4352 2339 4419 illi,
2371 4353 2463 4422 qui
2499 4352 2705 4414 vinctas
2731 4350 2996 4408 duntaxat
3023 4367 3214 4415 manus
3250 4354 3446 4420 habet,
3468 4367 3641 4424 eoque
3666 4366 3797 4406 cum

584 4447 766 4515 lubet,
812 4453 989 4518 potest
1022 4443 1300 4515 expeditus
1342 4444 1413 4503 ad
1455 4442 2117 4516 tranquillam‘religionis
2161 4442 2350 4509 vitam,
2412 4455 2718 4497 excurrere.
2770 4438 3110 4498 Matrimonia
3126 4442 3254 4499 vero
3276 4443 3533 4515 illigatus,
3556 4440 3799 4498 manicis

587 4540 903 4615 pedicisque
929 4528 1152 4615 astricto
1178 4519 1369 4607 similis
1396 4547 1501 4595 est.
1692 4608 1697 4615 ἡ
2323 4612 2331 4615 _
2378 4529 2383 4533 '
3687 4530 3693 4548 ι

655 4608 899 4702 Βοιαιιιε
942 4645 973 4685 a
1014 4608 1337 4699 quibusdam
1368 4631 1515 4686 inter
1558 4608 1844 4700 strepitum
1886 4640 2141 4681 curarum

2317 4612 2429 4694 (ει)
2462 4619 2708 4675 Ἤκουσα
2733 4638 2893 4702 τινων
2932 4624 2995 4678 ὲν
3036 4622 3223 4694 κόσμῳ
3266 4621 3482 4692 αμελῶς
3516 4621 3798 4695 διαχειμά-

586 4723 917 4794 negligenter
954 4719 1009 4776 in
1043 4714 1248 4775 saeculo.
1279 4717 1581 4776 viventibus
1607 4718 2087 4785 dietitautibusque
2114 4733 2137 4773 ι

587 4817 703 4882 Qua
734 4806 828 4875 xia
869 4810 1007 4878 nos,
1041 4810 1138 4881 qui
1183 4809 1444 4883 uxoribus
1499 4811 1717 4868 obnoxii
1761 4811 1993 4879 publicis
2048 4824 2137 4899 re-

586 4922 709 4961 rum
736 4905 837 4974 ιι
864 4904 1013 4961 curis
1055 4900 1399 4984 distinemur,
1428 4914 1717 4970 possumus
1741 4902 1808 4959 ad
1837 4903 2135 4960 solitariam

584 4998 751 5051 vitam
774 4998 1012 5066 aspirare
1031 4995 1054 5050 ῗ
1842 5058 1851 5067 ~

657 5084 1020 5153 Quaecunque,
1051 5084 1269 5153 inquam
1290 5118 1306 5145 ,
1361 5080 1501 5134 bona
1540 5091 1594 5133 In
1642 5089 1820 5133 vestra
1872 5087 2139 5150 potestate

588 5180 719 5233 sunt
748 5182 807 5227 ut
834 5174 1026 5243 agatis,
1069 5188 1228 5246 agere
1278 5169 1563 5239 laceroque
1606 5184 1673 5222 ue
1721 5172 2136 5247 praetermittite;

588 5265 858 5322 abstinete
888 5276 985 5317 vos
1015 5276 1047 5316 a
1077 5262 1376 5328 mendacio,
1412 5261 1680 5316 neminem
1731 5274 1837 5327 prae
1863 5263 2014 5318 vobis
2045 5279 2139 5334 per

588 5358 753 5415 animi
782 5356 1064 5413 elationem
1090 5354 1463 5419 contemnite;
1508 5351 1774 5414 neminem
1828 5353 1950 5407 odio
2000 5356 2139 5411 inse-

588 5447 845 5513 ctamini;
879 5460 910 5500 a
959 5451 1103 5499 coetu
1148 5441 1386 5497 ecclesia:
1446 5457 1511 5497 ne
1562 5457 1662 5495 vos
1720 5440 2021 5521 altjungitc;
2084 5446 2138 5499 in

590 5550 805 5608 egentes
831 5535 1070 5609 benigni,
1111 5533 1319 5591 nullum
1344 5535 1469 5590 vitae
1497 5550 1676 5607 pravae
1698 5534 1944 5603 exemplo
1970 5536 2138 5593 oden-

589 5630 740 5698 dite;
771 5631 840 5687 ab
863 5630 1039 5687 alieno
1064 5628 1202 5685 lecto
1220 5626 1514 5695 abstinete;
1538 5627 1675 5684 intra
1698 5626 1819 5698 jura
1848 5624 1952 5682 tori
1972 5629 2134 5685 vestri

550 5818 553 5821 Α
667 5741 691 5778 ³
717 5741 739 5800 1
765 5743 1007 5806 'l‘imotlt.
1035 5760 1115 5814 vt,
1153 5741 1239 5799 15.

2238 4687 2363 4777 νων,
2385 4713 2678 4784 εἰρηκότων
2708 4687 2844 4786 πῖός
2867 4731 2957 4787 με’
2981 4715 3106 4780 Πῶς
3132 4687 3404 4786 δυνάμεθα
3424 4715 3673 4786 ὀμοζύγῳ
3692 4687 3802 4773 συ-

2237 4796 2455 4876 ςῶντες,
2502 4804 2596 4859 καὶ
2631 4804 2930 4877 δημοσίαις
2987 4806 3232 4876 φροντίσι
3284 4807 3651 4877 περικείμενοι
3695 4811 3799 4867 τὸν

2239 4892 2519 4967 μοναδικδν
2577 4896 2711 4967 βίον,
2754 4895 3064 4967 inuidebo;
3128 4894 3273 4966 Πρὸς
3334 4896 3429 4961 οὓς
3484 4897 3796 4975 ἀπεκρίθη-

2239 5001 2359 5057 μεν.

2304 5077 2419 5147 (22)
2444 5079 2625 5135 Πάντα
2661 5083 2762 5136 ὅσα
2791 5080 3017 5136 δύνασθε
3057 5081 3231 5133 ποιεῖν
3269 5080 3473 5148 αγαθὰ,
3504 5082 3797 5154 ποιήσατε·

2240 5166 2441 5238 μηδένα
2472 5169 2838 5243 λοιδορήσητε·
2875 5171 3080 5241 μηδένα
3120 5170 3375 5244 κλέψητε’
3426 5174 3616 5244 μηδενῖ
3653 5175 3795 5247 ψεύ-

2241 5261 2426 5332 σησθεο
2465 5264 2688 5333 μηδενὸς
2709 5263 3082 5336 κατεπερθῆτε
3108 5263 3550 5339 [κατεπαρθῆτεΓ
3586 5270 3794 5340 μηδένα

2241 5354 2527 5424 μισήσητε·
2562 5357 2672 5411 τῶν
2693 5355 2962 5422 συνάξεων
3000 5356 3075 5425 μὴ
3112 5355 3434 5428 χωρίζησθε*
3461 5361 3573 5422 τοῖς
3598 5359 3796 5432 δεομέ.

2238 5461 2348 5508 νοις
2396 5449 2802 5520 συμπαθήσατεο
2842 5446 3044 5519 μηδένα
3084 5447 3487 5519 σκανδαλίσητε’
3533 5450 3797 5530 ἀλλοτρίᾳ

2242 5536 2415 5608 μερίδι
2447 5539 2520 5611 μὴ
2547 5541 2962 5615 προσεγγίσητεο
2991 5538 3083 5591 καὶ
3103 5539 3356 5611 ἀρκεῖσθε
3388 5542 3500 5605 τοῖς
3536 5542 3795 5615 ὀψωνίοις

2238 5628 2351 5684 τῶν
2364 5630 2632 5701 γυναικῶν
2651 5633 2825 5705 optim
2855 5631 2978 5689 Ἐὰν
2996 5629 3167 5695 οὕτως
3188 5631 3466 5705 ποιήσητε,
3484 5636 3546 5690 οὐ
3568 5642 3800 5711 μακρὰν
