4048 6338
203 394 318 459 ,341

1256 408 1483 467 SCALA
1514 404 1893 466 PARADISI.
1923 427 1993 439 -
2022 403 2325 465 GRADUS
2362 406 2411 464 Ι.

3334 382 3449 469 tua

216 515 423 568 ἔσεσθε
472 516 571 586 τῆς
605 517 880 586 βασιλείας
921 519 1027 573 τῶν
1055 520 1315 590 οὐρανῶν.
1352 520 1776 590 Προσδράμωμει

1892 529 1990 568 vos
2013 517 2305 569 continete.
2343 516 2468 570 Haec
2504 516 2548 571 si
2584 514 2958 585 praestiteritis,
3004 516 3148 572 haud
3196 520 3380 586 procul
3418 530 3447 568 a

211 612 375 680 χαρᾷ
407 612 500 663 καὶ
535 610 688 681 φόϐῳ
711 610 790 681 τῷ
819 611 967 681 καλῷ
998 612 1189 679 ἀγῶνι,
1227 612 1301 682 μὴ
1338 612 1638 672 δειλιῶντες
1666 612 1791 673 τοὺς

214 699 461 770 ἐχθροὺς
490 702 671 771 ἡμῶν,
704 704 888 774 ἐπειδὴ
919 705 997 759 είς
1022 702 1133 773 (25)
1174 703 1459 772 πρόσωπον
1486 704 1584 771 τῆς
1611 703 1790 772 ψυχῆς

216 790 387 858 ἡμῶν
408 790 734 862 καθορῶσιν,
751 794 799 845 εἱ
823 793 915 845 καὶ
939 792 1035 862 οὐχ
1054 792 1301 862 ὁρῶνται·
1325 794 1427 846 κᾶν
1459 794 1635 846 ἴδωσιν
1658 792 1787 845 αὐτὸ

216 880 286 932 ἐκ
314 879 525 945 δειλίας
558 882 933 954 άλλοτριωθὲν,
964 881 1083 935 τότε
1119 882 1241 936 καθ’
1263 886 1296 953 ή
1307 884 1421 953 μῶν
1450 883 1787 954 πικροτέρως

214 970 563 1035 ὁπλίζονται,
600 976 889 1042 νοήσαντες
917 973 967 1023 οί
989 972 1150 1025 δόλιοι
1168 973 1255 1025 ὅτι
1285 971 1647 1041 ἐφοϐήθημεν.
1683 972 1786 1024 Εὑ-

216 1058 415 1128 esp»;
433 1058 527 1116 οὖν
551 1061 687 1132 πρὸς
706 1062 901 1133 αὐτοὺς
925 1048 1290 1131 όπλισώμεθα·
1313 1062 1390 1130 τῷ
1420 1060 1525 1131 γὰρ
1551 1061 1787 1130 μαχομέ·

217 1166 297 1219 νῳ
323 1151 626 1222 προθύμως
653 1151 823 1214 οὐδεὶς
859 1152 1105 1221 μάχεται.
1140 1151 1503 1220 Οἰκονομικῶς
1530 1151 1559 1202 δ
1589 1150 1788 1223 Κύριος

218 1238 286 1291 ἐκ
324 1240 438 1293 τῶν
470 1240 755 1309 νεοπαγῶν
792 1244 915 1305 τοὺς
954 1242 1217 1311 πολέμους
1260 1241 1560 1308 ἐκούφισεν,
1598 1242 1683 1293 ἵνα
1715 1240 1789 1310 μὴ

219 1331 286 1382 ἐκ
316 1333 624 1401 προοιμίων
651 1332 852 1396 εὐθέως
889 1335 967 1396 είς
1008 1334 1102 1385 τὸν
1143 1334 1343 1403 κόσμον
1388 1332 1787 1386 ἐπαναλύσωσι.

218 1420 314 1471 Διὸ
372 1421 592 1491 χαίρετε
643 1422 703 1474 ἐν
751 1418 1241 1492 Κυρίῳιπάντοτε,
1273 1421 1474 1483 πάντες
1518 1421 1565 1472 oi
1614 1419 1789 1473 δοῦλοι

216 1508 361 1563 Θεοῦ
386 1527 401 1540 °
434 1510 596 1565 τοῦτο
627 1510 845 1582 πρῶτον
876 1512 1098 1579 σημεῖον
1121 1512 1178 1563 ἐν
1210 1511 1418 1573 ἑαυτοῖς
1446 1511 1542 1580 τῆς
1570 1508 1660 1562 τοῦ
1689 1512 1786 1561 Δε-

220 1602 427 1655 σπότου
455 1604 675 1671 ἀγάπης
713 1602 849 1673 πρὸς
873 1605 1017 1673 ἡμᾶς
1054 1603 1435 1675 γνωρίσαντες,
1461 1602 1554 1655 καὶ
1580 1601 1654 1666 ὠς
1687 1600 1786 1655 αύ-

218 1694 312 1755 τὸς
348 1694 497 1762 ὑμᾶς
523 1692 808 1762 κέκληκεν.

1889 604 2027 659 ccelo
2052 605 2386 659 aberrabitis.
2428 605 2725 660 Curramus
2747 620 2869 659 cum
2900 605 3119 674 gaudio
3177 606 3339 660 simul
3393 617 3449 659 et

1887 703 2057 760 metu,
2088 695 2155 749 ad
2184 694 2364 749 nobile
2390 704 2680 759 certamen,
2699 695 2954 749 adversus
2978 695 3161 749 hostes
3198 694 3447 758 interriti,

1886 787 1981 854 qui
2049 786 2353 841 animorum
2428 795 2745 841 nostrorum
2809 786 3073 850 habitum,
3125 794 3178 840 et
3236 787 3449 851 facient,

1896 878 2144 947 quamvis
2166 878 2266 947 ipsi
2293 879 2447 934 nobis
2473 879 2904 949 inaspectabiles,
2959 894 3140 934 coram
3204 892 3446 936 contem-

1892 969 2138 1038 plantur:
2173 975 2371 1022 etcum
2423 970 2895 1045 animadverterint
2924 969 3066 1023 illam
3121 982 3267 1024 metu
3325 986 3448 1040 per-

1894 1060 2121 1124 culsam,
2157 1070 2270 1113 tum
2324 1075 2451 1114 vero
2497 1060 2552 1113 in
2615 1077 2734 1127 nos,
2781 1071 3033 1129 tanquam
3084 1061 3447 1129 exanimatos,

1898 1149 2140 1203 atrocius
2173 1148 2436 1211 insiliunt,
2480 1148 2839 1219 intelligentes
2868 1150 3119 1203 nimirum
3154 1164 3251 1218 pro
3275 1163 3340 1203 eo
3386 1164 3449 1203 ac

1894 1238 2076 1291 callidi
2117 1246 2246 1292 sunt
2292 1253 2390 1292 nos
2441 1246 2587 1292 metu
2644 1240 2922 1308 perculsos
2963 1256 3101 1295 esse.
3158 1238 3450 1308 Eapropter

1894 1330 2099 1398 paratis
2144 1331 2339 1384 animis
2362 1329 2623 1386 adversus
2650 1332 2773 1387 illos
2805 1347 2954 1386 arma
2979 1333 3272 1400 capiamus.
3313 1329 3444 1383 Nam

1892 1435 2017 1473 cum
2047 1428 2269 1476 strenuo
2295 1422 2485 1486 milite,
2512 1420 2761 1493 ultroque
2787 1423 2928 1477 hosti
2958 1431 3271 1477 occurrente
3290 1437 3445 1476 nemo

1891 1510 2088 1565 audeat
2145 1528 2365 1566 manum
2399 1530 2699 1576 conserere.
2739 1513 3018 1584 Sapienter
3059 1516 3319 1569 Dominus
3346 1529 3445 1569 no-

1890 1611 2002 1655 ster
2052 1602 2290 1657 tironum
2347 1606 2555 1663 labores
2581 1615 2765 1663 contra
2793 1606 3159 1675 antagonistas
3190 1607 3240 1658 in
3272 1606 3446 1675 primo
3493 1654 3501 1661 .

1889 1708 2081 1763 pugnae
2102 1709 2397 1763 congressu
2432 1700 2716 1769 mitigavit,
2745 1714 2811 1753 ne
2844 1714 2966 1752 mox
2998 1714 3024 1751 a
3074 1697 3323 1751 tirocinio
3376 1698 3445 1751 ad

220 1781 664 1851 primemseculi
700 1784 861 1837 vitam
902 1794 1262 1839 recurrerent.
1319 1782 1416 1838 Est
1466 1797 1597 1854 ergo
1649 1781 1791 1853 quod
1830 1796 2152 1852 magnOpere
2202 1785 2496 1853 gaudeatis,
2558 1788 2695 1841 servi
2722 1786 2983 1841 Deizhoc
3033 1787 3259 1855 primum
3316 1801 3440 1857 erga

220 1886 319 1926 vos
347 1872 544 1927 divinae
566 1874 851 1931 cbaritatis
878 1889 1253 1947 argumentum
1282 1878 1546 1943 arbitrati,
1601 1884 1656 1931 et
1714 1875 1858 1945 quod
1897 1874 1965 1929 ab
1994 1890 2061 1930 eo
2083 1875 2201 1930 sitis
2224 1876 2301 1931 ad
2325 1876 2424 1933 hoc
2461 1893 2631 1947 genus
2676 1879 2798 1933 vita:
2846 1880 3071 1945 evocati.

288 2013 407 2066 Καὶ
430 2013 592 2066 τοῦτο
630 2015 688 2068 δέ
714 2016 881 2069 ποιῶν
909 2017 937 2069 ὁ
974 2016 1104 2081 Θεὸς
1141 2017 1397 2081 πολλάκις
1440 2017 1776 2089 γνωρίζεται·

1958 2011 2137 2068 Sedet
2156 2013 2259 2068 hoc
2286 2013 2627 2069 observatum
2660 2023 2742 2069 est
2780 2030 2922 2084 saepe
2976 2016 3165 2079 Deum,
3214 2016 3303 2069 ubi
3346 2030 3439 2085 ge-

224 2100 350 2155 ίδὼν
381 2103 489 2173 γάρ
531 2105 780 2175 ἀνδρείας
829 2106 1005 2175 ψυχὰς
1053 2108 1253 2171 εὐθέως
1298 2110 1362 2161 ἐκ
1392 2109 1689 2178 προοιμίων
1725 2108 1782 2159 ἐν

220 2194 415 2256 αὑταῖς
445 2195 572 2258 τοὺς
597 2196 862 2267 πολέμους
896 2199 1254 2268 συνεχώρησε,
1298 2201 1635 2267 στεφανῶσαι
1688 2200 1783 2252 αὺ-

222 2283 319 2345 τάς
344 2284 624 2354 συντόμως
651 2284 988 2356 βουλόμενος.
1032 2274 1366 2358 Ἀπέκρυψεν
1399 2290 1426 2340 ὁ
1454 2287 1653 2358 Κύριος
1674 2289 1781 2341 ἀπὸ

222 2372 337 2426 τῶν
358 2375 419 2427 ἐν
450 2375 641 2447 κόσμῳ
664 2377 762 2447 τὴν
782 2378 875 2430 τοῦ
901 2377 1112 2432 σταδίου
1137 2379 1248 2449 (24)
1276 2379 1609 2451 δυσχέρειαν,
1645 2378 1780 2449 μᾶλ-

224 2462 316 2516 λον
342 2463 402 2516 δὲ
432 2465 730 2536 εὐχέρειαν·
767 2469 815 2520 εί
862 2468 969 2538 γὰρ
1018 2468 1219 2538 ταύτην
1244 2536 1247 2539 ν
1276 2469 1536 2537 ἔγνωσαν,
1575 2470 1675 2523 οὐκ
1714 2471 1779 2524 ἂν

224 2554 567 2610 ἀπετάσσετο
596 2559 745 2610 πᾶσα
778 2558 933 2630 σάρξ.
966 2559 1115 2612 Δίδου
1147 2557 1259 2631 (25)
1304 2561 1502 2624 κόπους
1532 2559 1778 2630 νεότητός

226 2659 322 2697 σου
354 2645 650 2718 προθύμως
695 2649 933 2719 Χριστῷ.
977 2651 1067 2705 καὶ
1118 2652 1329 2723 χαρήσῃ
1379 2654 1438 2704 ὲν
1488 2649 1633 2723 γήρᾳ
1688 2654 1779 2705 ἐπὶ

226 2738 445 2808 πλούτῳ
481 2738 759 2808 ἀγαθείας’
788 2741 857 2794 τά
893 2743 952 2795 ὲν
988 2742 1197 2813 νεότητι
1228 2745 1567 2812 συναγόμενα
1614 2746 1672 2797 ἐν
1698 2745 1777 2816 τῷ

225 2830 372 2900 γήρᾳ
404 2829 534 2892 τοὺς
554 2830 975 2900 ἐξατονήσαντας
996 2832 1272 2905 τρέφουσι,
1294 2834 1387 2886 καὶ
1404 2834 1776 2905 παραμυθοῦνο

223 2936 335 2973 ται.
365 2920 645 2990 Κάμωμεν
676 2922 783 2974 νέοι
821 2919 1068 2987 ζεόντως,
1092 2922 1382 2993 δράμωμεν
1420 2925 1712 2992 νηφόντως·
1746 2924 1776 2976 ό

226 3010 333 3080 γὰρ
355 3008 582 3073 θάνατος
603 3010 812 3081 ἀδηλοςο
844 3014 1110 3084 πονηροὺς
1124 3014 1334 3086 ἀληθῶς
1360 3016 1453 3069 καὶ
1481 3016 1769 3086 χαλεποὺς,

225 3097 452 3162 δολίους,
495 3099 831 3171 πανούργους
867 3104 1004 3172 μετά
1031 3102 1140 3172 (26)
1167 3106 1353 3174 χεῖρας
1380 3104 1491 3175 πῦρ
1523 3106 1777 3175 κατέχον-

223 3203 343 3254 τας,
388 3180 498 3242 atat.
509 3190 601 3243 τὸν
629 3192 756 3245 ναὸν
783 3193 875 3246 τοῦ
908 3192 1041 3248 Θεοῦ
1070 3195 1347 3266 ἐμπρῆσαι
1380 3195 1775 3268 ἐπιθυμοῦντας

222 3279 310 3333 διά
336 3280 438 3352 τῆς
472 3281 669 3352 φλογὸς
695 3284 795 3354 τῆς
822 3288 878 3338 ἐν
900 3284 1068 3355 αὐτῷ,
1093 3286 1365 3353 δυνατοὺς,
1396 3288 1488 3341 καὶ
1514 3289 1770 3357 ἀΰπνους,

1888 2110 2117 2158 neros‘os
2146 2104 2352 2160 animos
2372 2106 2562 2169 cernit,
2604 2120 2898 2160 consuesse
2938 2107 3116 2159 statim
3173 2109 3241 2160 ab
3290 2108 3441 2161 initio

1887 2210 2008 2247 cum
2039 2196 2192 2249 hoste
2219 2196 2572 2261 committere,
2598 2211 2663 2250 eo
2702 2198 2947 2261 consilio,
2978 2197 3052 2249 uti
3083 2197 3230 2250 brevi
3285 2198 3438 2253 debi-

1886 2283 1955 2337 tis
1978 2285 2098 2337 vitae
2127 2284 2293 2360 beatae
2321 2285 2552 2348 praemiis
2583 2285 2795 2338 aﬂiciat.
2853 2283 2961 2339 Nec
3003 2286 3105 2338 hoc
3165 2286 3265 2353 12
3319 2286 3439 2339 sine

1869 2374 2126 2452 'numinis
2164 2375 2495 2443 providentia
2526 2376 2640 2430 ﬁeri
2672 2378 2827 2443 solet,
2866 2378 2940 2431 uti
2980 2378 3180 2448 passim
3219 2375 3439 2432 diﬂicul-

1884 2474 1986 2527 tas,
2040 2479 2134 2518 seu
2190 2465 2436 2520 molestia
2499 2466 2732 2535 religidsi
2781 2466 2939 2521 stadii
3047 2469 3065 2537 (
3115 2468 3221 2521 imo
3252 2483 3433 2522 revera

1885 2553 2482 2625 facilitas)nesciatur;
2522 2556 2724 2625 alioqui
2775 2571 2935 2612 nemo
2960 2573 3025 2612 ex
3086 2560 3233 2612 omni
3286 2573 3433 2612 mor-

1883 2648 2094 2713 talium,
2126 2663 2350 2702 numero
2378 2648 2443 2703 ad
2469 2649 2587 2704 illos
2638 2650 3012 2719 suscipiendos
3064 2651 3303 2705 animum
3351 2651 3439 2704 in-

1884 2742 2125 2797 duceret.
2148 2739 2382 2809 Propera
2412 2740 2628 2794 Christo
2662 2739 2847 2794 ﬂorem
2896 2741 3069 2795 aetatis
3108 2742 3172 2793 ad
3222 2742 3435 2797 laboras

1884 2833 2098 2896 oﬂerre,
2120 2840 2174 2885 et
2201 2832 2470 2901 ingentem
2497 2829 2625 2884 olim
2652 2844 2815 2884 senex
2857 2829 2923 2883 de
2972 2837 3117 2883 recte
3168 2829 3430 2884 factorum

1883 2924 2212 2977 conscientia
2250 2922 2576 3008 goluptatem
2606 2922 2803 2991 capies.
2841 2918 3106 2975 Semenlis
3146 2922 3196 2975 in
3239 2922 3432 2991 juven-

1882 3022 1995 3068 tute
2028 3013 2188 3079 facta,
2217 3024 2491 3069 senectam
2538 3022 2749 3068 aetatem
2804 3012 3154 3075 debilitatam,
3206 3022 3261 3071 et
3320 3012 3430 3068 [τει-
3526 3082 3539 3095 .

1880 3105 2136 3160 ctam‘alit
2183 3113 2236 3159 et
2283 3104 2509 3159 solatur.
2578 3104 2714 3158 Dum
2734 3117 2862 3174 ergo
2913 3105 3175 3167 valemus,
3221 3104 3429 3159 ardenti

1881 3196 2061 3257 studio
2090 3194 2433 3260 desudemus,
2457 3194 2693 3264 siccique
2720 3204 2773 3249 et
2814 3194 2979 3250 sobrii
3023 3194 3255 3248 stadium
3304 3195 3431 3249 reli-

1882 3287 2055 3357 gionis
2080 3286 2451 3341 decurramus.
2487 3265 2630 3339 Illors
2650 3294 2735 3340 est
2782 3284 3024 3351 incerta;
3082 3286 3260 3339 hostes
3299 3270 3462 3339 sane.

223 3371 445 3438 ἀΰλους,
480 3374 746 3443 άοράτους
772 3375 996 3446 ἐχθροὺς
1031 3376 1242 3447 ἔχομεν.
1281 3378 1484 3448 Μηδεὶς
1511 3379 1620 3450 (27)
1660 3381 1775 3445 νέος

1881 3376 2155 3447 improbos
2173 3385 2225 3430 et
2245 3391 2437 3439 saevos.
2472 3376 2783 3447 facibusque
2806 3386 3065 3447 armatos,
3117 3392 3257 3445 quos
3294 3387 3430 3431 tem-

222 3463 483 3535 ὑπάρχων
515 3465 642 3527 τοὺς
675 3464 899 3536 ἐχθροὺς
934 3466 1097 3521 αὑτοῦ
1125 3468 1382 3537 δαίμονας
1411 3471 1774 3540 παραδέξηται

220 3552 494 3623 λέγονταςσ
524 3556 617 3626 Μή
646 3572 739 3609 σου
761 3557 1094 3628 κατατρίψῃς
1119 3558 1215 3628 τὴν
1247 3560 1441 3629 σάρκα,
1474 3562 1558 3614 ἵνα
1590 3561 1665 3633 μή
1692 3562 1775 3613 νό-

222 3658 334 3708 σοις
371 3646 467 3699 καὶ
502 3646 801 3710 ἀσθενείαις
858 3648 1181 3719 περιπέσῃςο
1234 3650 1382 3719 μόλις
1437 3650 1544 3721 γὰρ
1596 3652 1653 3707 ἐν
1704 3655 1769 3723 τῇ

223 3735 471 3810 παρούσῃ
522 3738 753 3807 μάλιστα
800 3740 958 3809 γενεᾷ
1008 3739 1353 3813 εὑρεθήσεται
1399 3744 1428 3796 ὁ
1470 3742 1771 3797 θανατῶσαι

220 3827 424 3897 ταύτην
450 3828 825 3898 προελόμενος·
857 3828 958 3883 κάν
981 3829 1188 3884 πολλῶν
1212 3833 1302 3885 καὶ
1323 3833 1618 3902 ἡδυνόντων
1638 3836 1773 3904 βρω-

225 3918 412 3987 μάτων
440 3919 629 3973 ἑαυτὸν
664 3922 992 3990 στερήσειεν.
1021 3921 1223 3984 Σκοπὸς
1252 3921 1308 3974 δὲ
1345 3922 1515 3992 τούτῳ
1549 3925 1628 3995 τῷ
1653 3926 1769 3981 δαί-

225 4025 342 4078 μονι
375 4010 543 4083 αὐτὴν
574 4012 728 4083 ἡμῶν
762 4015 856 4083 τὴν
898 4012 955 4063 ἐν
978 4011 1058 4083 τῷ
1086 4012 1280 4084 σταδίῳ
1316 4012 1515 4068 εἴσοδον
1546 4016 1767 4088 χαύνην,

224 4096 313 4150 ut
342 4097 585 4168 ῥᾴθυμον
608 4099 846 4170 ποιῆσαι*
875 4100 967 4153 καὶ
992 4099 1052 4152 τὸ
1079 4093 1230 4163 τέλος
1257 4099 1437 4154 λοιπὸν
1470 4101 1570 4173 τήν
1598 4103 1770 4173 ἀρχὴν
1800 4169 1803 4172 γ

224 4187 497 4259 ἁρμόδιον.
526 4189 641 4258 Πρὸ
665 4189 776 4257 (28)
808 4190 1021 4243 πάντων
1042 4188 1199 4244 τοῦτο
1225 4190 1316 4244 καὶ
1339 4189 1646 4263 ζητήσουσι,
1678 4194 1771 4247 καὶ

221 4281 536 4352 ποιήσουσιν
563 4280 612 4332 ot
641 4280 699 4332 ἐν
720 4275 941 4350 Χριστῷ
974 4282 1201 4350 γνησίως
1220 4281 1496 4336 δουλεῦσαι
1518 4282 1770 4354 βουλόμε-

222 4389 319 4440 νοι,
345 4361 436 4427 ἵνα
468 4372 561 4445 καὶ
601 4370 726 4433 τοὺς
766 4369 984 4453 τόπους,
1018 4371 1114 4425 καὶ
1143 4373 1266 4435 τοὺς
1297 4372 1548 4443 τρόπους,
1580 4375 1671 4426 καὶ
1700 4375 1770 4427 τὰ

222 4465 548 4535 καθίσματα,
579 4462 675 4518 καὶ
714 4460 783 4517 τὰ
819 4460 1219 4531 ἐπιτηδεύματα
1260 4461 1348 4514 διὰ
1390 4465 1799 4532 πνευματικῶν

224 4551 502 4624 Πατέρων,
526 4554 621 4607 καὶ
646 4550 851 4614 οἰκείας
872 4548 1214 4618 ἐπιγνώσεως
1234 4549 1539 4619 ἁρμόζοντα
1556 4552 1768 4617 ἑαυτοῖς

1876 3470 1965 3538 plo
2025 3468 2119 3523 Dei
2178 3468 2443 3537 subjicere
2478 3479 2772 3533 conantur,
2815 3483 2910 3537 per
2964 3467 3255 3532 ﬂammam,
3307 3484 3431 3537 quae

1874 3576 2087 3630 semper
2116 3561 2169 3615 in
2194 3561 2286 3616 illo
2346 3561 2553 3630 ﬂagrat,
2614 3570 2875 3625 potentes,
2928 3560 3233 3630 pervigiles,
3276 3560 3429 3615 nullo

1873 3662 2098 3718 corpore
2149 3664 2361 3720 graves,
2412 3649 2559 3702 nullo
2579 3651 2757 3717 colore
2798 3650 3117 3718 spectabiles
3186 3650 3419 3704 sustine-

1872 3760 2017 3799 mus.
2039 3743 2210 3798 Nemo
2229 3742 2542 3796 adolescens
2571 3743 2753 3795 audiat
2779 3750 3109 3795 veteratores
3136 3757 3268 3809 cum.
3291 3757 3420 3809 sug-
3534 3804 3535 3807 η

1871 3840 2082 3905 gerum,
2113 3848 2181 3887 nc
2210 3846 2408 3898 corpus
2425 3829 2647 3900 aﬂligas,
2680 3829 2999 3897 morbosque
3021 3845 3168 3882 crees
3194 3838 3246 3883 et
3278 3829 3425 3883 fran-

1868 3924 2045 3995 garis':
2106 3925 2195 3978 vix
2220 3922 2386 3987 enim,
2410 3922 2510 3976 hac
2536 3921 2829 3991 presertim
2855 3929 3168 3991 tempestate
3192 3937 3257 3976 ex
3298 3936 3420 3975 om-

1870 4014 1924 4067 ni
1951 4012 2102 4082 copia
2132 4011 2341 4082 generis
2366 4009 2584 4065 humani
2633 4019 2717 4064 est
2764 4009 2855 4079 qui
2902 4008 3117 4064 vincere
3160 4011 3418 4077 seipsum,

1869 4118 2105 4173 suasque
2125 4102 2441 4172 cupiditates
2488 4108 2726 4155 mactare
2786 4096 3029 4167 conetur,
3073 4101 3420 4169 quantumvib

1869 4195 1938 4249 ab
1965 4202 2223 4263 apparatu
2247 4191 2584 4260 delicataque
2612 4205 2797 4245 mensa
2850 4190 3130 4261 abstineat.
3184 4189 3419 4245 lnsidia»

1870 4286 2001 4339 toris
2027 4283 2195 4337 nostri
2217 4281 2500 4336 consilium
2537 4296 2602 4335 eo
2652 4281 2834 4355 tendit,
2878 4280 2952 4332 uti
3004 4292 3131 4332 cum.
3182 4280 3416 4347 primum

1868 4389 1968 4429 nos
1987 4373 2577 4438 stadiocommittimus,
2602 4372 2794 4425 inertes
2840 4369 3166 4440 ignavosque
3206 4372 3413 4433 reddat.

1867 4474 1975 4535 quo
2004 4464 2243 4533 reliquus
2271 4464 2522 4532 deinceps
2548 4474 2759 4523 cursus,
2790 4474 2852 4513 ac
2886 4460 2952 4514 ad
3010 4462 3169 4516 linem
3222 4462 3416 4520 decur-

1867 4570 1963 4610 sus
1992 4553 2244 4619 languido
2268 4552 2529 4622 principio
2554 4546 2892 4615 respondeat.
2918 4548 3054 4603 Ante
3088 4549 3265 4601 omnia
3295 4561 3415 4617 ger-

222 4642 585 4709 ἐπιλέξωνται.
646 4641 724 4697 Οὐ
765 4643 873 4711 γὰρ
924 4641 1136 4695 πάντων
1179 4638 1248 4693 τά
1283 4642 1539 4705 κοινόδια,
1569 4643 1656 4697 διὰ
1704 4645 1765 4699 τὸ

1876 4642 2011 4697 mani
2040 4643 2133 4697 Dei
2149 4641 2333 4696 famuli
2355 4646 2597 4709 quaerant
2616 4638 2970 4709 studeantque
2992 4655 3086 4708 per
3134 4640 3412 4708 religiosos

221 4732 490 4807 λιχνῶδις·
537 4732 659 4787 οὐδὲ
720 4735 933 4788 πάντων
990 4732 1058 4787 τὰ
1117 4732 1520 4803 ήσυχαστήρια,
1573 4734 1661 4789 διὰ
1705 4738 1765 4791 τὸ

1876 4735 1980 4791 sive
2001 4731 2305 4803 spirituales
2329 4730 2536 4791 Patres.
2578 4744 2845 4798 suumque
2872 4732 3109 4800 ipsorum
3148 4728 3412 4797 cujusque

222 4823 743 4897 ουμῶδεςπῖκαστος
783 4822 843 4876 δέ
880 4820 1225 4897 ἐπισκέψεται
1256 4822 1315 4874 ἐν
1354 4821 1490 4891 ποίῳ
1529 4823 1765 4878 πεποίω-

223 4933 329 4972 ται.
378 4916 467 4969 Ἐν
504 4912 652 4985 τρισὶ
682 4909 1064 4985 γενικωτάτας
1105 4912 1460 4966 καταστάσεσι
1493 4911 1760 4985 καθισμάο

221 5024 323 5063 των
368 5005 555 5060 ἅπασα
595 5002 631 5073 ή
675 5001 936 5075 μοναχική
982 5002 1220 5057 πολιτεία
1263 5001 1588 5071 περιέχεται·
1632 5005 1667 5076 ἦ
1706 5008 1765 5059 ἐν

222 5096 480 5168 ἀθλητικῇ
520 5092 880 5165 ἀναχωρήσει,
924 5093 1018 5165 καὶ
1061 5094 1239 5166 μονία·
1276 5091 1329 5163 ἢκ
1372 5090 1509 5164 μετά
1548 5093 1685 5159 ἐνὸς,
1727 5094 1761 5166 ἢ

223 5188 349 5243 πολὺ
380 5178 477 5243 δύο
510 5181 821 5258 ἡσυχάζειν*
866 5181 900 5254 ἢ
952 5184 1011 5237 ἐν
1058 5184 1306 5255 κοινοσίῳ
1352 5174 1762 5255 ὑπομονητικῶς

222 5278 559 5345 καθίζεσθαι.
592 5274 690 5345 Μὴ
723 5272 834 5347 (29)
863 5272 1168 5343 ἐκκλίνῃς,
1197 5274 1358 5345 φησὶν
1378 5275 1408 5326 ὁ
1447 5274 1763 5346 Ἐκκλησια-

222 5370 367 5441 στής,
407 5372 497 5437 εις
532 5369 604 5425 τά
636 5367 822 5432 δεξιὰ,
850 5363 889 5433 ἢ
916 5365 1002 5432 εις
1024 5365 1098 5418 τὰ
1123 5364 1416 5434 ἀριστερά·
1455 5382 1474 5416 ι
1511 5364 1627 5419 ἀλλ’
1659 5367 1764 5438 ὁδῷ

226 5453 468 5527 βασιλικῇ
515 5455 805 5527 πορευθῇς·
847 5453 881 5523 ή
920 5450 1024 5521 γὰρ
1057 5451 1191 5523 μέση
1220 5453 1326 5506 τῶν
1358 5454 1761 5523 προειρημένων

226 5546 429 5608 πολλοῖς
481 5546 738 5617 ἁρμόδιος
781 5542 1128 5614 καθέστηκεν.
1179 5543 1259 5609 Τῷ
1288 5544 1385 5613 μὲν
1426 5540 1530 5613 γάρ
1572 5547 1755 5612 μόνῳ,

221 5636 372 5701 οὐαί,
412 5633 600 5706 φησίν,
631 5634 722 5695 ὅτι
741 5632 1035 5700 ἐὰνπέσῃ
1065 5632 1141 5692 εἰς
1171 5631 1415 5698 ἀκηδίαν,
1448 5632 1480 5701 ἢ
1512 5630 1694 5700 ὕπνον,
1723 5635 1755 5706 ἢ

227 5726 506 5801 ρᾳθυμίαν,
539 5724 574 5799 ἦ
602 5725 927 5797 ἀπόγνωσιν,
960 5724 1068 5778 οὐκ
1096 5721 1263 5776 ἐστιν
1305 5726 1338 5777 ό
1363 5723 1602 5793 ἐγείρων
1638 5730 1784 5796 αὺε

1855 4824 2139 4894 judicium,
2170 4833 2290 4889 qua:
2334 4817 2474 4884 loca,
2523 4832 2663 4887 quos
2691 4877 2695 4881 ,
2724 4832 2924 4879 mores,
2981 4831 3138 4886 quam
3189 4817 3410 4873 domum

1862 4924 1951 4969 aut
1973 4912 2177 4972 sedem.
2201 4925 2338 4981 quas
2360 4910 2773 4966 exercitationes
2802 4907 2907 4963 sibi
2964 4916 3293 4976 opportunas
3318 4924 3411 4978 po-

1858 5004 2127 5060 tissimum
2162 5000 2264 5072 13
2290 5001 2546 5073 deligant,
2562 5014 2737 5070 neque
2764 4997 2905 5054 enim
2932 5011 2963 5051 e
2981 5012 3040 5050 re
3058 4996 3407 5055 delicatorum

1856 5102 1959 5156 est,
1986 5092 2039 5146 in
2066 5093 2316 5148 coenobio
2345 5092 2537 5167 degere
2566 5110 2581 5159 ;
2623 5103 2798 5162 neque
2834 5088 3214 5144 iracundorum
3239 5089 3291 5144 in
3318 5105 3398 5144 so-

1854 5185 2077 5241 litudine
2113 5183 2313 5249 vivere,
2336 5198 2459 5239 cum
2502 5184 2654 5239 multi
2690 5180 2986 5253 praecipites
3029 5182 3085 5237 in
3142 5182 3275 5236 iram
3331 5180 3408 5233 fe-

1854 5282 2062 5329 rantur.
2102 5270 2336 5327 Proinde
2360 5273 2559 5345 singuli
2587 5273 2895 5341 dispiciant,
2924 5274 3070 5344 quod
3096 5287 3262 5343 genus
3284 5272 3406 5323 vita:

1855 5361 1958 5418 sibi
2024 5359 2363 5430 aptissimum
2420 5361 2764 5417 arbitrentur.
2813 5360 3030 5432 Triplex
3075 5360 3295 5415 omnino
3319 5366 3402 5410 est

1856 5451 2033 5507 onmis
2066 5452 2329 5522 religiosae
2359 5460 2413 5506 et
2454 5463 2727 5520 generosa
2760 5452 2883 5507 vitae
2912 5453 3090 5515 ratio;
3116 5447 3196 5501 vel
3223 5455 3279 5500 ut
3312 5460 3403 5517 so-

1861 5540 1946 5595 lus
1974 5551 2029 5595 et
2060 5540 2334 5596 solitarius
2374 5539 2696 5596 decertandu
2748 5541 2928 5607 vivas;
2990 5541 3069 5592 vel
3126 5550 3243 5588 cum
3293 5548 3404 5587 uno

1861 5634 2099 5688 alterove
2129 5633 2338 5699 sedali;
2385 5632 2469 5686 vel
2496 5641 2553 5686 ut
2591 5631 2644 5688 in
2679 5633 2926 5690 coenobio
2986 5644 3107 5682 cum
3158 5626 3402 5693 pluribus

1859 5741 1955 5798 per
1986 5726 2298 5795 patientiam
2324 5724 2698 5793 conquiescas.
2754 5721 2873 5774 Non
2902 5717 3124 5772 declines
3162 5713 3231 5768 ad
3274 5714 3401 5767 des-
