4048 6338
165 467 264 532 645

755 589 800 638 Σ
800 586 1006 654 χόλων
1056 584 1122 654 γ’.

225 693 576 763 Σκυθρωπὲν,
599 696 692 748 καὶ
717 695 1029 766 λάμπουσαν
1047 697 1267 750 ἐκάλεσε
1339 697 1436 766 τὴν
1465 711 1720 746 ταπεινο-

161 783 454 853 φροσύνην,
485 783 710 848 εἰκότως
729 803 745 816 ·
773 785 1090 856 σκυθρωπὸν
1127 789 1222 857 μὲν
1252 786 1339 838 διὰ
1389 786 1489 854 τὴν
1523 785 1718 852 ὑπομο-

161 876 272 943 νὴν,
295 875 395 927 καὶ
440 875 866 946 τὴν-καρτερίαν
889 877 998 930 τῶν
1024 876 1299 949 λυπηρῶν,
1345 868 1420 930 ὧν
1440 878 1499 928 ὲν
1552 874 1718 944 πείρα

161 965 291 1016 εἰσὶν
319 965 375 1016 οἱ
414 967 978 1036 τατιεινοφρονοῦντεςο
999 968 1318 1038 λάμπουσαν
1340 968 1397 1020 δὲ
1429 967 1591 1019 πάλιν
1628 965 1716 1018 διὰ

162 1055 252 1123 τὴν
285 1053 448 1118 δόξαν
483 1058 582 1110 καὶ
615 1055 842 1126 ὖψωσιν,
874 1060 942 1128 ἢν
965 1059 1212 1128 προξενεῖ
1239 1060 1352 1120 τοῖς
1378 1058 1546 1128 αὐτὴν
1579 1073 1714 1109 κατ-

161 1143 497 1213 ορθώσασιν·
543 1147 580 1218 ἦ
629 1147 946 1218 σκυθρωπὸν
989 1152 1087 1220 μὲν
1129 1152 1238 1212 τοῖς
1274 1149 1556 1228 ῥᾳθύμοις,
1622 1149 1717 1215 καὶ

162 1229 275 1300 μηδ’
303 1231 486 1283 ὁτιοῦν
511 1231 601 1284 διὰ
627 1231 758 1284 Θεὸν
784 1231 1030 1288 θέλουσιν
1049 1234 1336 1302 ὑπομένειν
1353 1249 1368 1262 ·
1396 1232 1714 1302 λάμπουσαν

107 1377 113 1383 ,
158 1320 211 1372 δὲ
253 1325 374 1385 ττδῖς
415 1317 781 1393 καρτερικοϊς,
807 1324 902 1378 καὶ
959 1324 1241 1395 ἀνδρείως,
1269 1325 1362 1378 καὶ
1387 1325 1563 1377 πάντα
1623 1318 1717 1384 διὰ,
1756 1397 1762 1405 ι

156 1409 281 1461 Θεὸν
293 1411 625 1481 ὑπομένουσι
671 1413 764 1483 καὶ
786 1412 888 1466 τίων
899 1414 1065 1484 αὐτῆς
1081 1413 1431 1483 γινώσκουσιν
1447 1413 1712 1482 ὠφέλειαν

157 1497 343 1568 ὁπόση.
611 1516 615 1518 -

744 1617 792 1667 Σ
793 1615 1000 1682 χόλων
1041 1614 1111 1667 δ’.

223 1715 297 1772 τὸ
329 1719 466 1784 Θεὸς
499 1721 669 1790 ονομα
699 1723 914 1791 λέγεται
941 1724 975 1796 ἢ
1004 1725 1069 1778 ἐκ
1092 1723 1184 1777 τοῦ
1211 1724 1372 1786 θέειν,
1407 1726 1499 1778 καὶ
1551 1743 1706 1796 περι-

160 1811 305 1863 έπειν
332 1810 404 1862 τὰ
431 1811 718 1881 σύμπαντα
737 1831 751 1844 ·
780 1813 814 1882 ἢ
843 1817 907 1867 ὲκ
932 1813 1025 1867 τοῦ
1055 1814 1246 1878 αἴθειν,
1294 1816 1324 1868 ὅ
1350 1816 1466 1869 ἔστι
1507 1818 1699 1870 καίειν.

1182 473 1403 531 SCALA
1441 469 1813 530 PARADISI.
1836 493 1904 503 -
1934 469 2233 531 GRADUS
2270 473 2315 531 Ι.

3270 484 3372 545 646

2389 588 2490 659 15
2526 590 2767 644 Scholion
2798 593 2850 646 5.

1886 695 2072 752 Merito
2093 701 2295 756 tristem
2348 714 2401 759 et
2427 706 2626 760 claram
2659 709 2821 762 simul
2863 709 3217 766 humilitatem
3275 728 3369 779 ap-

1815 787 2062 855 pellavit:
2104 793 2310 847 tristem
2342 807 2556 866 propter
2583 801 2896 868 patientiam
2925 813 2980 856 et
3003 805 3368 858 molestiarum

1816 881 2175 950 tolerantiam,
2214 901 2349 954 quas
2376 889 2643 945 sustinent
2666 905 2720 946 et
2776 894 3018 962 quotidie
3078 898 3370 965 experiun-

1771 1011 1773 1015 .
1815 980 1903 1022 tur
1931 972 2205 1041 humiles;
2255 977 2453 1033 claram
2511 983 2657 1051 quod
2700 983 3020 1040 humilitatis
3077 998 3372 1042 sectatores

1813 1073 2072 1132 sequatur
2097 1065 2287 1134 gloria,
2317 1078 2369 1123 ct
2388 1072 2635 1128 sublimis
2679 1074 2871 1137 honor,
2901 1092 3061 1144 quem
3093 1079 3370 1132 humilitas

1813 1150 1920 1232 illis
1947 1155 2218 1218 conciliat.
2265 1159 2390 1223 Aut,
2454 1162 2660 1216 tristem
2713 1166 2941 1231 ignavis.
2999 1183 3100 1222 nee
3155 1169 3370 1236 quidvis

1811 1254 1910 1309 pro
1941 1239 2051 1297 Deo
2081 1247 2345 1302 sustinere
2372 1252 2710 1318 volentibus;
2736 1256 2935 1309 claram
2980 1272 3109 1310 vero
3159 1260 3368 1327 patien-

1811 1330 1957 1386 tibus
1988 1343 2041 1386 et
2065 1333 2312 1400 fortibus,
2351 1348 2404 1392 et
2435 1341 2568 1395 nillil
2592 1358 2700 1397 non
2761 1360 2860 1413 pro
2913 1346 3024 1400 Deo
3086 1350 3362 1403 sustinere

1809 1421 2033 1489 paratis,
2055 1433 2108 1477 et
2142 1426 2230 1501 iis,
2271 1431 2364 1496 qui
2389 1443 2587 1500 quanta
2615 1435 2688 1487 sit
2711 1434 2858 1490 illius
2925 1437 3132 1493 utilitas
3200 1441 3368 1508 probe
3449 1514 3453 1518 ‘

1807 1525 2159 1581 cognoscunt.
2512 1541 2517 1546 '

2417 1613 2663 1670 Scholion
2685 1619 2738 1672 4.

1876 1716 2015 1773 Deus
2048 1721 2231 1778 Graece
2262 1724 2394 1788 Θεὸς
2414 1723 2630 1793 dicitur,
2681 1741 2734 1785 et
2769 1733 3050 1786 deducitur
3112 1750 3142 1787 a
3203 1750 3360 1798 aestv,

1803 1811 2052 1878 quodest
2084 1829 2303 1869 currere
2330 1826 2384 1870 et
2406 1833 2599 1874 curare
2636 1823 2816 1876 omnia
2849 1841 2862 1875 :
2912 1826 2992 1878 vel
3041 1825 3109 1877 all
3168 1826 3358 1886 αἴθειν,

169 1902 224 1952 ’0
249 1901 356 1970 γὰρ
380 1901 515 1964 Θεὸς
543 1902 655 1973 πῦρ
683 1906 1069 1958 καταναλίσκον
1096 1907 1274 1959 πᾶσαν
1299 1906 1498 1959 κακίαν
1525 1907 1672 1960 ἐστίν
1694 1925 1707 1938 ·

1812 1899 1954 1965 quod
1984 1908 2067 1954 est
2095 1917 2270 1985 urere.
2296 1902 2438 1960 Deus
2469 1909 2612 1961 enim
2653 1920 2737 1964 est
2792 1912 2952 1980 ignis,
3000 1915 3093 1983 qui
3143 1929 3359 1967 omnem

158 1991 190 2058 ἢ
232 1992 341 2044 ἀπὸ
360 1991 456 2045 τοῦ
490 1991 713 2047 θεᾶσθαι
738 1995 806 2048 τὰ
825 1995 1020 2048 πάντα·
1051 1996 1316 2066 amomo;
1343 1998 1454 2069 γάρ
1479 2000 1708 2052 ἐστικαὶ

160 2083 367 2136 πάντων
399 2085 645 2154 ἐπόπτης
665 2102 680 2116 ο
708 2085 967 2140 ἐθεάσατο
1008 2086 1118 2156 γὰο
1154 2088 1330 2142 πάντα
1379 2090 1510 2160 πρὶν
1552 2091 1706 2158 γενέ-

160 2188 288 2236 σεως
311 2173 512 2227 αὐτῶν.

749 2377 1000 2443 Σχόλισν
1055 2383 1121 2431 ε’.

235 2487 462 2557 Ἀσεὸής
487 2488 600 2540 ἐστι
621 2488 715 2541 καὶ
738 2491 768 2542 ὁ
810 2491 1171 2560 προσεγγίσας
1201 2491 1278 2562 τῷ
1307 2491 1704 2562 ὲπαγγὲλματι,

160 2581 247 2628 καὶ
292 2579 634 2647 ἀποθέμενος
679 2580 828 2636 αὐτό.
865 2582 1088 2652 Ἀσεσὴς
1111 2582 1168 2635 δὲ
1197 2583 1339 2637 καὶὸ
1389 2583 1524 2653 μηδὲ
1576 2601 1708 2655 προ-

159 2669 377 2736 εγγίσας
440 2671 506 2723 δι’
561 2672 886 2741 ἀφροσύνην.
937 2674 1092 2728 Κατὰ
1134 2675 1215 2739 τὸ,
1264 2672 1448 2730 Ebur
1505 2679 1708 2746 ἄφρων

157 2761 222 2808 ὲν
250 2760 466 2828 καρδίᾳ
489 2763 700 2815 αὐτοῦ·
736 2753 857 2816 Οὐκ
881 2764 1010 2817 ἔστι
1045 2769 1186 2832 Θεὸς
1203 2785 1218 2798 ο
1240 2768 1316 2832 ὡς
1337 2769 1406 2823 τὰ
1435 2773 1706 2844 κτίσματα

158 2848 246 2900 τοῦ
275 2851 532 2904 ἀκτίστου
567 2855 1038 2929 προτιμησᾴμενος
1064 2857 1304 2911 κτίστου.

747 2967 1003 3036 Σχόλιον
1029 2975 1104 3032 ς’.

223 3072 356 3127 Βίαν
385 3073 608 3128 ἐκάλεσε
629 3074 728 3144 τὴν
751 3074 858 3127 τῶν
890 3075 1154 3144 σωμάτων
1213 3081 1596 3151 καταπόνησιν,
1637 3085 1708 3153 ἢν

160 3162 479 3234 ὑπομένουσι
512 3166 770 3230 ἑκουσίως
793 3168 841 3218 oi
876 3166 970 3222 τοῦ
1009 3169 1238 3238 Χριστοῦ
1268 3171 1502 3242 μαθηταὶ
1528 3177 1586 3226 ἐν
1636 3179 1702 3247 τῇ

158 3256 375 3326 ἀρνήσει
401 3255 509 3308 τῶν
552 3255 765 3310 οίκείων
810 3255 1145 3326 θελημάτων,
1177 3261 1270 3312 καὶ
1304 3262 1402 3330 τῆς
1447 3265 1586 3318 κατὰ
1641 3266 1705 3318 τὸ

161 3345 312 3415 σῶμα
361 3346 735 3410 ἀναπαύσεως,
765 3347 856 3400 ἐπὶ
908 3347 1114 3417 φυλακῇ
1168 3351 1274 3402 τῶν
1328 3354 1551 3407 ἐντολῶν
1611 3356 1704 3416 τοῦ

160 3436 200 3487 Χ
209 3437 411 3506 ριστοῦ.

744 3555 1002 3623 Σχόλιον
1058 3557 1132 3617 ζ’.

239 3663 559 3732 Ἐπειδήπερ
617 3666 675 3717 ιν
697 3666 773 3736 τῷ
807 3668 905 3736 τῆς
932 3671 1140 3737 φύσεως
1171 3673 1457 3744 λογιστικῳ
1500 3677 1556 3728 αί
1586 3678 1707 3745 σχέ-

163 3768 271 3813 σεις
297 3754 467 3806 τίσιν·
500 3757 560 3806 ἂν
592 3755 671 3825 τῷ
705 3757 915 3828 θυμικῷ
945 3762 1094 3832 μὲνὴ
1127 3765 1266 3835 ἀρχή
1288 3781 1301 3794 ⁶
1333 3766 1393 3818 ἐν
1413 3766 1490 3836 τῷ
1524 3769 1707 3821 ἐπιθυ-

156 3840 395 3912 ,μητικῄ
457 3843 493 3912 ἡ
533 3843 711 3915 λύπην
770 3850 801 3898 ό
868 3849 1108 3932 ὑπερϐὰς
1163 3855 1331 3906 ταῦτα
1396 3856 1492 3926 τὴν
1548 3858 1706 3926 φύσιν

165 3934 448 4004 ἠρνήσατο.
1085 3945 1088 3948 “
1257 3938 1259 3941 ’

746 4049 1000 4115 Σχόλιον
1045 4057 1116 4118 η’.

232 4154 324 4215 Εἰς
351 4154 475 4223 τρία
505 4153 699 4225 διαιρεῖ
733 4155 822 4208 τὸν
851 4161 948 4226 τῆς
982 4159 1264 4228 μετανοίας
1288 4161 1463 4230 λόγον,
1491 4167 1584 4220 καὶ
1612 4167 1706 4221 ἐὰν

172 4244 290 4314 μηδ’
323 4244 403 4315 (τι)
435 4247 691 4315 ὁποτέρου
718 4246 795 4316 τῷ
821 4249 1262 4319 ἀναλαμϐάνοντι,
1292 4254 1494 4328 γίνεται
1512 4258 1708 4328 ἄχρησ·

166 4353 254 4401 τος
296 4336 363 4390 δι’
390 4337 512 4388 ὅλου
544 4337 577 4406 ὴ
606 4338 784 4390 τοιάδε
821 4340 1141 4411 καθέστηκε.
1180 4326 1502 4416 Προκριτέον
1520 4326 1706 4420 δέτὴν

168 4421 248 4478 διὰ
272 4427 363 4479 τὸν
388 4425 567 4494 τρίτον
592 4426 807 4496 τρόπον,
835 4428 998 4497 ἤγουν
1027 4431 1117 4482 τὸν
1156 4431 1394 4501 ἔσχατον.
1435 4435 1580 4507 Λῦτη
1601 4440 1706 4507 γὰρ

1809 1989 2067 2044 malitiam
2094 1996 2366 2048 consumit
2384 2015 2408 2060 _:
2434 2007 2524 2052 aut
2547 2014 2577 2051 a
2616 2003 2781 2056 verbo
2811 2002 3056 2068 θεᾶσθαι,
3113 2005 3257 2074 quod
3281 2017 3364 2059 est

1806 2078 1990 2134 videre
2017 2095 2113 2135 seu
2147 2083 2409 2152 inspicere
2426 2090 2626 2143 omnia.
2655 2090 2822 2145 Deum
2851 2094 2996 2147 enim
3023 2093 3159 2148 nihil
3210 2096 3359 2156 latet.

1804 2170 1898 2238 qui
1924 2170 2141 2240 inspicit
2167 2175 2392 2229 omnia:
2451 2179 2632 2233 omnia
2665 2182 2810 2235 enim
2865 2182 2996 2236 vidit
3045 2183 3362 2253 priusquam

1805 2273 2136 2318 crearentur.

2425 2380 2670 2436 Scholion
2703 2383 2755 2438 5.

1875 2485 2079 2556 Impius
2107 2500 2210 2555 est,
2240 2493 2333 2561 qui
2368 2493 2760 2566 professionem
2820 2497 3076 2566 suscepit,
3131 2508 3184 2553 et
3242 2514 3362 2553 eam

1805 2579 2049 2634 abdicat.
2074 2579 2245 2635 Etiam
2278 2583 2365 2636 hic
2386 2584 2613 2652 impius,
2662 2587 2754 2654 qui
2820 2599 3037 2656 propter
3083 2591 3362 2644 stultitiam

1805 2665 1873 2718 ad
1903 2657 2050 2720 illam
2085 2683 2189 2721 non
2221 2670 2444 2725 accedit.
2477 2669 2552 2724 De
2583 2686 2694 2739 quo
2729 2674 2858 2727 illud
2889 2693 2902 2729 :
2933 2676 3081 2730 Dixit
3113 2679 3361 2747 insipiens

1805 2757 1859 2810 in
1882 2758 2032 2811 corde
2055 2774 2172 2824 suo,
2198 2775 2298 2812 non
2322 2770 2398 2813 est
2433 2759 2565 2815 Deut
2603 2764 2656 2814 ':
2699 2765 2872 2833 utqui
2906 2781 3067 2833 opera
3124 2767 3215 2822 Dei
3279 2770 3361 2821 in-

1805 2849 1971 2904 creati
1997 2851 2258 2920 praponit
2282 2867 2382 2907 suo
2411 2855 2662 2910 creatori.
3235 2870 3240 2876 ‘

2393 2961 2632 3016 Scholion
2655 2964 2710 3017 6.

1786 3089 1794 3097 ·
1885 3071 2200 3127 Violentiam
2246 3073 2530 3142 appellavit
2587 3074 3022 3145 defatigationem
3045 3092 3361 3146 corporum,

1804 3176 1968 3231 quam
1995 3165 2266 3219 sustinent
2303 3166 2361 3230 ii,
2394 3167 2486 3234 qui
2513 3164 2787 3220 Christum
2813 3167 2864 3220 in
2895 3169 3189 3222 voluntatis
3235 3185 3363 3238 pro-

1807 3251 1959 3321 priae,
1996 3268 2093 3306 nec
2121 3269 2226 3307 non
2267 3257 2510 3323 corporis
2559 3257 2756 3325 quietis
2807 3258 3181 3327 abnegalione,
3236 3274 3362 3326 pro-

1804 3351 1923 3412 pter
1976 3344 2404 3400 observationem
2455 3359 2842 3420 praceptorum
2913 3349 3138 3412 Christi,
3172 3360 3363 3418 sponte

1804 3448 2122 3506 sequuntur.

2426 3552 2667 3608 Scholion
2680 3556 2738 3609 '7.

1874 3661 2316 3732 Quandoquidem
2350 3665 2401 3716 in
2438 3666 2714 3720 rationalis
2745 3677 2948 3722 naturae
2981 3669 3238 3724 facultate
3266 3670 3364 3726 ha-
3465 3662 3471 3669 ’

1804 3752 1948 3806 bitus
1981 3764 2220 3818 sullt;et
2246 3756 2296 3807 in
2337 3757 2596 3809 irascendi
2642 3758 2880 3824 quidem,
2905 3760 3022 3825 ira;
3079 3762 3132 3814 in
3194 3777 3360 3828 appe-

1803 3839 1970 3902 tendi,
2001 3841 2216 3893 tristitia
2242 3860 2256 3904 ,
2283 3841 2371 3909 qui
2401 3842 2512 3894 llaec
2573 3843 2718 3904 vicit,
2783 3854 3028 3898 naturam
3067 3853 3278 3915 negavit
3310 3857 3363 3900 et

1804 3931 2097 3984 abdicavit.

2425 4039 2674 4093 Scholion
2703 4044 2755 4094 8.

1887 4146 1944 4199 In
1974 4149 2076 4200 tria
2100 4163 2291 4216 genera
2326 4150 2555 4216 partitur
2587 4166 2888 4205 sermonem
2919 4152 2985 4204 de
3015 4155 3359 4220 pcenitentla:

1807 4254 1873 4292 ex
1901 4240 2220 4308 quillusnisi
2287 4241 2551 4308 pwnilcns
2616 4257 2781 4294 unum
2835 4242 3052 4311 aliquod
3118 4247 3362 4313 arripiat.

1806 4342 1914 4384 tota
1945 4332 2088 4401 illius
2129 4332 2443 4400 pmliitelltia
2499 4333 2642 4384 nulla
2706 4343 2807 4385 est.
2862 4333 3135 4401 Optimum
3183 4347 3361 4390 autem

1805 4433 1939 4475 este
1970 4425 2141 4498 tribus
2170 4424 2436 4486 ultimum,
2477 4425 2592 4477 sive
2644 4424 2833 4478 tertius
2883 4427 3175 4493 pmnitendi
3242 4445 3350 4480 mo-

168 4517 256 4569 καὶ
300 4517 642 4588 ἀνολίγωρος,
699 4516 793 4570 καὶ
856 4518 1175 4588 πολύμισθος
1223 4523 1300 4593 τῷ
1347 4531 1701 4598 κτησαμένῳ·

1809 4514 1927 4566 dus.
1964 4514 2083 4567 lla'c
2114 4516 2255 4567 enim
2286 4515 2560 4582 pteuitudo
2585 4525 2666 4566 est
2720 4525 3001 4578 accurata;
3064 4527 3117 4570 et
3174 4520 3330 4584 aequi

169 4606 250 4659 διὰ
277 4607 551 4677 βασιλείαν
597 4609 856 4680 οὐρανῶν,
901 4607 988 4660 διὰ
1034 4609 1232 4680 πλῆθος
1295 4612 1590 4685 ἁμαρτιῶν,
1641 4619 1740 4694 δι’,

168 4697 380 4770 ἀγάπην
409 4701 489 4762 είς
515 4698 667 4754 θεόν.

753 4901 1004 4970 Σχόλιον
1062 4902 1127 4954 θ’.

234 5009 368 5083 Περὶ
392 5009 616 5076 πένθους
640 5011 786 5079 λέγει
814 5013 1197 5081 διηνεκοϋς.ὄτι
1213 5015 1348 5066 κατά
1372 5016 1464 5067 τὸν
1491 5019 1707 5074 εἰπόντα

170 5097 316 5167 ἅγιον
363 5104 610 5176 γέροντα.
675 5107 867 5170 πένθος
934 5107 1217 5179 ἐργάζεται
1279 5106 1371 5158 καὶ
1425 5108 1703 5174 φυλάσσει.

183 5189 309 5243 Ἰδοὺ
343 5195 449 5264 γὰρ
469 5197 677 5266 καὶτῆς
707 5198 976 5269 μακαρίας
1007 5197 1270 5259 ἀπαθείας
1298 5197 1553 5265 πρόξενον
1578 5203 1706 5254 αὐτὸ

174 5274 333 5346 λέγει.

611 5397 870 5462 Σκόλιον
931 5397 1167 5452 Ἡσαΐου
1196 5404 1245 5450 ι’.

251 5496 664 5573 ’Δγωνισὼμεθα
694 5501 806 5568 οὖν,
838 5507 1070 5577 ἀδελφοὶ,
1105 5495 1242 5561 κατὰ
1278 5509 1374 5577 τῆς
1435 5507 1710 5577 ὀκνηρίας,

180 5591 264 5637 καὶ
291 5590 667 5660 ἀποσχίσωμεν
682 5594 740 5646 τὸ
759 5594 1032 5667 σουδάριον
1050 5593 1146 5649 ’τοῦ
1178 5597 1396 5656 σκότους
1423 5597 1514 5664 ἀφ’
1538 5596 1712 5665 ἡμῶν.

245 5745 264 5775 '
283 5746 422 5800 Psal.
452 5762 548 5810 ιιι,
587 5747 640 5801 l.

251 5863 328 5930 (ο)
359 5859 582 5916 Videtur
603 5859 895 5914 desiderari
922 5860 1143 5931 aliquid.

1809 4608 1909 4658 sita
1937 4608 2218 4674 plurimam
2260 4605 2535 4674 ptellitcnti
2567 4607 2862 4659 mercedem
2892 4617 3186 4674 comparat.
3262 4606 3354 4678 .V'el

1805 4700 1947 4750 enim
1985 4698 2272 4764 suscipitur
2292 4705 2508 4763 propter
2537 4712 2756 4764 regnum
2811 4697 3092 4758 cmlorunl,
3150 4697 3228 4769 vt-l
3288 4698 3360 4750 oll

1776 4844 1779 4846 _
1808 4789 2201 4840 multitudinem
2242 4797 2603 4853 peccatorum,
2652 4786 2731 4837 vel
2761 4801 2826 4838 ex
2857 4802 3040 4839 amore
3070 4788 3122 4837 ill
3168 4785 3354 4841 Deum.
3382 4817 3385 4819 >

2381 4895 2486 4964 16
2513 4894 2757 4948 Scholion
2787 4896 2840 4950 9.

1875 5005 1946 5056 De
1969 5002 2188 5056 assiduo
2216 4999 2429 5067 planctu
2458 5001 2716 5068 loquitur,
2768 5001 2860 5068 qui
2925 5011 3089 5070 prout
3138 5013 3360 5058 sanctus

1803 5101 1910 5161 ille.
1925 5106 2073 5166 pater
2099 5093 2255 5153 dixit,
2284 5091 2461 5145 luctus
2492 5101 2763 5159 operatur,
2802 5101 2854 5144 et
2885 5108 3046 5161 Opera
3101 5097 3355 5178 custodit,

1801 5193 1934 5244 Ecce
1979 5186 2122 5238 enim
2152 5186 2239 5237 llic
2271 5184 2381 5251 ipse
2431 5185 2625 5245 luctus,
2680 5184 2874 5254 inquit,
2939 5185 3146 5238 beatam
3196 5187 3358 5241 animl

1802 5278 2239 5347 tranquillitatem
2271 5275 2470 5343 lugenti
2495 5263 2772 5328 conciliat.

2197 5388 2443 5442 Scholion
2471 5387 2674 5441 abbatis
2697 5385 2874 5440 Isaia'.
2893 5387 2979 5440 10.

1887 5503 2252 5570 Depugnemns
2272 5511 2400 5567 ergo
2438 5495 2627 5550 fratres
2668 5497 2925 5550 adversus
2967 5497 3251 5564 ignavlam,
3307 5502 3360 5546 et
3412 5513 3414 5516 ν

1819 5595 1996 5649 velunt
2031 5588 2372 5644 tenebrarum
2395 5586 2762 5641 rescindamus
2787 5602 2817 5640 a
2857 5585 3032 5647 nobis,
3076 5583 3218 5651 quod
3277 5592 3362 5635 est
