4048 6338
596 465 699 529 647

1831 446 1891 506 s.
1923 444 2234 506 JOANNIS
2252 442 2553 503 CLIMACI
2636 418 2639 419 ί

3685 433 3795 500 648

595 573 813 635 oblivio,
842 578 895 624 et
915 566 1265 635 respiciamus
1309 563 1490 617 lumen
1525 558 1866 630 pmnitentiai.
1895 559 2152 641 .‘Compa-

2262 557 2281 609 5
2305 559 2450 608 ἐστιν
2480 557 2510 625 ἡ
2539 554 2671 624 λήθη
2693 569 2706 583 ·
2742 552 3098 621 καὶόψώμεθα
3130 550 3188 603 τὸ
3218 549 3330 617 φῶς
3358 548 3452 615 τῆς
3487 549 3791 618 μετανοίας.

597 679 776 720 remus
814 660 967 715 nobis
993 647 1255 712 Martham
1294 664 1347 708 et
1387 652 1631 714 Mariam,
1666 666 1785 719 qua:
1822 659 1948 704 sunt
1985 650 2150 701 maio-

596 768 714 807 rum
755 746 1060 810 tolerantia,
1088 756 1140 800 et
1168 744 1377 798 luctus:
1410 756 1530 808 quae
1568 740 1775 809 plorant
1802 752 1982 791 coram
2036 735 2152 789 Sal-

598 855 781 898 vatore
840 850 897 894 ut
946 838 1208 892 Lazarum
1255 836 1470 897 excitet,
1519 833 1621 886 hoc
1666 839 1768 893 est,
1805 838 1864 883 ut
1923 838 2153 882 mentem

597 931 781 985 multis
813 928 1031 991 institis,
1076 941 1169 979 seu
1210 921 1399 976 fasciis
1426 920 1764 993 propriarum
1816 916 2153 971 voluntatum

598 1022 854 1091 illigatam
889 1027 943 1073 et
970 1018 1204 1070 vinctam
1230 1013 1428 1067 solvat.

1163 1123 1409 1179 Scholion
1439 1123 1500 1178 H
1517 1162 1531 1176 .

669 1241 930 1312 Egyptus
985 1236 1284 1307 spirituaiis
1338 1242 1424 1289 est
1474 1231 1838 1287 obtenebratio
1886 1231 2159 1300 perturba-

598 1333 806 1387 tionum
838 1329 1025 1391 animi,
1051 1342 1145 1381 seu
1172 1325 1507 1394 passionum,
1544 1323 1598 1377 in
1634 1334 1796 1391 quam
1845 1336 2004 1375 nemo
2052 1319 2158 1374 nisi

600 1426 743 1480 fame
780 1429 1000 1476 coactus
1035 1418 1332 1473 descendit.

1260 1528 1443 1581 Aliud.

671 1647 789 1704 Non
825 1647 1061 1716 negligas
1116 1644 1404 1707 actionem,
1458 1642 1582 1712 quia
1627 1640 1763 1709 (per
1792 1638 2004 1708 otium)
2058 1638 2161 1691 mi-

606 1740 794 1794 nuitur
847 1738 1105 1806 cognitio.
1152 1744 1205 1789 et
1263 1734 1406 1788 fame
1485 1741 1705 1802 cogente
1771 1732 2050 1785 descendis
2103 1731 2155 1782 in

602 1829 909 1901 Egyptum.
962 1827 1253 1897 Egyptum
1297 1824 1480 1878 Patres
1532 1824 1947 1892 interpretantur
1973 1822 2164 1875 volun-

2254 645 2589 715 κτησώμεθα
2626 646 2829 706 ἑαυτοῖς
2867 643 2963 712 τὴν
2999 640 3222 710 Μάρθαν
3254 640 3347 692 καὶ
3401 639 3498 704 τὴν
3557 638 3796 707 Μαρίαν,

2252 735 2451 799 αἵτινές
2467 737 2648 807 είσινὴ
2677 734 3029 797 κακοπάθεια,
3062 734 3154 785 καὶ
3178 732 3239 784 τὸ
3262 732 3471 795 πένθος·
3500 732 3554 784 αἳ
3582 730 3799 782 κλαίου-

2254 843 2337 879 σιν
2378 824 2605 878 ὲνώπιον
2642 823 2733 877 τοῦ
2772 824 3049 893 Σωτῆρος⁹
3081 824 3165 874 ἵνα
3193 822 3377 891 ἐγείρῃ
3405 820 3491 873 τὸν
3524 821 3795 888 Λάζαρον,

2253 914 2391 968 τοῦτ’
2421 916 2532 968 ἐστι
2565 914 2651 967 τὸν
2679 913 2800 967 νοῦν
2847 914 2936 967 τὸν
2983 912 3258 983 δεδεμένον
3312 911 3527 975 πολλαῖς
3562 911 3799 982 κειρίαις

2253 1005 2361 1057 τῶν
2408 1003 2549 1056 ίόίων
2576 1002 2700 1072 θελη
2709 1004 2907 1072 μάτων.

2836 1119 2881 1171 Σ
2882 1117 3089 1185 χόλων
3130 1125 3220 1169 ια’.

2324 1232 2588 1299 Αἴγυπτός
2619 1233 2734 1283 ὲστι
2758 1231 2941 1301 νοητὴ,
2969 1232 2998 1283 ό
3018 1228 3315 1299 σκοτασμδς
3342 1228 3450 1281 τῶν
3478 1225 3680 1294 παθῶν,
3719 1227 3805 1289 εἰς

2257 1326 2322 1395 ἣν
2358 1324 2536 1405 ,οὐδεὶς
2566 1321 2876 1376 καταδαίνει
2905 1323 2953 1373 εί
2989 1320 3071 1389 μη
3092 1319 3234 1389 λιμῷ
3272 1318 3559 1392 περιπέσῃ.

2922 1520 3129 1598 Ἄλλο.

2326 1635 2416 1704 Μὴ
2456 1635 2639 1704 ἀμέλει
2678 1634 2777 1705 τῆς
2818 1633 3063 1704 πράξεως
3087 1648 3102 1664 υ
3148 1632 3268 1684 ἐπεὶ
3312 1630 3610 1702 μειοῦταιή
3658 1632 3811 1700 γνῶ-

2262 1744 2364 1789 σις,
2406 1728 2496 1778 καὶ
2530 1724 2685 1795 λιμοῦ
2706 1726 2984 1794 γινομένου
3012 1722 3355 1784 καταϐαίνεις
3385 1722 3463 1785 είς
3511 1721 3813 1790 Αἴγυπτον.

2260 1816 2526 1883 Αἴγυπτον
2555 1816 2806 1883 λέγουσιν
2833 1818 2881 1868 οἱ
2928 1814 3165 1884 Πατέρες
3196 1814 3256 1867 τὸ
3288 1812 3491 1885 θέλημα
3528 1811 3589 1864 τὸ
3618 1829 3784 1883 σαρκι

604 1917 989 1979 tatemcamis,
1059 1928 1301 1985 quatuos
1345 1913 1508 1968 trahit
1568 1913 1633 1966 ad
1693 1912 1863 1966 otium
1897 1922 1950 1965 et
2008 1913 2160 1980 quie-

2262 1908 2353 1959 κον
2401 1921 2465 1960 το
2494 1907 2672 1959 κλίνον
2704 1908 2849 1976 ἡμᾶς
2897 1908 2975 1968 είς
3014 1906 3111 1977 τὴν
3142 1906 3455 1975 σωματικὴν
3480 1903 3812 1965 ἀνάπαυσιν,

604 2018 711 2063 tem
745 2007 1011 2076 corporis,
1053 2013 1392 2071 mentemque
1423 2002 1595 2056 reddit
1630 2002 1949 2056 molliorem.

1233 2114 1473 2169 Scholion
1501 2114 1588 2168 12.

673 2227 881 2284 Passim
941 2228 1183 2281 nominat
1233 2226 1564 2289 violentiam,
1601 2231 1659 2277 ut
1708 2224 1920 2293 quando
1973 2223 2151 2281 tlicit:

608 2318 907 2373 Monachus
934 2327 1017 2383 est
1039 2318 1253 2371 assidua
1299 2323 1502 2369 natum
1550 2313 1823 2367 violentia.
1871 2312 1997 2368 Vult
2035 2328 2163 2383 ergo

607 2413 805 2473 dicere,
836 2410 978 2477 quod
1006 2408 1399 2463 consuetudine
1432 2421 1523 2473 per
1570 2406 1811 2458 habitum
1864 2406 2053 2470 infixa,
2110 2413 2164 2459 ct

608 2500 665 2555 in
714 2509 982 2561 naturam,
1033 2506 1109 2551 ut‘
1150 2497 1308 2565 vulgo
1355 2495 1570 2559 dicitur,
1624 2504 1826 2548 mutata
1876 2506 1929 2547 et
1986 2508 2159 2556 versa.

607 2589 864 2643 violentia
904 2588 975 2642 sit
995 2588 1318 2641 inveteratas
1345 2600 1522 2639 mores
1571 2596 1798 2649 mutare,
1820 2594 1881 2639 et
1913 2585 1965 2638 in
2000 2585 2161 2639 aliam

610 2680 821 2734 vivendi
857 2680 1117 2732 rationem
1146 2676 1469 2732 transferre:
1516 2679 1653 2732 unde
1695 2677 1943 2732 Christus
1996 2678 2159 2733 dicit:

606 2766 840 2837 Regnum
865 2766 1109 2820 caelorum
1130 2767 1233 2820 vim
1263 2766 1481 2833 patitur.

1216 2876 1463 2931 Scholion
1488 2876 1578 2931 13.

653 2973 656 2976 ’
682 2986 836 3051 Scias
854 2995 1087 3056 oportet,
1115 2988 1259 3057 quod
1282 2987 1563 3041 abdicatus
1584 2984 1782 3041 szeculo
1823 2985 1927 3039 nisi
1958 2984 2011 3040 in
2057 3000 2167 3041 caa-

610 3076 775 3132 nobio
801 3077 1244 3146 perseveraverit.
1302 3084 1446 3130 certe
1500 3084 1651 3129 extra
1695 3076 2002 3129 coenobium
2056 3086 2166 3130 tam

612 3165 705 3222 diu
732 3165 833 3220 sub
862 3164 1081 3219 alterius
1111 3164 1417 3234 magisterio
1444 3165 1605 3227 vivat,
1636 3164 1808 3233 quoad
1833 3165 2164 3231 instituatur,

2261 1998 2354 2050 καὶ
2378 1996 2618 2051 διδάσκον
2642 1996 2731 2049 τὸν
2756 1996 2877 2049 νοῦν
2904 1995 3058 2065 ἡμῶν
3080 1995 3525 2067 ήδυπαθέστερον.

2836 2111 2880 2162 Σ
2881 2109 3087 2177 χόλων
3113 2108 3207 2172 ιβ’.

2328 2216 2599 2287 Πολλαχοῦ
2631 2218 2727 2289 τὴν
2760 2217 2877 2288 βίαν
2923 2219 3329 2289 προσκαλεῖται,
3361 2218 3435 2281 ὡς
3476 2218 3600 2271 ὅταν
3624 2216 3776 2284 λέγει
3797 2233 3813 2247 ⁸

2258 2311 2500 2381 Μοναχός
2533 2313 2645 2364 ἐστι
2713 2310 2803 2379 βία
2848 2309 3058 2378 φύσεως
3084 2310 3354 2379 διηνεκὴς.
3397 2310 3579 2361 Ἔστιν
3608 2303 3700 2383 οὖν
3724 2308 3816 2359 εί-

2261 2404 2381 2454 πεῖν
2428 2404 2507 2455 ὂτι
2532 2401 2627 2471 τῆς
2658 2400 2937 2472 συνηθείας
2966 2402 3023 2453 ὲν
3065 2400 3175 2464 ’ἐξει
3204 2399 3571 2469 πηγνυμένης,
3602 2400 3693 2450 καὶ
3724 2398 3815 2459 είς

2259 2492 2436 2561 φύσιν,
2490 2492 2551 2545 τὸ
2578 2491 2640 2561 δὴ
2669 2491 2971 2560 λεγόμενον,
3006 2489 3422 2560 μεθισταμένης,
3454 2488 3542 2558 βία
3574 2489 3689 2541 ἐστὶ
3714 2504 3824 2556 με⁴

2257 2581 2516 2644 ταθεῖναι,
2551 2584 2645 2633 καὶ⁹
2695 2580 3095 2649 μετασκευάσαι
3131 2579 3483 2649 πολυχρόνιον
3696 2576 3800 2657 Διρ

2261 2673 2353 2724 καὶ
2382 2674 2411 2724 ό
2435 2669 2633 2741 Κύριός
2679 2687 2831 2744 φησι.
2873 2671 3195 2725 Βιαστικόν
3239 2669 3411 2723 ἐστιν
3446 2669 3485 2738 ἠ
3520 2668 3817 2734 ,ϐασιλεία

2261 2760 2379 2815 τῶν
2400 2758 2686 2829 οὐρανῶν.

2868 2874 3122 2943 Σχόλιογ
3141 2879 3228 2942 ιγ’.

2343 2985 2689 3040 Ἐπίστασθαι
2743 2985 2871 3058 χρὴ,
2930 2986 3005 3049 ὡς
3057 2987 3583 3056 ἀποτασσόμενος,εί
3624 2984 3698 3057 μὴ
3755 2984 3824 3038 ιν

2262 3078 2505 3148 κοινοδίῳ
2547 3076 2728 3131 αὐτόθι
2765 3078 3167 3150 διακαρτερήσῃ
3192 3118 3206 3139 ,
3254 3076 3330 3155 (ο)
3358 3076 3433 3150 μὴ
3463 3079 3521 3131 ἐν
3568 3076 3824 3148 κοινοσίῳ

2261 3167 2397 3228 τέως
2424 3166 2527 3219 ὑπὸ
2582 3165 2895 3237 καθηγητὴν
2946 3166 3083 3220 ἔστω
3134 3166 3269 3237 πρὸς
3324 3166 3671 3236 στοιχείωσιν.
3718 3166 3825 3219 καὶ

612 3266 669 3313 et
719 3256 897 3311 discat
952 3256 1260 3309 discernere.
1313 3254 1623 3309 varietatem
1676 3255 2060 3325 cogitationum
2115 3265 2165 3310 et

2271 3257 2499 3325 μάθησιν
2568 3255 2888 3326 διακρίσεως
2958 3254 3250 3325 λογισμῶν,
3308 3255 3402 3308 καὶ
3472 3254 3821 3325 πνευμάτων.

612 3347 922 3416 spirituum.
950 3343 1066 3400 Hoc
1110 3345 1253 3399 enim
1293 3360 1387 3414 per
1419 3343 1614 3414 Moysis
1642 3353 1695 3399 ct
1714 3345 1887 3414 angeli
1922 3346 2167 3409 ductum,

612 3452 717 3507 qua
764 3434 1151 3499 lsraelitarum,
1186 3450 1293 3504 qua
1341 3434 1462 3491 Loti
1515 3435 1847 3489 subobscure
1902 3435 2172 3503 significa-

614 3534 725 3579 tur.
760 3525 1222 3593 Quemadmodum
1249 3533 1303 3578 et
1328 3525 1465 3579 alius
1508 3524 1666 3587 Pater
1707 3524 1840 3578 dicit
1882 3543 1897 3578 :
1954 3523 2011 3576 Si
2034 3523 2171 3576 dini-

616 3615 719 3669 cile
741 3623 825 3669 est
853 3616 905 3668 in
945 3628 1267 3681 quacunque
1300 3614 1404 3667 alia
1428 3622 1542 3667 arte
1566 3614 1680 3666 sine
1731 3614 1989 3683 magistro
2043 3628 2169 3681 pro-

618 3704 798 3768 licere,
827 3712 883 3758 et
914 3702 1118 3772 aliquid
1148 3698 1295 3757 recte
1315 3710 1589 3771 praestare,
1618 3710 1820 3771 quanto
1837 3702 2007 3771 magis
2035 3716 2171 3771 opus

618 3796 722 3851 erit
782 3794 1010 3851 ductore
1065 3793 1121 3847 in
1167 3794 1268 3848 hac
1318 3794 1558 3847 omnium
1588 3793 1783 3847 artium
1822 3804 1936 3848 arte
1960 3791 2169 3848 difficil-

617 3881 791 3937 lima?
828 3900 848 3933 ι

1214 3991 1457 4048 Scholion
1482 3993 1568 4047 M.

669 4104 771 4174 17
784 4103 928 4159 Duro
942 4104 1157 4173 quidem
1175 4115 1227 4159 et
1241 4119 1452 4174 aspero,
1468 4114 1680 4185 propter
1694 4114 1893 4161 arctam
1916 4122 2171 4162 sensuum

540 4236 541 4239 η
618 4195 951 4259 custodiam;
990 4205 1221 4264 angusto
1256 4186 1382 4251 vero
1408 4206 1460 4250 et
1484 4199 1654 4251 arduo
1686 4213 1900 4267 propter
1933 4202 2173 4268 corporis

619 4282 954 4337 vexationem
986 4294 1040 4339 et
1070 4287 1493 4355 castigationem,
1524 4298 1633 4342 tum
1658 4290 1815 4343 etiam
1845 4302 2060 4359 propter
2087 4292 2172 4344 in-

622 4372 991 4425 veteratiorem
1022 4375 1467 4427 consuetudinum
1493 4391 1614 4429 cum
1667 4378 1955 4432 acerbitate
1990 4394 2173 4432 emen-

620 4457 935 4523 dationem;
971 4460 1064 4513 sed
1091 4459 1193 4513 levi
1245 4461 1491 4529 facilique
1536 4462 1606 4515 ob
1631 4462 1879 4518 ﬁduciam
1917 4467 2174 4530 divinam,

621 4554 716 4602 aut
743 4547 1035 4616 perfectum
1067 4548 1120 4601 in
1146 4556 1419 4617 posterum
1449 4549 1893 4614 faciendum,‘aut
1918 4566 2066 4622 spem
2090 4555 2177 4605 fu-

625 4650 870 4693 turorum
897 4637 1183 4709 bonorum.

1228 4747 1472 4803 Scholion
1500 4750 1587 4804 {5.

2268 3344 2435 3400 Τοῦτο
2465 3347 2571 3417 γὰρ
2599 3346 2687 3400 διὰ
2729 3348 2826 3417 τῆς
2852 3345 2947 3399 τοῦ
2984 3347 3222 3408 Μωσέως
3252 3346 3582 3415 εἰσηγήσεως
3608 3345 3822 3399 καὶτοῦ

2267 3440 2496 3506 ἀγγέλου
2526 3439 2665 3491 κατά
2696 3454 2754 3490 τε
2799 3435 2888 3489 τόν
2923 3437 3134 3506 Ἰσραὴλ
3166 3436 3257 3488 καὶ
3294 3435 3384 3487 τὸν
3408 3434 3528 3489 Λὼτ
3584 3436 3827 3488 αίνίττε-

2267 3545 2353 3580 ται
2377 3543 2388 3555 '
2426 3527 2600 3589 καθὼς
2644 3528 2736 3579 καὶ
2764 3526 2917 3588 ἄλλος
2972 3526 3155 3596 Πατὴρ
3187 3526 3379 3592 λέγει,
3406 3526 3487 3578 ὅτι
3543 3524 3664 3579 Ἐπὶ
3704 3526 3828 3579 τῶν

2268 3618 2440 3672 ἄλλων
2479 3617 2698 3687 τεχνῶν,
2737 3602 2971 3687 είχωρὶς
3001 3616 3307 3687 καθηγητοῦ
3368 3614 3660 3685 κατορθοῦν
3685 3614 3828 3670 δυσ-

2269 3710 2445 3779 χερὲς,
2486 3710 2541 3760 ἐν
2568 3710 2634 3779 τῇ
2649 3707 2769 3761 ’τῶν
2796 3707 2995 3777 τεχνῶν
3023 3706 3087 3777 δὴ
3123 3706 3293 3779 ταύτῃ
3326 3706 3489 3777 τέχνη
3522 3705 3680 3758 πόσον
3694 3706 3826 3759 τού-

2270 3816 2362 3852 του
2391 3800 2545 3871 χρεία
2573 3816 2588 3865 ;

2860 3999 3115 4067 Σχόλιον
3137 3998 3225 4050 ιδ’.
3284 3992 3287 3995 “

2340 4112 2562 4182 Σκληρῷ
2587 4113 2705 4183 μὲν,
2732 4112 2820 4165 διὰ
2872 4112 2969 4181 τὴν
2992 4112 3098 4164 τῶν
3141 4109 3505 4182 αἰσθητηρίων
3537 4106 3823 4179 φυλακὴν,

2271 4203 2437 4273 στενῷ
2482 4204 2537 4255 δὲ
2578 4204 2665 4255 διὰ
2689 4204 2775 4255 τὸν
2818 4201 3174 4271 ὑπωπιασμδν
3210 4201 3308 4273 τῆς
3339 4200 3560 4273 σαρκὸς,
3598 4198 3828 4252 καὶτῶν

2268 4294 2495 4364 χρονίων
2535 4293 2670 4345 ἐθῶν
2709 4294 2805 4360 τὴν
2861 4291 2996 4361 μετὰ
3045 4293 3262 4361 πικρίας
3287 4293 3558 4345 ἀπόθεσιν·
3595 4288 3828 4360 ἐλαφρῷ

2271 4381 2328 4433 δὲ
2349 4380 2434 4432 διὰ
2479 4379 2574 4449 τὴν
2600 4380 2733 4451 πρὸς
2767 4380 2895 4431 Θεὸν
2922 4380 3255 4449 πεποίθησιν,
3282 4380 3316 4451 ἢ
3359 4378 3447 4432 διὰ
3468 4381 3563 4447 τὴν
3593 4377 3671 4439 είς
3717 4376 3822 4430 ὓσ-

2273 4487 2428 4539 τερον
2459 4470 2755 4540 προκοπὴν,
2790 4472 2881 4524 καὶ
2909 4471 3012 4543 τὴν
3042 4470 3150 4525 τῶν
3178 4470 3471 4542 μελλόντων
3499 4465 3712 4536 ἀγαθῶν
3730 4467 3825 4520 ἑλ-

2273 4560 2420 4615 πίδα.

2855 4759 3108 4824 Σχολιον
3132 4760 3213 4808 ιε’.

694 4862 809 4916 Non
843 4863 1021 4917 omnis
1056 4861 1149 4932 qui
1176 4878 1335 4918 sacro
1365 4864 1701 4933 baptismatis
1744 4862 1887 4917 fonte
1912 4864 2165 4917 lustratus

2341 4861 2412 4912 Οὐ
2442 4864 2545 4926 πᾶς
2578 4864 2605 4915 ό
2630 4863 3040 4935 βαπτιζόμενος,
3070 4863 3183 4916 ἀλλ’
3212 4864 3241 4915 ό
3276 4863 3442 4917 ποιῶν
3470 4865 3538 4918 τὰ
3564 4862 3695 4936 ἔργα
3717 4870 3826 4924 τοῦ

625 4961 727 5015 est,
764 4954 833 5005 ob
869 4968 988 5007 eam
1026 4969 1245 5008 causam
1277 4956 1461 5009 salvus
1488 4962 1592 5017 est.
1625 4954 1716 5009 sed
1743 4954 1833 5024 qui
1861 4952 1989 5008 facit
2014 4969 2175 5024 opera

626 5044 744 5101 Dei.
778 5046 977 5118 Utique
1018 5066 1149 5122 ergo
1181 5067 1280 5107 nec
1308 5051 1485 5107 omnis
1516 5054 1568 5106 in
1596 5054 1918 5109 monachum
1964 5065 2173 5117 tonsus,

628 5137 723 5191 sed
743 5139 834 5207 qui
866 5138 1104 5195 oflicium
1139 5142 1389 5195 monachi
1421 5140 1569 5196 facit.
2083 5123 2097 5141 ’

1315 5251 1493 5304 Aliud.
1504 5311 1509 5317 ‘

696 5357 993 5428 Baptizavit
1012 5367 1067 5413 et
1096 5356 1306 5426 Moyses
1338 5359 1393 5412 in
1427 5360 1588 5435 nube,
1611 5370 1666 5415 et
1695 5364 1857 5431 mari;
1882 5344 2173 5436 baptizavit

626 5460 682 5505 et
706 5449 942 5503 Joannes
993 5458 1052 5501 ut
1100 5450 1376 5502 crederent
1430 5450 1483 5502 in
1522 5442 1795 5508 Christum
1851 5467 2168 5518 venturum;

625 5540 864 5609 baptizat
884 5535 1129 5601 etJesus,
1151 5537 1246 5593 sed
1272 5538 1325 5591 in
1353 5535 1555 5607 Spiritu
1584 5538 1788 5607 sancto,
1818 5553 1871 5599 et
1898 5548 1949 5600 in
1975 5546 2167 5601 remis-

706 5696 729 5727 ⁸
752 5692 939 5747 Hatth.
977 5708 1058 5755 XI,
1091 5690 1177 5744 12.

2271 4950 2422 5008 Θεοῦ.
2466 4956 2711 5027 Δηλονότι
2744 4957 2862 5009 οὐδὲ
2894 4956 3001 5017 πᾶς
3053 4955 3083 5007 ό
3127 4954 3637 5027 ἀποκουρευόμενος,
3692 4960 3827 5016 ἀλλ’

2237 5074 2243 5079 ν
2270 5048 2299 5100 ό
2328 5049 2603 5117 φυλάττων
2629 5052 2696 5105 τὰ
2723 5053 2834 5114 τοῖς
2859 5051 3107 5122 μοναχοῖς
3132 5050 3425 5121 πρέποντα.

2935 5253 3133 5308 Ἄλλο.

2344 5366 2449 5419 Καὶ
2470 5368 2576 5439 γὰρ
2603 5366 2854 5419 ἐϐάπτισε
2874 5365 3109 5434 Μωῦσῆς
3156 5368 3215 5419 ἐν
3232 5368 3298 5437 τῇ
3321 5367 3514 5440 νεφέλῃ
3540 5370 3631 5423 καὶ
3657 5372 3715 5423 ἐν
3748 5379 3825 5447 τῇ

2275 5454 2512 5528 θαλάσσῃ
2540 5472 2554 5486 ο
2598 5456 2850 5509 ἐϐάπτισε
2884 5456 2975 5507 καὶ
3015 5456 3263 5526 Ἰωάννης
3310 5457 3393 5510 ἵνα
3456 5462 3828 5518 πιστεύσωσιν

2234 5548 2235 5551 ’
2272 5547 2352 5609 εἰς
2394 5549 2484 5600 τὸν
2526 5545 2811 5617 ἐρχόμενον
2836 5558 2850 5574 ⁸
2883 5545 3127 5614 βαπτίζει
3169 5548 3263 5601 καὶ
3304 5550 3525 5621 Ἰησοῦς,
3587 5552 3706 5607 ἀλλ’
3763 5570 3827 5610 εν

702 5806 777 5873 (a)
810 5802 984 5861 Locus
1016 5805 1226 5860 videtur
1256 5804 1565 5861 mendosus.
1607 5805 1728 5862 Haec
1756 5807 1854 5862 tria
1891 5811 2047 5865 verba
2077 5811 2149 5881 μὴ
2180 5812 2238 5863 ἐν
2269 5813 2515 5883 κοινοϐίῳ
2551 5814 2793 5870 videntur
2833 5815 3146 5874 redundare.
