4048 6338
563 436 660 505 651
1831 429 1884 485 S.
1943 426 2258 490 JOANNIS
2291 424 2592 488 CLIMACI
3712 409 3822 475 652

1167 543 1413 600 Scholion
1439 543 1528 596 22.
2165 550 2209 607 Α

2165 550 2209 607 Α
2815 533 3074 601 Σχόλιον
3118 530 3223 584 κδ’.

633 638 782 697 Mens
816 639 961 703 bono
984 638 1089 692 fine
1137 644 1410 692 commota
1441 634 1678 689 inveniet
1695 634 2000 698 veritatem,
2037 634 2130 688 sed

2305 631 2446 695 Νοῦς
2475 630 2535 695 ἐξ
2574 627 2865 700 ὀρθότητος
2892 623 3230 694 κινούμενος,
3265 619 3508 692 εὑρίσκει
3531 614 3817 688 ἀλήθειαν·

560 748 626 788 ex
651 732 844 786 vitioso
869 729 1064 784 affectu
1090 726 1315 783 incitata
1339 740 1445 780 non
1470 733 1790 795 assequetur
1820 725 1986 778 illam.

1914 739 1986 778 m.
2230 723 2260 775 ὁ
2285 723 2342 776 δὲ
2387 725 2450 774 ἐκ
2482 720 2689 784 πάθους
2718 718 2883 781 τινὸς,
2923 712 3281 778 ἀποτεύξεται
3313 710 3507 779 αὐτῆς.

1163 815 1415 872 Scholion
1439 814 1531 869 25.

2826 809 3087 879 Σχόλιον
3110 811 3216 875 κγ’.

524 965 528 974 ε
629 912 837 964 Animae
881 908 1096 972 faciem,
1152 906 1425 977 potentias
1471 919 1568 960 seu
1625 903 1912 958 facultates
1936 903 2122 959 anima

2303 905 2598 974 Πρόσωπον
2651 901 2851 972 ψυχῆς,
2879 897 2977 961 τὰς
3001 894 3259 966 δυνάμεις
3282 892 3469 963 εἴρηκε
3493 890 3591 960 τῆς
3613 886 3814 958 ψυχῆς

562 999 847 1070 appellavit
875 1012 974 1052 :ex
997 995 1339 1050 naturalibus
1365 993 1510 1048 enim
1545 992 1719 1062 signis
1749 991 1932 1048 hostes
1957 991 2132 1046 nostri

2234 999 2330 1052 καὶ
2357 997 2465 1067 γὰρ
2506 997 2571 1049 ἐκ
2595 992 2705 1048 τῶν
2733 992 3070 1062 αἰνιγμάτων
3096 987 3204 1041 τῶν
3231 984 3475 1056 ψυχικῶν
3499 981 3816 1070 διαθέσεων,

561 1068 837 1143 daemones
914 1095 1114 1142 statum
1179 1084 1526 1140 all‘ectionum
1605 1089 1660 1136 et
1722 1080 2133 1136 inclinationum

2235 1088 2332 1141 καὶ
2361 1087 2644 1156 μιμήσεων
2686 1083 2844 1154 ἡμῶν
2901 1080 3191 1151 βλέπουσιν
3241 1075 3340 1143 τὴν
3383 1073 3718 1127 κατάστασιν
3766 1068 3818 1121 οἱ

563 1188 875 1233 nostrarum
896 1176 1156 1246 colligunt
1211 1183 1266 1230 et
1293 1173 1666 1244 perspiciunt;
1698 1185 1823 1226 nam
1856 1186 1921 1227 ex
1953 1171 2005 1224 vi
2035 1186 2132 1226 sua

2234 1177 2420 1248 ἐχθροὶ
2442 1175 2600 1248 ήμῶν
2638 1175 2925 1244 δαίμονες·
2968 1170 3092 1223 ἐπεὶ
3147 1167 3250 1222 οὐκ
3297 1164 3360 1231 ἐξ
3408 1161 3618 1218 ἑαυτῶν
3654 1159 3819 1231 γινώ-

561 1270 628 1324 ad
674 1268 1030 1338 cogitationes
1068 1274 1292 1321 nostras
1365 1273 1651 1334 penetrare
1704 1277 1811 1318 non
1880 1269 2134 1332 possunt.

2239 1284 2428 1321 σκουσι
2486 1267 2586 1330 τάς
2615 1265 2774 1336 ήμῶν
2823 1263 3084 1326 διανοίας,
3129 1259 3294 1331 μόνας
3334 1257 3392 1311 δέ
3421 1255 3520 1320 τάς
3561 1254 3701 1318 ιδίας
3729 1252 3821 1305 τέ-

563 1359 718 1414 Solas
755 1373 884 1414 suas
923 1357 1142 1431 fraudes
1197 1349 1490 1426 ingerunt,
1542 1362 1596 1408 et
1651 1360 1972 1422 exspectant
2028 1365 2137 1421 quo

2241 1376 2374 1429 χνας
2413 1357 2814 1427 ἐπισπείρουσι,
2838 1355 2952 1410 -καὶ
3003 1351 3318 1422 ἐκδέχονται
3360 1349 3423 1402 τδ
3458 1345 3594 1418 μετά
3655 1343 3822 1406 ποίας

563 1465 685 1503 cum
724 1462 888 1503 sensu
908 1446 1147 1502 insidias
1191 1444 1428 1509 illorum,
1461 1451 1516 1498 et
1545 1443 1920 1513 suggestiones
1940 1441 2136 1496 admit-

2236 1448 2525 1512 διαθέσεως
2548 1445 2902 1519 είσδεχόμεθα
2932 1443 3033 1508 τὰς
3065 1439 3356 1504 ἐπιϐουλάς
3379 1454 3392 1468 ·
3419 1438 3515 1492 καὶ
3541 1436 3619 1508 μὴ
3642 1433 3821 1504 δρῶν-

563 1549 742 1594 tamus
773 1551 868 1592 seu
920 1535 1295 1607 excipiamus:
1329 1544 1384 1591 et
1414 1550 1539 1591 cum
1604 1550 1712 1590 non
1771 1533 2013 1598 videant,
2040 1547 2138 1602 per

2237 1555 2336 1602 τας
2385 1541 2518 1611 ὁρᾷν
2558 1536 2829 1608 ποιοῦμεν·
2882 1534 3082 1596 αὐτοὺς
3144 1531 3234 1585 διά
3277 1529 3379 1600 τῆς
3441 1526 3603 1598 ήμῶν
3652 1522 3821 1595 ῥαθυ-

563 1626 832 1694 ignaviam
859 1634 1040 1680 tamen
1072 1634 1336 1691 nostram,
1364 1635 1424 1680 ut
1451 1624 1670 1680 videant
1693 1613 1988 1678 efficimus.
2243 1629 2394 1701 μίας.

643 1720 649 1726 ’
1057 1715 1162 1785 19
1187 1713 1440 1770 Scholion
1468 1714 1540 1768 24
1566 1753 1582 1770 .

2821 1719 3082 1788 Σχόλιον
3117 1716 3223 1771 κδ’.

632 1809 952 1877 Complures
1003 1812 1242 1876 spectata
1297 1805 1536 1876 religiosi
1602 1804 1766 1860 stadii
1825 1803 2141 1860 difﬁcultate

2315 1811 2510 1865 Πολλοὶ
2528 1809 2628 1883 τήν
2659 1810 2980 1881 δυσχέρειαν
2998 1809 3231 1880 ὁρῶντες
3261 1803 3359 1859 τοῦ
3387 1802 3601 1878 σταδίου
3626 1799 3823 1870 φασὶν,

567 1897 774 1962 dicunt,
804 1912 926 1952 cum
951 1895 1204 1951 Christus
1225 1893 1412 1965 jugum
1447 1910 1607 1951 suum
1645 1909 1812 1949 suave
1840 1903 1896 1950 et
1927 1895 2042 1950 leve
2064 1893 2146 1949 af-

2244 1905 2328 1959 ὅτι
2373 1895 2638 1976 χρηστὸν⁶
2660 1903 2755 1956 καὶ
2785 1901 3019 1972 ἐλαφρὸν
3047 1899 3278 1974 Χριστὸς
3305 1897 3398 1952 τδν
3431 1897 3592 1966 ζυγδν
3612 1894 3822 1964 ὀνομάτ

567 1990 760 2051 firmet,
808 1986 1083 2057 quomodo
1112 1986 1221 2040 vim
1269 1984 1496 2049 faciunt,
1567 1987 1658 2055 qui
1725 1985 1920 2040 tollunt
1968 1985 2152 2041 illud?

2247 1995 2394 2061 ζων,
2445 1993 2566 2058 πῶς
2616 1992 2897 2063 βιάζονται
2939 1993 2989 2045 οἱ
3032 1991 3316 2062 αἷροντεςς
3362 1986 3712 2058 ἀγνοοῦντες,
3744 1983 3824 2047 ὥς

567 2079 761 2147 ignari,
798 2088 855 2131 ut
882 2091 1026 2143 reor,
1062 2075 1207 2146 quod
1240 2075 1278 2128 ii
1308 2075 1496 2130 omnia
1529 2075 1672 2129 levia
1699 2086 1753 2129 et
1777 2074 1955 2130 facilia
2008 2073 2152 2130 dicta

2245 2080 2419 2154 οἶμαι,
2447 2083 2528 2148 ὅτι
2555 2083 2693 2156 πρὸς
2721 2083 2821 2152 τὴν
2848 2081 3289 2152 ἀποκαραδοκίαν
3309 2080 3411 2149 τῆς
3461 2075 3825 2136 ἀναπαύσεως

567 2170 697 2233 sint,
720 2170 813 2237 qui
847 2166 914 2221 ad
951 2165 1238 2221 sollicitam
1271 2163 1470 2220 futurae
1490 2167 1691 2236 quietis
1742 2173 1796 2220 et
1858 2164 2152 2235 voluptatis

2247 2176 2344 2229 καὶ
2387 2173 2742 2236 ἀπολαύσεως
2777 2174 2891 2236 τοῖς
2925 2172 3204 2242 ἀφορῶσιν
3230 2169 3441 2241 ἐλαφρά
3503 2167 3595 2222 καὶ
3619 2163 3825 2236 εὐχερῆ

575 2275 670 2314 seu
700 2258 908 2314 fructus
965 2257 1422 2326 exspectationem
1449 2256 1790 2325 respiciunt:
1855 2255 1962 2311 illis
2020 2269 2150 2312 vero

2248 2264 2498 2336 εἴρηνται
2525 2281 2540 2295 ·
2564 2265 2676 2327 τοῖς
2709 2263 2766 2316 δὲ
2788 2263 3097 2334 χαμερπὲσι
3125 2262 3222 2317 καὶ
3251 2259 3465 2334 σκληρά
3487 2260 3584 2314 καὶ
3613 2261 3827 2329 ἀπροσ-

577 2350 671 2419 qui
702 2349 849 2404 humi
885 2355 1098 2418 repunt,
1131 2361 1224 2402 seu
1259 2347 1325 2400 ad
1359 2349 1472 2402 haec
1499 2356 1712 2401 terrena
1743 2356 1953 2400 tantum
1978 2347 2149 2418 respi-

2240 2355 2502 2409 πέλαστα.
2540 2353 2649 2406 Καὶ
2679 2353 2789 2425 γὰρ
2823 2354 2853 2406 ὁ
2886 2353 3350 2417 δυσαποσπάστως
3379 2354 3519 2423 ἔχων
3567 2350 3696 2421 περὶ
3748 2347 3823 2402 τὰ

584 2441 755 2502 ciunt,
781 2453 970 2508 aspera
998 2445 1052 2492 et
1088 2436 1470 2492 intolerabilia.
1515 2435 1620 2503 Qui
1680 2439 1825 2492 enim
1889 2451 2029 2508 aegre
2079 2438 2149 2494 ab

2245 2445 2418 2510 κάτω,
2453 2443 2702 2514 βιάζεται
2734 2444 2874 2515 πρὸς
2908 2445 3008 2515 τὴν
3032 2444 3216 2500 ἄνοδον
3238 2460 3254 2476 ·
3294 2442 3440 2495 οὕτω
3469 2441 3564 2496 καὶ
3582 2441 3614 2493 δ
3640 2437 3835 2493 νεανί-“

571 2531 656 2584 liis
699 2532 899 2584 intimis
931 2530 1202 2598 avellitur,
1229 2546 1336 2584 non
1381 2530 1487 2585 nisi
1546 2546 1641 2601 per
1691 2531 1801 2586 vim
1857 2532 1922 2587 ad
1986 2547 2150 2602 supe-

2246 2551 2374 2598 σκος
2403 2535 2582 2588 πάντα
2621 2536 2845 2606 ποιῆσαι
2881 2535 3244 2605 ὁμολογήσας,
3286 2535 3426 2604 πρὸς
3455 2532 3518 2584 τὺ
3544 2529 3824 2586 τελειότατ-

578 2621 722 2687 riora
749 2621 992 2675 enititur.
1036 2619 1127 2674 Sic
1187 2619 1506 2675 adolescens
1557 2618 1933 2692 Evangelicus,
1968 2621 2150 2677 omnia

2244 2641 2337 2678 τον
2359 2624 2671 2695 ἀπεσφάλη.
2708 2624 2770 2680 '0
2799 2624 2857 2677 δέ
2888 2625 3067 2679 πάντα
3095 2623 3586 2694 ἀποτιναξάμενος,
3619 2621 3841 2693 κοῦφος.

579 2725 637 2764 se
671 2709 924 2763 mandata
968 2707 1567 2778 servasseprofessus,
1630 2710 1697 2763 ad
1758 2710 2148 2780 perfectionem

1552 2747 1567 2773 ,
1630 2710 1697 2763 ad
1758 2710 2148 2780 perfectionem
2247 2713 2612 2784 ὑπερνήχεται
2643 2715 2733 2769 τὸν
2766 2715 2905 2786 ἀέρα
2940 2715 3148 2770 τοῦτον.

581 2802 841 2858 invitatus
897 2801 1112 2857 defecit.
1178 2799 1282 2866 Qui
1336 2813 1464 2855 vero
1511 2799 1694 2854 omnia
1751 2801 1991 2856 humana
2035 2802 2102 2857 ab
2164 2816 2224 2860 se
2262 2805 2524 2873 excussit,
2581 2805 2715 2860 levis
2781 2814 2836 2861 et
2894 2806 3177 2877 experiar.
3231 2821 3398 2878 super
3441 2806 3590 2863 hunc
3639 2817 3828 2862 aerem

577 2905 728 2951 natat
753 2905 807 2951 et
833 2894 1032 2950 evolat.

1165 2986 1415 3044 Scholion
1449 2987 1543 3042 25.
2183 3002 2221 3060 ς

2183 3002 2221 3060 ς
2841 2997 2887 3048 Σ
2888 2996 3098 3064 χόλιον
3152 3000 3257 3050 κε’.

646 3078 852 3133 Bonum
889 3088 966 3134 est
1003 3080 1133 3144 viro,
1173 3080 1219 3133 si
1278 3079 1342 3132 ab
1402 3078 1756 3134 adolescentia
1805 3095 1904 3134 sua
1955 3080 2144 3152 jugum

2332 3084 2572 3154 Ἀγαθὸν
2619 3084 2824 3155 ἀνδρί,
2889 3084 3036 3139 ὅταν
3066 3085 3179 3154 ἄρῃ
3224 3082 3402 3156 (anxir
3439 3084 3510 3140 ἐκ
3539 3085 3826 3154 νεότητος

575 3173 859 3243 portaverit
882 3173 950 3224 ¹⁰.

2250 3174 2459 3230 αὐτοῦ.
2651 3235 2658 3244 ,
2956 3179 2961 3184 ’

1185 3261 1438 3317 Scholion
1457 3260 1551 3318 26.
2494 3258 2498 3263 ‘
2650 3247 2656 3256 ’

2494 3258 2498 3263 ’
2650 3247 2656 3256 δ
2835 3266 3094 3337 Σχόλιον
3125 3272 3243 3331 κς’.

651 3354 730 3407 Ad
779 3353 1284 3409 ardentissimarum
1339 3352 1686 3408 aﬂ‘ectionum
1753 3361 1808 3408 et
1868 3351 2152 3424 perturba-

2324 3359 2466 3429 Πρὸς
2498 3359 2596 3431 τὴν
2621 3359 2899 3431 ἐνέργειαν
2920 3357 3029 3412 τῶν
3059 3357 3412 3426 φλεγμάτων,
3448 3356 3546 3411 καὶ
3582 3356 3693 3411 τῶν
3725 3373 3827 3411 πα·

501 3487 505 3491 .
583 3440 812 3502 tionum,
840 3440 956 3504 irae,
987 3439 1230 3510 inquam,
1262 3448 1318 3495 et
1345 3440 1825 3509 concupiscentiae,
1854 3455 2019 3510 opera
2049 3455 2099 3493 nt

2256 3448 2386 3512 θῶν,
2415 3447 2612 3519 θυμοῦ,
2649 3449 2816 3520 φημὶ,
2864 3448 2959 3501 καὶ
3005 3446 3322 3517 ἐπιθυμίας,
3351 3447 3428 3510 ὡς
3469 3446 3556 3500 διὰ
3603 3446 3826 3517 χειρῶν,

584 3529 812 3598 improbi
873 3528 1163 3593 daemones,
1214 3538 1473 3600 tanquam
1527 3529 1780 3587 manibus
1825 3529 2153 3601 quibusdam

584 3619 882 3672 actionum.
902 3617 1245 3672 pertrahunt.

2255 3539 2366 3592 τῶν
2393 3539 2682 3610 ἐνεργειῶν
2731 3540 2782 3592 οί
2820 3539 3051 3611 πονηροὶ
3078 3538 3327 3594 ἕλκουσιν
3354 3539 3502 3610 ἡμᾶς
3548 3537 3827 3609 δαίμονες.

584 3619 882 3683 actionum,
902 3619 1245 3688 pertrahunt.

889 3764 891 3766 .
1187 3707 1434 3763 Scholion
1461 3708 1554 3765 27.

2831 3715 3102 3784 Σχόλιον
3133 3713 3239 3776 κζ’.

656 3799 779 3855 Haec
805 3799 1051 3855 nonnulli
1100 3799 1332 3870 simplici
1376 3800 1542 3855 nimis
1587 3800 1773 3854 animo
1833 3798 2155 3862 lectitantes,

2331 3801 2517 3858 Ταῦτά
2564 3819 2708 3866 τινες
2754 3804 2941 3870 ἁπλῶς
2981 3806 3328 3875 ἀναγνόντες,
3362 3804 3458 3860 καὶ
3493 3802 3825 3874 ἀδιακρίτως

586 3891 953 3959 imprudenter
985 3890 1130 3944 illata
1162 3889 1264 3946 sibi
1299 3890 1351 3944 vi
1376 3889 1709 3950 defecerunt.
1755 3888 1875 3945 Non
1904 3889 2157 3945 omnibus

2263 3894 2354 3965 βίᾳ
2381 3895 2605 3957 ἑαυτοὺς
2634 3895 2878 3961 ἐκδόντες
2903 3899 3402 3969 διαπεφωνήκασιν.
3433 3895 3508 3950 Οὐ
3530 3887 3695 3950 πᾶσιν
3707 3891 3827 3961 οὖν,

587 3981 854 4049 crgohtnc
886 3982 1216 4052 praescripsit
1269 3981 1565 4061 Climacus,
1626 3981 1723 4038 sed
1769 3982 1837 4037 iis
1895 3981 2160 4036 duntaxat

2259 3986 2395 4041 ἀλλά
2421 3988 2533 4050 τοῖς
2569 3986 2833 4051 δυνατοῖς,
2865 3989 2961 4042 καί⁵
3005 3987 3164 4060 σῶμα
3199 3989 3449 4060 σφριγῶν
3476 3990 3682 4060 ἔχουσι,
3729 3987 3827 4039 καὶ

590 4072 682 4138 qui
723 4072 1046 4128 sullicientes
1076 4074 1142 4128 ad
1167 4088 1285 4129 eam
1347 4087 1459 4128 rem
1486 4074 1634 4130 vires
1691 4074 1974 4141 haberent,
2023 4088 2159 4144 quo-

2259 4079 2417 4150 χάριν
2440 4079 2499 4152 ἐν
2518 4078 2727 4142 τούτοις
2747 4078 3025 4144 λαϐοῦσιν,
3055 4080 3228 4135 ταῦτα
3257 4080 3541 4152 νομοθετεῖ
3565 4082 3594 4134 δ
3619 4077 3823 4147 πατήρ.

591 4176 820 4229 rumque
853 4177 1050 4232 corpus
1080 4163 1555 4231 nimislasciviret,
1584 4173 1640 4220 et
1689 4166 1796 4235 qui-
1843 4165 2073 4237 gratiam
2127 4181 2158 4219 a

2261 4170 2387 4232 Τοῖς
2437 4169 2494 4222 δέ
2547 4171 2752 4231 λοιποῖς
2801 4169 2941 4222 κατά
2994 4168 3222 4240 δύναμιν
3263 4170 3395 4226 αὐτὸ
3442 4169 3825 4238 ὼυλαγωγεῖν,

594 4253 702 4307 Deo
734 4255 1090 4323 accepissent.
1137 4255 1379 4328 Reliquis
1405 4267 1614 4322 autem,
1635 4269 1696 4312 ut
1718 4272 1817 4327 pro
1846 4272 1945 4313 sua
2007 4258 2161 4326 quis-

2066 4258 2161 4311 iis-
2263 4256 2519 4327 προνοίας
2547 4255 2713 4308 αὑτοῦ
2741 4257 2822 4320 είς
2857 4255 3152 4326 ἐπιθυμίαν
3194 4258 3270 4330 μὴ
3305 4255 3664 4328 ποιουμένοις.

595 4358 702 4413 que
763 4343 1043 4406 facultate,
1098 4353 1153 4398 et
1209 4345 1418 4402 viribus
1471 4345 1600 4400 illud
1667 4345 1724 4400 in
1780 4346 2095 4402 servitutem
2134 4345 2418 4414 redigeret,
2441 4351 2496 4398 et
2525 4343 2850 4414 provideret,
2883 4359 2953 4400 ne
3003 4345 3060 4400 in
3115 4359 3313 4417 pravas
3354 4344 3678 4416 cupiditates
3732 4356 3827 4398 seu

595 4434 1065 4502 concupiscentias
1085 4436 1477 4503 prolaberetur.
1644 4464 1645 4467 η

1227 4526 1475 4581 Scholion
1502 4525 1593 4580 28.
2195 4525 2242 4579 Ῑ)

2195 4525 2242 4579 ι)
2856 4525 3110 4594 216.111»-
3131 4530 3244 4592 κη’.

667 4616 770 4683 Qui
810 4614 1207 4670 inconsiderate
1236 4632 1294 4670 se
1316 4616 1545 4669 nimium
1568 4613 1778 4684 fatigat,
1823 4611 2048 4667 omnino
2093 4611 2163 4666 ad

2346 4611 2404 4666 '0
2433 4611 2742 4685 ἀϐουλήτως
2777 4615 2985 4670 κοπιῶν
3011 4613 3317 4677 καθολικῶς
3343 4612 3635 4684 πτωχεύει.
3680 4614 3739 4669 '0
3769 4616 3827 4669 δὲ

598 4706 996 4764 mendicitatem
1031 4704 1290 4768 redigitur
1343 4703 1446 4770 Qui
1482 4717 1608 4759 cum
1630 4717 1726 4773 spe
1781 4703 1975 4768 currit,
2012 4710 2164 4756 tanto

1809 4703 1975 4768 Lurrit,
2012 4710 2164 4756 tanto
2268 4705 2386 4773 μετ’
2411 4704 2622 4770 ἐλπίδος
2647 4706 2879 4778 τρέχων,
2911 4706 3194 4776 δίπλουτος
3229 4703 3407 4759 ἔσται.

600 4796 827 4866 amplius
853 4793 1292 4863 locupletabitur.

1087 4884 1428 4953 Augustanus
1459 4880 1642 4936 codex.
2612 4881 2789 4939 Codex
2819 4885 3159 4952 Augustam“
3184 4881 3262 4934 ita
3289 4880 3485 4937 habet:

671 4975 773 5040 Qui
794 4977 931 5030 duce
963 4983 1017 5030 et
1053 4975 1412 5046 gubernatore
1467 4980 1672 5037 carent,
1741 4982 1996 5044 tanquam
2040 4970 2163 5027 folia

2341 4968 2436 5034 Οἷς
2493 4971 2569 5043 μὴ
2611 4972 2846 5042 ὑπάρχει
2891 4970 3241 5041 κυϐέρνησις,
3281 4970 3605 5038 πίπτουσιν,
3647 4972 3827 5046 ῶσπερ

607 5065 895 5122 decidunt:
927 5076 978 5122 et
999 5067 1090 5137 qui
1119 5066 1518 5122 inconsiderate
1543 5064 1811 5130 laborant,
1859 5065 1928 5120 ad
1984 5071 2168 5121 extre-

2272 5062 2461 5132 φύλλα,
2497 5064 2592 5118 καὶ
2611 5066 2661 5117 oi
2690 5063 3003 5132 ἀϐουλήτως
3035 5061 3334 5125 κοπιῶντες
3357 5062 3658 5130 καθολικῶς
3687 5085 3826 5122 πτω-

609 5169 749 5208 mam
777 5155 1171 5213 mendicitatem
1206 5156 1546 5227 rediguntur.
1608 5155 1713 5220 Qui
1792 5165 1972 5213 autem
2040 5169 2164 5211 cum

2273 5153 2538 5224 χεύουσιν.
2585 5157 2650 5209 Ol
2695 5155 2752 5208 δὲ
2808 5153 2926 5225 μετ’
2982 5151 3195 5217 ἐλπίδος
3236 5152 3521 5224 τρέχοντες
3571 5155 3825 5214 δίπλουτοι

608 5262 704 5316 spe
727 5253 974 5311 currunt,
997 5247 1159 5316 duplo
1195 5248 1427 5319 amplius
1479 5247 1815 5304 dilabuntur.
2274 5242 2504 5300 ἔσονται.

1206 5339 1456 5395 Scholion
1491 5341 1664 5396 aliud.
2057 5334 2069 5340 ί

2057 5334 2069 5340 ”
2825 5335 2872 5386 Σ
2875 5335 3085 5401 χόλων
3115 5331 3287 5388 ἄλλο.

677 5430 970 5500 Nunquam
1004 5444 1224 5484 recuses
1255 5431 1486 5496 discere,
1538 5432 1891 5502 quantumvis
1947 5429 2127 5498 sapias
2156 5445 2171 5484 :

2346 5423 2437 5494 Μὴ
2464 5425 2765 5480 ἀπαναίνου
2794 5423 3105 5496 μανθάνειν,
3135 5424 3242 5479 κᾶν
3272 5423 3395 5481 λίαν
3419 5427 3680 5500 φρόνιμος
3707 5447 3812 5496 τυγε

616 5521 795 5573 utilior
832 5530 915 5574 est
932 5503 1076 5576 enim
1108 5518 1299 5573 divinae
1345 5521 1748 5589 gubernationis
1798 5521 1939 5577 ratio
1989 5526 2172 5576 nostra

2275 5512 2476 5583 χάνεις.
2531 5517 2597 5570 Ἦ
2646 5517 2756 5589 γὰρ
2803 5515 3084 5583 οἰκονομία
3130 5515 3225 5570 τοῦ
3272 5516 3407 5573 Θεοῦ
3449 5517 3827 5593 ὠφελιμωτέρα

619 5612 926 5680 prudentia.

2272 5607 2388 5660 ἐστι
2413 5608 2510 5679 τῆς
2537 5609 2812 5680 ἡμετέρας
2847 5607 3182 5679 φρονήσεως.

695 5788 738 5819 ⁸⁸
757 5788 970 5866 ⁴Ἥκω.
999 5810 1079 5860 ιιι,
1114 5793 1201 5846 9.7.
