4048 6338
165 430 249 494 553

222 632 305 703 Μὴ
335 633 363 684 6
389 632 563 694 δοκεῖς
596 631 859 700 πράττειν
895 631 1076 693 καλὸν,
1114 629 1318 697 ἀγαθὸν
1357 627 1493 699 ήγοῦ
1529 621 1667 679 εἶναι
1688 639 1704 655 ·

168 721 278 775 ἀλλὰ
296 721 354 773 τὸ
380 720 824 791 μαρτυρούμενον
847 719 949 772 ὑπὸ
975 717 1183 788 ἀνδρῶν
1205 715 1461 770 εὐσεϐῶν.

725 812 981 879 Σχόλιον
1011 812 1120 863 κθ.
1436 864 1437 867 η

247 899 538 954 Αποὸαλεῖν
569 900 669 970 μὲν
691 901 760 953 τά
792 899 1003 969 χρηστὰ
1028 901 1157 970 ῥᾷον
1184 914 1196 927 ·
1242 897 1545 970 κτήσασθαι
1568 896 1625 949 δέ
1648 894 1709 948 οὐ

173 991 298 1060 ῥᾷον.
347 990 448 1043 Δύο
488 990 598 1061 γὰρ
646 989 812 1044 κακία
857 988 1183 1061 δορυφόρους
1225 989 1425 1058 ἔχουσα
1462 985 1712 1056 χαλεπῶς

171 1081 354 1147 πέφυκε
393 1079 789 1150 καταπολεμεῖν
832 1080 928 1150 τὴν
968 1079 1203 1150 ἀρετὴν,
1266 1077 1417 1132 ἔνθεν
1461 1074 1713 1129 κάκεῖθεν

171 1169 243 1221 διὰ
262 1171 351 1239 τῆς
379 1168 687 1239 ὑπερϐολῆς
726 1168 1084 1239 ἐφισταμένη,
1120 1168 1212 1222 καὶ
1243 1167 1343 1238 τῆς
1375 1164 1665 1233 ἐλλείψεως
1696 1178 1709 1192 ’

173 1259 447 1329 ὴδὲὰρετὴ
480 1260 539 1312 ἐν
570 1259 708 1329 μόνῃ
738 1259 982 1330 φυομένη
1004 1262 1069 1329 τῇ
1108 1259 1364 1329 μεσότητι
1408 1259 1542 1326 πρὸς
1582 1256 1712 1309 ἐκά-

173 1364 306 1417 τερον
332 1348 572 1417 βιάζεται
604 1347 714 1401 τῶν
738 1348 1010 1419 πολεμίων
1037 1346 1518 1415 ἀνταγωνίζεσθαι.

746 1532 791 1582 Σ
792 1529 1004 1598 χόλιον
1041 1529 1115 1583 λ’.

236 1620 333 1672 Καὶ
360 1618 519 1673 πάλιν
543 1634 558 1650 ⁶
599 1618 741 1673 Ἐὰν
775 1619 1227 1688 συμφωνήσωσι
1255 1619 1364 1672 δύο
1386 1634 1401 1650 ο
1443 1616 1718 1669 τουτέστιν

178 1710 553 1779 όάμαρτάνων,
594 1708 689 1762 καὶ
738 1710 1004 1763 νουθετῶν
1058 1710 1219 1763 αὐτὸν
1263 1709 1563 1778 ἀποστῆναι
1612 1707 1720 1762 τῶν

180 1800 346 1853 κακῶν
375 1800 547 1871 ἔργων
573 1816 588 1831 ’
634 1801 730 1854 καὶ
774 1801 1058 1871 ὑπακούσῃ
1090 1802 1118 1853 6
1150 1800 1529 1871 ἐλεγχθεὶςτῷ
1568 1798 1720 1868 ἐλέγο

180 1909 311 1961 χοντι
334 1860 486 1945 αὐτόν
524 1892 655 1963 περὶ
688 1892 869 1960 πάσης
903 1860 1196 1963 ἁμαρτίας,
1334 1860 1428 1945 ἐὰν
1474 1860 1722 1960 αἰτήσον-
1752 1860 1796 1915 Β

180 1996 280 2043 ται,
314 1978 587 2049 δοθήσεται
621 1979 774 2051 παρά
819 1980 954 2033 Θεοῦ
993 1980 1185 2048 ἄφεσις
1226 1979 1303 2049 τῷ
1351 1978 1717 2050 ἡμαρτηκότι.

182 2069 278 2122 Καὶ
304 2069 487 2122 πάλιν·
522 2070 659 2123 Ἐὰν
688 2071 1145 2139 συμφωνήσωσι
1174 2070 1282 2124 δύο
1308 2071 1365 2122 ἐν
1398 2069 1620 2136 ἀγαθοῖς
1640 2068 1723 2139 ἐρ·

181 2176 304 2226 γοις,
326 2160 352 2211 ὃ
380 2159 470 2213 ἐὰν
490 2160 823 2230 αἰτήσωνται
854 2160 993 2231 πρὸς
1016 2161 1077 2213 τὸ
1104 2160 1402 2231 συμφέρον,
1437 2159 1722 2234 δοθήσεται

184 2251 344 2313 αὐτοῖς
372 2252 434 2305 ἐκ
462 2250 621 2304 Θεοῦ.
653 2250 878 2321 Θέλημα
903 2251 1011 2322 γὰρ
1038 2250 1148 2303 τῶν
1182 2251 1535 2319 φοϐουμένων
1562 2249 1723 2302 αὑτὸν

183 2345 396 2413 ποιήσει,
424 2344 517 2398 καὶ
543 2343 769 2415 ῥύσεται
798 2344 995 2407 αὐτοὺς
1028 2344 1092 2397 ἐκ
1120 2340 1331 2396 πολλῶν
1366 2340 1617 2411 θλίψεων.

776 2636 993 2691 ΛΟΓΟΣ
1019 2638 1093 2693 B'.

356 2694 493 2797 Περί
524 2727 999 2796 ἁπροσπαθειας,
1032 2728 1226 2799 ἤγουν
1269 2730 1553 2797 ἀλυπίας.

261 2916 319 2973 '0
339 2921 394 2974 ἐν
424 2920 498 2992 (ί)
529 2921 758 2995 ἀληθείᾳ
786 2922 878 2977 τὸν
903 2923 1108 2996 Κύριον
1129 2924 1423 2996 ἀγαπήσας
1450 2941 1463 2955 ·
1488 2927 1517 2979 6
1563 2927 1621 2978 ἐν
1654 2926 1731 2997 (2)

190 3008 399 3081 ἀληθείᾳ
418 3011 516 3081 τῆς
544 3013 843 3084 μελλούσης
865 3013 1142 3085 βασιλείας
1174 3016 1449 3086 ἐπιτυχεῖν
1474 3016 1735 3091 ἐπιζητή-

193 3116 283 3163 σας
316 3116 330 3131 ·
353 3103 380 3154 6
403 3104 460 3155 ἐν
486 3104 715 3175 ἀληθείᾳ
738 3106 897 3159 πόνον
932 3106 1063 3178 περὶ
1087 3107 1196 3160 τῶν
1229 3108 1422 3161 ἐαυτοῦ
1452 3112 1731 3181 πταισμά-

190 3207 289 3243 των
318 3192 556 3263 ὲσχηκώς
582 3210 597 3224 ⁸
627 3197 656 3248 6
686 3196 744 3247 ἐν
782 3195 1006 3266 ἀληθείᾳ
1038 3198 1258 3268 μνήμην
1292 3198 1561 3263 κολάσεως
1601 3218 1733 3271 κτη-

1126 387 1379 483 ἐρΑιΑ
1416 417 1790 480 PARADISI.
1815 440 1885 455 -—
1904 417 2208 478 camus
2245 417 2326 476 II.

833 541 1005 593 Ἄλλο
1015 580 1029 593 .
1735 537 1780 590 Α

3268 410 3370 473 654

2441 525 2549 596 20
2586 524 2767 577 Aliud.

1880 622 2035 688 Quod
2067 622 2165 677 tibi
2195 621 2395 676 videris
2427 620 2562 680 bene
2588 630 2766 687 agere,
2783 615 2892 668 noli
2927 614 3126 670 bonum
3157 627 3364 684 putare,

1810 712 1976 768 nisia
2023 713 2155 767 viris
2210 711 2315 781 piis
2367 720 2627 779 tanquam
2685 706 2913 760 testibus
2966 706 3369 776 comprobetur.

2404 798 2660 855 Scholion
2689 796 2778 851 29.

1886 892 2137 961 Abjicere
2151 892 2293 947 bona
2316 888 2476 944 facile
2503 895 2586 942 est
2618 903 2631 937 :
2663 899 2980 954 comparare
3032 894 3207 940 autem
3243 884 3379 940 dini-

1811 982 1953 1048 cile;
2001 982 2141 1038 duos
2209 981 2354 1036 enim
2410 978 2671 1033 satellites
2708 976 2901 1030 vitium
2955 974 3135 1039 habet,
3183 977 3378 1046 quibus

1814 1076 2051 1146 graviter
2097 1075 2353 1129 virtutem
2380 1071 2505 1125 hinc
2533 1067 2744 1123 etinde
2773 1074 3090 1136 oppugnat:
3122 1066 3247 1122 hinc
3282 1082 3380 1137 per

1816 1179 2098 1220 excessum
2121 1179 2340 1234 urgens,
2382 1161 2505 1215 inde
2546 1156 2995 1250 per.defectum;
3060 1157 3233 1212 virtus
3281 1173 3380 1211 au-

1817 1264 1922 1309 tem
1962 1254 2016 1308 in
2042 1254 2219 1308 medio
2240 1252 2542 1307 consistens
2567 1246 2827 1303 adversus
2859 1246 3176 1303 alterutrum
3201 1247 3385 1320 [vicis-

1814 1346 1919 1401 sim
1946 1347 2208 1401 adversus
2245 1352 2538 1411 utrumque
2570 1340 2593 1413 ]
2629 1336 2867 1393 hostium
2902 1354 3117 1410 semper
3172 1339 3383 1413 cogitur

1816 1436 2145 1507 depugnare.

2426 1524 2674 1580 Scholion
2699 1528 2789 1582 50.

1889 1618 1956 1673 Et
1998 1632 2255 1674 rursum:
2292 1616 2351 1673 Si
2385 1620 2733 1673 consenserint
2758 1619 2863 1673 duo
2892 1620 2959 1681 “,
3007 1618 3107 1671 hoc
3130 1625 3214 1671 est
3261 1631 3385 1685 pec-

1819 1719 1973 1765 cator
2004 1709 2372 1784 et.monitor,
2440 1711 2532 1779 qui
2607 1721 2943 1781 peceatorem
3010 1709 3277 1773 hortatur,
3330 1715 3390 1760 ut

1820 1818 1852 1858 a
1884 1802 2040 1857 malis
2061 1801 2319 1871 operibus
2350 1800 2608 1856 desistat:
2647 1810 2703 1856 et
2743 1800 3105 1870 reprehensus
3146 1798 3390 1867 paruerit

1824 1892 2239 1964 reprehendenti
2267 1892 2467 1962 ipsum,
2490 1892 2557 1947 de
2575 1892 2724 1946 omni
2751 1901 2976 1961 peccato
3038 1889 3179 1959 quod
3233 1889 3393 1957 petie-

1821 1985 1956 2047 rint,
1984 1983 2201 2039 dabitur
2228 1997 2259 2037 a
2292 1981 2402 2037 Deo
2430 1982 2587 2037 venia
2609 1981 2687 2037 illi
2719 1975 2812 2051 qui
2858 1979 3120 2051 peccavit.
3180 1979 3244 2032 Et.
3296 1980 3394 2033 ite-

1780 2132 1787 2137 .
1823 2092 1980 2132 rum:
2015 2075 2077 2132 Si
2110 2074 2463 2145 consenserint
2494 2074 2599 2126 duo
2636 2072 2689 2127 in
2734 2072 2895 2128 bonis
2922 2071 3198 2142 operibus,
3228 2069 3397 2139 quod-

1824 2171 2039 2235 cunque
2066 2164 2337 2234 petierint,
2370 2162 2512 2231 quod
2556 2161 2635 2216 sit
2673 2161 2741 2216 ad
2805 2162 3032 2217 salutem
3074 2161 3392 2230 petentium,

1824 2255 2042 2309 dabitur
2070 2253 2232 2309 illisa
2278 2251 2410 2306 Deo.
2489 2250 2835 2306 Voluntatem
2881 2250 3026 2306 enim
3090 2250 3395 2304 timentium

1827 2346 2006 2416 ipsum
2038 2344 2199 2400 faciet
2249 2351 2303 2399 et
2350 2341 2601 2398 liberabit
2649 2341 2772 2399 illos
2822 2358 2890 2399 ex
2937 2343 3123 2399 multis
3172 2342 3396 2398 tribula-

1829 2437 2070 2492 tionibus
2114 2439 2182 2490 η.

2428 2640 2712 2697 GRADUS
2743 2643 2810 2696 ιι.

1835 2732 1911 2787 De
1951 2730 2203 2787 exuendi:
2252 2732 2524 2813 aﬂ‘ectibus
2574 2733 2911 2814 omnibusque
2958 2750 3207 2788 curarum
3238 2738 3398 2791 mole-

2419 2802 2534 2855 stiis
2557 2801 2885 2871 abjiciendis.

1909 2914 2015 2980 Qui
2046 2914 2214 2971 Deum
2248 2931 2313 2970 ex
2343 2916 2527 2971 animo
2547 2917 2759 2987 diligit;
2791 2917 2884 2987 qui
2929 2919 2995 2973 ad
3040 2920 3236 2976 coelum
3287 2928 3401 2976 toto

1834 3017 2051 3077 pectore
2102 3007 2344 3078 aspirat;
2384 3008 2475 3077 qui
2512 3008 2565 3062 in
2612 3008 2848 3078 lapsibus
2902 3012 3017 3067 suis
3056 3014 3403 3070 emendandis

1836 3099 2185 3155 vehementer
2222 3099 2492 3166 desudat;
2542 3101 2633 3169 qui
2682 3100 2853 3156 futuri
2896 3101 3085 3171 judicii
3138 3105 3404 3174 supplicia

1839 3190 2168 3258 sempiterna
2202 3190 2469 3259 pertinaci
2504 3193 2768 3247 memoria
2796 3194 3059 3260 revolvit;
3122 3197 3213 3264 qui
3266 3197 3403 3250 assi-

192 3257 547 3352 σάμενος,
572 3286 807 3357 κρίσεως
839 3257 1059 3342 α’ίωνίου
1092 3303 1108 3319 ·
1210 3257 1267 3341 ἐν
1300 3257 1732 3360 ἀληθείᾳ-φόϐον

1837 3280 1943 3334 due
1967 3289 2209 3334 versatur
2232 3280 2285 3333 in
2346 3280 2633 3336 formidine
2690 3290 2744 3337 et
2787 3286 3187 3353 exspectatione
3236 3288 3405 3358 animi

192 3372 280 3441 τῆς
322 3375 503 3429 ἑαυτοῦ
557 3377 738 3441 ἐξόδου
779 3377 1061 3432 ἀναλαϐὼν
1124 3379 1226 3432 οὐκ
1268 3378 1347 3432 ἐτι
1421 3381 1731 3452 ἀγαπήσει,

190 3462 282 3515 οὐκ
313 3462 386 3516 ἐτι
409 3466 701 3537 φροντίσει,
752 3467 786 3538 ἦ
822 3469 1170 3540 μεριμνήσει,
1211 3469 1272 3523 οὐ
1320 3473 1639 3543 χρημάτων,
1674 3474 1735 3527 οὐ

191 3555 489 3623 κτημάτων,
509 3556 571 3610 οὑ
612 3558 835 3625 γονέων,
875 3559 936 3612 o6
970 3560 1127 3632 δόξης
1163 3560 1257 3614 τοῦ
1291 3560 1428 3632 βίου,
1470 3564 1530 3617 οὐ
1555 3565 1733 3633 φίλου,

192 3644 285 3695 οὐκ
325 3645 581 3716 ἀδελφῶν,
626 3649 837 3713 οὐδενὸς
875 3650 1116 3718 ἐπιγείου
1153 3651 1213 3704 τὸ
1260 3653 1556 3724 παράπανο
1602 3656 1737 3710 ἀλλά

196 3736 365 3789 πᾶσαν
408 3735 572 3789 αὑτοῦ
615 3741 713 3806 τὴν
754 3738 960 3807 σχέσιν,
1006 3741 1187 3793 πᾶσαν
1224 3741 1321 3817 τὴν
1372 3742 1503 3813 περὶ
1548 3744 1735 3798 τούτου

197 3828 439 3899 φροντίδα
479 3826 919 3899 ἐκτιναξάμενος,
962 3831 1057 3883 καὶ
1108 3832 1381 3902 μισήσαςο
1428 3834 1615 3905 ἐπειδὴ
1646 3836 1738 3888 καὶ

190 3917 283 3986 τὴν
332 3918 517 3973 ἑαυτοῦ
554 3918 732 3991 σάρκα
757 3936 772 3950 ·
823 3920 960 3991 πρὸς
1003 3920 1205 3975 τούτων
1231 3921 1307 3991 (3)
1347 3923 1574 3991 γυμνὸς,
1644 3925 1739 3975 καὶ

192 4009 494 4080 ἀμέριμνος,
536 4014 631 4064 καὶ
663 4011 869 4074 ἀόκνως
896 4012 1113 4083 Χριστῷ
1139 4012 1438 4075 ἀκολουθεῖ,
1480 4012 1614 4081 πρὸς
1643 4013 1737 4067 τὸν

190 4100 403 4171 οὐρανὸν
429 4104 517 4156 ἀεὶ
546 4102 779 4173 βλέπων,
821 4103 914 4155 καὶ
951 4101 1048 4171 τήν
1077 4101 1285 4154 ἐκεῖθεν
1312 4101 1563 4172 βοήθειαν
1602 4104 1736 4159 ἀνα-

188 4191 481 4264 δεχόμενος,
514 4194 656 4248 κατά
695 4193 786 4247 τὸν
830 4192 1049 4247 είπόντα
1097 4193 1289 4261 ἅγιον⁹
1335 4194 1672 4265 Ἐκολλήθη
1698 4199 1737 4267 ἡ

190 4283 351 4351 ψυχή
376 4300 492 4350 μου
515 4282 708 4335 ὀπίσω
735 4297 871 4344 σου,
902 4280 1100 4335 καὶτὸν
1122 4282 1281 4337 ἄλλον
1302 4283 1393 4337 τὸν
1413 4284 1740 4356 ἀείμνηστον

189 4372 465 4443 εἰρηκότα’
521 4370 663 4440 Ἐγὼ
703 4370 772 4423 δὲ
810 4372 922 4425 οὐκ
956 4373 1253 4427 ἐκοπίασα
1280 4375 1741 4431 κατακολουθῶν

188 4474 304 4524 σοι,
351 4461 444 4514 καί
478 4460 739 4529 ἡμέραν,
789 4460 828 4527 ἢ
867 4458 1215 4515 ἀνάπαυσιν
1259 4462 1571 4531 ἀνθρώπου
1630 4466 1741 4519 οὐκ

1835 3382 1865 3421 a
1899 3382 2124 3437 corpore
2170 3368 2544 3437 digressionis,
2594 3370 2641 3424 is
2677 3384 2891 3425 omnem
2920 3372 3169 3427 aﬂ‘ectum
3201 3384 3253 3429 et
3285 3385 3404 3430 stu-

1836 3460 1985 3514 dium
2008 3474 2132 3531 erga
2158 3460 2415 3529 pecunias
2444 3471 2497 3514 et
2522 3475 2670 3529 opes,
2698 3477 2824 3532 erga
2859 3473 3106 3532 parentes
3132 3475 3185 3520 et
3210 3466 3405 3521 huma-

1837 3566 1960 3606 nam
1979 3552 2224 3622 gloriam,
2243 3567 2369 3622 erga
2388 3549 2580 3607 fratres
2596 3560 2649 3607 et
2673 3554 2895 3619 amicos,
2914 3570 3038 3627 erga
3053 3558 3232 3612 omnia
3252 3560 3406 3614 deni-

1847 3657 1953 3711 que
1986 3644 2255 3708 mortalia,
2286 3657 2407 3713 qua:
2435 3651 2634 3698 terram
2665 3644 2904 3714 sapiunt,
2946 3660 3051 3705 non
3076 3649 3249 3704 solum
3278 3665 3407 3719 pro-

1839 3732 1926 3785 cul
1950 3732 2110 3787 habet
2126 3733 2438 3801 abjicitque,
2468 3734 2561 3787 sed
2579 3746 2792 3787 omnem
2823 3752 3064 3802 sensum,
3082 3753 3406 3808 omnemque

1838 3837 2025 3875 curam
2066 3823 2131 3876 de
2154 3823 2238 3876 bis
2255 3823 2355 3891 21
2381 3838 2659 3878 excussam
2679 3823 3071 3897 abjectamque,
3098 3837 3151 3883 et
3165 3844 3288 3884 cum
3320 3832 3405 3886 his

1840 3927 1998 3966 suum
2025 3912 2194 3981 ipsius
2210 3928 2426 3983 quoque
2453 3927 2649 3982 corpus
2670 3915 2794 3970 odio
2818 3919 3177 3988 persequitur,
3198 3922 3405 3978 nudus-

1839 4017 1943 4072 que
1984 4013 2039 4058 et
2059 4004 2205 4058 omni
2228 4020 2356 4059 cura
2394 4020 2598 4059 vacuus
2618 4006 2845 4077 impigre
2864 4008 3114 4067 Christus
3139 4013 3401 4082 sequitur,

1840 4108 2054 4163 semper
2082 4094 2147 4149 ad
2188 4096 2383 4151 coelum
2437 4096 2715 4163 anhelans,
2784 4107 2840 4153 et
2895 4102 3224 4169 promissum
3282 4104 3406 4159 inde

1843 4186 2100 4240 auxilium
2145 4201 2207 4241 ex
2271 4188 2493 4242 oraculo
2540 4190 2679 4244 vatis
2734 4202 3094 4260 exspectans:
3171 4193 3404 4249 Adhaesit

1841 4279 2019 4330 anima
2050 4293 2161 4331 mea
2188 4288 2301 4345 post
2332 4288 2378 4330 te
2402 4279 2465 4330 ¹³.
2495 4278 2563 4330 Ει
2600 4278 2822 4334 alterius
2862 4294 3139 4348 nunquam
3191 4284 3403 4337 tacendi
3484 4350 3487 4353 ἢ

1840 4368 2017 4421 vatis:
2054 4366 2163 4436 Ego
2198 4377 2370 4419 autem
2400 4383 2500 4419 non
2531 4384 2647 4422 sum
2686 4369 2941 4438 fatigatus
3004 4379 3051 4423 te
3108 4374 3401 4439 sequendo;

1843 4475 1933 4512 nec
1957 4458 2116 4525 diem,
2148 4474 2304 4528 neque
2328 4460 2556 4529 requiem
2597 4460 2823 4516 hominis
2866 4463 3081 4533 (μιωεὶιή
3120 4464 3162 4495 ¹³
3191 4506 3205 4519 .
3265 4466 3405 4519 'l‘ur—

188 4550 546 4621 ὲπεθύμησα,
566 4553 752 4620 ,Κύριε
774 4550 872 4623 (4).
897 4551 1135 4623 Δίσχύνη
1157 4554 1385 4625 μεγίστη
1415 4555 1649 4627 ὑπάρχει
1678 4558 1733 4611 τὸ

1844 4549 2123 4619 pissimum
2154 4559 2237 4603 est
2265 4552 2507 4618 omnino,
2536 4565 2634 4606 nos
2688 4550 2914 4621 abjectis
2958 4555 3225 4619 omnibus,
3285 4572 3407 4624 quae

190 4643 354 4696 rm
380 4645 445 4697 τὰ
479 4643 849 4715 προειρημένα
878 4643 1273 4706 καταλιπόντας
1312 4645 1449 4713 μετά
1480 4646 1577 4717 τὴν
1604 4648 1739 4720 κλῆ-

191 4750 271 4785 σιν
301 4736 474 4805 ήμῶν,
513 4737 581 4805 ἢν
608 4737 639 4788 6
660 4734 860 4805 Κύριος
892 4734 1160 4804 κέκληκεν
1189 4738 1221 4806 ή
1232 4737 1357 4805 μᾶς,
1393 4738 1485 4791 καὶ
1519 4739 1619 4793 οὐκ
1648 4740 1713 4795 ἄν

190 4824 412 4895 θρωπος,
444 4824 591 4889 τινὸς
624 4826 928 4894 φροντίζειν
964 4826 1037 4897 μὴ
1069 4826 1366 4896 δυναμένου
1404 4829 1552 4898 ἡμᾶς
1578 4829 1740 4901 εὐερ-

186 4915 405 4985 γετῆσαι
433 4918 491 4968 ἐν
530 4917 597 4984 τῇ
625 4913 746 4986 ὥρᾳ
794 4917 894 4984 τῆς
921 4916 1175 4996 ᾐνάγκης
1204 4916 1381 4988 ήμῶν,
1436 4918 1602 4986 ἡγουν
1640 4921 1740 4991 τῆς

188 5002 383 5067 ἐξόδου.
412 5002 582 5056 Τοῦτο
611 5003 719 5073 γάρ
747 5004 893 5056 ἐστιν
915 5006 1049 5090 ἤπερ
1074 5004 1226 5060 εἶπεν
1250 5010 1277 5060 6
1311 5007 1533 5077 Κύριος,
1570 5025 1735 5088 στρατ

188 5093 350 5163 φῆναι
384 5097 464 5157 είς
498 5094 568 5148 τά
607 5093 805 5155 ὀπίσω,
836 5096 930 5147 καὶ
962 5098 1037 5166 μὴ
1078 5099 1369 5168 εὑρεθῆναι
1418 5097 1634 5151 εΰθετον
1662 5103 1739 5163 είς

186 5185 280 5254 τήν
304 5185 578 5255 βασιλείαν
603 5183 713 5237 τῶν
741 5184 1003 5254 οὐρανῶν,
1059 5187 1116 5239 Ὁ
1150 5190 1349 5257 Κύριος
1375 5190 1407 5258 ή
1418 5189 1533 5258 μῶν
1561 5190 1622 5241 τὸ
1663 5192 1746 5243 εὑ-

184 5276 388 5329 όλισθον
432 5277 588 5347 ήμῶν
624 5274 733 5329 τῶν
774 5277 1152 5343 εἰσαγωγικῶν
1201 5279 1517 5346 γινώσκων,
1543 5283 1635 5333 καὶ
1668 5283 1741 5346 ὡς

184 5367 415 5436 εὐχερῶς
440 5369 634 5430 ἐντοῖς
659 5367 943 5435 -κοσμικοῖς
994 5368 1391 5436 συνδιάγοντες,
1435 5370 1466 5437 ἣ
1508 5387 1738 5439 συντυγο

183 5460 453 5526 χάνοντες,
484 5458 645 5511 πάλιν
676 5458 784 5519 ,ἐπὶ
824 5457 913 5509 τὸν
953 5456 1154 5527 κόσμον
1196 5461 1561 5531 στρεφόμεθα,
1612 5464 1743 5529 φησὶ

184 5548 314 5619 πρὸς
344 5547 434 5599 τὸν
462 5549 720 5618 εἰρηκότα
773 5547 955 5616 αὐτῷ’
998 5546 1314 5617 Ἐπίτρεψόν
1351 5567 1437 5617 μοι
1492 5548 1743 5605 ἀπελθεῖν

186 5644 347 5711 θάψαι
383 5642 475 5693 τὸν
522 5641 734 5711 πατέρα
767 5658 888 5710 μου.
916 5642 1099 5707 ’Ἄφες
1124 5642 1142 5669 ⁸
1172 5640 1312 5704 τοὺς
1362 5640 1609 5707 νεκροὺς
1646 5641 1745 5693 (id.

186 5738 289 5801 ςἀι
324 5732 466 5794 τοὺς
492 5731 723 5784 ἑαυτῶν
755 5731 1026 5799 νεκρούς.
1079 5732 1140 5783 Οί
1178 5730 1426 5800 δαίμονες
1471 5732 1608 5799 μετὰ
1650 5733 1745 5801 τὴν

1842 4656 2005 4711 supra
2056 4643 2499 4707 memoravimus,
2552 4651 2675 4713 post
2728 4644 3096 4711 vocationem,
3142 4662 3245 4714 qua
3293 4662 3400 4702 non

1841 4735 2005 4788 homo
2031 4748 2151 4798 nos,
2192 4733 2282 4787 sed
2309 4732 2572 4789 Dominus
2603 4734 2669 4788 ad
2694 4736 2943 4789 militiam
2969 4740 3229 4800 evocavit,
3253 4754 3399 4805 quae-

1842 4841 1961 4879 rere
2016 4824 2240 4894 aliquid,
2298 4826 2440 4892 quod
2497 4825 2655 4879 nobis
2698 4824 2754 4878 in
2811 4826 3013 4882 ultima:
3064 4829 3401 4883 necessitatis

1838 4916 2067 4969 articulo
2088 4917 2161 4975 ret
2213 4914 2437 4967 decessu
2475 4929 2579 4967 non
2614 4913 2781 4969 hilum
2822 4918 3014 4985 prosit.
3079 4915 3189 4970 lloc
3246 4918 3400 4973 enim

1842 5019 1923 5063 est
1949 5008 2092 5077 quod
2127 5018 2305 5061 monet
2334 5008 2615 5066 Dominus.
2644 5024 2711 5063 ne
2767 5022 3144 5065 convertamur
3197 5020 3401 5066 retror-

1843 5114 1983 5161 sum,
2016 5107 2065 5150 et
2092 5097 2283 5152 [ianuis
2342 5099 2507 5166 inepti
2572 5100 2638 5153 ad
2692 5116 2915 5170 regnum
2962 5099 3078 5153 Dei.
3143 5100 3403 5158 Dominus

1847 5189 1984 5242 haud
2012 5188 2229 5258 ignarus
2257 5197 2451 5243 nostrae
2472 5192 2708 5244 tironum
2750 5192 3141 5257 inconstantiae,
3166 5202 3218 5247 et
3241 5211 3402 5263 quam

1845 5280 1985 5333 facili
2016 5280 2249 5347 negotio.
2278 5296 2338 5333 ex
2374 5297 2495 5345 usu,
2520 5292 2572 5335 et
2622 5280 2987 5335 familiaritate
3038 5294 3402 5346 externorum,

1845 5372 1909 5425 ad
1935 5386 2150 5437 ea,qua:
2176 5373 2478 5437 sprevimus
2509 5377 3071 5440 revertamur,petenti
3096 5377 3167 5427 illi
3188 5377 3261 5428 uti
3300 5375 3403 5427 sibi

1846 5462 2053 5529 copiam
2084 5461 2285 5515 faceret
2321 5465 2485 5529 patris
2508 5464 2588 5516 sui
2640 5464 2933 5530 sepeliendi
2969 5483 2981 5515 :
3032 5466 3267 5527 Dimitte,
3319 5465 3402 5517 in-

1846 5556 1984 5622 quit,
2013 5564 2240 5605 mortuos
2288 5560 2499 5621 square
2534 5565 2765 5607 mortuos
2816 5574 2937 5609 suos
2972 5560 3035 5609 ”.
3098 5558 3404 5624 Suggerunt

1846 5645 1997 5697 nobis
2033 5644 2318 5707 decuriones,
2366 5654 2485 5711 post
2538 5660 2716 5699 rerum
2764 5648 3119 5699 humanarum
3188 5645 3407 5700 abdiCa-

1844 5738 2064 5797 tionem,
2105 5746 2159 5788 ut
2192 5739 2373 5789 beatos
2405 5736 2757 5803 praedicennts
2788 5738 2908 5792 illos
2955 5740 3044 5806 qui
3075 5738 3127 5790 in
3188 5746 3405 5808 egentes

254 5922 291 5953 ¹¹
328 5920 517 5976 Matth.
556 5934 709 5983 xvm,
741 5920 823 5975 l9.
904 5923 943 5953 ²²
970 5921 1115 5977 Psal.
1159 5937 1336 5985 exuv,
1371 5921 1452 5979 l9.
1535 5924 1575 5955 ¹³
1602 5922 1724 5979 Psal

1832 5938 1909 5988 LII,
1945 5924 1996 5977 9.
2078 5924 2119 5954 ¹³
2149 5923 2346 5979 Jerem.
2386 5940 2513 5986 un,
2546 5922 2627 5975 lt}.
2709 5924 2751 5953 ¹⁵
2785 5921 2973 5976 Matth.
3010 5938 3131 5983 vui.
3170 5922 3257 5976 ‘22.
