4048 6338
551 454 658 517 655

1804 451 1862 509 S.
1891 445 2206 511 JOANNIS
2221 442 2525 505 CLIMACI

3692 437 3812 501 656

552 569 679 617 sunt
707 560 943 631 benigni,
970 574 1176 629 nosque
1208 560 1437 615 miscros
1459 559 1725 629 dictitare,
1758 560 1900 629 quod
1922 559 2133 629 ejusce-

2237 553 2535 623 ἀποταγὴν,
2567 550 2749 604 λοιπὸν
2778 549 2901 612 τοὺς
2932 548 3224 618 ἐλεήμονας
3259 548 3409 619 ἡμῖν,
3450 546 3541 600 καὶ
3577 564 3808 617 συμπα-

552 655 697 710 modi
774 654 1142 709 misericordia
1209 655 1366 709 omni
1392 655 1591 711 virtute
1637 654 1881 710 destituti
1936 653 2127 708 simus.

553 746 851 799 tionsilinm
879 755 1057 799 autem
1086 746 1323 798 hostium
1348 755 1453 809 est,
1484 747 1561 800 uti
1626 759 1728 801 nos
1783 760 1878 814 per
1930 743 2132 798 demis-

554 838 725 890 sionis
788 837 1047 905 speciem,
1108 846 1201 889 aut
1260 836 1326 891 ad
1387 837 1669 906 profanant
1730 836 1914 891 saeculi
1963 835 2130 889 vitam

554 931 863 994 retraliant;
891 938 982 983 aut
1026 929 1079 981 in
1109 928 1369 999 religione
1392 937 1807 999 perseverantes
1844 928 1909 982 ad
1940 927 2132 998 despe-

555 1021 778 1073 rationis
839 1020 1092 1089 laqueum
1124 1019 1360 1087 adigant.
1396 1020 1535 1075 Sunt
1557 1020 1651 1089 qui
1682 1020 1820 1075 alios
1853 1020 1906 1074 in
1931 1017 2132 1074 saeculo

554 1124 832 1164 \ersantes
864 1126 957 1179 per
983 1111 1147 1164 animi
1180 1110 1469 1166 elationem
1496 1126 1606 1182 pra:
1634 1127 1693 1167 se
1725 1119 2083 1167 contemnunt
2114 1126 2129 1175 ;

553 1213 681 1254 sunt
710 1202 800 1270 qui
831 1204 1049 1256 eosdem
1098 1201 1350 1257 absentes
1380 1203 1487 1271 22
1522 1202 1850 1272 despiciunt,
1912 1210 1974 1255 ut
2027 1200 2130 1270 ipsi

554 1307 663 1345 non
692 1294 1001 1360 desperent,
1038 1303 1091 1347 et
1142 1295 1387 1348 animum
1442 1294 1839 1365 ampliore'spe
1892 1294 2127 1347 ﬁrment.

552 1384 852 1437 Audiamus
883 1383 1174 1439 Dominum
1202 1383 1531 1440 adolescenti
1558 1385 1658 1453 illi,
1684 1384 1779 1456 qui
1816 1384 2134 1439 divinorum

554 1484 945 1543 lii-recepturum
973 1474 1117 1545 leges
1182 1472 1295 1528 fere
1349 1486 1543 1529 omnes
1596 1473 1950 1539 custodierat,
2002 1486 2131 1527 sua-

555 1565 806 1619 dentem:
850 1564 1019 1618 ('num
1051 1566 1144 1617 tibi
1175 1565 1336 1628 deest,
1362 1565 1612 1619 utendas
1649 1575 1700 1617 et
1726 1562 1916 1617 vendas
1951 1564 2130 1618 omnia

553 1672 668 1725 qua:
700 1656 952 1724 possides,
1005 1664 1053 1709 ct
1080 1655 1170 1708 des
1201 1655 1516 1723 pauperibus
1543 1656 1610 1719 ¹⁶,
1644 1664 1702 1709 ιιι
1761 1654 1877 1724 ipse
1924 1669 2130 1725 pauper

555 1748 784 1801 aliorum
838 1747 1225 1802 misericordia:
1288 1747 1561 1816 indigeas,
1632 1758 1685 1802 ct
1744 1747 1935 1817 stipem
1982 1746 2127 1802 acci-

557 1853 694 1905 pias.

2236 644 2349 708 θεῖς
2424 644 2531 696 τῶν
2583 643 2859 711 κοσμικῶν
2905 640 3231 711 μακαρίζειν
3282 638 3650 703 ὑποτίθενται,
3702 640 3803 692 καὶ

2236 737 2461 798 ἑαυτοὺς
2508 736 3008 805 ἀποστερήσαντας.
3078 731 3285 794 Σκοπὸς
3320 731 3377 783 δὲ
3420 734 3532 793 τοῖς
3583 730 3809 800 ἐχθροῖς

2234 827 2390 897 ἡμῶν
2424 827 2513 879 διὰ
2559 824 2713 879 νόθου
2752 824 3163 891 ταπεινώσεως,
3214 821 3247 890 ἢ
3296 821 3434 891 πρὸς
3467 821 3558 873 τὸν
3594 822 3810 890 κόσμον

2232 919 2378 988 ἡμᾶς
2420 914 2779 987 ἐπιπρέψαι,
2820 914 2854 984 ἢ
2891 913 3149 984 μένοντας
3196 912 3463 981 μοναχοὺς
3516 909 3651 982 πρὸς
3696 909 3810 979 τὴν

2233 1009 2542 1078 ἀπόγνωσιν
2583 1007 3046 1075 κατακρημνῖσαι.
3100 1003 3287 1056 Ἔστιν
3335 1001 3626 1064 εὐτελίζειν
3668 1001 3811 1064 τοὺς

2230 1095 2290 1148 ὲν
2347 1096 2537 1165 κόσμῳ
2586 1096 2677 1149 διὰ
2730 1095 2925 1165 οῖησιν,
2978 1093 3073 1146 καὶ
3130 1092 3279 1146 ἔστιν
3323 1092 3523 1155 αὐτοὺς
3556 1091 3810 1154 ἀπόντας

2232 1187 2551 1254 ἑξουθενεῖν,
2588 1186 2676 1240 διὰ
2712 1185 2774 1239 τὸ
2814 1186 3003 1254 φυγεῖν
3049 1183 3147 1251 τὴν
3189 1183 3520 1252 ἀπόγνωσιν,
3558 1184 3649 1235 καὶ
3697 1181 3811 1251 τὴν

2230 1279 2419 1333 ἐλπίδα
2450 1277 2916 1351 προσκτήσασθαι.
2965 1275 3307 1345 ’Δκούσωμεν
3340 1270 3435 1328 οὖν
3466 1274 3559 1329 τοῦ
3590 1273 3809 1345 Κυρίου

2232 1371 2367 1441 πρὸς
2406 1370 2610 1424 ἐκεῖνον
2647 1370 2740 1425 τὸν
2771 1369 3071 1437 νεανίσκον,
3120 1366 3213 1421 τὸν
3257 1366 3434 1430 πάσας
3481 1366 3662 1436 σχεδὸν
3697 1366 3809 1430 τὰς

2230 1460 2448 1524 ἐντολὰς
2475 1460 2849 1531 ἐργασάμενον
2867 1460 3125 1531 είρηκότα
3152 1476 3168 1491 ο
3199 1459 3281 1511 ὅτι
3319 1458 3430 1512 Ἕν
3449 1473 3549 1511 σοι
3579 1458 3806 1520 λείπει,

2230 1553 2297 1608 τὸ
2332 1553 2412 1625 (θ)
2436 1551 2716 1620 πωλῆσαι
2749 1551 2822 1606 τὰ
2848 1549 3217 1621 ὑπάρχοντα,
3246 1549 3345 1605 καί
3380 1549 3592 1603 δοῦναι
3641 1564 3807 1601 arto-

2229 1644 2381 1715 χοῖς,
2420 1645 2514 1698 καὶ
2558 1644 2747 1698 ἑαυτὸν
2789 1643 3004 1714 πτωχὸν
3043 1642 3381 1713 καταστῆσαι
3428 1639 3812 1711 ἐλεημοσύνην

2226 1738 2534 1807 δεχόμενον.

624 1928 947 1996 Quicunque
994 1927 1223 1996 impigre
1282 1936 1337 1980 et
1399 1935 1616 1981 strenue
1676 1927 1945 1995 religiosa:
2004 1926 2127 1980 vitae

2299 1910 2362 1961 Oi
2417 1908 2713 1980 προθύμως
2768 1909 2863 1963 καὶ
2916 1909 3054 1974 ζέως
3106 1908 3422 1980 διαδραμεῖν
3470 1907 3806 1978 βουλόμενοι,

558 2018 791 2072 stadium
818 2017 1108 2073 decuncre
1155 2015 1443 2085 coepimus,
1497 2024 1701 2071 attente
1766 2016 2121 2085 pensitemus,

555 2124 666 2179 quo
694 2116 851 2178 pacto
878 2107 1139 2161 Dominus
1168 2121 1358 2161 oumes
1394 2106 1683 2163 smeulares
1744 2116 1801 2162 et
1861 2107 2123 2171 viventes.

556 2214 740 2267 tamen
770 2190 1017 2254 mortuos
1044 2198 1289 2253 indicarit
1320 2216 1334 2263 ;
1362 2198 1585 2268 quando
1637 2200 1713 2253 illi
1740 2200 1908 2255 dixit:
1945 2199 2125 2255 Relin-

554 2309 650 2361 que
674 2302 906 2345 mortuos
938 2290 1247 2352 smculares,
1303 2298 1538 2344 mortuos
1561 2306 1684 2344 suos
1738 2304 1983 2361 corpore,
2044 2307 2126 2345 ae-

556 2385 738 2453 relire.
776 2383 918 2436 Nihil
945 2396 1074 2449 opes
1100 2381 1499 2434 adolescentem
1566 2380 1742 2446 illum,
1794 2396 1905 2450 quo
1945 2381 2129 2438 minus

558 2474 623 2526 ad
671 2456 999 2542 baptisnnnn
1070 2471 1372 2531 accederet,
1434 2469 1851 2539 impediverunt.
1905 2470 2127 2527 Frustra

558 2563 784 2633 proinde
834 2572 983 2629 sunt,
1033 2562 1124 2631 qui
1187 2560 1382 2615 stolide
1417 2561 1754 2615 contendunt
1802 2561 1987 2631 juveni
2044 2564 2132 2618 ba-

559 2656 741 2724 ptismi
774 2654 1103 2723 suscipiendi
1136 2653 1330 2721 gratia,
1378 2662 1436 2708 ut
1486 2652 1671 2707 omnia
1710 2655 1987 2717 venderet,
2022 2654 2127 2709 iut-

558 2752 802 2813 peratqu
831 2740 1017 2795 fuisse.
1050 2738 1193 2793 Satis
1220 2742 1289 2794 sit
1352 2741 1508 2796 nobis
1567 2741 1681 2805 hac
1741 2741 1942 2798 Christi
2009 2745 2130 2798 talis

558 2833 855 2890 auctoritas
890 2833 956 2885 ad
992 2831 1353 2886 certissimam
1389 2831 1639 2885 maximae
1667 2831 1953 2901 cujusdam
2012 2835 2130 2905 glo-

562 2922 673 2985 rim,
715 2936 837 2989 qua:
863 2917 1187 2989 professioni
1222 2929 1419 2971 nostra:
1448 2927 1532 2973 est
1569 2918 1837 2987 promissa
1868 2920 2127 2975 testiﬁca-

562 3012 784 3065 tiouem.
827 3007 1195 3074 Quaerendum
1220 3022 1384 3074 porro
1464 3006 1594 3076 quid
1658 3007 1729 3063 sit
1777 3010 2129 3078 quamobrem

561 3101 656 3165 illi,
682 3103 773 3170 qui
804 3101 858 3155 in
895 3099 1089 3154 mediis
1122 3099 1302 3153 swculi
1334 3098 1509 3154 turbis
1549 3109 1858 3163 versantur,
1904 3110 1960 3155 et
2005 3116 2129 3170 per-

560 3193 777 3264 vigiliis,
858 3190 1306 3261 jejuuationibus,
1392 3189 1689 3256 laboribus,
1752 3191 2133 3262 malorumque

2227 2001 2493 2071 νουνεχῶς
2524 2000 2950 2070 ἐπισκεψώμεθα
2990 2001 3106 2064 πῶς
3130 2003 3163 2055 ό
3196 2000 3402 2071 Κύριος
3426 2000 3633 2063 πάντας
3671 2000 3812 2063 τοὺς

2226 2091 2287 2143 ἐν
2320 2090 2510 2162 κόσμῳ
2530 2091 2924 2160 διατρίϐοντας,
2953 2093 3051 2146 καὶ
3081 2091 3288 2156 ζῶντας
3315 2092 3392 2162 (7)
3416 2093 3642 2162 νεκροὺς
3673 2107 3811 2145 κατ-

2227 2183 2499 2247 εδίκασεν,
2554 2184 2723 2237 εἰπὼν
2767 2184 2904 2252 πρός
2936 2199 3094 2237 τιναο
3135 2185 3319 2251 Ἄφες
3352 2182 3496 2248 τοὺς
3547 2182 3812 2252 νεκροὺς·

2228 2275 2547 2345 κοσμικοὺς,
2595 2274 2721 2339 τοὺς
2769 2273 2851 2343 τῷ
2896 2273 3109 2344 σώματι
3147 2273 3226 2345 (8)
3268 2271 3526 2341 νεκροὺς
3567 2272 3759 2344 adyta:
3785 2288 3807 2303 ⁸

2226 2369 2379 2422 οὐδὲν
2438 2366 2681 2421 ἐκώλυσε
2730 2366 2823 2419 τὸν
2878 2366 3162 2421 νεανίσκον
3223 2366 3433 2419 ἐκεῖνον
3489 2366 3520 2419 ὁ
3572 2363 3811 2428 πλοῦτος

2229 2459 2549 2530 προσελθεῖν
2602 2457 2680 2529 τῷ
2730 2457 3085 2528 βαπτίσματι.
3128 2453 3582 2527 Ἐματαιὼθησαν
3620 2454 3813 2509 τοίνυν

2231 2549 2529 2620 φάσκοντες
2563 2567 2728 2613 τινες,
2766 2549 2846 2602 ὅτι
2886 2547 2981 2601 τοῦ
3013 2548 3385 2617 βαπτίσματος
3429 2546 3589 2616 χάριν
3623 2547 3653 2600 δ
3683 2544 3809 2600 Κύ-

2232 2660 2348 2717 ριος
2379 2643 2625 2715 πωλῆσαι
2650 2641 2811 2696 αὐτὸν
2835 2641 2924 2694 τὸν
2952 2640 3183 2693 πλοῦτον
3201 2638 3494 2693 διέταττεν.
3535 2638 3808 2709 Ἀρκείτω

2230 2739 2361 2808 ἡμῖν
2392 2737 2471 2800 είς
2506 2734 2768 2806 μεγίστην
2800 2730 3175 2804 πληροφορίαν
3212 2730 3311 2802 τῆς
3347 2730 3615 2801 μεγίστης
3642 2730 3811 2802 δόξης

2230 2828 2324 2883 τοῦ
2356 2828 2623 2899 ἡμετέρου
2649 2826 3086 2896 ἐπαγγέλματος,
3105 2825 3139 2895 ἡ
3160 2824 3381 2895 τοιαύτη
3438 2823 3807 2895 πληροφορία.

2237 2922 2509 2992 Ζητητέον
2554 2921 2671 2983 πῶς
2715 2921 2766 2973 oi
2816 2920 2875 2973 ὲν
2908 2921 3098 2990 κόσμῳ
3135 2918 3444 2988 διάγοντες,
3498 2917 3595 2972 καὶ
3630 2918 3813 2987 ἀγρυ-

2234 3014 2439 3076 πνίαις,
2475 3014 2569 3066 καὶ
2603 3012 2899 3083 νηστείαις,
2925 3012 3019 3065 καὶ
3046 3011 3255 3076 κόποις,
3285 3012 3379 3066 καὶ
3405 3009 3813 3075 κακοπαθείαις

2231 3104 2632 3176 διατρίϐοντες,
2667 3104 2725 3156 ὲν
2755 3104 2977 3174 μονήρει
3016 3101 3116 3173 βίῳ
3144 3103 3333 3170 ὥσπερ
3378 3105 3435 3156 έν
3468 3103 3811 3173 δοκιμαστη-

2238 3196 2356 3267 ρίῳ,
2387 3197 2480 3249 καὶ
2506 3195 2793 3265 σκάμματι
2816 3194 2882 3248 ἐκ
2911 3194 3017 3249 τῶν
3041 3192 3341 3266 ἀνθρώπων
3370 3192 3808 3265 ἀναχωροῦντες,

561 3286 804 3339 mnuiuttl
846 3281 1296 3353 perpessiouibus
1331 3296 1448 3335 sese
1474 3280 1758 3344 alﬂictaut,
1792 3283 2011 3351 quando
2064 3285 2129 3339 ad

2237 3287 2333 3357 τὴν
2368 3284 2638 3358 προτέραν
2663 3285 2896 3357 ἄσκησιν
2935 3284 3115 3339 αὐτῶν
3154 3283 3253 3355 τὴν
3284 3283 3673 3356 νενοθευμένην
3699 3282 3811 3353 (9),

563 3378 726 3430 vitam
765 3373 1087 3440 solitariam,
1122 3382 1380 3441 tanquam
1409 3387 1679 3441 germana:
1700 3373 1915 3427 virtutis
1941 3373 2130 3444 explo-

562 3466 842 3530 ratricem,
875 3473 930 3519 et
960 3463 1093 3533 justi
1128 3463 1285 3519 stadii
1307 3462 1535 3529 circum,
1568 3479 1662 3518 seu
1694 3479 1934 3519 scanuna
1953 3474 2133 3520 trans-

564 3570 712 3624 eunt,
779 3559 985 3627 priores
1017 3556 1140 3611 vitae
1174 3555 1615 3621 exercitationes,
1669 3564 1926 3627 tanquam
1982 3547 2142 3612 adol?

566 3652 770 3705 terinas
825 3660 880 3703 et
934 3648 1151 3717 spurias
1237 3646 1699 3717 praetermittam?
1766 3648 2135 3706 Animadverti

568 3742 911 3811 plurima,“
933 3740 1133 3795 diversi
1173 3737 1387 3809 generis
1418 3737 1680 3794 virtutum
1730 3739 2017 3808 plantaria,
2070 3740 2139 3795 ab

566 3837 656 3899 iis,
679 3834 772 3904 qui
800 3834 853 3887 in
880 3830 1086 3887 mundo
1109 3832 1331 3900 degunt,
1354 3830 1589 3895 consita,
1628 3841 1886 3902 tanquam
1921 3846 1988 3887 ex
2040 3846 2138 3887 oc-

569 3926 698 3978 eulti
727 3923 967 3978 cuniculi
1000 3931 1241 3977 ventosa:
1266 3922 1451 3991 gloria:
1500 3922 1715 3978 sentina
1771 3923 2002 3993 irrigari,
2054 3934 2137 3979 at-

569 4035 673 4084 que
711 4014 817 4085 23
852 4030 915 4069 et
952 4016 1317 4069 ostentatione
1365 4013 1600 4083 quadam
1647 4018 1923 4084 suscepta,
1968 4016 2139 4071 laudi-

571 4111 778 4176 busque
827 4107 970 4162 velut
1023 4115 1263 4163 stercore
1297 4105 1498 4161 nutrita
1560 4115 1615 4160 et
1660 4107 1960 4177 inquinata,
1994 4118 2143 4178 post-

568 4215 733 4269 quam
795 4200 848 4251 in
902 4198 1017 4254 sola
1071 4198 1239 4253 eremi
1299 4198 1438 4260 loca,
1474 4208 1527 4252 et
1566 4200 1921 4255 szecularibus
1979 4202 2141 4256 invita

569 4291 828 4345 translata
883 4301 1031 4357 sunt,
1082 4289 1339 4359 nullaque
1380 4290 1739 4361 graveolentis
1791 4291 2139 4359 profanarum

569 4398 750 4437 rerum
813 4382 1014 4451 uligine
1085 4381 1273 4441 tincta,
1338 4390 1558 4447 repente
1603 4381 1902 4435 exaruisse.
1958 4380 2142 4452 Neque

569 4474 714 4530 enim
753 4473 805 4547 in
850 4471 1073 4526 humido
1111 4482 1250 4525 natae
1286 4473 1482 4540 stirpes
1511 4472 1686 4527 solent
1718 4473 1769 4526 in
1798 4473 2005 4543 asperis
2033 4476 2142 4529 ari—

568 4565 763 4635 disque
789 4563 1055 4632 religiosa:
1079 4562 1382 4631 disciplina:
1408 4562 1638 4617 oﬂieinis
1666 4562 1875 4619 fruetus
1896 4565 2138 4637 gignere.

568 4658 671 4725 Qui
706 4656 967 4712 mundum
1001 4655 1134 4722 odit,
1178 4655 1222 4711 is
1263 4656 1535 4710 tristitiam
1570 4653 1775 4726 eﬂ‘ugit.
1824 4655 1925 4722 Qui
1960 4673 2139 4711 rerum

569 4750 748 4805 adhuc
786 4749 1196 4821 aspectabilium
1231 4749 1499 4804 desiderio
1536 4750 1794 4813 trahitur,
1830 4750 1876 4804 is
1904 4751 2145 4805 nondum

569 4841 640 4896 ab
672 4843 856 4896 animo
885 4841 1201 4897 maestitiam
1234 4840 1510 4893 abstersit.
1542 4840 1791 4908 Quonam
1817 4852 1974 4911 pacto
2004 4842 2147 4896 enim

572 4950 679 4989 nou
715 4933 959 4989 tristetur
1012 4935 1077 4997 is,
1130 4934 1223 5003 qui
1274 4934 1437 4988 rebus
1488 4934 1732 5001 privatur
1791 4932 1878 4997 iis,
1913 4948 2143 5001 quarum

572 5041 756 5081 amore
801 5026 1111 5081 detinetur?
1144 5024 1408 5081 Omnibus
1442 5024 1658 5094 quidem
1702 5025 1753 5078 iu
1800 5027 1962 5081 rebus
2010 5040 2147 5093 opus

571 5130 651 5175 est
704 5122 859 5177 nobis
890 5120 1049 5176 valde
1081 5121 1261 5176 sobria
1300 5130 1505 5187 mente;
1561 5120 1652 5174 sed
1706 5120 1807 5175 hoc
1843 5136 1951 5190 pne
1989 5128 2147 5175 caete-

572 5215 651 5269 ris
710 5224 794 5269 est
856 5216 1014 5270 nobis
1070 5213 1307 5268 maxime
1357 5212 1681 5268 curandum.
1739 5213 1892 5269 Haud
1943 5226 2147 5282 paucos

572 5309 907 5374 notavimus,
933 5307 1062 5361 dum
1103 5306 1283 5361 adhuc
1313 5304 1366 5357 in
1416 5306 1642 5376 strepitu
1678 5306 2015 5380 negotiorum
2045 5320 2145 5358 sm-

573 5405 679 5457 culi
711 5412 1079 5466 versarentur,
1110 5416 1223 5471 pra:
1260 5414 1539 5466 curarum,
1570 5399 2146 5467 sollicitudinum,nu-

571 5486 782 5561 garum,
812 5493 1217 5564 pervigiliarum
1249 5492 1594 5548 contentione
1613 5503 1678 5547 et
1711 5490 1913 5556 labore,
1949 5506 2145 5561 corpo-

574 5590 646 5638 ris.
676 5588 757 5639 sui
794 5586 1055 5639 furiosam
1090 5584 1429 5652 tyrannidem
1483 5582 1735 5655 effugisse
1767 5599 1781 5635 :
1815 5584 2031 5636 eosdem
2058 5593 2139 5634 ta-

574 5692 695 5730 meu
745 5685 930 5744 postea
981 5690 1145 5745 quam
1198 5690 1257 5731 se
1293 5676 1357 5730 ad
1394 5674 1659 5745 religiosa:
1697 5673 1915 5743 quietis,
1955 5684 2003 5728 et
2054 5690 2139 5727 se-

645 5858 684 5881 "
719 5854 901 5909 ‘duttlt.
940 5871 1048 5917 MK.
1088 5857 1172 5910 21.

2234 3377 2330 3430 καὶ
2398 3375 2729 3430 ἐπίπλαστον
2779 3377 2882 3431 ούκ
2957 3376 3037 3430 ἔτι
3095 3375 3485 3445 μετέρχονταις
3552 3374 3814 3447 Ἑώρακα

2235 3468 2483 3533 πλεῖστα,
2518 3466 2613 3521 καὶ
2637 3466 2869 3537 διάφορα
2899 3466 3039 3535 φυτά
3067 3466 3176 3518 τῶν
3213 3456 3426 3538 ἀρετῶν
3468 3466 3596 3536 παρ’
3623 3465 3815 3520 αὐτῶν

2238 3562 2297 3615 ἐν
2330 3560 2521 3631 κόσμῳ
2553 3556 3037 3628 καταφυτευόμενα
3062 3572 3077 3587 ·
3107 3556 3201 3611 καὶ
3226 3556 3415 3628 ὥσπερ
3442 3555 3503 3621 ἐξ
3532 3555 3812 3626 ὑπονόμου

2238 3650 2525 3723 βορϐόρου,
2553 3650 2659 3705 ὑπὸ
2702 3652 2802 3723 τῆς
2846 3647 3149 3716 κενοδοξίας
3177 3650 3526 3719 ποτιζόμενα,
3570 3649 3664 3702 καὶ
3700 3648 3817 3702 ὑπὸ

2240 3743 2621 3815 φανητιασμοῦ
2666 3743 3016 3813 κελευόμενα,
3062 3740 3158 3795 καὶ
3187 3740 3292 3794 ύπδ
3326 3740 3569 3795 ἐπαίνων
3608 3738 3815 3812 κοπρι-

2240 3834 2444 3906 ζόμενα
2473 3852 2487 3866 ο
2524 3836 2619 3888 καὶ
2658 3835 2839 3905 μέντοι
2882 3833 3357 3904 μεταφυτευθέντα
3398 3834 3456 3886 ἐν
3492 3834 3561 3903 γῇ
3592 3832 3811 3903 ἐρήμῳ,

2242 3928 2334 3981 καὶ
2368 3926 2555 3998 ἀϐάτῳ
2584 3925 2885 3996 κοσμικῶν,
2918 3924 3014 3978 καὶ
3036 3924 3251 3994 ἀνύδρῳ
3276 3924 3677 3989 κενοδοξισικοῦ,
3708 3926 3816 3980 καὶ

2246 4019 2573 4091 βρωμώδους
2609 4017 2820 4083 ὓδατος,
2853 4016 3054 4079 εὐθέως
3100 4014 3565 4087 ἑπεξηράνθησαν.
3596 4018 3671 4071 Oti
3697 4016 3815 4089 γὰρ

2244 4113 2519 4181 πεφύκασι
2544 4111 2610 4163 τά
2638 4110 2832 4181 ἔνυδρα
2863 4108 3004 4177 φυτά
3037 4109 3094 4160 ἐν
3126 4106 3382 4175 σκληροῖς
3435 4106 3529 4160 καὶ
3557 4106 3815 4177 ἀνύδροις

2242 4202 2669 4274 γυμναστηρίοις
2698 4202 3085 4272 καρποφορεῖν.
3117 4197 3185 4251 Ei
3207 4214 3287 4261 τις
3317 4197 3431 4269 (10)
3455 4199 3656 4271 κόσμον
3686 4199 3816 4270 ὲμὶ-

2246 4314 2430 4367 σησεν,
2458 4292 2612 4359 οὗτος
2633 4296 2810 4364 λύπην
2842 4293 3095 4361 διέφυγεν
3116 4306 3129 4321 ·
3159 4292 3209 4343 εί
3246 4290 3303 4344 δέ
3338 4308 3421 4355 τις
3455 4292 3589 4363 πρός
3620 4310 3671 4344 τι
3697 4292 3815 4345 τῶν

2242 4388 2536 4459 ὁρωμένων
2561 4384 2932 4458 προσπάθειαν
2954 4382 3233 4453 κέκτηται,
3262 4382 3475 4435 οὐδέπω
3503 4381 3614 4451 (ili)
3633 4381 3815 4451 λύπης

2245 4480 2595 4552 λελύτρωται.
2645 4478 2766 4539 Πῶς
2791 4476 2901 4545 γὰρ
2946 4475 3010 4529 ἂν
3048 4475 3141 4527 καὶ
3190 4473 3264 4544 μὴ
3302 4474 3668 4543 λυπηθήσεται
3714 4474 3818 4528 ἐπὶ

2244 4577 2311 4645 τῇ
2342 4573 2597 4643 στερήσει
2627 4569 2722 4624 τοῦ
2744 4568 3107 4637 ἀγαπωμένου
3132 4585 3147 4633 ;
3192 4567 3279 4618 Ἐν
3318 4566 3453 4617 πᾶσι
3484 4565 3582 4635 μὲν
3612 4564 3815 4636 πολλῆς

2246 4668 2379 4737 ἡμῖν
2408 4664 2570 4736 χρεία
2606 4663 2705 4732 τῆς
2753 4660 2990 4729 νήψεως,
3023 4657 3305 4712 ἑπιπλεῖον
3332 4656 3389 4709 δὲ
3430 4656 3603 4727 τούτῳ
3639 4673 3816 4728 προσ-

2245 4758 2431 4814 εκτέον
2460 4754 2727 4825 νουνεχῶς
2757 4754 2863 4822 πρδ
2888 4752 2994 4807 τῶν
3023 4749 3245 4803 λοιπῶν.
3278 4747 3513 4812 Πολλοὺς
3554 4747 3817 4803 τεθεάκα-

2249 4862 2350 4915 μεν
2381 4845 2439 4896 ὲν
2469 4843 2680 4913 κόσμῳ,
2718 4841 2826 4893 ὑπὸ
2876 4837 3177 4910 μεριμνῶν,
3227 4838 3321 4891 καὶ
3367 4837 3682 4909 φροντίδων,
3715 4839 3817 4891 καὶ

2246 4937 2588 5009 ἀδολεσχιῶν,
2636 4936 2731 4990 καὶ
2767 4930 3081 5004 ἀγρυπνιῶν
3124 4930 3452 5001 σωματικῶν
3477 4930 3576 5000 τὴν
3604 4927 3699 4983 τοῦ
3736 4933 3815 4984 οί-

2247 5029 2393 5083 κείου
2455 5027 2707 5096 σώματος
2758 5023 2953 5097 μανίαν
2987 5022 3321 5091 ἐκφυγόντας
3352 5038 3365 5050 ·
3413 5022 3472 5073 ὲν
3515 5021 3816 5092 ὀεμεριμνίᾳ

2245 5122 2301 5175 δὲ
2333 5122 2482 5192 πάσῃ
2515 5122 2607 5173 ἐπὶ
2635 5120 2724 5174 τὸν
2756 5116 2965 5187 μονήρη
3004 5114 3116 5185 βίον
3143 5113 3469 5185 ἐληλυθότας
3498 5124 3512 5139 ·
3552 5112 3601 5165 oi
3634 5112 3818 5167 τοιοῦ-

2245 5231 2325 5266 τοι
2348 5211 2597 5275 ἐλεεινῶς
2626 5210 2731 5265 ὑπὸ
2756 5210 2857 5277 τῆς
2882 5207 2975 5261 τοῦ
3007 5197 3258 5277 σώματος
3280 5204 3551 5274 κινήσεως
3575 5202 3685 5274 (12)
3722 5205 3817 5277 Ep-

2246 5304 2610 5375 ῥυπώθησαν·
2662 5299 2987 5371 πρόσχωμεν
3042 5300 3256 5360 ἑαυτοῖς
3316 5296 3528 5366 μήποτε
3576 5297 3670 5351 ἐπὶ
3714 5301 3818 5371 τὴν

2248 5396 2439 5466 στενὴν
2491 5396 2583 5447 καὶ
2620 5391 2986 5463 τεθλιμμένην
3022 5391 3137 5461 (15)
3166 5388 3285 5443 ὁδὸν
3313 5388 3563 5458 λέγοντες
3590 5388 3818 5457 ὁδεύειν,

2251 5488 2349 5559 τὴν
2379 5487 2640 5541 πλατεῖαν
2668 5486 2758 5539 καὶ
2789 5484 3101 5556 εὐρύχωρον
3160 5480 3482 5559 κρτέχοντες
3510 5481 3821 5552 ἐπλανήθη.

2254 5548 2351 5649 μέν
2375 5579 2509 5647 (Η).
2545 5577 2741 5646 Στενὴν
2781 5548 2901 5631 ὀδόν
2926 5548 3232 5645 ’έμφανίσὲι
3266 5548 3348 5627 σοι
3379 5570 3556 5642 θλίψις
3586 5548 3822 5640 κοιλίας,

2252 5669 2444 5721 στάσι(
2472 5664 2781 5736 παννύχιος,
2818 5666 3015 5737 μέτρον
3045 5662 3258 5727 ὓδαταῖ,
3279 5660 3445 5715 ἄοτου
3472 5661 3675 5727 ἐνὶεια,
3701 5662 3826 5717 ἀτι-
