4048 6338
489 281 597 346 659

558 481 825 554 Quisquis
857 484 1025 540 Deum
1060 500 1183 540 vere
1229 487 1385 554 sequi
1436 485 1636 550 studet,
1661 493 1873 555 oportet
1924 493 1985 540 ut
2032 502 2064 541 a

492 576 725 630 vinculis
757 574 1099 630 aﬁ‘ectionum
1146 576 1311 644 hujus
1343 575 1463 630 vitae
1494 575 1734 629 solvatur
1762 589 1778 627 :
1816 576 1918 631 hoc
1965 592 2064 630 au-

493 674 602 719 tem
630 673 773 720 recte
796 664 905 729 fiet,
936 666 979 719 si
1015 664 1084 719 ab
1127 666 1411 719 hominum
1440 663 1676 719 tumultu
1720 664 1947 719 omnino
1972 680 2061 719 re-

494 757 839 821 cesserimus,
867 764 921 810 et
944 755 1142 825 prioris
1169 756 1292 809 vitae
1334 742 1533 819 mores,
1554 764 1609 810 et
1640 755 2066 811 consuetudines

496 857 695 902 aeterna
721 842 991 901 oblivione
1019 846 1452 916 sepeliverimus.
1484 843 1594 899 Nisi
1636 848 1835 916 quippe
1874 862 1976 901 nos
2001 848 2071 902 ab

498 934 992 990 necessitudinibus
1056 935 1361 1006 sanguinis,
1410 945 1466 990 et
1519 936 1935 1008 propinquitatis
1982 952 2071 993 se-
2116 938 2129 946 ’

494 1026 855 1093 junxerimus,
883 1035 937 1081 et
966 1026 1161 1082 aﬂectu
1193 1026 1360 1081 animi
1392 1027 1533 1081 velut
1559 1028 1613 1081 in
1645 1027 1871 1083 alteram
1906 1028 2071 1082 vitam

499 1117 935 1182 transiverimus,
967 1115 1425 1187 quemadmodum
1460 1118 1549 1171 ille
1582 1119 1718 1173 dixit
1750 1137 1764 1172 :
1796 1119 1906 1190 26
1954 1118 2072 1173 Νο-

500 1220 609 1265 atra
654 1220 828 1262 autem
875 1210 1200 1265 conversatio
1253 1214 1309 1281 in
1352 1209 1494 1264 caelis
1538 1220 1612 1263 est
1640 1211 1706 1276 ⁸⁸,
1759 1209 1875 1265 fieri
1925 1210 2074 1266 nullo

503 1300 663 1356 modo
693 1311 889 1370 potest,
927 1309 985 1355 ut
1018 1311 1216 1357 metam
1265 1302 1423 1358 nobis
1465 1302 1803 1373 propositam
1842 1303 2074 1371 attinga-

506 1406 653 1457 mus,
685 1390 901 1461 Deoque
935 1393 1266 1461 placeamus,
1297 1392 1529 1448 Domino
1552 1393 1633 1447 sic
1666 1391 1917 1448 absolute
1948 1406 2076 1461 pro-

505 1481 821 1535 nuntiante:
854 1480 1117 1545 Quoniam
1143 1483 1312 1535 omnis
1334 1496 1400 1535 ea:
1425 1462 1593 1545 vobis,
1627 1481 1717 1550 qui
1748 1496 1851 1533 non
1884 1496 2077 1535 renun-

510 1570 608 1623 tiat
636 1572 869 1623 omnibus
904 1587 1019 1639 qua:
1044 1572 1296 1640 possidet,
1332 1587 1434 1625 non
1469 1578 1635 1640 potest
1668 1586 1812 1625 metu
1841 1586 1951 1625 esse
1990 1570 2079 1622 di-

512 1662 746 1730 scipulus
767 1662 835 1714 ὀ.

1137 1751 1383 1807 Scholion
1408 1753 1463 1808 5.

583 1842 697 1902 Hoc
723 1859 852 1915 ergo
877 1843 1111 1914 primum
1140 1856 1242 1904 est,
1276 1860 1386 1915 quo
1427 1859 1526 1913 par
1552 1852 1635 1898 est
1661 1856 1849 1896 verum
1877 1848 1931 1895 et
1974 1839 2089 1893 sin-

514 1948 698 1990 cerum
723 1935 1087 1991 Christianum
1118 1937 1460 2005 potissimum
1478 1936 1601 1989 exui
1619 1943 1673 1989 et
1693 1932 1905 1998 nudari,
1936 1931 2086 1995 mali,

516 2026 767 2093 inquam,
794 2039 922 2095 erga
952 2027 1081 2081 vitia
1116 2038 1171 2081 et
1195 2027 1347 2083 varia
1376 2036 1433 2081 et
1461 2026 1697 2089 diversa,
1726 2038 1822 2093 per
1850 2037 1971 2093 qua:
2000 2022 2089 2076 in-

516 2118 775 2187 quinatur
807 2116 1012 2180 anima,
1044 2116 1290 2172 allectus.
1322 2114 1429 2169 Sed
1458 2115 1604 2171 enim
1631 2114 1777 2184 quod
1815 2112 2087 2169 secundus

518 2206 741 2278 gradus,
788 2221 884 2261 seu
932 2218 1113 2260 sermo
1157 2203 1482 2275 praescribit,
1514 2203 1797 2274 ponendus
1824 2201 1988 2257 etiam
2037 2209 2093 2257 et

517 2298 798 2353 eluendus
827 2295 1054 2351 aﬂectus
1088 2303 1171 2350 est
1197 2309 1325 2364 erga
1366 2294 1535 2349 bona.

1027 2385 1245 2439 Davidis
1293 2385 1536 2439 Ieremia:
1571 2383 1626 2438 4.

589 2476 696 2532 Ρει·
719 2476 1113 2532 abdicationem
1136 2478 1258 2530 vitae
1278 2475 1555 2531 saecularis
1580 2472 1807 2529 feliciter
1832 2470 1950 2543 (ait)
1968 2484 2095 2541 pro-

524 2568 675 2635 gredi
711 2583 860 2634 eum,
891 2569 984 2637 qui
1019 2567 1088 2621 ad
1120 2567 1409 2622 sublimem
1453 2565 1728 2636 religionis
1761 2563 1922 2618 vitam
1950 2561 2095 2631 aspi-

526 2666 633 2723 rat,
650 2672 715 2712 eo
736 2658 879 2727 quod
906 2659 1136 2713 multum
1165 2658 1363 2711 anima:
1390 2657 1665 2727 negotium
1694 2670 1876 2712 rerum
1902 2669 2097 2724 corpo-

526 2761 742 2801 rearum
772 2762 904 2802 cura
935 2755 989 2802 et
1012 2746 1323 2801 sollicitudo
1356 2745 1609 2801 facessat.

1086 2835 1245 2890 Aliud
1296 2836 1552 2890 scholion.

597 2925 788 2982 Omnis
821 2942 949 2996 erga
1000 2940 1089 2981 res
1137 2926 1322 2980 mundi
1366 2924 1667 2980 affectionis
1709 2923 2002 2989 abdicatio,
2046 2931 2101 2976 et

1748 284 1805 343 S.
1838 283 2153 345 JOANNIS
2179 283 2484 344 CLIMACI

877 390 1121 447 Scholion
1143 391 1348 470 ,Βασίίῆ
1382 392 1585 464 Magni.
1614 393 1661 448 2.
2090 404 2139 459 Α

3632 286 3775 351 660

2289 451 2293 454 ,
2362 397 2622 464 Σχόλιον
2650 393 2757 447 τοῦ
2780 393 3048 465 μεγάλου
3083 397 3402 453 Daedala!)
3434 400 3519 464 β’.

2237 486 2476 555 Λυθῆναι
2509 482 2587 537 δεῖ
2606 484 2696 537 τὸν
2722 484 2918 554 δεσμὸν
2938 485 3040 554 τῆς
3070 490 3444 556 προσπαθείας
3471 489 3564 543 τοῦ
3596 490 3769 559 βίου,

2167 578 2259 631 τόν
2280 594 2344 646 γε
2369 574 2638 645 ἀληθινῶς
2664 575 2742 645 τῷ
2767 576 2885 647 Θεῷ
2917 579 3405 651 κατακολουθήσειν
3456 582 3762 651 μέλλοντα.

2167 666 2337 720 Τοῦτο
2367 666 2424 719 δὲ
2452 665 2537 719 διὰ
2564 666 2855 730 παντελοῦς
2878 668 3292 740 ἀναχωρήσεως,
3315 671 3411 724 καὶ
3434 670 3602 742 λήθης
3628 673 3767 725 τῶν

2168 758 2412 811 παλαιῶν
2447 756 2593 826 ἠθῶν
2620 757 2991 828 κατορθοῦται,
3045 761 3133 822 Ὧς
3159 762 3208 813 εἰ
3253 763 3326 832 μή
3358 779 3424 830 γε
3464 761 3766 829 ἀποξενώ-

2172 834 2354 917 σωμεν
2382 848 2606 911 ἑαυτοὺς
2634 849 2731 901 καὶ
2758 849 3074 917 συγγενείας
3104 854 3395 921 σαρκικῆς,
3426 853 3520 905 καί
3543 869 3763 924 κοινοφ-

2171 934 2290 999 νίας
2322 936 2460 1006 βίου,
2490 938 2652 990 οἰονεὶ
2694 939 2829 1008 πρὸς
2866 938 3050 1008 ἕτερον
3077 939 3192 1011 βίον
3235 940 3325 994 διὰ
3360 941 3461 1011 τῆς
3500 942 3766 1011 σχέσεως

2175 1026 2531 1097 μεταϐάντες,
2562 1028 2703 1083 κατὰ
2722 1030 2816 1084 τὸν
2840 1030 3084 1083 εἰπόντα·
3122 1029 3313 1100 Ἡμῶν
3336 1033 3447 1100 γὰρ
3471 1034 3536 1085 τὸ
3563 1033 3766 1087 πολί-

2172 1134 2361 1187 τευμα
2395 1119 2467 1172 ὲν
2485 1120 2761 1188 οὐρανοῖς
2781 1121 3054 1190 ὑπάρχει·
3097 1122 3376 1191 ἀμήχανον
3404 1122 3552 1193 ἡμᾶς
3579 1139 3762 1195 περιο

2174 1207 2428 1275 γενέσθαι
2462 1208 2556 1262 τοῦ
2588 1208 2792 1264 σκοποῦ
2826 1211 2924 1282 τῆς
2962 1210 3101 1282 πρὸς
3135 1210 3267 1264 Θεὸν
3308 1211 3764 1283 εὐαρεστήσεως,

2174 1295 2269 1349 τοῦ
2301 1287 2508 1368 Κυρίου
2540 1298 2830 1368 όριστικῶς
2866 1300 3110 1363 εἰπόντος
3153 1300 3346 1365 οὕτως*
3382 1302 3503 1354 Ὅτι
3527 1302 3647 1367 πᾶς
3671 1300 3766 1367 ἐξ

2176 1386 2342 1456 ὑμῶν
2373 1388 2441 1454 ὃς
2472 1389 2582 1443 οὐκ
2618 1388 3024 1444 ἀποτάσσεται
3050 1390 3173 1456 τοῖς
3200 1391 3415 1445 ἑαυτοῦ
3436 1392 3765 1462 ὑπάρχου-

2178 1492 2302 1542 σιν,
2326 1480 2399 1533 οὑ
2418 1477 2669 1534 δύναται
2688 1495 2809 1548 μου
2844 1474 2997 1534 εἷναι
3024 1479 3316 1549 μαθητής.

2783 1740 3037 1810 Σχόιιιον
3064 1736 3138 1807 1’.
3274 1766 3278 1770 Α
3457 1779 3460 1782 ~
3744 1804 3745 1807 η

2252 1841 2325 1893 Τὸ
2352 1841 2450 1911 μὲν
2472 1835 2565 1896 οὗν
2598 1841 3006 1913 προηγοῦμενόν
3026 1843 3194 1906 ἐστιν,
3214 1834 3279 1896 οὗ
3307 1841 3545 1913 μάλιστα
3576 1857 3765 1912 προσ-

2181 1934 2303 2002 ήκει
2327 1932 2416 1985 τὸν
2436 1932 2603 2001 ὅντως
2631 1932 2981 2003 γυμνωθῆναι
3015 1933 3363 2003 Χριστιανὸν,
3392 1933 3462 1987 τὰ
3488 1933 3762 1988 κατάκο-

2183 2023 2305 2086 κίας
2336 2022 2505 2092 πάθη,
2532 2022 2600 2075 τά
2624 2021 2843 2077 ποικίλα
2868 2040 2949 2087 τε,
2976 2022 3070 2076 καί
3096 2022 3349 2093 διάφορα,
3376 2022 3445 2075 δι’
3476 2016 3554 2076 ὧν
3586 2020 3764 2091 μολῦ-

2182 2130 2330 2166 νεται
2359 2112 2584 2183 ἡψυχή.
2612 2112 2733 2183 Χρὴ
2772 2112 2831 2166 δὲ
2867 2113 3005 2167 κατά
3038 2113 3290 2183 δεύτερον
3322 2113 3501 2181 λόγον,
3534 2113 3629 2166 καὶ
3647 2111 3765 2181 τὴν

2182 2202 2290 2254 τῶν
2317 2203 2669 2272 ὑπαρχόντων
2703 2203 3095 2272 προσπάθειαν.
3511 2212 3520 2217 ’

2676 2390 2853 2445 Δασίδ
2886 2389 3171 2460 Ἱερεμίας
3201 2388 3274 2441 δ’.

2276 2484 2586 2555 Ἀποταγὴν
2635 2481 3043 2553 κατορθωθῆναι
3087 2480 3181 2533 τὸν
3227 2479 3365 2549 πρὸς
3407 2477 3501 2530 τὸν
3556 2475 3775 2546 ὑψηλὸν

2193 2578 2569 2634 ἀποϐλέποντα
2624 2573 2759 2645 βίον·
2797 2572 2929 2626 διότι
2981 2570 3148 2624 πολὺν
3191 2569 3419 2639 παρέχει
3458 2568 3778 2639 πειρασμὸν

2195 2677 2263 2745 τῇ
2294 2673 2439 2743 ψυχῇ
2480 2672 2517 2740 ἡ
2560 2669 2669 2723 τῶν
2700 2669 2899 2722 ὑλικῶν
2933 2664 3276 2737 πραγμάτων
3300 2662 3520 2733 φροντίς
3546 2677 3627 2722 τε,
3665 2658 3776 2711 καὶ

2199 2754 2502 2833 ἐπιμέλεια.

2760 2849 3015 2917 Σχόλιον
3042 2846 3217 2901 ἄλλο.

2273 2944 2460 3014 Πάσης
2491 2942 2728 3013 σχέσεως
2753 2939 3031 3004 ἀπόθεσις,
3060 2939 3157 2993 καὶ
3187 2936 3585 3007 καταφρόνησις
3626 2932 3777 3003 μετά

528 3016 651 3072 cum
691 3018 879 3072 humili
928 3032 1113 3082 sensu,
1140 3031 1376 3085 veraque
1410 3014 1726 3085 paenitentia
1769 3014 2095 3084 contemptio

2203 3036 2550 3108 φρονήματος
2576 3030 2854 3097 ταπεινοῦ,
2888 3032 2981 3085 καὶ
3009 3029 3297 3101 μετανοίας
3326 3023 3646 3096 εἰλικρινοῦς
3680 3023 3780 3074 εὑ·

526 3109 877 3163 vehementer
922 3118 1153 3178 prosunt
1196 3108 1394 3173 animae
1430 3110 1503 3163 in.
1535 3108 1730 3165 mortis
1775 3109 2095 3165 necessitate

2201 3125 2552 3198 εργετήματά
2578 3126 2693 3178 ἐστι
2725 3124 2827 3194 τῆς
2855 3121 2998 3176 κατά
3028 3121 3128 3190 τὴν
3150 3118 3327 3186 ἔξοδον
3352 3116 3613 3185 ἀνάγκης.

530 3200 857 3255 constitutae.
1112 3260 1117 3263 _

672 3352 673 3355 η
1156 3280 1413 3344 Scholion
1433 3291 1488 3345 5.

603 3379 1077 3453 Quemadmodum
1103 3381 1336 3435 moritur
1368 3380 1593 3445 mundo,
1624 3380 1717 3450 qui
1759 3380 1945 3470 mupdi
1970 3380 2104 3436 affe-

498 3484 501 3485 '
536 3473 741 3526 stiones
768 3480 823 3526 et
871 3485 1092 3525 sensum
1139 3479 1377 3537 superat,
1407 3470 1480 3523 ita
1541 3470 1771 3524 moritur
1813 3471 1955 3537 vita,
2010 3471 2105 3541 qui

533 3558 657 3613 vita:
684 3567 947 3628 praecepta
981 3569 1089 3611 non
1118 3555 1265 3610 facit.
1303 3556 1363 3611 Et
1385 3558 1837 3626 quemadmodum
1870 3559 2093 3625 animal,

535 3660 659 3705 cum
692 3663 797 3704 non
825 3648 1059 3717 amplius
1088 3656 1337 3703 movetur
1390 3656 1445 3703 et
1485 3648 1619 3703 nihil
1652 3649 1784 3719 agit,
1832 3658 2103 3704 mortuum

536 3739 796 3801 dicimus,
825 3738 903 3797 ita
944 3737 1251 3806 religiosus,
1276 3736 1370 3805 qui
1422 3752 1516 3804 per
1563 3738 1974 3806 abnegationem
2007 3753 2106 3792 vo-

536 3831 809 3886 luntatum
843 3840 1089 3891 suarum,
1125 3839 1192 3878 eo
1220 3815 1366 3893 quod
1398 3840 1505 3879 non
1538 3835 1794 3893 sequatur
1822 3826 2000 3881 studia
2030 3828 2109 3880 vi-

537 3930 629 3986 ta,
653 3934 778 3973 vere
804 3917 1106 3973 secundum
1142 3916 1445 3985 spiritalem
1478 3929 1699 3971 sensum
1762 3924 2014 3971 mortuus
2057 3926 2114 3971 et

540 4021 645 4078 est,
672 4020 728 4066 et
750 4011 971 4066 dicitur.

1162 4098 1413 4154 Scholion
1459 4098 1513 4154 6.

613 4187 760 4240 Bona
794 4188 1025 4244 vendere
1048 4198 1104 4244 et
1129 4190 1259 4246 dare
1285 4190 1636 4261 pauperibus,
1668 4198 1724 4245 et
1773 4188 1961 4244 tollere
1991 4202 2115 4242 cru-

2813 3308 3072 3373 Σχολιον
3097 3306 3164 3354 e’.

2284 3396 2491 3466 Ὥσπερ
2514 3394 2626 3466 γὰρ
2656 3392 2946 3463 νεκροῦται
2988 3389 3069 3460 τῷ
3117 3388 3308 3458 κόσμῳ
3339 3388 3368 3440 ό
3400 3384 3473 3439 τὰ
3511 3383 3781 3454 ἰδιώματα

2205 3470 2302 3541 τοῦ
2347 3488 2555 3556 κόσμου
2582 3484 2976 3556 ὑπεκδραμὼν,
3014 3480 3158 3535 οὓτω
3181 3478 3472 3553 νεκροῦται
3505 3478 3575 3549 τῇ
3607 3473 3719 3546 ζωῇ
3749 3478 3781 3530 ό

2208 3579 2277 3633 τά
2326 3579 2426 3649 τῆς
2474 3576 2620 3647 ζωῆς
2657 3576 2731 3647 μὴ
2774 3563 2941 3628 ποιῶν
2978 3572 3305 3642 ἐντάλματα.
3336 3570 3449 3623 Καὶ
3480 3566 3658 3630 καθὼς
3685 3564 3783 3620 διὰ

2207 3670 2269 3723 τὸ
2292 3669 2543 3739 ἀκίνητον
2591 3666 2686 3720 καὶ
2716 3664 3075 3735 ἀνενὲργητον
3102 3660 3355 3729 γενέσθαι
3392 3659 3457 3713 τὸ
3484 3659 3641 3723 ζῶον,
3683 3673 3779 3709 νε-

2210 3758 2341 3829 κρὸν
2367 3753 2505 3811 εἶναί
2539 3771 2740 3826 φαμεν,
2766 3752 2908 3807 οῦτω
2941 3753 3031 3806 καὶ
3062 3751 3151 3806 διὰ
3179 3746 3357 3823 τὸμὴ
3395 3744 3779 3802 ἐπακολουθεῖν

2208 3848 2277 3916 τῇ
2302 3846 2436 3915 ζωῇ,
2468 3844 2556 3897 διὰ
2578 3844 2676 3914 τῆς
2703 3842 3061 3913 ἀπαρνήσεως
3086 3838 3195 3893 τῶν
3221 3836 3563 3909 θελημάτων,
3586 3831 3779 3901 νεκρὸς

2212 3934 2400 4005 νοητὸς
2419 3934 2514 3987 καὶ⁵
2541 3933 2657 3986 ἐστι
2688 3933 2784 3988 καὶ
2811 3931 3046 4000 λέγεται.

2810 4096 3070 4177 Σχόλιον
3100 4108 3177 4173 ς’.
3576 4162 3581 4167 ,

2210 4242 2213 4245 ς
2274 4194 2641 4283 ⁴Υπάρχοντα
2666 4197 2915 4268 πωλῆσαι
2935 4199 3028 4252 καί
3052 4198 3233 4250 δοῦναι
3253 4195 3509 4263 πτωχοῖς,
3533 4189 3625 4245 καὶ

545 4290 665 4329 cem
694 4289 872 4341 suam,
905 4287 960 4329 et
987 4281 1139 4345 sequi
1173 4294 1233 4333 se
1269 4280 1533 4335 Dominus
1560 4280 1833 4349 praecepit,
1860 4288 1920 4333 ut
1954 4277 2095 4333 nobis

2215 4288 2306 4340 τὸν
2345 4277 2573 4359 σταυρὸν
2611 4288 2798 4349 αὑτοῦ,
2836 4290 2934 4343 καὶ
2970 4289 3281 4345 ἀκολουθεῖν
3321 4284 3471 4353 αὐτῷ
3518 4283 3548 4333 ὁ
3577 4278 3779 4350 Κύριος

543 4364 870 4430 ostenderet,
916 4367 1059 4434 quod
1106 4368 1435 4422 voluntatem
1479 4372 1753 4441 propriam
1808 4368 2095 4425 rescindert

2218 4376 2611 4444 διεκελεύσατο,
2635 4378 2894 4432 δεικνύων
2921 4381 3051 4449 ἡμῖν
3083 4379 3167 4430 ὅτι
3193 4376 3254 4428 τὸ
3278 4372 3439 4440 κόψαι
3458 4370 3520 4423 τὸ
3547 4368 3777 4438 θέλημα,

545 4458 618 4513 sit
644 4456 862 4511 salvari.
892 4454 1048 4521 Quod
1071 4472 1194 4509 cum
1218 4454 1461 4512 audisset
1482 4459 1595 4528 (ille
1618 4459 1963 4530 evangelicus
1987 4457 2121 4511 ado—

543 4549 779 4619 lescens)
836 4548 1007 4603 tristis
1051 4544 1225 4602 factus
1259 4549 1604 4603 vehementer
1648 4550 1800 4605 abiit.
1846 4550 2118 4607 Didicerat

545 4643 691 4697 enim
718 4640 865 4713 quod
897 4654 1115 4710 parum,
1145 4649 1240 4693 aut
1288 4639 1425 4692 nihil
1471 4641 1672 4710 negotii
1722 4642 1814 4709 sit,
1842 4643 1975 4698 dare
2022 4656 2119 4694 sua

547 4733 877 4801 pauperibus
908 4745 1021 4802 pra:
1068 4730 1164 4784 illo
1201 4730 1347 4799 quod
1379 4730 1540 4783 etiam
1576 4716 1811 4790 tollenda
1858 4748 1992 4787 crux
2021 4732 2113 4787 sit.

548 4822 690 4879 Dare
715 4826 859 4879 enim
891 4839 990 4880 sua
1017 4822 1358 4893 pauperibus
1387 4837 1493 4876 una
1522 4823 1768 4891 quaedam
1797 4825 1971 4880 virtus
2012 4832 2115 4887 est,

550 4928 717 4983 quam
768 4916 952 4981 homo,
983 4914 1112 4971 dum
1165 4929 1381 4970 crucem
1430 4914 1587 4980 tollit,
1614 4915 1761 4972 facit.
1819 4918 1964 4973 Crux
1990 4930 2119 4970 vero

548 5004 669 5073 ipsa
698 5006 930 5061 cessatio
965 5015 1051 5062 est
1098 5006 1169 5061 ab
1199 5004 1347 5059 omni
1375 5014 1618 5075 peccato,
1647 5017 1701 5060 et
1723 5008 1862 5076 parit
1884 5007 2120 5062 Charita-

548 5100 690 5156 tem;
722 5091 840 5144 sine
867 5093 1130 5149 eharitate
1167 5093 1369 5164 quippe
1418 5109 1595 5163 neque
1644 5110 1774 5150 crux
1818 5107 1920 5153 est.
1978 5096 2119 5150 Dum

448 5248 453 5253 ι
549 5182 696 5237 enim
749 5196 906 5237 suam
948 5184 1076 5251 quis
1120 5186 1453 5241 voluntatem
1495 5183 1780 5253 exscindit,
1830 5188 1932 5245 hoc
1990 5189 2109 5257 ipso

551 5274 783 5346 acquirit
810 5274 879 5328 ab
902 5274 1051 5328 omni
1072 5291 1239 5345 pravo
1264 5270 1457 5332 aﬂ'ectu
1484 5277 1873 5347 liberationem,
1899 5296 1964 5337 ex
1998 5296 2105 5351 qua

552 5366 623 5419 ad
654 5362 947 5435 perfectam
980 5378 1103 5419 cum
1144 5367 1253 5421 Deo
1280 5368 1483 5436 aspirat
1531 5365 1700 5421 animi
1746 5371 2105 5440 tranquillita-

552 5459 684 5507 tem.

613 5628 671 5711 _”
696 5627 923 5700 Philipp.
961 5628 1156 5692 “1.20.
1233 5630 1280 5687 ,³ο
1310 5628 1442 5689 Luc.
1469 5645 1581 5693 xlv,
1618 5629 1706 5683 55-

2216 4468 2359 4545 τοῦτ’
2382 4468 2497 4522 ἐστι
2525 4470 2585 4523 τὸ
2613 4470 2869 4540 σωθῆναι.
2913 4468 3176 4530 ’Δκούσας
3200 4464 3309 4534 γὰρ
3341 4462 3632 4532 περίλυπος
3658 4460 3778 4528 ἑτέ·
3856 4457 3862 4460 ’

2217 4574 2336 4609 νετο
2364 4558 2589 4630 σφόδρα,
2621 4561 2715 4613 καὶ
2746 4556 3111 4628 ἀνεχώρησεν.
3156 4549 3368 4620 Ἐμαθε
3412 4549 3521 4619 γὰρ
3560 4548 3639 4601 ὅτι
3678 4546 3778 4601 οὐκ

2217 4649 2330 4700 ἔστι
2379 4650 2543 4713 κόπος
2590 4650 2652 4702 τὸ
2692 4648 2874 4703 δοῦναι
2912 4647 2983 4701 τά
3027 4641 3223 4699 ἑαυτοῦ
3265 4643 3379 4703 τοῖς
3404 4641 3654 4707 πτωχοῖς,
3680 4638 3778 4708 μία

2216 4738 2383 4807 ἀρετή
2414 4738 2553 4803 ἔστι,
2583 4738 2677 4791 καὶ
2705 4738 2851 4790 ποιεῖ
2878 4733 3046 4801 αὐτὴν
3076 4734 3106 4783 ό
3128 4729 3413 4811 ἅνθρωπος
3447 4727 3535 4781 διὰ
3561 4726 3654 4779 τοῦ
3680 4725 3775 4796 βα-

2218 4828 2409 4881 στάσαι
2440 4828 2530 4883 τὸν
2562 4828 2815 4898 σταυρόν.
2858 4825 2917 4877 'U
2947 4824 3004 4875 δὲ
3042 4821 3273 4889 σταυρὸς
3307 4818 3641 4888 κατάργησίς
3666 4820 3777 4873 ἐστι

2218 4918 2396 4988 πάσης
2435 4918 2731 4990 ἁμαρτίας,
2766 4915 2859 4968 καί
2886 4912 3061 4965 τίκτει
3088 4910 3188 4981 τὴν
3210 4911 3453 4978 ἀγάπην,
3484 4909 3577 4961 καὶ
3620 4909 3777 4980 χωρὶς

2216 5010 2431 5080 ἀγάπης
2462 5009 2581 5063 οὐδὲ
2608 5005 2862 5076 σταυρὸς.
2901 5004 2998 5057 Ἐκ
3027 5001 3122 5055 τοῦ
3162 5001 3269 5070 γὰρ
3301 4996 3549 5051 κόπτειν
3574 4999 3692 5051 τινὰ
3717 5001 3779 5053 τὸ

2218 5101 2428 5171 θέλημα
2476 5100 2663 5166 αὑτοῦ,
2709 5098 2904 5151 κτᾶται
2954 5092 3053 5163 τὴν
3107 5090 3540 5161 ἀπροσπάθειαν,
3582 5090 3674 5167 καὶ
3715 5092 3779 5145 ὲκ

2230 5192 2329 5262 τῆς
2366 5190 2775 5263 ἀπροσπαθείας
2807 5187 3023 5257 ἔρχεται
3057 5184 3154 5237 σὺν
3182 5182 3300 5252 Θεῷ
3338 5183 3416 5246 εἰς
3445 5180 3544 5252 τὴν
3580 5180 3782 5239 τελείαν

2230 5282 2516 5339 ἀπάθειαν.
