4048 6338
171 475 263 538 665
1060 514 1063 515 ν
1118 510 1129 521 ·
1157 483 1379 544 SCALA
1411 486 1788 546 PARADISI.
1812 513 1883 521 -—
1908 488 2212 551 GRADUS
2247 492 2360 551 III.

3276 506 3381 561 bbb

173 584 598 651 ζιταιλάκουσίως
627 588 660 655 ἡ
690 584 802 641 Εὔα
841 587 934 641 τοῦ
967 592 1311 662 παραδείσου,
1355 595 1448 647 καὶ
1478 595 1706 664 μοναχὸς

1826 596 1915 662 [λαὶ
1969 600 2119 653 doces
2165 600 2352 664 alium,
2397 608 2445 654 te
2488 602 2657 668 ipsum
2721 618 2825 654 non
2866 603 3020 658 doces
3052 604 3116 657 "’.
3155 606 3379 674 perinde

118 730 121 735 Q
176 676 411 740 ἑκουσίως
448 678 545 746 τῆς
577 678 772 732 ἑαυτοῦ
823 683 1097 753 πατρίδος.
1149 684 1213 737 Ἦ
1264 685 1362 754 μὲν
1404 686 1512 755 γὰρ
1548 686 1706 738 πάλιν

1826 690 1969 757 piasi
2038 691 2382 746 diceret:De
2433 693 2553 747 aliis
2608 691 2823 762 quidem
2888 693 3033 748 haud
3096 696 3245 763 scio;
3294 713 3381 752 se-

172 783 256 822 του
284 766 434 832 ξύλου
478 768 578 837 τῆς
650 770 933 841 παρακοῆς
975 772 1259 843 ἐπιθυμεῖν
1307 774 1611 846 ἔμελλενοό
1656 776 1710 828 δὲ

1826 797 1989 844 ηιιειιηι
2039 794 2183 837 certe
2238 783 2346 853 30
2393 785 2624 853 quisque
2671 799 2831 838 nosse
2894 786 3128 852 penitus.
3188 796 3242 842 et
3268 804 3379 842 ser-

172 858 388 911 κίνδυνον
419 859 480 909 ὲκ
508 858 616 909 τῶν
659 860 800 913 κατά
830 861 1008 931 σάρκα
1040 856 1313 930 συγγενῶν
1349 865 1563 928 πάντως
1587 865 1712 932 ὑφί-

1826 885 1951 925 vare
1998 873 2227 941 cogitur.
2278 874 2807 943 Peregrinalmndus,
2838 891 2965 931 cave
3006 879 3382 945 vagabundum

176 964 317 1001 στατο
354 946 450 1018 i6).
515 948 813 1019 ’Δπόφευγε
857 951 932 1013 ὼς
967 952 1075 1005 ἀπὸ
1119 955 1399 1023 μάστιγος,
1441 956 1565 1017 τοὺς
1609 956 1715 1008 τῶν

1826 970 1865 1015 at
1953 964 2314 1032 voluptarium
2386 966 2687 1021 daemonem
2742 970 3154 1037 :peregriuatio
3237 972 3381 1024 enim

174 1037 453 1107 πτωμάτων
499 1040 716 1103 τόπους.
779 1042 1013 1113 Καρποῦ
1057 1044 1167 1115 γάρ
1220 1046 1295 1115 μὴ
1339 1046 1603 1116 παρόντος
1654 1048 1714 1100 οὐ

1826 1053 1891 1105 illi
1949 1055 2288 1109 occasionem
2361 1058 2629 1127 propinat.
2705 1060 3029 1114 Pra'clarum
3087 1070 3171 1114 est
3233 1062 3383 1115 omni

175 1128 390 1205 συνεχῶς
414 1128 741 1200 ὀρεγόμεθα.
768 1132 918 1203 Μηδὲ
968 1127 1121 1198 οὗτος
1147 1138 1176 1188 ό
1201 1137 1423 1206 τρόπος,
1454 1139 1549 1191 καὶ
1569 1139 1718 1203 δόλος

1826 1156 1997 1193 rerum
2064 1143 2421 1199 lmmanarum
2503 1145 2693 1200 affectu
2761 1161 2997 1213 vacare,
3052 1164 3213 1218 quam
3269 1165 3383 1203 rem
3478 1196 3481 1199 γ

175 1217 268 1271 τῶν
300 1220 539 1273 κλεπτῶν
572 1220 879 1276 λανθανέτω
917 1240 978 1277 σε
1005 1241 1019 1255 ⁸
1062 1225 1418 1280 ὑποϐάλλουσι
1448 1229 1558 1299 γὰρ
1588 1231 1719 1299 ἡμῖν

175 1307 269 1360 τῶν
289 1310 559 1380 κοσμικῶν
588 1310 663 1381 μὴ
685 1312 1037 1382 χωρίζεσθαι,
1059 1315 1225 1367 πολὺν
1246 1316 1336 1367 τὸν
1360 1318 1550 1386 μισθὸν
1574 1320 1722 1387 ἡμᾶς

175 1397 397 1465 λέγοντες
428 1401 773 1470 κομίζεσθαι,
803 1405 961 1474 εἰπερ
992 1403 1224 1474 ὁρῶντες
1254 1406 1314 1457 τὸ
1350 1406 1483 1475 θῆλυ
1515 1409 1727 1461 ea:qu

176 1488 543 1560 κρατήσωμεν,
590 1486 823 1545 οἷστισιν
870 1494 930 1546 οὗ
965 1494 1247 1549 πείθεσθαι
1279 1496 1392 1561 δεῖ,
1431 1498 1632 1567 μᾶλλον
1664 1498 1721 1550 δὲ

176 1577 457 1634 τούναντίον
484 1584 677 1638 ποιεῖν.
708 1583 874 1637 Ὅταν
893 1583 1010 1658 τῶν
1038 1586 1252 1639 οἰκείων
1286 1588 1443 1657 ἡμῶν
1473 1589 1565 1640 ἐπὶ
1594 1587 1724 1659 χρό-

179 1685 273 1734 νον,
317 1670 348 1740 ﬂ
391 1671 614 1741 χρόνους
660 1666 1114 1746 ἀναχωρήσαντες
1147 1678 1348 1748 μικράν
1395 1695 1516 1731 τινα
1556 1680 1717 1733 εὐλά-

178 1757 331 1821 ϐειαν,
362 1760 394 1828 ἢ
425 1758 740 1827 κατάνυξιν,
764 1764 797 1832 ἢ
834 1765 1159 1834 ἐγκράτειαν
1187 1767 1399 1837 ἑαυτοῖς
1429 1785 1720 1839 περιποιη-

179 1848 405 1919 σώμεθα’
431 1850 549 1904 τότε
574 1850 757 1906 λοιπὸν
778 1854 827 1905 cl
849 1854 1097 1924 λογισμοὶ
1116 1855 1214 1925 τῆς
1237 1857 1590 1927 ματαιότητος
1613 1860 1727 1913 ἑπι-

1822 1229 1983 1285 eﬂicit
2035 1233 2121 1287 hic
2159 1248 2425 1290 secessus.
2489 1235 2591 1301 Qui
2652 1237 2851 1291 Christi
2926 1240 3385 1309 causavperegri-

1825 1332 2003 1387 natur,
2038 1323 2238 1378 nullius
2278 1327 2353 1380 rei
2404 1327 2675 1383 desiderio
2717 1328 2971 1392 trahitur,
3008 1330 3114 1383 nisi
3143 1328 3383 1394 Christi;

1824 1413 2022 1480 alioqui
2072 1415 2413 1472 errabundus
2447 1404 2747 1473 animisni
2794 1418 3015 1473 aﬂeetus
3062 1420 3389 1488 morbosque

1826 1505 1979 1572 sequi
2041 1507 2332 1561 videbitur.
2408 1507 2511 1573 Qui
2567 1510 2833 1564 mundum
2889 1509 3218 1575 deseruisti,
3268 1524 3389 1576 qua:

1828 1595 2016 1648 mundi
2090 1606 2217 1651 sunt
2273 1613 2339 1651 ne
2384 1598 2696 1669 contigeris.
2772 1600 2971 1653 Amant
3032 1599 3176 1653 enim
3214 1598 3385 1667 sopita

1827 1682 2099 1740 desideria
2134 1688 2473 1743 reviviscere.
2523 1688 2631 1742 Eva
2664 1704 2805 1758 aegre
2839 1704 2867 1741 a
2924 1690 3173 1757 paradiso
3203 1688 3386 1741 avulsa

1828 1780 1916 1826 est
1944 1790 1957 1826 :
1983 1772 2268 1841 religiosus
2300 1785 2491 1843 sponte
2535 1776 2701 1830 animi
2744 1791 2775 1829 a
2808 1778 2980 1845 patria
3017 1776 3251 1830 exsulat.
3297 1774 3390 1829 llla

1829 1861 1972 1917 enim
2036 1863 2236 1933 lignum
2306 1865 2683 1920 inobedientim
2760 1880 2978 1919 rursum
3036 1864 3390 1933 concupitura

178 1939 377 2003 στάντες
400 1937 725 2012 πορεύεσθαι
744 1944 875 2013 ἡμῖν
898 1923 1058 1998 πάλιν
1078 1923 1277 2017 enim};
1296 1923 1501 2000 οἰκείαν
1523 1948 1719 2018 πατρί-

1826 1960 1939 2004 erat
1988 1951 2123 2007 :hic
2207 1953 2572 2008 certissimum
2645 1954 2837 2009 salutis
2916 1952 3211 2023 periculum
3280 1966 3374 2019 per

174 2030 231 2081 δα
251 2031 621 2101 ἐπιτρέπουσιν
641 2036 719 2098 εἰς
739 2036 1028 2107 οἰκοδομὴν
1050 2036 1283 2103 πολλῶν,
1303 2038 1489 2109 φησὶν,
1511 2041 1604 2092 καὶ
1626 2040 1718 2093 τύ-

175 2136 281 2184 πον,
328 2120 720 2190 καίὼξιίλειαν
746 2123 854 2177 τῶν
890 2125 989 2189 τάς
1018 2125 1245 2197 πράξεις
1278 2129 1433 2199 ἡμῶν
1455 2128 1553 2193 τὰς
1580 2128 1709 2183 ἀθευ

176 2208 346 2278 μίτους
369 2213 734 2268 σκοπούντων.
765 2216 827 2269 Εἰ
856 2216 911 2269 δὲ
946 2219 1037 2270 καὶ
1065 2218 1246 2287 λόγου,
1267 2221 1361 2272 καὶ
1397 2220 1557 2289 φίλης
1579 2222 1719 2291 γνώ·

176 2317 295 2364 σεως
327 2302 682 2374 εὐποροῦντες
700 2309 1058 2378 τυγχάνομεν,
1092 2310 1215 2363 τότε
1249 2308 1430 2363 λοιπὸν
1454 2311 1527 2374 ὡς
1547 2314 1721 2383 σωτῆ-

175 2409 262 2460 ρας
300 2394 503 2463 ψυχῶν,
544 2396 638 2449 καὶ
675 2396 1031 2461 διδασκάλους
1068 2402 1214 2469 ἡμᾶς
1256 2403 1314 2454 ἐν
1348 2402 1497 2472 αὐτῷ
1525 2404 1716 2473 κόσμῳ

174 2481 562 2547 ὑποϐάλλουσιν,
615 2483 702 2537 ἴνα
745 2486 811 2538 τὰ
843 2488 900 2538 ἐν
928 2487 1006 2557 τῷ
1036 2487 1214 2557 λιμένι
1248 2491 1582 2559 συναχθέντα
1618 2509 1718 2545 κα-

173 2571 285 2635 λῶς,
309 2575 363 2626 ἒν
394 2574 472 2644 τῷ
508 2576 732 2644 πελάγει
768 2578 954 2641 κακῶς
990 2579 1350 2648 σκορπίσωσι.
1393 2570 1484 2650 Μή
1515 2582 1612 2651 τὴν
1641 2582 1717 2652 (7)

174 2666 413 2730 γυναῖκα,
461 2667 576 2720 ἀλλ’
624 2668 794 2721 αὑτὸν
844 2667 936 2721 τὸν
991 2668 1113 2724 Λὼτ
1160 2670 1445 2739 μιμεῖσθαι
1488 2672 1721 2724 σπουδά-

177 2771 372 2824 σωμεν·
414 2759 561 2828 ψυχὴ
604 2759 713 2829 γὰρ
753 2761 833 2829 (8)
868 2763 1171 2829 στραφεῖσα
1198 2760 1321 2814 ὅθεν
1354 2761 1601 2831 ἐξῆλθεν,
1640 2764 1719 2825 ὠς

174 2846 226 2899 τὸ
254 2846 379 2910 ἀλας
409 2849 850 2919 μωρανθήσεται,
893 2852 987 2903 καί⁵
1029 2852 1287 2922 ἀκίνητος
1318 2853 1502 2905 λοιπὸν
1543 2856 1715 2923 μένει.

172 2938 328 3007 Φεῦγε
372 2940 645 3009 Αῐγυπτον
688 2941 1117 3011 ἀμεταστρεπτί.
1152 2944 1217 2994 Al
1256 2943 1364 3013 γὰρ
1393 2949 1719 3013 στραφεῖσαι

174 3030 373 3099 καρδίαι
406 3032 525 3085 ἐκεῖ
547 3031 645 3100 τὴν
678 3030 784 3101 γῆν
810 3033 911 3101 τῆς
938 3032 1210 3097 ἀπαθείας
1244 3033 1597 3105 Ἰερουσαλὴμ
1620 3037 1720 3089 οὐκ

174 3120 461 3176 ίθεάσαντο.
497 3124 684 3177 Ἔστιν
736 3124 794 3176 ὲν
854 3124 1164 3194 προοιμίοις
1217 3125 1305 3178 διὰ
1369 3125 1429 3178 τὸ
1454 3126 1720 3195 vri-uuida;

174 3214 515 3278 ἀπολιπόντας
558 3217 629 3270 τά
671 3217 870 3285 οἰκεῖα,
919 3217 1014 3271 καὶ
1068 3218 1291 3282 τελείως
1323 3220 1719 3288 καθαρθέντας,
1749 3265 1790 3314 η

175 3308 295 3372 πρὸς
321 3306 455 3360 αὑτά
488 3308 879 3379 συμφερόντως
908 3311 1333 3381 ἐπιστραφῆναι,
1375 3311 1504 3375 ἴσως
1530 3312 1719 3383 σκοπῷ

171 3397 257 3450 τοῦ
307 3399 440 3469 μετὰ
468 3399 549 3452 -τὸ
578 3399 817 3472 σωθῆναι
843 3401 1017 3455 σῶσαί
1044 3420 1217 3465 τινας.
1245 3402 1465 3475 Καίπερ
1497 3406 1560 3457 ἐκ
1586 3404 1721 3456 Θεοῦ

175 3491 362 3561 Μωσῆς
406 3493 615 3555 ἐκεῖνος
657 3494 685 3545 ό
710 3491 968 3562 θεόπτης,
1004 3492 1142 3562 πρὸς
1169 3496 1441 3566 σωτηρίαν
1468 3496 1563 3549 τοῦ
1593 3497 1723 3565 ὁμο-

174 3578 325 3647 φύλου
352 3582 539 3650 γένους
566 3580 910 3645 ἀποσταλεὶς,
961 3581 1187 3645 πολλοὺς
1220 3583 1279 3636 ἐν
1308 3584 1565 3655 Αἰγύπτῳ
1593 3588 1721 3649 τοὺς

175 3671 448 3736 κινδύνους,
466 3674 635 3743 ἧγουν
652 3674 710 3725 ὲν
720 3672 796 3742 τῷ
810 3672 999 3743 κόσμῳ
1013 3673 1137 3737 τοὺς
1151 3676 1489 3744 σκοτασμοὺς
1503 3677 1721 3745 ἔσχηκε.

174 3761 335 3817 Καλὸν
373 3765 612 3834 λυπῆσαι
644 3767 841 3831 γονεῖςι
878 3766 970 3817 καὶ
1016 3766 1090 3834 μὴ
1147 3765 1351 3834 Κύριον
1380 3783 1394 3796 θ
1420 3768 1448 3817 ό
1492 3768 1589 3836 μὲν
1614 3768 1722 3836 γάρ

176 3852 258 3907 καὶ
282 3854 496 3917 ἔπλασε,
535 3853 631 3907 καὶ
658 3853 860 3907 ἔσωσεν
882 3870 897 3884 ·
928 3854 978 3905 οἱ
1012 3854 1069 3907 δὲ
1092 3854 1348 3918 πολλάκις
1378 3855 1471 3920 οὓς
1500 3858 1722 3929 ὴγὰπη-

177 3960 284 4008 σαν,
318 3946 603 4008 ἀπόλεσαν,
654 3944 749 3999 καὶ
787 3946 852 4013 τῇ
911 3944 1131 3997 κολάσει
1169 3946 1495 4015 παρέδωκαν
1528 3966 1541 3978 ·
1576 3946 1721 4013 ξένος

176 4032 363 4099 ἰκεῖνός
383 4052 521 4089 εστι·
560 4036 589 4087 ό
624 4034 699 4097 ὡς
734 4034 810 4104 (9)
836 4034 1207 4102 ἀλλόγλωσσος
1227 4037 1284 4087 ὲν
1305 4036 1724 4107 ἑτερογλώσσοις

177 4124 406 4199 [ἔθνεσι]
446 4130 504 4180 ἐν
538 4124 737 4193 γνώσει
788 4125 1114 4196 καθήμενος.
1158 4127 1237 4179 Οὐ
1288 4127 1403 4197 (l0)
1435 4127 1723 4198 μισοῦντες

176 4218 319 4285 ἡμεῖς
359 4220 484 4282 τοὺς
529 4217 759 4281 οἰκείους
793 4218 1020 4283 ἑαυτῶν,
1052 4218 1084 4287 ἢ
1114 4219 1237 4281 τοὺς
1279 4219 1481 4281 τόπους
1510 4220 1722 4290 ἀναχω-

178 4304 378 4374 ροῦμεν,
416 4306 490 4375 μὴ
514 4303 723 4372 γένοιτο
753 4305 767 4357 l
800 4303 933 4358 ἀλλὰ
965 4305 1073 4375 ,τὴν
1106 4303 1162 4368 ἐξ
1178 4304 1352 4357 αὐτῶν
1383 4308 1512 4373 ἡμῖν
1548 4322 1714 4379 κροσ-

176 4397 447 4467 γινομένην
494 4396 701 4466 βλάϐην
738 4396 1127 4465 ἐκφεύγοντες.
1184 4395 1270 4459 Ὠς
1316 4399 1375 4455 ὲν
1417 4400 1575 4460 πᾶσι,
1628 4399 1759 4452 καὶυ

178 4488 227 4538 ἰν
239 4488 438 4552 τούτοις
466 4487 676 4557 γίνεται
699 4488 829 4556 ἡμῖν
854 4486 1083 4556 Χριστὸς
1099 4487 1211 4548 τοῖς
1222 4487 1443 4555 ἀγαθοῖς
1463 4486 1718 4542 διδάσκα-

1819 2050 2080 2109 cognatos
2142 2043 2409 2098 aditurus.
2454 2042 2685 2114 Refuge,
2730 2059 2837 2098 non
2908 2059 3067 2099 secus
3138 2051 3299 2111 atque
3359 2057 3389 2095 a

1820 2128 2012 2195 flagro,
2074 2132 2192 2187 loca
2243 2148 2365 2201 qua:
2413 2132 2507 2187 tibi
2562 2133 2745 2202 lapsus
2828 2141 2883 2187 et
2957 2132 3164 2203 peccati
3231 2145 3389 2184 occa-

1823 2222 2032 2274 sionem
2080 2222 2339 2291 praebent.
2395 2220 2628 2276 Pomum
2682 2222 2884 2277 absens
2932 2238 3037 2276 non
3073 2222 3149 2275 ita
3202 2234 3393 2289 perpe-

1823 2319 1917 2364 tuo
1965 2298 2254 2381 appetitur,
2311 2328 2374 2366 ac
2432 2327 2689 2381 praesens.
2757 2311 2887 2366 Nec'
2939 2313 3041 2367 istc
3105 2320 3158 2366 te
3232 2309 3390 2364 dolus

1822 2408 2083 2467 astusque
2139 2384 2436 2469 stygiorum
2492 2398 2866 2453 tenebrionum
2933 2396 3121 2466 fugiat.
3187 2397 3390 2465 Sugge-

1820 2500 1949 2541 runt
1992 2490 2135 2542 enim
2172 2490 2326 2544 nobis
2362 2504 2427 2543 ne
2480 2490 2548 2542 ab
2603 2488 2884 2541 hominum
2947 2487 3117 2539 turbis
3167 2486 3392 2539 seceda-

1823 2598 1980 2645 mus,
2012 2582 2155 2650 quod
2194 2597 2447 2650 maguum
2490 2581 2614 2635 inde
2653 2581 2837 2648 gloriae
2879 2580 3160 2649 prmmium
3220 2578 3391 2631 simus

1823 2671 2084 2737 relaturi,
2136 2670 2181 2727 si
2238 2670 2496 2725 feminam
2555 2670 2731 2725 oculis
2776 2669 3148 2737 contemplati,
3198 2668 3264 2721 ab
3303 2668 3391 2720 illa

1825 2772 2001 2816 tamen
2072 2778 2173 2817 nos
2235 2762 2681 2817 abstinuerimus.
2753 2760 2872 2814 Non
2922 2769 3051 2815 sunt
3103 2760 3156 2813 hi
3236 2759 3393 2812 nobis
3504 2776 3505 2779 η

1823 2854 2097 2918 audiendi,
2147 2854 2257 2907 imo
2306 2862 2495 2907 contra
2539 2852 2841 2906 nitendum.
2896 2851 3124 2916 Quando
3173 2866 3201 2902 a
3237 2849 3395 2903 fami-

1824 2944 2047 2996 liaribus
2097 2952 2151 2996 et
2198 2942 2513 2997 domesticis
2542 2958 2710 2995 unum
2756 2943 3091 3003 alterumve,
3130 2950 3223 2993 aut
3253 2956 3395 2993 com-

1824 3036 2006 3103 plures
2055 3034 2217 3085 etiam
2270 3047 2443 3085 annos
2500 3032 2769 3102 sejuncti,
2836 3031 3269 3099 qualemqualem
3338 3031 3391 3084 in

1828 3124 2121 3177 solitudine
2177 3122 2391 3191 pietatis
2435 3121 2671 3175 fructum
2732 3121 2984 3183 tulimus,
3038 3119 3394 3188 doloremque

1826 3215 1892 3268 de
1945 3226 2132 3267 exacta
2192 3230 2316 3268 cum
2371 3214 2609 3283 peccatis
2672 3211 2782 3266 vita
2832 3227 2953 3266 eum
3014 3210 3158 3263 luctu
3201 3223 3395 3263 conce—

1826 3305 2027 3372 pimus,
2093 3314 2145 3358 et
2190 3303 2578 3359 continentiam
2609 3301 3069 3371 comparavimus,
3099 3309 3214 3353 tum
3266 3314 3395 3352 vero

1826 3395 1980 3448 nobis
2050 3394 2243 3461 inepta:
2322 3408 2447 3447 mox
2488 3392 2884 3461 incgitationes
2957 3390 3025 3445 de
3100 3390 3391 3459 repetenda

1794 3486 1994 3555 patria
2052 3492 2363 3546 occursant,
2423 3483 2503 3537 uti
2567 3482 2774 3543 multis,
2823 3497 2962 3549 quos
3011 3490 3137 3534 ante
3182 3496 3393 3533 morum

1825 3577 2088 3645 pravitate
2137 3573 2483 3638 offendimus,
2540 3572 2787 3642 exemplo
2829 3570 2931 3640 31
2970 3569 3092 3622 vita:
3146 3584 3396 3635 novaque

1824 3666 2035 3721 vivendi
2108 3666 2315 3720 ratione
2393 3666 2457 3719 ad
2526 3664 2883 3718 imitationem
2954 3674 3388 3729 permoveamus.

1825 3758 1980 3824 Quod
2035 3759 2086 3812 si
2148 3773 2255 3825 qua
2306 3756 2465 3809 nobis
2503 3752 2716 3809 dicendi
2773 3751 3026 3818 facultas,
3067 3758 3160 3803 aut
3218 3750 3396 3817 aliqua

1825 3864 2003 3903 rerum
2055 3848 2292 3917 cognitio
2346 3846 2527 3909 inerit,
2567 3855 2679 3897 tum
2734 3858 2834 3896 nos
2878 3840 3108 3897 eximios
3166 3842 3397 3894 aliorum

1824 3939 2145 4002 magistros,
2214 3945 2268 3989 et
2333 3936 2584 3989 doctores
2639 3931 3004 3999 ductoresque
3080 3931 3285 3983 salutis.
3341 3931 3396 3982 in

1826 4030 2027 4100 pOpulo
2089 4028 2203 4083 fore
2264 4026 2581 4098 praedicant,
2648 4022 2724 4078 uti
2781 4020 3069 4075 collectum
3126 4019 3179 4071 in
3236 4027 3393 4086 portu

1826 4109 2139 4183 thesaurum
2183 4120 2267 4192 [ut
2332 4120 2468 4174 bene
2521 4127 2697 4188 parta,
2746 4114 2886 4168 male
2935 4107 3285 4179 dissipemus]
3340 4109 3393 4162 in

1823 4214 2047 4283 pelagus
2087 4226 2408 4281 spargamus
2444 4207 2522 4279 [in
2580 4205 2715 4259 mari
2764 4198 3134 4270 dissipemus].
3178 4196 3395 4261 Lotum,

1825 4321 1931 4357 nou
1994 4290 2227 4356 uxorem
2273 4301 2388 4353 Loti
2440 4295 2637 4352 imitari
2672 4292 3007 4348 studeamus.
3052 4286 3185 4341 Nam
3242 4287 3395 4356 quis-

1824 4392 1947 4461 quis
1993 4392 2057 4444 ad
2122 4404 2185 4444 ea
2258 4386 2417 4439 unde.
2447 4383 2578 4437 abiit
2632 4381 2950 4445 revertitur,
3001 4388 3258 4447 tanquam
3317 4375 3396 4429 sal

1827 4482 2209 4541 infatuabitur,
2251 4484 2304 4530 et
2343 4475 2596 4542 deinceps
2635 4472 2717 4541 (ut
2756 4479 2934 4526 statua
2971 4469 3083 4537 illa)
3141 4468 3398 4521 immotus

177 4572 273 4635 λος.
301 4556 551 4637 Φαίνεται
583 4576 690 4646 γάρ
712 4576 807 4628 καὶ
829 4573 990 4636 αὐτὸς
1019 4572 1145 4635 τοὺς
1168 4577 1345 4641 γονεῖς
1366 4573 1507 4627 κατά
1540 4573 1721 4645 σάρκα

1828 4573 2172 4625 obdurescet.
2223 4564 2514 4634 Egyptum
2570 4562 2687 4616 sine
2750 4576 2846 4630 spe
2901 4558 3182 4613 reditionis
3227 4556 3395 4624 fuge:

180 4665 415 4730 πολλάκις
461 4665 814 4721 καταλιπών·
862 4664 957 4716 καὶ
988 4664 1137 4733 παρά
1180 4681 1338 4717 τινων
1379 4663 1615 4717 ἀκούωνο
1664 4665 1725 4719 Ἦ

1835 4677 1958 4715 nam
2001 4672 2232 4727 quorum
2284 4655 2451 4709 animi
2504 4653 2736 4708 cordave
2777 4652 2908 4706 illuc
2978 4664 3194 4705 reversa
3248 4654 3396 4705 sunt,

176 4756 348 4826 μήτηρ
365 4775 501 4819 σου,
533 4759 632 4812 καὶ
654 4761 709 4811 οἰ
725 4755 974 4825 ἀδελφοί
993 4770 1109 4807 σου
1128 4753 1368 4823 ζητοῦσί
1397 4770 1471 4807 σε
1494 4772 1507 4784 ·
1540 4754 1733 4810 θᾶττον
1759 4780 1764 4785 ε

177 4850 203 4899 ό
234 4849 385 4915 καλὸς
406 4850 565 4921 ἡμῶν
609 4849 836 4919 Κύριος,
865 4848 960 4901 καὶ
975 4846 1295 4909 διδάσκαλος
1326 4844 1534 4906 ἀπαθὲς
1566 4848 1727 4915 μῖσος

181 4936 433 5009 ὑπέδειξεν
449 4940 640 4994 είπιίιψ
658 4940 867 5007 Μήτηρ
876 4957 1017 5010 μου,
1037 4940 1134 4993 καί
1158 4938 1408 5007 ἀδελφοί
1437 4938 1554 5005 μού
1573 4938 1731 4991 εἰσιν

181 5033 226 5082 οἰ
238 5033 542 5098 ποιοῦντες
556 5032 625 5083 τὸ
646 5028 876 5101 θέλημα
900 5032 1008 5095 τοῦ
1022 5031 1251 5098 Πατρός
1262 5048 1381 5099 μου
1397 5026 1502 5079 τοῦ
1516 5028 1587 5080 ἐν
1605 5028 1730 5094 τοῖς

181 5125 457 5192 οὐρανοῖς.
487 5122 671 5175 Ἔστω
699 5139 791 5174 σου
824 5106 1005 5217 παῖεὴρ
1048 5124 1076 5174 ό
1122 5121 1256 5191 πρὸς
1282 5121 1346 5172 τὸ
1368 5118 1585 5188 φορτίον
1619 5119 1730 5174 τῶν

183 5207 982 5287 ἁμαρτημάτωνᾼσυγκοπιάσαι
1028 5212 1343 5281 δυνάμενος,
1393 5210 1487 5261 καὶ
1547 5207 1732 5276 βουλό-

186 5323 345 5373 μενος,
373 5310 559 5380 μήτηρ
597 5306 678 5379 δὲ,
714 5307 750 5374 ὴ
783 5303 1096 5367 κατάνυξις,
1125 5306 1157 5374 ἡ
1193 5301 1497 5379 ἀποπλῦναι
1543 5318 1603 5351 σε
1634 5303 1728 5355 τοῦ

187 5397 339 5465 ῥύπου
370 5401 629 5471 ἰσχύουσα
647 5413 663 5429 °
686 5394 914 5464 ἀδελφὸς
944 5394 1022 5454 δὲ,
1046 5397 1073 5447 ό
1110 5396 1249 5465 πρὸς
1279 5393 1370 5447 τόν
1385 5392 1599 5462 θρόμον
1627 5393 1723 5447 τὸν

186 5486 285 5541 ἀνω
326 5491 615 5562 συμπονῶν
662 5487 758 5543 καὶ
805 5486 1284 5556 συναμιλλώμενος
1310 5502 1324 5517 ⁸
1356 5484 1735 5553 “auram”

189 5577 291 5631 διον
338 5583 756 5636 ἀναπόσπαστον
797 5578 1017 5649 μνήμην
1064 5576 1317 5630 θανάτου·
1349 5574 1516 5627 τέκνα
1544 5573 1600 5626 δέ
1638 5592 1733 5641 σου

189 5671 367 5740 φιλητὰ
388 5674 633 5728 ἔστωσαν
670 5670 965 5740 στεναγμοὶ
1009 5668 1257 5741 καρδίας,
1297 5666 1491 5721 Δοῦλον
1536 5667 1736 5738 κτῆσαι

256 5871 296 5904 ’⁷
330 5872 480 5927 Bouh.
508 5888 569 5935 tt,
592 5870 682 5925 2|.

1832 4752 2013 4805 sedem
2085 4747 2236 4818 pacis
2314 4755 2369 4799 et
2440 4742 2843 4815 tranquillitatis
2914 4739 3211 4795 Jerusalem
3288 4748 3396 4787 nou

1832 4844 2107 4896 viderunt.
2171 4839 2310 4892 Sunt
2365 4848 2544 4892 tamen
2606 4836 2700 4907 qui
2771 4833 3008 4903 primum
3078 4826 3400 4884 innocentia:

1832 4930 2046 4986 tuendae
2093 4914 2299 4983 ’causa
2370 4928 2598 4999 patriam
2670 4925 2994 4987 deseruere,
3066 4936 3129 4973 ac
3183 4916 3398 4971 demum

1834 5020 2157 5077 conﬁrmato
2198 5030 2599 5089 repurgatoquc
2635 5017 2840 5081 animo,
2894 5029 3001 5068 non
3036 5011 3153 5064 sine
3198 5008 3397 5073 fructu,

1835 5114 1899 5166 ad
1934 5111 2178 5164 eamdem
2230 5110 2552 5167 reviserunt.
2588 5123 2653 5162 eo
2710 5122 2834 5160 reor
2886 5103 3101 5165 animo,
3161 5100 3240 5153 uti
3274 5114 3401 5169 par-

1835 5212 1941 5254 tam
2000 5200 2103 5254 sibi
2159 5200 2385 5253 salutem
2452 5199 2573 5253 aliis
2608 5197 2771 5251 etiam
2828 5190 3098 5247 nonnullis
3169 5190 3403 5259 imperti-

1832 5303 2040 5348 renlur.
2112 5290 2340 5355 Quando
2408 5291 2623 5345 divinus
2668 5288 2755 5341 ille
2802 5294 3098 5353 spectator,
3158 5293 3214 5337 et
3277 5299 3396 5337 con-

1836 5384 2121 5453 templator
2174 5382 2426 5438 Numinis
2507 5382 2719 5451 Moyses
2791 5376 2858 5429 ad
2942 5385 3159 5445 gentem
3223 5390 3397 5435 suam,

1835 5475 2062 5547 publica:
2119 5473 2311 5529 salutis
2368 5488 2557 5536 causa,
2617 5486 2645 5523 a
2697 5466 2808 5521 Deo
2863 5467 3148 5531 remissus,
3204 5462 3403 5517 multus

1836 5564 2201 5637 periculorum
2261 5582 2421 5620 casus
2467 5562 2617 5625 adiit,
2670 5559 2950 5629 multaque
3004 5555 3193 5611 mundi
3273 5550 3401 5605 cali-

1834 5662 1960 5733 gine
2027 5666 2081 5713 et
2158 5668 2315 5713 nocte
2378 5670 2514 5725 saepe
2570 5652 2845 5711 involutus
2892 5659 2995 5706 est.
3053 5647 3270 5701 Praestat
3323 5642 3403 5694 oll-
