4048 6338
598 347 699 406 mi'l

1856 351 1914 409 S.
1949 349 2129 410 JO.\N
2144 351 2265 410 NIS
2287 351 2402 411 CLI
2415 350 2590 409 MACI

3735 368 3846 430 668

599 456 817 507 fundere
891 463 1176 521 parentes,
1238 472 1400 525 quam
1467 447 1752 512 Dominum
1837 471 2163 529 parentum:

2288 461 2366 514 τὸν
2397 463 2573 532 σῶμα.
2624 462 2749 531 (ll)
2790 462 2980 526 Φίλους
3029 463 3084 516 δὲ
3127 464 3222 528 τὰς
3259 467 3416 535 ἁγίας
3445 469 3724 541 δυνάμεις,
3751 478 3843 530 ατ..

600 549 683 598 Ine
749 547 894 598 enim
970 557 1019 598 te
1099 547 1349 602 formavit
1412 558 1464 602 et
1544 550 1832 615 liberavit;
1883 553 1958 605 illi
2012 568 2174 622 smpe,

599 651 738 703 quos
807 638 1154 701 dilexerunt,
1220 641 1538 707 perdidere,
1595 645 1920 712 a-ternisque
1975 645 2175 697 infero-

602 741 719 776 t-nm
791 728 1120 781 crutiatibns
1177 729 1464 783 tradidere.
1535 729 1866 801 Peregrinus
1917 743 2032 794 est,
2082 733 2173 801 qui

601 818 744 866 velut
796 826 974 869 mutus
1039 818 1176 870 inter
1240 821 1540 888 peregrinae
1583 823 1778 892 lingua:
1822 833 2006 890 gentes
2054 839 2173 876 om-

603 909 751 959 nium
845 910 1153 978 intelligens
1226 922 1484 965 moratur.
1567 912 1702 966 Cum
1759 914 1940 966 relicta
2003 915 2173 982 patria

602 1000 654 1051 in
713 998 1059 1051 solitudinem
1101 1000 1425 1061 secedimus,
1493 1017 1598 1054 non
1644 1003 1693 1056 id
1733 1003 2173 1069 domesticorum,

605 1089 687 1140 vel
752 1089 993 1140 locorum
1038 1090 1163 1141 odio
1231 1090 1460 1145 facimus
1509 1109 1520 1144 :
1567 1092 1708 1146 absit
1781 1092 1883 1146 boc
1937 1109 1968 1147 a
2019 1093 2176 1148 nobis

605 1179 878 1245 piaculum
910 1197 920 1230 :
953 1179 1044 1232 sed
1083 1179 1204 1233 inde
1231 1179 1467 1248 fugimus
1494 1180 1599 1249 32
1637 1191 1694 1236 ut
1731 1182 1990 1236 damnum
2019 1184 2176 1238 nobis

605 1267 818 1320 illorum
878 1282 1040 1320 causa
1108 1270 1396 1322 imminens
1448 1273 1726 1325 evitemus.
1809 1269 2174 1336 Quemadmo-

607 1358 736 1410 dum
800 1359 922 1410 aliis
975 1359 1227 1412 omnibus
1280 1359 1331 1412 in
1397 1362 1596 1424 rebus,
1656 1362 1724 1415 ita
1779 1363 1832 1416 in
1887 1362 1988 1417 hac
2042 1377 2175 1431 quo-

609 1463 714 1516 quc
773 1464 830 1502 re
882 1447 1146 1503 Dominus
1201 1451 1355 1504 nobis
1413 1451 1690 1518 magister,
1748 1461 1803 1505 et
1857 1451 2173 1521 exemplum

605 1539 834 1593 exstitit.
906 1541 1132 1593 \‘idetur
1177 1542 1362 1605 enim,
1421 1551 1473 1593 et
1532 1542 1646 1610 ipse
1724 1557 1864 1610 smpe
1929 1552 2177 1611 parentes

607 1648 737 1684 suos
796 1633 1100 1700 reliquisse.
1163 1630 1294 1685 Nam
1359 1649 1482 1686 cum
1527 1634 1595 1687 ab
1630 1634 1954 1701 quibusdam
2002 1631 2173 1689 ~audi-

607 1734 705 1784 ret,
747 1722 916 1775 Mater
945 1733 1034 1774 tua
1089 1733 1138 1776 et
1185 1724 1377 1791 fratres
1421 1724 1497 1776 lui
1555 1736 1792 1794 quierunt
1838 1737 1887 1778 tc
1933 1725 2009 1788 ",
2039 1726 2176 1793 npti-

2277 567 2421 612 τινες
2471 552 2526 602 ὲν
2570 551 2745 620 καιρῷ
2790 552 2972 617 ἐξόδου
3026 552 3302 624 ὠφελῆσαί
3344 575 3404 608 σε
3428 557 3708 626 δύνανται,
3741 566 3843 620 ἐὰν

2277 641 2421 708 φίλοι
2452 658 2542 693 σου
2581 641 2834 709 γίνωνται
2862 659 2874 671 ο
2912 663 2929 693 ι
2967 643 3112 712 Αὕτη
3154 647 3373 716 ήγενεα
3404 650 3709 720 ζητούντων
3747 657 3844 711 τὸν

2279 729 2533 797 Κύριον,ι
2579 730 2685 800 (l3)
2715 731 2875 794 πόθος
2907 732 3038 784 6εοῦ
3083 735 3385 790 ἁπέσϐεσεν
3426 740 3594 794 πόθον
3618 746 3839 810 γονέων.

2289 817 2348 867 '0
2379 816 2435 867 δὲ
2485 816 2658 882 λέγων
2714 817 2995 888 ἀμφότερα
3039 820 3204 889 ἔχειν,
3257 823 3602 896 πεπλάνηκεν
3653 832 3845 885 ἑαυτὸν

2277 905 2488 958 ἀκούων
2513 907 2605 958 τοῦ
2645 907 2889 974 λέγοντος
2910 925 2922 938 ο
2954 909 3162 977 Οὐδείς
3188 911 3435 968 δύναται
3468 905 3846 986 (15)δυο’ίκυο

2271 996 2428 1063 ρίοις
2455 997 2784 1062 δουλεύειν,
2815 999 2907 1050 καὶ
2927 1000 2994 1052 τὰ
3012 1000 3157 1068 ἑξῆς.
3200 1005 3323 1058 Οὐκ
3360 999 3573 1076 ἦλθον,
3604 1013 3766 1081 φησὶν
3814 1014 3846 1066 ὁ

2281 1085 2503 1154 Κύριος,
2533 1088 2780 1154 εἰρήνην
2798 1087 3016 1151 ,ϐαλεῖν
3046 1088 3146 1142 ἐπὶ
3178 1089 3287 1156 τῆς
3315 1091 3427 1161 γῆς
3455 1094 3675 1164 (γονέων
3709 1100 3845 1170 πρὸς

2280 1179 2429 1241 υἱοὺς
2460 1178 2553 1231 καὶ
2591 1178 2850 1248 ἀδελφοὺς
2891 1179 3172 1235 δουλεῦσαί
3195 1199 3288 1252 μοι
3323 1187 3845 1258 προαιρουμένους).

2277 1270 2436 1323 ἀλλὰ
2454 1269 2658 1338 μάχην
2678 1270 2772 1324 καί
2785 1270 3106 1341 μάχαιραν,
3129 1272 3345 1342 διχάσαι
3374 1276 3656 1344 φιλοθέους
3676 1279 3740 1332 ὲκ
3759 1295 3849 1347 φι-

2277 1359 2558 1428 λοκόσμων
2575 1375 2589 1388 ·
2626 1360 2842 1446 ὕλικοπίις
2873 1361 2932 1425 ἐξ
2959 1361 3162 1428 ἁΰλων,
3185 1361 3490 1432 φιλοδόξους
3517 1365 3582 1420 ἑκ
3600 1383 3850 1422 ταπεινο-

2279 1450 2509 1518 φρόνων.
2538 1449 2896 1519 Εύφραίνεται
2924 1451 3031 1522 γὰρ
3064 1453 3269 1524 Κύριος
3320 1454 3407 1506 ἐπ’
3440 1455 3738 1528 ἀμφιϐολία
3757 1460 3852 1511 καὶ

2280 1539 2567 1610 χωρισμῷ,
2620 1540 2710 1593 διὰ
2753 1540 2855 1611 τὴν
2894 1541 3031 1611 πρὸς
3065 1543 3231 1596 αὐτὸν
3289 1543 3512 1615 ἀγάπην
3553 1549 3849 1618 γινομένῳ.

2282 1629 2424 1696 Ὅρα
2445 1630 2567 1698 ὅρα,
2607 1630 2683 1698 μή
2745 1646 2863 1692 πως
2911 1629 3119 1683 ὑδάτων
3139 1629 3209 1683 τὰ
3232 1630 3410 1686 πάντα
3437 1648 3519 1685 σοι
3560 1635 3856 1705 πεπληρω-

2283 1719 2443 1787 μένα,
2478 1722 2622 1790 φανῇ
2672 1720 2760 1772 διὰ
2793 1720 2893 1789 τὴν
2932 1720 3311 1791 προσπάθειαν
3357 1721 3468 1776 τῶν
3517 1725 3733 1781 οἰκείων
3769 1743 3855 1779 σοι
3920 1795 3922 1798 ν

608 1830 728 1866 111115
806 1816 1097 1883 magister,
1159 1825 1212 1870 et
1293 1826 1586 1884 pra-ceptor
1655 1830 1839 1870 noster
1901 1819 2177 1887 extemplo

2288 1807 2606 1875 ἀγαπητῶν.
2645 1806 2740 1860 καὶ
2782 1806 2859 1876 τῷ
2911 1809 3280 1880 κατακλυσμῷ
3328 1811 3661 1880 φιλονεικίας
3728 1830 3858 1869 συν-

607 1907 796 1958 mlium
874 1908 1080 1974 absque
1161 1907 1286 1960 odio
1333 1907 1472 1976 [sine
1531 1909 1675 1961 malo
1740 1907 1956 1978 allecto]
2024 1910 2180 1966 nobis

607 1995 856 2063 est-inple
909 1995 1178 2060 ostendit,
1234 1997 1452 2065 quando
1529 1996 1704 2049 dixit:
1747 1998 1913 2050 Mater
1965 2016 2080 2051 mea
2131 2009 2182 2052 et

607 2085 799 2151 fratres
861 2087 961 2138 mei
1013 2097 1179 2148 sunt,
1229 2088 1316 2153 qui
1372 2087 1570 2152 [arium
1635 2087 1954 2140 voluntatem
1995 2087 2182 2142 Patris

608 2177 730 2242 mei,
779 2178 1009 2243 .qrtiwst
1050 2177 1104 2227 in
1149 2177 1292 2229 ca'lis
1323 2177 1390 2229 ⁸⁸³.
1450 2177 1607 2230 Pater
1665 2188 1792 2232 tuus
1839 2181 1929 2241 sit,
1994 2180 2084 2248 qui
2133 2189 2184 2234 te

606 2267 778 2334 possit
831 2275 883 2318 et
913 2265 1038 2318 velit
1071 2267 1140 2318 ab
1192 2252 1356 2320 onere
1408 2279 1753 2335 peccatorum
1815 2269 2032 2334 levare;
2070 2285 2183 2322 ma-

607 2366 687 2408 ter
756 2365 842 2408 tua
911 2355 1088 2432 luctus
1121 2353 1512 2426 [compunetio]
1559 2373 1721 2425 super
1760 2360 1996 2426 peccatis
2023 2399 2036 2422 ,
2092 2360 2184 2426 qui
2212 2361 2229 2383 ‘

605 2447 773 2499 animi
829 2445 1020 2499 sordes
1070 2445 1599 2515 abstergat;frater,
1640 2447 1732 2516 qui
1784 2457 1836 2501 te
1885 2450 1948 2501 ad
2001 2464 2184 2503 rerum

605 2534 910 2586 eu-lestium
971 2549 1193 2588 cursum
1268 2535 1508 2603 adjuvet,
1569 2544 1857 2604 tecumque
1909 2546 1968 2591 ut
2037 2553 2187 2591 como

607 2625 781 2677 milito
830 2625 1034 2678 laboret
1087 2640 1151 2678 ac
1209 2636 1424 2694 pugnet.
1484 2627 1672 2692 Quaere
1737 2627 1829 2681 tibi
1899 2629 2186 2695 eonjugem

613 2733 893 2787 tulitquam
942 2717 1322 2787 separandum,
1377 2719 1654 2773 assiduam
1720 2718 1911 2772 mortis
1958 2717 2188 2770 medita-

609 2807 830 2858 tionem.
875 2804 996 2858 Νειιί
1052 2805 1124 2857 ιιιὶ
1172 2806 1478 2860 cbarissimi
1513 2807 1637 2872 _sint
1691 2806 1934 2874 perpetui
2004 2807 2174 2876 genti-

609 2904 698 2947 tus
751 2895 955 2959 cordis,
987 2909 1179 2950 servus
1232 2905 1356 2949 tuus
1410 2897 1478 2950 sit
1531 2910 1729 2964 corpus
1777 2904 1950 2950 tuum.
2011 2895 2185 2948 Amici

609 2985 851 3038 (‘urlitllllt
933 2987 1194 3054 legiones,
1271 3002 1394 3055 quae
1454 2986 1572 3050 tibi,
1630 2986 1675 3038 si
1736 2984 2032 3038 familiares
2099 2985 2187 3038 bic

613 3076 936 3140 reddideris,
991 3077 1045 3129 in
1103 3078 1342 3144 digressu
1397 3077 1561 3130 animi
1617 3091 1648 3129 a
1686 3089 1933 3145 corpore,
1992 3090 2256 3163 suppe-c

612 3171 716 3220 tias
795 3169 978 3221 ibunt.
1048 3185 1067 3218 ι
1132 3167 1258 3221 lltee
1336 3178 1419 3222 est
1484 3167 1760 3236 generatio
1826 3168 2185 3236 qumrentium

615 3257 901 3310 hominum
979 3257 1045 3323 ³⁰,
1116 3274 1135 3307 ι
1233 3256 1561 3312 desiderium
1641 3257 1760 3312 cudi
1853 3256 2183 3311 desiderium

609 3348 872 3401 exstinxit
944 3355 1264 3417 parentum.
1355 3347 1459 3413 Qui
1535 3348 1704 3417 jactat
1770 3364 1828 3404 se
1901 3358 2192 3418 utrumque

614 3437 917 3504 possidere,
969 3438 1210 3506 seipsum
1258 3436 1414 3504 fallit,
1474 3454 1598 3493 cum
1651 3439 1836 3493 audiat
1894 3439 2192 3494 reclaman-

613 3542 718 3582 tem
753 3548 764 3583 :
795 3529 960 3582 Nemo
1005 3538 1174 3596 potest
1203 3529 1408 3583 duobus
1437 3531 1664 3583 dominis
1711 3530 1923 3595 servire,
1973 3540 2028 3585 et
2073 3545 2194 3599 qua)

613 3630 919 3687 sequuntur
991 3619 1059 3671 ³¹.
1095 3617 1220 3674 Non
1271 3621 1407 3685 veni,
1471 3621 1698 3690 inquit,
1753 3621 1956 3674 mittere
2015 3637 2194 3689 pacem

613 3709 667 3761 in
712 3720 906 3762 terram
963 3713 1271 3779 (parentum
1324 3727 1448 3778 erga
1500 3710 1668 3767 Filios
1743 3722 1796 3767 et
1845 3712 2042 3766 fratres
2099 3721 2192 3782 qui

613 3800 830 3867 servire
850 3800 989 3858 mihi,
1016 3800 1412 3869 decreverunt),
1446 3802 1534 3856 sed
1562 3803 1752 3856 bellum
1781 3813 1828 3873 et
1851 3803 2086 3873 gladium
2118 3803 2188 3866 ⁸¹,

615 3893 673 3938 ιιι
731 3901 975 3949 separent
1019 3888 1258 3943 cultores
1307 3888 1398 3942 Dei
1449 3890 1518 3942 ab
1574 3872 1915 3945 amatoribus
1977 3890 2192 3952 mundi,

615 3981 814 4024 terram
903 3989 934 4026 ιι
1011 3975 1190 4039 ςωιυ,
1254 3977 1520 4045 superbos
1571 3978 1639 4031 ab
1709 3962 2019 4036 submissis.
2087 3979 2195 4034 De-

616 4062 844 4116 lectatur
876 4064 982 4134 33
1009 4066 1152 4118 enim
1187 4065 1450 4120 Dominus
1475 4069 1576 4122 hac
1593 4068 1930 4126 dissensione
1944 4080 1999 4125 cl.
2017 4087 2199 4128 seces-

616 4154 772 4206 sione
831 4170 929 4207 sua
985 4169 1150 4209 causa
1187 4155 1348 4210 facta.
1406 4158 1568 4225 Cave,
1620 4175 1769 4226 cave,
1806 4176 1906 4224 ne,
1940 4162 2195 4218 omnibus

619 4258 886 4312 aquarum
947 4247 1305 4302 inundatione
1355 4250 1590 4312 obrutis,
1648 4267 1829 4306 rerum
1860 4253 2188 4308 domestica-

617 4351 740 4388 rum
786 4337 1056 4392 desiderio
1107 4349 1316 4404 tactus,
1361 4349 1415 4396 et
1464 4349 1670 4396 tractus
1719 4342 1880 4396 simul
1939 4343 2197 4402 illuvione

2285 1896 2552 1965 απέλθῃς.
2597 1896 2688 1964 Μὴ
2730 1897 3081 1968 οίκτειρήσῃς
3115 1898 3319 1966 γονέων
3357 1901 3387 1970 ἦ
3420 1901 3589 1971 φίλων
3609 1903 3854 1975 δάκρυα·

2282 1987 2331 2038 εἰ
2358 1986 2412 2037 δὲ
2455 1986 2552 2055 μὴ,
2582 1985 2817 2049 αἰωνίως
2851 1987 3069 2057 μέλλεις
3093 1988 3374 2060 δακρύειν.
3407 1990 3637 2048 ὐπόταν
3664 2012 3723 2048 σε
3755 2011 3859 2048 πε-

2284 2075 2698 2146 ρικνκλώσωσιν
2754 2075 2942 2148 ὥσπερ
2997 2078 3265 2148 μέλισσαι,
3298 2081 3498 2150 μᾶλλον
3527 2083 3586 2138 δὲ
3623 2086 3856 2156 σφῆκες,

2289 2165 2485 2236 θρῆνον
2533 2168 2581 2218 oi
2628 2166 2748 2219 ίδιοι
2789 2167 3100 2237 ποιούμενοι
3149 2169 3243 2221 ἐπὶ
3283 2172 3384 2237 σοὶ,
3414 2173 3694 2244 συντόμως
3723 2176 3861 2245 πρὸς

2284 2258 2374 2310 τὸν
2428 2257 2680 2322 θάνατον,
2713 2257 2809 2311 καὶ
2844 2258 2942 2322 τὰς
2981 2257 3209 2330 πράξεις
3246 2259 3306 2314 τὸ
3334 2261 3434 2332 τῆς
3468 2262 3648 2333 ψυχῆς
3683 2264 3842 2334 ὄμμα

2287 2349 2754 2418 ἀμεταστρέπτως
2812 2349 3082 2414 ἀτένισον,
3134 2349 3221 2404 ἵνα
3274 2350 3384 2420 (li)
3413 2353 3572 2406 πόνον
3592 2355 3738 2421 πόνῳ
3766 2354 3856 2406 δυ-

2283 2440 2450 2510 νηθῇς
2481 2438 2927 2506 ἀποπέμψασθαι.
2971 2440 3384 2509 ’Υπισχνοῦνται
3433 2444 3622 2507 δολίως
3649 2445 3782 2514 ἡμῖν
3810 2447 3859 2498 οἱ

2286 2530 2466 2600 ἡμῶν,
2502 2531 2594 2582 καὶ
2615 2530 2714 2600 ούχ
2744 2529 3056 2600 (15)ήμῶν,
3107 2531 3288 2585 πάντα
3334 2533 3402 2586 τὰ
3426 2533 3554 2607 φίλα
3598 2535 3862 2608 διαπράτ-

2287 2617 2495 2683 τεσθαι,
2558 2619 2761 2681 σκοπὸς
2805 2618 2862 2672 δὲ
2911 2617 3122 2682 τούτοις
3149 2618 3228 2689 τῷ
3256 2619 3462 2690 ἀρίστῳ
3500 2621 3657 2691 ἡμῶν
3688 2625 3862 2692 ιμποσ-

2287 2709 2434 2762 δίσαι
2489 2708 2709 2778 δρόμῳ,
2776 2704 2873 2762 εἶτ’
2924 2708 3095 2773 οὕτως
3141 2709 3325 2763 λοιπὸν
3371 2712 3505 2782 πρὸς
3541 2713 3632 2766 τὸν
3662 2716 3862 2768 οἰκεῖον

2289 2798 2489 2851 σκοπὸν
2541 2800 2688 2869 ἡμᾶς
2755 2798 3184 2857 ἐπισπάσασθαι.
3216 2801 3281 2853 Ἠ
3333 2801 3443 2856 τῶν
3486 2803 3664 2856 τόπων
3705 2805 3865 2876 ἡμῶν

2289 2889 2642 2960 ἀναχώρησις
2683 2889 2843 2957 ἔστω,
2899 2892 2979 2956 είς
3023 2891 3091 2944 τὰ
3130 2892 3718 2967 ἀπαρακλητικώτερα,
3770 2896 3864 2950 καὶ

2289 2979 2727 3051 ἀκενοδοξότερα,
2776 2982 2868 3034 καὶ
2916 2982 3276 3053 ταπεινότερα
3324 2982 3502 3056 μέρη’
3555 2989 3603 3039 εί
3647 2987 3705 3039 δὲ
3763 2988 3862 3059 μὴ,

2293 3069 2431 3141 μετὰ
2465 3071 2671 3134 πάθους
2712 3072 3008 3143 πετόμεθα.
3039 3073 3150 3144 (l6)
3185 3074 3531 3147 Ἀπόκρυπτε
3552 3078 3861 3148 εὐγένειαν,

2291 3163 2384 3218 καὶ
2404 3163 2652 3227 εὐδοξίαν
2682 3163 2757 3234 μὴ
2783 3163 3160 3235 ἁναπόμπευε,
3205 3166 3282 3237 μή
3327 3185 3445 3231 πως
3481 3166 3709 3239 εὑρεθῇς
3746 3170 3862 3222 ἓτε-

2295 3270 2388 3325 ρος
2431 3254 2528 3325 μὲν
2562 3254 2623 3306 ὲν
2653 3252 2730 3324 τῷ
2769 3253 3003 3324 σώματι,
3039 3255 3225 3327 ἕτερος
3255 3257 3313 3310 δὲ
3345 3259 3403 3311 ὲν
3426 3259 3540 3320 τοῖς
3573 3257 3863 3330 πράγμασι

2293 3345 2660 3416 διακείμενος.
2685 3345 2874 3407 Οὐδεὶς
2902 3345 3014 3415 (17)
3044 3345 3298 3400 τοσοῦτον
3337 3350 3402 3419 τῇ
3451 3347 3682 3418 ξενιτεία
3710 3349 3863 3404 ἐκδέ-

2292 3436 2463 3488 δωκεν
2485 3434 2693 3499 ἑαυτὸν,
2725 3435 2800 3496 ὠς
2820 3436 2849 3488 ὁ
2889 3433 3058 3505 μέγας
3093 3435 3298 3499 ἐκεῖνος
3331 3437 3364 3489 ό
3389 3435 3641 3507 ἀκηκοιῖις
3668 3453 3682 3468 ·
3722 3439 3864 3505 Ἕξ-

2294 3529 2433 3581 ελθε
2457 3527 2526 3580 ἐκ
2550 3525 2660 3594 τῆς
2688 3524 2800 3595 γῆς
2831 3540 2968 3588 σου,
3001 3524 3098 3579 καὶ
3122 3526 3190 3581 ἐκ
3214 3526 3325 3595 τῆς
3347 3530 3700 3598 συγγενείας
3724 3547 3863 3594 σου,

2295 3617 2392 3671 καὶ
2409 3617 2477 3681 ἐξ
2491 3617 2661 3670 οἷκου
2677 3617 2782 3671 τοῦ
2798 3617 3019 3686 πατρός
3037 3631 3176 3672 σουο
3193 3617 3396 3688 καίπερ
3432 3620 3491 3671 ὲν
3508 3619 3866 3691 ἁλλογλὼσσῳ

2298 3711 2392 3764 καὶ
2439 3709 2781 3780 βαρϐαρὼδει
2831 3710 2902 3780 γῇ
2953 3708 3451 3780 προσκαλούμενος.
3506 3695 3693 3786 Ἔστιν
3739 3714 3866 3767 ὅταν

2297 3802 2441 3857 κατὰ
2499 3802 2592 3854 τὸν
2646 3800 2821 3871 μέγαν
2884 3799 3075 3855 τοῦτον
3131 3802 3256 3856 τινὰ
3307 3801 3713 3874 ξενιτεύσαντα,
3770 3805 3863 3859 ἐπὶ

2304 3893 2488 3946 πλεῖον
2515 3893 2545 3945 ό
2583 3890 2788 3964 Κύριος
2842 3893 3111 3958 ἐδόξασεν.
3147 3893 3293 3966 Πλὴν
3315 3897 3364 3949 εί
3413 3897 3512 3952 καὶ
3538 3895 3666 3963 δόξα
3706 3895 3862 3950 θεόσ-

2297 3983 2447 4047 δοτος
2501 3982 2666 4037 καλὸν
2728 3983 2898 4056 αὐτὴν
2943 3983 3032 4037 διὰ
3071 3982 3267 4055 θυρεοῦ
3313 3985 3698 4052 ταπεινώσεως
3725 3988 3863 4042 ἀπο-

2299 4073 2646 4145 στρέφεσθαι,
2681 4073 2953 4146 Ὅπηνίκα
2978 4073 3028 4127 oi
3051 4074 3303 4146 δαίμονες
3325 4076 3401 4142 ὡς
3421 4079 3514 4132 ἐπὶ
3531 4077 3752 4150 μεγάλῳ
3767 4097 3863 4133 κα-

2297 4161 2612 4234 τορθώματι
2655 4166 2721 4235 τῇ
2761 4163 2993 4235 ξενιτεία
3040 4164 3354 4222 ἐπαινοῦσιν
3399 4168 3568 4240 ἡμᾶς,
3621 4168 3780 4240 ﬁxa!
3814 4169 3863 4224 ei

2297 4253 2595 4324 ἄνθρωποι,
2626 4255 2746 4309 τότε
2773 4256 2934 4325 ἡμεῖς
2960 4254 3054 4309 τοῦ
3093 4254 3163 4309 δι’
3191 4257 3343 4329 ἡμᾶς
3377 4260 3447 4327 ,ὲκ
3477 4257 3574 4313 τοῦ
3609 4259 3860 4330 οὐρανοῦ,

2297 4348 2379 4408 είς
2409 4344 2508 4415 τὴν
2549 4347 2652 4417 γῆν
2686 4343 3085 4412 ξενιτεύσαντος
3120 4347 3594 4420 ἁναλαμδάνωμεν
3620 4348 3854 4416 ἔννοιαν,

621 4427 810 4484 mimdi
848 4429 1162 4483 involvat-is.
1216 4429 1333 4483 Non
1381 4442 1432 4486 te
1481 4443 1765 4502 parentum
1795 4443 1848 4488 et
1890 4436 2187 4491 amicorum

2297 4433 2392 4487 καὶ
2437 4432 2740 4502 εὑρήσομεν
2792 4432 3024 4495 ἑαυτοὺς
3054 4434 3135 4497 είς
3173 4434 3347 4490 αίῶνα
3390 4433 3589 4500 αίῶνος
3619 4436 3861 4509 ἀναπλη-

621 4516 874 4588 lacrymm
898 4530 1171 4586 moveant,
1194 4537 1260 4575 ne
1293 4523 1420 4576 olim
1453 4533 1714 4577 aeternum
1738 4526 1932 4593 plores.
1967 4527 2194 4592 Quando

624 4610 701 4662 illi
730 4618 780 4664 te
805 4612 950 4664 velut
984 4627 1146 4679 apum
1203 4614 1475 4675 examina,
1525 4613 1633 4667 imo
1661 4629 1970 4684 vesparum,
2000 4618 2193 4672 cinxe-

623 4700 754 4765 rint,
793 4701 977 4770 tuique
1002 4717 1168 4770 super
1198 4712 1248 4757 te
1277 4705 1422 4758 velut
1445 4705 1647 4760 lessum
1675 4714 1727 4759 et
1747 4706 2185 4773 lamentationem

625 4793 977 4858 instituerint,
995 4795 1267 4862 extemplo
1288 4796 1528 4848 animum
1552 4795 1896 4864 pertinaciter
1914 4798 1978 4851 ad
1998 4799 2191 4853 mortis

625 4885 1054 4950 meditationem,
1090 4893 1146 4938 et
1186 4884 1401 4940 labores
1452 4885 1706 4950 transfer,
1743 4898 1802 4941 ut
1830 4888 2070 4942 laborem
2113 4888 2191 4940 Ia-

626 4975 777 5039 bore,
809 4985 1068 5046 tanquam
1105 4976 1315 5030 clavum
1344 4977 1498 5031 clavo
1540 4979 1726 5048 pellas.
1751 4977 2082 5034 Pollicetitur
2114 4977 2192 5032 illi

623 5067 906 5122 domestici
927 5071 1096 5123 nostri
1125 5069 1259 5141 (imo
1283 5069 1442 5124 alieni
1474 5072 1678 5141 potius)
1697 5072 1851 5127 nobis
1872 5073 1923 5126 in
1951 5072 2190 5141 speciem

625 5177 822 5216 aureos
853 5171 1083 5226 montes,
1131 5161 1425 5231 omniaque
1455 5178 1514 5217 se
1554 5165 1708 5218 nobis
1736 5176 1884 5232 grata
1906 5173 2194 5233 praestatu-

627 5269 738 5315 ros,
777 5253 869 5305 sed
907 5266 973 5305 eo
998 5251 1122 5317 ﬁne,
1165 5253 1242 5306 uti
1266 5266 1365 5306 nos
1418 5252 1487 5306 ab
1527 5254 1733 5322 optimo
1786 5253 1977 5307 salutis
2028 5269 2195 5308 cursu

627 5343 992 5413 pratpediant',
1044 5358 1107 5396 ac
1142 5344 1359 5399 demum
1387 5342 1455 5397 ad
1490 5359 1586 5398 sua
1613 5343 1791 5398 studia
1817 5353 2050 5412 votaque
2081 5357 2195 5412 per-

629 5444 667 5486 ιι
683 5435 870 5488 ahant.
886 5433 1256 5488 Secedendum
1279 5445 1458 5490 autem
1485 5435 1638 5490 nobis
1654 5443 1738 5487 est
1769 5435 1819 5486 in
1842 5448 1902 5486 ea
1919 5433 2057 5497 loea,
2075 5447 2197 5501 qua:

631 5530 810 5580 minus
839 5520 1187 5592 celebritatis,
1227 5526 1619 5590 consolationis
1645 5536 1697 5580 et
1724 5523 1908 5613 gloria:
1943 5524 2140 5580 habent
2175 5543 2187 5578 :

704 5705 744 5732 ²’⁴
782 5704 966 5758 Matth.
999 5722 1094 5768 3.1:,
1127 5702 1211 5757 4⁸7.
1293 5706 1337 5735 ³¹³
1368 5703 1503 5758 Ibid.
1543 5705 1623 5757 250.
1709 5708 1753 5735 4""
1787 5703 1929 5757 Psal.
1955 5718 2106 5765 mu,
2138 5703 2188 5755 li.

2296 4521 2423 4592 ροῦν
2479 4523 2554 4592 μὴ
2600 4521 2902 4590 ἰσχύοντας.
2955 4521 3183 4594 Χαλεπὴ
3228 4523 3263 4594 ἡ
3300 4523 3440 4595 πρός
3488 4541 3613 4599 τινα
3651 4527 3761 4581 τῶν
3780 4529 3859 4581 οε-

2291 4614 2477 4679 κείων,
2513 4615 2547 4684 ἢ
2591 4613 2686 4668 καὶ
2733 4611 2899 4674 ξένων
2945 4613 3310 4685 προσπάθεια,
3340 4616 3374 4687 ἡ
3410 4617 3682 4691 δυναμένη
3723 4618 3858 4675 κατὰ

2279 4706 2489 4778 μικρὸν
2535 4705 2628 4758 ἐπὶ
2678 4705 2770 4759 τὸν
2825 4706 3028 4778 κόσμον
3075 4706 3224 4777 ἡμᾶς
3279 4707 3706 4776 ἐπισπάσασθαι,
3760 4710 3853 4765 καὶ

2288 4793 2350 4846 τὸ
2378 4793 2492 4866 πῦρ
2521 4796 2554 4863 ἠ
2564 4794 2682 4863 μῶν
2717 4795 2819 4866 τῆς
2843 4794 3186 4860 κατανύξεως
3210 4795 3429 4866 τελείως
3443 4798 3857 4872 ἀποψοχρῶσαι.

2299 4882 2389 4948 Ὠς
2433 4885 2712 4955 ἀμήχανον
2756 4888 2835 4940 ἑνὶ
2872 4886 2972 4957 μὲν
3014 4887 3276 4962 ὀφθαλμῷ
3315 4891 3395 4956 είς
3449 4890 3542 4945 τὸν
3586 4891 3842 4962 οὐρανὸν,

2290 4975 2373 5028 ἐνὶ
2411 4974 2465 5027 δὲ
2512 4977 2592 5040 είς
2626 4975 2724 5047 τὴν
2761 4977 2866 5046 γῆν
2905 4977 3117 5040 νεύειν.
3155 4979 3327 5046 οὕτως
3362 4982 3623 5037 ἀδύνατον
3657 4984 3750 5037 τδν
3784 4985 3854 5055 μὴ

2297 5063 2518 5130 τελείως
2561 5069 2776 5121 πάντων
2813 5067 2920 5120 τῶν
2955 5069 3170 5123 οἰκείων
3213 5071 3306 5126 καὶ
3356 5071 3643 5126 ἀνοικείων
3679 5073 3757 5144 τῷ
3784 5074 3858 5128 λο-

2293 5156 2478 5228 γισμῷ
2506 5157 2601 5211 καὶ
2631 5157 2708 5228 τῷ
2758 5157 2969 5227 σώματι
2998 5157 3378 5223 ξενιτεύσαντα
3405 5161 3482 5233 μὴ
3510 5162 3853 5218 κινδυνεῦσαι

2298 5247 2440 5300 κατὰ
2475 5246 2677 5318 ψυχήν.
2714 5247 2881 5317 Κόττῳ
2920 5249 3098 5320 πολλῷ
3149 5253 3244 5306 καὶ
3280 5251 3463 5323 μόχθῳ
3501 5254 3854 5325 κατορθοῦται

2297 5336 2357 5389 ὲν
2409 5339 2543 5407 ἡμῖν
2598 5334 2731 5408 ⁴ἦθος
2788 5339 3021 5408 χρηστὸν
3064 5342 3161 5397 καὶ
3197 5342 3621 5408 εὐκατάστατον,
3660 5347 3752 5400 καὶ
3781 5345 3855 5416 τῷ

2299 5427 2477 5497 πολλῷ
2531 5427 2716 5499 μόχθῳ
2760 5428 3210 5501 κατορθούμενον·
3225 5431 3451 5486 δυνατὸν
3494 5434 3555 5486 ὲν
3588 5437 3688 5507 μιᾷ
3719 5435 3852 5506 ῥοπῇ

2300 5518 2595 5572 ἀπολέσθαι
2617 5534 2631 5549 ο
2667 5539 2684 5572 ι
2705 5519 2985 5592 Φθείρουσι
3015 5522 3122 5599 γὰρ
3159 5521 3262 5594 ἤθη
3285 5527 3494 5595 χρηστὰ
3524 5528 3733 5600 ὁμιλίαι
3759 5543 3853 5583 κα-

2267 5701 2524 5775 ·ἾΜίιίιιι.
2550 5717 2620 5767 Vl,
2656 5701 2742 5756 2M.
2821 5700 2864 5732 ³²
2900 5701 3089 5756 Matth.
3115 5717 3169 5766 Χ,
3204 5701 3294 5755 34.
