4048 6338
160 411 263 473 669
474 462 487 474 ,
1050 442 1057 453 ·
1144 412 1371 471 SCALA
1396 409 1708 468 PARADIS

1807 436 1844 443 -
1874 410 2181 473 GRADUS
2208 415 2320 474 Ιῐῐ-
3292 408 3397 469 ὓῗο

163 526 275 588 xa‘t,
309 545 329 577 ι
357 528 453 579 καὶ
490 527 599 597 (l8)
646 526 925 598 κοσμικαὶ,
950 527 1045 581 καὶ
1072 527 1322 595 ἄκοσμοι.
1370 526 1429 575 ὐ
1462 526 1573 591 (ltl)
1603 510 1708 585 τοὶξ

1815 524 2015 593 alioqui
2054 528 2220 592 (velut
2258 530 2407 598 aves)
2444 529 2641 584 cadum
2694 544 2799 581 nou
2855 528 3094 581 aninuuu
3158 525 3407 577 mutabi-

161 617 298 668 κατὰ
332 617 427 670 τὸν
466 620 667 689 κοσμδν
707 619 844 689 μετὰ
881 619 980 687 τὴν
1032 616 1310 683 ἁποταγὴν
1358 629 1708 683 συναναστρε-

1828 630 1971 677 Inus,
1999 618 2182 669 sicum
2225 620 2612 686 cupiditatibus
2646 620 2846 671 nostris
2872 620 3224 670 avolabuuus.
3255 615 3397 681 'l‘t-ge

158 708 413 777 (ρόμενος,
457 711 488 780 ἢ
539 711 766 781 πλησίον
814 711 1093 781 τυγχάνων
1149 706 1452 773 πάντως,ἧ
1508 706 1563 755 ὲν
1606 706 1708 765 τοῖς

1824 705 2037 771 generis
2069 708 2435 774 nobilitatem,
2485 712 2553 761 et
2583 709 2818 762 nominis
2861 709 3233 762 claritudinem
3286 705 3395 756 noli

158 796 333 849 αὐτῶν
381 802 757 868 περιπεσεῖται
795 800 1026 870 βρόχοις,
1059 798 1091 866 ἢ
1140 796 1239 865 τὴν
1280 793 1505 863 καρδίαν
1549 795 1607 845 ὲν
1646 796 1708 867 τῇ

1816 793 2044 860 jactare,
2086 812 2152 849 ne
2186 798 2328 850 aliud
2361 814 2606 866 corpore,
2643 799 2785 852 aliud
2820 799 3125 851 actionibus
3153 794 3394 862 profitea-

158 888 283 957 περὶ
318 890 521 942 τούτων
542 890 725 961 ἐννοίᾳ
756 889 991 960 μολυνεῖ,
1020 888 1053 957 ἢ
1082 888 1156 955 μὴ
1193 884 1557 953 μολυνόμενος
1586 883 1708 945 τοὺς

1822 885 1918 938 ris.
1972 885 2139 940 Nemo
2196 889 2485 943 admodum
2518 899 2626 943 tam
2679 889 2910 959 perfecte
2950 889 3109 942 rebus
3141 885 3395 939 omnibus

159 977 548 1048 μολυνομένους
570 980 931 1051 κατακρίνων,
964 978 1059 1031 καὶ
1086 976 1249 1038 αὐτὸς
1280 976 1377 1027 σὺν
1408 974 1588 1036 αὐτοῖς
1618 990 1708 1043 μο-

1823 977 1935 1028 suis
1952 979 2346 1045 peregrinanqu
2366 982 2713 1042 renuntiavit,
2740 997 2899 1050 quam
2928 994 3153 1048 magnus
3189 976 3274 1027 ille
3299 990 3392 1042 pa-

158 1065 503 1140 λυνοήσεται.

1823 1076 1903 1121 ter
1929 1077 2141 1135 patrum
2188 1071 2532 1124 Abraltamus
2559 1112 2571 1135 ,
2617 1073 2702 1125 cui
2752 1072 2953 1125 dit-tuin
2990 1089 3003 1124 :
3045 1069 3298 1135 Egredere
3332 1065 3395 1116 de

158 1163 295 1211 terra
324 1170 437 1225 tua,
478 1168 531 1215 et
567 1160 634 1215 de
657 1158 987 1230 cognatione,
1010 1166 1059 1211 et
1082 1157 1147 1211 de
1166 1156 1321 1210 domo
1352 1153 1517 1219 patris
1550 1153 1626 1204 tui
1653 1152 1737 1217 ³⁸;
1772 1154 2022 1222 quamvis
2079 1154 2145 1209 ad
2213 1168 2424 1225 gentem
2456 1159 2762 1221 barbaram,
2785 1169 2837 1211 et
2877 1158 3171 1226 peregrina:
3200 1156 3396 1223 lingua:

155 1259 486 1304 evocantur.
518 1247 616 1305 Est
641 1264 767 1303 cum
792 1246 1056 1303 Dominus
1081 1248 1243 1302 etiam
1301 1243 1453 1298 illum
1521 1240 1757 1311 aliquem
1813 1243 2064 1312 ampliori
2112 1246 2281 1314 gloria
2347 1248 2658 1312 illustravit,
2694 1248 2785 1316 qui
2814 1262 2909 1315 pro
2934 1255 3127 1300 conatu
3160 1242 3267 1313 34
3295 1258 3395 1299 suo

155 1338 334 1393 omnia
372 1339 673 1394 deserendo
731 1340 937 1395 studuit
1000 1339 1368 1393 Abraltamum
1398 1332 1601 1387 imitari
1643 1350 1657 1385 :
1690 1334 1783 1387 sed
1824 1344 2001 1389 tamen
2029 1336 2201 1404 gloria
2234 1338 2349 1392 hate
2382 1340 2632 1407 quamvis
2659 1354 2689 1391 a
2728 1338 2839 1393 Deo
2870 1336 3106 1407 profecta
3160 1350 3252 1403 per
3282 1334 3394 1400 cly-

157 1443 314 1499 pcum
394 1430 778 1485 submissionis
822 1430 1138 1485 declinanda
1210 1435 1313 1483 est.
1349 1426 1580 1491 Quando
1647 1439 1746 1479 nos
1786 1426 2059 1481 daemones
2130 1428 2201 1481 ob
2251 1428 2433 1497 fugam
2496 1430 2703 1493 surculi,
2770 1438 3025 1497 tanquam
3081 1426 3145 1480 de
3210 1424 3393 1491 aliquo

153 1518 365 1588 egregio
391 1518 628 1573 facinore
656 1513 982 1589 perpetrato,
1007 1518 1091 1571 vel
1114 1516 1212 1585 ipsi
1249 1515 1412 1569 etiam
1440 1514 1707 1576 homines,
1752 1528 1847 1581 per
1906 1515 2119 1569 laudem
2179 1528 2446 1571 conantur
2474 1519 2753 1581 extollere,
2784 1528 2895 1571 tum
2936 1520 3124 1572 subeat
3156 1524 3389 1568 mentem
3475 1591 3481 1595 .

156 1618 395 1664 nostram
462 1601 744 1666 meditatio
778 1608 1187 1677 recordatioqne
1224 1607 1390 1670 illius,
1459 1604 1552 1673 qui
1600 1612 1785 1657 nostra
1825 1619 1987 1659 causa
2026 1620 2055 1659 e
2081 1607 2221 1660 caelo
2256 1608 2309 1660 in
2353 1619 2550 1662 terram
2586 1625 2758 1677 usque
2785 1610 3255 1678 peregrinatuscst
3292 1622 3305 1657 ε
3339 1614 3394 1658 et

157 1717 248 1758 nos
276 1704 330 1758 in
354 1719 568 1758 omnem
604 1703 927 1760 saeculorum
962 1701 1342 1762 aeternitatem,
1377 1698 1511 1751 nihil
1539 1696 1717 1751 simile
1754 1711 1913 1765 posse
1971 1712 2383 1768 c0gnosccmus.
2429 1699 2733 1755 Vehemens
2790 1709 2874 1756 est
2916 1716 3043 1769 erga
3090 1713 3389 1767 quemcun-

154 1809 274 1861 que,
300 1810 399 1849 seu
454 1795 912 1867 propinquorum,
962 1806 1058 1847 seu
1106 1791 1337 1845 aliorum
1381 1789 1627 1853 affectus,
1666 1787 1759 1856 qui
1818 1800 1918 1842 nos
1959 1789 2157 1843 sensim
2196 1790 2261 1843 ad
2302 1792 2564 1845 mundum
2602 1802 2781 1861 potest
2842 1794 3137 1855 retrahere,
3168 1800 3222 1844 et
3251 1790 3392 1844 salu-

156 1886 282 1940 taris
331 1886 505 1957 ignem
541 1888 724 1941 luctus
756 1885 971 1955 penitus
1027 1882 1389 1950 exstinguere.
1440 1878 1907 1945 Quemadmodum
1972 1879 2086 1933 fieri
2150 1896 2257 1932 noti
2322 1891 2518 1949 potest,
2552 1893 2609 1935 ut
2636 1885 2804 1935 altero
2827 1885 3103 1936 oculorum
3159 1882 3385 1935 emittm.

158 1974 326 2029 altero
372 1984 566 2029 terram
621 1975 1012 2043 respiciamus;
1055 1972 1125 2025 ita
1167 1972 1311 2023 nulla
1356 1970 1566 2022 ratione
1601 1968 1719 2021 fieri
1754 1976 1951 2036 potest,
1987 1978 2046 2021 ut
2107 1970 2151 2023 is
2184 1972 2273 2037 qui
2314 1988 2418 2023 non
2474 1972 2709 2040 perfecte
2775 1974 3097 2041 penitusque
3135 1974 3388 2026 omnibus

154 2066 351 2130 charis,
386 2065 829 2128 seudotuesticis,
851 2078 945 2119 seu
1008 2063 1420 2131 quibuscunquc
1480 2061 1623 2121 aliis,
1689 2058 1916 2125 corpore
1960 2068 2013 2112 et
2069 2062 2253 2114 animo
2298 2065 2593 2126 renuntiat,
2674 2079 2778 2115 non
2818 2066 3059 2116 ultimum
3107 2064 3298 2116 salutis
3334 2076 3388 2118 et

153 2158 343 2211 anima:
399 2154 690 2212 discrimen
736 2155 912 2209 adeat.
952 2153 1066 2207 Non
1130 2153 1233 2205 nisi
1274 2154 1444 2205 multo
1470 2162 1523 2205 et
1554 2150 1701 2220 gravi
1744 2150 1925 2204 labore
1984 2161 2037 2205 et
2103 2154 2301 2207 sudore
2336 2170 2512 2209 mores
2545 2156 2713 2208 nostri
2746 2158 3119 2209 emendantur.
3150 2156 3213 2208 Et
3274 2154 3390 2209 tit-ri

154 2258 345 2317 potest,
382 2257 439 2303 ut
475 2247 623 2319 quod
675 2247 847 2302 multo
881 2246 1062 2300 labore
1100 2246 1443 2301 emendatum
1472 2255 1575 2307 est,
1642 2258 1751 2297 uno
1792 2246 2052 2311 temporis
2118 2256 2319 2315 puncto
2381 2249 2622 2301 funditus
2682 2260 3036 2316 pervertatur.
3075 2268 3093 2300 ι
3128 2250 3388 2304 Corrum-

152 2348 281 2410 ρυιιι
317 2340 461 2392 enim
526 2338 700 2393 bonos
733 2353 910 2392 mores
947 2337 1213 2405 colloquia
1261 2352 1423 2405 prava
1461 2336 1525 2400 ",
1559 2353 1576 2385 ι
1613 2348 1749 2386 vana
1788 2342 1841 2386 et
1880 2336 2125 2402 profana.
2150 2337 2469 2404 Quicunque
2502 2349 2686 2405 postea
2715 2356 2875 2407 quam
2914 2342 3073 2394 rebus
3136 2338 3389 2391 omnibus

152 2430 425 2495 valedixit,
458 2429 525 2483 ad
553 2446 710 2486 usum
742 2438 797 2483 et.
825 2428 1243 2483 familiaritatem
1298 2426 1509 2496 profani
1545 2426 1691 2495 vulgi
1731 2434 1782 2479 et
1823 2427 2010 2480 tnumli
2077 2429 2385 2490 revertitur,
2428 2430 2475 2483 is
2536 2440 2626 2483 aut
2660 2433 2881 2483 omnino
2930 2432 3133 2485 eisdem
3165 2449 3287 2485 cum
3328 2434 3392 2485 il-

154 2525 214 2576 lis
251 2520 459 2599 laqueis
504 2521 774 2585 irretitur;
829 2529 922 2574 aut
970 2520 1209 2572 animmn
1242 2535 1419 2572 rerum
1486 2517 1829 2586 profanarum
1897 2519 2313 2585 cogitationibus
2374 2520 2664 2588 inquinat;
2716 2532 2807 2576 aut
2831 2523 2877 2576 si
2922 2524 3035 2592 ipse
3072 2537 3178 2575 non
3209 2523 3388 2591 inqui-

153 2621 327 2675 natur,
361 2611 676 2681 inquinatos
705 2617 907 2663 temere
948 2609 1190 2673 damnat,
1221 2609 1464 2677 adeoque
1492 2622 1704 2676 semper
1746 2608 1860 2675 ipse
1893 2623 2017 2662 eum
2054 2609 2187 2678 ipsis
2222 2610 2615 2679 inquinahitur.

153 2720 288 2790 Περὶ
360 2720 663 2775 ἐνυπνίων
717 2720 1204 2777 ἀκολουθούντων
1268 2719 1702 2790 εὶσαγωγικοῑς.

1815 2717 1920 2789 35
1954 2719 2029 2773 De
2059 2720 2501 2793 insomniisque:
2551 2723 2961 2793 fugamrsa'culi
3007 2725 3153 2793 sequi
3195 2726 3384 2779 solent.

219 2900 341 2954 Ὀτι
384 2900 484 2969 μὲν
524 2900 625 2969 τῆς
669 2902 943 2972 ἡμετέρας
994 2902 1247 2971 γνώσεως
1291 2904 1319 2955 ὁ
1349 2901 1474 2964 νοῦς
1504 2901 1707 2969 ἀτελὴς

86 3020 91 3027 -
162 2991 298 3055 ὅλος,
348 2990 445 3043 καὶ
493 2991 677 3060 πάσης
708 2992 933 3059 ἀγνοίας
965 2992 1283 3054 ἁνάπλεως,“
1317 2994 1412 3044 καὶ
1445 2990 1711 3061 κρύπτειν

153 3079 427 3133 ἀδύνατον.
484 3079 706 3150 Λάρυγξ
761 3081 861 3151 μὲν
908 3083 1017 3153 γὰρ
1076 3082 1341 3153 βρώματα
1408 3084 1706 3152 διακρίνξν

155 3169 287 3237 ἀκοὴ
321 3168 379 3221 δὲ
412 3171 659 3239 νοήματα
714 3170 1096 3239 διαγινώσκει·
1140 3171 1422 3225 ἀσθένειαν
1469 3172 1567 3241 μὲν
1603 3171 1711 3241 γὰρ

154 3260 409 3329 (μμάτων
438 3259 709 3330 ἐδήλωσεν
750 3262 933 3331 ἡλιοςο
976 3262 1251 3330 ἀγνωσίαν
1282 3263 1337 3315 δὲ
1384 3262 1562 3331 ψυχῆς
1598 3263 1715 3332 ἐδή-

157 3350 289 3403 λωσε
340 3351 581 3421 ῥήματα.
634 3352 829 3422 Πλὴνό
868 3353 967 3423 τῆς
1008 3354 1227 3422 ἀγάπης
1265 3354 1428 3424 νόμος
1451 3354 1544 3406 καί
1574 3346 1709 3421 πρὸς

158 3441 224 3494 τὰ
249 3442 390 3513 ὑπὲρ
442 3442 671 3512 δύναμιν
716 3444 1030 3514 ἐκσιαστής.
1080 3445 1192 3496 Οὐκ
1234 3439 1325 3497 οὖν
1377 3440 1529 3514 οἶμαι
1559 3445 1712 3497 ὀὐδὲ

155 3533 259 3604 γάρ
295 3531 546 3603 ὁρίζομαι
572 3548 585 3561 ⁸
626 3532 917 3586 ἀκόλουθον
953 3534 1091 3603 μετὰ
1131 3536 1255 3596 τοὺς
1296 3534 1394 3603 τῆς
1450 3535 1710 3600 ξενιτείας

156 3623 373 3691 λάγουςο
409 3623 608 3693 μᾶλλον
630 3625 688 3677 δὲ
719 3625 778 3677 ιν
801 3623 1004 3701 αὐτοῖς,
1047 3625 1216 3695 μικρά
1240 3624 1367 3693 περὶ
1417 3625 1525 3676 τῶν
1567 3625 1708 3677 ὀνεί-

160 3725 263 3776 ρων
317 3708 554 3773 ὲντάξαι,
610 3710 737 3762 ὅσον
788 3709 924 3780 μηδὲ
968 3711 1159 3763 τούτου
1193 3711 1285 3763 τοῦ
1311 3712 1459 3764 δόλου
1494 3712 1599 3765 τῶν
1622 3713 1701 3766 δοο

159 3794 279 3847 λίων
305 3795 587 3864 ἀμυήτους
626 3798 889 3868 ὑπάρχειν
931 3800 1096 3869 ἡμᾶς.
1141 3798 1249 3867 (20)
1292 3798 1566 3853 Ἐνύπνιόν
1597 3803 1711 3853 ἐστι

161 3884 272 3946 νοὸς
322 3884 537 3953 κίνησις
582 3886 641 3938 ὲν
683 3886 795 3956 (21)
842 3888 1100 3957 ἀκινησίᾳ
1149 3887 1712 3973 σώματος.Φαντασία

161 3972 297 4024 ἐστὶν
327 3972 510 4036 ἀπάτη
551 3972 845 4043 ὀφθαλμῶν
886 3975 944 4026 ἐν
971 3976 1287 4044 κοιμωμένῃ
1308 3976 1513 4046 διανοίᾳ
1530 3994 1548 4013 ο
1574 3972 1710 4045 φαν-

160 4060 310 4113 τασία
331 4060 479 4111 ἐστὶν
501 4059 755 4124 ἔκστασις
776 4061 893 4124 νοὸς
911 4060 1264 4130 ἐγρηγορότας
1282 4062 1529 4131 σώματος
1545 4083 1559 4095 ⁸
1578 4083 1709 4133 φαν-

165 4149 318 4202 τασία
357 4150 504 4202 ἐστὶν
533 4151 905 4213 ἀνυπόστατος
929 4150 1006 4215 (a)
1036 4148 1257 4218 θεωρία.
1298 4150 1357 4202 ’11
1386 4153 1530 4204 αίτία
1557 4153 1622 4206 δι’
1644 4156 1709 4224 ἢν

164 4240 295 4309 μετὰ
344 4228 446 4309 τὴν
487 4239 867 4311 προλαϐοῦσαν
894 4239 1047 4305 τάξιν
1084 4240 1213 4309 περὶ
1252 4240 1478 4312 ὀνείρων
1533 4243 1709 4310 λέγειν

161 4330 551 4401 ἐβουλήθημεν,
620 4330 925 4401 πρόδηλος⁹
970 4332 1099 4386 ὅταν
1152 4333 1573 4402 καταλείψαντες
1621 4336 1710 4389 διὰ

160 4421 244 4473 τὸν
265 4422 465 4490 Κύριον
514 4420 640 4482 τοὺς
684 4421 891 4474 ἑαυτῶν
916 4424 1115 4488 οίκους,
1158 4427 1249 4479 καὶ
1285 4425 1534 4489 οἰκείους,
1572 4424 1708 4489 ξενι-

160 4512 271 4583 τείᾳ
297 4513 388 4567 διὰ
412 4513 631 4582 ἀγάπην
651 4512 786 4565 Θεοῦ
813 4514 1039 4578 ἑαυτοὺς
1069 4516 1426 4587 πωλήσωμεν,
1451 4518 1571 4570 τότε
1606 4520 1711 4570 λοι-

163 4603 255 4657 πον
284 4608 333 4657 ot
364 4605 617 4675 δαίμονες
655 4603 722 4657 δι’
755 4603 1018 4659 ἐνυπνίων
1048 4606 1295 4676 Θορυσεῖν
1329 4609 1734 4679 δοκιμάσουσιν,

161 4692 315 4760 illi“:
342 4694 468 4757 τοὺς
506 4694 739 4757 οἰκείους
772 4692 982 4746 ἑαυτῶν
1022 4694 1153 4762 ἡμῖν
1197 4696 1638 4761 ὑποδεικνύντες·
1675 4699 1708 4767 ἢ

164 4783 540 4854 κοπτομένους,
572 4785 606 4854 ἢ
646 4783 994 4854 Θνήσκοντας,
1039 4784 1072 4853 ἢ
1113 4784 1251 4853 ὑπὲρ
1297 4787 1453 4855 ἡμῶν
1483 4804 1710 4859 κατεχο-

167 4867 373 4934 μένους,
411 4870 505 4923 καὶ
538 4870 871 4940 σινομένους.
911 4869 970 4922 '0
991 4869 1164 4922 τοίνυν
1186 4871 1412 4941 ὀνείροις
1440 4877 1709 4930 πιστεύων

160 4956 334 5024 ὅμοιός
364 4960 480 5011 ἑστι
518 4959 601 5030 τῷ
630 4960 730 5029 τὴν
752 4960 910 5015 σκιάν
951 4958 1141 5012 ἑαυτοῦ
1173 4962 1582 5031 κατατρέχοντι,
1610 4970 1705 5019 καὶ

162 5047 358 5117 ταύτην
399 5048 651 5119 κατέχειν
690 5049 1051 5120 δοκιμάζοντι.
1104 5048 1362 5118 Δαίμονες
1405 5054 1708 5120 κενοδοξίας

166 5137 276 5190 καθ’
303 5138 507 5203 ὕπνους
542 5140 841 5212 προφῆται,
889 5141 957 5196 τά
1005 5142 1265 5211 μέλλοντα
1291 5140 1367 5202 ὡς
1390 5144 1693 5217 πανοῦργοι

164 5228 598 5297 modium,
623 5231 719 5284 καὶ
744 5231 914 5286 ταῦτα
938 5233 1069 5301 ἡμῖν
1089 5231 1668 5304 προευαγγελιζόμινοι
1688 5253 1703 5268 ’

2336 2790 2463 2860 (Sub
2483 2797 2599 2843 eod.
2614 2790 2843 2861 gradu.)

1883 2902 2066 2956 Aciem
2103 2906 2299 2957 mentis
2339 2914 2538 2957 nostra:
2570 2905 2727 2972 plane
2759 2903 3059 2958 hebetatam
3100 2921 3239 2969 esse,
3288 2924 3384 2961 eo-

1813 2990 2111 3083 gnitionem
2165 2991 2532 3061 imperfectam
2566 3003 2620 3046 et
2655 2993 2975 3062 ignorantia:
3008 2995 3243 3065 plenam,
3266 2998 3383 3051 dis-

1813 3078 2058 3134 Simulari
2093 3080 2242 3135 nullo
2276 3082 2437 3135 modo
2496 3091 2691 3151 potest.
2734 3083 2975 3149 Palatus,
3019 3101 3113 3139 seu
3158 3087 3280 3155 gula
3321 3089 3386 3141 de

1813 3170 2060 3227 ciborum
2116 3185 2311 3241 genere
2370 3172 2608 3239 judicat;
2656 3188 2815 3227 aures
2861 3175 2925 3228 de
2967 3178 3384 3247 cogitationibus

1812 3258 2111 3313 decernunt
2147 3279 2161 3314 :
2190 3260 2469 3315 oculormn
2526 3261 2904 3316 hebetudinem
2940 3266 3021 3318 sol
3078 3268 3377 3332 deprehen-

1812 3348 1931 3403 dit:
1964 3349 2133 3403 animi
2178 3350 2501 3419 imperitiam
2566 3352 2728 3404 verba
2778 3342 3033 3420 produnt.
3092 3354 3382 3410 Enimvero

1813 3441 1898 3496 lex
1930 3441 2211 3495 charitatis
2245 3457 2345 3495 nos
2389 3442 2549 3493 etiam
2604 3443 2669 3494 ad
2720 3457 2805 3506 ea,
2854 3460 2975 3512 qua:
3009 3445 3150 3499 vires
3180 3448 3378 3517 ingenii

1814 3532 1983 3584 nostri
2021 3530 2308 3594 excedunt,
2358 3530 2625 3584 tentanda
2658 3542 2830 3601 urget.
2871 3533 3102 3589 Proinde
3151 3552 3373 3602 censeo,

1813 3617 1911 3670 etsi
1952 3631 2060 3670 non
2105 3618 2395 3685 pronuntio
2418 3658 2433 3681 ,
2485 3627 2605 3685 post
2642 3630 2805 3687 caput
2827 3621 2893 3675 de
2920 3623 3043 3691 fuga
3076 3625 3258 3679 sarculi
3290 3643 3379 3680 ex-

1812 3700 2093 3771 plicatum,
2141 3717 2483 3769 consequens
2536 3719 2677 3769 esse,
2712 3707 2793 3759 vel
2817 3710 2994 3775 potius
3029 3698 3380 3779 conjunctum

1814 3780 1938 3844 cum
1964 3791 2078 3853 illo,
2103 3790 2181 3859 uti
2224 3804 2393 3859 pauca
2429 3792 2495 3845 de
2522 3793 2808 3849 insomniis
2836 3799 3135 3861 tradantur,
3177 3817 3243 3855 ne
3279 3804 3374 3855 bu-

1807 3870 1898 3951 jus
1932 3896 2147 3950 quoque
2171 3881 2280 3934 doli
2305 3882 2519 3935 illorum
2552 3892 2912 3938 veteratorutn
2966 3887 3139 3955 ignari
3172 3891 3369 3945 simus.

1813 3972 2144 4025 lnsomnium
2183 3983 2267 4025 cst
2295 3972 2516 4036 agitatio
2543 3972 2737 4026 mentis
2777 3973 3089 4041 quiescente
3122 3993 3374 4047 corpore.

1814 4023 1831 4025 -
2134 4023 2141 4024 κ
2329 4023 2358 4036 ,,
2784 4023 3087 4041 ,πηνα
3126 4023 3374 4047 "TV.-.

1734 4023 1779 4083 ο
1810 4059 2099 4114 Phantasia
2155 4076 2248 4113 seu
2290 4062 2465 4115 visum
2523 4073 2606 4117 est
2644 4063 2939 4118 ludibrium
2989 4069 3274 4123 oculorum
3323 4072 3376 4127 in

1809 4148 1982 4215 sonita
2014 4159 2211 4204 mente.
2240 4150 2527 4206 Phantasia
2560 4168 2652 4207 seu
2690 4154 2825 4208 visio
2855 4166 2937 4211 est
2998 4162 3244 4213 avocatio
3268 4165 3377 4215 ani-

1811 4238 1882 4289 mi
1917 4238 1985 4291 ab
2009 4253 2236 4307 corpore
2265 4240 2535 4309 vigilante.
2567 4242 2855 4297 Phantasia
2884 4256 2964 4299 cst
3001 4263 3167 4301 vacua
3195 4266 3378 4306 rermn

1814 4326 1970 4379 visio.
2007 4326 2168 4381 Ratio
2194 4344 2300 4396 qua
2340 4330 2404 4383 ad
2437 4331 2725 4386 dicendum
2756 4334 2821 4387 de
2857 4339 3106 4400 somniis,
3145 4353 3266 4407 post
3293 4344 3373 4395 iti-

1810 4422 2049 4473 stitutam
2093 4437 2271 4475 rerum
2315 4426 2714 4479 tractandarutn
2768 4429 2960 4482 seriem
2986 4472 3000 4493 ,
3043 4432 3243 4485 inducti
3286 4452 3377 4487 su-

1812 4529 1951 4575 mus,
2014 4515 2067 4566 in
2119 4526 2364 4583 promptu
2430 4527 2532 4571 cst.
2595 4518 2726 4573 Nam
2762 4537 2883 4574 cum
2934 4533 3056 4591 post
3104 4524 3375 4579 desertam

1809 4605 2010 4657 Christi
2051 4622 2215 4659 causa
2247 4608 2467 4662 domum
2494 4620 2548 4664 et
2577 4612 2922 4677 domesticos,
2965 4632 3064 4669 nos
3099 4598 3247 4683 ipsos
3280 4634 3376 4683 per

1809 4694 1988 4765 fugam
2011 4698 2221 4765 patrne,
2274 4715 2456 4752 rerum
2513 4702 2811 4755 etelcstium
2844 4704 3022 4757 studio
3075 4706 3369 4777 vendideri-

1810 4801 1955 4849 mus,
2000 4795 2116 4839 tum
2143 4802 2239 4854 per
2288 4789 2563 4843 insomnia
2591 4806 2691 4845 nos
2722 4791 3129 4849 cacodaamones
3153 4806 3369 4863 pertur—

1809 4877 1938 4930 bare
1964 4886 2233 4930 conantur
2256 4894 2269 4929 :
2291 4878 2420 4931 dum
2463 4880 2625 4936 nobis
2656 4881 3077 4965 domesticorum
3107 4886 3371 4959 imagines

1808 4972 2215 5034 repraesentant,
2238 4976 2295 5021 et
2322 4968 2404 5023 vel
2423 4968 2781 5028 lamentantes
2802 4974 3077 5041 exhibent,
3096 4979 3175 5032 vel
3203 4982 3370 5035 mori-

1808 5056 2070 5110 turientes
2092 5073 2107 5123 ;
2126 5057 2209 5112 vel
2227 5066 2412 5114 nostra
2434 5076 2598 5118 causa
2624 5064 2879 5131 afﬂictos,
2897 5069 2981 5123 vel
3012 5070 3371 5127 incommodis
3446 5124 3447 5127 η

1808 5154 2072 5201 mactatos
2093 5146 2384 5217 obiectant.
2445 5153 2547 5218 Qui
2589 5156 2874 5212 insomniis
2939 5168 2997 5215 ut
3038 5162 3199 5216 rebus
3230 5165 3369 5216 veris

1807 5236 2042 5303 ducitur,
2070 5240 2289 5308 perinde
2318 5243 2447 5300 facit
2479 5257 2639 5317 atque
2674 5250 2722 5305 is
2760 5252 2852 5319 qui
2875 5255 3215 5322 persequitur
3248 5270 3367 5305 uni-

163 5312 259 5414 ﬂint
612 5318 1053 5391 πεπληρωμένων
1093 5321 1250 5389 ἡμεῖς
1282 5320 1691 5399 ἐθαμϐήθημεν,

1807 5330 1949 5383 bram
1963 5329 2072 5400 36
2082 5348 2256 5399 suam,
2282 5340 2634 5411 eamdemque
2646 5353 2871 5397 conatur
2890 5345 3362 5414 eumprebcmlere.

164 5400 247 5455 ιιι
266 5402 347 5466 ὣς
386 5406 615 5478 πλησίον
652 5407 747 5462 τοῦ
778 5410 1180 5480 προγνωστικοῦ
1203 5410 1689 5497 λοιπὺνηὺπάρχον-

223 5575 427 5632 "Gen.
463 5595 564 5647 ιιι,
600 5584 652 5637 1.
727 5585 772 5618 ³⁸
829 5588 956 5660 Sap.
998 5606 1059 5658 ιι,
1098 5590 1210 5657 6;Ι
1246 5590 1371 5645 Cor.
1401 5606 1489 5658 xv,
1521 5592 1605 5648 55.

223 5718 292 5791 (ιι)
315 5717 474 5776 Nulla
500 5737 563 5778 re
598 5725 859 5795 subjecta,
890 5731 1004 5789 sine

1799 5422 2077 5481 Damones
2116 5426 2295 5486 fumos
2330 5449 2479 5489 vana:
2520 5436 2709 5518 gloria:
2735 5439 3068 5493 venditantes
3106 5452 3199 5506 per
3217 5452 3364 5495 sume
