4048 6338
173 452 281 513 δ’ἱ3

1161 422 1172 433 ’
1204 443 1431 503 SCALA
1460 444 1839 505 PAltADlSl.
1874 469 1942 483 —
1964 443 2268 505 GRADUS
2290 442 2402 501 III-

3315 446 3422 509 674

180 563 294 617 θῶν
333 557 761 629 συμπαρόντων;
800 557 861 609 οὐ
902 554 1065 627 πολλή
1105 556 1139 624 ἡ
1177 554 1275 625 τῆς
1310 554 1568 618 ξενιτείας
1612 555 1754 624 ὠφέ-

1860 556 2040 611 staiim
2075 568 2197 609 cum
2244 552 2353 607 Deo
2384 551 2821 630 inseparabiliter
2853 551 3222 623 conjungitur.
3264 553 3419 620 Quod

180 654 323 705 λεια.

823 830 869 881 Σ
871 827 1082 896 χόλιον
1107 825 1156 878 δ’
1164 841 1178 855 ⁸

265 920 436 975 ’ἰδίων
468 919 578 973 τῶν
607 919 929 989 θελημάτων
959 918 1112 987 φησὶ,
1149 917 1242 970 καὶ
1271 916 1381 969 τῶν
1405 914 1545 969 κατὰ
1577 916 1755 987 σάρκα

176 1012 571 1083 διαφερόντων,
601 1010 896 1080 ἀλλοτρίων
924 1010 980 1064 δὲ
1009 1009 1188 1073 ἐκτὸς,
1235 1009 1403 1079 ἤγουν
1432 1002 1753 1078 χρημάτων,

180 1102 281 1156 καὶ
306 1101 630 1173 κτημάτων,
662 1100 753 1169 ἀφ’
779 1094 856 1153 ὧν
893 1117 974 1162 τις
1001 1098 1400 1169 ἁλλοτριωθείς,
1430 1097 1524 1150 καὶ
1547 1097 1755 1166 φυγὼν,

180 1194 410 1262 εὔλογον
438 1194 531 1246 καὶ
554 1192 946 1264 λελογισμένην
969 1191 1069 1262 τὴν
1095 1190 1229 1262 πρὸς
1252 1188 1530 1260 σωτηρίαν
1554 1190 1754 1261 φέρου-

139 1340 147 1345 ,
183 1301 284 1338 σαν
314 1285 436 1339 ὁδὸν
457 1283 650 1338 ὁδεύει.

774 1454 1033 1523 216.1000-
1080 1469 1115 1507 ε
1135 1495 1149 1509 .

264 1544 396 1599 Ἐὰν
426 1544 563 1617 πρὸς
586 1544 766 1614 ὀλίγον
786 1545 892 1599 τῶν
923 1544 1112 1599 παθῶν
1136 1545 1233 1609 τὰς
1261 1544 1442 1609 αἰτίας
1490 1545 1757 1615 ἐκκόψαν-

180 1654 319 1711 τες,
351 1638 468 1701 τοῖς
508 1638 906 1707 πνευματικοῖς
932 1635 1378 1708 ὲνασχοληθῶμεν
1417 1636 1753 1707 θεωρήμασι,

180 1730 243 1782 ὲν
291 1728 482 1793 αὐτοῖς
519 1728 577 1781 δὲ
613 1730 703 1783 ἀεὶ
734 1727 1123 1800 διατρίψωμεν,
1169 1727 1300 1781 αὐτὸ
1340 1727 1501 1781 τοῦτο
1538 1728 1752 1798 ἔχοντες

179 1818 369 1890 ιργον,
394 1820 657 1891 εὐχείρως
680 1819 844 1873 πάλιν
869 1821 962 1872 ἐπὶ
985 1818 1054 1872 τὰ
1085 1822 1185 1890 τῆς
1216 1819 1417 1891 σαρκὸς
1456 1819 1603 1889 πάθη
1629 1837 1756 1889 τρε-

180 1910 420 1982 πόμεθα,
462 1910 631 1982 μηδὲν
673 1910 803 1965 ἄλλο
861 1910 1067 1965 ἐκεῖθεν
1110 1912 1557 1983 καρπωσάμενοι,
1602 1892 1829 1981 ἧφι-Β

179 2003 280 2076 λῂν
324 2005 527 2073 γνῶσιν
573 2004 714 2075 μετὰ
750 2004 1001 2076 οἰήσεως,
1038 1998 1105 2075 ἦς
1147 2003 1209 2058 τὸ
1252 2002 1405 2067 τέλος
1437 2002 1555 2075 ᾗτε
1586 2004 1755 2072 αὐτῆς

179 2098 329 2152 κατὰ
366 2098 560 2169 μικρὸν
589 2100 691 2169 τῆς
716 2097 970 2168 γνώσεως
992 2099 1190 2169 οἴησις,
1228 2098 1323 2151 καὶ
1358 2097 1639 2164 σκότωσις,
1659 2099 1758 2153 καὶ

178 2191 216 2260 ἡ
250 2190 525 2261 παντελὴς
545 2190 639 2243 τοῦ
669 2189 760 2245 νοῦ
792 2189 885 2244 ἐπὶ
912 2189 984 2243 τὰ
1010 2190 1173 2244 ύλικὰ
1212 2190 1476 2261 ἐκτροπή.

801 2450 1059 2520 Σχόλιον
1082 2454 1156 2514 ς’.

191 2520 203 2532 ’
264 2538 346 2593 Τδ
368 2537 588 2593 Δοῑεσθαι
614 2534 778 2603 εἶναι,
802 2537 864 2591 τὸ
900 2536 1113 2610 ἀληθῶς
1142 2532 1278 2592 εἶναι
1304 2539 1403 2594 ούκ
1424 2540 1508 2611 ἑᾷ.
1550 2540 1616 2596 Ἦ
1642 2558 1746 2611 μα·

176 2629 412 2699 ταύτης
443 2623 537 2683 οὖν
574 2628 882 2700 ἀνυπαρξία
939 2629 1032 2681 καὶ
1063 2628 1198 2693 ἐστι,
1232 2630 1326 2683 καὶ
1367 2630 1603 2698 λέγεται.
1638 2634 1756 2687 Μα-

177 2721 469 2792 ταιὸτητος
498 2721 557 2774 δὲ
597 2720 869 2791 λογισμοὶ,
904 2721 960 2772 αἰ
1008 2720 1107 2791 τῆς
1149 2720 1377 2791 οἰήσεὼς
1427 2723 1533 2775 εἰσι
1573 2723 1756 2793 φιλεν-

178 2812 433 2876 διίκτους
468 2811 564 2867 καὶ
600 2810 904 2881 φιλοδόξους
939 2811 1388 2879 ἰγκαθιστῶντες.

805 2992 851 3045 Σ
853 2989 1061 3059 χόλων
1095 2988 1161 3051 ζ’.

254 3082 482 3154 Σχέσεις
539 3081 683 3138 ἰδίων
718 3083 819 3155 τὴν
859 3082 952 3138 τοῦ
988 3082 1113 3139 Λὼτ
1143 3086 1377 3153 γυναῖκα
1419 3085 1753 3153 ἔστή).ωσαν.

1850 646 1948 716 qni
1984 659 2096 700 non
2134 643 2287 708 facit,
2318 657 2419 698 nec
2455 658 2484 696 a
2521 642 2668 697 vitiis
2701 641 2817 697 suis
2863 643 3133 708 avellitur,
3163 645 3418 713 exiguum

1856 753 1967 793 sna:
1994 736 2452 808 peregrinationis
2482 735 2723 790 fructum
2750 734 2915 803 capit.

2466 823 2721 880 Scholion
2751 823 2805 876 ι.

1927 916 2029 971 Per
2079 915 2351 986 propriam
2399 915 2733 970 voluntatem
2780 913 3035 984 intelligit
3081 914 3245 970 etiam
3296 915 3421 983 illa,

1855 1022 1978 1078 quae
2018 1008 2070 1061 in
2111 1008 2314 1062 mundo
2352 1021 2451 1075 pro
2497 1006 2710 1075 magnis
2752 1005 3046 1067 habeatur,
3085 1004 3178 1059 sed
3224 1006 3293 1060 ab
3334 1002 3423 1070 iis,

1856 1100 1947 1168 qui
1991 1099 2252 1152 mundum
2293 1098 2631 1166 reliquerunt
2654 1096 2836 1151 aliena
2868 1103 3014 1159 sunt,
3044 1095 3158 1149 sive
3184 1098 3427 1165 pecuniae

1856 1190 1987 1251 sint.
2018 1189 2133 1245 sive
2163 1203 2315 1258 opes,
2340 1203 2369 1241 a
2401 1186 2601 1259 quibus
2625 1188 2934 1243 abstractus
2962 1196 3016 1243 et
3044 1186 3308 1257 profugus
3330 1204 3424 1242 ve-

1857 1295 1972 1335 ram
2029 1288 2081 1334 et
2127 1280 2322 1333 rationi
2367 1280 2592 1335 omnino
2628 1287 3051 1333 consentaneam
3089 1278 3155 1332 ad
3196 1279 3425 1334 salutem

1856 1372 1998 1425 viam
2040 1370 2261 1425 insistit.

2469 1460 2725 1517 Scholion
2755 1460 2807 1517 5.

1932 1548 1991 1605 Si
2023 1549 2251 1605 sublatis
2289 1547 2357 1604 ad
2400 1547 2563 1602 breve
2606 1557 2819 1615 tempus
2863 1547 3181 1604 vitiosarum
3221 1550 3429 1619 cupidi-

1856 1649 2029 1695 tatum
2081 1640 2303 1705 causis,
2354 1638 2556 1693 divinis
2600 1639 3157 1707 oontemplationibus
3205 1656 3426 1710 operam

1856 1732 2201 1809 dederimus,
2243 1742 2296 1786 ct
2348 1731 2399 1785 in
2436 1731 2529 1787 liis
2573 1744 2787 1798 semper
2829 1732 3077 1800 occupati
3124 1730 3427 1799 fuerimus;

1859 1825 2019 1893 idque
2063 1839 2235 1878 unum
2281 1824 2547 1877 duntaxat
2588 1823 2898 1892 egerimus,
2934 1821 3081 1878 facili
3112 1825 3331 1893 negotio
3360 1825 3429 1879 ad

1856 1916 2038 1985 priora
2072 1914 2257 1969 carnis
2291 1915 2421 1968 vitia
2446 1913 2783 1979 relabemur,
2816 1928 2924 1968 non
2957 1914 3102 1968 aliud
3128 1915 3251 1969 inde
3275 1929 3428 1969 com-

1855 2009 2077 2060 modum
2106 2004 2330 2060 relaturi
2360 2018 2525 2072 quam
2554 2004 2807 2073 exiguam
2841 2020 2965 2059 cum
2996 2005 3163 2059 animi
3194 2006 3427 2075 quadam

1853 2097 2090 2153 elatione
2122 2096 2511 2165 cognitionem,
2546 2093 2705 2163 cujus
2734 2094 2856 2150 linis
2898 2095 3012 2151 haec
3055 2097 3175 2165 ipsa
3221 2098 3432 2165 exigua:

1857 2187 2100 2245 scientia:
2142 2185 2377 2257 superba
2422 2183 2629 2255 opinio,
2676 2193 2729 2240 et
2765 2187 2962 2242 mentis
3010 2187 3283 2251 confusio,
3330 2202 3427 2242 seu

1855 2288 2171 2345 excaecatio,
2198 2287 2252 2333 et
2275 2279 2491 2334 demum
2521 2289 2634 2335 tota
2648 2278 2817 2333 animi
2838 2278 2906 2333 ad
2936 2280 3211 2333 mundana”
3236 2294 3429 2335 rursus

1855 2370 2144 2426 conversio
2169 2379 2275 2425 est.

2482 2460 2729 2517 Scholion
2759 2459 2812 2515 6.

1926 2555 2039 2627 38
2064 2554 2236 2628 Negat
2279 2555 2598 2628 (Climacus)
2642 2555 2783 2610 idem
2810 2554 3019 2623 opinari
3052 2554 3253 2625 aliquid
3284 2571 3427 2619 esse.

1857 2658 1911 2705 et
1941 2664 2129 2703 verum
2162 2662 2307 2704 esse.
2334 2645 2556 2702 Vanitas
2583 2661 2713 2716 ergo
2737 2661 2910 2709 mera,
2940 2661 3039 2700 nec
3070 2654 3155 2701 est
3192 2647 3428 2716 aliquid,

1859 2756 1962 2796 nec
1981 2741 2185 2796 dicitur
2212 2740 2443 2809 aliquid.
2483 2737 2747 2793 Vanitatis
2780 2739 3160 2808 cogitationes,
3179 2748 3306 2793 sunt
3332 2754 3428 2795 co-

1858 2814 2449 2902 gitationes'elat'ionis,
2486 2845 2608 2899 quae
2637 2839 3002 2886 ostentatores
3030 2840 3083 2884 et
3114 2830 3294 2885 inanis
3315 2830 3431 2901 glo-

1856 2923 1953 2979 ria:
1980 2929 2282 2979 sectatores
2310 2929 2518 2976 creant.

2479 3007 2724 3063 Scholion
2760 3008 2810 3063 7.

1930 3101 2098 3157 Amor
2128 3115 2311 3155 rerum
2345 3100 2691 3171 propriarum
2722 3100 2842 3155 Loti
2869 3115 3093 3156 uxorem
3116 3098 3170 3155 in
3196 3111 3429 3157 statuam

179 3177 415 3250 Σχὲσεις
440 3175 736 3248 ἀλλοτρίων
778 3174 948 3231 ἸΙσαῦ
978 3177 1359 3248 πρωτοτοκίων
1393 3179 1754 3253 ἀπεστέρησε.

1860 3197 2052 3259 vertit;
2102 3192 2329 3248 allectus
2370 3208 2499 3263 erga
2531 3208 2619 3249 res
2647 3193 2853 3249 alienas
2900 3194 3037 3247 Esau
3084 3193 3209 3262 jure
3244 3194 3434 3264 primi-

180 3269 417 3341 Σχέσεις
437 3267 762 3339 θελημάτων
792 3267 860 3322 τὰ
901 3263 1053 3322 κῶλα
1078 3269 1173 3321 τοῦ
1202 3268 1332 3323 λαοῦ
1366 3272 1426 3324 ἐν
1463 3274 1528 3342 τῇ
1568 3273 1759 3344 ἐρήμῳ

180 3359 601 3431 κατέστρωσαν.
658 3359 878 3430 Σχέσεις
907 3358 1203 3429 κτημάτων
1229 3360 1327 3432 τὴν
1363 3360 1602 3433 Ἶεζαόὴλ
1626 3364 1760 3417 ἀπέ-

179 3468 394 3507 mam.
413 3451 632 3521 Σχέσεις
647 3450 943 3521 χρημάτων
967 3450 1060 3504 τὸν
1080 3450 1277 3504 Ἰούδαν
1293 3452 1556 3525 προδότην
1579 3455 1760 3525 εἰργά-

182 3560 351 3621 σατο.
392 3542 451 3596 '0
496 3542 553 3597 δὲ
586 3542 857 3614 σχολάσας
887 3542 996 3598 τῶν
1028 3542 1309 3610 τοιούτων,
1351 3536 1511 3618 εὗρεν
1545 3547 1761 3619 ἀληθῶς

179 3637 295 3709 τὴν
344 3635 442 3690 τοῦ
489 3634 890 3703 ξενιτεύσαντος
921 3635 1175 3709 Ἀϐραὰμ
1226 3637 1503 3707 φιλόξενον
1529 3640 1758 3711 σκηνὴν,

184 3733 289 3787 και
312 3731 483 3804 ζωήν.
1680 3738 1683 3739 ί

262 3892 267 3895 _
519 3846 524 3850 ·
757 3847 764 3852 -
816 3822 1063 3890 Σχόλιον
1086 3829 1160 3890 η’.

264 3908 410 3987 Ὅρα
432 3914 549 3978 πῶς
571 3914 633 3967 ού
658 3915 795 3984 πρὸς
813 3912 882 3966 τὰ
902 3913 1206 3985 πράγματα
1229 3913 1420 3983 γέγονε
1440 3914 1473 3985 ἡ
1503 3916 1754 3985 ἐπιστρο-

186 4008 292 4079 φῆς
329 4005 469 4059 ἀλλά
499 4004 637 4076 πρὸς
676 4006 803 4070 τοὺς
834 4006 1029 4076 λόγους
1066 4006 1174 4060 τῶν
1212 4004 1575 4077 πραγμάτων,
1619 4006 1654 4077 ﬁ
1685 4004 1764 4057 ἕν-

186 4114 315 4154 νοια
336 4097 717 4166 προσεπέλασε
758 4098 939 4167 μόνον.
990 4096 1081 4151 Διὸ
1113 4097 1209 4151 καὶ
1238 4094 1655 4166 κατακέκριται.
1683 4096 1759 4149 Od

187 4186 305 4256 γὰρ
359 4185 441 4248 εἰς
474 4183 768 4253 Α-ίγυπτον,
798 4184 913 4240 ἀλλ’
948 4185 1005 4239 ἐν
1052 4187 1165 4249 τοῖς
1195 4185 1323 4255 περί
1356 4182 1454 4254 τὴν
1490 4182 1763 4252 Αἰγυπτον

187 4276 383 4337 τόποις
410 4275 441 4326 ὁ
473 4272 598 4338 νοῦς
634 4272 728 4328 τοῦ
768 4272 899 4327 λαοῦ
938 4272 1333 4341 ωταόέὸηκεν.

789 4456 1047 4525 Σχόλιον
1101 4458 1171 4509 θ’.

1857 3287 2139 3357 geniorum
2162 3285 2426 3353 privavit;
2464 3285 2680 3354 propria
2704 3285 2955 3341 voluntas
2976 3284 3168 3340 amixit
3190 3286 3433 3341 membra

1858 3377 2043 3446 populi
2072 3376 2125 3429 in
2155 3376 2403 3437 deserto;
2442 3373 2607 3444 op'um
2637 3375 2940 3430 alienarum
2974 3378 3244 3447 cupiditas
3272 3377 3415 3432 Jeza.

1860 3469 2034 3523 belem
2092 3465 2397 3533 interfecit;
2448 3466 2802 3535 pecuniarum
2850 3469 3109 3538 appetitio
3159 3467 3432 3540 {avaritia}

1858 3558 2051 3617 ludam
2084 3558 2213 3615 fecit
2245 3558 2591 3629 proditorem.
2639 3556 2852 3625 Quibus
2893 3559 3040 3614 vitiis
3080 3558 3431 3615 affectionum

1860 3651 1955 3722 qui
1987 3659 2157 3716 caret,
2203 3665 2329 3706 vere
2378 3650 2677 3727 Abrahami
2726 3650 3121 3721 peregrinantis
3168 3650 3434 3722 lnoSpiIale

1862 3741 2271 3797 tabernaculum
2301 3750 2356 3794 et
2388 3741 2552 3794 vitam
2585 3740 2814 3815 invenit.
2864 3744 2869 3749 '

2474 3828 2721 3883 Scholion
2760 3830 2815 3884 8.

1930 3918 2314 3975 Animadverte
2358 3919 2632 3988 quomodo
2672 3919 2812 3973 facta
2863 3919 2935 3974 sit
2976 3920 3170 3975 reditio
3205 3938 3313 3977 non
3362 3927 3431 3979 ad

1862 4028 1950 4068 res
1983 4024 2037 4069 et
2080 4013 2317 4083 negotia,
2352 4013 2444 4067 sed
2481 4021 2690 4065 tantum
2726 4011 2872 4081 quod
2903 4011 3157 4083 cogitatio
3186 4024 3240 4070 et
3278 4033 3431 4077 mens

1861 4106 2083 4176 propius
2113 4105 2178 4159 ad
2210 4120 2296 4158 res
2324 4103 2612 4159 saeculares
2645 4102 2948 4175 [sermones
2974 4106 3039 4159 de
3066 4105 3228 4161 rebus
3256 4122 3429 4162 saecu-

1862 4190 2092 4264 laribus]
2144 4192 2463 4255 accesserit,
2528 4205 2702 4259 coque
2756 4191 3021 4259 judicium
3065 4193 3431 4250 damnationis

1861 4280 2111 4335 subierit.
2164 4279 2313 4334 Mens
2359 4279 2503 4333 enim
2538 4293 2632 4333 scu
2675 4280 2890 4333 animus
2927 4281 3129 4350 populi,
3178 4299 3281 4339 non
3314 4286 3431 4357 ipse

1864 4372 2117 4442 populus,
2157 4372 2210 4425 in
2242 4369 2415 4424 vicina
2448 4368 2665 4441 Egypti
2700 4370 2815 4424 loca
2847 4370 3148 4429 descendit.

2478 4459 2728 4516 Scholion
2766 4460 2820 4515 9.

256 4520 433 4613 :Eévoc
456 4546 617 4600 ἔστὶν
642 4520 904 4609 ἐκεῖνος-ὁ
931 4545 989 4598 ἰν
1022 4546 1133 4609 τοῖς
1171 4544 1542 4615 ὁμογλώσσοις
1584 4546 1759 4618 καθὴι-

1936 4550 2263 4620 Peregrinus
2287 4552 2376 4608 ille
2398 4562 2499 4619 est,
2524 4552 2616 4621 qui
2644 4553 2787 4608 inter
2818 4569 2931 4609 sua:
2968 4555 3166 4627 linguae
3196 4526 3428 4628 gentem,

191 4657 385 4713 μενος,
437 4638 625 4710 ὥσπερ
686 4636 919 4710 κάθηται
981 4636 1227 4707 δηλονότι
1280 4640 1309 4691 ὁ
1362 4638 1757 4706 ἀλλόγλωσσος⁹

189 4735 367 4805 ἤγουν
407 4734 437 4786 δ
463 4730 653 4803 ἄλλην,
695 4731 791 4785 καὶ
833 4730 894 4784 ού
934 4730 1037 4803 τὴν
1092 4731 1262 4803 αὐτὴν
1307 4730 1446 4801 ἔχων
1489 4730 1761 4800 γλῶσσαν,

190 4825 295 4881 καὶ
322 4820 510 4894 φωνὴν
531 4822 670 4893 μετά
698 4820 1121 4893 ἑτερογλώσσου,
1156 4822 1251 4877 καί⁸
1276 4823 1374 4892 οὐχ
1388 4822 1762 4893 δμογλώσσου.

191 4918 453 4989 Κάθηται
500 4915 559 4970 δὲ
587 4918 646 4970 ὲν
677 4917 949 4986 αἰσθήσει,
1007 4918 1145 4989 ὅπερ
1176 4918 1294 4970 ἐστὶ
1349 4915 1410 4969 τὸ
1458 4916 1535 4988 μὴ
1573 4918 1765 4972 ἑαυτὸν

192 5011 411 5082 κρίνειν
455 5009 606 5074 ἄξιον
640 5008 735 5062 τοῦ
772 5009 974 5077 λέγειν,
1010 5010 1107 5063 καὶ
1141 5006 1445 5078 συνομιλεῖν
1470 5024 1605 5064 τισι.
1655 5009 1765 5066 Καὶ

190 5099 379 5153 ταῦτα
409 5096 689 5164 Πατράσιν
716 5088 960 5165 ὑψηλοῖς.

830 5191 1089 5259 Σχόλιον
1129 5196 1161 5245 ι’

271 5283 453 5345 meo;
500 5282 616 5334 ἐστὶ
656 5281 1011 5352 κεκρυμμένη
1053 5281 1289 5344 διάθεσις
1332 5269 1768 5354 ἀπεχθανομένη,

198 5375 349 5446 πρός
378 5390 434 5426 τι
470 5373 579 5425 τῶν
633 5369 891 5442 λυπηρῶν
919 5386 934 5400 ο
967 5370 1004 5440 ἢ
1060 5371 1213 5441 μῖσός
1257 5371 1405 5423 ἐστιν
1458 5371 1491 5441 ἡ
1532 5370 1668 5442 πρὸς
1709 5372 1769 5425 τὸ

196 5467 373 5538 ἀηδὲς
400 5465 773 5536 ἀλλοτρίωσις,
813 5464 961 5536 καὶὴ
1004 5463 1111 5519 τῶν
1148 5464 1464 5519 λυπούντων
1504 5466 1773 5537 ἀποστρο-

201 5560 312 5629 φή.
357 5559 473 5611 Ἐπ’
517 5558 692 5611 οὐδενί
722 5556 853 5627 γοῦν
877 5556 1082 5612 τούτων
1119 5560 1153 5629 ἡ
1186 5557 1293 5612 τῶν
1319 5560 1533 5612 οἰκείων
1566 5559 1772 5629 γίνεται

200 5649 322 5703 τῶν
351 5646 615 5720 μωαχῶνη
677 5646 1016 5719 ἀναχώρησις

1864 4649 2119 4710 tanquam
2146 4641 2369 4709 ignarus
2391 4644 2508 4715 ejus
2531 4644 2729 4715 lingua
2749 4653 2807 4699 ut
2827 4646 3126 4718 alienigena
3150 4660 3429 4705 versatur:

1862 4733 1979 4801 sive
2008 4731 2101 4802 qui
2136 4733 2299 4786 aliam
2332 4734 2592 4805 linguam,
2635 4752 2745 4791 non
2789 4736 3035 4793 eamdem
3068 4754 3191 4795 eum
3232 4742 3432 4809 populo

1862 4825 2092 4881 diversa:
2126 4823 2325 4894 lingua:
2369 4826 2553 4881 habet.
2601 4827 2763 4883 Sedet
2800 4838 2981 4883 autem
3028 4830 3226 4884 tacitus
3276 4832 3329 4885 in
3373 4847 3435 4887 se

1864 4916 2149 4981 collectus,
2186 4918 2330 4985 quod
2371 4918 2651 4987 indignum
2690 4933 2749 4975 se
2777 4919 3010 4990 iudicet,
3054 4921 3144 4987 qui
3178 4937 3301 4975 cum
3330 4924 3433 4977 ali-

1866 5027 1975 5082 quo
2006 5010 2285 5079 loquatur,
2320 5020 2415 5066 aut
2444 5010 2769 5067 familiarius
2806 5022 2948 5083 agat,
2978 5022 3031 5067 et
3068 5012 3184 5069 haec
3218 5016 3433 5073 eximiis

1863 5101 2118 5157 Patribus
2144 5101 2280 5158 visa.

2459 5191 2708 5248 Scholion
2746 5191 2831 5253 l0.

1937 5282 2133 5339 Odium
2166 5293 2251 5339 est
2284 5285 2495 5340 occulta
2530 5284 2697 5339 animi
2728 5281 2961 5352 allectio,
2993 5297 3099 5354 qua
3127 5284 3436 5355 indignatur

1871 5378 2131 5433 adversus
2164 5376 2393 5442 aliquid,
2425 5378 2566 5445 quod
2603 5373 2891 5429 molestum
2934 5387 3014 5431 est
3043 5394 3057 5429 :
3091 5384 3213 5439 ant,
3250 5373 3433 5429 odium

1870 5480 1953 5527 est
1988 5469 2242 5523 alienatio
2284 5468 2448 5523 animi
2483 5468 2551 5521 ab
2594 5483 2660 5523 eo
2698 5468 2844 5537 quod
2884 5469 3178 5539 ingratum,
3221 5480 3313 5521 seu
3348 5466 3435 5520 in-

1872 5576 2037 5617 suave
2071 5570 2195 5615 est:
2232 5571 2345 5625 aut,
2393 5559 2577 5613 odium
2624 5569 2706 5615 est
2756 5562 2971 5618 aversio
3012 5558 3210 5613 mentis
3256 5556 3324 5611 ab
3369 5558 3437 5614 iis

1872 5669 1991 5723 qua:
2027 5654 2251 5707 molesta
2294 5661 2421 5706 sunt
2456 5651 2637 5708 nobis.
2671 5653 2753 5709 Ab
2783 5654 2931 5709 nullo
2968 5663 3096 5719 ergo
3140 5650 3333 5705 horum
3381 5653 3441 5706 ﬁt

1875 5750 2171 5799 secessusa
2192 5743 2494 5807 monachis,
2526 5744 2619 5813 qui
2653 5743 2989 5800 familiariter
3015 5756 3139 5797 cum
3168 5742 3287 5797 aliis
3315 5756 3443 5798 vero

1876 5841 2085 5891 santur.
2892 5838 2899 5843 '
