4048 6338
569 374 677 437 6'75

1161 467 1411 523 Scholion
1450 467 1537 520 II.

641 559 858 621 Amicos
882 578 1009 633 para
1033 577 1140 614 non
1163 562 1279 615 siue
1308 561 1520 613 delectu
1547 571 1761 620 omnes,
1789 553 2140 623 quantumvis

572 667 875 730 promptos,
910 653 1004 708 sed
1037 654 1128 722 qui
1167 662 1359 705 natura
1391 649 1540 715 digiti
1571 648 1702 702 sint.

1167 738 1416 793 Scholion
1457 737 1545 788 12.

651 833 986 887 Desiderium
1035 840 1120 884 est
1164 828 1343 883 fervor
1383 825 1550 881 animi
1595 839 1663 880 ex
1702 821 1884 880 dilecti
1924 821 2138 888 allecto,

577 927 723 979 velut
755 926 875 993 igne
910 928 1223 988 conceptus.

1224 1007 1225 1014 “
1266 1006 1451 1061 Aliud.

649 1104 988 1159 Desiderium
1021 1111 1104 1156 est
1142 1098 1396 1154 amicitia:
1442 1097 1835 1150 incrementum
1888 1105 2015 1148 cum
2059 1091 2136 1147 di-

578 1197 718 1251 lecto
746 1196 1046 1250 colludcns.

1066 1281 1175 1351 39
1208 1279 1456 1333 Scholion
1488 1276 1579 1331 15.
1684 1276 1688 1280 ’

657 1379 713 1430 Si
757 1375 1030 1431 saecularis
1072 1388 1150 1435 es,
1197 1372 1250 1424 in
1281 1365 1921 1424 bonorum~saecularium
1947 1372 2144 1418 tracta-

581 1472 725 1523 tione
763 1481 1018 1526 versare;
1053 1466 1095 1518 si
1126 1463 1425 1516 mouuelius
1443 1475 1522 1524 es,
1558 1461 1818 1512 virtutum
1855 1458 1907 1510 in
1931 1456 2143 1515 studiis.

579 1561 777 1627 quibus
815 1553 1376 1615 excelluntmonacbi,
1401 1562 1454 1604 te
1483 1565 1758 1619 exerceas.
1780 1549 1835 1602 Si
1861 1559 2148 1616 utramque

582 1649 744 1703 simul
805 1649 969 1700 vitam
1025 1644 1221 1698 sectari
1270 1641 1480 1711 cupias,
1531 1652 1778 1695 neutram
1810 1639 2144 1708 assequeris,

584 1751 813 1808 utraque
841 1735 1082 1792 excides.

1177 1825 1425 1881 Scholion
1476 1823 1562 1877 ιι.

651 1920 755 1986 Qui
783 1920 851 1973 ad
879 1918 1111 1972 maxima
1132 1919 1355 1986 aspirat,
1400 1915 1588 1969 viliora
1634 1912 1872 1983 negligit.

1184 2094 1433 2149 Scholion
1475 2092 1563 2147 15.

548 2212 563 2222 ι
656 2189 713 2242 Si
771 2188 966 2256 diligas
1028 2200 1148 2255 qua:
1211 2193 1444 2253 oportet,
1498 2198 1608 2237 non
1657 2181 1850 2249 diliges
1894 2194 2014 2250 quae
2046 2193 2150 2233 non

586 2287 820 2350 oportet.

1287 2365 1468 2420 Aliud.

657 2459 866 2513 Labora
904 2465 1156 2510 accurate
1197 2456 1343 2524 quod
1369 2454 1606 2518 laboras,
1646 2461 1708 2507 ut
1743 2451 2033 2508 stultorum
2069 2449 2151 2504 la-

589 2552 780 2605 borum
816 2549 1025 2602 labores
1053 2545 1301 2614 eﬂ‘ugias.

1272 2634 1453 2687 Aliud.

659 2727 918 2782 Parentes
977 2725 1149 2780 nostri
1199 2725 1495 2788 naturales,
1544 2721 1716 2776 nostri
1759 2721 1974 2790 quidem
2030 2729 2159 2776 sunt

593 2821 890 2873 secundum
950 2818 1229 2885 sanguinis
1297 2816 1794 2883 propinquitatem:
1846 2813 2018 2866 nostri
2069 2828 2158 2866 au-

595 2920 698 2962 tem
747 2923 853 2960 non
904 2917 1050 2968 sunt,
1099 2905 1317 2975 quando
1359 2920 1460 2958 nos
1490 2905 1542 2957 in
1573 2905 1663 2974 pio
1689 2912 1874 2958 nostro
1909 2902 2157 2957 instituto

596 3017 703 3054 non
738 3000 1017 3067 adjuvant.

1201 3085 1444 3139 Scholion
1481 3085 1565 3138 16.

664 3181 978 3236 Cavendum
1012 3192 1076 3230 ne
1113 3177 1338 3245 generis
1369 3176 1704 3229 nobilitatem
1739 3172 1878 3228 facta
1907 3172 2161 3242 ignobilia

598 3273 911 3328 mendaeem
976 3271 1326 3336 redarguunt.

1293 3371 1475 3426 Aliud.

673 3482 748 3542 ne
777 3486 1023 3540 innitaris
1047 3483 1256 3553 generis
1307 3481 1590 3545 nobilitati,
1621 3495 1743 3549 quae
1766 3497 1831 3536 ex
1855 3496 2020 3536 carne
2049 3492 2153 3537 est.

599 3579 846 3637 Carnalis
896 3577 1035 3630 enim
1077 3591 1175 3627 non
1206 3575 1428 3643 percipit
1458 3591 1517 3627 ea
1555 3591 1672 3642 qua;
1706 3575 1925 3642 3pm,“
1957 3576 2026 3627 ll.

1202 3685 1445 3741 Scholion
1487 3687 1570 3738 i7.

672 3797 898 3865 Quando
943 3798 1097 3851 audis
1127 3814 1155 3850 a
1191 3797 1417 3850 Domino
1452 3799 1556 3852 dici
1592 3814 1605 3850 :
1633 3799 1735 3860 Qui
1764 3814 1863 3851 non
1896 3800 2165 3851 renuntiat

1820 359 1879 416 ς.
1918 357 2236 418 JOANNIS
2271 358 2572 418 CLIMACI

3694 344 3813 405 676

2822 461 3076 527 Σχιῗλιον
3119 456 3209 508 m'.

2309 553 2500 616 Φίλους
2545 552 2656 604 κτῶ
2705 552 2779 621 μὴ
2811 553 3012 610 πάντας
3062 548 3183 608 τοὺς
3243 542 3619 615 βουλομένους,
3662 540 3812 594 ἀλλὰ

2240 643 2365 704 τοὺς
2386 642 2484 710 τῆς
2512 641 2723 710 φύσεως
2747 640 2927 703 ἀξίους
2961 639 3137 699 ὄντας.

2768 748 2771 750 ·
2829 731 3083 796 Σχόλιον
3113 727 3213 790 ιβ’.

2311 823 2479 886 Πόθος
2513 822 2632 876 ἐστὶ
2669 822 2818 884 ζέσις
2849 819 3146 884 ἐνδιάθετος
3189 815 3279 870 διὰ
3310 814 3482 885 πυρὸς
3506 811 3813 884 ἐπιθυμίας

2240 913 2338 966 τοῦ
2376 914 2723 983 φιλουμένου.

2925 1003 3132 1056 Ἄλλο.

2314 1095 2482 1158 Πόθος
2531 1096 2648 1149 ἐστὶ
2686 1093 2867 1164 φιλίας
2916 1092 3209 1154 ὲπέκτασις
3246 1089 3325 1160 τῷ
3369 1087 3629 1160 ἐρωμένῳ
3670 1103 3814 1141 συν-

2243 1183 2528 1250 διάξουσα.

2806 1274 3084 1346 γΣχόλιον
3125 1272 3217 1343 ιγ’.

2297 1366 2416 1424 ,Ἂν
2443 1361 2495 1420 εἳ
2532 1367 2818 1436 κωμικὸς,
2867 1367 2923 1417 ὲν
2971 1367 3036 1434 τῇ
3093 1364 3333 1433 διαγωγῇ
3382 1361 3489 1416 τῶν
3522 1361 3816 1432 κοσμικῶν

2244 1456 2464 1523 ἀγαθῶν
2495 1458 2854 1527 ἀναστρέφου.
2884 1457 2943 1509 Εἰ
2968 1456 3023 1508 δὲ
3043 1455 3268 1525 μοναχὸς
3284 1449 3352 1519 εἴ,
3377 1455 3435 1506 ὲν
3460 1455 3571 1514 τοῖς
3597 1454 3815 1522 ἔργοις,

2245 1549 2304 1599 ὲν
2336 1543 2416 1609 οἷς
2449 1549 2826 1617 ἀριστεύουσιν
2859 1548 2907 1600 οἱ
2944 1545 3162 1616 μοναχοὶ
3191 1544 3484 1613 διάτριψον.
3531 1543 3589 1593 Ei
3622 1542 3819 1610 μέντοι

2247 1639 2304 1689 ὲν
2355 1638 2559 1706 ἑτέροις
2611 1635 2932 1707 [ἑκατέροις]
2971 1635 3147 1706 βούλει
3199 1632 3648 1704 ἀναστραφῆναι,
3697 1629 3819 1682 ἀπὸ

2246 1726 2354 1778 τῶν
2384 1725 2475 1787 δύο
2511 1729 2694 1778 πεσεῖν
2737 1727 2964 1795 μέλλεις.

2843 1819 2886 1868 Σ
2889 1817 3097 1884 χόλων
3126 1814 3194 1867 ιδ’

2331 1907 2389 1958 '0
2419 1907 2485 1960 τὰ
2525 1909 2758 1977 μέγιστα
2783 1907 2950 1962 θέλων
2979 1907 3078 1959 οὐκ
3107 1905 3471 1975 ένασχολεῖται
3508 1907 3622 1969 τοῖς
3657 1905 3822 1958 εὐτε-

2252 1995 2549 2067 λεστέροις.
3641 2006 3650 2013 ‘

2846 2087 3101 2154 Σχόλιον
3132 2092 3216 2140 ιε’.

2325 2178 2496 2232 eum
2517 2178 2550 2233 ἃ.
2573 2178 2671 2244 δεῖ,
2711 2178 2773 2230 ού
2811 2178 3057 2246 φιλήσεις
3078 2175 3115 2229 ἂ
3151 2176 3227 2246 μὴ
3260 2175 3360 2230 δεῖ.

2918 2357 3126 2411 Ἀλλο.
3192 2371 3197 2375 ·

2326 2451 2492 2502 Πόνον
2517 2448 2665 2501 πόνει
2694 2447 2954 2512 εὖπόνως,
2985 2449 3072 2501 ἵνα
3134 2446 3368 2518 δυνηθῇς
3409 2445 3671 2516 ἐκφυγεῖν
3707 2443 3822 2501 τῶι

2259 2541 2499 2612 ματαίων
2521 2541 2694 2593 πόνων
2715 2541 2838 2602 τοὺς
2867 2539 3083 2602 πόνους.

2921 2632 3132 2684 Ἄλλο.

2270 2723 2332 2776 'll
2341 2723 2458 2792 μῶν
2492 2723 2589 2793 μέν
2619 2723 2756 2776 εἰσιν
2785 2723 2834 2775 οῖ
2859 2723 2996 2776 κατὰ
3022 2721 3200 2794 σάρκα
3229 2723 3425 2790 γονεῖς,
3449 2722 3538 2777 διὰ
3558 2722 3658 2793 τὴν
3692 2741 3821 2794 συγ-

2259 2818 2471 2884 γένειαν
2494 2818 2594 2885 τῆς
2620 2815 2839 2886 σαρκός.
2873 2815 2985 2885 Ούχ
3012 2814 3166 2885 ἡμῶν
3185 2814 3240 2868 δὲ
3261 2817 3383 2869 καθ’
3405 2815 3432 2868 ὃ
3451 2816 3513 2869 οὺ
3533 2816 3823 2888 συμπράτ-

2258 2923 2406 2961 τουσι
2432 2905 2509 2976 τῷ
2539 2905 2780 2960 θεοσεϐεῖ
2802 2905 2950 2975 ἡμῶν
2988 2905 3193 2976 σκοπῷ.

2837 3085 3092 3153 Σχόλιοιν⁸
3112 3084 3227 3150 ις’.

2334 3177 2422 3247 Μή
2471 3194 2585 3238 πως
2626 3177 2723 3245 τὴν
2779 3174 3093 3245 σωματικὴν
3142 3173 3416 3242 εὐγένειαν
3463 3175 3519 3228 αἱ
3571 3175 3825 3246 ἀθέμιστοι

2267 3267 2490 3339 πράξεις
2516 3266 2850 3337 ψευδομένην
2880 3265 3190 3332 ἐλέγξωσιν.

2948 3376 3157 3427 Ἄλλο.

2335 3491 2425 3560 Μὴ
2458 3490 2736 3560 ὲπερείδου
2760 3487 3006 3558 εὐγενείᾳ
3024 3485 3243 3556 σαρκός.
3295 3486 3586 3555 Σαρκικὸς
3611 3488 3721 3557 τὰρ
3750 3489 3828 3543 οὐ

2267 3582 2501 3650 δέχεται
2531 3580 2601 3634 τὰ
2631 3579 2734 3634 τοῦ
2767 3581 3123 3648 πνεύματος.

2861 3691 3119 3759 Σχόλιον
3157 3688 3252 3749 ιζ’.

2343 3805 2508 3858 Ὅταν
2539 3803 2784 3874 ἀκούσῃς
2832 3803 2927 3856 τοῦ
2973 3802 3175 3873 Κυρίου
3217 3801 3482 3869 λέγοντος,
3513 3803 3596 3855 ὄτι
3637 3801 3710 3854 ει
3735 3817 3827 3866 τις

603 3891 838 3942 omnibus
877 3905 990 3955 qum
1027 3889 1276 3954 possidet.
1314 3896 1512 3940 nonest
1543 3904 1619 3939 me
1641 3891 1828 3958 (lignus
1854 3889 1935 3951 ³⁶;
1970 3905 2074 3941 non
2099 3888 2167 3941 de

2270 3897 2378 3949 οὐκ
2405 3895 2810 3948 ἀποτάσσεται
2856 3893 3004 3947 πᾶσι
3057 3892 3180 3958 τοῖς
3209 3892 3330 3945 σὺν
3355 3891 3532 3957 αὐτῷ,
3556 3895 3666 3946 οὐκ
3695 3895 3828 3947 ἐστι

606 3980 847 4048 pecuniis
900 3988 1106 4028 tantum
1171 3978 1375 4030 dictum
1415 3977 1618 4045 accipe,
1665 3979 1758 4030 sed
1807 3977 1872 4030 de
1916 3976 2167 4030 omnibus

2269 4002 2382 4056 μου
2412 3985 2600 4048 ἄξιος,
2641 3985 2714 4054 μὴ
2752 3984 2909 4054 μόνον
2940 3985 3066 4050 περὶ
3098 3983 3391 4052 χρημάτων
3425 3983 3554 4049 νόει,
3578 3983 3714 4037 ἀλλὰ
3737 3983 3827 4036 καὶ

606 4071 813 4122 ιίιίυπίε
860 4069 1019 4121 rebus
1071 4078 1123 4120 et
1167 4070 1412 4138 negotiis.
1453 4067 1623 4120 Nemo
1647 4069 1805 4131 enim,
1841 4069 2034 4136 inquit,
2069 4069 2167 4120 mi-

2271 4076 2398 4144 περὶ
2431 4076 2646 4127 πάντων
2672 4076 2768 4144 τῆς
2799 4077 2994 4138 κακίας
3025 4075 3384 4143 πραγμάτων.
3423 4074 3652 4141 Οὐδεὶς.
3671 4075 3824 4145 φησι,

605 4164 765 4214 litans
823 4162 1126 4225 implicatur
1163 4162 1380 4228 negotiis
1412 4160 1754 4213 smcularibus
1789 4160 1852 4212 ³⁷.
1891 4159 1994 4224 Qui
2025 4162 2167 4215 enim

2269 4168 2742 4235 στρατευόμενος
2786 4166 3138 4235 ἐμπλέκεται
3182 4165 3309 4229 ταῖς
3333 4166 3438 4220 τοῦ
3473 4168 3619 4231 βίου
3649 4184 3828 4236 πρατ-

610 4269 714 4306 una
749 4268 870 4306 cum
928 4251 1011 4304 bis
1051 4252 1496 4318 occupationibus
1559 4253 1672 4303 vult
1727 4265 1919 4318 pravos
1970 4253 2167 4319 (animi

2269 4257 2556 4326 ματείαις.
2625 4258 2682 4309 '0
2723 4257 2826 4328 γὰρ
2863 4257 2998 4326 μετὰ
3025 4258 3123 4326 τῆς
3149 4257 3428 4328 ἐμπλοκῆς
3451 4259 3522 4311 τὰ
3570 4259 3715 4329 πάθη
3751 4275 3827 4311 νι-

607 4352 661 4395 et
695 4341 974 4410 corporis)
1021 4340 1242 4393 allectus
1277 4341 1511 4406 evolare,
1557 4339 1779 4407 perinde
1832 4337 1961 4391 facit
2015 4349 2167 4407 atque

2273 4349 2439 4417 κῆσαι
2465 4348 2654 4411 θέλων,
2691 4349 2873 4417 ὅμοιός
2905 4350 3019 4401 ἐστι
3044 4347 3121 4419 τῷ
3151 4351 3267 4419 μετ’
3310 4349 3528 4421 ἀχύρων
3557 4348 3826 4403 σϐεννύειν

609 4434 654 4486 is
697 4433 802 4499 .qui
851 4433 1024 4498 ignem
1082 4431 1230 4497 palea
1269 4441 1320 4484 et
1386 4433 1646 4485 stramine
1714 4440 1941 4485 conatur
1969 4432 2167 4486 exstin-

2275 4438 2660 4511 ἐπιχειροῦντι.

609 4537 793 4590 guere.

1196 4625 1443 4681 Scholion
1489 4627 1577 4682 i8.

681 4731 969 4793 Szecularia
1013 4736 1280 4804 colloquia
1321 4739 1608 4806 appellavit
1640 4739 1727 4792 illa
1760 4753 1880 4808 qua:
1906 4754 1934 4793 c
1968 4737 2176 4795 saeculo

610 4841 768 4893 sunt;
810 4828 1108 4882 indecenti:
1147 4841 1278 4879 vero
1306 4827 1463 4892 dixit,
1507 4830 1649 4899 quod
1679 4831 1789 4884 sint
1812 4830 2178 4886 erubescenda

610 4932 666 4975 et
709 4922 867 4973 noxia
907 4921 971 4974 iis
1001 4919 1091 4988 qui
1121 4919 1377 4973 szeculum
1439 4919 1719 4990 fugerunt,
1753 4922 2063 4992 mundoque
2085 4936 2174 4978 re-

614 5019 951 5067 ιιιιιιιιιιτυιιι.

1211 5117 1457 5172 Scholion
1481 5077 1581 5176 .19.

689 5235 762 5288 Ad
795 5233 938 5286 buue
967 5231 1187 5286 modum
1217 5231 1502 5300 (hancque
1528 5233 1598 5286 ob
1621 5234 1879 5301 causam)
1907 5249 2050 5304 saepe
2081 5249 2174 5290 so-

618 5325 786 5378 litudo
848 5330 928 5375 est
988 5321 1152 5385 utilis,
1207 5336 1348 5374 [nunc
1410 5322 1626 5390 quidem
1659 5305 2172 5388 primumesa-culo

617 5413 960 5474 exeuntibus,
1020 5426 1164 5462 nunc
1217 5421 1394 5465 autem
1426 5414 1587 5467 etiam
1622 5412 1850 5468 fortibus
1880 5425 1932 5468 et
1963 5417 2171 5469 exerci-

619 5508 764 5558 tatis.
815 5501 1165 5571 Fugientibus
1217 5503 1452 5569 primum
1501 5505 1786 5560 mundum.
1829 5520 1894 5558 ne
1940 5505 2177 5559 habeant

695 5709 737 5739 ³³
767 5710 782 5763 Ι
815 5709 938 5767 Cor.
973 5727 1032 5777 ιι,
1072 5712 1153 5766 Ν.
1233 5716 1275 5745 ³⁶
1311 5713 1439 5768 Luc.
1475 5729 1587 5797 xiv,
1611 5713 1698 5767 55.
1777 5715 1817 5745 ³⁷
1851 5715 1892 5769 ll
1919 5713 2060 5770 Tim.
2093 5733 2150 5783 ιι,
2183 5714 2234 5767 ι.

2878 4636 2924 4685 Σ
2923 4633 3134 4702 χόλιον
3148 4638 3238 4700 ιη’.

2343 4742 2636 4814 Κοσμικὰς
2665 4741 2878 4811 ὁμιλίας
2904 4739 3022 4796 εἶπε
3050 4745 3146 4806 τὰς
3197 4743 3258 4796 ὲκ
3274 4748 3366 4796 του
3427 4745 3633 4818 κόσμου
3655 4763 3668 4776 ·
3694 4747 3818 4802 ἀκό-

2281 4848 2450 4902 σμους
2472 4833 2527 4886 δὲ
2548 4829 2697 4885 εἷπεν
2726 4832 2892 4894 αὑτὰς
2919 4833 3008 4885 δια
3044 4832 3104 4885 τὸ
3131 4833 3361 4904 αἰσχρὰς
3386 4829 3542 4904 εἶναι,
3591 4839 3685 4892 καὶ
3701 4838 3823 4910 βλα-

2274 4920 2441 4990 6ερας
2462 4922 2574 4983 τοῖς
2605 4921 2836 4989 φυγοῦσι
2861 4921 2952 4974 τὸν
2975 4919 3196 4988 κόσμον.

2859 5118 3116 5183 Σχόλιον
3145 5121 3232 5171 ιϐ’.

2305 5252 2313 5258 ·
2344 5230 2497 5282 Κατὰ
2520 5230 2709 5282 τοῦτον
2731 5229 2819 5281 τὸν
2841 5229 3059 5299 τρόπον,
3083 5233 3176 5284 καὶ
3202 5230 3404 5299 ἔρημος
3421 5228 3679 5291 πολλάκις
3706 5230 3822 5283 ποτὶ

2282 5322 2379 5391 μὲν
2411 5325 2519 5384 τοῖς
2572 5311 2826 5389 φεύγουσι
2874 5322 3078 5388 γίνεται
3135 5320 3430 5387 ὠφέλιμος,
3467 5321 3596 5372 ποτὲ
3641 5323 3695 5374 δὲ
3726 5326 3820 5382 τοῖς

2281 5412 2540 5475 δυνατοῖς.
2589 5414 2710 5473 Τοῖς
2757 5414 3013 5481 φεύγουσι
3049 5411 3195 5481 -μὲν,
3252 5412 3335 5463 ἵνα
3385 5411 3460 5481 μὴ
3504 5413 3698 5484 εὑρεθῇ
3734 5416 3822 5480 ῦλη

2285 5503 2466 5567 αὐτοῖς
2498 5504 2728 5570 αὐξῆσαι
2756 5505 2821 5557 τὰ
2848 5504 2994 5573 παθη
3035 5503 3232 5558 αὐτῶν.
3267 5503 3389 5565 Τοῖς
3418 5503 3656 5567 δυνατοῖς
3693 5507 3743 5557 δὲ
3773 5507 3823 5555 ἐν
