4048 6338
157 436 243 495 677

1152 428 1375 485 SC.\LA
1423 421 1798 482 PARADISI.
1836 443 1899 453 -
1924 420 2227 479 GllAllUS
2262 422 2359 479 IV.

3282 435 3389 496 678

155 547 313 617 τίῖιμῆ
344 544 599 616 μεσάζειν
654 546 710 596 ἐν
765 542 886 613 ὕλῃ,
912 541 1005 595 καὶ
1046 541 1379 607 καταντῆσαι
1417 538 1550 607 πρὸς
1580 533 1705 592 τοὺς

1814 529 2093 582 materiam
2143 529 2373 599 augendi
2420 530 2770 613 cupiditatem
2816 532 3062 599 allectus,
3105 550 3201 591 seu
3259 554 3383 608 pas-

156 640 408 709 πολέμους
428 637 522 690 τοῦ
551 654 688 691 πονν
699 635 813 707 ροῦ.

739 904 784 955 Σ
786 901 997 969 χόλων
1021 904 1093 952 κ’.

228 996 523 1065 Ὀράματος
554 994 649 1046 καὶ
672 992 919 1044 ἐνυπνίου
965 988 1226 1061 διαφοράν
1267 987 1437 1061 οὓτως
1470 982 1703 1050 νοήσεις.

160 1086 362 1159 Ὃραμά
402 1087 525 1139 ,ἐστι
554 1083 614 1137 τὸ
657 1082 734 1145 ὼς
783 1084 841 1135 ὲν
894 1080 1141 1149 αἰσθήσει
1191 1076 1375 1146 σχεδὸν
1399 1073 1518 1126 καθ’
1553 1072 1703 1141 ῦπαρ

157 1176 443 1247 ὁρώμενον·
502 1172 753 1226 ἐνύπνιον
786 1171 879 1224 καὶ
923 1170 983 1222 τὸ
1027 1167 1149 1221 καθ’
1181 1166 1347 1218 ὕπνον
1374 1161 1704 1231 φανταζόμε-

158 1283 251 1320 νον.

303 1413 311 1419 _
719 1353 977 1419 Σχόλιον
1006 1355 1116 1405 κα’.

227 1445 529 1516 Ἀκινησίαν
580 1444 681 1514 τὴν
730 1442 966 1513 ἠρεμίαν
1009 1440 1162 1510 φησί.
1196 1437 1436 1507 Ἐξαχῶς
1460 1434 1569 1505 γάρ
1592 1434 1691 1505 τῆς

157 1539 403 1609 νικήσεως
423 1532 865 1607 λαμϐανομένης,
898 1533 1109 1600 γένους,
1133 1530 1357 1600 φθορᾶς,
1397 1530 1704 1597 αὐξήσεως,

159 1628 493 1689 ἀλλοιώσεως,
520 1616 816 1697 μειώσεως,
852 1624 943 1676 καὶ
969 1622 1149 1675 τόπων
1198 1618 1523 1690 μεταϐολῆς,
1580 1617 1731 1671 καθ’·

155 1719 292 1771 οὐδὲν
326 1717 527 1770 τούτων
554 1716 618 1768 τὸ
639 1715 798 1784 σῶμα
827 1713 1074 1781 φαίνεται
1104 1709 1493 1780 ύστερούμενον
1518 1724 1529 1737 ⁸
1571 1710 1705 1778 ἡμε-

158 1811 234 1879 ρεῐ
261 1806 500 1880 [ἠρεμεῖ]
530 1807 589 1859 δὲ
624 1805 825 1874 μᾶλλον
868 1803 1162 1865 ὂπνῶττον,
1190 1802 1283 1853 καὶ
1310 1800 1457 1853 ἐστιν
1511 1799 1703 1869 ἀκίνη-

156 1913 259 1963 τον,
295 1897 510 1967 κινητόν
527 1912 543 1929 ο
583 1895 643 1949 τὸ
670 1894 773 1966 μὲν
797 1893 1060 1962 πεφυκὸς,
1086 1892 1145 1946 τὸ
1165 1891 1222 1945 δὲ
1253 1888 1540 1952 πεπονθός.

761 2154 1068 2222 Διαδόχου.

218 2247 343 2318 Περὶ
366 2244 482 2309 τοῦ,
504 2247 597 2299 ὅτι
625 2244 791 2299 καλὸν
851 2244 1087 2315 μηδεμιᾷ
1115 2242 1252 2304 ὅλως
1286 2242 1472 2311 ὁράσει
1519 2240 1702 2292 πείθε-

158 2336 287 2401 σθαι,
335 2330 431 2405 ἧτο
483 2333 620 2405 πρὸς
667 2332 968 2401 ὑπόδειγμα
1024 2332 1158 2400 ἡμῖν
1215 2328 1308 2381 τοῦ
1353 2328 1698 2398 πράγματος,

154 2426 319 2489 δοῦλος
355 2423 455 2476 ὑπὸ
481 2422 743 2476 δεσπότου
774 2421 1013 2490 νύκτωρ,
1041 2419 1134 2472 καὶ
1164 2415 1533 2487 μετὰπολλὴν
1558 2415 1698 2467 ἀπο-

155 2516 357 2587 δημίαν,
388 2514 491 2585 πρὸ
514 2513 619 2566 τῶν
649 2511 950 2583 περιϐόλων
980 2510 1079 2580 τῆς
1122 2509 1298 2570 οἰκίας
1336 2506 1692 2574 καλούμενος,

157 2602 416 2679 (privati-iv
436 2605 635 2670 ἄνοιξιν
653 2604 760 2657 τῶν
788 2602 967 2672 θυρῶν
993 2602 1062 2655 δι’
1090 2600 1211 2654 ὅλου
1235 2601 1263 2650 ὁ
1288 2598 1504 2666 οἰκέτης
1528 2596 1699 2666 ἠρνή-

160 2717 293 2754 σατο.
339 2699 555 2754 Ἐδεδίει
592 2698 703 2767 γὰρ
727 2694 802 2766 μὴ
828 2693 1079 2765 ὁμοιότης
1106 2691 1264 2745 αὑτὸν
1291 2689 1471 2759 φωνῆς
1503 2704 1698 2757 συναρ-

156 2793 360 2845 πάσασα
411 2789 677 2857 προδότην
725 2783 1120 2855 παρασκευάσῃ
1178 2778 1449 2848 γενέσθαι,
1514 2772 1697 2845 ὦνπερ

156 2883 272 2951 παρ’
305 2878 461 2934 αύτοῦ
484 2875 800 2930 ἐπιστεύετο
834 2872 1192 2945 πραγμάτων.
1224 2866 1403 2939 ⁷ῼτινι
1444 2869 1503 2919 οὐ
1538 2866 1696 2934 μόνον

155 2973 243 3025 οὐκ
257 2969 488 3041 ὠργίσθη
516 2966 732 3037 ἡμέρας
759 2963 1055 3033 γενομένης
1081 2964 1109 3014 ὁ
1132 2961 1318 3030 κύριος
1342 2958 1528 3041 αὐτού,
1562 2957 1697 3010 ἀλλά

156 3061 241 3114 καὶ
266 3058 467 3111 πολλῶν
496 3058 731 3109 ἐπαίνων
757 3053 1008 3123 ἠξίωσεν,
1032 3053 1112 3104 ὅτι
1145 3050 1240 3103 καὶ
1262 3050 1361 3120 τὴν
1378 3050 1472 3102 τοῦ
1505 3048 1696 3101 δεσπόα

154 3167 236 3203 του
284 3149 457 3218 φωνὴν
489 3146 696 3215 πλάνην
726 3140 864 3197 εἶναι
912 3142 1148 3212 ἐνόμισε,
1196 3139 1271 3209 μή
1314 3156 1365 3191 τι
1391 3138 1558 3190 Θέλων
1586 3138 1695 3190 τῶν

160 3242 310 3296 αὑτοῦ
335 3239 590 3294 ἀπολέσαι
622 3235 983 3307 πραγμάτων.

1461 3292 1489 3314 κ

757 3420 973 3480 ΛΟΓΟΣ
1004 3417 1076 3472 Δ’.

190 3553 318 3621 Περι
346 3548 448 3617 τῆς
471 3545 785 3617 μακαρίας,
816 3538 915 3593 καὶ
954 3532 1325 3604 ἀειμνήστου
1366 3522 1664 3589 ὑπακοῆς.

218 3724 355 3794 Πρὸς
378 3721 450 3791 (l)
491 3718 618 3777 τοὺς
647 3714 858 3774 πύκτας
885 3709 1016 3779 ἡμῖν
1044 3701 1255 3768 λοιπὸν,
1302 3699 1399 3752 καὶ
1439 3694 1534 3794 τοῦ
1561 3695 1698 3763 Χρι-

160 3789 278 3869 στού
304 3789 532 3881 ἀθλητάς
577 3806 782 3877 περιὼν
816 3804 846 3855 δ
868 3801 1026 3867 λόγος
1055 3795 1291 3855 εὐθέτως
1337 3789 1697 3881 κατήντησεν.

160 3904 350 3964 Παντὸς
381 3877 477 3971 μέν
514 3898 623 3967 γάρ
667 3891 884 3963 καρποῦ
939 3886 1259 3958 προηγεῖται
1291 3879 1480 3941 ἄνθος·
1509 3877 1690 3971 πάσης

158 3998 210 4050 δὲ
234 3970 466 4062 ὑπακοῆς
510 3988 762 4053 ξενιτεία,
792 3983 827 4053 ἢ
864 3980 1134 4049 σώματος,
1178 3975 1211 4043 ἢ
1245 3973 1567 4043 θελήματος.
1609 3970 1701 4062 Ἐἱν

160 4089 269 4148 ταῖς
313 4058 435 4136 δυσὶ*
460 4082 569 4150 γὰρ
599 4075 824 4135 ταύταις
852 4068 1094 4140 ἀρεταῖς,
1126 4064 1317 4132 ὥσπερ
1369 4062 1427 4111 ὲν
1468 4058 1701 4150 χρυσαῖς

162 4146 370 4245 πτέρυξι
399 4146 648 4243 πρός-τὸν
681 4160 905 4233 οὐρανὸν
934 4157 1139 4218 ἀόκνως
1175 4151 1531 4245 ἀνέρχεται-ὴ.
1552 4146 1698 4245 dolat.

164 4237 398 4326 lini-loc);
429 4237 557 4331 περὶ
605 4253 773 4322 αὐτῆς
794 4246 1222 4320 πνευματοδόχος
1266 4260 1345 4304 τις
1368 4237 1698 4331 ἐμελῲδησε,

168 4359 254 4421 Τίς
302 4353 468 4408 δώσει
504 4328 606 4420 μοι
661 4348 956 4413 πτέρυγας
994 4336 1137 4393 ὡσεὶ
1184 4330 1553 4402 περιστερᾶς,
1604 4328 1701 4421 zeal

163 4418 595 4511 πετασθήσοραι
622 4436 708 4490 διὰ
733 4429 1059 4503 πρακτικῆς,
1093 4427 1191 4481 καί
1229 4423 1593 4477 καταπαύσω
1615 4418 1703 4511 διά

165 4535 376 4607 θεωρίας
399 4510 498 4587 καῖ
520 4526 898 4585 ταπεινώσεως
921 4538 936 4587 ;
962 4517 1101 4587 Μηδ*
1140 4515 1271 4607 αὐτο
1299 4513 1359 4566 τὸ
1416 4513 1621 4607 σχῆμα,
1652 4510 1702 4563 εί

1809 619 2023 673 siones:
2065 619 2298 673 fortibus
2346 629 2553 684 autem,
2586 637 2653 674 ne
2713 637 2927 692 semper
2967 624 3019 678 in
3051 628 3223 681 media
3262 645 3387 698 pec-

1809 708 1968 761 candi
2023 710 2271 773 materia,
2314 718 2369 763 et
2406 710 2522 763 acie
2560 721 2747 764 contra
2792 713 3004 768 hostem
3047 720 3252 774 versari
3288 734 3384 772 co-

1809 806 2009 857 gantur
2048 798 2310 868 (seseque
2343 800 2598 868 periculis
2636 802 2972 874 objectare).

2338 890 2449 961 40
2489 891 2735 945 Scholion
2766 894 2854 947 20.

1884 977 1992 1031 γίδί
2047 987 2100 1033 et
2139 979 2391 1034 insomuii
2418 980 2709 1036 discrimen
2746 985 2819 1037 ita
2853 984 3161 1056 intelliges:
3199 990 3379 1044 visum

1807 1078 1907 1130 est,
1965 1071 2108 1138 quod
2154 1070 2208 1124 in
2251 1084 2444 1124 somno
2489 1087 2582 1139 per
2626 1072 2916 1140 visionem,
2952 1079 3108 1145 quasi
3132 1080 3183 1133 in
3214 1094 3377 1134 sensu

1807 1167 2032 1228 apparet
2087 1169 2140 1214 et
2196 1160 2444 1215 videtur:
2502 1163 2860 1229 insomnium,
2915 1169 3058 1236 quod
3105 1171 3156 1223 in
3185 1186 3378 1225 somno

1806 1264 1902 1319 per
1932 1250 2376 1319 imaginationem
2410 1261 2676 1307 tractatur
2699 1264 2755 1309 et
2790 1257 3080 1326 cogitatur.
3340 1252 3343 1253 ν

2393 1341 2637 1395 Scholion
2666 1343 2727 1397 21
2750 1386 2763 1398 .

1877 1427 1983 1483 Per
2021 1444 2206 1485 vocem
2251 1433 2541 1503 ἀκινησίαν
2582 1435 2697 1490 sine
2744 1448 2915 1504 motu,
2958 1440 3193 1508 quietem
3219 1440 3377 1493 intel-
3410 1422 3413 1423 ν

1809 1519 1959 1589 ligit:
2011 1537 2133 1575 cum
2192 1534 2374 1576 autem
2428 1534 2606 1579 motus
2637 1541 2728 1580 sex
2756 1528 2932 1583 tuodis
2962 1531 3258 1599 accipiatur
3281 1548 3377 1599 pro

1806 1609 1999 1679 genere
2056 1611 2178 1676 (seu
2210 1613 2613 1683 generatione),
2650 1618 3017 1686 corruptione,
3062 1631 3378 1688 augmenta-

1808 1698 1970 1763 tione,
2023 1700 2365 1767 alteratione,
2426 1703 2789 1759 diminutione
2825 1716 2879 1759 et
2912 1706 3155 1763 locorum
3210 1720 3378 1763 muta«

1811 1790 1977 1855 tione,
2010 1792 2163 1846 nullo
2204 1792 2399 1847 horum
2432 1809 2618 1849 carere
2650 1810 2849 1864 corpus
2872 1796 3101 1852 videtur.
3134 1800 3377 1865 Quiescit

1736 1866 1783 1925 Β
1810 1891 1989 1937 autem
2029 1884 2201 1952 magis
2254 1885 2381 1938 dum
2416 1900 2666 1940 somnum
2702 1889 2896 1956 carpit,
2927 1898 2981 1942 et
3022 1893 3164 1959 quod
3196 1908 3289 1959 per
3318 1908 3377 1946 se

1809 1982 1891 2026 est
1939 1973 2156 2039 mobile,
2219 1983 2349 2030 tunc
2392 1978 2548 2045 quasi
2595 1979 2666 2031 sit
2699 1977 2996 2045 immobile,
3032 1981 3229 2034 mobile
3250 1984 3375 2049 qui-

1780 2118 1783 2119 ν
1809 2063 1931 2118 dem
1974 2073 2166 2119 natura
2199 2080 2319 2124 sua.
2350 2066 2625 2121 immobile
2654 2067 2800 2135 quod
2833 2068 2903 2121 ita
2927 2070 3000 2124 illi
3029 2071 3259 2125 accidat.

2259 2155 2542 2221 Diadochi,
2568 2171 2619 2210 c.
2656 2157 2725 2210 38
2750 2168 2803 2212 et
2830 2158 2919 2214 59.

1879 2244 1956 2300 De
1988 2260 2055 2301 eo
2085 2246 2229 2317 quod
2254 2246 2457 2301 bonum
2485 2249 2575 2312 sit,
2613 2250 2747 2302 nulli
2785 2251 3009 2304 omnino
3048 2250 3243 2306 visioui
3276 2267 3371 2304 no-

1806 2347 2013 2391 cturnae
2059 2336 2299 2397 credere,
2362 2328 2611 2405 exemplo
2664 2338 2823 2392 nobis
2876 2340 2946 2393 sit
2993 2340 3157 2409 hujus
3196 2342 3271 2396 rei
3300 2343 3374 2395 fa-

1806 2426 2007 2490 mulus,
2056 2438 2217 2493 quem
2261 2424 2511 2479 dominus
2549 2441 2614 2479 ex
2652 2427 2808 2496 longa
2836 2431 3268 2498 peregrinatione
3300 2449 3373 2485 re-

1805 2533 2017 2582 versus,
2072 2525 2235 2571 noctu
2300 2527 2425 2571 ante
2468 2518 2795 2573 vestibulum
2825 2522 3021 2577 domus
3045 2532 3253 2589 evocet,
3285 2525 3372 2579 cui

1805 2619 1996 2659 servus
2012 2604 2160 2657 nullo
2177 2604 2340 2657 modo
2374 2605 2600 2658 voluerit
2645 2608 2899 2675 aperire:
2934 2620 3200 2665 metuerat
3227 2613 3371 2666 enim

1806 2708 1875 2748 ne
1920 2709 1979 2748 se
2034 2695 2338 2748 similitudo
2379 2696 2528 2748 vocis
2578 2695 2801 2762 falleret,
2835 2707 2886 2751 ct
2934 2714 3132 2765 rerum,
3178 2717 3312 2770 quas
3342 2718 3372 2756 a

1804 2783 2027 2837 domino
2081 2786 2402 2839 commissas
2456 2786 2712 2851 habebat,
2768 2788 3102 2856 proditorem
3150 2790 3370 2847 faceret.

1805 2873 1903 2928 Cui
1950 2874 2207 2930 dominus
2237 2885 2420 2944 postea
2453 2866 2541 2929 die
2578 2892 2702 2931 cum
2734 2878 3024 2944 illuxisset,
3058 2895 3163 2934 non
3195 2882 3372 2939 solum

1805 2964 1975 3019 iratus
2013 2981 2119 3021 non
2159 2968 2400 3033 est,,scd
2436 2969 2621 3024 multis
2652 2972 2815 3024 etiam
2858 2972 3110 3028 laudibus
3133 2966 3370 3039 nruavit,

1804 3056 1948 3123 quod
1973 3057 2181 3112 domini
2209 3073 2395 3113 vocem
2439 3062 2740 3131 praestigias
2768 3064 3117 3129 existimarit,
3151 3068 3275 3120 dum
3305 3083 3372 3121 ne

1803 3146 1935 3214 quid
1964 3148 2032 3201 de
2061 3148 2219 3215 rebus
2244 3147 2453 3205 domini
2486 3152 2568 3205 sui
2610 3153 2944 3222 deperderet.

3186 3345 3350 3359 —-

2377 3430 2660 3486 GRADUS
2712 3428 2800 3483 IV.
2906 3449 2909 3451 ν

1806 3544 1879 3599 De
1905 3544 2060 3598 beata
2085 3558 2379 3611 semperque
2416 3542 2709 3604 laudanda,
2747 3558 2838 3594 seu
2880 3542 3223 3595 memoranda
3258 3541 3372 3596 sbe-

2483 3612 2705 3664 dientia.

1872 3707 1953 3761 Ad
2006 3705 2217 3776 pugiles
2277 3713 2331 3757 et
2368 3702 2600 3755 athletas
2647 3699 2901 3754 Cbristia
2943 3700 3101 3755 nobis
3124 3700 3376 3767 deinceps

1802 3798 1981 3852 oratio
2037 3796 2372 3853 instituetur,
2414 3806 2535 3859 qua:
2588 3790 2709 3843 loco
2745 3805 2846 3843 suo
2889 3790 3188 3859 ordineque
3216 3790 3374 3842 nobis

1804 3888 2069 3944 occurrit.
2132 3884 2472 3938 Utl‘ructum
2537 3895 2751 3933 omnem
2813 3882 2913 3934 llos
2965 3882 3234 3948 praecedit,
3300 3880 3371 3934 ita

1802 3994 2019 4034 omnem
2056 3976 2415 4031 obedientiam
2454 3970 2578 4040 fuga
2620 3970 2829 4033 mundi,
2869 3985 2989 4038 qua;
3021 3970 3103 4022 vel
3145 3985 3374 4037 corpore

1805 4072 1886 4132 ﬁt,
1940 4068 2023 4121 vel
2068 4066 2363 4118 voluntate.
2421 4060 2514 4114 His
2561 4060 2761 4128 quippe
2798 4059 3010 4112 duabus
3053 4058 3370 4122 virtutibus,

1802 4166 2062 4225 tanquam
2115 4154 2297 4206 aureis
2347 4148 2670 4219 quibusdam
2712 4148 2834 4213 alis,
2868 4147 3046 4199 anima
3092 4156 3277 4199 sani-ta
3307 4147 3372 4197 ad

1804 4247 2001 4303 cmlum
2031 4243 2283 4297 ardenter
2325 4239 2567 4294 enititur.
2606 4239 2670 4290 Et
2702 4237 2932 4291 fortasse
2964 4238 3029 4289 de
3056 4238 3180 4294 hac.
3204 4236 3372 4289 divini

1807 4341 2044 4411 Spiritus
2096 4339 2293 4391 haustu
2321 4333 2324 4336 ’
2350 4335 2537 4389 ebrius
2598 4342 2748 4387 vates
2796 4332 3012 4394 cecinit,
3044 4347 3166 4384 cum
3199 4331 3373 4384 dixit:

1808 4435 1940 4499 Quis
1973 4432 2097 4484 mihi
2117 4430 2220 4501 ἀι
2244 4428 2389 4482 dabit
2410 4443 2606 4493 pennas
2643 4425 2778 4478 sicut
2808 4424 3083 4487 columbis,
3110 4433 3159 4475 et
3189 4423 3373 4475 volabo

1805 4541 1902 4596 per
1969 4524 2238 4578 actionem
2306 4529 2354 4575 et
2434 4519 2752 4586 requiescam
2792 4516 2834 4546 "
2878 4532 2972 4584 per
3044 4514 3376 4580 contempla—

164 4601 317 4689 δοκεῖ,
338 4625 440 4679 τῶν
460 4619 721 4692 ἀνδρείων
746 4614 948 4668 τούτων
973 4603 1313 4675 πολεμιστῶν
1338 4601 1704 4673 παραδράμω-

1811 4619 2012 4673 tionem
2056 4622 2110 4669 et
2156 4610 2322 4666 animi
2356 4608 2744 4663 demissiouem
2774 4605 2797 4656 ?
2822 4604 2924 4657 Sed
2950 4604 3115 4667 enim,
3149 4602 3194 4657 si
3230 4601 3377 4653 vide-

169 4736 258 4788 μιν
292 4719 362 4787 τῷ
390 4718 532 4787 λόγῳ
560 4710 858 4779 κατάδηλον
884 4701 1233 4774 ποιήσασθαι,
1263 4697 1379 4759 πῶς
1407 4712 1464 4747 τε
1494 4697 1583 4747 τὸν
1613 4695 1731 4747 θυι

168 4786 281 4879 ρεδν
306 4786 587 4880 κατέχουσι
623 4804 721 4874 τῆς
746 4799 879 4871 πρὸς
910 4795 1000 4849 τὸν
1030 4792 1161 4845 Θεὸν
1192 4789 1285 4842 καὶ
1336 4786 1472 4857 πρὸς
1495 4787 1586 4839 τὸν
1617 4803 1716 4855 γυ.

170 4903 391 4973 μναστὴν
419 4879 677 4962 πίστεως,
700 4897 758 4948 ιν
789 4889 936 4960 αύτῷ
959 4887 1033 4950 ὡς
1053 4886 1225 4938 εἰπεῖν
1257 4881 1430 4973 πάντα
1454 4879 1714 4973 ἀπιστίας

167 4990 199 5059 ἢ
224 4992 558 5060 μεταδάσεως
587 4983 844 5055 λογισμὸν
864 4977 1261 5047 ἀπωθούμενοι,
1291 4972 1390 5041 τήν
1416 4987 1476 5023 τε
1515 4972 1713 5039 μάχαι.-

172 5098 265 5149 ριν
302 5083 388 5135 τοῦ
415 5080 726 5150 πνεύματος
752 5071 1115 5130 ἀνατείνοντες
1146 5060 1428 5134 διηνε-κῶς,
1470 5060 1564 5113 καὶ
1604 5062 1713 5114 πᾶν

173 5173 361 5227 ἑαυτῶν
387 5174 595 5243 θέλημα
620 5165 915 5240 πλησιάζον
945 5164 1124 5225 αὐτοῖς
1143 5156 1571 5217 ἀποκτείνοντες,
1612 5156 1715 5209 Θώ-

178 5262 334 5329 ραιὰς
356 5278 412 5316 τε
442 5259 694 5331 σιδηροῦς
730 5255 1055 5327 πραότητος,
1092 5248 1186 5302 καὶ
1209 5244 1485 5315 ὑπομονῆς
1512 5247 1713 5314 ἡμφιεο

177 5348 368 5413 σμένοι,
392 5352 571 5403 πᾶσαν
606 5346 762 5417 ὓϐριν
807 5342 903 5397 καὶ
951 5341 1226 5408 κέντησιν,
1262 5334 1355 5389 καὶ
1379 5332 1558 5404 βολίδα
1589 5335 1716 5387 ἑαυ-

177 5436 277 5491 τῶν
302 5438 361 5491 δι’
387 5440 563 5494 αὐτῶν
583 5434 1032 5507 ἀποκρουόμενον
1060 5426 1239 5499 ἔχουσί
1265 5443 1323 5477 τε
1368 5424 1463 5477 καὶ
1491 5442 1714 5493 περικε-

181 5525 389 5591 φάλαιον
409 5527 676 5598 σωτηρίου
705 5527 805 5593 τὴν
827 5523 921 5576 τοῦ
954 5517 1288 5591 προεστῶτος
1314 5514 1383 5568 δι’
1398 5515 1563 5583 εὐχῆς
1587 5516 1715 5567 σκέ-

184 5631 302 5684 πην.
331 5616 597 5671 Ἶστανται
648 5617 704 5670 δὲ
731 5615 1000 5686 σύμποδες
1035 5610 1143 5664 οὐδ’
1176 5609 1331 5670 ὅλως,
1366 5605 1499 5659 ἀλλά
1554 5605 1613 5659 τὸ
1636 5607 1714 5677 (‘2)

188 5705 276 5773 μὲν
301 5704 370 5767 είς
388 5704 656 5758 διακονίαν
678 5704 1065 5776 προτείνοντες,
1082 5699 1179 5769 τὴν
1208 5697 1263 5750 δὲ
1293 5697 1383 5751 ἐπὶ
1410 5697 1716 5768 προσευχὴν

251 5860 293 5894 ⁸⁸
317 5858 451 5915 Psal.
481 5873 593 5923 ιιν,
619 5858 651 5908 7
749 5856 1012 5930 ".pres.
1041 5870 1113 5919 vr,
1152 5855 1236 5909 Π.

1809 4720 1920 4770 tur,
1960 4720 2069 4761 non
2110 4699 2517 4773 praetereundus
2554 4706 2640 4750 est
2673 4694 2759 4749 hic
2788 4706 3169 4762 generosorum
3211 4690 3378 4743 bella-

1811 4809 1991 4853 torum
2047 4800 2338 4847 armaturze
2399 4786 2653 4839 habitus:
2701 4783 2936 4836 dictione
2975 4781 3179 4835 scilicet
3210 4779 3379 4848 expli-

1812 4888 2065 4948 candum,
2104 4878 2378 4951 quomodo
2403 4885 2588 4930 tenere
2619 4872 2827 4928 soleant
2852 4880 3066 4925 scutum
3103 4870 3224 4925 lldei
3251 4876 3379 4940 erga

1814 4976 2005 5040 Deum,
2020 4982 2072 5025 et
2088 4970 2351 5039 religiosa:
2374 4967 2637 5035 palaestra:
2653 4964 2998 5030 dictatorem,
3016 4978 3123 5033 quo
3137 4978 3376 5026 omnem,

1814 5078 1875 5121 ut
1910 5065 1987 5120 sic
2014 5063 2229 5130 loquar,
2254 5057 2588 5111 inﬁdelitatis
2606 5064 2658 5110 et
2678 5054 2980 5109 eversionis
2998 5054 3377 5125 c0gitationem
3481 5070 3485 5073 λ

1814 5154 2139 5218 retundant;
2168 5160 2220 5205 et
2248 5150 2484 5221 gladium
2520 5149 2742 5217 spiritus
2779 5162 2989 5215 semper
3024 5148 3268 5201 strictqu
3305 5155 3382 5198 te-

1815 5252 1998 5308 neant,
2029 5255 2137 5311 quo
2192 5239 2489 5293 voluntatis
2519 5236 2975 5291 contravenientis
3008 5251 3226 5291 sensum
3262 5249 3375 5285 mu-

1823 5339 1970 5389 etent
1995 5348 2010 5395 ;
2039 5330 2292 5383 thoraces
2329 5327 2536 5382 ferreos
2563 5325 2998 5380 mansuetudinis
3036 5332 3087 5377 et
3116 5322 3382 5391 patientire

1820 5424 2068 5486 induant,
2126 5420 2326 5489 quibus
2372 5432 2560 5473 omnes
2600 5415 2978 5476 contumelias,
3034 5410 3297 5471 stimulos,
3329 5419 3383 5461 et

1818 5512 1996 5584 jacula
2055 5504 2343 5563 verborum
2401 5507 2679 5575 repellant.
2724 5505 2944 5559 Gestent
2967 5512 3019 5555 et
3049 5499 3252 5568 galeam
3292 5512 3403 5577 sa-l

1823 5604 1951 5659 lutis
1976 5603 2039 5666 ³³,
2072 5598 2333 5670 praesidis,
2385 5599 2626 5667 inquam,
2655 5610 2754 5666 pro
2808 5593 2963 5648 nobis
3009 5587 3223 5644 assidue
3260 5602 3385 5656 pre-

1826 5694 2002 5751 cautis
2042 5698 2435 5760 tegumentum.
2467 5689 2621 5744 Stcnt
2658 5694 2835 5742 autem
2889 5680 3053 5737 nullis
3077 5678 3383 5748 ,‘compediti
