4048 6338
481 425 484 429 ~
537 380 642 447 679

1841 373 1900 432 s.
1935 368 2255 432 IOANNIS
2283 346 2591 430 CLIMACI

3685 373 3803 439 680

539 488 771 546 vinculis
793 489 970 555 liberi,
1006 488 1346 557 alterumque
1391 483 1586 555 pedum
1619 483 1686 538 ad
1716 483 1969 539 obeunda
1999 481 2105 536 mi-

2227 479 2466 552 ὶκίνητον
2504 482 2736 552 ἔχοντες.
2784 482 3026 554 ’Υπακοή
3067 483 3218 539 ἐστιν
3257 485 3485 556 ἄρνησις
3510 485 3696 558 ,ψυχῆς
3724 489 3816 544 ala

540 581 763 638 nisteria
801 582 1134 648 extendant;
1168 566 1400 634 alterum
1418 589 1549 632 vero
1576 575 1640 630 ad
1677 574 1956 631 assiduam
1991 587 2115 642 pre-
2158 586 2161 587 '

545 674 818 728 nationem
889 673 1174 727 immotum
1233 676 1473 725 teneant.
1527 666 1842 722 Ubedientia
1879 673 1963 720 est
1998 679 2119 735 per-

543 764 684 820 fecta
742 766 938 818 anima:
984 764 1239 834 propriae,
1276 775 1373 831 per
1411 758 1658 829 corporis
1679 757 1852 814 oflicia
1882 757 2120 812 demon-

545 864 717 910 strata
781 855 1075 911 abdicatio.
1136 855 1468 908 Aut’eontra
1502 851 1768 907 fortasse:
1801 848 2119 904 Obedientia

547 955 631 1001 est
677 961 936 1001 sensuum
984 946 1040 1000 in
1085 945 1270 1001 anima
1308 945 1430 998 viva
1476 942 1754 998 mactatio.
1802 939 2120 996 Obedientia

546 1045 629 1094 est
655 1047 835 1093 motus
864 1037 1092 1106 simplex
1111 1076 1126 1102 ,
1150 1045 1205 1090 et
1231 1036 1554 1091 inexcussus
1577 1053 1591 1089 :
1611 1033 1913 1088 voluntaria
1933 1046 2120 1097 mors;

551 1131 828 1186 incuriosa
882 1131 1014 1197 vita,
1059 1144 1311 1186 securum
1337 1125 1934 1198 periculum,expedita
1978 1124 2121 1194 apud

551 1222 719 1277 Deum
757 1220 1320 1294 defensio[indefensa
1365 1219 1458 1274 Dei
1490 1215 1897 1290 propugnatio],
1932 1217 2126 1270 mortis

556 1311 848 1375 securitas,
901 1310 1178 1379 navigatio
1238 1309 1357 1362 sine
1378 1306 1638 1376 periculo,
1665 1303 1940 1357 dormiens
1970 1317 2126 1372 pere-

553 1399 812 1466 grinatio.
862 1396 1181 1453 Obedientia
1235 1403 1314 1450 est
1347 1394 1513 1449 animi
1536 1395 1588 1448 in
1621 1401 1793 1446 morte
1828 1391 2122 1455 securitas,

560 1491 842 1558 sepultura
865 1478 1185 1550 veluntatis,
1222 1486 1478 1542 exeitatio
1506 1484 1849 1549 humilitatis,
1875 1497 1998 1552 quae
2020 1499 2126 1535 non

555 1580 870 1649 obloquitur
895 1575 1290 1650 [contradicit],
1317 1591 1422 1631 non
1437 1575 1716 1646 diiudicat,
1742 1589 1839 1630 nec
1854 1573 1992 1628 bona
2009 1582 2129 1627 tan-

553 1705 718 1762 quam
754 1699 990 1753 mortua,
1026 1703 1129 1745 nec
1169 1689 1313 1760 vulgi
1343 1689 1598 1759 opinione
1630 1687 1773 1743 mala
1809 1687 1992 1742 sentit.
2020 1685 2128 1752 Qui

552 1785 697 1839 enim
760 1782 1000 1838 animam
1069 1798 1224 1837 suam
1287 1782 1543 1851 religioso
1600 1778 2032 1842 mortiﬁcaverit.
2061 1777 2129 1832 de

555 1877 812 1942 omnibus
849 1891 970 1931 sese
995 1875 1112 1944 ipse
1152 1872 1537 1945 purgabitm
1567 1887 1632 1928 ac
1659 1869 1939 1937 defendet;
2006 1869 2124 1943 [qui

551 1966 699 2021 enim
756 1980 979 2020 sensum
1042 1965 1242 2020 anima
1305 1964 1538 2033 suzepie
1617 1961 2125 2031 mactavit,(mor-

553 2054 798 2123 tilieavit)
847 2054 900 2108 in
935 2053 1193 2108 omnibus
1245 2048 1643 2124 excusabitur.]
1669 2048 1984 2104 Obedientia
2035 2055 2124 2102 est

2220 575 2372 639 κείας
2395 575 2660 646 παντελὴς
2688 575 2774 630 διὰ
2804 574 3055 646 σώματος
3080 577 3498 650 ἐπιδεικνυμένη
3527 579 3802 655 ἐνεργῶς.

2225 667 2293 717 Ἦ
2327 665 2466 734 τάχα
2488 665 2548 718 τὺ
2575 665 2830 736 ἔμπαλιν,
2865 666 3079 737 ὑπακοή
3105 669 3248 720 ἐστι·
3284 668 3361 738 (5)
3387 668 3656 739 νέκρωσις
3693 685 3804 740 μει-

2220 756 2327 838 λῶν
2356 757 2414 808 ἐν
2436 755 2583 826 ζώσῃ
2608 756 2832 826 διανοίᾳ.
2867 757 3113 829 ’Υπακοή
3145 757 3291 812 ἐστιν
3319 757 3671 824 ἀνεξέταστος
3701 758 3803 812 κί-

2220 866 2393 919 νησις,
2427 851 2673 914 ἑκούσιος
2697 849 2946 917 θάνατος,
2968 840 3299 922 ἀπερίεργος
3326 850 3463 923 ζωὴ,
3489 851 3802 924 ἀμέριμνος

2221 938 2464 1002 κίνδυνος
2494 938 2571 1009 (4)
2592 979 2608 1004 ,
2635 939 2968 1011 ἀμελέτητος
3003 938 3383 1013 [ἀμελέτητος]
3420 939 3556 996 Θεοῦ
3594 941 3804 995 ἀπολο-

2221 1029 2337 1098 γία·
2361 1029 2561 1099 ἀφοὸία
2592 1029 2843 1098 θανάτου,
2875 1031 3152 1096 ἀκίνδυνος
3187 1031 3376 1098 πλοῦς,
3400 1031 3641 1096 ὑπνοῦσα
3659 1030 3808 1095 ὁδοι-

2225 1121 2409 1191 πορία.
2455 1121 2700 1194 ’Υπακοή
2743 1124 2858 1176 ἐστι
2889 1125 3078 1194 μνῆμα
3114 1123 3405 1196 θελήσεως,
3435 1122 3532 1176 καὶ⁵
3574 1122 3807 1195 εγερσις

2222 1212 2620 1277 ταπεινώσεως·
2633 1214 2731 1266 οὐκ
2749 1213 2983 1285 ἀντερεῖ,
3005 1214 3040 1284 ἢ
3065 1213 3331 1285 διακρίνει
3351 1215 3541 1284 νεκρδς
3573 1215 3631 1267 έν
3661 1215 3808 1282 ἀγα-

2227 1300 2360 1365 θοῖς,
2399 1303 2434 1372 ἢ
2475 1301 2536 1354 τὸ
2581 1301 2757 1357 δοκεῖν
2791 1302 3070 1376 πονηροῖς.
3117 1304 3177 1355 '0
3211 1305 3321 1374 γὰρ
3351 1302 3427 1372 (5)
3478 1301 3809 1364 θανατώσας

2228 1392 2395 1447 αὑτοῦ
2425 1393 2670 1456 -εύσεὸῶς
2709 1393 2810 1464 τὴν
2839 1393 3038 1464 ψυχὴν,
3079 1394 3219 1464 ὑπὲρ
3269 1394 3488 1447 πάντων
3526 1393 3806 1464 ἀπολογή-

2230 1501 2402 1539 σεται.
2445 1485 2690 1556 ’Υπακοή
2739 1486 2890 1538 ἐστιν
2929 1484 3191 1549 ἀπόθεσις
3253 1485 3332 1556 (6)
3362 1485 3687 1555 διακρίσεως
3740 1484 3810 1534 ὲν

2231 1576 2443 1645 πλούτῳ
2461 1576 2801 1647 διακρίσεως,
2828 1576 2970 1648 ἀρχὴ
2992 1575 3070 1650 (ἵ)
3104 1577 3200 1648 μὲν
3226 1575 3566 1646 νεκρὼσεως,
3589 1576 3682 1628 καὶ
3701 1575 3809 1643 ψυα

2229 1665 2332 1735 χῆς
2348 1665 2666 1736 θελήματος,
2685 1668 2774 1720 καὶ
2804 1666 2995 1731 μέλους
3017 1669 3267 1737 σώματος
3284 1667 3462 1730 πόνος·
3491 1666 3724 1736 μεσότης
3745 1665 3811 1718 δέ

2231 1774 2361 1811 ποτε
2390 1758 2488 1828 μὲν
2521 1758 2700 1822 πόνος,
2724 1759 2855 1812 ποτε
2897 1759 2955 1812 δὲ
2984 1759 3202 1812 ἀπονία·
3227 1759 3378 1820 τέλος
3401 1758 3458 1812 δὲ
3477 1757 3812 1826 ἀναισθησία

2229 1847 2414 1903 λοιπὸν
2442 1850 2609 1915 πᾶσα,
2631 1850 2726 1903 κα¹ι
2744 1850 3000 1919 ἀκινησία
3025 1851 3209 1903 πόνου·
3230 1851 3352 1904 τότε
3384 1848 3559 1904 πονῶν
3583 1849 3806 1918 ὁρᾶται,

2235 1939 2329 1993 καὶ
2350 1938 2709 2009 ἀλγυνόμενος
2729 1940 2758 1991 ὁ
2773 1939 2880 2004 ζῶν
2901 1941 3090 2011 νεκρὸς
3109 1935 3260 2004 οὗτος
3277 1941 3305 1992 ὁ
3329 1939 3654 2011 μακαρίτης,
3673 1931 3813 1990 ὅταν

2235 2029 2429 2096 ἑαυτὸν
2464 2030 2654 2099 ὃψεται
2673 2031 2735 2083 τὸ
2766 2033 2962 2084 οἰκεῖον
2999 2029 3253 2084 ποιοῦντα
3279 2030 3511 2100 θέλημα,
3534 2027 3813 2082 δεδοικότα

548 2145 741 2225 judicii
790 2159 914 2199 cum
951 2157 1168 2198 summo
1210 2141 1420 2211 judicio
1479 2140 1768 2195 abdicatio.
1805 2137 2125 2207 Principium

2241 2132 2338 2204 τὴν
2364 2132 2644 2204 βασταγὴν
2664 2134 2758 2187 τοῦ
2788 2133 2980 2189 ἑαυτοῦ
3013 2134 3296 2205 κρίματος.

553 2222 717 2306 bujus
790 2237 1056 2308 religiosa:
1110 2233 1325 2295 mortis,
1394 2247 1501 2303 qua
1545 2224 1823 2285 voluntate
1869 2228 2063 2292 animi,
2110 2239 2217 2297 qua
2271 2225 2518 2294 corporis
2580 2239 2742 2280 sensu
2810 2237 2864 2282 et
2929 2226 3322 2288 membrorum,
3373 2223 3536 2278 habet
3595 2222 3831 2278 labore...

552 2323 785 2379 Medium
834 2324 970 2379 alias
1022 2324 1200 2378 adhuc
1231 2322 1558 2377 laboriosum
1609 2330 1715 2385 est,
1757 2319 1890 2374 alias
1942 2326 2090 2373 caret
2144 2315 2350 2372 labore.
2407 2313 2566 2374 Finis
2613 2314 2726 2385 jam
2757 2325 2916 2371 vacat
2957 2316 3104 2372 omni
3139 2331 3301 2372 sensu
3346 2315 3569 2382 laboris,
3599 2325 3813 2372 etmotu

553 2415 995 2485 perturbationis.
1063 2415 1202 2468 Tum
1270 2413 1504 2484 primum
1579 2413 1869 2482 perbeatus
1921 2409 2010 2465 hic
2038 2409 2289 2478 idemque
2350 2408 2505 2464 vivus
2551 2407 2706 2479 juxta
2771 2421 2932 2480 atque
2953 2418 3202 2466 mortuus
3260 2409 3422 2465 sentit
3449 2407 3688 2464 laborem
3756 2419 3816 2465 et

552 2510 797 2566 dolorem
847 2522 970 2563 cum
1015 2506 1400 2562 animadvertit
1426 2521 1584 2561 suum
1618 2521 1677 2561 se
1701 2504 2235 2560 voluntatissensum
2258 2510 2523 2568 secutum,
2578 2519 2646 2558 ex
2696 2519 2807 2574 quo
2856 2505 2942 2562 sui
2979 2505 3198 2574 pondus
3223 2504 3415 2574 judicii
3465 2502 3809 2560 reformidat.

621 2602 946 2672 Quicunque
996 2603 1062 2656 ad
1089 2600 1357 2670 religiosae
1384 2598 1742 2669 professionis
1764 2597 1995 2653 stadium
2025 2596 2123 2655 de-

2303 2595 2457 2653 Ὂσοι
2501 2596 2579 2666 (8)
2619 2597 2754 2666 πρὸς
2785 2597 2846 2651 τὺ
2875 2598 3083 2653 στάδιον
3134 2601 3234 2669 τῆς
3283 2600 3476 2670 νοερᾶς
3516 2597 3813 2669 ὁμολογίας

554 2693 880 2748 currendum
931 2699 1133 2745 restem
1195 2689 1399 2758 paratis
1433 2702 1669 2758 ponere:
1701 2683 2125 2757 quicunqueju-

2227 2686 2620 2760 ἑπεχειρήσατε
2644 2690 3036 2744 ἀποδύσασθαι·
3067 2691 3182 2746 ὅσοι
3213 2689 3304 2744 τὸν
3327 2690 3422 2744 τοῦ
3444 2689 3679 2762 Χριστοῦ
3702 2688 3810 2753 ζυ-

557 2797 683 2852 gum
713 2782 916 2836 Christi
942 2781 996 2835 in
1021 2781 1286 2836 cervicem
1311 2789 1542 2835 vestram
1570 2778 1734 2835 vultis
1764 2778 1974 2832 tollere:
1999 2775 2125 2845 qui-

2227 2779 2321 2847 γὺν
2377 2781 2470 2834 ἐπὶ
2508 2781 2599 2836 τὸν
2634 2784 2830 2838 οίκεῖον
2862 2782 3064 2853 αὐχένα
3097 2778 3228 2858 ἆραι
3258 2782 3532 2852 βούλεσθε·
3564 2783 3679 2837 ὅσοι
3740 2783 3814 2835 ὲκ

565 2885 783 2939 cunque
812 2870 880 2924 ab
918 2872 1020 2924 hoc
1058 2870 1179 2939 ipso
1211 2877 1414 2938 puncto
1447 2866 1706 2936 temporis
1741 2865 2124 2936 impedimenta

2227 2870 2414 2926 ratirati
2447 2872 2508 2926 τὸ
2531 2873 2739 2929 ἑαυτῶν
2766 2875 2984 2945 φορτίον
3007 2875 3100 2928 ἐπὶ
3130 2874 3224 2930 τὸν
3250 2875 3344 2929 τοῦ
3375 2875 3561 2946 ἐτέρου
3594 2874 3808 2946 τράχη-

556 2961 896 3015 sarcinarum
930 2961 984 3014 in
1019 2961 1243 3015 alterius
1272 2961 1530 3015 humeros
1566 2957 1792 3028 rejicere
1814 2956 2123 3012 conamini:

2233 2961 2326 3015 λον
2348 2963 2612 3018 ἐπιθεῖναι
2636 2965 2984 3029 σπουδάζετε·
3007 2965 3123 3032 ὅσοι
3153 2967 3250 3030 τὰς
3269 2965 3482 3021 ἑαυτῶν
3502 2966 3642 3030 ὠνὰς
3663 2963 3810 3035 γράο

556 3051 872 3120 quicunque
920 3065 1020 3106 vos
1073 3050 1222 3122 ipsos
1252 3048 1306 3103 in
1334 3049 1656 3104 servitutem
1683 3046 2046 3105 transcribere
2073 3054 2125 3100 et

2235 3052 2333 3123 ψαι
2365 3054 2630 3118 ἑκουσίως
2661 3055 2939 3122 σπεύδετε,
2965 3057 3060 3109 καὶ
3093 3055 3464 3110 ἀντ’ίὲκείνων
3485 3055 3814 3126 ἐλευθερίαν

555 3132 900 3211 emancipare
949 3139 1276 3210 properatis,
1306 3148 1366 3193 ut
1398 3153 1495 3209 pro
1527 3137 1616 3192 illa
1641 3152 1822 3193 veram
1875 3138 1928 3191 in
1964 3137 2128 3192 liber-

557 3245 720 3290 tatem
751 3235 1076 3293 asseramini
1102 3252 1116 3289 :
1163 3234 1495 3305 quicumque
1532 3232 1792 3291 manibus
1817 3232 2020 3292 alimus
2045 3233 2127 3292 le-

555 3322 686 3389 vati,
736 3326 840 3380 hoc
882 3325 1073 3395 ingens
1116 3323 1306 3380 mundi
1354 3325 1575 3396 pelagus
1613 3318 1877 3393 ‘trajieere
1904 3325 2123 3395 cupitis,

558 3415 750 3469 scitote
785 3430 882 3470 vos
944 3429 1189 3484 asperam
1245 3416 1485 3485 quidem,
1537 3414 2123 3484 sed-compendiosam

460 3504 464 3508 ”
560 3504 702 3558 viam
756 3502 1030 3568 insistere,
1063 3520 1187 3574 qua:
1215 3518 1385 3560 unum
1419 3505 1704 3568 duntaxat,
1737 3513 1792 3559 et
1815 3504 2038 3559 unicum
2071 3505 2125 3559 in

561 3608 622 3648 se
675 3593 919 3648 continet
957 3593 1162 3649 erroris
1223 3592 1591 3664 labyrinthum
1645 3593 1984 3664 ίδιορυθμίαν
2044 3593 2128 3649 di-

561 3692 705 3737 ctum
755 3683 840 3752 (si
872 3697 970 3751 pro
1003 3682 1083 3736 tui
1137 3695 1332 3750 nempe
1365 3680 1534 3750 ipsius
1560 3681 1754 3749 iudicii
1797 3695 1983 3745 sensu,
2011 3681 2130 3735 sine

558 3772 740 3830 ductu.
777 3773 1002 3828 alterius
1050 3771 1184 3828 velis
1212 3771 1543 3842 progredi);
1573 3785 1737 3839 quam
1797 3771 1890 3840 qui
1932 3779 2127 3826 cautus

559 3863 780 3918 omnino
830 3862 1140 3928 declinarit,
1189 3861 1278 3915 bic
1298 3873 1425 3914 vero
1448 3859 1761 3930 priusquam
1794 3859 1896 3914 iter
1929 3871 2011 3913 est
2038 3857 2124 3913 in-

560 3970 801 4024 gressus,
847 3955 956 4023 jam
1008 3952 1076 4007 ad
1128 3963 1328 4007 metam
1361 3961 1574 4015 eorum,
1603 3965 1724 4020 quae
1757 3949 2004 4014 honesta,
2044 3963 2126 4006 re-

563 4047 775 4116 ligiosa,
807 4057 861 4100 et
885 4047 993 4101 Deo
1020 4052 1175 4115 grata
1205 4043 1479 4107 videntur,
1509 4043 1772 4114 pervenit.
1808 4041 2122 4098 Oberlientia

561 4137 758 4207 quippe
803 4136 938 4190 nihil
998 4135 1292 4207 aliudvest.
1339 4148 1503 4204 quam
1556 4134 1657 4188 sibi
1707 4133 1813 4203 ipsi
1846 4133 1899 4187 in
1947 4133 2124 4188 omni—

562 4227 665 4281 bus
726 4242 822 4297 per
873 4241 1090 4282 omnem
1149 4209 1316 4281 vitam
1376 4224 1444 4277 ad
1488 4233 1716 4278 mortem
1763 4210 1936 4293 usque
1981 4222 2123 4277 diflio

2231 3146 2508 3214 γραφῆναι
2535 3144 2662 3214 ὑμῖν
2697 3144 2970 3213 βούλεσθε·
3001 3145 3114 3199 ὅσοι
3141 3146 3326 3216 χερσὶν
3350 3145 3551 3216 ἑτέρων
3569 3143 3814 3212 meos.

2231 3251 2385 3305 μενοι
2413 3235 2701 3306 νηχόμενοι
2729 3236 2791 3290 τὸ
2817 3236 2962 3308 μέγα
2991 3234 3150 3290 τοῦτο
3183 3234 3510 3305 περαιοῦσθε
3543 3234 3811 3300 πέλαγος,

2231 3326 2406 3396 γνῶτε
2431 3327 2506 3390 ὡς
2541 3325 2804 3397 σύντομόν
2833 3342 2974 3388 τινα,
3008 3326 3102 3379 καὶ
3137 3326 3393 3396 τραχεῖαν
3417 3324 3533 3379 όδδν
3556 3323 3811 3397 ,βαδίζειν

2232 3418 2650 3489 ἑπεχειρήσατε,
2683 3418 2814 3489 μίαν
2858 3416 3064 3486 πλάνην
3101 3417 3195 3470 καὶ
3228 3416 3398 3487 μόνην
3425 3415 3483 3470 ὲν
3527 3417 3664 3488 αὐτῇ
3703 3434 3812 3472 ποε-

2231 3502 2514 3576 κτημένοι,
2567 3503 2706 3574 αὕτη
2739 3503 2796 3557 δὲ
2839 3503 3086 3558 καλεῖται
3124 3504 3201 3576 (9)
3234 3504 3557 3576 ίδιορυθμία·
3619 3506 3649 3560 ό
3689 3506 3822 3578 γὰρ.

2232 3597 2436 3668 ταύτην
2459 3597 2537 3659 είς
2570 3595 2717 3650 ἅπαν
2750 3595 3224 3673 ἀπαρνησάμενος,
3268 3597 3326 3652 ἐν
3365 3591 3446 3660 οἷς
3484 3597 3631 3651 δοκεῖ
3658 3593 3808 3656 εἶναι

2180 3724 2187 3731 .
2233 3687 2415 3751 καλοῖς
2455 3685 2588 3757 (10),
2626 3687 2721 3741 καὶ
2764 3683 3170 3754 πνευματικοῖς,
3201 3685 3295 3739 καὶ
3337 3685 3649 3757 θεαρέστοις
3693 3688 3812 3760 πρὸ

2230 3779 2325 3832 τοῦ
2370 3777 2608 3848 βαδίζειν
2633 3776 2882 3847 ἔφθασεν.
2929 3776 3171 3849 Ύπακοὴ
3225 3776 3338 3854 γάρ
3383 3779 3532 3833 ἔστιν
3573 3780 3808 3834 ἀπιστία

2229 3869 2407 3939 ἑαυτῷ
2436 3870 2494 3922 ἐν
2518 3870 2627 3930 τοῖς
2657 3869 2840 3932 καλοῖς
2869 3868 3038 3947 ᾷπασι
3065 3868 3227 3940 μέχρι
3248 3861 3432 3933 τ’ἓλους
3456 3869 3619 3940 ζωῆς.
3648 3869 3806 3924 Μέλ-

2227 3962 2410 4024 λοντες
2444 3963 2501 4014 ἐν
2540 3959 2729 4030 Κυρίῳ
2760 3959 2852 4015 τὸν
2882 3959 3089 4018 ἑαυτῶν
3111 3960 3316 4031 αὐχένα
3346 3961 3571 4027 κλίνειν,
3607 3962 3809 4032 σκοπῷ

2229 4053 2330 4123 μὲν
2357 4053 2450 4108 καὶ⁵
2470 4053 2614 4122 λόγῳ
2637 4051 3156 4124 ταπεινοφροσύνης,
3178 4052 3271 4106 καὶ
3295 4052 3502 4123 κυρίως
3521 4051 3619 4123 τὴν
3633 4051 3806 4123 ἡμῶν

2231 4142 2504 4210 σωτηρίαν
2544 4141 2734 4212 ἑτέρῳ,
2777 4144 2834 4195 ἐν
2869 4141 3060 4212 Κυρίῳ
3100 4141 3396 4196 πιστεύειν·
3434 4143 3544 4213 πρὸ
3573 4141 3674 4211 μὲν
3696 4140 3806 4212 τῆς

2229 4228 2458 4293 εἰσόδου,
2493 4229 2650 4298 εἰπερ
2687 4245 2771 4293 τις
2802 4229 3054 4300 πονηρία,
3089 4231 3184 4284 καὶ¹
3217 4215 3479 4302 φρόνησις
3502 4230 3635 4300 παρ’
3662 4229 3806 4299 ἡμῖν

563 4319 710 4372 dere.
752 4319 1076 4389 Quicunque
1120 4318 1387 4374 cervicem
1415 4317 1548 4386 jugo
1594 4313 1807 4368 Domini
1860 4314 2125 4382 subjicere

2229 4317 2505 4390 τυγχάνει,
2526 4320 2622 4377 ,τὸν
2643 4320 2771 4372 κυῦε
2781 4322 2977 4392 ρνήτην
2999 4321 3393 4394 ἀνακρίνωμεν,
3415 4319 3806 4384 καὶ-ἐξετάσω-

562 4403 670 4476 43
700 4417 754 4459 et
791 4408 1176 4463 submissionis
1209 4422 1273 4462 ac
1321 4404 1517 4460 salutis
1551 4402 1731 4475 studio
1764 4410 2005 4455 nostram
2041 4415 2130 4455 sa-

566 4495 732 4550 lutem
764 4496 917 4551 alteri
953 4498 1005 4550 in
1043 4498 1273 4553 Domino
1307 4512 1432 4555 vere
1476 4494 1820 4551 committere
1855 4493 2128 4557 volumus,

565 4599 690 4642 ante
731 4581 1033 4658 ingressum
1083 4587 1361 4657 religionis
1397 4589 1465 4658 (si
1513 4603 1621 4658 qua
1668 4597 1846 4640 tamen
1879 4586 1932 4637 in
1973 4585 2128 4639 nobis

560 4686 644 4731 est
677 4677 816 4732 mica
851 4676 1005 4740 salis,
1051 4679 1286 4738 astutiae.
1321 4679 1564 4748 inquam,
1599 4686 1653 4732 et
1681 4676 2004 4747 prudentiae)
2029 4691 2127 4742 gu-

564 4772 905 4824 bernatorem
938 4767 1226 4838 diligenter
1261 4775 1387 4821 ante
1415 4768 1760 4836 exploremus
1801 4777 1854 4822 et
1883 4766 2122 4821 excutian

565 4871 706 4920 mus,
737 4863 923 4924 atque,
957 4863 1018 4908 ut
1051 4853 1124 4907 ita
1166 4853 1378 4922 loquar,
1417 4863 1585 4908 totum
1634 4866 2029 4925 permutemus,
2061 4872 2128 4911 ne

565 4961 662 5015 pro
694 4947 967 5001 uavarcbo
1012 4947 1066 5000 in
1103 4945 1395 5013 remigem;
1422 4959 1526 5014 pro
1556 4946 1763 5001 medico
1798 4949 1851 5002 in
1882 4964 2084 5021 aegrum
2108 4989 2122 5013 ,

564 5049 662 5104 pro
700 5034 944 5103 perfecto
1003 5035 1058 5089 in
1112 5034 1372 5090 vitiosum
1439 5043 1493 5088 et
1529 5034 1805 5092 aﬂ‘ectibus
1831 5039 2126 5094 obnoxium

562 5125 910 5189 incidamus,
969 5125 1234 5195 adeoque,
1289 5123 1418 5178 dum
1446 5133 1661 5192 portum
1714 5129 2024 5195 querimus,
2073 5131 2127 5183 in

565 5214 799 5284 Scyllam
837 5213 1248 5285 et'Charybdim
1287 5205 1410 5269 cum
1473 5225 1620 5268 certo
1657 5218 1918 5290 naufragii
1962 5223 2129 5277 exitio

562 5308 948 5377 impingamus.
999 5304 1267 5360 Caeterum
1325 5305 1416 5359 ubi
1485 5299 1727 5360 'stadium
1787 5293 2024 5380 pietatis
2077 5324 2129 5368 et

562 5397 882 5454 obedientia:
939 5395 1170 5464 ingressi
1219 5397 1525 5460 fuerimus,
1586 5397 1784 5453 bonum
1844 5405 2127 5472 praesidem

565 5498 815 5543 nostrum
860 5501 1204 5557 nequaquam
1255 5488 1489 5556 amplius
1512 5487 1910 5567 .judieabimus,
1956 5511 2129 5564 neque

567 5576 715 5630 illius
745 5591 928 5631 mores
951 5575 1061 5631 ulla
1094 5575 1303 5631 ratione
1325 5575 1391 5630 ad
1418 5574 1610 5644 judicii
1636 5578 1807 5631 nostri
1838 5594 2121 5636 censuram

556 5667 938 5724 revocabimus
963 5710 979 5734 ,
1031 5666 1281 5738 quamvis
1315 5666 1635 5731 nonnullas,
1672 5678 1731 5721 ut
1779 5669 1834 5722 in
1881 5671 2120 5736 homine,

566 5754 716 5813 labes
745 5761 1053 5826 maculasve
1072 5757 1296 5828 exiguas
1327 5759 1696 5815 notaverimus
1727 5776 1740 5814 :
1771 5759 1972 5832 alioqui
2002 5765 2122 5818 nul-

2236 4425 2356 4478 μεν,
2381 4405 2472 4461 καὶ
2496 4449 2511 4472 ,
2537 4403 2604 4463 ἵν’
2627 4407 2799 4472 οὕτως
2844 4412 3001 4478 είπω,
3058 4412 3428 4483 πειράσωμεν,
3455 4409 3543 4462 ἵνα
3590 4409 3666 4480 μὴ
3715 4410 3806 4482 τῷ

2231 4496 2401 4570 ναύτῃ
2431 4498 2506 4561 ὡς
2525 4498 2848 4571 κυϐερνήτῃ,
2871 4501 2967 4554 καὶ
2991 4499 3070 4572 τῷ
3105 4500 3346 4555 νοσοῦντι
3367 4498 3444 4562 ὡς
3469 4497 3666 4569 ίατριῖι,
3700 4503 3804 4554 καὶ
3843 4488 3846 4489 ν

2229 4588 2306 4657 τῷ
2365 4589 2605 4658 ἐμπαθεῖ
2648 4592 2724 4654 ὡς
2771 4593 2991 4655 ἀπαθεῖ,
3025 4591 3119 4644 καὶ
3153 4588 3232 4660 τῷ
3281 4589 3395 4657 (ﬂ)
3435 4587 3660 4656 πελάγει
3719 4587 3804 4653 ὥς

2229 4677 2405 4745 λιμένι
2462 4681 2882 4750 περιπεσόντες,
2943 4679 3160 4748 ἕτοιμον
3219 4676 3416 4747 ἑαυτῆς
3473 4677 3804 4748 εὑρήσωμεν

2228 4768 2506 4836 ναυάγιον.
2540 4769 2691 4823 Μετά
2731 4770 2788 4823 δὲ
2815 4770 2912 4838 τὴν
2939 4771 2999 4821 ἐν
3020 4767 3104 4838 τῷ
3141 4767 3338 4837 σταδίῳ
3363 4766 3548 4821 λοιπὸν
3576 4768 3676 4836 τῆς
3703 4769 3804 4823 εὐ-

2230 4854 2464 4921 σεϐείας,
2491 4858 2583 4910 καὶ
2609 4858 2881 4926 ὑποταγῆς
2900 4855 3123 4916 εἴσοδον,
3151 4853 3263 4923 (l2)
3292 4855 3490 4925 μηκέτι
3505 4855 3601 4908 τὸν
3624 4856 3800 4914 καλὸν

2228 4946 2386 5019 ἡμῶν
2418 4948 2762 5018 ἀγωνοθέτην
2784 4947 2851 5000 ’ἐν
2873 4965 2980 5000 τινι
3007 4944 3070 4999 τὸ
3093 4945 3308 4999 σύνολον
3335 4945 3455 5016 (13)
3483 4947 3800 5018 ἀνακρίνω-

2233 5053 2351 5106 μεν,
2372 5038 2473 5091 κάν
2502 5056 2621 5092 τινα
2653 5039 2711 5091 ὲν
2737 5036 2888 5107 αὑτῷ
2913 5036 2987 5099 ὡς
3015 5037 3073 5090 ὲν
3092 5034 3363 5106 ἀνθρώπῳ
3398 5036 3528 5098 ἴσως
3552 5035 3633 5102 ἐτι
3659 5036 3801 5109 ppu-

2228 5128 2328 5198 χέα
2363 5130 2807 5202 πλημμελήματα
2838 5124 3176 5199 θεασώμεθα.
3213 5128 3278 5181 El
3306 5127 3370 5181 δὲ
3405 5126 3499 5200 μὴ,
3533 5127 3694 5194 οὐδὲν
3728 5132 3799 5186 ὲκ

2227 5221 2326 5290 τῆς
2350 5222 2630 5292 ὑποταγῆς
2657 5224 2706 5275 oi
2734 5220 3114 5292 ἀνακρίνοντες
3141 5218 3515 5289 ὠφελούμεθα.
3552 5220 3796 5292 Ἀνάγκη

2229 5312 2378 5364 πᾶσα
2406 5314 2528 5376 τοὺς
2560 5311 2912 5382 βουλομένους
2959 5312 3018 5364 ὲν
3062 5311 3174 5373 τοῖς
3219 5308 3564 5364 ὲπιστατοῦσι
3607 5311 3796 5367 πίστιν

2227 5401 2547 5456 ἀδίστακτον
2567 5401 2657 5455 διὰ
2677 5400 2874 5463 παντὸς
2901 5397 3170 5470 κατέχειν,
3194 5397 3262 5452 τά
3285 5398 3489 5453 τούτων
3513 5399 3799 5471 κατορθοῖ»-

2233 5509 2378 5562 ματα
2406 5495 2464 5546 ὲν
2500 5496 2565 5564 τῇ
2595 5491 2774 5545 αὐτῶν
2815 5489 3010 5560 καρδίᾳ
3033 5489 3412 5555 ἀνεξάλειπτα,
3447 5491 3542 5546 καὶ
3565 5489 3798 5561 ἀείμνη-

2231 5599 2330 5635 στα
2365 5582 2672 5652 φυλάττειν,
2711 5581 2796 5634 ἴνα
2844 5581 2934 5633 ὅτε
2983 5581 3031 5633 οί
3059 5570 3309 5651 ’δαίμονες
3353 5583 3485 5652 ἡμῖν
3531 5581 3799 5637 ἀπιστίαν

2228 5674 2361 5743 πρὸς
2383 5674 2575 5737 αὐτοὺς
2599 5669 2911 5742 σπείρωσιν,
2937 5672 3001 5723 ὲκ
3021 5670 3127 5724 τῶν
3148 5672 3206 5724 ἐν
3228 5674 3361 5744 ἡμῖν
3385 5669 3801 5745 μνημονευομὲ-

2228 5783 2332 5820 νων
2363 5763 2821 5834 ἁποφιμὼσωμεν.
2855 5761 3095 5816 Καθόσον
3125 5763 3282 5836 γάρή
3313 5763 3494 5826 πίστίς
3519 5760 3704 5817 θάλλει
3734 5759 3798 5813 ἑν
