4048 6338
191 387 293 451 331

1170 394 1392 450 SCALA
1453 392 1817 465 PARADiSl.
1863 416 1931 425 -·
1972 389 2274 450 GR.-\l)l1.\'
2312 392 2405 451 Ν.

3299 383 3406 444 682

190 503 257 570 ’ῖῇ
290 500 501 570 καρδία.
535 499 674 555 κατὰ
706 500 953 554 τοσοῦτον
976 502 1066 554 καὶ
1090 501 1146 554 τὸ
1172 518 1327 570 σωμα
1355 501 1566 552 ςπεύδει
1597 503 1651 550 εν
1678 517 1744 567 τῃ

1860 504 1960 553 lum
1997 517 2061 553 ex
2109 498 2443 566 obsequendi
2493 496 2673 549 studio
2720 496 2954 546 frui-tum
2990 506 3167 559 opera:
3203 495 3409 545 retere—

197 593 451 662 '-taxovi.3.
499 592 670 645 Ἐπαν
706 592 762 644 δὲ
795 595 871 654 εἰς
912 593 1162 645 ἀπιστίαν
1207 591 1524 664 προσκόῷῃ,
1566 593 1742 642 ἐπεσε-

184 683 435 748 Πάντως
473 682 581 750 γὰρ
618 682 650 735 ὂ
688 685 798 736 οὐκ
833 685 900 736 ἐκ
943 684 1218 749 πίστεως,
1257 685 1508 751 ἁμαρτία
1561 684 1744 734 ἐστίν.

199 772 374 824 Ἐπαν
427 789 486 823 σε
518 775 546 824 ὁ
583 772 833 840 λογισμὸς
888 772 1248 841 ἀνακρῖναι,ἢ
1301 773 1616 840 κατακρῖναι
1659 772 1749 821 τὸν

186 863 600 934 προηγούμενον
631 863 926 935 ὑποΰάλλῃ,
957 864 1031 926 ὡς
1057 864 1164 916 ἀπὸ
1192 863 1444 933 πορνείας
1472 861 1749 929 ἀποπήδη-

187 973 300 1008 σον
333 955 456 1024 μηδ’
486 955 619 1018 ὅλως
661 955 739 1024 τῷ
767 956 885 1022 ὕφει
918 955 1089 1027 τούτῳ
1123 955 1406 1026 παράσχῃς
1438 954 1638 1007 ἄδειαν·
1674 954 1747 1022 μὴ

183 1045 375 1108 τόπον,
412 1045 485 1114 μὴ
516 1043 738 1106 εἴσοδον,
774 1042 848 1114 μὴ
888 1044 1078 1114 ἀρχήν.
1117 1045 1354 1111 Φοέγγου
1395 1043 1451 1095 δὲ
1491 1043 1624 1113 προς
1661 1042 1752 1095 τὸν

181 1135 480 1203 δράκοντα·
504 1129 573 1188 Ὦ
610 1133 880 1187 ἀπατεὼν·
924 1135 1025 1186 οὐκ
1067 1134 1176 1202 ἐγὼ
1208 1133 1300 1187 τοῦ
1329 1135 1602 1204 ἄρχοντος,
1637 1132 1750 1185 ἀλλ’

183 1228 354 1290 αὐτὸς
376 1227 436 1278 τὸ
466 1226 593 1296 ἐμὸν
618 1229 792 1297 κρῖμα
815 1227 1117 1292 ἀνεδέξατο·
1139 1228 1237 1280 οὐκ
1259 1229 1367 1294 ἐγὼ
1387 1228 1615 1287 ἐκείνου,
1638 1225 1751 1279 ἀλλ’

182 1319 352 1382 αὐτὸς
374 1316 506 1388 ἐμοῦ
537 1319 726 1389 κριτὴς
758 1317 1112 1388 καθέστηκεν.
1142 1319 1344 1372 Ὂπλον
1381 1319 1477 1388 μὲν
1505 1321 1552 1371 οἱ
1580 1313 1754 1371 Πατέ-’

188 1427 282 1480 ρες
311 1411 414 1478 τὴν
439 1409 773 1480 ψαλμῳδίαν,
802 1409 898 1481 τὴν
928 1410 984 1463 δὲ
1007 1410 1311 1481 προσευχὴν
1331 1411 1526 1478 τεῖχος,
1559 1409 1752 1476 λουτῆ-

187 1520 259 1572 ρα
297 1503 359 1555 δὲ
385 1503 443 1554 τὸ
471 1503 696 1572 ἄμωμον
719 1503 947 1571 δάκρυον
976 1497 1114 1556 εἶναι
1135 1503 1422 1572 ὁρίζονται’
1450 1503 1547 1572 τὴν
1573 1502 1628 1554 δὲ
1659 1519 1756 1570 μα-

185 1593 390 1660 καρίαν
444 1592 686 1662 ὑπακοὴν
725 1592 1011 1662 ὁμολογίαν
1058 1592 1296 1663 ἔκριναν,
1331 1587 1398 1661 ἧς
1442 1591 1551 1660 (14)
1590 1593 1754 1660 χωρὶς

181 1682 367 1744 οὐδεὶς
392 1681 496 1733 τῶν
526 1681 784 1750 ὲμπαθῶν
830 1683 1019 1750 ὄψεται
1042 1682 1131 1734 τὸν
1161 1681 1380 1752 Κύριονο
1412 1683 1440 1732 ό
1470 1682 1754 1732 ὑποτακτι-

1855 606 1994 644 mus.
2055 590 2285 643 Prorsus
2340 603 2561 650 necesse.
2607 595 2688 638 est
2752 592 2809 636 nt
2857 584 2948 650 qui
3005 581 3158 634 bona:
3213 581 3410 634 mentis

1854 679 2216 732 constantiam
2256 693 2381 746 erga
2417 690 2546 729 suos
2580 672 2816 741 majores
2851 672 3231 724 inconcuSsant
3270 671 3409 724 tueri

1855 770 2062 831 statuit,
2099 779 2243 822 recte
2274 767 2412 820 facta
2448 767 2660 818 illorum
2689 773 2744 817 et
2768 764 2992 816 virtutes
3016 761 3222 832 intimis
3246 761 3412 814 animi

1857 863 2107 917 sensibus
2142 871 2389 928 reponat,
2427 874 2524 912 nec
2562 872 2800 924 unquam
2830 871 2896 908 ex
2928 854 3187 906 memoria
3214 852 3412 914 deleat,

1857 950 1951 1003 sed
1984 949 2087 1002 lixa
2117 958 2425 1016 retentaque
2458 947 2762 1010 custodiat;
2803 955 2862 999 ut
2889 943 2934 998 si
2962 944 3180 1013 quando
3207 951 3416 995 satores

1859 1041 2124 1094 malorum
2159 1040 2430 1093 daemones
2469 1037 2777 1091 diuidenda:
2825 1036 3034 1090 semina
3079 1043 3268 1088 contra
3297 1047 3416 1086 ca:-

1856 1133 2002 1186 nobii
2039 1132 2314 1185 antistites
2351 1132 2402 1183 in
2447 1131 2604 1184 nobis
2651 1130 2987 1196 sparserint,
3023 1143 3090 1181 ex
3135 1125 3418 1194 prieterita:

1858 1224 1980 1276 vita:
2033 1223 2408 1276 recordatione
2466 1221 2812 1275 cet-berorum
2889 1233 2984 1273 Ora
3042 1217 3415 1271 retundamus.

1857 1313 1990 1366 Nam
2029 1329 2138 1383 quo
2179 1314 2351 1384 magis
2387 1313 2519 1366 fides
2563 1315 2616 1365 ili
2653 1313 2834 1365 animo
2881 1310 3110 1378 subjecti
3136 1324 3262 1377 erga
3294 1308 3422 1359 reli-

1857 1405 2037 1474 giosos
2074 1404 2258 1458 Patres
2297 1404 2608 1467 ellluruerit,
2643 1404 2744 1456 hoc
2786 1401 3086 1470 promptius
3130 1402 3195 1453 ad
3235 1399 3420 1454 onmia

1855 1513 2053 1566 corpus
2093 1497 2265 1550 oﬂicia
2297 1497 2588 1549 discut-ret.
2641 1495 2960 1562 Quicunque
3000 1508 3127 1544 vero
3164 1492 3230 1544 ad
3281 1489 3423 1542 diffi-

1856 1589 2033 1642 deutis
2084 1588 2252 1642 animi
2317 1589 2601 1655 secpulnm
2648 1585 2962 1647 offenderit,
3020 1583 3256 1646 labetur;
3309 1583 3422 1633 imo

1855 1678 1966 1745 jam
2019 1680 2203 1745 lapsus
2245 1686 2348 1732 est.
2401 1677 2668 1745 Quidquid
2707 1677 2844 1728 enim
2883 1690 2982 1726 non
3020 1688 3084 1725 ex
3130 1673 3233 1739 ﬁde
3275 1671 3419 1736 agit.

187 1771 282 1835 κὸς
313 1770 472 1833 αὐτὸς
490 1771 586 1840 τὴν
613 1770 790 1838 ψῆφον
821 1769 1148 1826 καθ’έαυτοῦ
1177 1771 1392 1839 ἐκφέρει
1422 1772 1470 1822 εἰ
1496 1770 1591 1836 μὲν
1609 1767 1752 1837 (cod.

1860 1777 2122 1836 peccatum
2155 1780 2231 1821 est
2256 1768 2321 1819 ‘°.
2358 1765 2456 1819 L'bi
2483 1777 2532 1819 te
2564 1767 2952 1834 cogitationum
2982 1762 3092 1834 μ
3120 1764 3289 1816 turba:
3318 1761 3423 1812 im-

183 1865 280 1925 A.,
305 1863 436 1933 γὰρ)
458 1862 543 1915 διὰ
563 1861 673 1930 (15)
691 1861 892 1932 Κύριον
915 1862 1134 1924 τελείως
1164 1861 1478 1924 ὑπακούσει,
1501 1863 1547 1912 εξ
1571 1862 1663 1913 καὶ
1685 1860 1758 1930 μὴ

183 1952 584 2019 δόξειτελείως,
601 1952 660 2004 τὸ
677 1950 867 2004 ἑαυτοῦ
889 1955 1060 2023 κρῖμα
1084 1952 1384 2017 ὲξεδύσατο.
1411 1952 1471 2005 ΕΞ
1491 1953 1543 2005 δὲ
1570 1953 1762 2005 τὸέαυ-

184 2043 287 2095 τοῦ
313 2042 372 2094 ἐν
393 2059 528 2095 τισιν
556 2043 818 2114 tam).qu
847 2043 1075 2114 θέλημα,
1106 2043 1140 2113 ἦ
1161 2045 1256 2098 καὶ
1281 2044 1418 2110 δόξει
1443 2044 1754 2107 ὑπακούειν,

183 2134 357 2196 αὐτὸς
385 2133 446 2186 τὸ
470 2134 680 2204 φορτίον
702 2135 1039 2205 ἐπιφέρεται·
1066 2137 1113 2188 εξ
1143 2136 1323 2205 μέντοι
1341 2136 1503 2190 αὑτὸν
1527 2136 1760 2205 ἐλέγχων

185 2226 216 2276 ὀ
241 2221 525 2292 προεστὼς
563 2224 662 2276 οὐκ
686 2223 982 2289 ἐπαύσατο,
1008 2220 1067 2277 εὖ
1093 2224 1158 2277 ἂν
1176 2225 1311 2294 ἔχοιο
1340 2229 1388 2278 εἰ
1425 2227 1480 2278 δὲ
1512 2225 1626 2296 (l6)
1672 2244 1760 2280 σεο

189 2313 465 2382 σιώπηκε,
492 2313 544 2364 τί
567 2313 744 2380 λέγειν
768 2313 867 2366 οὐκ
887 2313 1012 2383 ἔχω.
1039 2315 1114 2367 Οἰ-
1133 2316 1190 2366 ὲν
1211 2314 1319 2384 (17)
1342 2315 1602 2384 ἁπλότητι
1627 2311 1758 2368 ὑποο

184 2403 521 2469 τασσόμενοι
559 2404 616 2455 ὲν
647 2403 832 2472 Κυρίῳ
863 2403 1024 2456 καλὸν
1052 2403 1248 2473 δρόμον
1284 2403 1566 2474 περαιοῦσι
1609 2403 1756 2474 [cod.

187 2497 260 2548 Α.
297 2491 694 2565 περαιοῦνται1,
722 2495 796 2564 μὴ
822 2495 1169 2562 κεκινηκότες
1203 2497 1409 2558 ἑαυτοῖς
1437 2496 1504 2547 δι’
1535 2494 1758 2565 ἀκριϐο-

187 2587 390 2656 λογίαν,
415 2587 514 2658 τὴν
551 2585 657 2638 τῶν
694 2586 962 2655 δαιμόνων
997 2587 1346 2655 πανουργίαν.
1395 2587 1506 2658 Πρὸ
1541 2586 1756 2638 πάντων

188 2674 715 2745 ἐξομολογησώμεοα
738 2676 814 2746 τῷ
845 2675 993 2746 καλῷ
1020 2676 1175 2745 ἡμῶν
1212 2677 1437 2747 δικαστῇ
1467 2679 1558 2730 καὶ
1590 2675 1753 2748 μόνῳ,

194 2767 249 2818 εἰ
292 2765 350 2818 δὲ
387 2766 596 2819 κελεύει
643 2767 737 2819 καὶ
769 2769 902 2820 πᾶσι
917 2775 936 2797 ’⁸
986 2763 1252 2838 μώλωπες
1289 2767 1396 2840 γὰρ
1429 2768 1756 2840 Θριαμϐευό-

194 2872 375 2924 μενοι,
406 2856 468 2907 οὐ
508 2856 868 2933 προκόψουσιν
898 2858 990 2910 ἐπὶ
1023 2857 1083 2910 τὸ
1125 2861 1324 2928 χεῖρον,
1361 2859 1474 2911 ἀλλ’
1508 2859 1755 2926 ἰαθήσον-

189 2962 312 2999 ται.
341 2945 571 3014 Φοὸερόν
604 2962 706 2998 που
738 2945 1170 3016 παραγενόμενος
1215 2949 1274 2998 ὲν
1299 2947 1547 3016 κοινοὸίῳ
1591 2941 1755 3003 καλοὖ

190 3038 407 3108 κριτοῦ,
447 3039 540 3091 καὶ
571 3037 826 3108 ποιμένος
854 3036 1071 3103 ἑώρακα
1109 3040 1410 3110 κριτήριον.

1860 1861 2113 1930 pulerint,
2154 1860 2232 1913 uti
2270 1859 2322 1910 in
2360 1858 2638 1926 praesidem
2685 1865 2857 1917 tuum,
2891 1865 2984 1908 aut
3019 1854 3292 1922 inquiras,
3329 1861 3424 1903 aut

1856 1968 1979 2006 cum
2025 1951 2272 2014 damnes,
2308 1950 2377 2002 ab
2425 1935 2535 2003 illis
2576 1960 2829 2017 tanquam
2880 1947 2947 1999 ab
3001 1955 3192 2012 stupro
3237 1942 3419 2003 resili;

1856 2059 2033 2112 neque
2081 2043 2339 2111 deceptus
2387 2042 2518 2096 huic
2555 2041 2752 2109 vipera:
2800 2040 2964 2093 ullam
3011 2037 3170 2091 fidem
3213 2035 3424 2105 prmbe.

1855 2150 2030 2205 neque
2071 2135 2252 2188 locum
2283 2135 2380 2197 da,
2412 2148 2514 2187 nec
2543 2133 2783 2198 aditum,
2821 2147 2920 2186 nec
2966 2132 3137 2184 ullum
3170 2128 3424 2198 principii

1857 2229 2164 2296 vestigium.
2209 2225 2351 2292 Quin
2397 2236 2452 2280 tu
2496 2234 2768 2287 excetram
2814 2223 2959 2276 illam
3005 2223 3083 2276 sic
3117 2221 3421 2289 compella:

1855 2319 2051 2373 Audin‘
2088 2318 2310 2372 humani
2343 2327 2399 2372 ιιι
2447 2316 2664 2386 generis
2692 2315 2980 2382 deceptor?
3013 2311 3130 2366 Non
3159 2327 3260 2381 ego
3287 2327 3428 2381 prai—

1856 2411 1989 2464 sidis
2021 2410 2073 2462 in
2105 2424 2192 2462 me
2238 2405 2530 2477 judicium,
2569 2405 2660 2460 sed
2683 2420 2884 2460 .mcum
2919 2405 3030 2474 ipse
3065 2405 3120 2459 in
3151 2421 3209 2458 se
3235 2417 3427 2458 susce-

1856 2501 1971 2569 pit:
2005 2514 2112 2552 non
2145 2497 2288 2552 illius
2323 2512 2456 2566 ego,
2510 2496 2606 2550 sed
2656 2513 2809 2551 mens
2859 2495 2949 2550 ille
2978 2495 3144 2565 judex
3173 2506 3274 2550 est.
3315 2493 3429 2548 Ma-

1855 2587 2005 2655 jores
2047 2589 2220 2642 nostri
2265 2603 2415 2646 arma
2468 2587 2746 2657 religionis
2797 2589 2983 2642 dixere
3030 2588 3428 2656 psalmodiam;

1861 2677 2083 2741 momia,
2103 2691 2323 2745 preces;
2349 2678 2563 2741 balnea,
2589 2678 2831 2731 sinceras
2858 2677 3122 2747 lacrymas
3149 2696 3162 2730 :
3186 2688 3429 2731 sanctam

1863 2783 1991 2823 vero
2031 2769 2394 2823 obedientiam
2455 2767 2856 2824 confessionem
2906 2783 3027 2823 esse
3076 2768 3425 2836 iudicarunt,

1863 2861 1980 2914 sine
2013 2875 2118 2930 qua
2144 2875 2325 2924 nemo,
2356 2859 2830 2926 vitiisobnoxius,
2860 2859 2924 2913 ad
2944 2858 3050 2913 ‘Dei
3075 2868 3427 2928 conspectum

1863 2945 2199 3004 admittetur.
2245 2950 2535 3020 Subjcctus
2567 2952 2835 3006 adversus
2879 2951 3119 3021 scipsum
3152 2950 3256 3005 fert
3297 2966 3425 3004 sen-

1727 3045 1732 3048 ’
1788 3040 1836 3101 C
1867 3044 2108 3096 tentiam.
2159 3043 2293 3096 Nam
2354 3044 2401 3099 si
2470 3044 2523 3096 in
2595 3045 2820 3113 gratiam
2882 3044 3126 3108 numinis
3191 3041 3428 3113 perfecte

190 3131 464 3187 obcdierit
487 3167 502 3193 ,
531 3130 778 3200 quamvis
817 3143 923 3182 non
968 3129 1212 3184 videatur
1248 3130 1478 3206 perfecte
1520 3131 1572 3186 id
1623 3131 1835 3197 facere.
1873 3135 2079 3204 judicio
2111 3142 2291 3187 tamen
2325 3148 2383 3188 se
2429 3134 2698 3188 liberavit.
2733 3134 2886 3200 Quod
2932 3136 2978 3188 si
3013 3151 3338 3205 quacunque
3370 3136 3427 3189 in

193 3242 258 3280 re
289 3239 390 3295 pro
417 3239 529 3278 sua:
566 3221 856 3276 voluntatis
909 3221 1172 3275 arbitratu
1201 3221 1328 3289 quid
1368 3220 1573 3289 fecerit,
1606 3225 1815 3279 etiamsi
1857 3224 2086 3294 obsequi
2124 3224 2405 3289 videatur,
2445 3225 2610 3278 divini
2663 3235 2840 3279 tamen
2888 3225 3078 3294 judieii
3131 3227 3426 3282 discrimen

191 3320 394 3376 adibit.
419 3318 476 3373 Si
509 3329 686 3373 tamen
717 3316 1154 3386 ipsum'coznobii
1183 3316 1464 3384 praefectus
1498 3319 1720 3373 assiduo
1754 3322 2042 3375 verborum
2069 3319 2253 3388 jurgio
2283 3318 2606 3374 everberare
2640 3335 2748 3373 non
2782 3320 3040 3384 cessabit,
3069 3313 3308 3374 nondum
3343 3331 3431 3374 est

191 3414 591 3467 conclamatus.
620 3411 678 3464 Si
731 3425 860 3464 vero
906 3410 1286 3465 ccenobiarclia
1346 3414 1574 3467 tacuerit
1631 3413 1910 3484 (tanquam
1947 3419 2014 3470 de
2041 3414 2354 3484 desperato)
2384 3429 2492 3467 non
2539 3415 2711 3468 habeo
2764 3415 2909 3483 quod
2938 3416 3138 3470 dicam.
3206 3416 3310 3482 Qui
3371 3417 3428 3470 in

195 3503 436 3557 Domino
476 3518 599 3557 cum
649 3501 994 3570 simplicitate
1031 3502 1285 3584 subjecti,
1340 3518 1436 3571 per
1485 3504 1756 3558 curiosam
1800 3520 1978 3559 rerum
2003 3506 2388 3574 imperatarum
2415 3504 2850 3574 disquisitionem
2878 3506 3123 3570 insidias,
3179 3517 3233 3561 et
3283 3520 3433 3563 artes

194 3596 508 3650 daemonum
544 3594 598 3647 in
636 3609 694 3648 se
735 3609 841 3646 non
870 3594 1177 3657 concitant,
1224 3593 1455 3649 feliciter
1503 3597 1624 3651 vitae
1657 3598 1892 3652 stadium
1926 3600 2244 3653 decurrunt.
2279 3598 2384 3652 Sed
2420 3600 2654 3668 primum
2694 3599 2963 3663 onmium,
2998 3601 3205 3669 Optimo
3251 3603 3428 3672 judici
3457 3666 3462 3670 ,

195 3697 394 3745 nostro
449 3688 730 3757 praaterita:
783 3687 904 3741 vitae
947 3698 1164 3762 peccata
1194 3689 1520 3758 aperiamus,
1554 3689 1714 3759 idque
1751 3695 1834 3746 vel
1875 3693 1995 3757 soli,
2025 3693 2101 3744 vel
2143 3693 2188 3746 si
2227 3693 2454 3762 imperet
2474 3693 2582 3757 ille,
2612 3693 2887 3746 omnibus.
2944 3693 3171 3750 Ostensa
3228 3697 3430 3765 quippe

194 3793 259 3836 et
302 3781 356 3834 in
395 3780 669 3848 publicum
714 3780 918 3849 prolata
950 3781 1170 3835 vulnera
1205 3781 1367 3836 facile
1400 3785 1735 3837 curabuntur
1764 3800 1938 3855 neque
1972 3787 2352 3861 {ecrudesccnt
2379 3787 2632 3855 amplius.

275 3870 554 3938 Τετύχηκε
581 3869 815 3938 γάρςμου
847 3871 1023 3922 ἐκεῖσε
1057 3872 1408 3940 ὑπάρχοντος,
1429 3872 1550 3924 τινὰ
1577 3874 1640 3924 ἐκ
1663 3874 1758 3943 λῃ-

197 3958 435 4031 στρικῆς
484 3957 686 4021 τάξεως
735 3961 801 4028 τῇ
837 3960 1094 4028 μοναδικῇ
1140 3959 1452 4029 προσελθεῖν
1494 3962 1754 4031 πολιτείᾳ,

196 4052 264 4105 ὃν
291 4052 322 4103 ό
347 4049 568 4119 ἄριστος
604 4047 804 4109 ἐκεῖνος
846 4050 1070 4117 ποιμὴν,
1120 4050 1215 4102 καὶ
1255 4050 1432 4119 ἰατρὸς
1478 4050 1760 4103 ἐκέλευσεν

197 4141 298 4194 ἐπὶ
347 4137 557 4208 ἡμέρας
604 4135 743 4188 ἑπτὰ
792 4137 1148 4200 ἀναπαύσεως
1192 4139 1409 4207 ἀπάσης
1455 4139 1758 4193 ἀπολαῦσαι

199 4231 344 4302 πρὸς
375 4227 603 4298 θεωρίαν
632 4228 730 4290 καὶ,
755 4226 921 4297 μόνην
948 4231 1046 4298 τῆς
1078 4229 1135 4280 ἐν
1161 4230 1310 4300 τόπῳ
1352 4231 1757 4292 καταστάσεως.

198 4322 364 4379 Μετὰ
445 4315 537 4371 οὖν
610 4318 707 4388 τὴν
767 4317 877 4387 (18)
948 4318 1180 4387 έὸδόμην
1260 4319 1761 4389 προσκαλεσάμενος

200 4414 373 4470 αὑτὸν
415 4413 532 4466 κατ’
564 4411 696 4463 ἰδίαν
738 4411 767 4462 ὁ
799 4408 999 4479 ποιμὴν
1027 4409 1235 4480 ἠρώτα,
1269 4413 1317 4463 εί
1359 4411 1584 4480 ἀρεστὸν
1611 4411 1756 4482 αὐτῷ

198 4506 304 4578 τὴν
332 4503 640 4574 συνοίκησιν
675 4503 789 4572 μετ’
817 4501 994 4555 αὐτῶν
1033 4499 1355 4570 ποιήσασθαι
1382 4517 1396 4529 ·
1429 4501 1503 4562 ὡς
1532 4500 1587 4553 δὲ
1636 4518 1758 4552 συν-

201 4599 434 4667 ῡὲμενον
481 4594 639 4648 αὑτὸν
684 4593 824 4670 ,μετὰ
869 4593 1045 4662 πάσης
1093 4591 1441 4662 εἰλικρινείας
1480 4592 1758 4655 ἐθεάσατο,

1935 3874 2041 3945 45
2075 3874 2209 3928 Cum
2244 3875 2297 3927 in
2331 3876 2612 3943 cujusdam
2654 3877 2897 3945 praeclari
2932 3875 3166 3941 iudicis,
3211 3886 3265 3930 et
3298 3879 3426 3932 reli‘

1865 3962 2002 4033 giusi
2035 3963 2272 4043 pastoris
2308 3964 2384 4030 (a)
2420 3964 2726 4016 coenobium
2762 3967 3055 4029 venissem,
3090 3968 3425 4020 tremendum

1863 4066 1996 4105 sane
2047 4067 2146 4120 pro
2202 4052 2460 4105 tribunali
2522 4053 2790 4121 judicium
2853 4056 3111 4123 spectavi.
3182 4056 3225 4109 Ε
3281 4067 3428 4110 sorte

1859 4140 2151 4206 latronum,
2206 4158 2291 4196 me
2339 4152 2625 4212 praesente,
2675 4146 2824 4199 venit
2862 4146 3088 4216 quidam
3136 4150 3214 4202 uti
3258 4165 3429 4218 genus

1859 4232 1980 4285 vitae
2015 4234 2327 4300 religiosum
2358 4235 2830 4304 complecteretur.
2871 4239 3010 4292 Huic
3056 4241 3298 4309 optimus
3338 4243 3429 4295 ille

1859 4330 2062 4388 pastor,
2097 4330 2152 4375 et
2196 4309 2440 4378 medicus
2472 4334 2678 4393 septem
2717 4327 2836 4381 dies
2865 4328 2930 4380 ad
2979 4329 3147 4383 animi
3189 4331 3425 4398 quietem

1859 4412 2036 4474 dedit,
2076 4412 2218 4466 intra
2259 4427 2400 4483 quos
2427 4429 2607 4470 mores
2635 4417 2735 4471 loci
2775 4427 2829 4471 et
2859 4419 3125 4488 religiosae
3161 4419 3284 4472 vita:
3310 4429 3426 4473 sta-

1861 4510 1973 4556 tum
2012 4502 2123 4557 illic
2169 4504 2496 4573 exploraret.
2550 4506 2681 4562 Post
2719 4519 2966 4562 exactam
3015 4510 3426 4570 hebdomadam,

1868 4610 2067 4663 praeses
2098 4597 2420 4651 accersitum
2458 4612 2704 4652 seorsum
2735 4611 3084 4668 percontatus
3103 4613 3189 4656 est
3219 4617 3288 4655 an
3314 4602 3430 4668 pla-

200 4688 376 4742 πάλιν
409 4683 600 4754 ⁴Ιιρώτιι
641 4684 694 4736 τί
739 4681 884 4752 αὐτῷ
909 4681 1103 4736 ἄτοπον
1143 4683 1201 4734 ὲν
1225 4681 1300 4750 τῷ
1329 4683 1514 4751 κόσμῳ
1552 4683 1757 4752 πέπρα-

1867 4695 2014 4740 ceret
2046 4687 2212 4740 vitam
2248 4688 2356 4742 illic
2387 4704 2512 4742 cum
2545 4691 2670 4743 aliis
2705 4690 3013 4761 religiosam
3062 4693 3274 4759 degere.
3323 4689 3425 4744 Ubi

201 4797 361 4834 κται.
400 4778 489 4837 Ὠς
516 4774 574 4826 δὲ
594 4770 732 4826 οἶδεν
757 4773 921 4827 αὐτὸν
965 4775 1061 4827 σὺν
1102 4772 1177 4844 τῷ
1205 4773 1346 4844 λόγῳ
1379 4775 1595 4828 πάντων
1627 4792 1760 4844 προ-

199 4872 396 4942 θύμως
461 4865 1013 4936 ὲξομολογησάμενον·
1049 4866 1212 4920 πάλιν
1258 4868 1392 4938 πρὸς
1446 4867 1603 4920 αὐτὸν
1649 4868 1760 4937 (19)

166 4978 168 4981 ’
199 4960 485 5033 πειράζων
509 4956 658 5022 ἔλεγε
677 4973 691 4986 ’
721 4955 986 5026 Βούλομαι
1015 4974 1094 5020 σει
1139 4958 1321 5028 φησὶν,
1348 4959 1440 5011 ἐπὶ
1466 4960 1643 5027 πάσης
1665 4958 1764 5026 τῆς

201 5050 564 5118 ἀδελφότητος
610 5043 778 5098 ταῦτα
818 5043 1200 5114 θριαμϐεῦσαι.
1255 5048 1312 5100 Ὀ
1355 5049 1412 5100 δὲ
1456 5048 1622 5110 ὅντως
1667 5049 1765 5117 τὴν

201 5137 408 5192 “ma
437 5133 701 5206 ἁμαρτίαν
732 5135 962 5203 μισήσας
991 5133 1102 5203 (eo)
1131 5137 1352 5199 ἐκεῖνος.
1387 5139 1479 5190 καὶ
1509 5131 1765 5207 αἰσχύνης

205 5229 434 5298 ἁπάσης
481 5226 894 5300 καταφρονήσας
938 5224 1274 5289 ἁδιστάκτως
1324 5229 1624 5297 ὑπέσχετοο
1675 5232 1768 5285 καὶ

189 5321 260 5381 ται
301 5319 503 5386 βούλει,
554 5319 704 5386 φησὶ,
757 5314 897 5368 κατὰ
939 5315 1099 5386 μέσον
1135 5316 1477 5386 Ἀλεξάνδρου
1529 5319 1628 5388 τῆς
1674 5322 1770 5371 πό-

206 5407 370 5470 λεως.
419 5402 552 5468 εἶτα
591 5403 925 5474 συναθροίζει
968 5404 997 5454 ὁ
1046 5400 1247 5471 ποιμὴν
1295 5404 1350 5454 ὲν
1401 5403 1476 5470 τῷ
1513 5403 1770 5473 Κυριακῴ

209 5494 396 5548 πάντα
421 5495 491 5548 τὰ
515 5497 757 5565 πρόϐατα
779 5494 869 5547 τὸν
889 5491 1117 5565 ἀριθμὸν
1139 5492 1423 5562 τριακόσια
1452 5488 1763 5561 τριάκοντα,

206 5585 308 5641 καὶ
331 5583 430 5651 τῆς
444 5584 596 5648 ’θείας
623 5585 890 5651 συνὰξεως
912 5585 1233 5654 τελουμένης
1252 5599 1264 5610 ⁸
1290 5578 1357 5653 ἦν
1386 5584 1490 5653 γὰρ
1515 5584 1766 5654 Κυριακὴ

285 5674 334 5706 ⁸⁸
369 5671 528 5726 Rom.
556 5690 666 5739 xw,
685 5656 774 5730 i5.

1871 4778 2270 4846 paratissimum
2300 4794 2440 4843 esse,
2472 4794 2525 4833 et
2559 4783 2677 4835 sine
2708 4781 2895 4836 fraude
2928 4782 3160 4849 doloque
3205 4795 3429 4847 respon-

1869 4868 2016 4935 disse
2045 4870 2236 4930 sensit,
2278 4883 2444 4936 porro
2493 4871 2844 4941 interrogavit
2884 4872 3013 4940 quid
3047 4871 3279 4923 inomni
3322 4871 3428 4925 vita

1872 4957 2073 5010 nefarie
2124 4955 2495 5025 scelerateque
2549 4957 2755 5012 fecerit.
2818 4959 3060 5013 Cum'et
3106 4959 3195 5013 hic
3248 4973 3431 5028 aperte

1871 5053 2244 5115 prompteque,
2295 5055 2353 5096 et
2399 5046 2690 5111 prudenter
2735 5047 3042 5108 confessum
3084 5051 3429 5107 animadver-

1872 5138 2053 5199 tisset;
2090 5150 2307 5188 rursum
2339 5136 2580 5189 tentandi
2615 5152 2778 5191 causa
2815 5155 2829 5192 :
2864 5138 3065 5202 Placet,
3099 5141 3293 5209 inquit,
3327 5145 3427 5205 uti,

1865 5242 1985 5296 qua:
2013 5226 2100 5279 liic
2129 5225 2228 5280 soli
2262 5227 2396 5280 milii
2422 5223 2830 5296 apernisti,illa
2872 5230 2985 5298 ipsa
3028 5233 3082 5285 in
3119 5236 3285 5289 totius
3313 5251 3427 5288 co:-

1867 5317 2013 5372 nobii
2037 5328 2306 5371 conventu
2337 5318 2551 5387 publice
2579 5333 2838 5387 exponas.
2874 5319 2971 5376 Hic
2999 5324 3089 5378 ille
3117 5340 3302 5378 revera
3329 5339 3424 5376 sua

1868 5408 2069 5462 scelera
2099 5418 2437 5471 exsecratus,
2472 5424 2707 5476 veroque
2743 5411 2870 5465 odio
2911 5425 3246 5482 prosecutus,
3278 5413 3423 5466 omni

1868 5499 2207 5554 verecundiae.
2239 5500 2447 5569 pudore
2478 5500 2742 5569 pri-jecto,
2779 5506 3219 5561 constantissime
3248 5518 3306 5555 se
3345 5501 3426 5555 fa-

1868 5599 2080 5649 cturum
2115 5592 2364 5659 promisit
2399 5601 2512 5656 :et,
2549 5592 2595 5647 si
2632 5594 2837 5661 placet,
2888 5597 3100 5666 inquit,
3144 5597 3200 5649 in
3251 5595 3427 5669 mulio

193 5783 204 5799 ·
285 5767 364 5835 in)
408 5763 557 5831 Quod
601 5777 720 5820 erat
755 5766 1110 5828 Alexandriae,
1140 5774 1197 5818 ut
1230 5763 1546 5819 sclioliastes
1579 5760 1754 5826 docet,
1800 5773 1906 5812 non
1940 5757 2162 5827 liaitbu,
2195 5773 2251 5817 ut
2278 5764 2406 5819 olim
2437 5763 2835 5823 existimabam.

509 5883 775 5944 ΡΑτιιοι..
807 5885 932 5946 Gn.
968 5885 1365 5947 LXXXVIII.

2897 5912 2944 5935 -κ
3040 5874 3188 5945 ’22
