4048 6338
701 393 801 454 683
1082 402 1085 403 ί
1925 387 1981 446 s.
2004 385 2314 446 JOANNIS
2349 386 2646 463 cumet
3769 382 3872 445 εει

699 499 1032 557 Alexandriae
1061 499 1188 554 foro
1225 497 1464 552 facinora
1513 511 1629 551 mea
1678 497 2041 566 proclamabo.
2095 494 2232 564 Ergo

2335 494 2439 548 τῶν
2465 495 2705 566 ἡμερῶν,
2738 495 2872 563 μετὰ
2899 493 2994 563 τὴν
3017 492 3401 562 συμπλήρωσιν
3425 507 3515 542 του
3543 489 3870 558 Εύαγγελίού

699 600 718 664 (
734 595 828 649 tibi
857 601 1158 662 promptum
1190 590 1356 657 vidit)
1389 599 1576 645 coacto
1608 599 1789 657 pastor
1819 588 1872 640 in
1895 586 2094 654 templo
2121 594 2231 638 toto

2335 585 2571 655 εἰσφέρει
2626 584 2809 637 λοιπὸν
2853 583 2945 637 τὸν
2997 583 3282 664 ἄμεμπτον
3338 583 3622 636 κατάδικον
3669 581 3872 634 ἐκεῖνον

699 659 823 738 ovili
859 659 1116 750 erratque
1163 680 1388 734 fratrum
1439 680 1794 750 (crant’inibi
1824 678 2043 732 trecenti
2075 691 2232 740 supra

2335 677 2434 729 ὑπό
2463 693 2619 729 τινων
2660 661 3224 744 ἀδελφῶν”συρόμενον
3261 675 3353 727 καὶ
3411 674 3642 744 μετρίως
3683 673 3872 724 τυπτό-

697 772 957 842 triginta),
987 770 1114 823 dum
1136 785 1221 823 res
1247 769 1424 822 divina
1445 768 1627 843 fieret,
1663 775 1779 821 erat
1805 765 1944 818 enim
1979 764 2096 818 dies
2134 763 2234 817 Do-

2335 784 2513 836 μενον,
2545 768 2641 830 τὰς
2670 769 2869 836 χεῖρας
2908 766 2977 819 δι’
3007 767 3227 820 ὄπισθεν
3271 768 3565 834 δεδεμένον,
3610 767 3705 820 κα¹ι
3750 767 3874 819 σάκ-

699 864 913 925 rninica,
939 863 1234 916 secundum
1257 859 1525 928 Evangelii
1548 860 1851 921 lectionem,
1885 873 2036 910 reum
2063 856 2231 916 illum,

2335 874 2424 909 κον
2453 857 2687 928 τρίχινον
2714 858 3098 927 ἠμφιεσμένον,
3130 859 3224 910 καὶ
3253 857 3442 910 σποδὸν
3470 860 3559 910 ἐπὶ
3585 857 3684 925 τῆς
3712 875 3874 925 κεφα-

693 956 802 1023 jam
838 963 950 1008 tum
980 954 1332 1021 inculpatum,
1367 950 1680 1016 introducit,
1712 964 1905 1002 manus
1934 957 2057 1016 post
2093 957 2232 1016 terga

2335 947 2445 1018 λῆς,
2494 948 2569 1011 ὡς
2600 949 2690 1000 καὶ
2733 949 2791 1013 ἐξ
2835 948 3000 1016 αὐτῆς
3024 948 3123 1016 τῆς
3165 949 3394 1020 θεωρίας
3433 950 3672 1011 ἅπαντας
3703 965 3871 1002 κατα-

694 1045 1029 1106 revinctum,
1098 1040 1314 1094 horrido
1358 1039 1518 1093 cilicii
1555 1053 1714 1092 sacco
1756 1039 1989 1092 cinctum
2014 1045 2237 1105 ,‘caput

696 1136 878 1187 cinere
907 1145 1280 1200 conspersum,
1330 1129 1458 1183 fune
1507 1143 1600 1195 per
1628 1127 1888 1196 quosdam
1922 1142 1953 1181 e
1987 1124 2237 1180 cenobiu

697 1233 948 1286 tractum,
992 1230 1047 1274 et
1088 1219 1448 1288 perfunctorie
1478 1216 1838 1278 verberatum.
1883 1224 1943 1269 ut
1978 1229 2094 1284 ipsa
2134 1213 2236 1267 viri

695 1315 899 1383 species
925 1320 1146 1366 terreret
1176 1327 1384 1374 omnes,
1430 1309 1654 1377 ipsoque
1679 1306 1850 1376 primo
1879 1315 2096 1375 aspectu
2129 1303 2238 1376 ω

695 1417 884 1457 omnes
914 1401 1143 1470 perculsi
1172 1401 1224 1452 in
1246 1405 1489 1467 apertum
1513 1407 1922 1466 prorumperent
1943 1397 2232 1465 eiulatum:

697 1510 852 1546 nemo
881 1491 1021 1543 enim
1052 1489 1181 1558 quid
1207 1488 1283 1541 rei
1316 1495 1588 1555 gereretur
1616 1495 1738 1540 ante
1761 1492 2068 1555 agnoverat.
2098 1482 2236 1537 Cum

694 1588 886 1643 deinde
918 1602 1042 1640 reus
1068 1585 1133 1638 ad
1163 1587 1308 1640 fores
1338 1583 1519 1652 templi
1562 1581 1912 1652 pervenisset,
1961 1594 2113 1634 sacer
2149 1578 2237 1632 ille

693 1690 747 1732 et
777 1680 1024 1732 humanae
1067 1674 1257 1729 salutis
1292 1674 1562 1729 studiosus
1593 1669 1820 1727 antistes
1867 1671 2070 1740 ingenti
2108 1683 2238 1722 voce

695 1768 947 1830 intonuit,
987 1767 1186 1835 illoque
1215 1764 1532 1832 compellato
1557 1781 1570 1816 :
1602 1763 1743 1817 Siste
1767 1762 2013 1832 gradum,
2041 1761 2235 1830 inquit,

694 1861 946 1930 indignus
976 1873 1055 1920 es,
1097 1857 1189 1926 qui
1231 1855 1418 1924 pedem
1453 1855 1560 1908 huc
1605 1853 1822 1908 inferas.
1856 1854 1952 1908 Hic
1979 1853 2068 1906 ille
2108 1866 2240 1906 voce

693 1965 723 2002 e
751 1961 905 2002 sacro
933 1944 1165 2013 pastoris
1196 1957 1289 1996 ore
1314 1941 1466 1995 adse
1493 1941 1665 1995 delata
1695 1941 1957 1994 attonitus
1990 1940 2071 2010 (ut
2091 1939 2240 2008 jura-

695 2037 938 2090 tissimus
990 2021 1148 2086 nobis
1183 2030 1484 2084 affirmabat
1514 2043 1573 2083 se
1598 2044 1705 2083 non
1734 2029 2002 2098 loquentis
2035 2042 2238 2092 vocem,

696 2127 787 2181 sed
837 2122 1172 2178 fulminantis
1199 2121 1403 2175 tonitru
1444 2120 1717 2191 audisse),
1763 2120 1906 2176 illico
1941 2134 2144 2189 pronus
2186 2119 2240 2172 in

697 2217 882 2270 faciem
912 2215 1102 2283 plenus
1132 2211 1355 2266 terroris
1390 2226 1455 2265 ac
1486 2211 1735 2265 tremoris
1766 2211 2015 2266 concidit.
2045 2210 2236 2264 lacen-

694 2321 799 2364 tem
833 2306 980 2365 humi
1021 2314 1074 2360 et
1098 2303 1462 2374 pavimentum
1495 2302 1643 2371 largo
1669 2303 2027 2371 lacrymarum
2066 2301 2237 2354 imbre

695 2403 1022 2470 irrigantem,
1046 2413 1236 2452 rursus
1259 2396 1349 2450 ille
1371 2394 1649 2449 mirandus
1669 2392 1968 2448 animorum
1997 2393 2236 2449 medicus

695 2492 816 2558 (qui
856 2489 1084 2542 salutem
1132 2486 1275 2539 illius
1313 2483 1496 2538 miseri
1537 2483 1787 2542 omnibus
1824 2482 1996 2536 modis
2043 2497 2235 2550 procu-

693 2584 869 2647 rabat,
925 2579 1280 2647 omnibusque
1321 2577 1546 2629 formam
1584 2589 1710 2628 vere
1747 2573 1998 2627 salutaris
2029 2580 2083 2626 et
2125 2571 2235 2626 etii.

694 2672 838 2726 cacis
863 2667 1183 2724 humilitatis
1216 2677 1513 2734 proponere
1540 2660 1816 2729 cupiebat)
1861 2659 2104 2712 hortatur
2135 2659 2236 2711 im-

691 2769 970 2828 peratque,
1006 2755 1083 2810 uti
1113 2753 1371 2824 quidquid
1407 2749 1600 2820 (impie
1630 2747 2011 2816 scelerateque)
2041 2745 2238 2814 egisset

693 2847 966 2916 sigillatim
999 2860 1093 2914 per
1124 2842 1297 2911 capita
1334 2838 1545 2910 singula
1579 2837 1770 2891 ordine
1800 2844 2051 2902 exponat.
2095 2832 2236 2900 Ergo

693 2953 813 2993 cum
850 2923 1074 2990 horrore
1105 2931 1346 2986 omnium
1381 2928 1561 2981 omnia
1607 2925 1879 2995 speciatim
1928 2923 2230 2983 confitetur,

690 3029 1040 3095 omniumque
1082 3037 1238 3077 aures
1291 3020 1546 3074 attonitas
1590 3017 1782 3077 reddit,
1830 3015 1956 3067 dum
1996 3013 2232 3067 facinora

2333 1039 2634 1106 πλαγέντας
2675 1038 2871 1100 εὐθέως
2910 1039 2988 1109 τῷ
3035 1039 3294 1108 κλαυθμῷ
3323 1040 3617 1106 ἀλαλάξαι·
3657 1040 3720 1093 ού
3767 1041 3874 1108 γὰρ

2331 1128 2471 1195 ἔγνω
2510 1144 2596 1191 τις
2638 1128 2698 1182 τὸ
2739 1130 3033 1199 γινόμενον.
3069 1127 3200 1183 Εἶτα
3241 1131 3317 1194 ώς
3362 1131 3584 1200 πλησίον
3623 1129 3732 1182 τῶν
3778 1131 3875 1198 τῆς

2333 1219 2626 1290 ἐκκλησίας
2668 1220 2850 1272 πυλῶν
2894 1220 3113 1289 ῑφθασε,
3153 1219 3643 1293 προσφωνεὶαύτῷ
3670 1223 3704 1290 ἠ
3755 1219 3876 1288 ἱερά

2334 1313 2512 1384 ἐκείνη
2560 1313 2654 1366 τοῦ
2685 1315 3060 1384 φιλανθρώπου
3091 1314 3296 1384 κεφαλὴ
3341 1314 3545 1385 μεγάλῃ
3589 1316 3656 1383 τῇ
3689 1315 3872 1380 φωνῇ·

2341 1403 2523 1472 Στῆθι,
2555 1405 2767 1471 ἀνάξιος
2811 1405 2920 1475 γὰρ
2961 1401 3223 1476 ὑπάρχεις
3255 1405 3354 1475 τῆς
3393 1405 3618 1458 ἐνταῦθα
3643 1403 3871 1456 εἰσόδου.

2357 1497 2674 1572 Ἐκπλαγεὶς
2701 1493 2794 1552 οὖν
2822 1498 2914 1550 ἐπὶ
2955 1499 3019 1568 τῇ
3062 1497 3155 1550 τοῦ
3182 1496 3450 1566 -τιοιμένος,
3499 1495 3561 1560 ἐξ
3608 1494 3877 1566 ίερατείου

2336 1587 2611 1659 ἐναχθείσῃ
2677 1589 2812 1658 πρὸς
2875 1589 3034 1642 αὐτὸν
3085 1591 3269 1660 φωνῇ’
3323 1585 3537 1658 ἐνόμιζε
3596 1586 3738 1657 γὰρ,
3800 1585 3876 1648 ὡς

2337 1678 2556 1748 ἔσχατον
2598 1681 2742 1748 ἡμᾶς
2784 1681 2964 1750 ὅρκοις
3009 1679 3385 1750 ἐπληροφόρει,
3431 1680 3542 1732 οὐκ
3569 1677 3874 1748 ἀνθρώπω,

2336 1767 2470 1820 ἀλλὰ
2513 1769 2734 1838 βροντῆς
2779 1768 3107 1837 ἀκηκοέναι·
3159 1769 3343 1820 πίπτει
3396 1768 3493 1836 μὲν
3540 1765 3740 1838 esset»;
3786 1765 3878 1818 ἐπὶ

2342 1857 2623 1926 πρόσωπον
2668 1856 3273 1926 ἔντρομος-γενόμενος,
3318 1853 3426 1909 καὶ
3454 1852 3572 1918 ὅλος
3613 1852 3689 1924 τῷ
3729 1852 3901 1923 φόϐῳ,

2341 1945 2636 2014 κλονηθείς.
2671 1947 2858 2014 Χαμαὶ
2903 1945 3398 2015 τοίνυνόπάρχων,
3450 1945 3542 1998 καὶ
3587 1944 3647 1998 τὺ
3686 1944 3879 2011 ἔδαφος

2339 2039 2448 2099 τοῖς
2483 2036 2710 2104 δάκρυσι
2748 2036 2974 2106 βρέχων,
3025 2036 3372 2106 ἐπιτρέπεται
3399 2036 3558 2090 πάλιν
3597 2036 3746 2106 παρὰ
3783 2032 3878 2085 τοῦ

2339 2121 2636 2194 θαυμασίου
2686 2125 2868 2194 ίατροῦ
2893 2124 2986 2176 τοῦ
3011 2125 3106 2193 τὴν
3136 2126 3403 2196 σωτηρίαν
3433 2126 3594 2179 αύτοῦ
3622 2128 3680 2178 ἐν
3706 2127 3876 2179 ἅπασι

2339 2215 2872 2283 πραγματευομένου,
2928 2216 3022 2269 καὶ
3076 2215 3243 2267 τύπον
3289 2218 3557 2286 σωτηρίας
3599 2217 3691 2268 καὶ
3737 2217 3878 2285 ἐνερ-

2335 2305 2463 2370 γοῦς
2502 2305 2874 2368 ταπεινώσεως
2917 2309 3048 2360 πᾶσι
3097 2307 3442 2376 παρέχοντος,
3493 2308 3661 2358 εἰπεῖν
3701 2286 3916 2359 navu-

2335 2394 2406 2446 τὰ
2436 2395 2795 2466 πεπραγμένα
2824 2395 2970 2464 αὐτῷ
2995 2395 3115 2448 κατ’
3143 2393 3280 2457 εἶδος
3323 2396 3414 2448 ἐπὶ
3436 2397 3692 2452 πάντων.
3733 2397 3795 2449 '0
3821 2397 3877 2449 δὲ

2339 2483 2476 2554 μετά
2521 2486 2718 2554 φρίκης
2763 2483 3161 2553 ἐξομολογεῖτά
3205 2485 3415 2538 ἅπαντα
3442 2485 3560 2538 καθ’
3591 2485 3650 2537 ἐν
3695 2487 3875 2538 πᾶσαν

2334 2572 2500 2643 ἀκοὴν
2530 2573 2851 2636 ξενίζονται·
2891 2573 2951 2625 ού
2984 2572 3140 2642 μόνον
3178 2573 3245 2626 τὰ
3293 2574 3574 2643 σωματικά
3617 2575 3759 2628 κατά
3787 2574 3878 2642 φύ-

2335 2659 2440 2725 σιν,
2487 2663 2580 2716 καὶ
2629 2662 2779 2733 παρά
2830 2662 3007 2732 φύσιν,
3051 2664 3110 2713 ἐν
3159 2663 3392 2731 λογικοῖς
3433 2681 3494 2716 τε
3541 2665 3722 2729 ζώοις,
3781 2666 3874 2720 καὶ

2333 2755 2544 2822 ἀλόγοις
2565 2771 2577 2783 ·
2615 2753 2748 2806 ἀλλά
2765 2770 2828 2822 γε
2859 2755 2953 2807 καὶ
2985 2755 3110 2824 ἄχρι
3136 2756 3506 2824 φαρμακειῶν,
3540 2757 3631 2809 καὶ
3677 2757 3870 2826 φόνων,

2335 2846 2430 2897 καὶ
2475 2845 2692 2913 ἑτέρων,
2728 2838 2802 2898 ὧν
2837 2845 2898 2896 οὐ
2931 2845 3084 2914 θέμις
3129 2845 3376 2907 ἀκοῦσαι,
3407 2848 3439 2916 ἢ
3471 2850 3652 2917 γραφῇ
3699 2865 3873 2917 παρα-

2332 2934 2508 2987 δοῦναι
2565 2935 2695 3006 (21).
2759 2935 3313 3006 Ἐξομολογησάμενον
3364 2938 3538 2989 τοίνυν
3591 2938 3870 3008 ἐπιτρέπει

2332 3025 2531 3090 εὐθέως
2560 3025 2957 3096 ἁποκαρθῆναι,
2998 3028 3092 3079 καὶ
3129 3029 3238 3089 τοῖς
3277 3027 3519 3095 ἀδελφοῖς
3550 3044 3873 3098 συγκαταρι-

693 3116 864 3186 aperit
893 3113 1072 3174 fanda,
1097 3111 1348 3174 infanda;
1378 3121 1602 3176 qumque
1627 3122 1690 3160 ex
1718 3114 1922 3158 natura:
1948 3114 2234 3158 conSnetu-

2335 3115 2622 3186 θμηθῆναι.
2668 3114 2804 3183 Ἐγὼ
2839 3116 2898 3168 δὲ
2939 3116 3034 3187 τὴν
3059 3117 3150 3169 τοῦ
3177 3117 3322 3169 ὁσίου
3353 3119 3557 3171 ἐκείνου
3589 3117 3871 3188 θαυμάσας

607 3195 620 3208 ’
692 3208 838 3268 dine,
879 3218 1104 3274 quaeque
1134 3212 1321 3256 contra
1354 3208 1598 3253 naturam
1635 3198 1686 3250 in
1728 3189 2011 3261 homines,
2052 3202 2105 3247 et
2146 3193 2234 3262 ju-

696 3303 874 3349 menta
909 3302 1172 3363 peccarat.
1215 3289 1330 3344 Non
1365 3291 1532 3347 tacuit
1575 3287 1822 3342 veneficia
1843 3327 1857 3350 ,
1894 3301 2007 3339 non
2040 3285 2232 3348 easdes,

699 3398 804 3437 non
835 3383 960 3445 alia,
1014 3396 1237 3450 quaeque
1257 3395 1416 3433 aures
1461 3380 1732 3450 horreant,
1781 3389 2006 3444 qumque
2037 3375 2237 3429 charta:

699 3472 1034 3526 erubescant.
1090 3467 1447 3523 Confessione
1489 3482 1617 3534 ergo
1669 3475 1991 3534 purgatum,
2054 3461 2235 3516 statim

695 3562 848 3630 jubet
891 3561 944 3613 in
993 3559 1312 3612 monachum
1356 3555 1648 3617 attonderi,
1677 3542 1736 3607 et
1778 3557 1830 3606 in
1864 3551 2086 3605 fratrum
2110 3565 2237 3603 con-

700 3651 1006 3705 tuber-nium
1030 3647 1257 3701 admitti.
1282 3645 1391 3714 Ego
1412 3659 1539 3698 vero
1563 3644 1819 3712 sapientis
1846 3643 1943 3695 viri
1975 3640 2238 3710 (praesulis

701 3739 939 3810 inquam)
973 3737 1267 3791 admiratus
1297 3733 1612 3802 sapientiam
1645 3732 1870 3786 seorsim
1895 3747 1960 3785 ex
1991 3730 2080 3783 illo
2120 3744 2239 3797 per-

697 3837 976 3894 contabar,
1021 3843 1125 3896 qua
1155 3826 1323 3895 gratia
1379 3825 1482 3877 tale
1515 3835 1730 3891 tamque
1767 3823 2079 3876 inusitatum
2118 3836 2234 3888 spe-

696 3923 965 3978 ctaculum
998 3916 1336 3973 instituisset.
1391 3915 1481 3968 ille
1514 3929 1640 3967 vero
1671 3921 1728 3966 nt
1757 3929 1910 3966 verus
1959 3912 2234 3965 medicus:

699 4010 864 4072 Duas,
886 4009 1080 4076 inquit,
1105 4007 1175 4059 ob
1200 4019 1391 4059 causas
1419 4005 1468 4056 id
1499 4003 1628 4063 feci;
1658 4001 1888 4068 primum
1916 4000 1988 4053 uti
2019 4013 2112 4052 sua
2135 3998 2237 4051 cri-

698 4099 844 4150 mina
874 4096 977 4166 47
1008 4096 1215 4164 publice
1262 4095 1598 4147 confitentem
1645 4106 1741 4159 per
1782 4099 2094 4158 praesentem
2146 4104 2236 4140 ve-

702 4187 970 4240 recundia:
1017 4187 1285 4246 ruborem,
1328 4185 1396 4236 ab
1435 4193 1636 4236 aeterno
1683 4179 1984 4249 ignominiaa
2037 4176 2240 4244 pudore

701 4273 1018 4335 liberarem;
1049 4274 1191 4340 quod
1216 4283 1269 4324 et
1295 4271 1494 4324 factum
1523 4278 1625 4322 est.
1655 4266 1795 4333 Nam
1807 4267 1961 4336 prius
1993 4281 2149 4334 quam
2172 4264 2239 4318 de

701 4373 842 4417 terra
895 4371 1154 4431 surgeret,
1206 4361 1444 4412 omnium
1495 4359 1757 4412 scelerum
1788 4358 2000 4409 veniam
2048 4369 2079 4407 a
2132 4354 2238 4406 Deo

699 4453 1023 4522 impetravit.
1072 4449 1178 4504 Nec
1221 4459 1323 4513 est,
1370 4450 1442 4503 mi
1486 4449 1738 4512 Joannes,
1792 4447 1932 4515 quod
1964 4461 2026 4500 ea
2073 4445 2138 4498 de
2175 4458 2232 4496 re
2266 4449 2310 4502 Ι)

698 4547 928 4602 dubites.
979 4542 1191 4616 Elcmtu
1224 4541 1420 4608 quippe
1451 4539 1675 4593 fratrum
1712 4539 1843 4612 fuit,
1875 4537 1967 4606 qui
2007 4535 2236 4590 affirma-

700 4638 927 4699 tissime,
956 4633 1286 4701 spectabam,
1310 4620 1499 4696 inq'uit,
1535 4628 1926 4682 formidandum
1949 4624 2234 4694 quemdam

696 4709 891 4788 virum,
921 4725 1011 4793 qui
1042 4723 1235 4776 librum
1259 4720 1516 4788 scriptum
1541 4728 1594 4771 et
1611 4720 1872 4770 calamum
1901 4730 2062 4769 manu
2087 4721 2235 4766 tene-

697 4821 808 4885 bat,
843 4827 897 4873 et
924 4815 1086 4870 simul
1126 4827 1209 4876 ac,
1241 4810 1433 4877 inquit,
1464 4809 1550 4860 ille
1589 4807 1735 4860 humi
1763 4805 1914 4860 fusus
1954 4812 2230 4874 peccatum

617 4912 622 4917 ’
698 4909 1086 4975 pronuntiarat,
1116 4917 1287 4972 penna
1316 4898 1446 4952 illud
1484 4897 1573 4950 ille
1610 4894 1966 4950 formidabilis
2004 4891 2234 4962 signavit

699 5002 816 5060 (seu
852 4996 1153 5066 expunxit).
1182 4991 1248 5045 Et
1271 5004 1399 5044 vero
1431 4989 1665 5041 merito:
1693 4985 1820 5038 Dixi
1862 4987 2020 5050 enim,
2063 4982 2238 5050 inquit

699 5081 881 5146 Vates,
907 5083 1183 5150 conﬁtebor
1200 5078 1471 5133 adversum
1496 5090 1576 5128 me
1599 5073 1917 5142 injustitt’am
1936 5085 2104 5123 meant
2132 5069 2238 5122 Do-

697 5183 860 5245 mino,
878 5191 925 5233 et
949 5190 1004 5232 tu
1023 5181 1265 5233 remisisti
1286 5175 1612 5247 iniquitatem
1630 5170 1803 5230 cordis
1827 5169 1926 5222 mei
1946 5168 2012 5221 “.
2038 5165 2238 5222 Deinde

696 5279 841 5352 quod
872 5280 1006 5331 inter
1033 5293 1180 5332 meos
1210 5286 1411 5341 essent,
1451 5275 1546 5345 qui
1583 5287 1712 5328 suas
1755 5283 1926 5324 nexas
1955 5283 2228 5338 nunquam

675 5384 1053 5450 aperuerant,
1099 5383 1160 5427 ut
1196 5375 1300 5430 hoc
1353 5375 1513 5430 modo
1564 5371 1633 5426 ad
1677 5368 1970 5438 detegenda
2014 5374 2230 5436 peccata

2335 3205 2543 3273 σοφίαν,
2589 3204 2813 3275 ἠρώτων
2861 3205 2984 3274 ίδίᾳ,
3017 3205 3154 3266 τίνος
3198 3207 3355 3275 χάριν
3392 3209 3453 3260 τὸ
3493 3209 3730 3261 τοιοῦτον
3759 3208 3870 3276 (22)

2335 3294 2481 3358 ξένον
2516 3295 2695 3363 σχῆμα
2739 3293 3050 3362 πεποίηκεν.
3109 3294 3166 3346 '0
3198 3295 3254 3346 δὲ
3293 3295 3458 3358 ὅντως
3508 3299 3721 3366 ἱατρός·
3766 3298 3871 3359 Δύο

2334 3385 2534 3436 τούτων
2561 3383 2737 3452 χάριν,
2770 3387 2964 3453 φησιν·
3010 3383 3220 3454 πρῶτον
3261 3385 3360 3455 μὲν
3386 3386 3450 3438 ἵν’
3483 3388 3643 3441 αὑτὸν
3681 3389 3869 3459 ἐξομο-

2333 3473 2699 3543 λογησάμενον
2745 3473 2831 3526 διὰ
2860 3475 2954 3542 τῆς
2999 3474 3274 3545 παρούσης
3314 3477 3590 3548 αἰσχύοης,
3615 3482 3714 3548 τῆς
3746 3481 3868 3550 μελ-

2334 3565 2529 3634 λούσης
2563 3564 2868 3629 ἀπαλλάξω,
2898 3566 3031 3636 ὂπερ
3059 3566 3150 3619 καὶ
3173 3567 3409 3634 γέγονεν.
3443 3569 3516 3620 Οὐ
3546 3569 3651 3636 γὰρ
3673 3571 3868 3638 ἀνέστη

2335 3656 2426 3709 τοῦ
2475 3656 2737 3724 ἐδάφους,
2784 3649 2828 3709 ὧ
2884 3651 3073 3727 ἁδελφέ
3138 3659 3416 3729 Ἰωάννης,
3469 3661 3624 3730 ἄχρις
3669 3655 3731 3714 οὗ
3777 3664 3870 3733 τῆς

2335 3748 2548 3801 πάντων
2592 3749 2834 3815 ἀφέσεως
2878 3748 3170 3817 τετύχηκε·
3223 3750 3316 3801 καὶ
3368 3748 3442 3826 μὴ
3489 3752 3740 3806 ἀπίστει·
3789 3754 3870 3815 τὶς

2335 3835 2437 3911 γάρ
2471 3856 2560 3910 μοι
2600 3839 2707 3890 τῶν
2745 3841 2919 3908 ἐκεῖσε
2959 3839 3324 3907 τυγχανόντων
3353 3837 3684 3912 τεθάρρηκεν
3731 3844 3870 3898 ἀδελ·-

2335 3933 2431 4000 φὸς
2464 3931 2634 3998 λέγων
2656 3947 2669 3961 ·
2701 3930 2804 3994 ὄτι,
2831 3930 3013 3997 φησὶν,
3045 3929 3304 3999 ἐθεώρουν
3349 3933 3466 3985 τινὰ
3494 3935 3718 4005 φοϐερὸν
3743 3954 3869 3991 κατ·
3898 3956 3912 3972 ·

2334 4026 2520 4108 έχοντα
2547 4023 2749 4092 χάρτην
2775 4021 3170 4092 γεγραμμένον,
3204 4023 3294 4075 καὶ
3323 4024 3588 4108 κάλαμον·
3617 4030 3711 4082 καὶ
3735 4030 3864 4098 ἅμα,

2335 4103 2486 4184 φησὶ,
2510 4115 2606 4182 τὴν
2631 4113 2894 4182 ἁμαρτίαν
2921 4114 2949 4164 ὁ
2974 4113 3216 4182 κείμενος
3246 4100 3416 4189 ἔλεγες
3446 4117 3644 4186 ταύτην
3666 4121 3868 4181 ἐκεῖνος

2335 4202 2411 4272 τῷ
2456 4202 2682 4270 καλάμῳ
2735 4201 3047 4272 ἐχάραττεν,
3095 4203 3186 4256 καὶ
3239 4205 3492 4269 εἰκότως·
3545 4203 3698 4259 Εἶπα
3737 4208 3863 4274 γὰρ,

2337 4291 2525 4358 φησίν·
2576 4292 2974 4372 Ἐξατιορεύσω
3002 4295 3125 4346 κατ’
3151 4293 3295 4372 ἐμοῦ
3323 4296 3437 4361 τὴν
3470 4296 3723 4362 ἀνομίαν
3749 4311 3866 4363 μου

2335 4376 2416 4443 τῷ
2464 4381 2690 4448 Κυρίῳ·
2727 4381 2937 4435 καὶσὺ
2993 4383 3227 4452 ἀφῆκας
3282 4384 3395 4452 τὴν
3445 4385 3719 4439 ἀσέϐειαν
3763 4383 3866 4451 τῆς

2339 4473 2579 4540 καρδίας
2603 4493 2739 4542 μου.
2793 4477 3047 4547 Δεύτερον
3087 4478 3160 4543 δέ,
3187 4478 3369 4548 ἐπειδή
3415 4494 3563 4539 τινας
3602 4476 3865 4546 κέκτημαι

2335 4563 2723 4634 ἀνεξαγόρευτα
2779 4567 3089 4636 πταίσματα
3139 4569 3392 4636 ἔχοντας,
3445 4569 3538 4619 καὶ
3581 4567 3669 4619 διὰ
3715 4565 3865 4619 τοῦτο

2333 4655 2515 4708 λοιπὸν
2572 4659 2807 4722 ἐκείνους
2853 4662 2932 4721 εἰς
2974 4660 3360 4730 ἐξομολόγησιν
3410 4660 3860 4731 προτρεπόμενος,

2331 4737 2399 4812 ἧς
2425 4747 2590 4814 χωρὶς
2621 4749 2788 4811 οὐδεὶς
2837 4749 3078 4817 ἀφέσεως
3124 4748 3368 4810 τεύξεται
3388 4763 3403 4777 ⁸
3440 4750 3533 4801 καὶ
3554 4748 3738 4818 οέτερα
3769 4748 3862 4819 μὲν

2330 4829 2420 4885 οὖν
2447 4836 2612 4889 πολλά
2647 4838 3069 4906 ἀξιοθαύμαστα,
3107 4836 3202 4889 καὶ
3237 4837 3693 4906 ἀξιομνημόνευτα
3719 4837 3858 4909 παρὰ

2330 4921 2406 4991 τῷ
2434 4923 2738 4997 ἀειμνήστῳ
2791 4927 2980 4994 ἐκείνῳ
3011 4925 3227 4994 ἑώρακα
3261 4927 3494 4995 ποιμένι,
3527 4927 3620 4980 καὶ
3645 4929 3858 4998 ποίμνῃ,

2331 5006 2403 5063 ὧν
2437 5012 2506 5065 τὰ
2535 5013 2757 5066 πλεῖστα
2785 5015 2912 5093 ὑμῖν
2939 5011 3206 5080 κατάδηλα
3247 5013 3469 5082 ποιῆσαι
3500 5016 3821 5086 πειράσομαι
3840 5032 3853 5046 ·

2331 5099 2515 5170 ἔμεινα
2556 5102 2664 5173 γὰρ
2690 5102 2818 5172 παρ’
2852 5099 2996 5169 αύτῷ
3024 5100 3210 5170 χρόνον
3238 5095 3539 5170 οὑκ-ὀλίγον
3569 5104 3666 5175 τὴν
3689 5105 3854 5162 αὐτῶν

2329 5183 2952 5263 ἀνιῃεύωνδπολιτείαν,
3011 5192 3102 5254 καὶ.
3144 5192 3238 5254 ἐπὶ
3278 5192 3448 5266 ταύτῃ
3493 5195 3738 5263 μεγάλως
3775 5197 3854 5262 ἐξ.

2335 5283 2635 5353 ιστάμενος,
2666 5281 2780 5345 πῶς
2800 5297 2858 5334 τε
2880 5281 2929 5332 οἱ
2961 5281 3189 5349 ἐπίγειοι
3220 5281 3413 5336 ἐκεῖνοι
3437 5284 3560 5348 τοὺς
3585 5287 3866 5359 οὐρανίουςὶ

2333 5373 2638 5442 ἐμιμοῦντο.

696 5478 1089 5528 commovercm
1120 5481 1134 5516 :
1166 5478 1320 5518 nemo
1361 5468 1556 5537 quippe
1627 5465 1742 5520 sine
1783 5461 2120 5520 confessione
2169 5463 2376 5518 veniam
2439 5467 2754 5521 delictorum
2789 5463 3057 5532 impetrat.
3101 5462 3204 5519 Sed
3269 5475 3457 5532 praeter
3518 5470 3651 5539 bzec,
3693 5472 3848 5527 multa

697 5565 798 5620 alia
830 5564 990 5632 digna
1018 5555 1392 5625 admiratione,
1418 5561 1681 5632 dignaque
1723 5559 1915 5614 litteris
1953 5569 2003 5614 et
2039 5560 2399 5616 monumentis
2439 5562 2578 5632 apud
2598 5561 2747 5616 illum
2800 5559 3121 5627 sempiterna
3178 5564 3431 5618 memoria
3485 5567 3848 5623 celebrandum

768 5715 973 5776 .“Psal.
1009 5731 1160 5786 χιιι,
1196 5715 1247 5770 5.
