4048 6338
154 376 265 469 ess

1057 366 1060 369 ’
1104 375 1401 480 sum
1428 408 1796 468 PARADISI.
1826 432 1894 443 ——
1921 410 2219 471 camus
2249 414 2337 471 Iv.

3234 424 3336 483 686

144 498 460 587 lpastorem,
488 527 541 571 et
564 534 779 591 gregem
807 535 989 577 coram
1012 518 1270 588 spectavi,
1334 532 1567 587 quorum
1622 521 1775 575 vobis
1810 523 2101 584 maximam
2129 533 2331 591 partem
2366 538 2602 578 conanor
2628 522 2901 588 enarrare,
2952 538 3186 582 moratus
3216 547 3336 584 sum

161 608 312 661 enim
340 610 481 678 apud
522 610 673 663 illum
719 626 829 666 non
873 608 1016 665 brevi
1038 616 1299 676 tempore,
1325 622 1437 677 quo
1454 604 1713 662 omnium’
1740 610 1950 664 illorum
2010 612 2201 675 vitam,
2263 627 2441 667 mores
2468 624 2522 668 et
2549 624 2749 676 statum
2780 615 3112 685 investigavi,
3147 627 3202 672 et
3233 634 3341 688 pne

156 698 518 753 admiratione
545 714 711 769 prope
736 700 792 754 in
856 694 1128 767 stuporem
1188 699 1348 753 datus
1384 713 1529 765 sum,
1559 702 1775 770 quando
1811 702 1919 755 vidi
1951 717 2059 772 quo
2090 715 2246 772 pacto
2298 706 2550 759 mortales
2587 706 2655 759 ad
2690 704 3073 761 immortalium
3103 710 3338 763 coalitum

156 797 333 848 vitam
358 802 413 848 et
439 793 820 862 perfectionem
851 794 1196 849 eniterentur.

225 884 342 939 Ἦν
374 888 473 956 μὲν
517 883 611 941 οὖν
650 889 835 957 ἀγάπη
869 889 997 958 παρ’
1038 890 1221 952 αὐτοῖς
1251 890 1449 960 δεσμὸς
1478 892 1703 952 άλυτοςο

1877 888 2006 943 Erat
2036 905 2165 959 ergo
2192 891 2333 959 apud
2362 890 2484 945 illos
2505 892 2778 945 vinculum
2807 893 3086 948 charitatis
3109 895 3345 950 indisso-

157 976 254 1029 καὶ
281 977 346 1029 τὸ
369 977 436 1044 δὴ
462 977 909 1047 θαυμαστότερον,
940 978 1119 1047 πάσης
1152 982 1454 1050 παρρησίας
1485 983 1579 1034 καὶ
1606 984 1707 1050 ἀρ·

157 1068 416 1137 γολογίας
464 1069 874 1139 άπηλλαγμένη.
928 1071 1164 1123 Ἤσκουν
1224 1070 1281 1124 δὲ
1338 1072 1445 1143 πρὸ
1496 1073 1709 1126 πάντων

156 1158 343 1223 τοῦτο,
377 1160 438 1211 τὸ
471 1160 546 1229 μὴ
575 1160 771 1229 πλῆξαι
797 1160 1026 1229 ἀδελφοῦ
1051 1161 1151 1231 τὴν
1180 1163 1480 1232 συνείδησιν
1505 1163 1563 1215 ἐν
1581 1180 1706 1216 τινι.

157 1251 223 1302 Εἰ
250 1251 315 1302 δέ
352 1267 455 1303 που
485 1250 654 1318 ἐφάνη
683 1266 769 1310 τις
794 1250 1134 1320 μισάλληλος,
1164 1250 1348 1304 τοῦτον
1373 1252 1633 1321 ὀνποιμὴν
1652 1254 1711 1303 ἐν

157 1339 240 1409 τῷ
268 1340 604 1409 άφοριστικῷ
627 1340 1065 1409 μοναστηρίῳνὼς
1093 1341 1415 1411 κατάκριτον
1435 1340 1707 1411 ἑξώριζεν.

160 1430 303 1485 [lost
330 1430 386 1481 δέ
429 1447 573 1493 τινος
620 1431 729 1484 τῶν
771 1430 1033 1498 ἀδελφῶν,
1084 1431 1218 1502 πρὸς
1254 1432 1414 1484 αὑτὸν
1439 1431 1543 1485 τὸν
1576 1432 1713 1501 πλη-

161 1521 280 1573 σίον
306 1520 421 1590 (25)
444 1521 869 1590 λοιδορήσαντος,
901 1522 1209 1591 παραυτίκα
1236 1520 1526 1590 διωχθῆναι
1555 1521 1739 1599 αὑτὸν,

160 1613 192 1665 ὁ
246 1612 503 1674 πανόσιος
551 1612 867 1681 προσέταξε,
913 1611 1082 1678 λέγων
1130 1610 1205 1680 μὴ
1246 1614 1542 1681 συγχωρεῖν
1577 1608 1716 1665 εἶναι

162 1708 223 1756 ἐν
254 1707 327 1774 τῇ
351 1706 482 1773 μονῇ
523 1704 730 1770 ὁρατὸν,
764 1702 857 1754 καὶ
882 1700 1108 1769 ἀόρατον
1137 1700 1396 1754 διάδολον.
1429 1698 1582 1754 Εἶδον
1607 1702 1717 1769 ἐγὼ

156 1795 325 1864 παρὰ
353 1797 467 1854 τοῖς
492 1792 658 1854 ὁσίοις
694 1793 919 1853 ἐκείνοις
952 1790 1265 1861 ὀνησιφόρα.
1298 1790 1393 1844 καλ⁸
1415 1792 1717 1860 άξιάγαστα

157 1886 335 1953 ὅντως
377 1884 673 1953 πράγματα
690 1897 707 1915 ο
741 1880 1075 1950 ἀδελφότητά
1102 1897 1161 1933 τε
1190 1881 1331 1933 κατά
1358 1881 1560 1951 Κύριον
1589 1898 1717 1949 συγ-

159 1974 557 2045 γεγενημένην,
602 1974 695 2027 καὶ
738 1972 1139 2042 συνδεδεμένην,
1164 1971 1481 2043 θαυμαστὴν
1517 1990 1714 2042 κεκτη-

162 2067 362 2135 μένην,
412 2065 507 2117 καὶ
536 2065 634 2129 τὴν
668 2063 944 2134 ἐργασίαν,
982 2062 1076 2115 καὶ
1115 2061 1213 2132 τὴν
1240 2062 1489 2133 θεωρίαν.
1532 2062 1717 2126 Οὕτως

159 2158 276 2227 γάρ
325 2157 545 2218 ἑαυτοὺς
595 2157 708 2217 τοῖς
736 2154 899 2216 θείοις
943 2153 1233 2223 ἑξέτριδον,
1282 2156 1387 2209 καὶ,
1419 2153 1716 2226 ἐγύμναζον

161 2243 605 2314 κατορθώμασιν,
639 2243 713 2304 t'o;
762 2243 837 2312 μὴ
867 2240 1069 2293 δεῖσθαι
1106 2243 1287 2311 σχεδὸν
1331 2243 1430 2312 τῆς
1460 2244 1552 2296 τοῦ
1588 2260 1719 2313 προσ

160 2335 458 2403 επηκότος
486 2334 855 2402 ὑπομνήσεως·
872 2332 987 2387 ἀλλ’
1004 2332 1299 2402 ίδιαιρὲτως
1315 2328 1571 2401 ἀλλήλους
1584 2332 1719 2400 πρὸς

158 2422 265 2492 τὴν
292 2423 443 2492 ρεῖαν
490 2418 786 2484 διυπνίζειν
829 2422 1172 2491 ἐχρήγορσιν.
1219 2416 1327 2472 Ἦν
1371 2419 1479 2490 γάρ
1533 2420 1714 2483 αὐτοῖς

156 2512 449 2583 ὡρισμένα
472 2529 554 2577 τε,
597 2512 690 2565 καὶ
723 2511 1152 2591 μεμελετημένα,
1190 2510 1287 2563 καὶ
1329 2513 1718 2580 πεπαγιωμένα

157 2599 295 2651 ὅσιά
322 2615 464 2661 τινα,
502 2597 596 2651 καὶ
624 2597 740 2651 θεῖα
768 2599 1149 2667 γυμνάσματα.
1195 2597 1257 2650 Ei
1291 2597 1432 2664 εδοξε
1465 2599 1570 2668 γάρ
1600 2616 1719 2652 τινα

158 2690 348 2741 αὐτῶν
386 2706 513 2743 ποτε
554 2688 648 2741 τοῦ
677 2689 1011 2759 προεστῶτος
1042 2688 1116 2759 μὴ
1151 2690 1413 2759 παρόντος
1436 2690 1717 2760 λοιδορίας,

159 2781 195 2850 ἢ
233 2780 632 2850 κατακρίσεως,
681 2779 717 2849 ἢ
759 2779 893 2842 ὅλως
931 2778 1250 2848 άργολογίας
1282 2779 1562 2847 ἄρξασθαι,
1603 2782 1720 2835 νεύ-

163 2886 305 2939 ματι
332 2869 491 2923 αὑτὸν
524 2868 814 2936 άγνὼστως
849 2868 1071 2937 ἁδελφός
1100 2886 1182 2931 τις
1209 2870 1392 2939 ἔτερος
1419 2871 1725 2942 ὑπομιμνή-

1810 977 1993 1042 lubile,
2024 986 2078 1031 et
2107 975 2251 1047 quod
2283 978 2453 1047 magis
2481 980 2765 1035 admireris
2798 990 3060 1035 remotum
3100 983 3178 1037 ab'
3195 983 3344 1037 omni

1808 1068 2053 1124 libertate
2097 1068 2423 1137 procacioris
2461 1078 2555 1123 aut
2601 1071 2839 1147 vanioris
2897 1072 3184 1126 sermonis.
3231 1072 3347 1126 Pro:

1809 1162 2017 1216 cunctis
2043 1170 2220 1215 autem
2244 1176 2562 1233 magnopere
2576 1162 2858 1228 cavebant,
2879 1178 2947 1217 ne
2964 1163 3101 1218 alter
3120 1164 3347 1218 alterius

1809 1251 2191 1305 conscientiam
2222 1252 2547 1314 vulneraret,
2570 1250 2682 1322 ιε
2712 1260 2806 1305 aut
2831 1253 2940 1306 ulla
2969 1254 3023 1306 in
3053 1270 3110 1307 re
3140 1255 3345 1321 percel—

1811 1342 1963 1396 leret.
1993 1341 2142 1407 Quod
2173 1342 2219 1395 si
2241 1341 2364 1411 quis
2388 1357 2454 1396 ex
2483 1342 2572 1396 illo
2593 1344 2946 1398 contubernio
2967 1345 3196 1399 aliorum
3220 1359 3348 1399 osor

1811 1431 2318 1499 deprehenderetur,
2356 1431 2500 1485 bunc
2542 1424 2672 1487 vero
2706 1441 2888 1500 pastor
2930 1432 3019 1487 ille
3067 1434 3124 1487 in
3168 1434 3348 1502 sejun-

1810 1529 1955 1574 ctum
1988 1520 2056 1574 ab
2076 1520 2196 1575 aliis
2224 1521 2551 1585 ctenobium,
2575 1502 2831 1590 tanquam
2853 1536 3002 1575 reum
3023 1522 3079 1576 in
3102 1524 3348 1579 exsilium

1814 1613 2157 1667 amandabat.
2185 1612 2530 1667 Conviciatus
2553 1622 2670 1667 erat
2700 1614 2827 1667 olim
2860 1613 2992 1667 alter
3023 1614 3199 1679 alteri,
3225 1630 3348 1669 cum

1812 1705 2082 1773 extemplo
2097 1705 2470 1759 sanctissimus
2484 1705 2569 1758 ille
2584 1720 2781 1773 prases
2801 1704 3214 1759 conviciatorem
3227 1707 3348 1773 ejici

1813 1796 2086 1864 praecepit,
2129 1795 2272 1864 quod
2322 1803 2543 1864 negaret
2580 1811 2682 1864 par
2728 1810 2850 1850 esse
2898 1806 2957 1849 ut
3006 1796 3057 1849 in
3103 1797 3350 1850 coenobio

1815 1884 2013 1954 gemini
2044 1886 2153 1940 sint
2178 1885 2467 1950 dtemones,
2498 1885 2809 1952 spectabilis
2832 1887 2990 1950 alter,
3030 1894 3084 1941 et
3109 1888 3242 1940 alter
3267 1887 3353 1940 in-

1814 1971 2133 2041 aspectablis
2160 1971 2284 2040 (hoc
2319 1979 2403 2026 est
2439 1970 2576 2025 alter
2598 1970 2865 2034 diabolus,
2917 1982 2973 2026 et
3015 1970 3149 2027 alter
3191 1978 3353 2027 homo

1815 2062 2010 2117 similis
2036 2061 2293 2128 diabolo).
2326 2060 2572 2130 Spectavi
2592 2074 2693 2129 ego
2711 2060 2852 2129 apud
2882 2060 3001 2115 illos
3024 2064 3353 2116 venerandos

1816 2151 2003 2207 Patres
2026 2168 2147 2207 cum
2178 2151 2349 2213 utilia,
2378 2160 2492 2205 tum
2521 2165 2704 2204 revera
2736 2150 3072 2216 admiranda,
3098 2152 3353 2205 sodalita-

1750 2222 1792 2276 Β
1819 2252 1948 2304 tem.
1978 2240 2219 2311 inquam,
2253 2255 2317 2296 ex
2343 2250 2521 2295 mente
2544 2242 2723 2295 divina
2739 2241 3035 2302 collectam.
3055 2251 3110 2294 ct
3136 2240 3273 2294 inter
3295 2256 3355 2295 se

1820 2332 2099 2388 charitatis
2134 2346 2275 2385 nexu
2306 2329 2604 2385 devinctam
2633 2346 2786 2393 sane,
2824 2332 2971 2400 quod
3001 2331 3158 2386 simul
3186 2332 3355 2385 admi-

1819 2423 2043 2475 randam
2066 2432 2123 2476 et
2140 2422 2404 2475 actionem
2427 2430 2481 2475 et
2506 2422 3012 2490 contemplationem
3037 2421 3356 2490 complecte-

1818 2520 1983 2567 retur.
2026 2512 2175 2566 Adeo
2212 2511 2362 2564 enim
2422 2526 2481 2565 se
2542 2526 2723 2565 rerum
2787 2511 3089 2565 divinarum
3162 2513 3356 2566 studiis

1818 2600 2106 2667 dedebant,
2143 2600 2590 2670 exercebantque,
2631 2600 2709 2654 uti
2738 2602 2937 2655 nullius
2973 2602 3085 2655 fere
3115 2604 3355 2671 magistri

1817 2693 2179 2747 admonitione
2215 2692 2531 2762 indigerent,
2580 2690 2673 2746 sed
2712 2690 2814 2760 ipsi
2860 2692 3000 2745 inter
3039 2706 3097 2745 se
3138 2693 3206 2745 ad
3246 2694 3356 2745 vir—

1817 2792 1982 2838 tutem
2008 2793 2062 2838 et
2087 2782 2420 2837 alacritatem
2448 2782 2736 2852 quamdam
2778 2780 3015 2835 divinam
3053 2780 3184 2836 satis
3222 2783 3355 2836 alter

1817 2877 2045 2929 alterum
2071 2876 2345 2930 excitaret.
2376 2873 2544 2928 Erant
2573 2874 2714 2927 enim
2756 2872 2863 2926 illis
2894 2882 3052 2926 certa:
3088 2874 3352 2941 quzedam,

162 2975 319 3012 σκων
362 2958 658 3027 λεληθότως
696 2958 1019 3011 κατέπαυεν.
1063 2959 1125 3011 Εἰ
1170 2958 1227 3011 δὲ
1268 2961 1362 3012 καὶ
1399 2962 1498 3012 οὑκ
1534 2962 1713 3032 ﬁttest:

1819 2982 1883 3021 ac
1916 2966 2147 3021 deﬁnita:
2188 2966 2560 3035 meditataque
2588 2974 2642 3019 et
2677 2964 2796 3018 ﬁxa:
2823 2964 3123 3018 divinarum
3148 2967 3356 3019 exerci-

163 3052 324 3116 ίσως,
358 3051 532 3121 βαλὼν
559 3053 741 3106 λοιπὸν
784 3052 1061 3123 μετάνοιαν
1111 3054 1140 3105 ὁ
1187 3052 1494 3124 ὑπομνήσας
1519 3055 1713 3125 ἀνεχώ-

1822 3056 2080 3109 tatinnum
2099 3054 2395 3123 leges.Nam
2415 3072 2558 3119 cum,
2580 3057 2799 3110 absente
2815 3058 3355 3126 antistite,quispiam

162 3160 282 3215 ραι.
310 3138 419 3196 Ἦν
444 3144 501 3196 δὲ
525 3144 703 3207 αὐτοῖς
725 3144 955 3213 άληκτος
982 3144 1050 3212 (εί
1067 3143 1235 3195 δέοιτο
1261 3142 1607 3219 φθέγξασθαι)
1626 3149 1713 3200 καὶ

1819 3146 1902 3199 vel
1929 3147 2230 3211 calumniae,
2271 3147 2352 3200 vel
2380 3146 2648 3201 temerarii
2692 3147 2903 3212 judicii,
2938 3149 3020 3201 vel
3051 3149 3208 3203 otiosi
3240 3164 3354 3203 ser-

159 3235 444 3296 ἇπαυστος
476 3235 748 3301 συλλαλία,
788 3237 823 3305 ἡ
860 3234 955 3288 τοῦ
986 3232 1212 3287 θανάτου
1258 3233 1577 3305 ἀνάμνησις,
1624 3238 1713 3290 καὶ

1822 3237 1997 3290 monis
2032 3246 2222 3291 auctor
2248 3246 2407 3301 esset,
2440 3237 2582 3291 hunc
2626 3238 2901 3305 proximus
2940 3239 3145 3291 occulta
3191 3248 3352 3291 nutus

161 3323 405 3395 κρίσεως
434 3325 651 3379 αίωνίου
678 3325 871 3379 ἔννοια.

1820 3328 2209 3397 signiﬁcatione
2243 3326 2378 3381 clam
2404 3327 2470 3382 de
2502 3327 2673 3382 oliicio
2700 3327 3039 3393 admonebat,
3091 3330 3353 3398 reprime-

163 3420 392 3488 batque.
419 3418 574 3485 Quod
597 3412 641 3474 si
670 3421 910 3474 monitus
946 3433 1054 3473 non
1090 3420 1288 3475 sentire
1327 3420 1410 3475 vel
1444 3420 1719 3475 advertere
1756 3420 2044 3485 videretur,
2078 3428 2187 3473 tum
2218 3420 2470 3481 monitor,
2509 3429 2775 3488 prostrato
2820 3430 2943 3473 ante
2982 3420 3127 3473 illum
3152 3422 3205 3475 in
3237 3438 3353 3492 pc-

162 3516 398 3569 nitentis
440 3514 660 3569 modum
707 3528 953 3583 corpore,
990 3514 1291 3569 recedebat.
1323 3514 1451 3569 Erat
1515 3516 1621 3571 illis
1672 3516 1817 3585 (cum
1857 3514 2178 3584 loquendum
2226 3514 2399 3583 esset)
2446 3514 2822 3568 sermocinatio
2867 3514 3083 3568 assidua
3136 3525 3188 3569 et
3229 3534 3353 3587 per-

164 3620 335 3682 petua
371 3609 441 3664 de
468 3608 650 3663 futura
677 3617 870 3672 morte,
919 3608 1090 3676 deque
1122 3607 1311 3674 iudicii
1340 3611 1565 3663 extremi
1591 3610 1955 3664 meditatione.

240 3706 322 3758 Οὐ
368 3705 631 3774 σιωπήσω
670 3704 797 3773 ὑμῖν
826 3703 1026 3773 φράσαι
1064 3701 1157 3754 τοῦ
1184 3703 1435 3771 ὀψοποιοῦ
1472 3703 1580 3755 τῶν
1616 3705 1713 3756 αύ-

1883 3701 1999 3758 Νοη
2034 3719 2249 3772 possum
2279 3704 2364 3757 hic
2388 3702 2561 3781 facere
2587 3704 2713 3771 quin
2770 3706 2919 3759 vobis
2967 3723 3225 3775 exponam
3245 3710 3354 3781 49

162 3796 285 3849 τόθι
306 3795 373 3847 τὺ
398 3793 819 3861 παραδοξότατον
843 3793 1187 3865 κατόρθωμα.
1224 3795 1394 3865 Ὁρῶν
1422 3795 1529 3864 γάρ
1552 3795 1713 3847 αὑτὸν

1812 3792 1929 3846 coci
1980 3792 2123 3845 illius
2179 3792 2278 3845 loci
2330 3791 2661 3845 rarissimam
2716 3798 2769 3844 et
2826 3795 2982 3861 plane
3031 3796 3350 3863 singularem

162 3887 395 3941 ἀένναον
424 3884 485 3937 ὲν
503 3886 569 3952 τῇ
598 3882 837 3954 διακονίᾳ
864 3885 1193 3954 κεκτημένον
1220 3885 1318 3952 τὴν
1339 3884 1597 3946 σύννοιαν,
1621 3887 1713 3936 καὶ

1812 3881 2081 3933 virtutem.
2108 3879 2238 3931 Nam
2270 3894 2390 3932 cum
2422 3878 2475 3930 in
2524 3878 2715 3930 culinae
2758 3880 3057 3954 ministerio
3094 3893 3350 3950 perpetuo

160 3976 227 4027 τὸ
242 3974 499 4044 δάκρυον,
526 3972 763 4024 ἱκέτευον
782 3952 1093 4039 ἐπαγγεῖλαί
1117 3989 1225 4041 μοι,
1249 3973 1409 4024 πόθεν
1425 3973 1523 4040 τῆς
1542 3973 1713 4025 τοιαύ-

1809 3976 2123 4036 occupatum
2140 3966 2390 4030 viderem,
2407 3977 2460 4020 et
2482 3967 2582 4020 sibi
2607 3952 2789 4020 tamen'
2816 3983 3023 4037 semper
3038 3981 3347 4037 praesenti-iu

163 4078 268 4130 της
310 4060 538 4130 χάριτος
572 4056 797 4126 ἠξιώθη.
838 4058 898 4110 '0
920 4057 977 4109 δὲ
1007 4055 1245 4125 βιασθεὶς
1273 4058 1403 4127 παρ’
1432 4056 1563 4125 ἐμοῦ
1602 4058 1709 4110 άπ-

1809 4061 2026 4130 jugique
2080 4060 2430 4130 lacrymarum
2481 4059 2627 4115 fonte
2678 4062 3011 4129 inundatum,
3069 4067 3246 4133 rogavi
3280 4082 3348 4120 ne

164 4152 456 4221 εκρίνατο’
495 4148 779 4210 Οὐδέποτε,
813 4146 997 4217 φησὶν,
1026 4146 1325 4217 ἀνθρώποις
1355 4163 1421 4217 με
1447 4147 1711 4201 δουλεύειν

163 4241 480 4310 ἐννενόηκά,
525 4239 660 4292 ἀλλά
684 4238 762 4308 τῷ
788 4237 907 4305 Qui)
933 4252 947 4267 '
997 4239 1091 4292 καὶ
1136 4239 1235 4307 τῆς
1276 4238 1502 4307 ἡσυχίας
1534 4239 1709 4308 πάσης

161 4332 387 4397 ἀνάξιον
415 4329 607 4382 ἑαυτὸν
648 4327 1027 4391 καταδικάσας,
1070 4328 1236 4399 αὑτὴν
1272 4328 1369 4396 τὴν
1418 4328 1509 4381 τοῦ
1543 4331 1711 4399 πυρὸς

163 4408 296 4483 θέαι
344 4424 646 4493 ἓπόμνησιν
690 4420 789 4489 τῆς
840 4420 1133 4490 μελλούσης
1173 4420 1364 4487 φλογὸς
1388 4420 1476 4473 διὰ
1517 4424 1711 4484 παντὸς

161 4512 462 4586 κέκτημαι.
516 4512 706 4566 ’Δλλου
770 4509 1068 4579 παραδόξου
1122 4509 1298 4562 αὐτῶν
1359 4508 1711 4579 άκουσὼμεθα

161 4605 609 4679 κατορθώματος.
656 4601 763 4657 Καὶ
798 4601 906 4672 γάρ
954 4599 1073 4652 οὐδὲ
1116 4601 1203 4651 ἐπ’
1233 4598 1400 4669 αὐτῆς
1436 4601 1535 4668 τῆς
1576 4619 1709 4672 τρα-

160 4696 473 4766 πέζης.τῆς
498 4698 685 4765 νοερᾶς
704 4692 959 4765 ὶργασίας
986 4690 1261 4745 ἐπαύοντο.
1287 4692 1711 4765 Σεσημειωμένῳ

158 4785 221 4839 δδ
247 4784 373 4853 ipsi.
400 4782 505 4834 τινὶ
533 4781 808 4851 ἀγνώστῳ,
851 4784 945 4833 καὶ
985 4779 1208 4849 νεύματι
1242 4778 1339 4849 τῆς
1368 4780 1507 4833 κατὰ
1536 4781 1709 4854 ψυχὴν

161 4873 395 4936 ἑαυτοὺς
423 4872 726 4942 προσευχῆς
752 4870 1156 4963 ὑτξεμίμνησκον
1185 4872 1234 4922 oi
1265 4872 1517 4941 μακάριοι
1545 4888 1557 4900 ·
1611 4876 1709 4927 οὑκ

160 4968 224 5021 ιν
250 4970 326 5037 τῇ
356 4963 596 5035 τραπέζῃ
633 4962 691 5015 δὲ
897 4961 1169 5022 ποιοῦντες
1208 4962 1367 5030 μόνον
1412 4964 1705 5037 ἐφαίνοντο,

1810 4152 1941 4205 milii
1974 4151 2180 4220 aperire
2215 4160 2543 4221 gravaretur,
2569 4167 2673 4223 qua
2706 4154 2909 4208 ratione
2942 4164 3141 4209 tantam
3170 4171 3199 4209 a
3236 4156 3344 4211 Deo

1810 4240 2031 4307 gratiam
2075 4237 2427 4305 impetrasset.
2473 4237 2705 4291 Coactus
2739 4238 2825 4292 ille
2862 4255 2978 4299 mea
3030 4241 3348 4308 importuni-

1810 4340 1917 4383 tate
1953 4330 2223 4397 respondit
2256 4348 2269 4383 :
2302 4328 2417 4382 Non
2443 4329 2646 4384 homini
2677 4320 3051 4398 unquam,ised
3089 4332 3195 4385 Deo
3246 4335 3354 4388 m'...

1810 4420 2037 4471 nistrare
2085 4417 2251 4481 visus,
2286 4418 2433 4471 omni
2479 4434 2583 4481 me,
2635 4418 2824 4486 inquit;
2871 4420 3048 4485 quiete
3077 4420 3349 4490 indignum

1810 4507 2100 4560 arbitratus
2144 4522 2283 4572 sum,
2311 4518 2365 4561 et
2399 4523 2494 4575 per
2517 4506 3011 4573 contemplationem
3042 4510 3180 4578 ignis
3217 4528 3350 4581 pne-

1808 4598 1975 4651 sentis
2036 4598 2302 4652 assiduam
2368 4598 2528 4650 futuri
2585 4598 2877 4652 inferorum
2954 4592 3348 4655 incendii'me-

1810 4687 2034 4739 moriam
2078 4685 2306 4738 excitare
2334 4674 2606 4738 consuevi.
2633 4682 2790 4741 Aliud
2820 4688 3010 4742 horum
3039 4705 3143 4742 non
3172 4688 3349 4743 minus

1808 4792 1987 4829 rarum
2020 4786 2072 4827 ct
2101 4774 2411 4827 inusitatum
2448 4774 2663 4845 pietatis
2707 4779 3005 4847 exemplum
3046 4779 3344 4832 audiamus.

1807 4865 1934 4932 Nec,
1975 4866 2101 4920 dum
2151 4864 2217 4917 ad
2261 4880 2498 4921 mensam
2529 4868 2923 4931 accumberent,
2964 4867 3031 4919 ab
3050 4866 3347 4921 antestium

1810 4970 1985 5010 rerum
2061 4953 2406 5012 meditatione
2476 4956 2714 5010 animum
2785 4956 3139 5012 remittebant.
3213 4955 3346 5010 Nam

161 5028 325 5110 una“
337 5028 427 5107 καὶ
460 5028 598 5107 κατά
624 5052 798 5104 πᾶσαν
829 5028 1034 5105 ἱαυτῶν
1063 5028 1358 5119 ἀπάντησιν
1387 5028 1561 5103 τεγκαλ
1586 5028 1709 5106 cog.

1811 5057 1958 5096 more
1980 5044 2210 5111 quodam
2270 5038 2365 5114 per
2395 5045 2601 5099 occulta
2634 5046 2806 5113 signa,
2828 5052 2883 5098 et
2921 5051 3083 5097 nutus
3111 5045 3347 5114 perbeati

158 5148 307 5200 οδονο
337 5146 403 5199 Εῐ
428 5160 556 5197 ποτε
595 5141 655 5195 δὲ
698 5139 1044 5213 ’παράπτωμά
1088 5156 1172 5203 τις
1201 5139 1378 5192 αὐτῶν
1420 5143 1705 5211 πεποίηκε,

159 5237 425 5299 πλείστας
472 5222 675 5296 ἱκεσίας
886 5230 994 5284 τῶν
1018 5229 1261 5300 ἀδελφῶν
1287 5229 1497 5300 ἐδέχετο
1530 5233 1713 5297 αὑτοῖς

160 5328 300 5397 περὶ
324 5325 514 5379 τούτου
544 5324 680 5395 πρὸς
702 5322 793 5374 τὸν
819 5320 1047 5390 ποιμένα
1074 5320 1387 5375 καταλιπεῖν
1413 5321 1510 5391 τὴν
1546 5340 1713 5393 φρον-

159 5418 309 5479 τίδα,
353 5415 452 5467 καὶ
481 5413 792 5482 ἀπολογίαν,
820 5412 914 5465 καὶ
953 5412 1239 5482 ἐπίπληξιν
1262 5427 1275 5440 ⁸
1326 5410 1447 5465 ὅθεν
1478 5414 1507 5463 ὁ
1541 5414 1709 5482 μέγας

84 5518 95 5529 ·
159 5510 263 5579 τὴν
314 5504 423 5557 τῶν
469 5503 721 5573 μαθητῶν
765 5502 1014 5570 ἐπιγνοὺς
1059 5500 1343 5575 ἐργασίαν,
1381 5502 1707 5573 κουφοτέρας

159 5596 351 5653 λοιπὸν
386 5595 600 5657 καὶτὰς
626 5594 963 5666 ἐπιτιμήσεις
1010 5593 1288 5661 παρεῖχεν,
1332 5589 1407 5653 ὡς
1429 5587 1717 5657 γινώσκων

162 5688 454 5744 ἀνεύθυνον
471 5685 733 5755 ὑπάρχειν
754 5685 844 5738 τὸν
870 5680 1262 5751 ἐπιτιμώμενον
1285 5697 1300 5711 ο
1330 5680 1390 5733 οὑ
1415 5679 1595 5748 μέντοι
1612 5684 1703 5734 καὶ

164 5778 421 5845 ἐπεζήτει
447 5775 537 5830 τὸν
566 5773 765 5845 κυρίως
791 5772 1109 5829 ἐπιπεσόντα
1136 5769 1213 5841 τῷ
1238 5770 1552 5840 πταίσματι.
1598 5771 1705 5825 Ποῦ

1806 5134 1880 5188 illi
1918 5135 2119 5199 seipsos
2141 5136 2193 5189 in
2238 5139 2417 5189 animo
2455 5136 2520 5189 ad
2554 5150 2738 5204 preces
2793 5134 3131 5190 revocabant.
3162 5135 3347 5205 Neque

1804 5226 1907 5278 hoc
1948 5225 2050 5278 sub
2092 5240 2330 5281 mensam
2382 5236 2609 5288 tantum,
2654 5223 2744 5278 sed
2791 5224 3217 5295 quandocunque
3243 5226 3379 5279 sibi'

1804 5321 1989 5367 mutuo
2037 5316 2409 5381 occurrebant,
2482 5325 2577 5367 aut
2637 5313 2873 5382 alioquin
2942 5316 3343 5369 conveniebant.

1802 5403 1955 5468 Quod
2005 5406 2049 5459 si
2091 5408 2213 5475 quis
2252 5407 2379 5476 quid
2423 5404 2733 5459 offendisset
2778 5413 3133 5473 peccassctve,
3160 5404 3347 5458 multis

1811 5499 1960 5553 illum
2006 5500 2254 5567 precibus
2293 5497 2380 5551 alii
2426 5496 2696 5558 adierunt,
2731 5504 3095 5568 rogaruntque
3140 5496 3218 5548 uti
3241 5496 3343 5549 sibi

1812 5592 2007 5645 curam'
2053 5603 2375 5658 causamque
2417 5595 2472 5640 et
2505 5602 2719 5656 pinnam
2771 5589 3109 5657 relinqueret,
3149 5601 3256 5656 qua
3289 5602 3347 5641 se

1811 5681 1949 5749 :pud
1992 5681 2267 5748 prasulem
2318 5676 2687 5733 satisfacturos
2728 5677 3128 5748 pollicebantur.
3168 5674 3347 5731 Unde

1810 5772 1966 5827 ﬁebat
1992 5772 2064 5826 uti
2090 5785 2312 5839 magnus
2334 5770 2419 5824 ille
2448 5771 2677 5825 caenobii
2710 5784 2921 5838 praeses,
2949 5766 3090 5836 quod
3124 5781 3344 5822 suorum
