4048 6338
660 441 758 502 (87

1802 472 1805 475 ,
1896 424 1952 481 S.
1997 420 2310 481 JMNNIS
2352 416 2653 479 CLIMACI

664 545 1033 616 religiosorum
1059 536 1231 594 studia
1264 548 1369 587 non
1403 532 1688 602 ignoraret,
1719 536 1767 581 et
1793 526 1963 589 illum,
1990 528 2081 595 qui
2102 527 2213 577 eul-
2244 574 2249 585 η

2346 540 2446 575 ιοτε
2492 522 2621 589 παρ’
2665 518 2888 580 ἐκεί-μοις
2921 514 3301 568 ἐπεπολίτευτο
3346 510 3683 583 ἀργολογίας,
3724 510 3758 579 ἢ
3790 512 3882 563 εύ-

663 654 782 709 ιιςιιι]
809 653 905 706 pro
927 636 1096 689 altero
1124 628 1494 701 proﬁtebatur,
1522 624 1857 677 iimocentem
1886 637 2005 674 esse
2036 621 2216 684 sciret,

563 786 567 788 ν
666 729 834 782 multo
866 726 1089 779 leviores
1122 733 1309 790 pinnas
1333 732 1429 787 pro
1457 714 1665 769 delictis
1690 712 1981 781 irrogaret;
2015 710 2122 761 imo
2156 725 2220 761 ne

663 818 928 880 quaereret
944 807 1161 876 quidem
1183 802 1305 872 quis
1318 808 1479 860 esset,
1496 797 1587 865 qui
1614 809 1796 848 revera
1816 801 2106 861 peccasset.
2124 789 2222 845 Ubi

667 876 904 965 unquam
935 892 1075 962 apud
1093 890 1213 943 illos
1240 887 1320 940 vel
1339 899 1471 965 vana
1501 881 1739 935 instituta
1759 879 2022 954 colloquia
2042 878 2119 928 vel
2141 876 2224 943 jo-

666 957 1177 1046 rorumleporumve
1206 968 1426 1023 mentio.
1452 964 1509 1019 Si
1542 965 1662 1033 quis
1684 977 1805 1017 cum
1833 961 1998 1015 altero
2018 957 2224 1029 jurgari

667 1073 939 1142 empisset,
963 1066 1122 1128 alius,
1146 1062 1236 1131 qui
1260 1060 1395 1112 forte
1415 1056 1697 1117 transibat,
1723 1052 1827 1123 50
1844 1052 1895 1106 in
1916 1048 2227 1120 pmnitentis

670 1140 887 1216 ttmtlttm
920 1156 1158 1225 abjectus
1179 1154 1314 1206 iram
1351 1147 1609 1203 dissolvit.
1650 1144 1798 1211 Quos
1833 1143 1876 1197 si
1906 1140 2226 1211 iniuriarum

671 1266 940 1308 memores
975 1246 1252 1309 sensisset,
1278 1252 1626 1309 congressum
1656 1237 1867 1290 illorum
1897 1244 1947 1287 et
1972 1234 2228 1301 impetum

675 1348 770 1409 illi,
797 1346 887 1415 qui
910 1358 1006 1414 pro
1022 1344 1197 1394 simas
1233 1334 1493 1389 ababbate
1515 1340 1691 1401 partes
1714 1326 2142 1387 administrabat,
2164 1324 2232 1379 si-

670 1437 960 1507 gniﬁcavit,
983 1440 1035 1486 et
1063 1438 1186 1483 ante
1214 1426 1381 1483 solem
1404 1437 1657 1478 occasum
1691 1420 1810 1474 illos
1832 1421 1969 1475 inter
1994 1435 2052 1474 se
2084 1434 2232 1474 com-

671 1524 1075 1599 ponebat.0uod
1092 1522 1138 1576 si
1152 1520 1398 1575 duriores
1412 1516 1730 1572 medicinam
1744 1530 1850 1569 non
1871 1515 2229 1576 admitterent,

679 1635 850 1690 neque
882 1612 1217 1671 reconciliari
1246 1627 1305 1667 se
1337 1618 1665 1679 paterentur,
1700 1620 1728 1660 a
1760 1620 1945 1660 mensa
1975 1604 2236 1673 tantisper

674 1711 1019 1768 arcebantur,
1035 1704 1212 1775 quoad
1236 1700 1424 1770 positis
1439 1698 1576 1752 odiis
1597 1696 1887 1750 amicitiam
1910 1695 2237 1766 redintegra-

677 1812 817 1857 rent.
858 1807 949 1852 aut
982 1796 1204 1852 omnino
1242 1784 1270 1846 e
1298 1790 1653 1845 contubernio
1673 1787 1969 1843 sodalitatis
1988 1786 2234 1841 elimina—

2325 613 2619 685 τραπελίας
2647 611 2942 680 ὑπόμνησις
2965 628 2978 674 ;
3030 607 3140 661 Καὶ
3168 608 3219 659 εἴ
3244 605 3343 658 πού
3370 622 3450 667 τις
3481 604 3589 655 τῶν
3614 603 3671 655 ἐν
3698 603 3885 663 αὐτοῖς

2327 706 2651 775 ἀμφιϐολίας
2673 702 2805 772 πρὸς
2832 704 2920 753 τὸν
2952 699 3173 767 πλησίον
3197 696 3413 768 ἧρξπθν
3442 695 3652 767 ππριὼν
3674 695 3884 765 ἕτερθς’

2332 797 2423 850 καὶ
2470 798 2753 866 μετάνοιαν
2805 791 3113 860 πεποιηκὼς
3155 789 3254 859 τὴν
3306 786 3474 857 ὀργὴν
3518 785 3882 848 διεσκέδαζεν.

2330 890 2392 942 Εἰ
2412 889 2470 941 δὲ
2494 881 2958 957 μνησικακοῦντας
2984 880 3197 952 ᾔσθετο,
3225 877 3301 949 τῷ
3322 877 3391 930 τά
3412 877 3635 948 δευτερα
3659 874 3753 929 τοῦ
3769 874 3886 944 (i4)

2331 981 2671 1054 προεστῶτος
2697 978 2930 1031 διέποντι
2958 977 3057 1045 τὴν
3092 974 3266 1044 ὁρμὴν
3295 970 3612 1041 ἀπήγγειλε,
3648 970 3740 1023 καὶ
3777 968 3891 1037 πρὸ

2331 1074 2437 1143 τῆς
2456 1072 2601 1144 ἡλίου
2627 1069 2824 1131 δύσεως
2853 1064 3253 1120 διαλλάττεσθαι
3282 1062 3475 1125 αὖτοὺς
3504 1062 3713 1122 ἑαυτοῖς
3739 1076 3892 1130 παρ-

2334 1161 2644 1224 εσκεύαζεν.
2676 1163 2737 1214 Εἰ
2764 1161 2819 1214 δὲ
2851 1158 3265 1228 σκληρυνόμενοι
3302 1151 3704 1223 ἐσκληρύνοντο,
3734 1151 3771 1221 ἢ
3814 1150 3893 1220 μὴ

2338 1252 2767 1326 μεταλαμϐάνειν
2797 1251 3001 1323 τροφῆς
3050 1248 3177 1318 ἄχρι
3224 1246 3320 1315 τῆς
3365 1244 3652 1313 διαλλαγῆς
3699 1245 3897 1295 ἐπετι-

2264 1391 2282 1403 ,
2340 1348 2515 1418 μῶντο
2535 1362 2551 1379 ·
2588 1344 2621 1415 ἧ
2647 1345 2744 1414 τῆς
2775 1343 2941 1413 μονῆς
2972 1340 3331 1406 ἐξεϐάλλοντο.
3362 1333 3469 1390 Ἦν
3500 1336 3552 1390 δὲ
3585 1338 3617 1407 ἠ
3642 1333 3896 1400 ἀξιέπαι-

2338 1458 2423 1502 νος
2471 1438 2565 1491 καὶ
2612 1435 2746 1506 αὕτη
2790 1425 3039 1503 ἀκρίϐεια
3084 1429 3213 1502 παρ’
3249 1430 3428 1493 αὐτοῖς
3474 1428 3532 1481 οὐ
3586 1425 3760 1499 [c.a.
3793 1427 3898 1494 οὐχ

2338 1529 2519 1591 ἁπλῶς
2546 1527 2737 1589 οὕτως,
2777 1525 2868 1577 καὶ
2892 1524 2964 1587 ὡς
2993 1522 3198 1593 ἔτυχεν]
3247 1520 3421 1592 μάτην
3463 1517 3854 1587 ἐπιτελουμένη
3879 1532 3895 1545 “

2339 1620 2474 1674 ἀλλά
2496 1636 2557 1687 γε
2586 1618 2678 1671 τὸν
2700 1614 2909 1685 καρπὸν
2936 1614 3094 1666 πολὺν
3119 1611 3342 1666 ποιοῦσα
3369 1610 3460 1663 καὶ
3485 1607 3732 1679 δηλοῦσα.
3756 1607 3900 1660 Πολ-

2340 1712 2421 1763 λοὶ
2442 1709 2547 1780 γὰρ
2572 1709 2700 1779 παρ’
2722 1707 2904 1769 αὐτοῖς
2932 1706 3043 1766 τοῖς
3066 1703 3229 1764 ὁσίοις
3254 1699 3631 1771 ἀνεδείχθησαν
3655 1715 3899 1769 πρακτι-

2342 1802 2426 1855 κοί
2457 1818 2515 1854 τε
2553 1800 2648 1853 καὶ
2691 1794 3004 1867 διορατικοὶ,
3045 1793 3364 1861 διακριτικοξ
3397 1808 3456 1843 τε
3508 1790 3599 1843 καὶ
3641 1786 3899 1840 ταπεινοί

678 1895 894 1945 liattlttt'.
925 1889 1054 1941 Erat
1074 1897 1203 1938 evro
1230 1893 1283 1937 et
1302 1882 1413 1936 haec
1437 1880 1650 1934 illorum
1672 1878 1951 1947 diligentia
1975 1878 2129 1931 laude
2157 1877 2241 1931 di-

2346 1911 2555 1966 φρονες.
2584 1894 2694 1945 Καὶ
2724 1886 2791 1961 ἦν
2817 1890 2941 1942 ἰδεῖν
2968 1885 3193 1956 φοϐερὸν
3220 1886 3308 1937 ἐπ’
3335 1884 3577 1945 ἐκείνοις,
3611 1881 3700 1935 καὶ
3726 1882 3901 1948 ἀγγε-

679 1993 800 2047 ιςιιςι,
824 1988 1017 2043 neque,
1041 1982 1099 2026 ut
1118 1970 1340 2030 videtur,
1359 1965 1557 2029 frustra
1579 1965 1838 2027 adhibita,
1856 1962 1949 2019 sed
1973 1963 2239 2032 ingentem

635 2110 644 2118 .
683 2066 934 2121 omnibus
958 2061 1244 2133 utilitatem
1267 2067 1321 2112 et
1342 2056 1578 2109 fructum
1607 2052 1880 2107 aﬁ‘erebat.
1922 2050 2242 2120 Complures

680 2154 877 2222 quippe
910 2166 973 2204 ex
1001 2149 1108 2203 illis
1133 2146 1339 2201 sanctis
1359 2142 1491 2197 viris
1513 2142 1719 2213 agendo
1747 2140 1906 2196 simul
1925 2149 1978 2194 et
1995 2149 2238 2194 contem-

680 2237 1162 2309 plandovalebant,
1187 2234 1445 2303 juxtaque
1467 2229 1717 2291 consulti.
1751 2229 2037 2297 prudentes
2053 2237 2107 2282 et
2139 2230 2240 2281 ltu-

690 2332 847 2386 miles
870 2329 1225 2383 habebantur.
1258 2323 1553 2378 Percellere
1593 2331 1804 2391 poterat
1832 2320 2160 2387 quempiam,
2191 2329 2244 2373 et

687 2422 817 2477 illud
849 2420 1066 2502 cteleste
1088 2417 1228 2486 apud
1263 2415 1382 2469 illos
1410 2411 1798 2482 spectaculum.
1828 2407 2038 2478 Quippe
2061 2407 2242 2463 videre

685 2525 803 2568 erat
828 2512 973 2565 viros
992 2498 1190 2563 canitie
1226 2501 1587 2563 venerandos,
1612 2499 1721 2553 oris
1753 2498 2033 2567 majestate
2068 2498 2247 2564 suspi-

693 2603 915 2658 ciendos
947 2601 1049 2653 ritu
1075 2594 1360 2650 infantium
1394 2592 1460 2645 ad
1494 2590 1752 2659 obsequia
1776 2588 2020 2657 praesidis
2057 2601 2244 2641 accur-

690 2710 828 2756 rere,
857 2704 914 2745 ut
952 2691 1043 2761 qui
1084 2702 1349 2744 summam
1391 2685 1443 2738 in
1483 2685 1595 2751 ipsa
1627 2679 1993 2739 submissione
2017 2678 2243 2748 gloriam

692 2785 1040 2839 collocarent.
1061 2779 1307 2850 Spectavi
1327 2777 1435 2831 illic
1451 2775 1617 2836 viros,
1634 2773 1725 2843 qui
1744 2770 2130 2842 quinquaginta
2148 2769 2248 2822 cir-

687 2877 823 2931 citer
850 2887 1022 2928 annos
1059 2872 1160 2926 sub
1192 2868 1499 2921 obedientia:
1521 2865 1650 2934 jngo
1679 2864 1943 2921 vixerant,
1967 2873 2106 2928 quos
2129 2871 2248 2927 per-

689 2957 952 3012 eontabar
970 2966 1196 3021 ecquam
1221 2965 1286 3003 ex
1309 2957 1459 3003 tanto
1480 2948 1663 3001 labore
1683 2941 2096 3000 consolationem
2129 2954 2248 3009 per-

691 3048 994 3118 cepissent?
1020 3043 1113 3098 llic
1142 3042 1230 3096 alii
1256 3057 1313 3096 se
1336 3041 1402 3094 ad
1436 3046 1637 3093 tantam
1669 3034 1833 3089 animi
1863 3032 2245 3087 demissionem

693 3135 1041 3193 descendisse
1084 3131 1470 3194 memorabant,
1499 3144 1590 3196 per
1625 3141 1787 3197 quam
1810 3127 1876 3179 de
1906 3133 2101 3177 caetero
2139 3120 2248 3174 bel-

2342 1983 2608 2056 λοπρεπὲς
2634 1981 2809 2051 θέαμα
2829 1997 2841 2008 '
2871 1978 3064 2041 πολιὰς
3086 1974 3409 2045 αἰδεσίμους,
3430 1974 3524 2026 καὶ
3549 1972 3901 2043 ἱεροπρεπεῖς

2340 2077 2493 2146 δίκην
2520 2073 2728 2144 νηπίων
2753 2072 2820 2142 τῇ
2850 2070 3059 2138 ὑπακοῇ
3087 2066 3489 2137 ἐπιτρέχοντας,
3521 2064 3615 2117 καὶ
3636 2064 3901 2133 καύχημα

2343 2170 2595 2238 μέγιστον
2627 2163 2996 2233 κεκτημένους
3020 2159 3117 2229 τὴν
3150 2157 3356 2212 ἑαυτῶν
3382 2155 3722 2209 ταπείνωσιν.
3766 2152 3902 2208 Ἑώ-

2343 2275 2482 2327 ρακα
2526 2258 2703 2309 ὲκεῖσε
2753 2254 2948 2325 ἄνδρας
2997 2250 3127 2321 περὶ
3155 2248 3225 2302 τά
3253 2250 3585 2318 πεντήκοντα
3618 2246 3711 2317 ἐτη
3742 2246 3807 2298 ἐν
3832 2246 3904 2315 τῇ

2341 2350 2552 2418 ὑπακοῇ
2601 2345 2838 2416 ἔχοντας,
2883 2342 2976 2406 οὒς
3007 2341 3244 2395 ἱκέτευον
3291 2338 3500 2410 μαθεῖν,
3532 2337 3654 2391 τίνα
3703 2338 3770 2389 ὲκ
3802 2334 3901 2388 τοῦ

2340 2439 2591 2494 τοσούτου
2632 2438 2799 2492 κόπου
2851 2433 3200 2507 παραμυθίαν
3250 2429 3636 2503 προσελάϐοντο
3660 2446 3675 2461 ο
3729 2421 3813 2481 ὧν
3853 2428 3904 2479 οἱ

2345 2533 2444 2603 μὲν
2483 2532 2561 2594 εἱς
2590 2528 2821 2583 ἄϐυσσον
2844 2523 3338 2591 ταπεινοφροσύνης
3364 2519 3764 2590 κατηντηκιναι
3792 2516 3902 2570 λοι-

2342 2624 2442 2677 πὸν
2467 2621 2688 2683 ἑαυτοὺς
2717 2620 2965 2689 ἔφασκον,
2985 2617 3051 2670 δι’
3076 2609 3143 2686 ἧς
3168 2614 3343 2667 πάντα
3371 2610 3603 2680 πόλεμον
3622 2610 3702 2671 εἱς
3726 2605 3904 2663 αἰῶνα

2343 2710 2748 2782 διακρούονται·
2796 2709 2970 2777 ἕτεροι
3015 2705 3071 2760 δὲ
3116 2702 3320 2757 τελείαν
3366 2700 3718 2770 ἀναισθησίαν
3739 2740 3756 2762 ,
3806 2697 3903 2751 καὶ

2344 2803 2600 2857 ἀπόνοιαν
2636 2800 2694 2852 ὲν
2720 2797 3024 2869 λοιδορίαις.
3064 2797 3158 2848 καὶ
3184 2793 3371 2864 ὕϐρεσι
3396 2790 3581 2859 λοιπὸν
3608 2789 3753 2860 ἔχειν
3780 2787 3902 2841 ελε-

2347 2913 2462 2964 γον.
2496 2892 2743 2964 Ἑώρακα
2761 2890 2846 2944 ἑτέ
2854 2905 2977 2961 ρους
2990 2888 3098 2941 τῶν
3113 2888 3447 2957 ἀειμνήστων
3471 2883 3691 2937 ἐκείνων
3718 2883 3818 2935 σὺν
3834 2883 3901 2950 τῇ

2347 2984 2508 3054 πολιᾷ
2525 2983 2592 3051 τῇ
2607 2977 2934 3048 ἁγγελοειδεῖ
2951 2994 2973 3029 ε
2983 2978 3029 3040 ἱς
3043 2974 3340 3044 βαθυτάτην
3354 2972 3603 3036 ἀκακίαν,
3616 2972 3711 3025 καὶ
3727 2969 3904 3025 ἁπλό·

2348 3090 2484 3145 τητα
2505 3068 2914 3138 σεσοφισμένην,
2931 3064 3023 3117 καὶ
3044 3060 3593 3131 ἑκουσιόγνωμον,καὶ
3606 3057 3901 3129 θεοκατύρ-

2352 3165 2517 3217 θωτον
2543 3159 2887 3230 ἐληλακότας.
2915 3158 3125 3225 ’Ὠσπερ
3162 3152 3268 3229 γὰρ
3290 3154 3318 3205 ὁ
3341 3149 3571 3221 πονηρὸς
3601 3149 3695 3203 δύο
3721 3148 3893 3211 ἔστιν,

694 3227 805 3280 tum
856 3236 1013 3277 omne
1068 3223 1121 3275 in
1172 3235 1387 3273 omnem
1437 3219 1597 3269 vitam
1647 3214 2016 3283 repulissent:
2059 3211 2147 3263 alii
2182 3210 2246 3262 ad

2350 3210 2565 3305 τὸ-
2742 3210 2917 3315 μενον,
2950 3242 3044 3295 καὶ
3067 3210 3193 3295 ἐλλὸ
3279 3210 3665 3309 κρυπτδμενονο
3683 3236 3861 3300 οὕτως

694 3332 820 3373 eum
866 3315 1043 3369 locum
1098 3328 1156 3366 se
1199 3321 1512 3380 pregressos
1544 3305 1899 3367 atlirmabant,
1928 3302 2005 3358 uti
2052 3301 2254 3355 nulloin

697 3425 761 3462 ex
781 3404 1041 3462 convicio.
1068 3402 1267 3456 nullam
1293 3414 1357 3452 ex
1382 3410 1700 3467 quacunque
1739 3392 2062 3448 contumelia
2092 3391 2258 3443 mole-

699 3500 857 3553 stiam
890 3505 981 3549 aut
1012 3492 1462 3562 perturbationem
1481 3488 1757 3541 sentirent.
1783 3484 1901 3536 Vidi
1919 3483 2053 3536 alios
2079 3496 2144 3535 ex
2168 3480 2258 3533 illo

615 3584 641 3611 θ’
702 3584 1192 3641 iaudatissimornm
1245 3591 1493 3632 numero.
1542 3571 1845 3626 venerando
1885 3570 1984 3639 51
2027 3569 2256 3637 quodam

702 3678 834 3733 ﬂore
862 3684 1120 3729 canorum
1146 3680 1417 3737 asper-sos,
1433 3674 1486 3718 et
1510 3661 1663 3731 quasi
1694 3660 1895 3726 etplesti
1914 3661 2060 3712 vultu
2092 3658 2257 3711 rel'ul-

706 3779 891 3844 gentes
906 3768 998 3841 qui
1021 3767 1086 3822 ad
1105 3778 1370 3820 summam
1388 3762 1510 3816 vita:
1537 3758 1920 3823 innocentiam,
1935 3756 2262 3826 sapientissi-

706 3886 958 3943 mamque
983 3865 1381 3943 simplicitatem
1412 3874 1623 3939 summa
1646 3857 1934 3913 voluntatis
1962 3856 2257 3918 alacritate,

707 3938 911 4043 Deique
967 3971 1128 4022 ductu
1188 3938 1564 4034 pervenerunt.
1596 3959 2059 4029 Quemadmodum
2117 3958 2260 4011 enim

708 4070 883 4127 malus
934 4064 1330 4138 quodammodo
1380 4061 1488 4115 duo
1513 4069 1623 4123 est;
1665 4057 1809 4112 aliud
1844 4056 1985 4127 quod
2027 4055 2258 4120 videtur,

710 4166 853 4224 aliud
870 4166 1012 4236 quod
1035 4173 1135 4227 est,
1158 4178 1258 4217 nec
1282 4166 1500 4230 apparet
1530 4176 1542 4211 :
1576 4157 1647 4211 ita
1688 4156 1911 4225 simplex
1950 4168 2053 4208 non
2090 4156 2258 4225 gemi-

2350 3338 2573 3402 ἁπλοῦς,
2591 3336 2653 3388 οὐ
2668 3332 2904 3395 διπλοῦς,
2922 3329 3033 3383 ἀλλ’
3050 3330 3108 3383 ἓν
3123 3328 3174 3383 τί
3194 3331 3355 3382 ἐστιν·
3371 3327 3469 3379 οὐκ
3487 3324 3676 3394 ἄλογός
3697 3341 3784 3388 τις
3806 3321 3899 3385 ὢν,

2350 3431 2443 3483 καὶ
2460 3428 2655 3495 ἄσοφος
2672 3424 2809 3478 κατὰ
2823 3424 2944 3485 τοὺς
2962 3424 3018 3475 ὲν
3034 3405 3221 3489 κόσμῳ
3236 3417 3513 3487 γηραιοὺς,
3531 3415 3622 3480 οὓς
3636 3415 3731 3468 καὶ
3743 3413 3903 3484 λελη-

2354 3521 2585 3593 ρηκότας
2629 3516 2838 3587 φιλοῦσι
2887 3513 3068 3569 καλεῖν
3090 3528 3104 3542 υ
3152 3509 3267 3561 ἀλλ’
3306 3506 3503 3572 ἔξωθεν
3551 3506 3671 3576 μὲν,
3706 3503 3903 3573 ἠπίους

2353 3612 2524 3675 ὅλους,
2575 3608 2879 3679 προσηνεῖς,
2913 3600 3187 3672 φαιδροὺς,
3229 3596 3493 3653 ἄπλαστον
3525 3596 3767 3665 ἔχοντας,
3804 3595 3904 3647 καὶ

2354 3698 2782 3769 ἀνεπιτήδευτον,
2811 3693 2907 3747 καὶ
2935 3690 3233 3754 ἀνόθευτον,
3282 3688 3371 3741 καὶ
3394 3686 3484 3739 τὸν
3514 3684 3688 3754 λόγον,
3720 3683 3818 3738 καὶ
3842 3683 3903 3737 τὸ

2353 3789 2505 3862 ἦθος,
2531 3789 2759 3859 πρᾶγμα
2784 3787 2882 3837 οὐκ
2914 3786 2971 3837 ὲν
2996 3781 3206 3845 πολλοῖς
3231 3778 3612 3850 εὑρισκόμενον
3632 3794 3650 3810 ο
3702 3775 3902 3830 ἔσωθεν

2355 3884 2413 3936 δὲ
2438 3883 2503 3951 τῇ
2533 3880 2675 3949 ψυχῇ
2721 3875 2810 3929 τὸν
2847 3875 2978 3927 Θεὸν
3009 3872 3190 3935 αὐτὸν,
3237 3870 3327 3923 καὶ⁵
3352 3868 3441 3922 τὸν
3474 3866 3789 3937 προεστῶτα
3825 3864 3902 3923 ὡς

2358 3970 2589 4041 ἀκέραια
2630 3969 2795 4034 νήπια
2842 3963 3238 4023 ἀναπνέοντας’
3285 3959 3378 4013 καὶ
3408 3956 3612 4027 ἰταμὸν,
3655 3956 3751 4010 καὶ
3784 3971 3903 4009 στε-

2365 4064 2577 4134 ρέμνιον
2606 4058 2669 4111 τὸ
2697 4057 2790 4111 τοῦ
2836 4055 2952 4115 νοὸς
2982 4053 3135 4122 δμμα
3182 4051 3315 4121 πρὸς
3345 4049 3470 4111 τοὺς
3492 4046 3770 4116 δαίμονας,
3809 4043 3904 4099 καὶ

2362 4156 2430 4208 τά
2455 4152 2603 4222 πάοη
2629 4167 2794 4219 κεκτη
2803 4146 3011 4219 μένους.

712 4231 1010 4326 ιιιιῐηίεεᾱ
1062 4272 1226 4312 unum
1281 4255 1407 4323 quid
1433 4262 1534 4307 est.
1571 4250 1757 4306 Nullus
1806 4251 2002 4320 aliquis
2041 4250 2113 4303 ibi
2174 4257 2290 4301 erat
2319 4251 2590 4303 seniorum
2633 4243 2845 4301 infans,
2884 4250 2937 4294 et
3007 4236 3286 4307 bis'puer,
3339 4235 3791 4312 quemadmodum
3848 4231 3903 4287 in

711 4304 975 4426 profano“
996 4304 1406 4413 szeculimvu‘lgow
1438 4304 1797 4410 reperiuntur,
1874 4304 2013 4410 quos
2077 4339 2271 4405 deliros
2312 4351 2469 4393 senes
2511 4335 2823 4406 appellitant
2852 4349 2865 4385 ε
2899 4331 2991 4386 sed
3024 4304 3233 4391 omnes,
3293 4304 3399 4397 qua
3436 4326 3622 4382 habitu
3688 4304 3903 4395 quidem

714 4455 938 4502 externo
962 4444 1094 4505 oris,
1124 4441 1281 4495 mites
1296 4435 1537 4500 omnino,
1567 4443 1619 4488 et
1644 4447 1859 4494 suaves,
1894 4442 2053 4501 atque
2092 4431 2312 4491 hilares,
2350 4438 2404 4482 et
2433 4430 2524 4498 qui
2566 4425 2701 4480 nihil
2731 4423 2810 4479 vel
2832 4426 2885 4477 in
2905 4432 3173 4482 sermone,
3196 4417 3281 4473 vel
3311 4416 3550 4472 moribus
3585 4415 3791 4478 ﬁctum,
3822 4410 3903 4468 vel

716 4537 977 4597 solutum,
1009 4533 1093 4587 vel
1135 4542 1239 4584 non
1280 4531 1549 4585 sincerum
1588 4540 1698 4596 prae
1735 4539 1793 4579 se
1842 4523 2041 4578 ferrent
2100 4523 2246 4593 (qua
2283 4538 2341 4578 re
2380 4523 2511 4577 nihil
2566 4520 2705 4573 inter
2754 4515 3008 4571 mortales
3042 4510 3219 4566 rarius
3270 4517 3446 4580 potest
3465 4507 3728 4577 reperiri)
3757 4519 3905 4577 μιαί

718 4647 846 4687 vero
899 4628 1063 4686 animi
1114 4627 1262 4681 intus
1300 4622 1513 4686 affectu,
1539 4623 1591 4675 in
1646 4619 1756 4675 Deo
1778 4630 1832 4673 et
1868 4619 2091 4689 priesidc
2130 4632 2253 4681 suo,
2292 4628 2545 4685 tanquam
2584 4612 2818 4667 infantes
2855 4607 3041 4662 fraude
3082 4603 3314 4674 doloque
3358 4609 3625 4668 carentes,
3651 4600 3887 4672 conquie

721 4728 943 4784 scebant
981 4733 1184 4778 torvam
1223 4720 1435 4775 interim
1460 4725 1513 4771 et
1545 4725 1751 4770 trucem
1797 4717 1849 4767 in
1895 4715 2183 4774 demones,
2212 4723 2267 4767 et
2303 4712 2429 4766 vitia
2456 4709 2625 4764 aciem
2659 4705 2854 4761 mentis
2876 4703 3265 4769 intorquentes.

790 4820 911 4875 Vita
966 4831 1051 4871 me
1108 4811 1430 4885 (venerande
1491 4809 1739 4874 antistes,
1790 4816 1845 4861 et
1911 4805 2020 4860 Deo
2066 4806 2259 4861 dilecta
2294 4813 2336 4867 ο

725 4909 1001 4975 sodalitas)
1064 4904 1227 4960 citius
1289 4901 1520 4963 deﬁciet,
1584 4913 1747 4969 quam
1818 4896 2019 4965 possim
2077 4897 2265 4951 beato-

727 4986 849 5055 rum
919 4998 1134 5051 illorum
1179 4993 1426 5055 virtutes,
1482 4999 1537 5043 et
1593 5003 1771 5059 mores
1824 4986 1977 5056 plane
2024 4988 2271 5043 caelestes

727 5089 1027 5145 enarranda
1102 5083 1388 5155 explicare.
1479 5077 1583 5132 Sed
1666 5078 1811 5132 enim
1875 5088 2089 5147 praestat
2171 5091 2272 5131 nos

729 5182 928 5236 librum
1007 5188 1250 5230 nostrum
1329 5158 1660 5240 explicandis
1722 5170 1933 5223 illorum
2003 5168 2274 5223 laboribus

728 5282 784 5331 et
850 5266 1137 5325 sudoribus
1175 5264 1458 5325 illustrare.
1507 5268 1561 5313 et
1609 5275 1704 5313 vos
1769 5257 1834 5311 ad
1912 5273 2088 5312 rerum
2164 5272 2275 5312 eoe-

731 5361 948 5416 lestium
1002 5356 1236 5412 studium
1298 5352 1495 5422 potius,
1564 5364 1724 5420 quam
1764 5350 1957 5404 nostris
1996 5348 2273 5418 praeceptis

732 5452 985 5507 excitare.
1041 5445 1174 5513 Quis
1233 5443 1375 5498 enim
1434 5440 1643 5497 inﬁcias
1714 5447 1832 5504 eat,
1883 5440 2145 5495 deteriora
2206 5439 2275 5493 ab

732 5541 1197 5615 praestantioribus
1262 5534 1560 5591 exornari?
1649 5533 1783 5588 Illud
1862 5530 2118 5585 duntaxat
2179 5546 2273 5585 vos

732 5641 913 5688 oratos
976 5629 1134 5686 vele
1161 5668 1181 5693 ,
1258 5639 1329 5679 ne
1382 5624 1513 5693 quid
1559 5638 1609 5677 at
1652 5621 1810 5676 nobis
1878 5618 2059 5673 ﬁctum
2137 5620 2271 5674 tradi

734 5723 961 5781 scribive
1028 5716 1367 5775 existimetis.
1452 5712 1601 5768 Solet
1655 5715 1798 5768 enim
1866 5710 2114 5780 abrogata
2183 5710 2269 5764 hi-

2443 4801 2737 4871 Ἐπιλεὶψει
2770 4814 2855 4869 με,
2897 4790 2942 4849 ὦ
2972 4794 3091 4866 ἱερά
3118 4789 3346 4863 κορυφὴ,
3388 4790 3481 4843 καὶ
3508 4788 3758 4859 θεοφιλὴς
3788 4801 3904 4840 συν-

2363 4894 2622 4964 άθροισις,
2661 4895 2690 4945 ὁ
2732 4892 2830 4960 τῆς
2867 4888 3008 4956 ζωῆς
3042 4902 3141 4958 μου
3170 4883 3377 4953 χρόνος,
3417 4880 3515 4953 τὴν
3550 4880 3773 4933 ἐκείνων
3805 4876 3905 4931 τῶν

2370 4984 2649 5055 μακαρίων
2677 4978 3022 5050 διηγούμενον
3067 4971 3295 5043 ἀρετὴν,
3341 4972 3433 5026 καὶ
3477 4964 3905 5040 οὐρανομίμητον

2368 5076 2555 5145 βίωσιν
2574 5090 2589 5105 ο
2629 5071 2743 5125 ἀλλ’
2770 5072 2918 5140 ὅμως
2942 5067 3161 5136 ἄμεινον
3188 5065 3252 5116 ὲκ
3278 5062 3385 5117 τῶν
3418 5061 3646 5121 ἱκείνοις
3673 5067 3902 5127 arem-

2371 5168 2543 5238 μένων
2563 5162 2795 5234 ἱδρώτων
2814 5161 2903 5213 τὸν
2922 5156 3181 5227 ἡμέτερον
3207 5148 3603 5222 ὲγκαλλωπῖσαί
3624 5165 3744 5211 πως
3764 5148 3903 5220 ἡμᾶς

2369 5259 2545 5325 λόγον,
2574 5254 2667 5307 καὶ
2694 5255 2771 5316 εἱς
2803 5250 2959 5319 ζῆλον
2980 5246 3199 5315 θεοφιλῆ
3230 5244 3489 5311 διεγεῖραι
3510 5255 3525 5271 ·
3552 5239 3585 5310 ἢ
3613 5239 3674 5305 ἐξ
3698 5239 3903 5293 οἰκείων

2368 5326 2759 5414 παραινέσεων.
2790 5339 2970 5408 Χωρὶς
2998 5336 3103 5407 γὰρ
3130 5335 3309 5404 πάσης
3328 5329 3644 5397 ’ἀντιλογίας
3668 5330 3731 5383 τδ
3761 5329 3903 5383 ἔλατ·

2367 5455 2458 5490 τον
2503 5435 2607 5489 ὑπὸ
2650 5432 2743 5489 τοῦ
2782 5430 3081 5502 κρείττονος
3125 5425 3566 5493 κατακοσμεϊται.
3608 5422 3815 5476 Ἐκεῖνο
3852 5418 3902 5473 δὲ

2369 5527 2573 5598 ἐρωτῶν
2616 5526 2781 5599 μηδὲν
2811 5526 2954 5596 ἡμᾶς
2993 5523 3401 5594 πεπλανημένον
3419 5521 3655 5593 γράφειν

2372 5635 2460 5671 σαι
2487 5634 2501 5648 ·
2538 5617 2655 5679 ἔθος
2674 5615 2781 5687 γὰρ
2800 5617 2865 5685 τῇ
2895 5615 3119 5686 ἀπιστίᾳ
3138 5614 3236 5683 τὴν
3256 5611 3521 5681 ὠφέλειαν
3538 5608 3901 5681 λυμαίνεσθαι.

2374 5711 2541 5763 Πάλιν
2566 5711 2623 5763 δὲ
2663 5707 2771 5759 τῶν
2799 5707 3199 5779 προειρημένων
3226 5704 3493 5776 ἐχώμεθα.

736 5813 917 5871 Storia:
990 5809 1119 5866 ﬁdes
1183 5819 1394 5862 omnem
1464 5801 1648 5881 tollere
1712 5801 1942 5855 fructum
1992 5799 2255 5855 lectionis.
2316 5800 2417 5855 Sed
2486 5799 2553 5854 ad
2611 5797 2910 5854 institutam
2959 5795 3318 5851 narrationem
3384 5795 3686 5851 redeamus.
