4048 6338
212 406 318 465 ass

1220 408 1442 465 SCALA
1474 404 1867 468 'PARADISI.
1892 431 1960 441 -
1986 408 2287 466 GBADUS
2321 410 2409 469 IV.

3316 423 3327 467 l
3349 413 3418 471 {l0

278 516 380 576 Τις
426 513 567 585 ἀνὴρ
606 513 868 583 Ἰσίδωρος
898 514 1129 583 τοῦνομα
1173 515 1231 580 ἐξ
1272 517 1590 587 ἀρχοντικῆς
1621 517 1772 582 ἀξίας

1946 518 2095 574 Civis
2144 518 2537 573 Alexandrinus
2579 527 2695 571 erat
2724 517 3007 587 (lsidorum
3041 520 3272 587 dixere),
3319 523 3423 593 52

224 602 574 673 Ἀλεξάνδρου
616 603 713 671 τῆς
761 603 963 666 πόλεως
1008 605 1064 656 ἐν
1092 602 1170 672 τῷ
1201 604 1467 675 εἰρημένῳ
1496 607 1762 677 κοινοϐίῳ,

210 696 322 767 πρὸ
350 695 554 748 τούτων
583 694 688 747 τῶν
719 694 923 763 χρόνων
955 695 1273 759 ἀπετάξατο,
1313 696 1371 748 ὃν
1400 697 1552 764 κάγὼ
1593 700 1766 749 ἐκεῖσε

209 789 293 840 ἔτι
324 786 639 839 κατέλαϐον.
682 785 879 838 Τοῦτον
907 785 1195 855 δεξάμενος
1226 789 1254 841 ό
1286 789 1533 852 πανόσιος
1566 789 1765 851 ἐκεῖνος

210 879 420 951 ποιμὴν
448 879 778 949 κακεντρεχῆ
807 880 967 943 πάνυ,
1013 881 1105 931 καὶ
1137 879 1302 949 ὠμὸν,
1345 880 1513 933 δεινόν
1548 898 1629 943 τε,
1678 884 1768 933 καὶ

209 971 493 1041 ἀγέρωχον
533 971 645 1039 (9.5)
692 971 1051 1040 θεασάμενος,
1098 970 1371 1040 σοφίζεται
1417 975 1446 1025 ὁ
1498 974 1766 1041 πάνσοφκ

204 1062 484 1132 δαιμόνων
510 1062 618 1130 (‘26)
667 1062 995 1131 πανουργίαν
1031 1062 1098 1114 δι’
1136 1062 1473 1135 ἀνθρωπίνης
1507 1066 1764 1127 ἐπινοίας,

206 1153 308 1205 καί
347 1169 478 1220 φησι
514 1152 647 1221 πρὸς
678 1152 767 1204 τὸν
809 1152 1071 1221 Ἰσίδωρον
1092 1168 1108 1183 ·
1156 1152 1216 1205 Ei
1246 1153 1352 1222 ἄρα
1392 1154 1480 1206 τὸν
1510 1154 1601 1207 τοῦ
1632 1157 1765 1225 Χρι-

209 1244 345 1297 στοῦ
392 1243 550 1310 ζυγὸν
597 1238 725 1312 ἆραι
759 1243 870 1312 (27)
912 1244 1247 1314 προῄρησας,
1288 1244 1532 1314 ὑπακοήν
1562 1262 1620 1297 σε
1656 1246 1765 1317 (28)

206 1336 405 1389 ἀσκεῖν
442 1334 550 1405 πρὸ
590 1335 803 1387 πάντων
843 1333 1113 1404 βούλομαι.
1150 1335 1208 1387 Ὀ
1242 1334 1299 1388 δέ
1332 1352 1492 1404 φησιν
1517 1353 1529 1366 ·
1578 1338 1663 1399 Ὠς
1690 1339 1768 1389 σε·

207 1425 381 1494 δηρυς
422 1423 636 1493 χαλκεῖ,
681 1422 872 1485 οὕτως,
908 1423 1193 1490 ἀγιώτατε,
1223 1423 1615 1477 ὑποτάσσεσθαι
1648 1426 1768 1478 ἐαυ-

206 1514 306 1566 τὸν
342 1514 566 1569 δέδωκα.
593 1513 653 1568 ’0
681 1514 738 1567 δὲ
775 1515 945 1585 μέγας
973 1516 1063 1566 καί
1087 1516 1174 1567 ἐπ’
1205 1514 1351 1583 αύτῷ
1374 1514 1449 1585 τῷ
1474 1516 1767 1585 παραδείγ-

213 1622 354 1674 ματι
413 1605 787 1675 θεραπευθεὶς,
822 1606 1032 1659 δίδωσιν
1067 1605 1263 1669 ευθέως
1287 1607 1347 1659 τὸ
1373 1608 1668 1677 γυμνάσιον
1694 1612 1769 1679 τῷ

211 1697 424 1766 σιδηρῷ
459 1696 704 1767 Ἰσιδώρῳ
734 1698 823 1749 καί
858 1713 1047 1766 φησιν’
1080 1698 1344 1768 Βούλομαί
1376 1715 1451 1761 σε,
1476 1692 1525 1759 ,ὦ
1554 1699 1763 1767 ἀδελφέ,

208 1791 281 1857 τῇ
313 1787 470 1855 φύσει
495 1787 592 1855 (a),
618 1790 675 1840 ἐν
704 1787 779 1858 τῷ
809 1787 1011 1841 πυλῶνι
1040 1790 1136 1857 τῆς
1171 1794 1337 1860 μονῆς
1374 1792 1731 1861 παρίστασθαι
1752 1812 1763 1823 ·

1873 608 1953 660 vir
2032 609 2326 672 honestus,
2380 618 2433 663 et
2515 610 2679 677 gestis
2749 612 3150 679 magistratibus
3224 616 3423 674 clarus,

1870 698 1960 765 qui
2029 700 2396 767 superioribus
2462 700 2617 753 annis
2685 700 2848 755 rebus
2891 701 3142 759 humanis
3176 708 3423 777 nuntium

1872 789 2171 853 remiserat,
2224 799 2278 843 et
2318 806 2375 843 se
2421 790 2473 843 in
2524 790 2573 842 id
2625 791 2951 855 cmnobium,
3000 794 3066 846 de
3111 811 3220 862 quo
3264 813 3427 863 supra

1871 879 2195 932 mentionem
2262 879 2444 943 habui,
2504 881 2821 943 contulerat,
2867 898 3134 953 quemque
3182 900 3280 953 ego
3322 888 3423 939 ibi-

1870 970 1988 1021 dem
2038 969 2212 1024 adhuc
2271 970 2493 1025 oll'eudi.
2554 969 2707 1026 llunc
2761 988 2885 1027 cum
2941 975 3428 1031 sanctissituusille

1872 1061 2106 1114 cmnohii
2194 1077 2391 1129 pra-ses
2453 1063 2723 1117 exercitati
2769 1065 2835 1117 ad
2898 1066 3151 1118 malitiam
3208 1067 3426 1137 ingenii,

1876 1157 2226 1219 trucemque,
2305 1161 2357 1205 et
2419 1153 2801 1217 truculentum,
2858 1153 3305 1222 insolentemqne,
3377 1171 3429 1210 et

1874 1240 2048 1294 titulis
2122 1242 2383 1296 honorum
2454 1253 2746 1297 tumentem
2802 1245 3267 1311 animadverteret,
3337 1264 3426 1300 sa-

1872 1331 2241 1397 pientissimus
2303 1342 2453 1400 pater
2525 1335 2833 1404 improbans
2915 1338 3219 1392 daemonum
3285 1351 3426 1393 artes

1870 1418 2105 1473 humano
2159 1422 2382 1475 consilio
2454 1422 2617 1477 elusit
2683 1433 2737 1478 ct
2797 1424 2973 1487 elisit,
3033 1426 3291 1481 lsidorum
3356 1431 3428 1482 ita

1869 1511 2262 1566 atlocntus:Si
2331 1514 2540 1581 penitus
2610 1516 2791 1569 animo
2878 1527 2969 1569 tuo
3043 1518 3189 1572 sedet
3241 1520 3427 1590 jugum

1868 1600 2071 1657 Christi
2129 1604 2333 1667 tollere,
2384 1621 2491 1673 pra:
2529 1608 2739 1661 cunctis
2786 1609 2904 1661 voln
2959 1620 3013 1663 ιιι
3068 1611 3426 1664 obedientium

1869 1708 2136 1749 exerceas.
2208 1693 2275 1749 Ut
2327 1696 2559 1759 lerrunt,
2603 1698 2773 1767 inquit
2832 1698 3088 1763 Isidorus,
3150 1700 3429 1755 fabrol‘er-

1870 1784 2033 1843 rario,
2090 1784 2169 1836 sic
2201 1800 2300 1853 ego
2342 1801 2424 1839 me
2484 1788 2577 1838 tibi
2605 1827 2619 1850 ,
2686 1798 2834 1855 pater
2889 1792 3226 1845 sanctissime
3257 1834 3270 1855 ,
3315 1802 3420 1845 tra-

211 1877 313 1931 καὶ
344 1878 487 1949 πάσῃ
510 1878 652 1947 ψυχῇ
677 1877 917 1947 εἰσιούσῃ
941 1896 1020 1943 τε,
1051 1881 1142 1932 καὶ
1173 1880 1383 1951 ἐξιούσῃ
1418 1885 1589 1934 ποιεῖν
1612 1899 1767 1950 γονυ-

1874 1872 2119 1927 ctandum
2182 1876 2407 1945 subjeci.
2459 1875 2572 1932 lloc
2654 1879 2796 1934 illius
2869 1895 3128 1950 responso
3199 1899 3427 1952 mugitus

210 1968 430 2020 κλισίαν
465 1967 721 2034 λέγονταο
766 1964 931 2031 Εῦξαι
965 1969 1107 2040 ὓπερ
1134 1971 1289 2039 ἐμοῦ,
1318 1973 1509 2042 πάτερ,
1538 1973 1619 2025 ὅτι
1648 1975 1768 2026 ἐπι-

209 2058 479 2132 ληπτικός
511 2060 626 2127 εἰμι
655 2058 788 2128 (29).
833 2061 1139 2131 ’Υπήκουσε
1171 2063 1226 2115 δὲ
1254 2059 1403 2125 οὗτος
1432 2062 1665 2135 {abtum},
1696 2067 1770 2128 ὡς

209 2150 449 2218 ἄγγελος
481 2152 688 2222 Κυρίῳ.
722 2152 1040 2207 Ἐπταετίαν
1064 2154 1119 2207 δὲ
1155 2154 1315 2207 αὑτοῦ
1340 2156 1512 2207 ἐκεῖσε
1540 2172 1769 2226 πεποιη-

210 2242 397 2305 κότος,
429 2245 519 2295 καί
548 2247 626 2305 εἰς
659 2243 956 2315 βαθυτάτην
983 2246 1323 2310 ταπείνωσιν,
1360 2249 1451 2300 καὶ
1486 2248 1771 2313 κατάνυξιν

210 2334 561 2404 ἐληλακότας,
599 2334 872 2406 ἠϐουλήθη
905 2337 933 2388 ὁ
963 2336 1202 2407 ἀοίδιμος
1243 2338 1379 2407 μετὰ
1421 2339 1515 2409 τὴν
1546 2340 1656 2407 (50)
1688 2357 1769 2391 νο-

212 2426 391 2496 μικὴν
436 2428 757 2493 ἐπταετίαν,
805 2429 896 2482 καί
943 2428 1039 2499 τὴν
1083 2429 1174 2482 τοῦ
1219 2431 1409 2504 ἀνδρὸς
1458 2432 1771 2486 ἀνείκαστον

211 2520 519 2588 ὑπομονὴν,
550 2519 755 2581 τοῦτον.
786 2520 859 2583 ὡς
887 2520 1194 2592 ύπεράξιον,
1226 2524 1336 2586 τοῖς
1374 2523 1619 2591 ἀδελφοῖς
1648 2542 1771 2589 συν-

209 2606 547 2681 αριθμῆσαι,
577 2613 671 2664 καὶ
698 2612 1023 2681 χειροτονίας
1054 2612 1300 2676 ἀξιῶσαι.
1351 2614 1406 2668 ’0
1432 2614 1487 2667 δὲ
1521 2615 1773 2679 πλείστας

179 2700 317 2753 ,καὶ
363 2700 430 2753 δι’
476 2701 692 2771 ἐτέρων,
745 2704 837 2756 καὶ
872 2703 937 2756 δι’
967 2704 1098 2773 ἐμοῦ
1142 2689 1233 2757 τοῦ
1278 2704 1535 2768 ἀσθενοῦς
1571 2706 1773 2768 ἱκεσίας

212 2788 487 2858 πεποίηκε
529 2789 607 2859 τῷ
643 2792 893 2859 ποιμένι,
948 2794 1121 2846 ἐκεῖσε
1164 2794 1324 2847 αὐτὸν
1359 2794 1614 2853 ὡσαύτως
1658 2795 1773 2848 διά-

211 2896 385 2947 γοντα
416 2879 697 2932 τελειῶσαι
729 2883 818 2933 τὸν
852 2882 1069 2951 δρόμον,
1113 2882 1472 2951 αἰνιξάμενος.
1508 2886 1600 2937 καὶ
1640 2887 1776 2954 ἀμυ-

208 2967 362 3041 δρῶς
400 2984 515 3031 πως
558 2968 635 3039 τῷ
684 2969 826 3041 λόγῳ
858 2972 920 3024 τὸ
944 2972 1111 3036 τέλος,
1144 2974 1236 3025 καί
1270 2972 1365 3041 τὴν
1398 2972 1577 3026 αὑτοῦ
1632 2976 1768 3046 κλῆ-

212 3080 308 3115 σιν
361 3060 783 3132 πλησιάζουσαν,
844 3066 979 3133 ὅπερ
1034 3066 1129 3118 καὶ
1168 3066 1412 3134 γέγονεν.
1452 3067 1759 3131 ’Ὲάσαντος

213 3151 332 3220 γὰρ
376 3150 537 3203 αὑτὸν
562 3151 705 3222 ἐντῇ
737 3153 871 3223 αὐτῇ
905 3153 1055 3220 τάξει
1106 3154 1201 3207 τοῦ
1251 3154 1592 3219 διδασκάλου,
1637 3158 1772 3227 μετά

209 3242 455 3310 δεκάτην
500 3243 707 3313 ἡμέραν
772 3246 906 3316 πρὸς
950 3246 1154 3316 Κύριον
1192 3246 1258 3299 δι’
1292 3246 1504 3311 ἀδόξιας
1550 3247 1771 3313 ἐνδόξως

212 3335 541 3405 ἐξεδήμησε,
582 3340 645 3408 τῇ
672 3337 873 3411 ἐϐδόμῃ
898 3338 1079 3410 ἡμέρᾳ
1112 3340 1207 3406 τῆς
1241 3339 1405 3393 αὐτοῦ
1438 3342 1771 3410 κοιμήσεως,

215 3428 324 3481 καὶ
371 3428 462 3480 τὸν
510 3429 752 3498 θυρωρὸν
788 3431 884 3499 τῆς
937 3430 1103 3500 μονῆς
1142 3432 1274 3501 πρὸς
1311 3431 1511 3500 Κύριον
1540 3432 1776 3501 προσλα-

212 3519 469 3589 ϐόμενος.
500 3516 606 3574 Ἦν
654 3521 759 3591 γὰρ
810 3520 957 3592 αύτῷ
1013 3520 1249 3595 εἰρηκὼς
1285 3524 1314 3577 ό
1355 3525 1640 3595 μακάριος,
1670 3526 1777 3578 δτι-

216 3626 352 3679 περ,
404 3609 529 3662 Ἐὰν
575 3609 721 3679 τύχω
776 3612 1083 3682 παρρησίας
1132 3612 1265 3684 πρὸς
1313 3611 1535 3684 Κύριον,
1576 3614 1777 3685 ἀχώρι-

215 3701 348 3763 στός
394 3718 497 3771 μου
549 3702 750 3773 γενήσῃ
794 3705 951 3759 κάκεί
991 3704 1301 3779 διάίτάχος.
1353 3705 1527 3776 Ὅπερ
1555 3706 1646 3760 καὶ
1684 3706 1774 3773 γέ-

214 3804 401 3855 γονεν,
444 3788 523 3851 είς
562 3790 820 3858 μεγίστην
870 3791 1235 3862 πληροφορίαν
1278 3792 1375 3862 τῆς
1422 3794 1778 3863 ἀκαταισχύν-

215 3897 316 3933 σου
347 3880 512 3932 αὑτοῦ
551 3881 815 3950 ὑπακοῆς,
868 3883 961 3934 καὶ
1003 3881 1373 3946 ταπεινώσεως
1423 3884 1772 3955 θεομιμήτου.

230 3970 527 4041 Ἥρώτησα
549 3971 629 4024 ἔτι
673 3971 926 4041 περιόντα
967 3970 1059 4023 τδν
1113 3972 1284 4041 μέγαν
1336 3972 1521 4025 τοῦτον
1580 3973 1775 4028 Ἰσίδω-

222 4080 339 4134 ρον,
372 4060 530 4115 ποίαν
552 4061 808 4131 ἐργασίαν
848 4059 1010 4114 αὑτοῦ
1032 4062 1060 4114 ό
1080 4060 1204 4124 νοῦς
1232 4061 1290 4113 ἐν
1332 4060 1409 4131 τῷ
1439 4061 1642 4114 πυλῶνι
1699 4063 1775 4115 δι-

220 4157 449 4223 άγοντος
498 4153 772 4223 ἐκέκτητο.
828 4153 939 4208 Καὶ
994 4154 1092 4205 οὐκ
1139 4152 1369 4224 ἔκρυψεν
1404 4152 1679 4223 ὡςρελῆσαί
1710 4171 1774 4222 με

221 4247 397 4299 θέλων
415 4244 444 4295 ό
467 4243 806 4313 ἀείμνηστος.
838 4245 951 4315 (51)
991 4245 1079 4301 Ἐν
1123 4246 1314 4317 ἀρχαῖς
1338 4246 1437 4316 μὲν
1461 4246 1568 4317 γὰρ
1596 4244 1793 4309 τοῦτο,⁹

223 4336 417 4408 φησὶν,
444 4334 782 4405 ἐλογιζόμην,
838 4335 1026 4407 ὅτιπερ
1050 4337 1185 4408 ύπέρ
1214 4337 1318 4390 τῶν
1350 4337 1633 4409 ἁμαρτιῶν
1675 4355 1773 4408 μου

222 4428 493 4501 ἐπράθην.
524 4425 681 4481 Ὅθεν
725 4426 818 4479 καὶ
856 4427 991 4498 μετὰ
1020 4430 1131 4499 (32)
1184 4431 1404 4502 πικρίας
1454 4432 1652 4500 πάσης,
1686 4432 1775 4484 καὶ

1798 3206 1840 3262 C

1870 1963 2093 2019 antistes
2144 1965 2405 2033 ﬁrmatus,
2475 1970 2656 2023 statim
2716 1971 2981 2025 lsidorum
3046 1976 3283 2028 admovit
3332 1976 3416 2027 in—

1878 2054 2021 2116 cudi,
2079 2064 2131 2108 et
2174 2074 2184 2107 :
2228 2054 2447 2121 Placet,
2508 2061 2722 2131 inquit,
2785 2064 3147 2119 sincerissime
3228 2068 3425 2122 frater.
3504 2050 3509 2053 ’

1874 2146 1947 2198 uti
2015 2158 2123 2201 stes
2175 2150 2227 2201 in
2291 2151 2436 2203 aditu
2476 2155 2810 2213 monasterii,
2866 2167 2919 2207 et
2974 2157 3144 2209 cuivis
3202 2158 3419 2210 intranti

1869 2247 1924 2292 et
1977 2240 2190 2293 exeunti
2259 2240 2476 2310 supplex
2519 2244 2695 2309 posito
2750 2258 2885 2309 genu
2946 2246 3198 2308 accidas,
3245 2248 3421 2302 dicas-

1870 2345 1976 2398 que
2008 2354 2018 2384 ;
2051 2330 2154 2384 Ora
2188 2346 2283 2399 pro
2322 2348 2426 2397 me,
2455 2342 2622 2401 pater,
2666 2335 2788 2408 quia
2826 2338 3137 2405 epilepticns
3178 2356 3295 2392 sum
3327 2342 3421 2407 (ti).

1872 2418 2057 2474 Paruit
2136 2421 2367 2477 Isidorus
2450 2440 2545 2479 suo
2614 2429 2865 2495 priesidi,
2942 2447 3043 2481 non
3116 2446 3271 2483 secus
3340 2443 3423 2484 at-

1871 2526 1975 2580 que
2031 2514 2252 2584 angelus
2298 2514 2428 2570 Deo.
2494 2517 2633 2586 Ergo
2687 2529 2878 2573 exacto
2944 2521 3008 2573 ad
3065 2533 3269 2588 portam
3342 2539 3398 2576 se

1874 2605 2130 2671 ptenuio,
2203 2622 2327 2660 cum
2395 2602 2465 2662 ad
2524 2610 2839 2665 altissimam
2913 2613 3076 2666 animi
3146 2614 3426 2668 demissiu-

1876 2710 2019 2761 Itent,
2058 2706 2111 2752 et
2144 2698 2387 2753 intimum
2435 2714 2651 2755 sensum
2711 2703 3041 2770 poenitentia:
3074 2705 3424 2772 pervenisset,

1877 2786 2050 2840 visum
2114 2796 2205 2854 est
2279 2788 2662 2844 landatissimo
2728 2792 2861 2858 patri
2939 2792 3234 2856 lsidorutu,
3310 2806 3429 2863 post.

1877 2887 2080 2947 septem
2140 2896 2312 2935 annos
2369 2882 2621 2949 legitima:
2677 2883 2968 2947 servitutis,
3014 2894 3066 2937 et
3137 2884 3427 2954 inexplica—

1878 2956 2051 3021 bilem.
2083 2970 2459 3037 tolerantiam,
2494 2971 2868 3041 dignissimum
2913 2973 3023 3037 jam
3079 2976 3431 3028 contubernio

1879 3057 2251 3128 religiosorum
2310 3060 2536 3114 fratrum
2577 3060 2881 3131 ailjntigere,
2946 3072 2997 3116 et
3038 3064 3205 3118 sacris
3270 3064 3428 3119 etiam

1878 3147 2164 3203 ordinibus
2227 3150 2461 3206 initiare.
2514 3150 2610 3206 llic
2676 3169 2800 3206 vero
2880 3153 3113 3208 Isidorus
3160 3170 3281 3209 cum
3338 3170 3432 3224 per

1877 3234 2030 3302 alios,
2083 3245 2194 3290 tum
2250 3254 2344 3305 per
2397 3240 2661 3308 meipsum
2704 3241 2983 3305 tniscrum,
3038 3243 3295 3309 plurimas
3362 3243 3429 3297 ad
3480 3300 3483 3305 _

1876 3341 2034 3379 suum
2088 3335 2356 3396 pastorem
2398 3344 2583 3398 preces
2633 3331 2901 3401 allegavit,
2958 3333 3211 3387 ntibona
3261 3334 3430 3401 ipsius

1875 3421 2032 3476 venia
2109 3422 2211 3477 sibi
2274 3422 2457 3478 liceret
2518 3425 2571 3478 in
2621 3426 2811 3480 eodem
2876 3427 2993 3480 loco
3070 3427 3135 3480 ad
3207 3428 3429 3496 jannaui

1878 3528 2251 3582 perseverare,
2278 3514 2381 3585 53
2429 3525 2482 3569 et
2513 3517 2839 3572 curriculum
2876 3520 2993 3573 vitae
3020 3519 3316 3585 absolvere,
3348 3520 3431 3573 iii-

1878 3606 2091 3661 utendo
2160 3608 2500 3662 subobscure
2566 3610 2634 3663 iis
2667 3611 2879 3674 ~verbis,
2940 3613 3049 3683 jam
3102 3613 3258 3667 linem
3315 3628 3477 3677 σοι-οη

1876 3698 2097 3754 laminis
2142 3708 2414 3770 appetere,
2464 3709 2517 3753 et
2580 3701 2634 3753 in
2704 3704 2949 3769 proximo
2996 3718 3118 3757 esse
3159 3711 3217 3755 ut
3265 3702 3429 3757 evita

1875 3799 2129 3845 evocetur
2160 3789 2653 3859 :quemadmodum
2689 3800 2742 3843 et
2782 3806 2905 3843 mox
2944 3791 3123 3845 docuit
3184 3800 3425 3846 eventus.

1874 3880 2008 3933 Nam
2063 3895 2186 3935 eum
2242 3870 2389 3932 illum
2447 3878 2707 3949 magister
2770 3880 2834 3932 it!
2872 3895 2967 3933 sua
3020 3882 3253 3935 statione
3312 3882 3430 3936 vitae

1875 3968 2220 4037 reliquisset,
2290 3968 2499 4023 decimo
2561 3980 2685 4038 post
2762 3971 2849 4027 die
2908 3987 3001 4040 per
3054 3972 3237 4041 gloriae
3286 3990 3427 4027 con-

1877 4068 2133 4129 temptum
2217 4060 2282 4112 ad
2350 4060 2572 4129 gloriam
2634 4073 2949 4131 grassatus,
3012 4066 3078 4118 ad
3143 4065 3427 4120 Dominum

1873 4152 2176 4222 emigravit.
2230 4151 2359 4205 Post

1875 4245 2155 4299 custodem
2224 4245 2403 4312 jauua:
2477 4261 2659 4300 secum
2729 4249 3062 4315 assumpsit,
3126 4247 3270 4314 quod
3353 4249 3427 4301 illi

1879 4336 2066 4391 beatus
2122 4346 2243 4390 ante
2306 4337 2713 4391 denuntiasset:
2747 4337 2804 4389 Si
2841 4336 2992 4404 quid,
3050 4336 3243 4404 inquit,
3298 4338 3426 4391 mihi

1877 4426 2082 4481 ﬁducia:
2142 4427 2302 4480 fuerit
2356 4441 2481 4495 erga
2526 4426 2832 4487 Dominum,
2884 4425 3024 4479 intra
3087 4425 3246 4482 breve
3294 4438 3430 4483 teut-

225 4521 373 4592 βίας,
396 4520 492 4573 καὶ
516 4520 740 4590 αἵματος
762 4519 859 4588 τὴν
887 4520 1171 4589 μετάνοιαν
1213 4522 1449 4577 ἔϐαλλον.
1504 4524 1772 4577 Ἐνιαυτοῦ

1880 4532 1979 4587 pus
2046 4517 2118 4571 ibi
2171 4532 2444 4587 nunquam
2503 4531 2532 4568 a
2573 4529 2657 4568 me
2710 4515 3064 4582 separandus,
3123 4519 3425 4587 apparebis.

220 4617 285 4670 δὲ
321 4615 694 4687 πληρωθέντος
736 4614 954 4677 ἀλύπως
986 4613 1166 4665 λοιπὸν
1202 4614 1478 4684 διεκείμην
1514 4615 1610 4685 τὴν
1644 4632 1774 4685 καρ-

227 4707 381 4768 δίαν,
427 4705 612 4775 μισθὸν
638 4706 764 4777 παρ’
792 4706 901 4774 (55)
930 4702 1092 4757 αὐτοῦ
1116 4700 1250 4754 Θεοῦ
1296 4704 1568 4774 ὑπομονῆς
1606 4721 1773 4773 προσ-

224 4798 537 4869 δεχόμενος.
599 4797 995 4869 Περαιωθέντος
1033 4795 1089 4847 δὲ
1155 4794 1338 4863 ἐτέρου
1388 4795 1503 4859 tvo;
1564 4796 1775 4864 χρόνου,

227 4890 454 4955 ἀνάξιον
504 4892 692 4945 ἑαυτὸν
742 4890 923 4944 λοιπὸν
1000 4885 1316 4955 ἐλογιζόμην
1384 4886 1479 4938 σῦν
1534 4886 1778 4957 αἰσθήσει

228 4982 481 5057 καρδίας,
507 4982 601 5036 καὶ
623 4982 719 5050 τῆς
753 4983 812 5035 ἐν
848 4984 915 5052 τῇ
940 4982 1069 5051 μονῇ
1102 4976 1399 5045 διατριϐῆς,
1424 4976 1519 5028 καὶ
1546 4978 1643 5046 τῆς
1668 4979 1799 5049 τῶν,

230 5073 494 5144 Πατέρων
532 5073 677 5139 θέας,
708 5074 803 5127 καὶ
834 5072 1136 5142 συντυχίας,
1179 5070 1273 5121 καὶ
1300 5066 1397 5135 τῆς
1431 5066 1537 5119 τῶν
1576 5084 1777 5139 μυστη-

235 5162 374 5231 ρίων
410 5164 779 5234 μεταλήψεως,
818 5163 1034 5233 καὶτῆς
1083 5164 1139 5214 ἐν
1158 5157 1428 5229 προσώπῳ
1458 5157 1604 5219 τινος
1649 5157 1777 5211 θεω-

234 5252 385 5314 οίας.
460 5254 622 5310 Κάτω
666 5254 725 5308 δὲ
780 5252 950 5307 νεύων
998 5252 1073 5323 τῷ
1110 5253 1335 5321 ὄμματι,
1373 5247 1465 5300 καὶ
1489 5248 1778 5319 κατωτέρῳ

242 5345 547 5413 ρρονήματι
592 5348 718 5411 τοὺς
760 5347 1021 5419 εἰσιόντας
1074 5344 1167 5397 καὶ
1200 5342 1435 5407 ἐξιόντας
1476 5340 1779 5409 εἰλικρινῶς

240 5433 427 5487 ιοεπὺν
464 5436 600 5506 ύπέρ
638 5439 801 5508 εὐχῆς
829 5437 1084 5492 ἱκέτευον.

308 5536 398 5624 (0)
419 5548 701 5624 Tagus“,
724 5551 911 5624 inquit
936 5548 1269 5624 sc_b_oli_astes_,
1290 5548 1431 5624 erat
1464 5546 1560 5623 ⁸’τοῦ
1586 5544 1770 5624 όντως,

244 5618 339 5689 ea.)
362 5617 698 5689 ἀληθῷς,
725 5617 868 5689 quod
889 5617 1530 5680 omisitCamaldulensis,
1551 5617 1775 5672 miratus

241 5686 379 5758 quid
405 5686 507 5758 sibi
531 5686 689 5758 uellet
713 5686 773 5740 rb
802 5692 867 5758 τῇ
910 5689 1088 5758 φύσει.

316 5757 392 5834 (ρ)
421 5754 611 5834 Nescio
626 5754 974 5825 quamobrem
992 5759 1419 5834 Camaldulensis
1437 5765 1675 5834 exponat
1692 5754 1772 5816 τὸ.

240 5826 599 5898 ἐπιληπτικδς
651 5834 1010 5914 peccatorum.
1058 5829 1320 5885 Caeterum
1369 5827 1505 5883 valet
1549 5826 1709 5879 etiam
1749 5840 1778 5878 a

1873 4610 2026 4677 Quod
2075 4610 2147 4663 ita
2196 4609 2261 4661 ad
2312 4606 2706 4661 testiﬁcandum
2768 4606 2905 4675 ejus,
2947 4626 3111 4679 quam
3153 4625 3427 4680 nunquam

1873 4684 2120 4760 erubuit,
2176 4695 2464 4765 perlectam
2536 4696 2930 4757 obedientiam.
2995 4710 3068 4763 et,
3109 4714 3211 4767 qua
3260 4697 3426 4759 Deum

1876 4792 2116 4844 imitatus
2192 4797 2295 4847 est,
2365 4787 2743 4856 humilitatem,
2802 4793 3001 4846 evenit.
3073 4791 3427 4845 Percontatus

1879 4897 1996 4936 sum
2036 4894 2135 4949 ego
2186 4878 2503 4945 praeclarum
2541 4881 2685 4939 hunc
2742 4884 3032 4949 lsidorum,
3077 4898 3199 4937 cum
3251 4881 3429 4938 adhuc

1881 4979 2151 5040 superstes
2202 4980 2365 5035 esset,
2428 4988 2564 5041 quas
2608 4975 2822 5033 animus
2874 4977 3038 5038 illius,
3095 4974 3314 5042 quando
3360 4978 3425 5029 ad

1879 5072 2085 5133 portam
2144 5060 2387 5129 degebat,
2429 5065 2781 5133 Cogitationes
2817 5066 3056 5122 volverit.
3128 5064 3309 5135 Neque
3344 5083 3428 5119 nu:

1881 5154 2015 5209 clam
2056 5150 2107 5205 id
2150 5152 2335 5209 habuit
2399 5156 2801 5213 Iaudatissimus
2855 5156 2943 5209 ille
2986 5156 3228 5225 (athleta)
3282 5160 3429 5227 quod

1881 5247 1931 5301 id
1983 5245 2049 5299 ad
2100 5246 2324 5301 salutem
2360 5259 2413 5302 et
2470 5250 2753 5303 utilitatem
2804 5264 2977 5301 meam
3039 5251 3305 5319 pertinere
3340 5264 3426 5301 ar-

1886 5336 2195 5391 bitraretur.
2288 5337 2568 5404 Primum,
2637 5339 2841 5405 inquit.

1886 5436 2063 5482 aetum
2117 5428 2451 5494 existimavi,
2509 5444 2573 5483 ac
2628 5428 2673 5481 si
2714 5443 2813 5497 pro
2872 5429 3104 5501 peccatis
3149 5427 3281 5481 uicis
3334 5440 3423 5476 νυ-

1871 5540 2013 5595 malo
2025 5541 2199 5620 genio
2223 5553 2513 5620 arreptum,
2537 5554 2589 5596 et
2610 5542 2831 5620 dignum
2862 5542 3419 5620 reprehensionemne

1873 5625 1993 5664 reor
2019 5610 2445 5668 Camalduletisis
2473 5614 2725 5682 respexit.
2763 5616 2905 5682 quod
2925 5610 3248 5682 enimsunt
3294 5623 3419 5676 pec-

1874 5690 1959 5735 cat
1987 5682 2402 5754 reprehensione
2429 5677 2621 5753 dignus
2644 5698 2742 5740 ρει.
2779 5677 2996 5754 Proprie
3027 5677 3308 5749 ἐπιληψίαι
3334 5690 3422 5733 εδδ

1884 5750 2103 5807 morbus
2133 5752 2387 5808 caducus.

2431 4152 2716 4222 septimum
2772 4155 2894 4209 inde
2949 4172 2978 4208 a
3041 4165 3211 4209 morte
3263 4156 3427 4216 diem,
3514 4150 3515 4153 “

2919 5340 3139 5408 perinde
3215 5353 3421 5394 mecum
3510 5338 3517 5344 ’
