4048 6338
676 354 775 423 691

1894 365 1951 424 s.
1981 363 2292 457 JoANnIs
2317 324 2613 426 CLIMACl

3731 366 3849 429 692

676 468 949 523 nundatus
992 460 1185 525 essem.
1253 468 1412 524 Unde
1450 483 1574 523 cum
1630 485 1839 525 summa
1896 472 2061 526 animi
2125 473 2459 540 acerbitate,
2508 474 2559 527 vi
2627 471 2864 537 doloris,
2924 480 2976 526 et
3032 466 3310 545 sanguine,
3368 476 3649 545 imperium
3708 479 3853 533 obe-

678 561 892 614 tlientize
918 570 971 614 et
1008 562 1334 629 paenitentia:
1365 560 1471 630 (me
1509 562 1576 616 ad
1622 563 1860 631 singulos
1916 562 2237 632 abjiciendo)
2288 566 2534 620 exhausi.
2608 564 2666 619 In
2736 568 2837 621 lioc
2889 575 3029 620 statu
3089 581 3209 620 cum
3265 582 3463 621 annum
3538 572 3844 640 transegis-

678 666 812 713 si-m,
870 651 1120 733 deinceps
1188 651 1307 705 sine
1353 654 1518 706 animi
1590 654 1830 707 molestia
1886 654 2015 716 vixi,
2080 655 2219 723 quod
2250 656 2516 724 patientis
2561 671 2693 711 mea!
2744 656 3018 724 praemium
3075 672 3105 709 a
3140 656 3249 711 Deo
3297 668 3661 727 exspectarem
3712 673 3848 731 spe-

679 758 982 811 raremque.
1042 743 1291 797 Vertente
1363 759 1490 798 vero
1574 745 1685 814 jam
1757 746 1927 798 altero
1996 760 2157 807 anno,
2212 760 2298 799 me
2333 760 2397 798 ex
2453 746 2615 799 animi
2666 748 2927 801 sententia
2969 747 3242 818 indignum
3295 747 3566 817 iudicavi.
3628 753 3720 819 qni
3785 768 3846 805 in

683 834 783 887 hoc
835 832 953 887 loco
1004 842 1060 886 et
1112 833 1361 888 cmnobio
1418 849 1682 900 versarer,
1728 836 1817 903 qui
1871 833 2056 889 Patres
2109 836 2362 898 intuerer,
2431 836 2647 891 illorum
2712 838 2950 907 alloquio
2997 836 3203 892 fruerer
3260 849 3353 893 aut
3404 840 3841 911 dignarer,san-

678 933 890 978 etorum
968 936 1427 979 sacramentorum
1496 923 1603 995 54
1677 926 1941 994 particeps
2006 926 2219 988 ﬁerem,
2267 935 2364 978 aut
2418 941 2447 977 a
2509 942 2776 995 quoquam
2831 926 3121 996 aspicerer.
3188 926 3373 998 Itaque
3444 928 3663 999 deiectis
3732 932 3847 985 bne

679 1020 751 1072 mi
800 1018 991 1082 oculis,
1050 1026 1104 1071 et
1153 1019 1322 1071 inulto
1371 1019 1542 1089 magis
1602 1021 1822 1081 animo,
1879 1018 2238 1087 ingredientes
2293 1017 2731 1088 egredientesque
2784 1022 3015 1085 sincere,
3075 1021 3150 1073 uti
3214 1036 3313 1089 pro
3376 1037 3464 1077 me
3516 1022 3680 1076 Deum
3739 1024 3847 1078 de-

676 1120 1044 1180 precarentur,
1104 1110 1417 1179 rogitabam.

745 1204 1027 1257 Assidente
1077 1218 1162 1256 me
1226 1203 1515 1272 aliquando
1566 1203 1618 1256 in
1658 1218 1841 1257 mensa
1891 1216 2082 1271 magno
2132 1200 2205 1252 illi

2391 1199 2477 1253 Ἑν
2502 1204 2565 1271 τῇ
2599 1203 2843 1273 τραπέζῃ
2888 1203 3018 1255 ποτὲ
3061 1203 3451 1273 συγκαθημένῳ
3490 1221 3581 1273 μοι
3616 1205 3693 1275 τῷ
3732 1222 3848 1274 μευ

679 1294 914 1362 ιιτιεεὶιιί,
974 1294 1208 1347 admovit
1252 1295 1344 1348 ille
1402 1308 1611 1348 sacrum
1650 1310 1712 1348 os
1757 1309 1912 1349 suum
1956 1292 2211 1346 auricula:

680 1398 846 1448 mea);
894 1392 947 1437 et
980 1382 1144 1438 :‘Vin'
1178 1385 1371 1454 inquit,
1414 1385 1686 1439 ostendam
1748 1385 1843 1437 tibi
1896 1384 1949 1437 in
2012 1383 2199 1436 ultima

679 1473 917 1539 canitie,
971 1483 1025 1528 et
1083 1486 1297 1529 senecta
1366 1484 1520 1529 aetate
1581 1475 1818 1529 divinum
1880 1488 2095 1528 sensum
2155 1480 2210 1527 et

678 1564 964 1617 mentem?
1025 1565 1306 1619 Annuente
1386 1582 1490 1628 me,
1543 1575 1597 1620 et
1668 1581 1795 1620 vero
1876 1566 2207 1628 obsecrante,

678 1665 861 1707 evocat
907 1654 1087 1723 justus
1136 1656 1222 1709 ille
1276 1657 1502 1711 antistes
1541 1672 1606 1710 ex
1638 1656 1799 1710 altera
1848 1670 2030 1709 mensa
2069 1652 2211 1707 Lau-

680 1745 909 1797 rentium
960 1745 1263 1814 quemdam,
1302 1748 1767 1817 quadragesimum
1820 1756 2065 1800 octavum
2112 1760 2209 1798 an.

680 1850 807 1886 num
883 1835 1023 1889 inter
1083 1836 1362 1905 religiosos
1411 1849 1694 1906 agentem,
1742 1844 1796 1891 et
1852 1836 2059 1891 honore
2119 1848 2210 1887 sa-

678 1923 899 1975 cerdotii
960 1925 1260 1993 proximum
1310 1941 1340 1979 a
1391 1926 1585 1994 primo.
1642 1924 1886 1980 Venienti
1965 1939 2095 1991 ergo
2158 1931 2211 1975 et

677 2014 744 2065 ²ί¹
799 2030 970 2082 Genua
1023 2017 1263 2084 praesidis
1318 2017 1577 2071 accidenti
1619 2017 1753 2071 bene
1795 2024 2043 2084 precatus
2092 2013 2212 2083 qui-

678 2105 796 2156 dem
838 2114 919 2157 est
954 2107 1020 2159 de
1073 2121 1223 2161 more
1269 2107 1455 2171 abbas,
1502 2107 1595 2160 sed
1654 2114 2020 2176 assurgentem
2068 2104 2213 2157 nullo

678 2194 841 2249 verbo
888 2196 1101 2260 aﬂ'atus,
1141 2199 1358 2267 reliquit
1388 2198 1629 2267 jejunum
1669 2211 1867 2251 mensze
1928 2195 2209 2259 assistere;

677 2294 793 2336 erat
838 2283 981 2337 enim
1047 2286 1256 2338 initium
1312 2285 1518 2353 prandii
1568 2284 1745 2338 :adeo
1796 2292 1857 2336 ut
1908 2283 2042 2336 bene
2096 2280 2213 2336 Ion-

680 2390 801 2443 gain
855 2375 1063 2438 horam,
1128 2374 1237 2428 imo
1308 2390 1503 2444 prope,
1544 2375 1677 2427 duas
1722 2380 1939 2436 astaret,
1994 2381 2048 2424 et
2114 2385 2214 2439 ego

2308 1286 2458 1356 γὰλῳ
2485 1289 2766 1363 ἐπιστάτῃ,
2792 1291 2925 1359 πρὸς
2945 1290 3004 1341 τὸ
3034 1290 3162 1359 ἐμὸν
3186 1287 3280 1353 οὖς
3308 1292 3573 1354 κεκλικὼς
3596 1292 3657 1346 τὸ
3683 1293 3850 1360 ἅγιον

2306 1382 2467 1436 αὐτοῦ
2510 1382 2681 1449 στόμα
2724 1382 2871 1449 φησί.
2913 1380 3095 1453 Βούλει
3141 1398 3222 1432 σοι
3260 1380 3418 1444 δείξω
3454 1383 3511 1435 ἐν
3548 1382 3706 1452 πολιᾷ
3743 1383 3850 1452 βα-

2306 1472 2503 1542 θυτάτῃ
2556 1471 2733 1523 θεῖκὸν
2786 1473 3067 1541 φρόνημα;
3120 1470 3281 1541 Ἑμοῦ
3302 1471 3360 1525 δὲ
3396 1472 3783 1536 ἱκετεύσαντος,
3818 1478 3851 1527 6

2304 1564 2505 1626 δίκαιος
2552 1565 2615 1614 ὲκ
2658 1563 2755 1631 τῆς
2786 1562 3037 1633 δευτέρας
3078 1562 3352 1632 τραπέζης
3380 1564 3700 1632 Λαυρέντιον
3718 1564 3852 1616 τοῦ·

2306 1671 2442 1722 νομα
2478 1654 2606 1723 περὶ
2645 1653 2714 1705 τὰ
2746 1653 3143 1722 τεσσαράκοντα
3192 1652 3335 1705 ὀκτὼ
3378 1652 3470 1723 ἔτη
3504 1655 3561 1705 ὲν
3605 1656 3671 1723 τῇ
3704 1656 3848 1723 μονῇ

2305 1744 2511 1812 ἔχοντα,
2572 1744 2663 1795 καὶ
2714 1742 2959 1811 δεύτερον
3011 1741 3104 1794 τοῦ
3160 1742 3422 1813 ἱερατείου
3473 1742 3851 1813 πρεσϐύτερον

2307 1832 2632 1901 ὑπάρχοντα.
2690 1830 2940 1883 Ἐλθόντα
3002 1827 3117 1892 οὖν,
3160 1831 3253 1883 καὶ
3296 1829 3523 1899 βαλόντα
3561 1830 3637 1901 τῷ
3676 1834 3855 1901 ἡγου-

2311 1920 2451 1990 μένῳ
2482 1920 2841 1987 γονυκλισίαν,
2882 1920 3177 1987 εὐλογεῖται
3205 1920 3303 1989 μὲν
3341 1923 3467 1989 παρ’
3494 1922 3684 1975 αύτοῦο
3712 1925 3852 1976 ἁνα-

2309 2012 2487 2063 στάντι
2509 2012 2565 2062 δὲ
2596 2011 2743 2063 οὐδὲν
2770 2011 2829 2063 τὺ
2869 2010 3081 2063 σύνολον
3105 2011 3323 2081 εἴρηκεν
3341 2029 3357 2042 ·
3387 2013 3498 2065 ἀλλ’
3539 2015 3716 2066 εἴασεν
3742 2015 3853 2067 αύ-

2312 2103 2401 2153 τδν
2455 2103 2560 2173 πρὸ
2603 2105 2699 2172 τῆς
2749 2102 3020 2172 τραπέζης
3057 2102 3281 2163 ἑστῶτα.
3320 2103 3412 2155 καὶ
3453 2120 3526 2173 μη
3565 2104 3851 2157 ἐσθίοντα·

2307 2188 2375 2261 ἦν
2413 2192 2468 2244 δὲ
2514 2191 2606 2244 τοῦ
2649 2192 2866 2265 ἀρίστου
2922 2195 2955 2263 ἡ
2994 2192 3226 2255 εἴσοδος·
3266 2192 3403 2244 ὥστε
3449 2195 3669 2261 ποιῆσαι
3717 2198 3855 2265 περὶ

2309 2283 2454 2353 ὥραν
2494 2283 2752 2352 μεγάλην,
2781 2283 2813 2351 ἢ
2842 2285 2933 2335 καὶ
2976 2282 3066 2335 δύο
3107 2284 3423 2353 ἱστάμενον·
3470 2286 3544 2347 ὡς
3572 2267 3695 2355 ’ἐμὲ
3734 2286 3855 2339 λοι-

2312 2374 2409 2425 πὸν
2451 2373 2711 2426 αἰδεῖσθαι
2732 2375 2834 2425 κᾶν
2856 2376 2933 2436 είς
2962 2374 3247 2444 πρόσωπον
3287 2374 3381 2427 τοῦ
3420 2375 3647 2445 ἐργάτου
3675 2376 3857 2429 ἀτενίο

682 2466 797 2533 ipse
856 2463 1245 2517 verei-undatus
1332 2479 1438 2515 non
1510 2462 1759 2514 auderem
1804 2474 1865 2513 os
1923 2459 2061 2514 servi
2121 2456 2211 2511 Dei

2315 2481 2420 2516 σαι.
2452 2460 2559 2516 Ἦν
2582 2464 2687 2535 γὰρ
2713 2464 3000 2527 ὁλοπόλιος,
3046 2466 3392 2536 ὀγδοηκοστὸν
3441 2466 3587 2533 ἀγων
3631 2468 3852 2537 χρόνον.

679 2527 967 2623 respicere.
1021 2552 1414 2620 Octogesimum
1466 2554 1660 2621 quippe
1734 2551 1924 2621 agebat
1989 2566 2211 2613 annum,

2329 2527 2709 2621 'Avartoxpi‘roo
2732 2568 2785 2603 τε
2819 2552 2945 2621 ἀχρι
2962 2554 3057 2621 τῆς
3085 2527 3411 2623 πληρώσεως
3433 2527 3530 2623 της
3556 2527 3857 2617 ἐπἰἀσεως

679 2651 931 2712 totusque
986 2644 1317 2697 incanuerat.
1374 2646 1505 2695 (lum
1546 2658 1672 2710 ergo
1723 2650 1834 2694 tota
1883 2655 2066 2693 mensa
2090 2639 2214 2692 abs-

680 2748 783 2800 que
862 2750 1141 2802 responso,
1182 2737 1376 2788 tacitus
1452 2733 1808 2802 perstitisset,
1872 2728 2215 2794 surgentibus

681 2824 859 2887 nobis,
917 2826 984 2876 ab
1041 2834 1222 2877 sancto
1261 2825 1530 2877 antistite
1578 2824 1778 2875 missus
1844 2828 1929 2873 est
1979 2818 2045 2871 ad
2103 2834 2215 2871 ma-

683 2930 844 2981 gnum
909 2914 1083 2976 illum,
1136 2913 1353 2980 dequo
1414 2914 1573 2966 modo
1627 2911 1996 2974 memineram,
2044 2910 2214 2965 Isido-

680 3019 821 3066 rum,
878 3002 1167 3072 iussusque
1223 3016 1430 3075 versum
1498 3002 1727 3069 primum
1779 3002 2029 3056 tricesimi
2090 3004 2213 3055 noni

680 3096 872 3165 psalmi
922 3095 1313 3163 pronuntiare:
1345 3092 1657 3162 Esspertaus
1708 3093 1989 3162 exspectavi
2030 3093 2213 3146 Domi-

682 3204 824 3240 num.
886 3184 1000 3239 Non
1063 3186 1267 3253 neglexi
1318 3200 1417 3255 ego
1468 3172 1609 3239 velut
1646 3174 2090 3254 improbissimus
2123 3200 2215 3239 oc-

682 3276 952 3329 casionem
999 3272 1337 3342 p'erteutandi
1378 3275 1544 3329 senis.
1592 3272 1734 3344 Ergo
1770 3285 2040 3343 quaerente
2082 3276 2211 3339 ‘me,

680 3367 871 3434 ecquid
922 3366 1049 3418 dum
1095 3366 1373 3420 assisteret
1436 3379 1675 3428 mensa,
1724 3366 1906 3419 animo
1970 3363 2220 3419 tractarit

684 3456 995 3522 i-ngitaritve
1035 3474 1051 3507 :
1099 3454 1342 3516 Christi,
1399 3455 1591 3522 inquit,
1656 3470 1935 3523 personam
1989 3454 2217 3507 antistiti

687 3560 807 3599 meo
837 3530 1138 3614 assignans,
1179 3538 1284 3597 nou
1315 3543 1383 3596 ab
1416 3542 1666 3603 homine,
1692 3546 1782 3597 sed
1820 3544 1971 3613 plane
1998 3543 2064 3596 ab
2100 3544 2218 3611 ipso

682 3636 792 3689 Deo
832 3634 961 3687 mihi
993 3642 1248 3702 pmcpta
1277 3632 1645 3701 edi‘cogitavi.
1685 3630 1929 3695 Proinde,
1962 3630 2035 3683 mi
2068 3638 2219 3700 pater

2313 2640 2609 2707 μείνοντος·
2670 2641 3012 2694 ἀναστάντων
3076 2641 3230 2710 ἡμῶν
3278 2641 3549 2711 πέμπεται
3596 2643 3699 2695 ὑπὸ
3748 2642 3853 2695 τοῦ

2309 2731 2454 2781 ὁσίου
2512 2732 2682 2783 είπείν
2737 2730 2814 2801 τῷ
2869 2732 3391 2802 προμνημονευθέντι
3454 2734 3670 2804 μεγάλῳ
3725 2735 3856 2786 Ἰσι-

2309 2818 2464 2891 δώρῳ
2502 2820 2599 2888 τὴν
2636 2820 2727 2873 τοῦ
2773 2822 3089 2891 τριακοστοῦ
3128 2826 3343 2877 ὲννάτου
3389 2824 3601 2893 ψαλμοῦ
3646 2826 3849 2894 ἀρχήν.

2312 2910 2384 2961 Ού
2428 2910 2676 2979 παρεῖδον
2719 2911 2776 2962 δὲ
2822 2911 2930 2977 εγὼ
2970 2912 3044 2973 ὡς
3087 2913 3443 2982 πονηρότατος
3484 2915 3574 2966 τὸν
3613 2916 3853 2984 γέροντα

2312 3002 2567 3069 πειρᾶσαι
2587 3016 2602 3030 ’
2630 3002 2994 3070 ἐρωτήσαντος
3032 3001 3089 3054 δέ
3128 3018 3228 3069 μου
3258 3003 3434 3056 ἀὑτὸν
3476 3004 3530 3055 τί
3583 3004 3689 3073 ἀρα
3710 3021 3857 3073 παρ-

2311 3093 2592 3161 ιστάμενος
2622 3094 2688 3162 τῇ
2724 3093 2963 3163 τραπέζῃ
2984 3092 3268 3161 ἐλογίζετο·
3298 3093 3405 3147 Τοῦ
3434 3094 3687 3167 Χριστοῦ,
3718 3095 3854 3163 ἔφη,

2310 3180 2409 3249 τὴν
2442 3181 2624 3233 εἰκόνα
2656 3180 2733 3250 τῷ
2761 3182 2978 3250 ποιμένι
3005 3183 3374 3253 περιθέμενος,
3422 3184 3528 3235 οὐδ’
3557 3184 3693 3247 ὅλως
3714 3185 3853 3236 ποτὲ

2312 3272 2372 3334 ἐξ
2399 3270 2560 3323 αὐτοῦ
2610 3271 2993 3324 ὲπιτάσσεσθαι
3047 3272 3382 3341 λελόγισμαι,
3420 3272 3534 3325 ἀλλ’
3583 3273 3647 3324 ὲκ
3687 3272 3853 3329 Θεοῦ.

2314 3361 2497 3426 ,οθεν,
2539 3361 2708 3428 πάτερ
2762 3362 3001 3431 Ἰωάννη,
3028 3363 3125 3431 οὐχ
3183 3361 3258 3425 ὡς
3293 3361 3519 3416 ἐνώπιον
3576 3361 3857 3432 τραπέζης

2312 3449 2629 3518 ἀνθρώπιον,
2682 3449 2794 3502 ἀλλ’
2844 3450 2919 3512 ὡς
2974 3448 3202 3502 ἐνώπιον
3255 3449 3632 3520 θυσιαστηρίου
3687 3450 3856 3513 Θεοῦ,

2316 3542 2411 3593 καὶ
2439 3540 2558 3609 Θεῷ
2586 3539 2818 3609 ἱστάμην
2848 3540 3273 3609 προσευχόμενος
3292 3557 3306 3571 ’
3338 3541 3446 3594 οὐδ’
3476 3541 3613 3604 ὅλως
3634 3541 3852 3595 ἔννοιάν

2316 3648 2435 3683 τινα
2459 3631 2594 3698 πρὸς
2619 3630 2708 3682 τὸν
2732 3630 2963 3699 ποιμένα
2998 3630 3237 3701 πονηρὰν
3255 3631 3625 3699 λογισάμενος.
3654 3634 3721 3686 ἐκ
3748 3633 3858 3702 τῆς

683 3726 786 3796 55
818 3724 1071 3789 Joannes,
1105 3740 1209 3778 non
1242 3724 1309 3778 ad
1351 3737 1587 3778 mensam
1635 3721 2083 3777 discumbentium
2122 3723 2217 3793 bn-

2318 3723 2450 3792 πρὸς
2505 3721 2665 3774 αὐτόν
2720 3738 2824 3791 μου
2852 3722 3083 3785 πίστεως
3124 3723 3217 3776 καὶ
3243 3722 3478 3794 ἀγάπης.
3518 3724 3718 3795 Εἴρηκε
3740 3724 3857 3795 γάρ

682 3819 908 3879 minum,
971 3815 1065 3870 sed
1094 3816 1158 3867 ad
1209 3814 1445 3892 numinis
1499 3828 1646 3867 aram
1696 3822 1871 3867 astare
1902 3811 2031 3865 mihi
2072 3813 2217 3866 visus

2319 3830 2421 3876 τις.
2453 3811 2540 3865 ὅτι
2578 3813 2644 3864 Ἦ
2695 3811 2892 3880 ἀγάπη
2937 3813 3009 3866 οὺ
3047 3796 3335 3893 λογίζεταί
3371 3815 3437 3868 τὸ
3478 3816 3682 3868 κακόν.
3707 3814 3856 3886 Πλὴν

684 3907 1084 3975 comprecabar,
1119 3921 1288 3975 neque
1322 3907 1438 3990 .ulla
1504 3904 1827 3973 cogitatione
1879 3902 2095 3957 sinistra
2127 3912 2217 3957 aut

2322 3907 2547 3958 κακεῖνο
2571 3904 2823 3975 γίνωσκε,
2846 3904 3027 3975 Πάτερ
3054 3920 3067 3934 ο
3097 3904 3177 3957 ὅτι
3195 3904 3330 3958 ἐπάν
3356 3922 3443 3969 τις
3461 3906 3541 3968 είς
3576 3906 3859 3975 ἁπλότητα

684 4013 844 4064 prava
872 3999 1128 4052 adversus
1158 4002 1423 4067 pastorem
1452 4011 1647 4058 meum,
1682 4011 1780 4064 pro
1835 4012 1951 4051 mea
1985 3997 2037 4050 in
2068 3997 2216 4052 illum
2242 4032 2245 4035 -

688 4089 809 4152 title,
839 4101 891 4142 et
921 4090 1201 4144 cliaritate.
1240 4084 1487 4156 pulsatus
1516 4102 1658 4139 sum.
1686 4086 1927 4141 Charitas
1964 4087 2129 4151 enim,
2160 4097 2221 4141 ut

688 4180 903 4246 quidam
942 4180 1096 4242 dixit,
1136 4196 1236 4232 non
1284 4176 1477 4246 cogitat
1522 4176 1715 4228 malum
1738 4176 1805 4228 ".
1836 4176 1976 4242 Quin
2011 4187 2064 4231 et
2089 4178 2219 4232 illud
2266 4163 2289 4189 ⁸

614 4276 627 4281 ’⁷
690 4282 971 4336 cognosce,
997 4268 1403 4334 Pater,‘iiullum
1426 4266 1654 4335 amplius
1682 4266 1881 4319 aditum
1914 4282 2033 4320 esse
2075 4268 2218 4322 bosti

688 4341 901 4427 generis
954 4359 1170 4412 humani
1232 4360 1298 4414 ad
1357 4374 1479 4415 eum
1536 4358 1627 4426 qui
1689 4355 1945 4411 setotum
1979 4357 2220 4430 (sancta)

689 4449 1037 4517 simplicitati.
1064 4458 1117 4501 et
1141 4444 1455 4504 innocentia:
1504 4449 1836 4512 voluntariae,
1872 4463 1965 4502 seu
1996 4449 2219 4506 bonitati

686 4540 1058 4610 emanciparit.
1082 4538 1146 4591 Et
1174 4540 1409 4606 profecto
1463 4543 1641 4612 justus
1693 4542 1852 4605 Deus,
1890 4541 2066 4608 qualis
2105 4554 2223 4598 erat

688 4634 908 4687 humani
962 4631 1140 4701 gregis
1192 4631 1281 4684 ille
1334 4644 1535 4697 custos,
1573 4644 1627 4688 et
1680 4650 1775 4702 per
1803 4650 1955 4704 opem
1983 4635 2219 4689 divinam

690 4739 948 4791 servator,
976 4724 1132 4778 talem
1174 4722 1273 4791 ipsi
1308 4724 1453 4777 misit
1475 4738 1832 4788 teconomum,
1861 4727 2015 4780 et‘rei
2047 4724 2224 4779 fami—

692 4815 841 4871 liaris
888 4815 1289 4870 administrum.
1335 4813 1458 4865 Erat
1482 4815 1622 4868 enim
1653 4817 1862 4871 sobrius
1884 4826 1937 4871 et
1967 4818 2219 4886 prudens,

692 4914 755 4959 ut
780 4908 825 4959 si
856 4908 978 4976 quis
1009 4908 1169 4968 alius,
1197 4904 1364 4965 mitis.
1399 4912 1452 4957 et
1487 4915 1815 4970 mansuetus,
1847 4918 1905 4963 ut
1927 4923 2087 4963 nemo
2114 4907 2224 4962 fere

660 5028 663 5031 -
693 4995 851 5049 alius.
893 4996 949 5049 In
979 4998 1123 5051 hunc
1151 5010 1281 5065 ergo
1314 4994 1380 5048 ad
1408 4994 1635 5047 aliorum
1659 4995 2039 5054 documentum
2066 5008 2122 5054 et
2143 5016 2223 5054 sa-

696 5088 883 5148 lutem,
912 5104 1137 5158 magnus
1161 5089 1249 5143 ille
1268 5086 1423 5140 Pater
1444 5085 1610 5153 gratis
1639 5087 1856 5140 omnino
1886 5089 1939 5143 in
1964 5090 2220 5159 speciem,

2321 4000 2416 4051 καὶ
2456 3998 2704 4051 ἑκουσίαν
2724 3997 2957 4051 ἀκακίαν
2992 3996 3151 4067 ἐκδῷ,
3180 3997 3281 4050 οὐκ
3318 3995 3397 4051 ετι
3436 3994 3858 4066 ὲκείόπονηρὸς

2319 4091 2500 4161 χώραν
2528 4091 2562 4159 ἢ
2590 4089 2736 4159 ὤραν
2775 4088 3161 4157 ἀνώαμὸἀνει.
3203 4086 3405 4159 Κύριος
3428 4090 3457 4141 6
3487 4087 3711 4149 δίκαιος,
3737 4079 3856 4148 οἶος

2321 4183 2413 4235 καὶ
2443 4178 2511 4251 ἦν
2553 4184 2582 4233 6
2617 4182 2724 4233 τῶν
2771 4180 2999 4247 λογικῶν
3032 4178 3359 4249 θρεμμάτων
3411 4179 3595 4249 σωτὴρ
3634 4178 3723 4230 διὰ
3755 4176 3856 4229 τοῦ

2319 4272 2451 4325 Θεοῦ
2486 4274 2710 4335 ἐκεῖνος,
2770 4271 3004 4324 τοιοῦτον
3053 4270 3201 4341 αὐτῷ
3244 4273 3337 4325 καὶ
3366 4268 3746 4339 οἰκονομοῦὐτα
3783 4270 3857 4321 τά

2320 4364 2417 4431 τὴν
2444 4361 2605 4432 μονὴν
2644 4362 2797 4415 ἀλλον
2841 4362 3121 4433 πέπομφε’
3149 4359 3219 4434 ἦν
3260 4364 3370 4432 γὰρ
3401 4361 3629 4431 σώφρων
3662 4359 3710 4411 εἰ
3755 4360 3857 4412 καί

2321 4470 2404 4515 τις
2428 4452 2819 4523 [dog-arpi“,
2852 4452 2927 4517 ὡς
2966 4454 3106 4507 πάνυ
3140 4454 3330 4521 ὀλίγοι.
3375 4450 3561 4519 Τούτῳ
3597 4449 3729 4519 πρὸς
3748 4451 3856 4520 τὴν

2321 4544 2429 4597 τῶν
2477 4544 2673 4597 λοιπιῖιν
2735 4545 2995 4615 ὠφέλειαν
3053 4544 3323 4613 ἑπηνέχθη
3358 4544 3389 4593 6
3416 4540 3592 4611 γέρων
3615 4543 3645 4594 6
3674 4541 3855 4610 μέγας

2322 4638 2440 4706 εἰκῆ
2471 4638 2563 4689 ἐπὶ
2606 4636 2698 4690 τοῦ
2740 4636 3015 4708 Κυριακοῦ
3060 4634 3349 4705 διωχθῆναι
3383 4633 3546 4686 αὐτὸν
3589 4631 3853 4697 κελεύσας

2322 4728 2579 4797 ἀκαίρως.
2630 4727 2767 4795 Ἐγὼ
2808 4727 2864 4779 δὶ
2913 4723 3163 4793 ἐγνωκὼς
3198 4724 3479 4792 ἄμεμπτον
3515 4722 3675 4775 αὐτὸν
3710 4718 3854 4775 εἶναι

2321 4818 2404 4883 ἐφ’
2432 4814 2477 4884 ᾧ
2504 4818 2803 4889 ἐγκλήματι
2846 4815 2980 4887 πρὸς
3007 4813 3166 4867 αὑτὸν
3196 4812 3381 4880 ἔλεγεν
3413 4814 3442 4865 6
3473 4811 3697 4877 ποιμὴν,
3724 4815 3852 4867 κατ’

2326 4908 2456 4960 ἰδίαν
2478 4909 2615 4979 ὑπὲρ
2640 4907 2733 4960 τοῦ
2762 4904 3039 4973 οἰκονόμου
3066 4902 3354 4969 ἀπολογίαν
3381 4900 3687 4971 ἐποιούμην
3710 4903 3851 4973 πρὸς

2319 4998 2408 5051 τὸν
2420 4999 2609 5069 μέγαν.
2640 5001 2698 5053 Ὀ
2712 4999 2770 5053 δὲ
2784 4996 2940 5067 σοφός
2952 5008 3102 5065 φησι·
3113 4992 3223 5079 lia!
3234 5008 3297 5059 γε
3309 4991 3505 5062 (κάγώ)
3520 4992 3849 5059 ιγνωκα,πά.

2321 5108 2436 5160 τερ.
2459 5091 2571 5146 ἀλλ’
2587 5091 2773 5160 ὥσπερ
2785 5088 2845 5141 ού
2870 5086 3090 5150 δίκαιον,
3113 5083 3224 5138 ἀλλ’
3247 5082 3474 5137 ἐλεεινὸν
3495 5081 3847 5153 ὲὲιλιμὼττον-

695 5187 870 5230 tamen
909 5190 1037 5228 sane
1094 5179 1327 5245 graviter
1381 5173 1648 5239 inveCtus,
1693 5176 1854 5243 jussit
1887 5179 1954 5232 ab
1994 5180 2217 5236 ecclesia

2320 5198 2410 5241 τος
2429 5181 2622 5251 νηπίου
2639 5181 2728 5233 τὸν
2751 5179 2911 5249 ἀρτον
2938 5177 3002 5228 εκ
3025 5174 3285 5244 στόματος
3304 5173 3621 5243 ἀφαρπάσαι
3637 5190 3653 5204 ·
3676 5172 3846 5239 οὕτως

695 5270 1000 5339 importune
1021 5266 1161 5333 ejici.
1203 5269 1313 5337 Ego
1350 5283 1472 5322 cum
1504 5266 1654 5319 illum
1681 5274 1829 5319 extra
1852 5282 2061 5323 omnem
2109 5272 2217 5323 cul-

2324 5272 2415 5322 καὶ
2442 5271 2649 5334 ἑαυτὸν,
2684 5266 2887 5322 καὶτὸν
2932 5265 3165 5335 ἐργάτην
3199 5264 3230 5317 6
3256 5262 3443 5333 ψυχῶν
3476 5264 3867 5335 προεστηκὼς,

674 5374 839 5435 Διιεηι,
868 5355 1022 5423 cujus
1072 5357 1409 5422 arguebatur,
1447 5354 1612 5425 probe
1640 5367 1872 5419 nossem,
1912 5358 2047 5427 ccepi
2074 5372 2217 5411 seor‘

2324 5358 2399 5429 μὴ
2429 5356 2674 5430 (βλάπτει
2710 5356 2787 5411 σοι
2823 5354 3023 5425 ζημιοῖ)
3039 5350 3149 5425 (³4)
3165 5351 3432 5423 προξενῶν
3470 5351 3615 5423 αὑτῷ
3647 5355 3845 5422 στερρά-

696 5452 797 5504 sim
855 5447 995 5516 apud
1058 5444 1349 5499 antistitem
1398 5460 1494 5514 pro
1539 5458 1822 5500 ceconomo
1867 5445 2217 5503 defensionem

2321 5466 2459 5515 νους,
2472 5450 2626 5513 ὅσους
2640 5450 2731 5501 καὶ
2749 5443 2997 5515 γινώσκει
3011 5441 3170 5495 αὐτὸν
3189 5440 3491 5511 ὑπομένειν.
3509 5441 3647 5496 κατά
3666 5442 3846 5494 πᾶσαν

699 5539 993 5595 instituere.
1018 5535 1156 5590 Tum
1188 5535 1403 5605 sapiens
1426 5537 1512 5592 ille
1544 5556 1557 5590 :
1592 5535 1764 5599 Haud,
1795 5534 1987 5606 inquit,
2013 5539 2217 5610 ignoro,

2319 5539 2469 5609 ὤραν
2490 5558 2505 5573 ο
2531 5539 2639 5593 εἴτε
2680 5538 2749 5591 δι’
2774 5533 3003 5605 ὕϐρεων,
3050 5532 3159 5588 εἴτε
3200 5531 3268 5586 δι’
3298 5532 3547 5604 ἀτιμιιῖιν,
3591 5534 3659 5589 δι’
3688 5534 3843 5598 ἔξου-

774 5718 815 5748 “
850 5718 1015 5775 lCor.
1050 5732 1171 5783 xm,
1204 5716 1253 5769 5.
