4048 6338
174 460 285 523 693

1169 444 1405 531 ’δοΑιΑ
1430 471 1802 532 PARADISI.
1829 495 1893 506 —
1918 472 2221 533 GRADUS
2252 474 2349 533 Iv.

3257 470 3359 532 θςιι

169 572 468 636 δενώσεως,
509 570 559 624 δι
615 574 973 645 ἐμπαιγμῶν·
1004 578 1128 648 τρία
1170 579 1280 650 γὰρ
1324 582 1553 651 μέγιστα
1599 584 1701 637 ἀδιι

1812 592 1979 654 pater,
1999 584 2337 640 innocentem
2353 599 2531 652 essse;
2556 586 2648 641 sed
2665 584 3117 657 quemadmodum
3141 600 3355 654 aequum

172 665 355 715 κεῖται
379 679 391 692 ·
423 663 637 731 πρῶτον
671 666 768 733 μὲν
792 667 1140 744 στερούμενος
1184 671 1344 735 αὐτὸς
1380 673 1472 726 τοῦ
1512 676 1576 727 ὲκ
1616 676 1715 744 τῆς

170 752 537 822 ἐπιτιμήσεως
586 738 845 823 μισθοῦλ
873 757 1117 839 δεύτερον
1148 760 1204 814 δὲ
1237 762 1319 815 ὃτι
1375 764 1470 816 καὶ
1523 738 1714 828 ἄλλους

168 841 402 910 ὠφελεῖν
427 845 489 895 ἐκ
514 845 615 913 τῆς
640 846 824 916 ἑτέρου
852 850 1047 919 ἀρετῆς
1089 850 1403 922 δυνάμενος,
1434 856 1534 908 οὐκ
1562 847 1710 908 ἑποί-

166 948 273 1000 ησε
300 948 315 962 ·
348 932 544 1003 τρίτον,
590 935 618 988 ὃ
651 936 745 989 κα.)⁵
808 936 1125 1008 βαρύτατον,
1178 942 1259 994 ὅτι
1308 943 1566 1008 πολλάκις
1620 946 1713 999 καὶ

168 1023 331 1075 αὐτοὶ
379 1026 429 1076 et
479 1024 751 1091 δοκοῦντες
815 1029 1115 1099 φερέπονοι,
1178 1033 1271 1086 καὶ
1335 1035 1712 1105 ὑπομονητικοὶ

170 1114 461 1184 ὑπάρχειν,
498 1116 588 1169 ἐπὶ
632 1117 816 1188 χρόνον
843 1119 1218 1190 ἀμεληθέντες,
1249 1124 1342 1177 καὶ
1358 1124 1434 1187 ὼς
1450 1124 1608 1195 δῆθεν
1630 1128 1713 1178 bl-

167 1203 380 1272 ἀρετοι,
413 1204 590 1257 λοιπὸν
614 1206 717 1258 ὑπὸ
753 1206 845 1261 τοῦ
876 1210 1210 1279 προεστῶτος
1242 1212 1316 1289 μὴ
1348 1214 1709 1286 ἐλεγχόμενοι,

166 1295 205 1363 ἢ
239 1294 634 1364 ὀνειδιζόμενοι,
677 1297 774 1368 τῆς
818 1302 1120 1371 προσούσης
1164 1303 1345 1367 αὐτοῖς
1389 1308 1706 1377 πραότητος,

168 1385 267 1437 καὶ
298 1385 569 1455 ὑπομονῆς
595 1388 981 1458 ἐστερήθησαν.
1012 1391 1129 1444 Κᾶν
1160 1391 1267 1462 γὰρ
1292 1392 1429 1464 καλὴ
1469 1395 1559 1448 καὶ
1579 1412 1712 1465 καρ-

170 1475 409 1545 ποφόρος
437 1478 527 1529 καὶ
573 1478 709 1530 πίων
740 1480 882 1533 ἐστὶν
902 1481 934 1550 ἡ
955 1482 1045 1551 γῆ,
1070 1481 1182 1534 ἀλλ’
1219 1478 1355 1537 οἶδεν
1385 1485 1555 1553 λεῖψις
1588 1486 1710 1540 ὓδα-

166 1581 259 1627 τος
280 1565 499 1635 ἀτιμίας
528 1567 894 1638 ὑλομανοῦσαν
922 1570 1086 1641 αὐτὴν
1116 1575 1304 1636 ποιεῖν,
1343 1575 1437 1626 καὶ
1468 1574 1710 1636 ,ἀκάνθας

167 1655 360 1722 τύφου,
391 1659 482 1709 καὶ
505 1660 773 1728 πορνείας,
800 1661 894 1713 καὶ
913 1661 1136 1728 ἀφοϐίας
1157 1665 1216 1714 ὲν
1241 1663 1374 1733 αὐτῇ
1395 1662 1705 1732 βλαστῆσαι.

166 1744 343 1798 Τοῦτο
371 1746 647 1815 γινώσκων
668 1752 697 1803 ὁ
726 1750 899 1819 μέγας
920 1753 1122 1814 ἐκεῖνος
1170 1743 1487 1817 ’Δπόστολος
1516 1755 1594 1824 τῷ
1616 1756 1710 1807 Τι-

168 1835 355 1905 μοθέῳ
403 1839 715 1893 ἐπέστελλεν
733 1857 747 1869 ·
810 1843 1109 1911 Ἐπίστηθι
1133 1860 1149 1872 ·
1179 1845 1521 1913 ἐπενέχθητι
1547 1865 1559 1878 ο
1585 1847 1710 1899 ἐπί-

1819 691 1926 729 non
1952 684 2054 742 est,
2090 676 2184 730 sed
2203 676 2513 742 dolendum,
2536 677 2580 732 si
2609 678 2675 732 ab
2706 677 2993 733 esurientis
3020 692 3114 731 ore
3139 676 3356 731 infamis

1817 780 2008 833 panem
2041 766 2275 834 deripias
2310 783 2322 818 :
2354 764 2429 819 ita
2467 773 2624 820 nocet
2669 768 2723 819 et
2772 765 2873 819 sibi
2922 766 3024 835 ipsi
3056 780 3273 834 praeses.
3303 775 3357 819 et

1818 854 2071 921 subjecto,
2134 853 2228 923 qui
2287 852 2362 907 illi
2416 868 2525 907 non
2574 867 2780 922 semper
2846 854 3101 921 augenda:
3145 866 3357 907 corome

1818 943 2097 1013 (quantum
2152 943 2366 1012 quidem
2418 944 2568 997 illum
2617 944 2883 999 sustinere
2930 958 3087 1011 posse
3147 958 3353 1011 cogno-

1816 1032 1963 1098 scit),
1987 1030 2099 1085 sive
2134 1032 2434 1101 irrogandis
2473 1033 2835 1095 contumeliis,
2888 1031 2997 1084 sive
3044 1032 3357 1100 ignominiis

1816 1122 2119 1185 afferendis,
2153 1138 2247 1177 seu
2281 1123 2671 1176 contemnendo
2698 1123 2808 1187 illo,
2841 1138 2935 1176 seu
2970 1121 3237 1175 illudendo
3265 1136 3356 1175 oc-

1816 1213 2088 1283 casionem
2134 1214 2354 1282 praebet.
2406 1212 2602 1269 Tribus
2640 1214 2839 1283 quippe
2868 1215 3041 1268 modis
3095 1214 3355 1266 maximo-

1817 1316 1941 1369 pere
1970 1302 2211 1366 laeditur;
2257 1302 2490 1369 primum
2518 1303 2661 1371 quod
2690 1304 2909 1371 praemio
2946 1302 3052 1372 56
3081 1317 3146 1355 ex
3177 1316 3353 1369 repre-

1817 1390 2089 1445 hensionis
2124 1391 2372 1460 patientia
2404 1394 2677 1458 privetur;
2700 1392 2891 1446 deinde
2939 1381 3226 1459 quodcum
3259 1406 3353 1443 an-

1817 1481 1966 1534 tistes
1994 1496 2088 1549 per
2116 1480 2257 1535 illius
2285 1481 2535 1535 virtutem
2579 1482 2700 1537 aliis
2734 1482 2989 1551 prodesse
3010 1482 3259 1551 potuerit,
3303 1483 3352 1534 id

1814 1565 1987 1623 facere
2014 1570 2333 1639 neglexerit;
2375 1580 2647 1640 postremo
2682 1571 2823 1639 quod
2845 1571 3086 1624 omnium
3118 1581 3200 1625 est
3230 1587 3352 1640 gra-

1814 1656 2120 1721 vissimum,
2164 1674 2263 1713 usu
2321 1660 2503 1713 venire
2548 1674 2689 1728 saepe
2733 1660 2887 1721 solet,
2912 1671 2969 1714 ut
2999 1661 3066 1715 iis
3103 1646 3195 1729 qui
3225 1662 3352 1714 olim

1814 1746 2132 1820 videbantur
2180 1748 2428 1802 laborum
2483 1758 2536 1803 et
2568 1749 3015 1803 contumeliarum
3070 1750 3354 1816 patientis-

1814 1836 1957 1901 simi,
1977 1837 2020 1891 si
2052 1838 2363 1907 aliquandiu
2402 1853 2510 1892 non
2538 1850 2870 1902 exercentur,
2891 1847 2943 1892 et
2966 1847 3217 1905 tanquam
3244 1853 3356 1905 per-

165 1926 409 1992 πληξον
430 1930 646 1996 αὐτοὺς
667 1932 970 2000 εὐκαίρως,
994 1933 1260 2001 ἀκαίρως.
1315 1934 1477 2004 Ὲμοῦ
1495 1934 1552 1989 δὲ
1577 1935 1701 2006 πρὸς

1809 1921 1937 1977 fecti
1976 1924 2043 1977 ab
2099 1931 2308 1978 rectore
2365 1938 2474 1978 non
2513 1925 2905 1994 vituperentur,
2944 1936 3038 1979 aut
3094 1928 3351 1979 conviciis

165 2013 262 2098 ξὺν
309 2014 497 2083 ὁδηγὸν
540 2016 704 2082 ὅντως
750 2020 954 2074 ἐκεῖνον
1012 2011 1571 2091 ἀντιφέλονεικοΰντος,
1618 2025 1707 2078 καὶ

161 2105 263 2174 τὴν
279 2104 557 2159 ἀσθένειαν
579 2108 684 2177 τῆς
708 2109 988 2181 καθ’ὴμᾶς
1021 2115 1209 2181 γενεᾶς
1255 2114 1703 2184 προϐαλλομένου.

163 2196 259 2248 καὶ
307 2196 380 2259 ὡς
426 2198 607 2251 πολλοὶ
661 2200 788 2264 ἴσως
825 2202 890 2255 ὲκ
931 2202 1030 2271 τῆς
1068 2204 1207 2272 εἰκῆ,
1232 2192 1372 2274 τάχα
1401 2205 1455 2257 δὲ
1480 2207 1571 2257 καὶ
1607 2206 1705 2257 οὐκ

160 2285 287 2354 εἰκῆ
331 2288 665 2359 ὲπιπλήξεως
696 2292 791 2360 τῆς
818 2292 1046 2362 ποίμνης
1088 2295 1553 2364 ἀπορρήγνυνται·
1600 2295 1703 2348 πά-

160 2374 245 2428 λιν
267 2379 299 2429 ὁ
331 2378 429 2445 τῆς
453 2379 641 2448 σοφίας
670 2376 814 2445 οἶκος
833 2381 981 2449 ἔλεγε
1007 2398 1021 2412 ·
1044 2384 1201 2453 Ψυχὴ
1227 2383 1437 2437 δεθεῖσα
1463 2385 1551 2437 διὰ
1570 2386 1702 2454 Χρι-

162 2463 291 2517 στὸν
319 2464 503 2535 ἀγάπῃ
551 2466 829 2535 ποιμένος,
871 2470 965 2522 καὶ
1009 2470 1207 2533 πίστει,
1248 2470 1436 2540 μέχρις
1476 2471 1703 2540 αἵματος

159 2556 262 2609 οὐκ
286 2550 609 2624 ἀφίσταται·
655 2559 885 2628 μάλιστα
938 2562 986 2613 εί
1022 2562 1115 2615 καὶ
1157 2560 1569 2632 εὐεργετηθεῖσα
1610 2562 1702 2614 ἐπὶ

164 2645 391 2715 pexus:
420 2665 549 2701 ποτε
595 2650 848 2720 τυγχάνει
890 2652 1017 2723 παρ’
1045 2652 1206 2706 αὑτοῦ
1236 2670 1251 2683 ·
1295 2653 1701 2724 μνημονεύουσα

158 2734 256 2787 τοῦ
288 2738 585 2803 φάσκοντος
605 2756 619 2769 ·
671 2741 816 2793 Οὔτε
842 2742 1130 2810 Ἄγγελοι,
1152 2742 1288 2796 οὔτε
1316 2743 1534 2811 ’Δρχαῑ,
1564 2744 1701 2796 οὔτε

158 2825 468 2894 Δυνάμεις,
511 2828 647 2881 οὔτε
688 2846 777 2895 τις
829 2830 1021 2895 κτίσις
1056 2831 1225 2898 ἑτέρα
1259 2833 1504 2899 χωρίσαι
1545 2831 1702 2900 ἡμᾶς

157 2910 280 2966 ἀπὸ
312 2912 423 2981 τῆς
468 2915 700 2985 ἀγάπης
741 2917 844 2971 τοῦ
898 2921 1152 2987 Χριστοῦ
1191 2920 1518 2987 δεδύνηται.
1559 2922 1700 2975 Ἡδὲ

160 3002 239 3071 μὴ
266 3002 435 3067 οὕτως
480 3005 710 3070 δεθεῖσα,
757 3008 851 3061 καὶ
917 3012 1169 3077 παγεῖσα,
1220 3011 1323 3066 ,καὶ
1360 3010 1695 3083 κολληθεῖσα,

158 3091 443 3162 θαυμάζω,
483 3098 532 3149 εί
566 3097 664 3150 οὐκ
708 3092 831 3170 είκῆ
874 3100 971 3170 τὴν
1005 3101 1062 3152 ὲν
1106 3099 1378 3167 τῷτόπῳ
1417 3100 1697 3172 διατρισὴν

153 3180 508 3252 διαπεραίνει,
567 3185 897 3257 ἐπιπλάστῳ,
949 3188 1041 3241 καὶ
1090 3187 1413 3259 ἠπατημένῃ
1454 3189 1697 3261 ὑποταγῇ

1804 2012 2173 2083 exagitentur;
2204 2014 2615 2069 mansuetudine
2655 2016 2832 2078 solita,
2864 2027 3228 2086 consuetaque
3257 2032 3352 2085 pa-

1805 2105 1990 2159 tientia
2018 2105 2395 2160 destituantur.
2444 2105 2702 2171 Quamvis
2733 2108 2876 2160 enim
2931 2107 3160 2162 subinde
3198 2109 3349 2177 gleba

1804 2203 1961 2250 terrae
1980 2195 2053 2249 sit
2083 2196 2244 2261 bona,
2279 2194 2476 2250 fertilis
2506 2207 2559 2251 et
2593 2197 2942 2266 praepinguis,
2972 2198 3251 2252 deficiente
3273 2208 3349 2251 ta-

1804 2296 1923 2335 men
1954 2282 2196 2337 humoris
2222 2283 2671 2338 contumeliarum
2724 2285 3058 2353 irrigatione,
3100 2288 3235 2340 solet
3256 2288 3351 2353 sil-

1801 2386 2037 2435 vescere,
2061 2380 2114 2426 et
2140 2372 2195 2425 in
2229 2383 2443 2439 vepreta
2475 2373 2759 2441 superbiae,
2800 2373 3044 2439 luxuriae,
3070 2376 3350 2443 noxizeque

1801 2462 1977 2529 (pulso
1993 2461 2187 2514 timore
2199 2461 2763 2529 numinis)securitatis
2777 2462 3115 2531 degenerare.
3135 2463 3188 2517 id
3205 2467 3347 2533 quod
3362 2501 3365 2505 λ

1799 2551 1967 2621 probe
2002 2551 2148 2605 novit
2168 2566 2393 2620 magnus
2422 2551 2510 2607 ille
2535 2553 2846 2622 Apostolus,
2871 2554 3003 2608 dum
3033 2556 3219 2609 scribit
3258 2554 3348 2609 Ti-

1801 2645 2052 2698 motheo:
2081 2640 2257 2707 Insta,
2298 2643 2548 2708 invehere,
2577 2644 2791 2713 increpa
2809 2644 2927 2697 illos
2986 2657 3269 2714 opportune
3298 2656 3347 2698 et

1799 2734 2089 2801 importune
2118 2732 2184 2788 “.
2215 2730 2298 2787 Me
2328 2748 2454 2787 vero
2485 2740 2674 2787 contra
2706 2735 3020 2803 praeclarum
3054 2735 3203 2789 illum
3242 2737 3343 2789 du-

1799 2832 2004 2877 ctorem
2034 2822 2341 2875 animarum
2380 2823 2601 2893 nitente,
2637 2833 2999 2893 causanteque
3022 2835 3219 2878 nostra:
3244 2840 3348 2893 ge-

1797 2903 1943 2966 neris
1976 2912 2200 2966 humani
2240 2920 2448 2967 natura:
2498 2903 2943 2977 imbecillitatem,
2989 2915 3133 2984 quod
3190 2916 3344 2968 inuiti

1797 3000 2027 3057 fortasse
2055 3016 2120 3056 ex
2145 3002 2246 3057 hac
2282 3016 2378 3057 seu
2414 3017 2592 3072 aequa,
2639 3018 2732 3059 seu
2765 3004 2947 3074 iniqua
2971 3004 3344 3074 objurgatione

1798 3091 1869 3146 ab
1916 3106 2076 3163 grege
2137 3093 2468 3159 evellantur;
2510 3109 2728 3150 rursum
2794 3095 2883 3150 ille
2917 3096 3201 3150 thesaurus
3256 3111 3344 3150 sa-

1796 3182 2052 3253 pientiae:
2090 3186 2289 3249 anima,
2317 3184 2509 3257 inquit,
2552 3187 2755 3255 pastori
2792 3201 2893 3242 suo
2913 3187 3127 3242 vinculo
3160 3188 3340 3241 chari-

156 3272 477 3341 συνημμένη
498 3289 513 3302 ·
544 3274 642 3327 οὐκ
672 3273 923 3344 ἔψευσται
966 3276 1025 3329 δὲ
1066 3276 1253 3330 ἑαυτὸν
1307 3275 1519 3346 ἀληθῶς
1547 3278 1577 3329 ὁ
1604 3278 1697 3347 μέ-

1800 3277 1938 3339 tatis,
1961 3284 2015 3329 et
2040 3275 2162 3331 fidei
2190 3274 2392 3331 Christi
2414 3278 2633 3333 nomine
2669 3279 2925 3332 devincta.
2960 3292 3026 3333 ne
3056 3278 3101 3332 si
3122 3276 3343 3345 sanguis

152 3372 297 3423 τας·
329 3359 464 3413 ἀλλά
509 3363 599 3415 καὶ
634 3366 958 3435 κεκράτηκε,
996 3368 1088 3419 καὶ
1124 3367 1394 3437 ὼδήγηκε,
1437 3367 1531 3421 καὶ
1548 3383 1697 3420 τετε-

153 3449 373 3517 λείωκε,
409 3453 503 3505 καὶ
549 3456 905 3525 προσενήνοχε
943 3456 1165 3526 Χριστῷ
1210 3456 1414 3527 ἄμωμα
1457 3456 1691 3527 θύματα.

164 3541 517 3612 ’Δκούσωμεν
546 3544 734 3613 σοφίαν
760 3546 915 3610 Θεοῦ,
934 3548 1027 3599 καὶ
1038 3545 1407 3616 θαυμάσωμεν
1425 3548 1481 3599 ὲν
1500 3547 1697 3616 ὀστραο

155 3630 328 3694 κίνοις
352 3633 599 3686 σκεύεσιν
622 3633 949 3705 εὑρημένην.

1792 3367 2006 3435 quidem
2036 3364 2444 3434 profundendus
2476 3369 2566 3432 sit,
2590 3370 2859 3430 avellitur,
2882 3367 3178 3437 praesertim
3206 3368 3338 3419 olim

1792 3471 1822 3508 a
1877 3463 2218 3523 peccatorum
2280 3455 2593 3511 vulneribus
2625 3457 2693 3510 ab
2751 3458 2869 3525 ipso
2901 3466 3107 3519 curata,
3130 3471 3339 3509 memor

1745 3533 1748 3537 ’
1790 3554 1981 3609 nempe
2012 3538 2155 3594 illius
2181 3540 2274 3609 qui
2306 3540 2485 3615 dixit;
2525 3540 2700 3612 Neque
2737 3542 2937 3611 Angeti,
2996 3560 3154 3613 neque
3183 3542 3340 3596 Prin-

1790 3633 2015 3699 cipatua,
2051 3647 2210 3702 neque
2234 3630 2503 3699 Virtutes,
2530 3650 2688 3703 neque
2709 3645 2952 3709 creatura
2982 3636 3094 3691 ulla
3122 3652 3212 3689 nos
3241 3654 3337 3703 p0—

154 3724 315 3776 tuita
363 3721 560 3797 Christi
604 3725 862 3780 charitate
908 3725 1240 3795 separare“.
1291 3724 1445 3793 Quod
1473 3725 1519 3780 si
1570 3725 1749 3781 anima
1796 3724 1942 3779 hunc
1980 3725 2036 3779 in
2080 3725 2299 3780 modum
2341 3724 2548 3787 aﬂ‘ecta,
2586 3726 2668 3779 vel
2698 3726 2937 3791 astricta,
2976 3728 3058 3783 vel
3107 3729 3338 3797 aggluti-

154 3822 281 3867 nata
307 3827 409 3867 suo
442 3814 655 3881 praesidi
710 3829 818 3871 non
852 3827 953 3879 est,
989 3819 1235 3888 equidem
1284 3817 1520 3874 demiror
1563 3818 1692 3890 quid
1735 3819 1936 3872 frustra
1994 3817 2096 3872 hoc
2154 3817 2207 3871 in
2239 3817 2358 3871 loco
2387 3818 2528 3880 ficto,
2561 3816 2666 3885 57
2691 3826 2989 3885 coactoque
3025 3818 3338 3872 obedientiam:

155 3902 386 3970 imperio
421 3902 631 3958 detenta
689 3906 961 3964 moretur.
998 3908 1107 3965 Nec
1148 3926 1279 3967 sane
1323 3910 1493 3967 falsus
1532 3912 1699 3967 animi
1743 3921 1827 3967 est
1887 3910 2179 3979 praclarus
2221 3910 2312 3962 ille
2364 3909 2609 3972 antistes,
2642 3907 2735 3962 sed
2768 3909 2997 3963 evicitet
3027 3909 3263 3973 deduxit,
3283 3922 3336 3964 et

154 3990 400 4061 perfecit,
438 4006 492 4049 et
516 3996 883 4056 immaculalas
930 4001 1150 4059 Christo
1182 4004 1385 4061 hostias
1409 4004 1759 4077 consecravit.
1809 4003 2127 4066 Audiamus,
2168 4001 2415 4064 obsecro,
2455 4001 2771 4070 sapientiam
2807 4000 2896 4055 Dei
2925 4000 2978 4054 in
3008 4002 3151 4055 vasis
3198 4002 3335 4056 ﬁcti-

153 4086 297 4143 libus
335 4087 628 4153 inventam,
655 4099 709 4145 et
726 4091 1186 4162 obstupescamus.

235 4178 538 4247 ’Δγάμενος
562 4180 673 4248 (55)
702 4180 812 4250 ἐγὼ
847 4183 1020 4236 ἐκεῖσε
1044 4182 1233 4255 παρὼν
1256 4185 1355 4255 τήν
1391 4201 1547 4238 τινων
1593 4185 1699 4238 τῶν

1866 4181 2179 4236 Admiratus
2215 4196 2313 4251 ego
2337 4196 2572 4250 praesens
2602 4182 2675 4237 ibi
2714 4181 3073 4251 quorumdam
3102 4182 3334 4264 tironum

154 4268 440 4337 νεοπαγῶν
460 4269 662 4335 πίστιν,
694 4273 787 4325 καὶ
807 4273 1098 4345 ὑπομονὴν,
1127 4276 1219 4329 καὶ
1241 4276 1542 4347 ἀδάμαστον
1568 4294 1701 4347 καρ-

1800 4271 1975 4334 fidem,
2007 4270 2352 4340 patientiam,
2404 4279 2460 4325 et
2500 4269 2958 4339 inexpugnabilem
2991 4270 3045 4322 in
3087 4272 3337 4341 objurga-

152 4364 341 4433 τερίαν
369 4361 468 4413 ἐπὶ
493 4363 613 4424 ταῖς
635 4361 727 4415 τοῦ
756 4366 1110 4434 προεστῶτος,
1146 4366 1281 4421 ἀλλά
1306 4369 1398 4420 καὶ
1430 4369 1535 4422 τῶν
1580 4368 1699 4421 λίαν

1800 4362 2049 4425 tionibus,
2094 4360 2423 4430 ignominiis,
2456 4369 2510 4415 et
2545 4360 2867 4428 quandoque
2901 4359 3065 4413 etiam
3121 4362 3335 4430 injuriis

156 4451 569 4522 ὑποσεὸηκύτων
593 4466 609 4482 ·
638 4450 883 4523 ἠρώτων,
915 4454 1201 4526 οἰκοδομῆς
1228 4457 1406 4527 χάριν,
1434 4459 1553 4512 τινὰ
1583 4460 1693 4513 τῶν

1800 4452 1878 4505 sui
1907 4449 2150 4520 praesidis
2180 4450 2507 4519 perferendis
2559 4449 2917 4513 tolerantiam,
2952 4465 3053 4505 nec
3090 4453 3337 4520 praesidis

152 4542 400 4611 ἀδελφῶν
421 4542 580 4595 πέντε
602 4542 696 4595 καὶ
717 4541 845 4595 δέκα
880 4542 974 4614 ἐτη
1007 4545 1065 4595 ὲν
1085 4549 1151 4616 τῇ
1181 4550 1314 4620 μονῇ
1344 4546 1550 4617 ἔχοντα,
1579 4550 1694 4603 ὀνό-

1800 4551 2000 4596 tantum
2030 4582 2049 4606 ,
2099 4541 2199 4596 sed
2253 4540 2410 4611 longe
2470 4541 2570 4593 hoc
2612 4537 2955 4603 inferiorum,
3005 4543 3329 4611 quaerebam,

157 4653 290 4705 ματι
329 4636 680 4708 ’Δσϐάκυρον,
723 4634 783 4688 ὃν
808 4637 902 4690 καὶ
931 4637 1161 4707 μάλιστα
1200 4638 1303 4691 ὑπὸ
1332 4639 1546 4695 πάντων
1572 4660 1694 4713 σχε-

152 4725 243 4778 δὸν
276 4724 645 4794 ἀδικούμενον,
679 4724 790 4779 ἔσθ’
826 4726 914 4779 ὅτε
944 4726 1063 4780 καθ’
1091 4727 1320 4799 ἡμέραν,
1361 4730 1458 4799 τῆς
1492 4734 1696 4800 τραπέ-

153 4813 257 4884 ζης
300 4814 366 4866 ἐκ
387 4812 495 4866 τῶν
535 4814 820 4885 ὑπηρετῶν
844 4814 1166 4885 διωκόμενον
1192 4816 1413 4869 ἔϐλεπον
1435 4833 1450 4847 ’
1484 4815 1551 4889 ἦν
1585 4820 1696 4891 γὰρ

154 4908 219 4991 ἐκ
246 4904 463 4975 φύσεως
498 4903 691 4974 μικρὸν
714 4907 854 4961 πάνυ
876 4905 1013 4993 ἶ’περὶ
1040 4904 1139 4977 τὴν
1172 4907 1419 4976 γλῶσσαν
1461 4909 1696 4981 ἀκράτη-

152 4990 243 5061 τος
269 4995 516 5065 ἀδελφός.
544 4993 655 5048 Καὶ
683 4996 817 5066 πρὸς
844 4990 1005 5071 αὗτὸν
1049 4997 1229 5066 ἔλεγον
1246 5014 1263 5028 ο
1304 4997 1517 5067 ames
1567 5000 1692 5053 ’A6-

154 5087 383 5159 εάκυρε,
403 5084 492 5140 διὰ
529 5084 582 5139 τί
604 5083 706 5154 τῆς
730 5076 1005 5157 τραπέζης
1023 5087 1143 5141 καθ’
1171 5086 1378 5158 ἡμέραν
1404 5087 1692 5162 ἐλαυνόμε-

84 5224 89 5229 .
153 5177 243 5229 νόν
282 5192 347 5229 σε
390 5173 596 5245 θεωρῶ,
638 5173 732 5227 καὶ
771 5173 1018 5230 ἄδειπνον
1050 5177 1303 5240 πολλάκις
1334 5176 1688 5248 κοιμώμενον;

155 5268 265 5320 Καί
296 5283 431 5337 φησι
451 5282 466 5297 ·
496 5264 785 5319 Πίστευσον
823 5281 934 5335 μοι,
973 5267 1167 5340 πάτερ,
1194 5269 1274 5322 ὅτι
1306 5266 1417 5338 (56)
1456 5266 1689 5340 δοκιμά-

155 5354 309 5419 ζουσι
348 5372 416 5426 με
452 5356 502 5409 οί
545 5354 781 5426 πατέρες
806 5372 928 5425 μου,
971 5356 1065 5411 ἐὰν
1093 5357 1231 5411 ποιῶ
1275 5356 1523 5427 μοναχὸν,
1568 5361 1690 5414 ἐπεὶ

155 5446 256 5498 οὐκ
309 5444 369 5500 ἐν
411 5446 635 5518 ἀληθείᾳ
662 5443 827 5500 τοῦτο
856 5444 1065 5500 ποιοῦσι
1087 5462 1107 5482 ο
1132 5447 1288 5517 κάγὼ
1328 5448 1509 5502 λοιπὸν
1532 5452 1691 5519 γινώ-

158 5534 416 5589 σκωντδν
446 5536 643 5590 σκοπὸν
681 5533 776 5588 τοῦ
814 5534 1068 5605 μεγάλου,
1100 5536 1195 5590 καὶ
1215 5535 1409 5603 αὐτῶν,
1439 5538 1691 5609 ὑπομένω

160 5619 336 5674 πάντα
362 5619 600 5693 ἀεαρῶς.
642 5623 752 5677 Καὶ
792 5622 900 5677 ίδοὺ
929 5621 1220 5679 δεκαπέντε
1251 5625 1344 5698 ἐτη
1376 5627 1510 5698 έχων
1537 5629 1692 5685 τοῦτο

230 5803 277 5835 ⁸³
311 5796 515 5858 ll'l'im.
546 5817 622 5870 tv,
643 5800 699 5855 2.
774 5802 818 5835 ⁸⁸
837 5801 995 5858 Rom.
1022 5817 1135 5867 vm,
1170 5800 1257 5857 '59.

1790 4634 2017 4705 exempli
2058 4648 2243 4697 causa,
2266 4648 2332 4687 ex
2354 4633 2587 4702 quodam
2616 4632 2682 4687 de
2705 4648 2931 4689 numero
2964 4634 3189 4690 fratrum
3208 4626 3329 4704 ‘(qui

1791 4734 1931 4779 totos
1952 4725 2062 4794 jam
2090 4721 2397 4792 quindecim
2436 4737 2610 4778 annos
2638 4722 2692 4775 in
2719 4724 2969 4779 coenobio
3001 4725 3327 4785 traduxerat,

1789 4817 1879 4871 cui
1910 4816 2186 4883 Abbacyro
2211 4828 2429 4878 nomen,
2446 4828 2607 4883 quem
2630 4815 2970 4883 potissimum
2990 4816 3057 4869 ab
3076 4815 3329 4870 omnibus

1787 4890 1990 4976 passim
2015 4900 2298 4970 exagitari,
2328 4909 2384 4956 et
2416 4904 2853 4973 prope.quotidie
2885 4904 2955 4957 ab
2983 4902 3096 4971 ipsa
3142 4918 3328 4958 mensa

1788 4983 2187 5064 perministros
2217 4991 2441 5062 propelli
2487 4992 2731 5049 videbam
2789 4992 2923 5061 (erat
2944 4993 3087 5046 enim
3134 4993 3331 5065 linguae

1790 5093 1978 5138 natura
2034 5081 2425 5151 aliquantulum
2459 5082 2993 5152 intemperantioris),
3028 5082 3171 5139 hunc
3203 5102 3330 5156 ergo

1789 5173 2000 5237 affatus,
2026 5172 2153 5241 quid
2176 5183 2280 5240 est,
2300 5174 2541 5243 inQuam,
2571 5172 2851 5242 Abbaeyre
2877 5170 3061 5241 frater,
3093 5176 3235 5245 quod
3277 5186 3330 5231 te

1785 5264 2023 5335 quotidie
2069 5282 2100 5317 ιι
2136 5279 2289 5319 coena
2332 5263 2482 5331 rejici
2517 5261 2747 5327 videam,
2800 5270 2856 5316 et
2901 5262 3226 5321 incmnatum
3257 5267 3324 5319 ad

1784 5369 2030 5410 somnum
2062 5353 2368 5425 proficisci!
2393 5354 2529 5417 Qua,
2555 5353 2713 5407 crede
2745 5352 2894 5418 mihi,
2929 5353 3105 5421 Pater,
3134 5358 3322 5427 inquit,

1791 5445 1894 5498 mei
1915 5442 2099 5498 Patres
2134 5446 2412 5513 explorant
2440 5440 2679 5498 animum
2711 5456 2911 5509 meum,
2936 5458 3002 5498 an
3034 5446 3136 5500 sim
3165 5453 3323 5514 aptus

1791 5534 1857 5589 ad
1897 5535 2061 5589 vitam
2098 5536 2238 5593 inter
2292 5535 2587 5591 monachos
2619 5534 2936 5605 degendam.
2968 5535 3148 5606 Neque
3175 5536 3319 5590 enim

1790 5626 1932 5685 serio
1948 5642 2033 5684 mo
2057 5628 2311 5699 aﬂliguut,
2363 5626 2455 5681 scd
2480 5633 2687 5681 tentant
2719 5627 2997 5705 duntaxat.
3028 5626 3196 5691 Quam
3222 5642 3324 5697 ego
