4048 6338
611 427 720 494 695

1857 437 1917 495 S.
1950 436 2186 496 JOANN
2195 436 2266 496 IS
2293 437 2593 498 CLIMACI

3722 443 3835 507 696

609 550 844 598 mentem
885 542 1062 611 magni
1089 542 1336 611 pratsulis
1368 542 1559 605 n0stri,
1607 552 1662 598 et
1686 543 1916 598 aliorum
1951 543 2167 598 Patrum

2284 545 2641 615 λογιζόμενος,
2680 545 2858 609 καθώς
2894 562 2983 616 μοι
3018 547 3111 599 καὶ⁹
3133 547 3282 601 αὐτοὶ
3316 549 3375 603 ἐν
3402 549 3468 620 τῇ
3495 547 3602 621 ἐμῇ
3641 549 3837 620 εἰσόδῳ

607 649 731 686 eum
765 633 930 702 probe
983 644 1319 702 perspectam
1376 633 1624 695 habeam.
1661 635 1843 688 omnia
1874 651 2030 705 :equo
2052 637 2169 690 ani-

2284 637 2473 706 Ξερησαν
2493 652 2507 667 ·
2537 638 2616 692 ὅτι
2631 635 2759 707 ἄχρι
2779 641 2874 706 τῆς
2890 640 3329 708 τριακονταετίας
3342 641 3695 711 δοκιμάζουσι
3711 641 3834 713 (37)

608 737 700 776 mo
718 722 982 778 sustineo.
1034 724 1101 777 Et
1126 737 1253 778 ecce
1282 724 1808 794 quintumdeeimum
1833 726 1946 794 jam
1968 742 2168 780 annum

608 818 712 870 hoc
732 832 942 890 meeum
973 832 1321 883 recognosco,
1345 817 1804 886 quemadmodum
1837 820 1970 872 mihi
2000 820 2052 872 in
2086 835 2172 872 re-

606 906 825 975 ligionis
857 908 1098 976 ingressu
1121 905 1308 962 Patres
1336 909 1515 963 testati
1543 917 1692 971 sunt,
1728 923 2024 964 consuesse
2055 908 2173 963 illos

609 999 676 1052 ad
706 999 1042 1053 tricesimum
1061 1015 1234 1069 usque
1265 1015 1467 1054 annum
1505 1015 1634 1056 suos
1651 1002 1854 1054 tirones
1882 1000 2043 1054 rebus
2071 999 2176 1052 hu-

609 1093 786 1145 manis
807 1092 1088 1145 abdicatos
1114 1093 1167 1145 iu
1197 1092 1446 1147 tirocinio
1464 1107 1737 1156 exercere,
1751 1102 1803 1145 et
1819 1093 2177 1148 constantiam

621 1195 847 1238 tentare.
875 1185 940 1238 Et
959 1185 1150 1238 merito
1180 1185 1300 1246 hoc,
1324 1195 1474 1254 pater
1495 1185 1604 1256 58
1629 1182 1884 1250 Joannes,
1919 1186 2037 1240 sine
2055 1201 2180 1239 exa-

609 1278 754 1330 mine
775 1278 974 1347 quippe
995 1294 1088 1333 sen
1103 1279 1224 1348 igne
1239 1293 1431 1332 aurum
1459 1294 1566 1333 non
1587 1277 1784 1348 politur
1810 1287 1862 1332 et
1884 1277 2176 1346 perficitur.

609 1367 709 1421 llic
736 1384 867 1438 ergo
919 1385 1216 1438 generosus
1251 1371 1568 1437 Abbac‘vrns
1625 1370 1842 1423 biennio
1893 1376 2180 1438 postquam

609 1460 953 1525 adveni-ram,
1007 1463 1245 1517 excessit
1281 1477 1310 1515 e
1356 1463 1498 1528 vita,
1547 1461 1736 1515 Patres
1789 1461 2016 1529 jamjam
2067 1460 2172 1512 vita

608 1554 855 1606 abiturus
885 1555 1308 1609 intermorituris
1345 1555 1568 1609 vocibus
1623 1555 1890 1608 allocutus
1923 1553 2172 1612 :Grates,

611 1645 1001 1714 inquit,grates
1042 1647 1273 1700 Domino
1299 1688 1314 1708 ,
1347 1656 1398 1700 et
1448 1648 1620 1710 τιιίιίει,
1683 1662 1712 1699 a
1740 1647 1941 1716 quibus
1987 1645 2178 1700 salutis

2267 731 2391 802 reb;
2419 727 2887 798 ἀποτασσομένους
2909 744 2923 758 ·
2949 730 3040 782 καὶ
3063 730 3302 810 δικαίως,
3351 733 3527 804 πάτερ
3562 733 3782 802 Ἰωάννη
3806 749 3824 762 ο

2269 823 2433 893 χωρὶς
2483 822 2589 893 γὰρ
2625 821 2852 892 δοκιμῆς
2892 824 2921 874 ὁ
2969 823 3166 892 χρυσὸς
3211 823 3272 874 οὐ
3304 823 3619 878 τελειοῦται.
3674 824 3829 878 ἐπι-

2277 912 2463 981 μείνας
2490 907 2583 966 οὖν
2625 914 2655 966 ὁ
2699 914 2941 978 γενναῖος
2977 906 3132 976 οὗτος
3177 912 3510 984 ’Δδσάκυρος
3553 916 3690 984 μετά
3731 915 3833 984 τὴν

2275 999 2414 1070 ἐμὴν
2443 1000 2625 1068 ἄφιξιν
2657 1000 2735 1069 τῷ
2765 1001 3106 1071 μοναστηρίῳ
3133 1001 3281 1072 διετῆ
3308 1004 3518 1074 χρόνον,
3545 1004 3680 1072 πρὸς
3709 1005 3831 1058 K6-

2280 1107 2391 1163 ριον
2430 1091 2764 1161 ἀπεδήμησε,
2815 1091 2969 1144 τοῦτο
3001 1090 3171 1144 εἰπὼν
3198 1095 3312 1157 τοίς
3343 1093 3610 1164 πατράσιν
3641 1096 3700 1147 ἐν
3751 1094 3835 1165 τῷ

2281 1183 2488 1252 μέλλειν
2514 1183 2784 1236 ἐκλείπειν
2809 1199 2822 1212 ο
2860 1201 2878 1233 ι
2906 1183 3247 1253 Εὐχαριστῶ,
3286 1185 3590 1256 εὐχαριστῶ
3623 1185 3703 1256 τῷ
3726 1189 3834 1240 κυ-

2279 1276 2399 1346 ρίῳ,
2425 1277 2516 1328 καὶ
2541 1277 2690 1345 ὑμῖν,
2724 1275 2803 1327 ὅτι
2841 1275 2928 1330 διὰ
2965 1275 3025 1329 τὸ
3051 1275 3406 1348 πειράζεσθαι
3433 1279 3514 1340 εἰς
3555 1282 3836 1347 σωτηρίαν

2285 1385 2383 1438 μου
2414 1367 2472 1433 ἐξ
2516 1367 2690 1436 ὑμῶν,
2730 1367 2919 1436 ἔμεινα
2954 1369 3021 1420 ἐκ
3065 1367 3335 1438 δαιμόνων
3365 1369 3689 1440 ἀπείραστος
3723 1370 3836 1424 ἰδοὺ

2276 1459 2547 1512 δεκαεπτά
2581 1459 2698 1528 ἔτη.
2759 1441 2856 1512 ’ὒν
2899 1458 2993 1512 καὶ
3033 1459 3108 1522 ὡς
3153 1459 3486 1530 ὁμολογητὴν
3541 1460 3678 1527 μετά
3722 1460 3837 1514 τῶν

2281 1551 2455 1603 ἐκεῖσε
2499 1550 2902 1620 κατακειμένων
2956 1551 3127 1618 ἁγίων
3172 1550 3336 1616 ἀξίως
3383 1554 3414 1605 ὁ
3465 1549 3839 1625 δικαιοκριτὴς

2283 1641 2486 1712 ποιμὴν
2509 1641 2871 1710 κατατεθῆναι
2897 1641 3198 1696 ἐκέλευσεν.

613 1752 750 1790 mea;
778 1752 942 1792 causa
973 1737 1042 1792 ab
1073 1737 1383 1792 daemonum
1429 1738 1724 1793 insultibus
1755 1737 1941 1791 decem
1977 1751 2104 1791 ecce
2141 1741 2194 1788 et
2227 1741 2431 1802 septem
2487 1745 2658 1785 annos
2697 1732 2833 1786 liber
2870 1731 2967 1786 fui.
3010 1731 3168 1790 Hune
3225 1734 3568 1804 aequissimus
3618 1735 3838 1792 illorum

613 1831 863 1894 antistes,
924 1840 1183 1898 tanquam
1235 1831 1606 1901 confessorem
1657 1844 1781 1884 cum
1817 1829 2019 1884 sanctis
2065 1826 2174 1882 illic
2231 1824 2354 1879 sitis
2405 1821 2659 1879 Patribus
2690 1834 2964 1880 mortuum
3017 1825 3272 1881 collocari
3297 1827 3481 1896 jussit.

680 1924 917 1978 Omnino
947 1922 1214 1978 offendam
1245 1927 1470 1981 aemulos
1489 1926 1704 1980 virtutis
1725 1924 1980 1993 cultores,
2003 1922 2047 1976 si
2067 1935 2181 1974 me-

2363 1915 2556 1970 Ἀδικῶ
2579 1916 2782 1980 πάντας
2804 1914 3064 1989 [πάντως]
3097 1908 3218 1981 τοὺς
3244 1918 3486 1990 ζηλωτὰς
3504 1898 3618 1975 τε»ιί
3636 1917 3842 1976 καλῶν.

570 2060 573 2062 .
612 2017 996 2071 moriazeorum
1019 2016 1328 2072 subduxero
1360 2017 1680 2082 Macedonii,
1704 2017 1864 2088 primi
1896 2016 2007 2069 illia:
2035 2015 2174 2067 inter

611 2108 870 2161 diaconos
895 2109 1212 2176 przeclarum
1245 2106 1456 2163 facinus
1485 2119 1540 2164 et
1568 2120 1862 2164 certamen.
1907 2105 2003 2160 llic
2049 2118 2176 2174 ergo

615 2204 668 2253 in
711 2200 899 2267 paucis
923 2200 1032 2252 Deo
1051 2200 1272 2262 eltarus,
1302 2210 1586 2268 appetente
1624 2201 1786 2253 trium
1821 2214 2004 2268 regum
2037 2197 2177 2250 eele-

615 2295 808 2347 hritate
863 2298 1048 2361 (quam
1095 2291 1263 2345 Grzcci
1317 2291 1793 2362 TheOphaniorum
1844 2290 2038 2345 festum
2082 2304 2174 2358 ap-

613 2387 856 2455 pellant),
895 2386 1076 2453 petita
1103 2385 1328 2453 pra'side
1359 2399 1458 2439 suo
1481 2383 1646 2438 biduo
1679 2393 1824 2446 ante,
1855 2392 2178 2453 poteSIatem

614 2462 1034 2530 domesticorum
1063 2478 1401 2544 negotiorum
1440 2491 1606 2540 causa
1643 2474 2025 2530 Alexandriam
2057 2488 2180 2542 pro-

617 2566 911 2629 tieiscendi,
944 2565 1216 2635 pollicitus
1241 2579 1298 2620 se
1327 2574 1546 2634 propter
1574 2575 1890 2634 sequentem
1923 2563 2066 2617 diem
2096 2561 2176 2615 fe-

617 2667 782 2719 stum,
812 2665 865 2708 et
921 2656 1368 2724 przeparationem
1423 2662 1635 2707 mature
1692 2653 2009 2708 rediturum.
2073 2652 2178 2705 Sed

616 2751 761 2802 enim
814 2747 987 2802 hostis
1018 2747 1284 2800 bonorum
1336 2747 1680 2801 cacodaemon
1737 2744 2177 2799 architliaeonoa

616 2839 994 2895 carnobiarcha
1055 2838 1284 2893 dimisso
1332 2838 1778 2906 impedimentum
1831 2836 2030 2907 objecit
2070 2851 2179 2904 quo

617 2933 799 2987 minus
823 2933 889 2986 ad
923 2930 1186 2988 solemnia
1224 2929 1698 3000 Theophaniorum
1722 2939 1774 2983 et
1807 2928 2178 2998 praescriptum

616 3023 756 3076 diem
814 3022 1044 3077 adesset.
1098 3019 1218 3076 Uno
1276 3021 1440 3092 igitur
1464 3021 1551 3075 die
1598 3021 1774 3075 serius
1800 3018 2180 3074 adventantem

617 3114 852 3169 cmnobii
888 3115 1196 3168 moderator
1226 3114 1431 3168 honore
1468 3111 1753 3166 ministerii
1796 3110 1879 3166 sui
1909 3121 1963 3165 et
2017 3109 2180 3165 officii

615 3217 838 3259 exutum
888 3205 942 3258 in
994 3207 1236 3258 ordinem
1295 3205 1532 3258 tironum
1574 3203 1802 3272 redegit,
1865 3218 2027 3272 quam
2092 3202 2180 3256 ille

619 3298 890 3366 patientia
935 3298 1183 3351 minister
1246 3306 1301 3351 et
1361 3297 1663 3350 tolerantiae
1721 3295 2179 3361 archidiaconus,

619 3388 793 3440 Patris
847 3385 1167 3440 sententiam
1213 3392 1266 3437 et
1321 3398 1534 3451 pmnatn
1590 3394 1696 3437 tam
1740 3391 1928 3451 pacate
1951 3381 2184 3452 placide-

618 3494 724 3545 que
784 3477 1071 3547 suscepit,
1125 3491 1189 3529 ac
1244 3475 1286 3527 si
1341 3475 1528 3537 alteri,
1593 3490 1698 3527 non
1754 3473 1906 3542 ipsis,
1983 3471 2183 3526 inﬂicta

620 3577 783 3622 esset.
833 3568 972 3622 Cum
1027 3583 1157 3638 ergo
1208 3567 1564 3637 quadraginta
1615 3565 1729 3620 dies
1764 3565 1902 3619 inter
1951 3563 2186 3618 novitios

619 3662 729 3732 59
769 3661 1006 3732 egisset,
1052 3658 1288 3713 restituit
1332 3659 1484 3711 illum
1535 3656 1826 3725 praefectus
1865 3654 2185 3711 monasterii

620 3770 723 3808 suo
748 3755 867 3809 loco
892 3763 946 3808 et
969 3753 1194 3808 honori:
1226 3751 1322 3806 sed
1344 3749 1764 3804 archidiaconus
1785 3762 1910 3802 mox
1937 3747 2182 3817 sequenti

621 3847 708 3900 die
742 3846 1058 3914 deprecatus
1094 3860 1252 3898 suum
1299 3843 1578 3910 prazsidem
1601 3882 1614 3905 ,
1649 3841 1804 3910 petiit
1843 3842 1912 3895 ab
1947 3855 2013 3895 eo
2041 3882 2056 3904 ,
2106 3839 2184 3893 uti

622 3935 726 3989 sibi
763 3936 816 3988 in
845 3946 1094 4004 suscepta
1128 3950 1305 4002 plena,
1345 3942 1398 3986 et
1427 3933 1576 3998 loco,
1616 3931 2018 4004 ignominiaque
2047 3931 2188 3984 inter

623 4029 826 4079 tirones
854 4040 1016 4094 porro
1054 4025 1252 4086 vivere,
1283 4035 1337 4078 et
1374 4040 1723 4093 perseverare
1755 4025 1980 4078 liceret:
2015 4022 2188 4077 admi-

623 4119 759 4169 sissc
790 4118 1047 4170 seAlex'"
1091 4117 1202 4170 '"ia:
1224 4117 1299 4184 (α)
1327 4116 1538 4170 facinus
1564 4116 1912 4186 inexpiabile,
1933 4115 2190 4184 nullaque

621 4207 779 4262 venia
809 4208 1052 4274 dignum.
1079 4207 1142 4261 Et
1171 4209 1417 4276 quamvis
1446 4217 1665 4263 sanctus
1690 4206 1848 4262 Pater
1872 4208 2013 4262 haud
2039 4207 2189 4277 igno-

625 4312 771 4356 raret
809 4302 999 4366 ἱΙΙιιιιι,
1051 4301 1100 4356 id
1143 4311 1350 4356 tantum
1396 4305 1577 4358 studio
1615 4303 2038 4368 submissionis,
2083 4317 2187 4357 non

622 4409 690 4447 cs
725 4410 850 4447 vero
879 4395 1060 4448 dicere
1089 4434 1104 4458 ,
1148 4395 1312 4449 cessit
1365 4404 1542 4449 tamen
1589 4396 1831 4464 praeclari
1867 4395 1960 4451 Dei
2001 4395 2189 4450 famuli

624 4485 916 4565 desiderio.
947 4485 1265 4554 Spectasses
1298 4486 1460 4555 igitur
1501 4486 1552 4539 in
1596 4486 1778 4540 infima
1808 4487 2042 4540 tironum
2076 4494 2189 4541 sta-

2276 2008 2435 2078 εἴπερ
2489 2008 2697 2077 σιωπῆς
2749 2010 2991 2078 μνήματι
3037 2007 3193 2078 θάψω
3239 2010 3302 2061 τὸ
3350 2010 3680 2065 Μακεδονίαν
3742 2007 3841 2062 τοῦ

2277 2094 2492 2165 πρώτου
2525 2095 2636 2148 τῶν
2664 2097 2842 2148 ἐκεῖσε
2867 2096 3128 2150 διακόνων
3157 2091 3486 2170 κατόρθωμα
3513 2103 3607 2154 καὶ
3631 2095 3795 2153 ἆθλον
3822 2114 3840 2130 ·

2276 2182 2431 2249 οὗτος
2454 2187 2486 2255 δ
2506 2187 2878 2259 μεμελημένος
2900 2188 3087 2258 Κυρίῳ
3111 2189 3240 2243 ποτὲ
3258 2190 3357 2261 τῆς
3380 2193 3488 2244 τῶν
3515 2191 3686 2261 ἁγίων
3707 2191 3841 2246 Θεο-
3875 2220 3878 2221 ν

2279 2279 2482 2347 φανίων
2519 2280 2709 2349 ἑορτῆς
2737 2280 3162 2351 καταλαϐούσης,
3194 2281 3414 2355 λιπαρεῖ
3434 2285 3525 2338 τὸν
3564 2290 3824 2357 ποιμένα.

2281 2370 2386 2440 πρὸ
2412 2369 2505 2422 δύο
2542 2371 2764 2441 ἡμερῶν
2799 2373 2860 2424 ὲν
2887 2375 2955 2443 τῇ
2997 2373 3148 2426 πόλει
3181 2374 3551 2448 Ἀλεξανδρείᾳ
3581 2377 3844 2432 εἰσελθεῖν

2279 2464 2482 2526 οἰκείας
2509 2463 2694 2533 χρείας
2733 2464 2893 2536 χάριν
2916 2465 3078 2528 τινὸς,
3108 2466 3471 2537 ὑποσχόμενος
3507 2467 3687 2537 μέντοι
3713 2470 3835 2523 θᾶτ-

2279 2573 2370 2607 τον
2431 2556 2744 2627 ἐξέρχεσθαι
2787 2557 2884 2626 τῆς
2948 2558 3190 2626 πόλεως,
3247 2559 3336 2614 διὰ
3370 2559 3469 2630 τὴν
3505 2559 3606 2630 τῆς
3649 2562 3846 2635 ἑορτῆς

2280 2641 2635 2700 ἀκουλουθίαν
2687 2665 2746 2700 τε
2785 2649 2877 2701 καὶ
2920 2651 3253 2719 ἑτοιμασίαν.
3314 2649 3372 2704 ⁸0
3419 2646 3512 2706 οὖν
3555 2653 3846 2722 μισόκαλος

2281 2737 2522 2800 διάϐολος
2577 2739 2830 2820 ἐμπόδιον
2878 2739 3190 2811 πεποιηκὼς
3220 2739 3299 2811 τῷ
3353 2736 3709 2814 ἀρχιδιακόνῳ
3747 2760 3838 2799 παι

2285 2828 2512 2896 ποίηκεν
2539 2827 2700 2880 αὐτὸν
2732 2827 3069 2884 άπολυθὲντα
3100 2830 3192 2884 τοῦ
3219 2832 3542 2902 ἡγουμένου,
3569 2835 3642 2904 μὴ
3671 2851 3843 2888 κατα-

2282 2914 2466 2968 λαϐεῖν
2491 2919 2555 2986 τῇ
2603 2917 2734 2988 άγὶᾳ
2761 2917 2917 2989 ἑορτῇ
2967 2921 3024 2972 ὲν
3065 2922 3132 2989 τῇ
3166 2923 3299 2992 μονῇ
3329 2921 3468 2974 κατὰ
3491 2923 3582 2978 τὸν
3607 2923 3750 2993 ὅρον,
3783 2923 3844 2978 ὃν

2282 3006 2348 3077 ἦν
2377 3009 2440 3060 ἐκ
2485 3007 2577 3060 τοῦ
2617 3007 2956 3079 προεστῶτος
2991 3010 3352 3080 κομισάμενος
3378 3011 3510 3083 (58).
3546 3013 3680 3066 Μεθ’
3709 3015 3845 3084 mti-

2286 3116 2384 3170 ραν
2407 3093 2499 3151 οὖν
2525 3097 2894 3152 καταλασόντα
2914 3142 2929 3164 ,
2974 3101 3048 3169 ἀφ
3066 3099 3215 3171 ,ρίζει
3245 3103 3273 3155 ὁ
3312 3101 3511 3173 ποιμὴν
3541 3103 3638 3173 τῆς
3667 3102 3845 3158 διακο-

2286 3191 2421 3252 νίας,
2451 3191 2544 3242 καὶ
2571 3189 2630 3240 ὲν
2665 3188 2742 3260 τῷ
2781 3191 3024 3260 ἐσχάτων
3067 3192 3343 3264 ἀρχαρίων
3384 3181 3705 3249 κατατάττει
3734 3195 3845 3267 χώ-

2286 3300 2390 3354 ρα·
2424 3279 2635 3352 δέχεται
2686 3285 2714 3336 ὁ
2771 3283 2931 3349 καλὸς
2988 3285 3087 3356 τῆς
3123 3285 3235 3358 (59)
3279 3287 3554 3361 ὑπομονῆς
3602 3289 3846 3358 διάκονος

2285 3377 2377 3430 καὶ
2419 3376 2516 3446 τῆς
2565 3376 2852 3448 καρτερίας
2903 3377 3296 3449 άρχιδιάκονος,
3345 3381 3436 3435 τὸν
3481 3381 3574 3435 τοῦ
3625 3383 3849 3454 Πατρδς

2284 3471 2427 3538 ὅρον,
2473 3469 2567 3521 καὶ
2598 3469 2815 3532 ἀλύπως
2847 3469 3040 3534 οὓτως,
3082 3472 3159 3534 ὡς
3191 3473 3381 3543 ἑτέρου
3413 3473 3848 3546 ὲπιτιμηθέντος,

2286 3560 2378 3612 καὶ
2395 3559 2492 3612 οὐκ
2517 3559 2678 3612 αὑτοῦ
2707 3576 2719 3589 ·
2745 3561 3080 3633 πεποιηκότα
3108 3563 3282 3617 τοίνυν
3303 3565 3463 3619 αὐτὸν
3487 3567 3544 3618 ἑν
3570 3567 3634 3636 τῇ
3659 3569 3847 3620 τοιαύ-

2286 3666 2352 3721 τῃ
2379 3652 2525 3718 τάξει
2554 3642 2956 3723 τεσσαράκοντα
2982 3655 3198 3726 ,ἡμέρας
3218 3698 3234 3722 ,
3266 3657 3425 3711 πάλιν
3469 3659 3560 3712 ἐπὶ
3590 3657 3684 3730 τὸν
3717 3659 3848 3714 ἴδιον

2287 3743 2490 3815 βαθμὸν
2530 3745 2770 3814 ἀνήγαγε
2800 3748 2828 3800 ὀ
2855 3747 3016 3816 σοφός
3042 3764 3054 3777 ⁸
3087 3749 3180 3804 καὶ
3206 3749 3271 3820 δὴ
3313 3750 3449 3821 μετά
3480 3750 3608 3822 μίαν
3628 3746 3849 3824 ἡμέραν
3933 3738 3936 3740 ⁷

2285 3837 2607 3889 δυσωπεῖται
2633 3838 2736 3890 ὑπὸ
2763 3837 2856 3892 τοῦ
2881 3839 3252 3911 ἀρχιδιακόνου
3297 3841 3459 3897 πάλιν
3490 3846 3548 3898 ὲν
3572 3847 3638 3916 τῇ
3669 3847 3844 3900 έπιτιο

2291 3932 2407 3999 μία,
2433 3927 2526 3981 καὶ
2545 3931 2608 4000 τῇ
2637 3928 2825 4000 πρώην
2859 3931 3054 4002 ἀτιμία
3080 3933 3434 4004 καταστῆναι,
3460 3939 3638 4008 φήσας
3674 3937 3850 4011 αὐτῷ,

2287 4021 2365 4074 δτι
2392 4020 2518 4092 περὶ
2541 4021 2926 4093 ἀσυγχώρητον
2954 4039 3007 4076 τι
3032 4024 3090 4076 ὲν
3121 4027 3186 4097 τῇ
3218 4027 3368 4080 πόλει
3395 4027 3646 4082 ἐπταισα.
3680 4030 3847 4093 Γνοὺς

2318 4112 2343 4164 ὲ
2372 4114 2400 4166 ό
2421 4113 2562 4174 ὅσιος
2586 4113 2761 4183 ἀληθῆ
2795 4113 2868 4184 μὴ
2905 4113 3084 4183 λέγειν
3106 4117 3279 4188 αὐτῷ,
3309 4117 3441 4172 ἀλλά
3469 4119 3850 4196 ταπεινώσεως

2287 4203 2446 4273 χάριν
2484 4203 2639 4256 τοῦτο
2691 4205 2985 4276 ἐπιζητεῖν,
3029 4201 3138 4272 εἶξε
3170 4211 3235 4279 τῇ
3270 4211 3408 4280 καλῇ
3439 4197 3701 4284 ἐπὶθυμία
3751 4211 3850 4267 τοῦ

2289 4297 2520 4366 ἐργάτου
2546 4311 2559 4324 ·
2589 4299 2683 4351 καὶ
2709 4294 2774 4370 ἦν
2801 4300 2927 4353 ἰδεῖν
2949 4300 3142 4353 πολιὰν
3175 4301 3449 4372 αἰδέσιμον
3475 4305 3534 4358 έν
3556 4309 3622 4376 τῇ
3649 4306 3848 4378 ἀρχαῖ-

2291 4391 2358 4460 κῇ
2384 4387 2512 4460 [τῶν
2532 4390 2830 4463 ἀρχαρίων]
2851 4393 3138 4462 διάγουσαν
3169 4394 3320 4461 τάξει
3340 4413 3353 4427 ·
3379 4399 3472 4452 καὶ
3487 4400 3703 4463 ρπάντας
3722 4400 3849 4455 δυσο

2288 4483 2540 4537 ωποῦσαν
2579 4484 2882 4554 εἰλικρινῶς
2914 4485 3053 4557 ὑπὲρ
3087 4488 3250 4543 αὐτοῦ
3285 4489 3557 4561 εὔχεσθαι.
3607 4493 3849 4566 Ἐπειδὴ,

627 4579 773 4630 tione
799 4585 900 4642 ,_et
937 4577 1126 4630 ordine
1155 4577 1510 4630 venerandam
1540 4577 1910 4631 archidiaconi
1938 4576 2182 4632 canitiem

2297 4575 2482 4644 φησιν,
2512 4578 2591 4639 εἰς
2622 4577 2878 4646 πορνείαν
2912 4581 3196 4651 παρακοῆς
3221 4582 3503 4649 πέπτωκα,
3532 4585 3656 4656 ἐμοὶ
3681 4585 3738 4640 δὲ
3769 4587 3851 4658 τῷ

627 4679 860 4723 stantem
886 4711 902 4732 ,
930 4679 982 4722 et
1009 4668 1250 4722 omnium
1284 4683 1470 4737 preces
1501 4684 1566 4722 ex
1602 4669 1784 4723 animo
1810 4684 1907 4738 pro
1936 4684 1994 4724 se
2029 4683 2190 4738 expe-

628 4768 824 4814 tentem
853 4776 866 4810 :
900 4757 1164 4823 Quoniam
1195 4757 1360 4810 cecidi
1391 4799 1404 4821 ,
1437 4757 1630 4824 inquit,
1669 4758 1722 4811 in
1760 4758 1940 4812 scelus
1978 4768 2031 4812 et
2073 4767 2189 4812 stu-

628 4866 786 4920 prum
843 4849 1236 4904 iunbedientiae.
1278 4849 1405 4902 Mihi
1454 4863 1690 4903 veroex
1749 4851 2038 4919 postremis
2097 4851 2190 4904 uni

630 4956 858 5011 magnus
895 4941 981 4993 ille
1023 4938 1372 4995 Macedonius
1402 4939 1694 4994 affirmavit
1722 4955 1944 4994 causam
1990 4940 2186 5006 fuisse,

629 5047 728 5084 cur
747 5032 811 5083 ad
839 5032 982 5084 illam
1004 5027 1357 5098 abjectiouem
1384 5040 1439 5083 et
1462 5029 1820 5084 humilitatem
1845 5029 1968 5084 vita:
1995 5040 2186 5101 sponte

630 5119 797 5174 animi
842 5123 1136 5191 properarit
1164 5139 1176 5171 :
1203 5120 1356 5186 Quod
1383 5160 1397 5181 ,
1434 5119 1653 5189 inquit,
1704 5136 1982 5190 nunquam
2030 5133 2186 5178 antea

631 5223 832 5265 tantam
857 5213 956 5264 sub
984 5211 1220 5280 religiosi
1251 5212 1373 5264 belli
1399 5209 1540 5264 mole
1569 5209 1877 5266 facilitatem
1901 5213 2188 5276 senserim,

635 5321 734 5357 nec
767 5314 966 5358 tantam
999 5305 1218 5358 luminis
1247 5303 1415 5357 divini
1443 5304 1496 5357 in
1533 5317 1619 5356 me
1644 5302 1963 5358 suavitatem
1995 5315 2049 5357 et
2073 5306 2193 5358 dul-

637 5397 879 5452 cedinem
917 5395 1412 5451 animadverterint.
1458 5397 1815 5468 Angelorum,
1867 5397 2072 5466 inquit,
2108 5406 2192 5452 est

708 5519 786 5579 (α)
816 5514 975 5568 Vetus
1008 5516 1294 5582 interpres,
1321 5528 1426 5567 non
1459 5512 1548 5566 ille
1572 5511 2024 5576 Camaldulensis,
2061 5513 2189 5568 illud

638 5585 951 5652 inexpiabile
972 5585 1133 5638 scelus
1165 5586 1247 5636 his
1272 5584 1447 5636 verbis
1471 5583 1850 5652 interpretatur
1879 5602 1891 5635 :
1921 5582 2189 5636 Gravissi-

640 5671 777 5706 mum
824 5659 1014 5707 unitum
1069 5657 1270 5722 lapsum
1299 5654 1451 5716 dicit,
1504 5656 1628 5720 quia
1687 5653 1876 5721 furtire
1907 5665 1954 5706 et
1993 5657 2190 5707 occulte

639 5725 1354 5778 a'tiiitec’cmtextraordinaria
1369 5740 1431 5776 ωε
1460 5725 1538 5775 Itis
1552 5740 1665 5790 qua:
1687 5722 1937 5775 mtimnlia
1957 5733 2186 5790 portant,

638 5799 771 5860 quod
802 5798 1160 5862 gravissimum
1195 5805 1242 5845 et
1275 5811 1398 5858 pene
1422 5795 1734 5862 inexpiabile
1766 5805 2030 5854 peccatum
2074 5796 2186 5846 (xci—

643 5868 951 5918 stinatbctm-
990 5880 1041 5919 ut
1081 5868 1232 5938 {fe-cet
1264 5880 1479 5933 magnus
1502 5862 1659 5917 Pater
1690 5861 1918 5918 Basilius
1949 5866 2002 5916 in
2047 5867 2186 5929 priu-

2287 4666 2524 4735 ταπεινῷ
2552 4667 2892 4738 τεθάρῤηκεν
2913 4669 2941 4720 ὁ
2969 4669 3141 4738 μέγας
3159 4663 3313 4736 οὗτος
3339 4665 3682 4741 Μακεδόνιος,
3703 4677 3848 4742 τίνος

2288 4757 2444 4829 χάριν
2471 4762 2537 4831 τῇ
2575 4758 2794 4829 τοιαύτῃ
2824 4763 3262 4835 τεταπεινωμὲνῃ
3309 4764 3554 4840 διαγωγῇ
3584 4769 3848 4834 ἑκουσίως

2288 4853 2661 4926 προσέδραμεν
2687 4869 2700 4882 ·
2728 4854 2979 4910 οὐδέποτε
3012 4857 3120 4928 γάρ
3148 4860 3451 4930 κουφσμδν
3479 4860 3653 4926 οὕτως
3688 4862 3847 4916 πολέ-

2291 4963 2390 5014 μου
2428 4947 2647 5010 παντὸς,
2693 4948 2785 5000 καὶ
2830 4949 3005 5018 φωτὸς
3046 4948 3189 5004 θείου
3220 4951 3529 5023 γλυκασμὸν
3573 4956 3634 5007 ἐν
3670 4955 3847 5028 ἑαυτῷ

2291 5037 2366 5099 ώς
2389 5038 2480 5092 νῦν
2524 5039 2784 5110 τεθέαμαι
2831 5042 2963 5112 (40).
3012 5042 3304 5112 ’Δγγέλων,
3347 5047 3502 5120 φησι,
3537 5047 3600 5101 τὸ
3630 5047 3705 5119 μὴ
3752 5049 3845 5102 πί-

2295 5148 2468 5200 πτειν,
2503 5135 2631 5198 ίσως
2668 5137 2761 5188 καὶ
2791 5135 2865 5206 μὴ
2892 5136 3216 5206 δυναμένων,
3249 5139 3325 5204 ὥς
3358 5141 3490 5209 φασί
3527 5158 3669 5205 τινες
3700 5158 3714 5173 ·
3751 5143 3846 5196 ἀνο

2297 5221 2527 5297 ορώπων
2556 5223 2612 5276 δὲ
2633 5224 2692 5276 τὸ
2727 5224 2964 5291 πίπτειν,
2987 5226 3079 5278 καὶ
3104 5227 3295 5282 θᾶττον
3324 5229 3642 5283 ἀνίστασθαι
3675 5231 3845 5290 ’,ὁσά-

2301 5323 2384 5370 κις
2427 5307 2582 5360 τοῦτο
2610 5309 2699 5361 καὶ
2729 5307 2968 5379 συμϐαίη
2995 5325 3008 5339 ·
3045 5309 3309 5382 δαιμόνων
3344 5313 3403 5366 δὲ
3445 5312 3542 5366 καὶ
3579 5314 3759 5384 μόνον,
3788 5316 3845 5370 τὲ

2301 5400 2559 5462 πεσόντας
2595 5401 2668 5469 μὴ
2703 5400 3024 5470 ἐγείρεσθαι.

2287 5515 2423 5587 ςέρὶο
2456 5514 2666 5587 Regula:
2697 5529 2824 5567 ειιίε.
2857 5512 2978 5570 Ilaec
3029 5517 3337 5585 interpretis
3363 5516 3549 5579 verba,
3597 5534 3851 5587 quamvrs

2289 5585 2340 5638 in
2370 5586 2566 5658 _ordine
2591 5599 2844 5658 versuum
2869 5587 3060 5654 posita,
3085 5596 3218 5658 sunt
3249 5596 3426 5658 tamen
3463 5604 3570 5658 non
3599 5585 3849 5658 (llimaei,

2293 5655 2383 5707 sed
2420 5669 2625 5707 merum
2656 5654 2938 5723 glossema,
2981 5657 3203 5725 proinde
3237 5673 3333 5711 nec
3366 5657 3417 5711 in
3449 5656 3652 5715 Graecis
3695 5654 3848 5715 cedi;

2288 5725 2741 5799 ribasleguutur,
2783 5742 2879 5780 nec
2903 5726 3048 5799 apud
3071 5725 3536 5799 Camaldulensem
3565 5731 3850 5799 reperiun-

2289 5808 2393 5867 tur.
2429 5794 2544 5846 Vide
2576 5794 2892 5867 Cassianum
2929 5797 3020 5852 lib.
3058 5810 3130 5862 ιν,
3161 5811 3279 5867 cap.
3319 5798 3400 5864 18,
3432 5807 3487 5854 et
3516 5794 3851 5858 scholiasten

2290 5863 2564 5929 (iamcum,
2598 5863 2726 5918 ibid.
