  <div class='ocr_page' id='page_1' title='image "/cluster/home/n/w/nwhite01/storage/ocr_20150623/88/pst.000005712946/362.png"; bbox 0 0 4048 6338; ppageno 0'>
   <div class='ocr_carea' id='block_1_1' title="bbox 252 432 1836 543">
    <p class='ocr_par' dir='ltr' id='par_1_1' title="bbox 252 432 1836 543">
     <span class='ocr_line' id='line_1_1' title="bbox 252 432 1836 543; baseline -0.004 -2"><span class='ocrx_word' id='word_1_1' title='bbox 252 479 349 543; x_wconf 70' lang='grc' dir='ltr'>ειη</span> <span class='ocrx_word' id='word_1_2' title='bbox 776 488 781 491; x_wconf 43' lang='grc' dir='ltr'><strong>η</strong></span> <span class='ocrx_word' id='word_1_3' title='bbox 879 461 889 471; x_wconf 84' lang='grc'>’</span> <span class='ocrx_word' id='word_1_4' title='bbox 1194 432 1476 538; x_wconf 61' lang='lat' dir='ltr'><strong>&quot;seALA</strong></span> <span class='ocrx_word' id='word_1_5' title='bbox 1505 476 1836 537; x_wconf 79' lang='lat' dir='ltr'><strong>PARADIS]</strong></span> 
     </span>
    </p>
   </div>
   <div class='ocr_carea' id='block_1_2' title="bbox 1925 432 3437 543">
    <p class='ocr_par' dir='ltr' id='par_1_2' title="bbox 1925 451 3437 535">
     <span class='ocr_line' id='line_1_2' title="bbox 1925 451 3437 535; baseline -0.007 0"><span class='ocrx_word' id='word_1_6' title='bbox 1925 498 1971 512; x_wconf 90' lang='lat'>—</span> <span class='ocrx_word' id='word_1_7' title='bbox 1997 474 2300 535; x_wconf 67' lang='lat' dir='ltr'><strong>camus</strong></span> <span class='ocrx_word' id='word_1_8' title='bbox 2332 472 2425 532; x_wconf 85' lang='lat' dir='ltr'><strong>1v.</strong></span> <span class='ocrx_word' id='word_1_9' title='bbox 2992 451 2996 455; x_wconf 70' lang='grc'><em>“</em></span> <span class='ocrx_word' id='word_1_10' title='bbox 3328 463 3437 524; x_wconf 82' lang='lat'><strong>698</strong></span> 
     </span>
    </p>
   </div>
   <div class='ocr_carea' id='block_1_3' title="bbox 253 579 3434 663">
    <p class='ocr_par' dir='ltr' id='par_1_3' title="bbox 253 579 3434 663">
     <span class='ocr_line' id='line_1_3' title="bbox 253 579 3434 663; baseline -0.004 -16"><span class='ocrx_word' id='word_1_11' title='bbox 253 602 534 663; x_wconf 76' lang='lat' dir='ltr'><strong>nunquam</strong></span> <span class='ocrx_word' id='word_1_12' title='bbox 555 591 957 661; x_wconf 85' lang='lat' dir='ltr'><strong>cadere:qnod</strong></span> <span class='ocrx_word' id='word_1_13' title='bbox 984 592 1155 661; x_wconf 86' lang='lat' dir='ltr'><strong>ipsum</strong></span> <span class='ocrx_word' id='word_1_14' title='bbox 1181 588 1428 656; x_wconf 86' lang='lat' dir='ltr'><strong>forte,uti</strong></span> <span class='ocrx_word' id='word_1_15' title='bbox 1490 589 1847 659; x_wconf 88' lang='lat' dir='ltr'><strong>quorumdam</strong></span> <span class='ocrx_word' id='word_1_16' title='bbox 1892 597 1973 642; x_wconf 85' lang='lat' dir='ltr'><strong>est</strong></span> <span class='ocrx_word' id='word_1_17' title='bbox 2015 585 2314 650; x_wconf 77' lang='lat' dir='ltr'><strong>sententia,</strong></span> <span class='ocrx_word' id='word_1_18' title='bbox 2356 597 2451 636; x_wconf 91' lang='lat' dir='ltr'><strong>nec</strong></span> <span class='ocrx_word' id='word_1_19' title='bbox 2496 581 2705 650; x_wconf 88' lang='lat' dir='ltr'><strong>possint</strong></span> <span class='ocrx_word' id='word_1_20' title='bbox 2743 598 2757 634; x_wconf 90' lang='lat'>:</span> <span class='ocrx_word' id='word_1_21' title='bbox 2800 579 3105 633; x_wconf 76' lang='lat' dir='ltr'><strong>mortalium</strong></span> <span class='ocrx_word' id='word_1_22' title='bbox 3153 580 3343 637; x_wconf 82' lang='lat' dir='ltr'><strong>cadere</strong></span> <span class='ocrx_word' id='word_1_23' title='bbox 3380 589 3434 635; x_wconf 92' lang='lat' dir='ltr'><strong>et</strong></span> 
     </span>
    </p>
   </div>
   <div class='ocr_carea' id='block_1_4' title="bbox 255 672 3414 768">
    <p class='ocr_par' dir='ltr' id='par_1_4' title="bbox 255 672 3414 768">
     <span class='ocr_line' id='line_1_4' title="bbox 255 672 3414 768; baseline -0.004 -30"><span class='ocrx_word' id='word_1_24' title='bbox 255 699 384 739; x_wconf 86' lang='lat' dir='ltr'><strong>mox</strong></span> <span class='ocrx_word' id='word_1_25' title='bbox 417 698 739 753; x_wconf 79' lang='lat' dir='ltr'><strong>resurgere,</strong></span> <span class='ocrx_word' id='word_1_26' title='bbox 775 684 1194 754; x_wconf 70' lang='lat' dir='ltr'><strong>quotiescunque</strong></span> <span class='ocrx_word' id='word_1_27' title='bbox 1225 681 1278 735; x_wconf 92' lang='lat' dir='ltr'><strong>id</strong></span> <span class='ocrx_word' id='word_1_28' title='bbox 1311 681 1599 768; x_wconf 70' lang='lat' dir='ltr'><strong>contigerit</strong></span> <span class='ocrx_word' id='word_1_29' title='bbox 1645 698 1663 735; x_wconf 89' lang='lat'><strong>:</strong></span> <span class='ocrx_word' id='word_1_30' title='bbox 1717 682 2021 736; x_wconf 73' lang='lat' dir='ltr'><strong>daemonum</strong></span> <span class='ocrx_word' id='word_1_31' title='bbox 2068 682 2272 742; x_wconf 83' lang='lat' dir='ltr'><strong>solum,</strong></span> <span class='ocrx_word' id='word_1_32' title='bbox 2335 684 2615 747; x_wconf 85' lang='lat' dir='ltr'><strong>postquam</strong></span> <span class='ocrx_word' id='word_1_33' title='bbox 2661 672 2985 738; x_wconf 83' lang='lat' dir='ltr'><strong>ceciderint,</strong></span> <span class='ocrx_word' id='word_1_34' title='bbox 3035 686 3306 741; x_wconf 84' lang='lat' dir='ltr'><strong>nunquam</strong></span> <span class='ocrx_word' id='word_1_35' title='bbox 3338 687 3414 727; x_wconf 88' lang='lat' dir='ltr'><strong>re-</strong></span> 
     </span>
    </p>
   </div>
   <div class='ocr_carea' id='block_1_5' title="bbox 254 792 887 843">
    <p class='ocr_par' dir='ltr' id='par_1_5' title="bbox 254 792 887 843">
     <span class='ocr_line' id='line_1_5' title="bbox 254 792 887 843; baseline -0.013 -11"><span class='ocrx_word' id='word_1_36' title='bbox 254 792 508 843; x_wconf 77' lang='lat' dir='ltr'><strong>surgere.</strong></span> <span class='ocrx_word' id='word_1_37' title='bbox 882 828 887 835; x_wconf 60' lang='grc'><strong>,</strong></span> 
     </span>
    </p>
   </div>
   <div class='ocr_carea' id='block_1_6' title="bbox 348 850 1836 969">
    <p class='ocr_par' dir='ltr' id='par_1_6' title="bbox 348 860 1809 969">
     <span class='ocr_line' id='line_1_6' title="bbox 348 860 1809 969; baseline -0.003 -50"><span class='ocrx_word' id='word_1_38' title='bbox 348 864 405 919; x_wconf 80' lang='grc'><strong>’0</strong></span> <span class='ocrx_word' id='word_1_39' title='bbox 433 865 528 969; x_wconf 68' lang='grc' dir='ltr'>τὴν</span> <span class='ocrx_word' id='word_1_40' title='bbox 553 864 832 969; x_wconf 55' lang='grc' dir='ltr'>,διακονίαν</span> <span class='ocrx_word' id='word_1_41' title='bbox 855 864 953 934; x_wconf 85' lang='grc' dir='ltr'>τῆς</span> <span class='ocrx_word' id='word_1_42' title='bbox 986 862 1151 933; x_wconf 83' lang='grc' dir='ltr'>μονῆς</span> <span class='ocrx_word' id='word_1_43' title='bbox 1214 864 1639 933; x_wconf 80' lang='grc' dir='ltr'><strong>πεπιστευμένος</strong></span> <span class='ocrx_word' id='word_1_44' title='bbox 1667 860 1809 934; x_wconf 83' lang='grc' dir='ltr'><strong>[τοῦ-</strong></span> 
     </span>
    </p>
   </div>
   <div class='ocr_carea' id='block_1_7' title="bbox 1925 850 3442 969">
    <p class='ocr_par' dir='ltr' id='par_1_7' title="bbox 1934 850 3442 969">
     <span class='ocr_line' id='line_1_7' title="bbox 1974 850 3442 927; baseline -0.014 -8"><span class='ocrx_word' id='word_1_45' title='bbox 1974 861 2315 918; x_wconf 75' lang='lat' dir='ltr'><strong>(Economus</strong></span> <span class='ocrx_word' id='word_1_46' title='bbox 2343 858 2573 916; x_wconf 71' lang='lat' dir='ltr'><strong>caenobii</strong></span> <span class='ocrx_word' id='word_1_47' title='bbox 2622 856 2753 927; x_wconf 91' lang='lat' dir='ltr'><strong>(qui</strong></span> <span class='ocrx_word' id='word_1_48' title='bbox 2784 855 2919 908; x_wconf 90' lang='lat' dir='ltr'><strong>alius</strong></span> <span class='ocrx_word' id='word_1_49' title='bbox 2949 868 2979 907; x_wconf 88' lang='lat' dir='ltr'><strong>a</strong></span> <span class='ocrx_word' id='word_1_50' title='bbox 3008 851 3239 907; x_wconf 83' lang='lat' dir='ltr'><strong>diacono</strong></span> <span class='ocrx_word' id='word_1_51' title='bbox 3276 850 3442 905; x_wconf 87' lang='lat' dir='ltr'><strong>fuisse</strong></span> 
     </span>
     <span class='ocr_line' id='line_1_8' title="bbox 1934 943 3411 969; baseline 0.001 -2"><span class='ocrx_word' id='word_1_52' title='bbox 1934 952 2031 969; x_wconf 67' lang='grc' dir='ltr'><strong>σι’-</strong></span> <span class='ocrx_word' id='word_1_53' title='bbox 2123 954 2136 969; x_wconf 70' lang='grc' dir='ltr'><strong>ι</strong></span> <span class='ocrx_word' id='word_1_54' title='bbox 2204 953 2301 969; x_wconf 66' lang='grc' dir='ltr'><strong>ΑΔ</strong></span> <span class='ocrx_word' id='word_1_55' title='bbox 2355 954 2370 969; x_wconf 80' lang='grc' dir='ltr'>ι</span> <span class='ocrx_word' id='word_1_56' title='bbox 2406 965 2450 969; x_wconf 34' lang='grc' dir='ltr'><strong>γ-</strong></span> <span class='ocrx_word' id='word_1_57' title='bbox 2535 951 2586 969; x_wconf 74' lang='lat' dir='ltr'><strong>J-</strong></span> <span class='ocrx_word' id='word_1_58' title='bbox 2653 963 2705 969; x_wconf 77' lang='grc'><strong>--</strong></span> <span class='ocrx_word' id='word_1_59' title='bbox 2762 946 2989 969; x_wconf 31' lang='grc' dir='ltr'><strong>ΩΑιΑ-ιη-</strong></span> <span class='ocrx_word' id='word_1_60' title='bbox 3039 943 3166 969; x_wconf 50' lang='grc' dir='ltr'><strong>...ωε</strong></span> <span class='ocrx_word' id='word_1_61' title='bbox 3216 955 3411 969; x_wconf 59' lang='lat' dir='ltr'><strong>[In-IAM</strong></span> 
     </span>
    </p>
   </div>
   <div class='ocr_carea' id='block_1_8' title="bbox 251 943 1836 1056">
    <p class='ocr_par' dir='ltr' id='par_1_8' title="bbox 251 952 1795 1056">
     <span class='ocr_line' id='line_1_9' title="bbox 251 952 1795 1056; baseline -0.002 -51"><span class='ocrx_word' id='word_1_62' title='bbox 251 953 339 1054; x_wconf 49' lang='grc' dir='ltr'>τί</span> <span class='ocrx_word' id='word_1_63' title='bbox 358 953 819 1056; x_wconf 50' lang='grc' dir='ltr'>μοι],τεθᾶρρηκεο</span> <span class='ocrx_word' id='word_1_64' title='bbox 846 954 981 1006; x_wconf 82' lang='grc' dir='ltr'>Νέου</span> <span class='ocrx_word' id='word_1_65' title='bbox 1010 969 1109 1032; x_wconf 80' lang='grc' dir='ltr'><strong>μου</strong></span> <span class='ocrx_word' id='word_1_66' title='bbox 1148 952 1321 1017; x_wconf 74' lang='grc' dir='ltr'>ὄντος,</span> <span class='ocrx_word' id='word_1_67' title='bbox 1351 954 1502 1023; x_wconf 72' lang='grc' dir='ltr'>φησὶ,</span> <span class='ocrx_word' id='word_1_68' title='bbox 1531 954 1623 1006; x_wconf 80' lang='grc' dir='ltr'>καὶ</span> <span class='ocrx_word' id='word_1_69' title='bbox 1649 957 1706 1007; x_wconf 83' lang='grc' dir='ltr'>ἐν</span> <span class='ocrx_word' id='word_1_70' title='bbox 1731 955 1795 1023; x_wconf 78' lang='grc' dir='ltr'>τῇ</span> 
     </span>
    </p>
   </div>
   <div class='ocr_carea' id='block_1_9' title="bbox 1925 943 3440 1056">
    <p class='ocr_par' dir='ltr' id='par_1_9' title="bbox 1925 943 3440 1056">
     <span class='ocr_line' id='line_1_10' title="bbox 1925 943 3440 1024; baseline -0.011 -15"><span class='ocrx_word' id='word_1_71' title='bbox 1925 952 2140 1020; x_wconf 75' lang='lat' dir='ltr'><strong>&#39;idetur)</strong></span> <span class='ocrx_word' id='word_1_72' title='bbox 2198 953 2307 1024; x_wconf 78' lang='lat'><strong>60</strong></span> <span class='ocrx_word' id='word_1_73' title='bbox 2355 954 2460 1007; x_wconf 88' lang='lat' dir='ltr'><strong>hoc</strong></span> <span class='ocrx_word' id='word_1_74' title='bbox 2525 951 2591 1004; x_wconf 89' lang='lat' dir='ltr'><strong>de</strong></span> <span class='ocrx_word' id='word_1_75' title='bbox 2651 963 2708 1003; x_wconf 91' lang='lat' dir='ltr'><strong>se</strong></span> <span class='ocrx_word' id='word_1_76' title='bbox 2762 946 2989 999; x_wconf 83' lang='lat' dir='ltr'><strong>ﬁdenter</strong></span> <span class='ocrx_word' id='word_1_77' title='bbox 3039 943 3168 996; x_wconf 91' lang='lat' dir='ltr'><strong>mihi</strong></span> <span class='ocrx_word' id='word_1_78' title='bbox 3214 955 3440 996; x_wconf 88' lang='lat' dir='ltr'><strong>concre-</strong></span> 
     </span>
     <span class='ocr_line' id='line_1_11' title="bbox 1925 1030 3414 1056; baseline 0 0"><span class='ocrx_word' id='word_1_79' title='bbox 1925 1048 1947 1056; x_wconf 75' lang='grc' dir='ltr'>ι.</span> <span class='ocrx_word' id='word_1_80' title='bbox 1971 1046 2002 1056; x_wconf 77' lang='grc' dir='ltr'><strong>ι.</strong></span> <span class='ocrx_word' id='word_1_81' title='bbox 2059 1044 2075 1056; x_wconf 71' lang='grc' dir='ltr'><em>ο</em></span> <span class='ocrx_word' id='word_1_82' title='bbox 2119 1044 2166 1056; x_wconf 67' lang='grc' dir='ltr'>ιιι.</span> <span class='ocrx_word' id='word_1_83' title='bbox 2326 1042 2388 1056; x_wconf 59' lang='grc' dir='ltr'><strong>..π</strong></span> <span class='ocrx_word' id='word_1_84' title='bbox 2513 1040 2548 1056; x_wconf 80' lang='lat' dir='ltr'><strong>n</strong></span> <span class='ocrx_word' id='word_1_85' title='bbox 2609 1053 2636 1056; x_wconf 65' lang='lat'><strong>,-</strong></span> <span class='ocrx_word' id='word_1_86' title='bbox 2746 1034 2917 1056; x_wconf 68' lang='lat'><strong>!__--!.</strong></span> <span class='ocrx_word' id='word_1_87' title='bbox 3017 1048 3181 1056; x_wconf 72' lang='grc'><strong>----...</strong></span> <span class='ocrx_word' id='word_1_88' title='bbox 3266 1030 3414 1056; x_wconf 67' lang='grc' dir='ltr'><strong>..ΔΑΙΛ</strong></span> 
     </span>
    </p>
   </div>
   <div class='ocr_carea' id='block_1_10' title="bbox 256 1030 1836 1141">
    <p class='ocr_par' dir='ltr' id='par_1_10' title="bbox 256 1030 1800 1141">
     <span class='ocr_line' id='line_1_12' title="bbox 256 1030 1800 1141; baseline -0.001 -46"><span class='ocrx_word' id='word_1_89' title='bbox 256 1040 379 1095; x_wconf 86' lang='grc' dir='ltr'><strong>τῶν</strong></span> <span class='ocrx_word' id='word_1_90' title='bbox 395 1042 599 1141; x_wconf 71' lang='grc' dir='ltr'>ἀλόγων</span> <span class='ocrx_word' id='word_1_91' title='bbox 628 1043 742 1141; x_wconf 50' lang='grc' dir='ltr'><strong>(αξίῖ</strong></span> <span class='ocrx_word' id='word_1_92' title='bbox 776 1040 1007 1141; x_wconf 63' lang='grc' dir='ltr'>φροντίδι</span> <span class='ocrx_word' id='word_1_93' title='bbox 1044 1030 1334 1110; x_wconf 80' lang='grc' dir='ltr'>διάγοντος,</span> <span class='ocrx_word' id='word_1_94' title='bbox 1382 1043 1577 1111; x_wconf 82' lang='grc' dir='ltr'>συνέϐη</span> <span class='ocrx_word' id='word_1_95' title='bbox 1606 1042 1800 1111; x_wconf 86' lang='grc' dir='ltr'>πτῶμα</span> 
     </span>
    </p>
   </div>
   <div class='ocr_carea' id='block_1_11' title="bbox 1925 1030 3442 1141">
    <p class='ocr_par' dir='ltr' id='par_1_11' title="bbox 1925 1030 3442 1117">
     <span class='ocr_line' id='line_1_13' title="bbox 1925 1030 3442 1117; baseline -0.011 -19"><span class='ocrx_word' id='word_1_96' title='bbox 1925 1042 2443 1117; x_wconf 82' lang='lat' dir='ltr'><strong>lidit[aftirmavit]:</strong></span> <span class='ocrx_word' id='word_1_97' title='bbox 2511 1040 2677 1117; x_wconf 74' lang='lat' dir='ltr'><strong>cum,</strong></span> <span class='ocrx_word' id='word_1_98' title='bbox 2745 1034 2949 1104; x_wconf 85' lang='lat' dir='ltr'><strong>inquit.</strong></span> <span class='ocrx_word' id='word_1_99' title='bbox 3014 1048 3184 1088; x_wconf 91' lang='lat' dir='ltr'><strong>essem</strong></span> <span class='ocrx_word' id='word_1_100' title='bbox 3265 1030 3442 1084; x_wconf 85' lang='lat' dir='ltr'><strong>adole-</strong></span> 
     </span>
    </p>
   </div>
   <div class='ocr_carea' id='block_1_12' title="bbox 257 1113 1836 1236">
    <p class='ocr_par' dir='ltr' id='par_1_12' title="bbox 257 1127 1799 1236">
     <span class='ocr_line' id='line_1_14' title="bbox 257 1127 1799 1236; baseline 0.002 -57"><span class='ocrx_word' id='word_1_101' title='bbox 257 1128 651 1236; x_wconf 40' lang='grc' dir='ltr'>μετενεχθῆναι</span> <span class='ocrx_word' id='word_1_102' title='bbox 671 1127 777 1236; x_wconf 63' lang='grc' dir='ltr'>[είς</span> <span class='ocrx_word' id='word_1_103' title='bbox 801 1128 996 1199; x_wconf 82' lang='grc' dir='ltr'><strong>πτῶμα</strong></span> <span class='ocrx_word' id='word_1_104' title='bbox 1026 1128 1231 1199; x_wconf 79' lang='grc' dir='ltr'><strong>πεσεῖν]</strong></span> <span class='ocrx_word' id='word_1_105' title='bbox 1267 1129 1561 1200; x_wconf 77' lang='grc' dir='ltr'><strong>βαρύτατον</strong></span> <span class='ocrx_word' id='word_1_106' title='bbox 1588 1129 1766 1200; x_wconf 77' lang='grc' dir='ltr'>ψυχῆς</span> <span class='ocrx_word' id='word_1_107' title='bbox 1784 1144 1799 1159; x_wconf 75' lang='grc'><strong>⁸</strong></span> 
     </span>
    </p>
   </div>
   <div class='ocr_carea' id='block_1_13' title="bbox 1925 1113 3439 1236">
    <p class='ocr_par' dir='ltr' id='par_1_13' title="bbox 1925 1113 3439 1236">
     <span class='ocr_line' id='line_1_15' title="bbox 1925 1113 3439 1202; baseline -0.014 -11"><span class='ocrx_word' id='word_1_108' title='bbox 1925 1152 2075 1197; x_wconf 82' lang='lat' dir='ltr'><strong>cens,</strong></span> <span class='ocrx_word' id='word_1_109' title='bbox 2095 1144 2148 1190; x_wconf 91' lang='lat' dir='ltr'><strong>et</strong></span> <span class='ocrx_word' id='word_1_110' title='bbox 2174 1149 2354 1189; x_wconf 91' lang='lat' dir='ltr'><strong>curam</strong></span> <span class='ocrx_word' id='word_1_111' title='bbox 2379 1113 2738 1202; x_wconf 77' lang='lat' dir='ltr'><strong>iumentorum</strong></span> <span class='ocrx_word' id='word_1_112' title='bbox 2769 1126 3043 1187; x_wconf 75' lang='lat' dir='ltr'><strong>haberem,</strong></span> <span class='ocrx_word' id='word_1_113' title='bbox 3074 1122 3269 1178; x_wconf 85' lang='lat' dir='ltr'><strong>accidit</strong></span> <span class='ocrx_word' id='word_1_114' title='bbox 3300 1131 3357 1174; x_wconf 92' lang='lat' dir='ltr'><strong>ut</strong></span> <span class='ocrx_word' id='word_1_115' title='bbox 3386 1120 3439 1171; x_wconf 91' lang='lat' dir='ltr'><strong>in</strong></span> 
     </span>
     <span class='ocr_line' id='line_1_16' title="bbox 2032 1213 3438 1236; baseline 0 0"><span class='ocrx_word' id='word_1_116' title='bbox 2032 1225 2044 1236; x_wconf 75' lang='grc' dir='ltr'>ι</span> <span class='ocrx_word' id='word_1_117' title='bbox 2112 1226 2123 1236; x_wconf 80' lang='grc' dir='ltr'>ι</span> <span class='ocrx_word' id='word_1_118' title='bbox 2363 1222 2375 1233; x_wconf 77' lang='grc' dir='ltr'><strong>ο</strong></span> <span class='ocrx_word' id='word_1_119' title='bbox 2469 1235 2472 1236; x_wconf 66' lang='lat'>,</span> <span class='ocrx_word' id='word_1_120' title='bbox 2525 1233 2568 1236; x_wconf 66' lang='lat'><strong>,_</strong></span> <span class='ocrx_word' id='word_1_121' title='bbox 2593 1233 2695 1236; x_wconf 60' lang='lat'><strong>--,--</strong></span> <span class='ocrx_word' id='word_1_122' title='bbox 2737 1214 3044 1236; x_wconf 66' lang='grc' dir='ltr'><strong>-..-ι-ι--..-..</strong></span> <span class='ocrx_word' id='word_1_123' title='bbox 3094 1213 3229 1236; x_wconf 62' lang='grc' dir='ltr'><strong>,Ἴηηι</strong></span> <span class='ocrx_word' id='word_1_124' title='bbox 3265 1221 3438 1236; x_wconf 67' lang='grc' dir='ltr'><strong>Α-ιΙΔ-ιι</strong></span> 
     </span>
    </p>
   </div>
   <div class='ocr_carea' id='block_1_14' title="bbox 256 1213 1836 1295">
    <p class='ocr_par' dir='ltr' id='par_1_14' title="bbox 256 1219 1805 1291">
     <span class='ocr_line' id='line_1_17' title="bbox 256 1219 1805 1291; baseline 0 -18"><span class='ocrx_word' id='word_1_125' title='bbox 256 1219 402 1290; x_wconf 60' lang='lat' dir='ltr'><strong>ipe?)</strong></span> <span class='ocrx_word' id='word_1_126' title='bbox 437 1221 494 1273; x_wconf 76' lang='grc' dir='ltr'><strong>δὲ</strong></span> <span class='ocrx_word' id='word_1_127' title='bbox 544 1219 965 1291; x_wconf 83' lang='grc' dir='ltr'>σεσυνηθηκότος</span> <span class='ocrx_word' id='word_1_128' title='bbox 1011 1221 1274 1291; x_wconf 83' lang='grc' dir='ltr'>μηδέποτε</span> <span class='ocrx_word' id='word_1_129' title='bbox 1306 1220 1564 1291; x_wconf 73' lang='grc' dir='ltr'><strong>κρύπτειν</strong></span> <span class='ocrx_word' id='word_1_130' title='bbox 1601 1221 1721 1290; x_wconf 76' lang='grc' dir='ltr'>ὅφιν</span> <span class='ocrx_word' id='word_1_131' title='bbox 1745 1223 1805 1274; x_wconf 86' lang='grc' dir='ltr'>ὲν</span> 
     </span>
    </p>
   </div>
   <div class='ocr_carea' id='block_1_15' title="bbox 1925 1213 3439 1295">
    <p class='ocr_par' dir='ltr' id='par_1_15' title="bbox 1925 1213 3439 1290">
     <span class='ocr_line' id='line_1_18' title="bbox 1925 1213 3439 1290; baseline -0.011 -13"><span class='ocrx_word' id='word_1_132' title='bbox 1925 1225 2269 1290; x_wconf 66' lang='lat' dir='ltr'><strong>gravissimam</strong></span> <span class='ocrx_word' id='word_1_133' title='bbox 2293 1222 2483 1276; x_wconf 60' lang='lat' dir='ltr'><strong>animae</strong></span> <span class='ocrx_word' id='word_1_134' title='bbox 2509 1233 2702 1274; x_wconf 92' lang='lat' dir='ltr'><strong>noxam</strong></span> <span class='ocrx_word' id='word_1_135' title='bbox 2736 1214 3062 1285; x_wconf 86' lang='lat' dir='ltr'><strong>prolaberer.</strong></span> <span class='ocrx_word' id='word_1_136' title='bbox 3093 1213 3230 1265; x_wconf 81' lang='lat' dir='ltr'><strong>Cum</strong></span> <span class='ocrx_word' id='word_1_137' title='bbox 3265 1221 3439 1265; x_wconf 87' lang='lat' dir='ltr'><strong>autem</strong></span> 
     </span>
    </p>
   </div>
   <div class='ocr_carea' id='block_1_16' title="bbox 260 1310 1806 1384">
    <p class='ocr_par' dir='ltr' id='par_1_16' title="bbox 260 1310 1806 1384">
     <span class='ocr_line' id='line_1_19' title="bbox 260 1310 1806 1384; baseline 0 -19"><span class='ocrx_word' id='word_1_138' title='bbox 260 1311 461 1381; x_wconf 76' lang='grc' dir='ltr'>φωλεῷ</span> <span class='ocrx_word' id='word_1_139' title='bbox 488 1312 731 1383; x_wconf 81' lang='grc' dir='ltr'><strong>καρδίας,</strong></span> <span class='ocrx_word' id='word_1_140' title='bbox 769 1310 847 1381; x_wconf 87' lang='grc' dir='ltr'>τῷ</span> <span class='ocrx_word' id='word_1_141' title='bbox 889 1311 1054 1382; x_wconf 75' lang='grc' dir='ltr'>ἰατρῷ</span> <span class='ocrx_word' id='word_1_142' title='bbox 1083 1311 1269 1365; x_wconf 79' lang='grc' dir='ltr'>τοῦτον</span> <span class='ocrx_word' id='word_1_143' title='bbox 1297 1312 1394 1380; x_wconf 87' lang='grc' dir='ltr'>τῆς</span> <span class='ocrx_word' id='word_1_144' title='bbox 1434 1313 1629 1384; x_wconf 85' lang='grc' dir='ltr'>κέρκου</span> <span class='ocrx_word' id='word_1_145' title='bbox 1670 1329 1806 1383; x_wconf 79' lang='grc' dir='ltr'>κρα-</span> 
     </span>
    </p>
   </div>
   <div class='ocr_carea' id='block_1_17' title="bbox 266 1393 1803 1475">
    <p class='ocr_par' dir='ltr' id='par_1_17' title="bbox 266 1393 1803 1475">
     <span class='ocr_line' id='line_1_20' title="bbox 266 1393 1803 1475; baseline -0.001 -18"><span class='ocrx_word' id='word_1_146' title='bbox 266 1407 446 1475; x_wconf 69' lang='grc' dir='ltr'>τήσας</span> <span class='ocrx_word' id='word_1_147' title='bbox 489 1403 837 1473; x_wconf 80' lang='grc' dir='ltr'>ἑστηλίτευσα</span> <span class='ocrx_word' id='word_1_148' title='bbox 868 1418 885 1435; x_wconf 85' lang='grc'>⁶</span> <span class='ocrx_word' id='word_1_149' title='bbox 933 1403 1126 1474; x_wconf 82' lang='grc' dir='ltr'>κέρκον</span> <span class='ocrx_word' id='word_1_150' title='bbox 1160 1402 1216 1457; x_wconf 84' lang='grc' dir='ltr'>δὲ</span> <span class='ocrx_word' id='word_1_151' title='bbox 1257 1393 1396 1473; x_wconf 72' lang='grc' dir='ltr'>λέγω</span> <span class='ocrx_word' id='word_1_152' title='bbox 1429 1404 1489 1457; x_wconf 74' lang='grc' dir='ltr'>τὸ</span> <span class='ocrx_word' id='word_1_153' title='bbox 1510 1403 1655 1467; x_wconf 80' lang='grc' dir='ltr'><strong>τέλος</strong></span> <span class='ocrx_word' id='word_1_154' title='bbox 1706 1406 1803 1474; x_wconf 84' lang='grc' dir='ltr'>τῆς</span> 
     </span>
    </p>
   </div>
   <div class='ocr_carea' id='block_1_18' title="bbox 262 1490 1804 1572">
    <p class='ocr_par' dir='ltr' id='par_1_18' title="bbox 262 1490 1804 1572">
     <span class='ocr_line' id='line_1_21' title="bbox 262 1490 1804 1572; baseline -0.002 -26"><span class='ocrx_word' id='word_1_155' title='bbox 262 1493 523 1563; x_wconf 78' lang='grc' dir='ltr'>πράξεως</span> <span class='ocrx_word' id='word_1_156' title='bbox 544 1507 560 1521; x_wconf 78' lang='grc'><strong>⁸</strong></span> <span class='ocrx_word' id='word_1_157' title='bbox 588 1493 618 1545; x_wconf 87' lang='lat'><strong>6</strong></span> <span class='ocrx_word' id='word_1_158' title='bbox 643 1492 699 1545; x_wconf 78' lang='grc' dir='ltr'>δὲ</span> <span class='ocrx_word' id='word_1_159' title='bbox 721 1491 933 1562; x_wconf 80' lang='grc' dir='ltr'><strong>μειδιῶν</strong></span> <span class='ocrx_word' id='word_1_160' title='bbox 963 1490 1039 1561; x_wconf 84' lang='grc' dir='ltr'><strong>τῷ</strong></span> <span class='ocrx_word' id='word_1_161' title='bbox 1066 1490 1336 1572; x_wconf 79' lang='grc' dir='ltr'>προσώπῳ</span> <span class='ocrx_word' id='word_1_162' title='bbox 1369 1492 1530 1562; x_wconf 71' lang='grc' dir='ltr'>φησιν</span> <span class='ocrx_word' id='word_1_163' title='bbox 1552 1491 1685 1562; x_wconf 86' lang='grc' dir='ltr'>πρός</span> <span class='ocrx_word' id='word_1_164' title='bbox 1713 1505 1804 1561; x_wconf 86' lang='grc' dir='ltr'>με·</span> 
     </span>
    </p>
   </div>
   <div class='ocr_carea' id='block_1_19' title="bbox 264 1572 1805 1654">
    <p class='ocr_par' dir='ltr' id='par_1_19' title="bbox 264 1572 1805 1654">
     <span class='ocr_line' id='line_1_22' title="bbox 264 1572 1805 1654; baseline -0.003 -16"><span class='ocrx_word' id='word_1_165' title='bbox 264 1584 479 1647; x_wconf 83' lang='grc' dir='ltr'>Παίσας</span> <span class='ocrx_word' id='word_1_166' title='bbox 517 1601 619 1652; x_wconf 81' lang='grc' dir='ltr'><strong>μου</strong></span> <span class='ocrx_word' id='word_1_167' title='bbox 654 1583 751 1654; x_wconf 81' lang='grc' dir='ltr'>τὴν</span> <span class='ocrx_word' id='word_1_168' title='bbox 794 1572 1035 1650; x_wconf 66' lang='grc' dir='ltr'>σιαγόνα</span> <span class='ocrx_word' id='word_1_169' title='bbox 1056 1583 1324 1654; x_wconf 87' lang='grc' dir='ltr'>μετρίως,</span> <span class='ocrx_word' id='word_1_170' title='bbox 1380 1582 1552 1646; x_wconf 77' lang='grc' dir='ltr'>ἄπιθι,</span> <span class='ocrx_word' id='word_1_171' title='bbox 1601 1582 1805 1646; x_wconf 86' lang='grc' dir='ltr'>τέκνον,</span> 
     </span>
    </p>
   </div>
   <div class='ocr_carea' id='block_1_20' title="bbox 264 1666 1837 1745">
    <p class='ocr_par' dir='ltr' id='par_1_20' title="bbox 264 1666 1837 1745">
     <span class='ocr_line' id='line_1_23' title="bbox 264 1666 1837 1745; baseline 0.001 -19"><span class='ocrx_word' id='word_1_172' title='bbox 264 1674 397 1743; x_wconf 76' lang='grc' dir='ltr'>ἔχου</span> <span class='ocrx_word' id='word_1_173' title='bbox 423 1675 522 1744; x_wconf 84' lang='grc' dir='ltr'><strong>τῆς</strong></span> <span class='ocrx_word' id='word_1_174' title='bbox 549 1673 815 1737; x_wconf 88' lang='grc' dir='ltr'>διακονίας</span> <span class='ocrx_word' id='word_1_175' title='bbox 846 1692 959 1736; x_wconf 88' lang='grc' dir='ltr'>σου,</span> <span class='ocrx_word' id='word_1_176' title='bbox 992 1674 1065 1736; x_wconf 85' lang='grc' dir='ltr'>ὡς</span> <span class='ocrx_word' id='word_1_177' title='bbox 1091 1673 1151 1727; x_wconf 77' lang='grc' dir='ltr'>τὸ</span> <span class='ocrx_word' id='word_1_178' title='bbox 1178 1673 1323 1744; x_wconf 86' lang='grc' dir='ltr'>πρὶν,</span> <span class='ocrx_word' id='word_1_179' title='bbox 1354 1674 1519 1744; x_wconf 82' lang='grc' dir='ltr'>μηδὲν</span> <span class='ocrx_word' id='word_1_180' title='bbox 1553 1673 1612 1727; x_wconf 81' lang='grc' dir='ltr'>τὸ</span> <span class='ocrx_word' id='word_1_181' title='bbox 1638 1666 1837 1745; x_wconf 85' lang='grc' dir='ltr'>παρά--</span> 
     </span>
    </p>
   </div>
   <div class='ocr_carea' id='block_1_21' title="bbox 269 1762 1811 1835">
    <p class='ocr_par' dir='ltr' id='par_1_21' title="bbox 269 1762 1811 1835">
     <span class='ocr_line' id='line_1_24' title="bbox 269 1762 1811 1835; baseline 0.001 -19"><span class='ocrx_word' id='word_1_182' title='bbox 269 1782 382 1817; x_wconf 75' lang='grc' dir='ltr'><strong>παν</strong></span> <span class='ocrx_word' id='word_1_183' title='bbox 423 1764 624 1827; x_wconf 85' lang='grc' dir='ltr'>δεδιώς.</span> <span class='ocrx_word' id='word_1_184' title='bbox 663 1764 801 1832; x_wconf 80' lang='grc' dir='ltr'><strong>Ἐγὼ</strong></span> <span class='ocrx_word' id='word_1_185' title='bbox 846 1763 903 1816; x_wconf 81' lang='grc' dir='ltr'>δὲ</span> <span class='ocrx_word' id='word_1_186' title='bbox 954 1763 1129 1816; x_wconf 77' lang='grc' dir='ltr'>πίστει</span> <span class='ocrx_word' id='word_1_187' title='bbox 1169 1763 1414 1835; x_wconf 82' lang='grc' dir='ltr'>διαπύρῳ</span> <span class='ocrx_word' id='word_1_188' title='bbox 1467 1762 1708 1827; x_wconf 75' lang='grc' dir='ltr'>πεισθεὶς</span> <span class='ocrx_word' id='word_1_189' title='bbox 1752 1767 1811 1817; x_wconf 80' lang='grc' dir='ltr'>ὲν</span> 
     </span>
    </p>
   </div>
   <div class='ocr_carea' id='block_1_22' title="bbox 270 1853 1809 1926">
    <p class='ocr_par' dir='ltr' id='par_1_22' title="bbox 270 1853 1809 1926">
     <span class='ocr_line' id='line_1_25' title="bbox 270 1853 1809 1926; baseline -0.001 -18"><span class='ocrx_word' id='word_1_190' title='bbox 270 1855 555 1925; x_wconf 78' lang='grc' dir='ltr'>βραχείαις</span> <span class='ocrx_word' id='word_1_191' title='bbox 586 1854 815 1923; x_wconf 82' lang='grc' dir='ltr'>ἡμέραις</span> <span class='ocrx_word' id='word_1_192' title='bbox 839 1853 935 1923; x_wconf 83' lang='grc' dir='ltr'>τῆς</span> <span class='ocrx_word' id='word_1_193' title='bbox 960 1854 1147 1916; x_wconf 84' lang='grc' dir='ltr'>ἰάσεως</span> <span class='ocrx_word' id='word_1_194' title='bbox 1166 1853 1526 1926; x_wconf 73' lang='grc' dir='ltr'>πληροφορίαν</span> <span class='ocrx_word' id='word_1_195' title='bbox 1556 1853 1809 1925; x_wconf 84' lang='grc' dir='ltr'>εἰληφὼς,</span> 
     </span>
    </p>
   </div>
   <div class='ocr_carea' id='block_1_23' title="bbox 270 1943 1644 2016">
    <p class='ocr_par' dir='ltr' id='par_1_23' title="bbox 270 1943 1644 2016">
     <span class='ocr_line' id='line_1_26' title="bbox 270 1943 1644 2016; baseline -0.001 -19"><span class='ocrx_word' id='word_1_196' title='bbox 270 1945 495 2014; x_wconf 64' lang='grc' dir='ltr'>ἔτρεχον</span> <span class='ocrx_word' id='word_1_197' title='bbox 520 1943 615 2015; x_wconf 81' lang='grc' dir='ltr'><strong>τήν</strong></span> <span class='ocrx_word' id='word_1_198' title='bbox 639 1943 756 1997; x_wconf 84' lang='grc' dir='ltr'>ὁδόν</span> <span class='ocrx_word' id='word_1_199' title='bbox 786 1959 884 2014; x_wconf 82' lang='grc' dir='ltr'><strong>μου</strong></span> <span class='ocrx_word' id='word_1_200' title='bbox 916 1943 1119 2015; x_wconf 87' lang='grc' dir='ltr'>χαίρων</span> <span class='ocrx_word' id='word_1_201' title='bbox 1157 1944 1272 2014; x_wconf 71' lang='grc' dir='ltr'><strong>ἅμα</strong></span> <span class='ocrx_word' id='word_1_202' title='bbox 1302 1945 1394 1997; x_wconf 75' lang='grc' dir='ltr'><strong>καὶ</strong></span> <span class='ocrx_word' id='word_1_203' title='bbox 1411 1944 1644 2016; x_wconf 80' lang='grc' dir='ltr'><strong>τρέμων.</strong></span> 
     </span>
    </p>
   </div>
   <div class='ocr_carea' id='block_1_24' title="bbox 343 2228 1813 2303">
    <p class='ocr_par' dir='ltr' id='par_1_24' title="bbox 343 2228 1813 2303">
     <span class='ocr_line' id='line_1_27' title="bbox 343 2228 1813 2303; baseline -0.001 -15"><span class='ocrx_word' id='word_1_204' title='bbox 343 2233 621 2303; x_wconf 76' lang='grc' dir='ltr'>Κέκτηται</span> <span class='ocrx_word' id='word_1_205' title='bbox 661 2235 805 2287; x_wconf 77' lang='grc' dir='ltr'>πᾶσα</span> <span class='ocrx_word' id='word_1_206' title='bbox 847 2233 997 2298; x_wconf 79' lang='grc' dir='ltr'>τάξις</span> <span class='ocrx_word' id='word_1_207' title='bbox 1049 2234 1277 2289; x_wconf 83' lang='grc' dir='ltr'>κτιστῶν</span> <span class='ocrx_word' id='word_1_208' title='bbox 1304 2274 1319 2299; x_wconf 90' lang='grc'><strong>,</strong></span> <span class='ocrx_word' id='word_1_209' title='bbox 1366 2232 1441 2299; x_wconf 84' lang='grc' dir='ltr'>ὥς</span> <span class='ocrx_word' id='word_1_210' title='bbox 1483 2228 1611 2303; x_wconf 66' lang='grc' dir='ltr'>ῴασί</span> <span class='ocrx_word' id='word_1_211' title='bbox 1652 2242 1813 2297; x_wconf 83' lang='grc' dir='ltr'>τινες.</span> 
     </span>
    </p>
   </div>
   <div class='ocr_carea' id='block_1_25' title="bbox 269 2319 1818 2409">
    <p class='ocr_par' dir='ltr' id='par_1_25' title="bbox 269 2319 1818 2409">
     <span class='ocr_line' id='line_1_28' title="bbox 269 2319 1818 2409; baseline -0.003 -30"><span class='ocrx_word' id='word_1_212' title='bbox 269 2325 537 2395; x_wconf 70' lang='grc' dir='ltr'>διαφορὰς</span> <span class='ocrx_word' id='word_1_213' title='bbox 559 2323 938 2409; x_wconf 79' lang='grc' dir='ltr'>διαφερόντων.</span> <span class='ocrx_word' id='word_1_214' title='bbox 982 2324 1131 2402; x_wconf 51' lang='grc' dir='ltr'>Ἐπεί</span> <span class='ocrx_word' id='word_1_215' title='bbox 1162 2319 1253 2379; x_wconf 84' lang='grc' dir='ltr'><strong>οὖν</strong></span> <span class='ocrx_word' id='word_1_216' title='bbox 1275 2320 1413 2394; x_wconf 73' lang='grc' dir='ltr'>ἦσαν</span> <span class='ocrx_word' id='word_1_217' title='bbox 1442 2326 1535 2378; x_wconf 72' lang='grc' dir='ltr'><strong>καὶ</strong></span> <span class='ocrx_word' id='word_1_218' title='bbox 1568 2323 1713 2394; x_wconf 79' lang='grc' dir='ltr'>παρὰ</span> <span class='ocrx_word' id='word_1_219' title='bbox 1750 2325 1818 2393; x_wconf 80' lang='grc' dir='ltr'>τῇ</span> 
     </span>
    </p>
   </div>
   <div class='ocr_carea' id='block_1_26' title="bbox 274 2410 1816 2484">
    <p class='ocr_par' dir='ltr' id='par_1_26' title="bbox 274 2410 1816 2484">
     <span class='ocr_line' id='line_1_29' title="bbox 274 2410 1816 2484; baseline -0.003 -16"><span class='ocrx_word' id='word_1_220' title='bbox 274 2415 483 2484; x_wconf 79' lang='grc' dir='ltr'><strong>συνόδῳ</strong></span> <span class='ocrx_word' id='word_1_221' title='bbox 511 2413 617 2466; x_wconf 89' lang='grc' dir='ltr'><strong>τῶν</strong></span> <span class='ocrx_word' id='word_1_222' title='bbox 647 2412 886 2480; x_wconf 80' lang='grc' dir='ltr'><strong>ἀδελφῶν</strong></span> <span class='ocrx_word' id='word_1_223' title='bbox 924 2413 1211 2484; x_wconf 88' lang='grc' dir='ltr'>προκοπῶν</span> <span class='ocrx_word' id='word_1_224' title='bbox 1240 2414 1335 2465; x_wconf 77' lang='grc' dir='ltr'><strong>καὶ</strong></span> <span class='ocrx_word' id='word_1_225' title='bbox 1367 2410 1613 2483; x_wconf 31' lang='grc' dir='ltr'>γνωμῶν.</span> <span class='ocrx_word' id='word_1_226' title='bbox 1632 2412 1816 2478; x_wconf 76' lang='grc' dir='ltr'>διαφο-</span> 
     </span>
    </p>
   </div>
   <div class='ocr_carea' id='block_1_27' title="bbox 278 2502 1819 2581">
    <p class='ocr_par' dir='ltr' id='par_1_27' title="bbox 278 2502 1819 2581">
     <span class='ocr_line' id='line_1_30' title="bbox 278 2502 1819 2581; baseline -0.003 -22"><span class='ocrx_word' id='word_1_227' title='bbox 278 2506 372 2581; x_wconf 78' lang='grc' dir='ltr'><strong>ραί</strong></span> <span class='ocrx_word' id='word_1_228' title='bbox 408 2523 422 2536; x_wconf 92' lang='grc'><strong>·</strong></span> <span class='ocrx_word' id='word_1_229' title='bbox 454 2506 590 2559; x_wconf 75' lang='grc' dir='ltr'>ἐπάν</span> <span class='ocrx_word' id='word_1_230' title='bbox 623 2521 775 2566; x_wconf 83' lang='grc' dir='ltr'>τινας</span> <span class='ocrx_word' id='word_1_231' title='bbox 807 2503 1007 2557; x_wconf 86' lang='grc' dir='ltr'>τούτων</span> <span class='ocrx_word' id='word_1_232' title='bbox 1040 2505 1068 2557; x_wconf 92' lang='grc' dir='ltr'><strong>ὁ</strong></span> <span class='ocrx_word' id='word_1_233' title='bbox 1108 2502 1288 2575; x_wconf 76' lang='grc' dir='ltr'>ἰατρὸς</span> <span class='ocrx_word' id='word_1_234' title='bbox 1336 2502 1695 2572; x_wconf 78' lang='grc' dir='ltr'>φιλενδείκτας</span> <span class='ocrx_word' id='word_1_235' title='bbox 1727 2504 1819 2555; x_wconf 71' lang='grc' dir='ltr'><strong>ἐπὶ</strong></span> 
     </span>
    </p>
   </div>
   <div class='ocr_carea' id='block_1_28' title="bbox 274 2594 1821 2666">
    <p class='ocr_par' dir='ltr' id='par_1_28' title="bbox 274 2594 1821 2666">
     <span class='ocr_line' id='line_1_31' title="bbox 274 2594 1821 2666; baseline -0.004 -14"><span class='ocrx_word' id='word_1_236' title='bbox 274 2601 403 2660; x_wconf 79' lang='grc' dir='ltr'>ταῖς</span> <span class='ocrx_word' id='word_1_237' title='bbox 429 2596 537 2649; x_wconf 90' lang='grc' dir='ltr'><strong>τῶν</strong></span> <span class='ocrx_word' id='word_1_238' title='bbox 564 2594 703 2647; x_wconf 83' lang='grc' dir='ltr'><strong>κατὰ</strong></span> <span class='ocrx_word' id='word_1_239' title='bbox 748 2594 945 2665; x_wconf 76' lang='grc' dir='ltr'>κόσμον</span> <span class='ocrx_word' id='word_1_240' title='bbox 971 2598 1029 2648; x_wconf 85' lang='grc' dir='ltr'><strong>ὲν</strong></span> <span class='ocrx_word' id='word_1_241' title='bbox 1056 2598 1123 2666; x_wconf 83' lang='grc' dir='ltr'>τῇ</span> <span class='ocrx_word' id='word_1_242' title='bbox 1173 2597 1304 2665; x_wconf 81' lang='grc' dir='ltr'>μονῇ</span> <span class='ocrx_word' id='word_1_243' title='bbox 1349 2595 1658 2665; x_wconf 82' lang='grc' dir='ltr'>ὲπιδημίαις</span> <span class='ocrx_word' id='word_1_244' title='bbox 1696 2596 1821 2664; x_wconf 72' lang='grc' dir='ltr'>ὲσηο</span> 
     </span>
    </p>
   </div>
   <div class='ocr_carea' id='block_1_29' title="bbox 281 2683 1819 2757">
    <p class='ocr_par' dir='ltr' id='par_1_29' title="bbox 281 2683 1819 2757">
     <span class='ocr_line' id='line_1_32' title="bbox 281 2683 1819 2757; baseline -0.002 -19"><span class='ocrx_word' id='word_1_245' title='bbox 281 2687 524 2757; x_wconf 50' lang='grc' dir='ltr'>μειοῦτω</span> <span class='ocrx_word' id='word_1_246' title='bbox 563 2684 657 2737; x_wconf 77' lang='grc' dir='ltr'><strong>καὶ</strong></span> <span class='ocrx_word' id='word_1_247' title='bbox 686 2683 907 2747; x_wconf 81' lang='grc' dir='ltr'>τούτους</span> <span class='ocrx_word' id='word_1_248' title='bbox 956 2684 1046 2737; x_wconf 67' lang='grc' dir='ltr'><strong>ἐπὶ</strong></span> <span class='ocrx_word' id='word_1_249' title='bbox 1094 2684 1294 2737; x_wconf 90' lang='grc' dir='ltr'>τούτων</span> <span class='ocrx_word' id='word_1_250' title='bbox 1323 2685 1573 2754; x_wconf 82' lang='grc' dir='ltr'>ἐσχάταις</span> <span class='ocrx_word' id='word_1_251' title='bbox 1612 2684 1819 2755; x_wconf 76' lang='grc' dir='ltr'>ὕϐρεσι,</span> 
     </span>
    </p>
   </div>
   <div class='ocr_carea' id='block_1_30' title="bbox 277 2776 1823 2849">
    <p class='ocr_par' dir='ltr' id='par_1_30' title="bbox 277 2776 1823 2849">
     <span class='ocr_line' id='line_1_33' title="bbox 277 2776 1823 2849; baseline -0.004 -15"><span class='ocrx_word' id='word_1_252' title='bbox 277 2780 380 2835; x_wconf 71' lang='grc' dir='ltr'><strong>καὶ</strong></span> <span class='ocrx_word' id='word_1_253' title='bbox 406 2777 699 2839; x_wconf 79' lang='grc' dir='ltr'>διακονίαις</span> <span class='ocrx_word' id='word_1_254' title='bbox 728 2777 1072 2848; x_wconf 82' lang='grc' dir='ltr'>ἁτιμοτέραις</span> <span class='ocrx_word' id='word_1_255' title='bbox 1108 2777 1357 2849; x_wconf 62' lang='grc' dir='ltr'>[ἐνώπιον</span> <span class='ocrx_word' id='word_1_256' title='bbox 1391 2776 1633 2849; x_wconf 79' lang='grc' dir='ltr'>ἐκείνων]</span> <span class='ocrx_word' id='word_1_257' title='bbox 1673 2793 1823 2846; x_wconf 79' lang='grc' dir='ltr'>περι-</span> 
     </span>
    </p>
   </div>
   <div class='ocr_carea' id='block_1_31' title="bbox 276 2868 1825 2939">
    <p class='ocr_par' dir='ltr' id='par_1_31' title="bbox 276 2868 1825 2939">
     <span class='ocr_line' id='line_1_34' title="bbox 276 2868 1825 2939; baseline -0.002 -14"><span class='ocrx_word' id='word_1_258' title='bbox 276 2871 510 2927; x_wconf 75' lang='grc' dir='ltr'>ἐσαλλεν</span> <span class='ocrx_word' id='word_1_259' title='bbox 544 2887 558 2901; x_wconf 90' lang='grc'><strong>·</strong></span> <span class='ocrx_word' id='word_1_260' title='bbox 598 2868 735 2922; x_wconf 81' lang='grc' dir='ltr'>ὥστε</span> <span class='ocrx_word' id='word_1_261' title='bbox 772 2868 953 2922; x_wconf 74' lang='grc' dir='ltr'>λοιπὸν</span> <span class='ocrx_word' id='word_1_262' title='bbox 996 2868 1262 2938; x_wconf 89' lang='grc' dir='ltr'>δρομαίως</span> <span class='ocrx_word' id='word_1_263' title='bbox 1306 2869 1621 2938; x_wconf 84' lang='grc' dir='ltr'>ὑποχωρεῖν.</span> <span class='ocrx_word' id='word_1_264' title='bbox 1664 2869 1825 2939; x_wconf 76' lang='grc' dir='ltr'>ἡνίκα</span> 
     </span>
    </p>
   </div>
   <div class='ocr_carea' id='block_1_32' title="bbox 276 2955 1821 3028">
    <p class='ocr_par' dir='ltr' id='par_1_32' title="bbox 276 2955 1821 3028">
     <span class='ocr_line' id='line_1_35' title="bbox 276 2955 1821 3028; baseline -0.003 -14"><span class='ocrx_word' id='word_1_265' title='bbox 276 2962 325 3014; x_wconf 81' lang='grc' dir='ltr'>δ’</span> <span class='ocrx_word' id='word_1_266' title='bbox 364 2959 433 3028; x_wconf 75' lang='grc' dir='ltr'>ᾇν</span> <span class='ocrx_word' id='word_1_267' title='bbox 459 2974 616 3011; x_wconf 90' lang='grc' dir='ltr'>τινων</span> <span class='ocrx_word' id='word_1_268' title='bbox 656 2955 762 3008; x_wconf 86' lang='grc' dir='ltr'><strong>τῶν</strong></span> <span class='ocrx_word' id='word_1_269' title='bbox 802 2955 941 3010; x_wconf 81' lang='grc' dir='ltr'>κατὰ</span> <span class='ocrx_word' id='word_1_270' title='bbox 986 2956 1187 3026; x_wconf 80' lang='grc' dir='ltr'>κόσμον</span> <span class='ocrx_word' id='word_1_271' title='bbox 1235 2956 1521 3026; x_wconf 69' lang='grc' dir='ltr'>ἐπιδημίαν</span> <span class='ocrx_word' id='word_1_272' title='bbox 1561 2957 1781 3010; x_wconf 77' lang='grc' dir='ltr'>ἔϐλεπον</span> <span class='ocrx_word' id='word_1_273' title='bbox 1806 2974 1821 2988; x_wconf 69' lang='grc' dir='ltr'><strong>θ</strong></span> 
     </span>
    </p>
   </div>
   <div class='ocr_carea' id='block_1_33' title="bbox 275 3045 1826 3117">
    <p class='ocr_par' dir='ltr' id='par_1_33' title="bbox 275 3045 1826 3117">
     <span class='ocr_line' id='line_1_36' title="bbox 275 3045 1826 3117; baseline -0.005 -12"><span class='ocrx_word' id='word_1_274' title='bbox 275 3052 381 3105; x_wconf 70' lang='lat' dir='ltr'><strong>ata&#39;t</strong></span> <span class='ocrx_word' id='word_1_275' title='bbox 420 3045 489 3102; x_wconf 71' lang='grc' dir='ltr'>ἦν</span> <span class='ocrx_word' id='word_1_276' title='bbox 543 3046 742 3101; x_wconf 82' lang='grc' dir='ltr'>ίδέσθαι</span> <span class='ocrx_word' id='word_1_277' title='bbox 776 3046 1044 3117; x_wconf 79' lang='grc' dir='ltr'>ὑπερφυὲς</span> <span class='ocrx_word' id='word_1_278' title='bbox 1087 3046 1151 3099; x_wconf 86' lang='grc' dir='ltr'><strong>τδ</strong></span> <span class='ocrx_word' id='word_1_279' title='bbox 1183 3045 1481 3115; x_wconf 87' lang='grc' dir='ltr'>γινόμενον.</span> <span class='ocrx_word' id='word_1_280' title='bbox 1529 3045 1693 3115; x_wconf 76' lang='grc' dir='ltr'>αὐτὴν</span> <span class='ocrx_word' id='word_1_281' title='bbox 1728 3046 1826 3116; x_wconf 79' lang='grc' dir='ltr'><strong>τὴν</strong></span> 
     </span>
    </p>
   </div>
   <div class='ocr_carea' id='block_1_34' title="bbox 277 3135 1827 3211">
    <p class='ocr_par' dir='ltr' id='par_1_34' title="bbox 277 3135 1827 3211">
     <span class='ocr_line' id='line_1_37' title="bbox 277 3135 1827 3211; baseline -0.007 -14"><span class='ocrx_word' id='word_1_282' title='bbox 277 3140 586 3206; x_wconf 75' lang='grc' dir='ltr'>κενοδοξίαν</span> <span class='ocrx_word' id='word_1_283' title='bbox 614 3140 808 3211; x_wconf 77' lang='grc' dir='ltr'>ἑαυτὴν</span> <span class='ocrx_word' id='word_1_284' title='bbox 845 3137 1221 3201; x_wconf 80' lang='grc' dir='ltr'>ἐκδιὼκουσαν,</span> <span class='ocrx_word' id='word_1_285' title='bbox 1256 3136 1351 3189; x_wconf 78' lang='grc' dir='ltr'>καὶ</span> <span class='ocrx_word' id='word_1_286' title='bbox 1385 3135 1492 3189; x_wconf 90' lang='grc' dir='ltr'><strong>τῶν</strong></span> <span class='ocrx_word' id='word_1_287' title='bbox 1528 3135 1827 3205; x_wconf 78' lang='grc' dir='ltr'>ἀνθρώπων</span> 
     </span>
    </p>
   </div>
   <div class='ocr_carea' id='block_1_35' title="bbox 279 3224 1830 3300">
    <p class='ocr_par' dir='ltr' id='par_1_35' title="bbox 279 3224 1830 3300">
     <span class='ocr_line' id='line_1_38' title="bbox 279 3224 1830 3300; baseline -0.005 -15"><span class='ocrx_word' id='word_1_288' title='bbox 279 3230 761 3300; x_wconf 79' lang='grc' dir='ltr'>ἀποκρύπτουσαν.</span> <span class='ocrx_word' id='word_1_289' title='bbox 792 3227 882 3298; x_wconf 80' lang='grc' dir='ltr'><strong>Μὴ</strong></span> <span class='ocrx_word' id='word_1_290' title='bbox 916 3225 1169 3297; x_wconf 81' lang='grc' dir='ltr'>στερῆσαι</span> <span class='ocrx_word' id='word_1_291' title='bbox 1213 3243 1278 3297; x_wconf 91' lang='grc' dir='ltr'><strong>με</strong></span> <span class='ocrx_word' id='word_1_292' title='bbox 1311 3224 1510 3296; x_wconf 78' lang='grc' dir='ltr'>Κύριος</span> <span class='ocrx_word' id='word_1_293' title='bbox 1544 3226 1688 3278; x_wconf 82' lang='grc' dir='ltr'>ὁσίου</span> <span class='ocrx_word' id='word_1_294' title='bbox 1717 3226 1830 3277; x_wconf 85' lang='grc' dir='ltr'><strong>Πα-</strong></span> 
     </span>
    </p>
   </div>
   <div class='ocr_carea' id='block_1_36' title="bbox 280 3314 1831 3394">
    <p class='ocr_par' dir='ltr' id='par_1_36' title="bbox 280 3314 1831 3394">
     <span class='ocr_line' id='line_1_39' title="bbox 280 3314 1831 3394; baseline -0.008 -19"><span class='ocrx_word' id='word_1_295' title='bbox 280 3323 413 3394; x_wconf 73' lang='grc' dir='ltr'>τρὸς</span> <span class='ocrx_word' id='word_1_296' title='bbox 459 3320 624 3391; x_wconf 81' lang='grc' dir='ltr'>εὐχῆς</span> <span class='ocrx_word' id='word_1_297' title='bbox 673 3318 1006 3390; x_wconf 83' lang='grc' dir='ltr'>βουλόμενός,</span> <span class='ocrx_word' id='word_1_298' title='bbox 1063 3318 1167 3389; x_wconf 74' lang='grc' dir='ltr'>πρὸ</span> <span class='ocrx_word' id='word_1_299' title='bbox 1214 3317 1343 3387; x_wconf 81' lang='grc' dir='ltr'>μιᾶς</span> <span class='ocrx_word' id='word_1_300' title='bbox 1393 3316 1682 3386; x_wconf 76' lang='grc' dir='ltr'>ἑϐδομάδος</span> <span class='ocrx_word' id='word_1_301' title='bbox 1733 3314 1831 3385; x_wconf 84' lang='grc' dir='ltr'>τῆς</span> 
     </span>
    </p>
   </div>
   <div class='ocr_carea' id='block_1_37' title="bbox 280 3402 1832 3481">
    <p class='ocr_par' dir='ltr' id='par_1_37' title="bbox 280 3402 1832 3481">
     <span class='ocr_line' id='line_1_40' title="bbox 280 3402 1832 3481; baseline -0.006 -18"><span class='ocrx_word' id='word_1_302' title='bbox 280 3412 425 3481; x_wconf 70' lang='grc' dir='ltr'><strong>ιμῆς</strong></span> <span class='ocrx_word' id='word_1_303' title='bbox 499 3409 595 3462; x_wconf 82' lang='grc' dir='ltr'>τοῦ</span> <span class='ocrx_word' id='word_1_304' title='bbox 676 3408 823 3461; x_wconf 79' lang='grc' dir='ltr'>ὁσίου</span> <span class='ocrx_word' id='word_1_305' title='bbox 899 3407 1064 3459; x_wconf 86' lang='grc' dir='ltr'>τόπου</span> <span class='ocrx_word' id='word_1_306' title='bbox 1147 3405 1464 3471; x_wconf 68' lang='grc' dir='ltr'>ἐξελεύσεως</span> <span class='ocrx_word' id='word_1_307' title='bbox 1500 3444 1516 3470; x_wconf 87' lang='grc'><strong>,</strong></span> <span class='ocrx_word' id='word_1_308' title='bbox 1574 3402 1832 3475; x_wconf 77' lang='grc' dir='ltr'>προσελά-</span> 
     </span>
    </p>
   </div>
   <div class='ocr_carea' id='block_1_38' title="bbox 281 3493 1898 3592">
    <p class='ocr_par' dir='ltr' id='par_1_38' title="bbox 281 3493 1898 3592">
     <span class='ocr_line' id='line_1_41' title="bbox 281 3493 1898 3592; baseline -0.005 -38"><span class='ocrx_word' id='word_1_309' title='bbox 281 3502 413 3554; x_wconf 72' lang='grc' dir='ltr'>εετο</span> <span class='ocrx_word' id='word_1_310' title='bbox 470 3500 563 3553; x_wconf 75' lang='grc' dir='ltr'>τὸν</span> <span class='ocrx_word' id='word_1_311' title='bbox 617 3499 685 3552; x_wconf 77' lang='grc' dir='ltr'>τὰ</span> <span class='ocrx_word' id='word_1_312' title='bbox 749 3498 971 3567; x_wconf 81' lang='grc' dir='ltr'>δεύτερα</span> <span class='ocrx_word' id='word_1_313' title='bbox 1040 3493 1130 3549; x_wconf 80' lang='grc' dir='ltr'>τοῦ</span> <span class='ocrx_word' id='word_1_314' title='bbox 1186 3495 1436 3562; x_wconf 78' lang='grc' dir='ltr'>ποιμένος</span> <span class='ocrx_word' id='word_1_315' title='bbox 1532 3495 1779 3549; x_wconf 81' lang='grc' dir='ltr'>διέποντα</span> <span class='ocrx_word' id='word_1_316' title='bbox 1813 3534 1828 3558; x_wconf 91' lang='grc'><strong>,</strong></span> <span class='ocrx_word' id='word_1_317' title='bbox 1857 3536 1898 3592; x_wconf 77' lang='lat' dir='ltr'><strong><em>C</em></strong></span> 
     </span>
    </p>
   </div>
   <div class='ocr_carea' id='block_1_39' title="bbox 282 3586 1834 3661">
    <p class='ocr_par' dir='ltr' id='par_1_39' title="bbox 282 3586 1834 3661">
     <span class='ocr_line' id='line_1_42' title="bbox 282 3586 1834 3661; baseline -0.006 -13"><span class='ocrx_word' id='word_1_318' title='bbox 282 3593 456 3660; x_wconf 79' lang='grc' dir='ltr'>ἄνδρα</span> <span class='ocrx_word' id='word_1_319' title='bbox 523 3590 869 3661; x_wconf 80' lang='grc' dir='ltr'>θαυμαστὸν,</span> <span class='ocrx_word' id='word_1_320' title='bbox 954 3588 1141 3657; x_wconf 79' lang='grc' dir='ltr'>Μηνᾶν</span> <span class='ocrx_word' id='word_1_321' title='bbox 1188 3586 1439 3657; x_wconf 74' lang='grc' dir='ltr'>τοῦνομα,</span> <span class='ocrx_word' id='word_1_322' title='bbox 1505 3589 1834 3656; x_wconf 84' lang='grc' dir='ltr'>πεντήκοντα</span> 
     </span>
    </p>
   </div>
   <div class='ocr_carea' id='block_1_40' title="bbox 282 3676 1835 3750">
    <p class='ocr_par' dir='ltr' id='par_1_40' title="bbox 282 3676 1835 3750">
     <span class='ocr_line' id='line_1_43' title="bbox 282 3676 1835 3750; baseline -0.005 -15"><span class='ocrx_word' id='word_1_323' title='bbox 282 3683 440 3736; x_wconf 77' lang='grc' dir='ltr'>ἐννέα</span> <span class='ocrx_word' id='word_1_324' title='bbox 468 3680 560 3750; x_wconf 80' lang='grc' dir='ltr'>ἔτη</span> <span class='ocrx_word' id='word_1_325' title='bbox 585 3681 773 3750; x_wconf 77' lang='grc' dir='ltr'>ἔχοντα</span> <span class='ocrx_word' id='word_1_326' title='bbox 794 3680 849 3731; x_wconf 80' lang='grc' dir='ltr'>ὲν</span> <span class='ocrx_word' id='word_1_327' title='bbox 868 3676 943 3749; x_wconf 80' lang='grc' dir='ltr'><strong>τῷ</strong></span> <span class='ocrx_word' id='word_1_328' title='bbox 965 3677 1225 3745; x_wconf 74' lang='grc' dir='ltr'>κοινοϐίῳ,</span> <span class='ocrx_word' id='word_1_329' title='bbox 1248 3677 1429 3729; x_wconf 84' lang='grc' dir='ltr'>λοιπὸν</span> <span class='ocrx_word' id='word_1_330' title='bbox 1451 3676 1835 3747; x_wconf 82' lang='grc' dir='ltr'>διακονήσαντα</span> 
     </span>
    </p>
   </div>
   <div class='ocr_carea' id='block_1_41' title="bbox 284 3766 1835 3842">
    <p class='ocr_par' dir='ltr' id='par_1_41' title="bbox 284 3766 1835 3842">
     <span class='ocr_line' id='line_1_44' title="bbox 284 3766 1835 3842; baseline -0.006 -13"><span class='ocrx_word' id='word_1_331' title='bbox 284 3779 469 3829; x_wconf 78' lang='grc' dir='ltr'>πᾶσαν</span> <span class='ocrx_word' id='word_1_332' title='bbox 497 3773 785 3827; x_wconf 79' lang='grc' dir='ltr'>διακονίαν.</span> <span class='ocrx_word' id='word_1_333' title='bbox 825 3772 904 3842; x_wconf 81' lang='grc' dir='ltr'><strong>Τῇ</strong></span> <span class='ocrx_word' id='word_1_334' title='bbox 933 3766 1022 3824; x_wconf 80' lang='grc' dir='ltr'><strong>οὖν</strong></span> <span class='ocrx_word' id='word_1_335' title='bbox 1051 3770 1229 3840; x_wconf 76' lang='grc' dir='ltr'>ἡμέρᾳ</span> <span class='ocrx_word' id='word_1_336' title='bbox 1255 3772 1318 3840; x_wconf 81' lang='grc' dir='ltr'>τῇ</span> <span class='ocrx_word' id='word_1_337' title='bbox 1353 3769 1527 3841; x_wconf 81' lang='grc' dir='ltr'>τρίτῃ,</span> <span class='ocrx_word' id='word_1_338' title='bbox 1567 3768 1719 3839; x_wconf 82' lang='grc' dir='ltr'>ήμῶν</span> <span class='ocrx_word' id='word_1_339' title='bbox 1747 3766 1835 3820; x_wconf 83' lang='grc' dir='ltr'><strong>τὸν</strong></span> 
     </span>
    </p>
   </div>
   <div class='ocr_carea' id='block_1_42' title="bbox 286 3857 1836 3937">
    <p class='ocr_par' dir='ltr' id='par_1_42' title="bbox 286 3857 1836 3937">
     <span class='ocr_line' id='line_1_45' title="bbox 286 3857 1836 3937; baseline -0.007 -17"><span class='ocrx_word' id='word_1_340' title='bbox 286 3866 494 3937; x_wconf 80' lang='grc' dir='ltr'>συνήθη</span> <span class='ocrx_word' id='word_1_341' title='bbox 531 3863 727 3917; x_wconf 84' lang='grc' dir='ltr'>κανόνα</span> <span class='ocrx_word' id='word_1_342' title='bbox 754 3865 849 3933; x_wconf 82' lang='grc' dir='ltr'>τῆς</span> <span class='ocrx_word' id='word_1_343' title='bbox 884 3860 977 3914; x_wconf 81' lang='grc' dir='ltr'>τοῦ</span> <span class='ocrx_word' id='word_1_344' title='bbox 1017 3861 1159 3913; x_wconf 83' lang='grc' dir='ltr'>ὁσίου</span> <span class='ocrx_word' id='word_1_345' title='bbox 1197 3860 1500 3931; x_wconf 81' lang='grc' dir='ltr'>κοιμήσεως</span> <span class='ocrx_word' id='word_1_346' title='bbox 1537 3857 1836 3911; x_wconf 82' lang='grc' dir='ltr'>ἐπιτελούν-</span> 
     </span>
    </p>
   </div>
   <div class='ocr_carea' id='block_1_43' title="bbox 283 3942 1838 4023">
    <p class='ocr_par' dir='ltr' id='par_1_43' title="bbox 283 3942 1838 4023">
     <span class='ocr_line' id='line_1_46' title="bbox 283 3942 1838 4023; baseline -0.008 -12"><span class='ocrx_word' id='word_1_347' title='bbox 283 3974 418 4020; x_wconf 88' lang='grc' dir='ltr'>των,</span> <span class='ocrx_word' id='word_1_348' title='bbox 446 3953 705 4023; x_wconf 73' lang='grc' dir='ltr'>ἐξαίφνης</span> <span class='ocrx_word' id='word_1_349' title='bbox 728 3950 1068 4015; x_wconf 78' lang='grc' dir='ltr'>εύωδιάζεται</span> <span class='ocrx_word' id='word_1_350' title='bbox 1095 3951 1213 4014; x_wconf 88' lang='grc' dir='ltr'>ὁλος</span> <span class='ocrx_word' id='word_1_351' title='bbox 1231 3951 1260 4001; x_wconf 93' lang='lat'><strong>6</strong></span> <span class='ocrx_word' id='word_1_352' title='bbox 1286 3950 1476 4020; x_wconf 85' lang='grc' dir='ltr'>χῶρος,</span> <span class='ocrx_word' id='word_1_353' title='bbox 1507 3951 1564 4000; x_wconf 86' lang='grc' dir='ltr'>ὲν</span> <span class='ocrx_word' id='word_1_354' title='bbox 1582 3942 1624 4014; x_wconf 75' lang='grc' dir='ltr'><strong>ᾧ</strong></span> <span class='ocrx_word' id='word_1_355' title='bbox 1649 3949 1676 4000; x_wconf 96' lang='lat'><strong>6</strong></span> <span class='ocrx_word' id='word_1_356' title='bbox 1695 3950 1838 4009; x_wconf 85' lang='grc' dir='ltr'>ὅσιος</span> 
     </span>
    </p>
   </div>
   <div class='ocr_carea' id='block_1_44' title="bbox 287 4034 1836 4115">
    <p class='ocr_par' dir='ltr' id='par_1_44' title="bbox 287 4034 1836 4115">
     <span class='ocr_line' id='line_1_47' title="bbox 287 4034 1836 4115; baseline -0.008 -11"><span class='ocrx_word' id='word_1_357' title='bbox 287 4049 592 4104; x_wconf 84' lang='grc' dir='ltr'>κατέκειτο.</span> <span class='ocrx_word' id='word_1_358' title='bbox 634 4044 953 4115; x_wconf 76' lang='grc' dir='ltr'>Ἐπέτρεψεν</span> <span class='ocrx_word' id='word_1_359' title='bbox 1011 4039 1101 4098; x_wconf 80' lang='grc' dir='ltr'><strong>οὖν</strong></span> <span class='ocrx_word' id='word_1_360' title='bbox 1126 4046 1155 4097; x_wconf 89' lang='lat'><strong>6</strong></span> <span class='ocrx_word' id='word_1_361' title='bbox 1185 4042 1355 4113; x_wconf 79' lang='grc' dir='ltr'>μέγας</span> <span class='ocrx_word' id='word_1_362' title='bbox 1395 4043 1513 4112; x_wconf 78' lang='grc' dir='ltr'>τὴν,</span> <span class='ocrx_word' id='word_1_363' title='bbox 1547 4044 1603 4093; x_wconf 85' lang='grc' dir='ltr'>ἐν</span> <span class='ocrx_word' id='word_1_364' title='bbox 1706 4058 1836 4093; x_wconf 67' lang='grc' dir='ltr'>κατα</span> 
     </span>
    </p>
   </div>
   <div class='ocr_carea' id='block_1_45' title="bbox 288 4130 1837 4212">
    <p class='ocr_par' dir='ltr' id='par_1_45' title="bbox 288 4130 1837 4212">
     <span class='ocr_line' id='line_1_48' title="bbox 288 4130 1837 4212; baseline -0.01 -15"><span class='ocrx_word' id='word_1_365' title='bbox 288 4142 475 4212; x_wconf 76' lang='grc' dir='ltr'>ετέθη,</span> <span class='ocrx_word' id='word_1_366' title='bbox 506 4140 680 4210; x_wconf 84' lang='grc' dir='ltr'>θήκην</span> <span class='ocrx_word' id='word_1_367' title='bbox 713 4139 742 4190; x_wconf 91' lang='grc' dir='ltr'><strong>ὁ</strong></span> <span class='ocrx_word' id='word_1_368' title='bbox 770 4138 912 4199; x_wconf 83' lang='grc' dir='ltr'>ὅσιος</span> <span class='ocrx_word' id='word_1_369' title='bbox 941 4135 1315 4190; x_wconf 80' lang='grc' dir='ltr'>ἁποσκεπὰσαι</span> <span class='ocrx_word' id='word_1_370' title='bbox 1342 4134 1506 4203; x_wconf 79' lang='grc' dir='ltr'>ἡμᾶς·</span> <span class='ocrx_word' id='word_1_371' title='bbox 1530 4132 1623 4185; x_wconf 72' lang='grc' dir='ltr'><strong>καὶ</strong></span> <span class='ocrx_word' id='word_1_372' title='bbox 1653 4130 1837 4184; x_wconf 79' lang='grc' dir='ltr'>τούτου</span> 
     </span>
    </p>
   </div>
   <div class='ocr_carea' id='block_1_46' title="bbox 286 4224 1840 4304">
    <p class='ocr_par' dir='ltr' id='par_1_46' title="bbox 286 4224 1840 4304">
     <span class='ocr_line' id='line_1_49' title="bbox 286 4224 1840 4304; baseline -0.009 -16"><span class='ocrx_word' id='word_1_373' title='bbox 286 4232 601 4304; x_wconf 80' lang='grc' dir='ltr'>γενομένου,</span> <span class='ocrx_word' id='word_1_374' title='bbox 630 4230 842 4301; x_wconf 86' lang='grc' dir='ltr'>ὁρῶμεν</span> <span class='ocrx_word' id='word_1_375' title='bbox 864 4230 1059 4293; x_wconf 80' lang='grc' dir='ltr'>πάντες</span> <span class='ocrx_word' id='word_1_376' title='bbox 1087 4231 1149 4281; x_wconf 86' lang='grc' dir='ltr'>ὲκ</span> <span class='ocrx_word' id='word_1_377' title='bbox 1180 4226 1286 4280; x_wconf 87' lang='grc' dir='ltr'><strong>τῶν</strong></span> <span class='ocrx_word' id='word_1_378' title='bbox 1313 4226 1472 4280; x_wconf 80' lang='grc' dir='ltr'>αὐτοῦ</span> <span class='ocrx_word' id='word_1_379' title='bbox 1500 4225 1691 4295; x_wconf 81' lang='grc' dir='ltr'>τιμίων</span> <span class='ocrx_word' id='word_1_380' title='bbox 1714 4224 1840 4276; x_wconf 90' lang='grc' dir='ltr'>πελ-</span> 
     </span>
    </p>
   </div>
   <div class='ocr_carea' id='block_1_47' title="bbox 292 4316 1840 4396">
    <p class='ocr_par' dir='ltr' id='par_1_47' title="bbox 292 4316 1840 4396">
     <span class='ocr_line' id='line_1_50' title="bbox 292 4316 1840 4396; baseline -0.006 -19"><span class='ocrx_word' id='word_1_381' title='bbox 292 4326 479 4396; x_wconf 76' lang='grc' dir='ltr'>μάτων</span> <span class='ocrx_word' id='word_1_382' title='bbox 508 4321 662 4391; x_wconf 76' lang='grc' dir='ltr'>δίκην</span> <span class='ocrx_word' id='word_1_383' title='bbox 690 4319 780 4373; x_wconf 89' lang='grc' dir='ltr'><strong>δύο</strong></span> <span class='ocrx_word' id='word_1_384' title='bbox 807 4320 995 4391; x_wconf 80' lang='grc' dir='ltr'>πηγῶν</span> <span class='ocrx_word' id='word_1_385' title='bbox 1026 4319 1121 4390; x_wconf 78' lang='grc' dir='ltr'>τὴν</span> <span class='ocrx_word' id='word_1_386' title='bbox 1152 4318 1245 4372; x_wconf 83' lang='grc' dir='ltr'>τοῦ</span> <span class='ocrx_word' id='word_1_387' title='bbox 1278 4318 1447 4388; x_wconf 87' lang='grc' dir='ltr'>μύρου</span> <span class='ocrx_word' id='word_1_388' title='bbox 1487 4316 1708 4369; x_wconf 76' lang='grc' dir='ltr'>εὐωδίαν</span> <span class='ocrx_word' id='word_1_389' title='bbox 1752 4317 1840 4368; x_wconf 81' lang='grc' dir='ltr'><strong>ὲκ-</strong></span> 
     </span>
    </p>
   </div>
   <div class='ocr_carea' id='block_1_48' title="bbox 290 4409 1838 4487">
    <p class='ocr_par' dir='ltr' id='par_1_48' title="bbox 290 4409 1838 4487">
     <span class='ocr_line' id='line_1_51' title="bbox 290 4409 1838 4487; baseline -0.006 -17"><span class='ocrx_word' id='word_1_390' title='bbox 290 4414 692 4487; x_wconf 83' lang='grc' dir='ltr'>πορευομένων.</span> <span class='ocrx_word' id='word_1_391' title='bbox 717 4413 865 4475; x_wconf 81' lang='grc' dir='ltr'>Τότε,</span> <span class='ocrx_word' id='word_1_392' title='bbox 896 4412 1055 4482; x_wconf 78' lang='grc' dir='ltr'>φησὶν</span> <span class='ocrx_word' id='word_1_393' title='bbox 1079 4413 1106 4464; x_wconf 88' lang='grc' dir='ltr'><strong>ὁ</strong></span> <span class='ocrx_word' id='word_1_394' title='bbox 1130 4410 1433 4487; x_wconf 75' lang='grc' dir='ltr'>διδάσκαλος</span> <span class='ocrx_word' id='word_1_395' title='bbox 1462 4409 1593 4479; x_wconf 79' lang='grc' dir='ltr'>πρὸς</span> <span class='ocrx_word' id='word_1_396' title='bbox 1615 4409 1838 4470; x_wconf 77' lang='grc' dir='ltr'>πάντας,</span> 
     </span>
    </p>
   </div>
   <div class='ocr_carea' id='block_1_49' title="bbox 286 4480 1838 4580">
    <p class='ocr_par' dir='ltr' id='par_1_49' title="bbox 286 4480 1838 4580">
     <span class='ocr_line' id='line_1_52' title="bbox 286 4480 1838 4580; baseline -0.008 -18"><span class='ocrx_word' id='word_1_397' title='bbox 286 4480 451 4580; x_wconf 59' lang='grc' dir='ltr'>ὁράτε</span> <span class='ocrx_word' id='word_1_398' title='bbox 471 4480 625 4571; x_wconf 46' lang='grc' dir='ltr'>ίίδοὺ</span> <span class='ocrx_word' id='word_1_399' title='bbox 650 4506 699 4557; x_wconf 78' lang='lat' dir='ltr'><strong>oi</strong></span> <span class='ocrx_word' id='word_1_400' title='bbox 725 4504 830 4556; x_wconf 88' lang='grc' dir='ltr'><strong>τῶν</strong></span> <span class='ocrx_word' id='word_1_401' title='bbox 859 4480 1035 4555; x_wconf 17' lang='grc' dir='ltr'>πόντων</span> <span class='ocrx_word' id='word_1_402' title='bbox 1064 4480 1284 4573; x_wconf 69' lang='grc' dir='ltr'>[ποδῶν]</span> <span class='ocrx_word' id='word_1_403' title='bbox 1321 4498 1501 4560; x_wconf 77' lang='grc' dir='ltr'>αὐτοῦ,</span> <span class='ocrx_word' id='word_1_404' title='bbox 1538 4498 1629 4549; x_wconf 74' lang='grc' dir='ltr'>καὶ</span> <span class='ocrx_word' id='word_1_405' title='bbox 1661 4498 1838 4550; x_wconf 82' lang='grc' dir='ltr'>κόπων</span> 
     </span>
    </p>
   </div>
   <div class='ocr_carea' id='block_1_50' title="bbox 292 4586 1841 4668">
    <p class='ocr_par' dir='ltr' id='par_1_50' title="bbox 292 4586 1841 4668">
     <span class='ocr_line' id='line_1_53' title="bbox 292 4586 1841 4668; baseline -0.008 -18"><span class='ocrx_word' id='word_1_406' title='bbox 292 4597 518 4668; x_wconf 66' lang='grc' dir='ltr'>ίδριῖιτες</span> <span class='ocrx_word' id='word_1_407' title='bbox 543 4594 709 4666; x_wconf 86' lang='grc' dir='ltr'>μύρον</span> <span class='ocrx_word' id='word_1_408' title='bbox 730 4593 845 4665; x_wconf 82' lang='grc' dir='ltr'><strong>Θεῷ</strong></span> <span class='ocrx_word' id='word_1_409' title='bbox 872 4592 1329 4665; x_wconf 85' lang='grc' dir='ltr'>προσηνέχθησαν.</span> <span class='ocrx_word' id='word_1_410' title='bbox 1353 4590 1459 4642; x_wconf 79' lang='grc' dir='ltr'>Καὶ</span> <span class='ocrx_word' id='word_1_411' title='bbox 1483 4586 1710 4657; x_wconf 83' lang='grc' dir='ltr'>ἀληθῶς.</span> <span class='ocrx_word' id='word_1_412' title='bbox 1734 4588 1841 4640; x_wconf 79' lang='grc' dir='ltr'>Καὶ</span> 
     </span>
    </p>
   </div>
   <div class='ocr_carea' id='block_1_51' title="bbox 290 4681 1837 4758">
    <p class='ocr_par' dir='ltr' id='par_1_51' title="bbox 290 4681 1837 4758">
     <span class='ocr_line' id='line_1_54' title="bbox 290 4681 1837 4758; baseline -0.007 -14"><span class='ocrx_word' id='word_1_413' title='bbox 290 4689 427 4744; x_wconf 68' lang='grc' dir='ltr'>ἄλλα</span> <span class='ocrx_word' id='word_1_414' title='bbox 453 4704 513 4741; x_wconf 87' lang='grc' dir='ltr'><strong>τε</strong></span> <span class='ocrx_word' id='word_1_415' title='bbox 543 4686 765 4741; x_wconf 85' lang='grc' dir='ltr'>πλεῖστα</span> <span class='ocrx_word' id='word_1_416' title='bbox 785 4690 916 4758; x_wconf 73' lang='grc' dir='ltr'>ἡμῖν</span> <span class='ocrx_word' id='word_1_417' title='bbox 943 4685 1069 4755; x_wconf 72' lang='grc' dir='ltr'>περὶ</span> <span class='ocrx_word' id='word_1_418' title='bbox 1092 4682 1252 4736; x_wconf 76' lang='grc' dir='ltr'>αὑτοῦ</span> <span class='ocrx_word' id='word_1_419' title='bbox 1276 4682 1366 4735; x_wconf 76' lang='grc' dir='ltr'>τοῦ</span> <span class='ocrx_word' id='word_1_420' title='bbox 1388 4681 1638 4733; x_wconf 85' lang='grc' dir='ltr'>πανοσίου</span> <span class='ocrx_word' id='word_1_421' title='bbox 1661 4681 1837 4750; x_wconf 81' lang='grc' dir='ltr'>Μηνᾶ,</span> 
     </span>
    </p>
   </div>
   <div class='ocr_carea' id='block_1_52' title="bbox 292 4771 1840 4849">
    <p class='ocr_par' dir='ltr' id='par_1_52' title="bbox 292 4771 1840 4849">
     <span class='ocr_line' id='line_1_55' title="bbox 292 4771 1840 4849; baseline -0.007 -13"><span class='ocrx_word' id='word_1_422' title='bbox 292 4783 346 4836; x_wconf 78' lang='grc' dir='ltr'>υἱ</span> <span class='ocrx_word' id='word_1_423' title='bbox 373 4779 466 4833; x_wconf 82' lang='grc' dir='ltr'>τοῦ</span> <span class='ocrx_word' id='word_1_424' title='bbox 492 4778 658 4830; x_wconf 81' lang='grc' dir='ltr'>τόπου</span> <span class='ocrx_word' id='word_1_425' title='bbox 692 4778 925 4849; x_wconf 83' lang='grc' dir='ltr'>πατέρες</span> <span class='ocrx_word' id='word_1_426' title='bbox 957 4774 1347 4845; x_wconf 86' lang='grc' dir='ltr'>κατορθώματα</span> <span class='ocrx_word' id='word_1_427' title='bbox 1388 4771 1743 4843; x_wconf 83' lang='grc' dir='ltr'>ἀπήγγειλαν,</span> <span class='ocrx_word' id='word_1_428' title='bbox 1784 4774 1840 4825; x_wconf 80' lang='grc' dir='ltr'>ἐν</span> 
     </span>
    </p>
   </div>
   <div class='ocr_carea' id='block_1_53' title="bbox 291 4861 1842 4936">
    <p class='ocr_par' dir='ltr' id='par_1_53' title="bbox 291 4861 1842 4936">
     <span class='ocr_line' id='line_1_56' title="bbox 291 4861 1842 4936; baseline -0.008 -10"><span class='ocrx_word' id='word_1_429' title='bbox 291 4868 381 4936; x_wconf 78' lang='grc' dir='ltr'>οἷς</span> <span class='ocrx_word' id='word_1_430' title='bbox 406 4871 497 4925; x_wconf 61' lang='grc' dir='ltr'><strong>καὶ¹</strong></span> <span class='ocrx_word' id='word_1_431' title='bbox 522 4868 678 4923; x_wconf 80' lang='grc' dir='ltr'>τοῦτο</span> <span class='ocrx_word' id='word_1_432' title='bbox 708 4867 907 4935; x_wconf 78' lang='grc' dir='ltr'>ἔλεγον.</span> <span class='ocrx_word' id='word_1_433' title='bbox 938 4868 1058 4921; x_wconf 85' lang='grc' dir='ltr'>Ὅτι</span> <span class='ocrx_word' id='word_1_434' title='bbox 1085 4866 1212 4936; x_wconf 79' lang='grc' dir='ltr'>φασί</span> <span class='ocrx_word' id='word_1_435' title='bbox 1241 4881 1367 4916; x_wconf 88' lang='grc' dir='ltr'>ποτε</span> <span class='ocrx_word' id='word_1_436' title='bbox 1396 4866 1423 4916; x_wconf 90' lang='lat'><strong>6</strong></span> <span class='ocrx_word' id='word_1_437' title='bbox 1452 4861 1721 4933; x_wconf 84' lang='grc' dir='ltr'>προεστὼς</span> <span class='ocrx_word' id='word_1_438' title='bbox 1743 4862 1842 4931; x_wconf 77' lang='grc' dir='ltr'>τὴν</span> 
     </span>
    </p>
   </div>
   <div class='ocr_carea' id='block_1_54' title="bbox 294 4952 1839 5031">
    <p class='ocr_par' dir='ltr' id='par_1_54' title="bbox 294 4952 1839 5031">
     <span class='ocr_line' id='line_1_57' title="bbox 294 4952 1839 5031; baseline -0.011 -14"><span class='ocrx_word' id='word_1_439' title='bbox 294 4961 465 5017; x_wconf 80' lang='grc' dir='ltr'>αὐτοῦ</span> <span class='ocrx_word' id='word_1_440' title='bbox 511 4959 835 5031; x_wconf 82' lang='grc' dir='ltr'>θεοδὼρητον</span> <span class='ocrx_word' id='word_1_441' title='bbox 874 4957 1146 5028; x_wconf 80' lang='grc' dir='ltr'>ὑπομονὴν</span> <span class='ocrx_word' id='word_1_442' title='bbox 1181 4953 1462 5025; x_wconf 76' lang='grc' dir='ltr'>δοκιμάσαι</span> <span class='ocrx_word' id='word_1_443' title='bbox 1508 4952 1839 5021; x_wconf 81' lang='grc' dir='ltr'>βουλόμενος,</span> 
     </span>
    </p>
   </div>
   <div class='ocr_carea' id='block_1_55' title="bbox 296 5034 1842 5144">
    <p class='ocr_par' dir='ltr' id='par_1_55' title="bbox 296 5034 1842 5144">
     <span class='ocr_line' id='line_1_58' title="bbox 296 5034 1842 5144; baseline -0.012 -34"><span class='ocrx_word' id='word_1_444' title='bbox 296 5053 589 5110; x_wconf 80' lang='grc' dir='ltr'>ἀνελθόντα</span> <span class='ocrx_word' id='word_1_445' title='bbox 614 5049 770 5105; x_wconf 74' lang='grc' dir='ltr'>αὑτὸν</span> <span class='ocrx_word' id='word_1_446' title='bbox 812 5050 867 5100; x_wconf 81' lang='grc' dir='ltr'>ὲν</span> <span class='ocrx_word' id='word_1_447' title='bbox 890 5046 965 5117; x_wconf 84' lang='grc' dir='ltr'>τῷ</span> <span class='ocrx_word' id='word_1_448' title='bbox 996 5034 1346 5144; x_wconf 49' lang='grc' dir='ltr'>ήγουμενείῳ,</span> <span class='ocrx_word' id='word_1_449' title='bbox 1379 5044 1467 5096; x_wconf 75' lang='grc' dir='ltr'><strong>καὶ</strong></span> <span class='ocrx_word' id='word_1_450' title='bbox 1494 5042 1714 5111; x_wconf 79' lang='grc' dir='ltr'>βαλόντα</span> <span class='ocrx_word' id='word_1_451' title='bbox 1746 5058 1842 5110; x_wconf 80' lang='grc' dir='ltr'>με-</span> 
     </span>
    </p>
   </div>
   <div class='ocr_carea' id='block_1_56' title="bbox 296 5132 1842 5213">
    <p class='ocr_par' dir='ltr' id='par_1_56' title="bbox 296 5132 1842 5213">
     <span class='ocr_line' id='line_1_59' title="bbox 296 5132 1842 5213; baseline -0.009 -14"><span class='ocrx_word' id='word_1_452' title='bbox 296 5146 521 5200; x_wconf 75' lang='grc' dir='ltr'>τάνοιαν</span> <span class='ocrx_word' id='word_1_453' title='bbox 548 5143 781 5213; x_wconf 84' lang='grc' dir='ltr'>ἑσπέρας</span> <span class='ocrx_word' id='word_1_454' title='bbox 811 5138 885 5209; x_wconf 83' lang='grc' dir='ltr'>τῷ</span> <span class='ocrx_word' id='word_1_455' title='bbox 911 5132 1209 5208; x_wconf 75' lang='grc' dir='ltr'>ἡγουμένῳ,</span> <span class='ocrx_word' id='word_1_456' title='bbox 1258 5134 1550 5207; x_wconf 81' lang='grc' dir='ltr'>παράθεσίν</span> <span class='ocrx_word' id='word_1_457' title='bbox 1578 5150 1635 5185; x_wconf 88' lang='grc' dir='ltr'><strong>τε</strong></span> <span class='ocrx_word' id='word_1_458' title='bbox 1665 5132 1842 5185; x_wconf 74' lang='grc' dir='ltr'>λαϐεῖν</span> 
     </span>
    </p>
   </div>
   <div class='ocr_carea' id='block_1_57' title="bbox 296 5218 1841 5304">
    <p class='ocr_par' dir='ltr' id='par_1_57' title="bbox 296 5218 1841 5304">
     <span class='ocr_line' id='line_1_60' title="bbox 296 5218 1841 5304; baseline -0.014 -16"><span class='ocrx_word' id='word_1_459' title='bbox 296 5233 549 5304; x_wconf 77' lang='grc' dir='ltr'>συνήθως</span> <span class='ocrx_word' id='word_1_460' title='bbox 584 5228 907 5291; x_wconf 74' lang='grc' dir='ltr'>ἱκετεύοντα,</span> <span class='ocrx_word' id='word_1_461' title='bbox 943 5225 1121 5277; x_wconf 83' lang='grc' dir='ltr'>είασεν</span> <span class='ocrx_word' id='word_1_462' title='bbox 1152 5223 1310 5275; x_wconf 70' lang='grc' dir='ltr'>αὑτὲν</span> <span class='ocrx_word' id='word_1_463' title='bbox 1339 5222 1503 5283; x_wconf 76' lang='grc' dir='ltr'>οὕτως</span> <span class='ocrx_word' id='word_1_464' title='bbox 1531 5218 1701 5288; x_wconf 77' lang='grc' dir='ltr'>χαμαὶ</span> <span class='ocrx_word' id='word_1_465' title='bbox 1728 5218 1841 5269; x_wconf 85' lang='grc' dir='ltr'>κεί-</span> 
     </span>
    </p>
   </div>
   <div class='ocr_carea' id='block_1_58' title="bbox 299 5305 1841 5394">
    <p class='ocr_par' dir='ltr' id='par_1_58' title="bbox 299 5305 1841 5394">
     <span class='ocr_line' id='line_1_61' title="bbox 299 5305 1841 5394; baseline -0.015 -16"><span class='ocrx_word' id='word_1_466' title='bbox 299 5340 469 5394; x_wconf 84' lang='grc' dir='ltr'>μενον</span> <span class='ocrx_word' id='word_1_467' title='bbox 510 5322 639 5391; x_wconf 76' lang='grc' dir='ltr'>ἄχρι</span> <span class='ocrx_word' id='word_1_468' title='bbox 688 5316 782 5371; x_wconf 79' lang='grc' dir='ltr'>τοῦ</span> <span class='ocrx_word' id='word_1_469' title='bbox 831 5314 1049 5375; x_wconf 79' lang='grc' dir='ltr'>κανόνος</span> <span class='ocrx_word' id='word_1_470' title='bbox 1093 5310 1237 5380; x_wconf 70' lang='grc' dir='ltr'>ὥρας</span> <span class='ocrx_word' id='word_1_471' title='bbox 1263 5327 1276 5340; x_wconf 76' lang='grc' dir='ltr'><strong><em>ο</em></strong></span> <span class='ocrx_word' id='word_1_472' title='bbox 1321 5311 1442 5363; x_wconf 81' lang='grc' dir='ltr'>τότε</span> <span class='ocrx_word' id='word_1_473' title='bbox 1476 5306 1654 5360; x_wconf 75' lang='grc' dir='ltr'>λοιπὸν</span> <span class='ocrx_word' id='word_1_474' title='bbox 1682 5305 1841 5356; x_wconf 76' lang='grc' dir='ltr'>αὑτὸν</span> 
     </span>
    </p>
   </div>
   <div class='ocr_carea' id='block_1_59' title="bbox 297 5396 1843 5485">
    <p class='ocr_par' dir='ltr' id='par_1_59' title="bbox 297 5396 1843 5485">
     <span class='ocr_line' id='line_1_62' title="bbox 297 5396 1843 5485; baseline -0.014 -18"><span class='ocrx_word' id='word_1_475' title='bbox 297 5414 622 5485; x_wconf 74' lang='grc' dir='ltr'>εὐλογήσας,</span> <span class='ocrx_word' id='word_1_476' title='bbox 649 5409 744 5463; x_wconf 78' lang='grc' dir='ltr'>καὶ</span> <span class='ocrx_word' id='word_1_477' title='bbox 772 5407 1075 5478; x_wconf 82' lang='grc' dir='ltr'>λοιδορήσας</span> <span class='ocrx_word' id='word_1_478' title='bbox 1103 5403 1176 5465; x_wconf 81' lang='grc' dir='ltr'>ὡς</span> <span class='ocrx_word' id='word_1_479' title='bbox 1206 5401 1569 5471; x_wconf 75' lang='grc' dir='ltr'>φιλενδείκτην</span> <span class='ocrx_word' id='word_1_480' title='bbox 1632 5396 1724 5449; x_wconf 74' lang='grc' dir='ltr'>καὶ</span> <span class='ocrx_word' id='word_1_481' title='bbox 1752 5400 1843 5450; x_wconf 86' lang='grc' dir='ltr'>ἁν-</span> 
     </span>
    </p>
   </div>
   <div class='ocr_carea' id='block_1_60' title="bbox 298 5486 1842 5573">
    <p class='ocr_par' dir='ltr' id='par_1_60' title="bbox 298 5486 1842 5573">
     <span class='ocr_line' id='line_1_63' title="bbox 298 5486 1842 5573; baseline -0.015 -13"><span class='ocrx_word' id='word_1_482' title='bbox 298 5505 645 5573; x_wconf 80' lang='grc' dir='ltr'>υπομόνητον</span> <span class='ocrx_word' id='word_1_483' title='bbox 685 5499 991 5568; x_wconf 83' lang='grc' dir='ltr'>ἀνέστησεν.</span> <span class='ocrx_word' id='word_1_484' title='bbox 1027 5492 1313 5562; x_wconf 81' lang='grc' dir='ltr'>Ἑγίνωσκε</span> <span class='ocrx_word' id='word_1_485' title='bbox 1357 5492 1463 5562; x_wconf 80' lang='grc' dir='ltr'>γὰρ</span> <span class='ocrx_word' id='word_1_486' title='bbox 1505 5491 1532 5541; x_wconf 92' lang='grc' dir='ltr'><strong>ὁ</strong></span> <span class='ocrx_word' id='word_1_487' title='bbox 1577 5489 1737 5548; x_wconf 78' lang='grc' dir='ltr'>ὅσιος,</span> <span class='ocrx_word' id='word_1_488' title='bbox 1760 5486 1842 5538; x_wconf 86' lang='grc' dir='ltr'>ὃτι</span> 
     </span>
    </p>
   </div>
   <div class='ocr_carea' id='block_1_61' title="bbox 298 5575 1841 5665">
    <p class='ocr_par' dir='ltr' id='par_1_61' title="bbox 298 5575 1841 5665">
     <span class='ocr_line' id='line_1_64' title="bbox 298 5575 1841 5665; baseline -0.016 -14"><span class='ocrx_word' id='word_1_489' title='bbox 298 5593 564 5665; x_wconf 80' lang='grc' dir='ltr'>ὑποφέρει</span> <span class='ocrx_word' id='word_1_490' title='bbox 610 5591 868 5660; x_wconf 89' lang='grc' dir='ltr'>γενναίως</span> <span class='ocrx_word' id='word_1_491' title='bbox 890 5605 904 5619; x_wconf 75' lang='grc' dir='ltr'><strong><em>ο</em></strong></span> <span class='ocrx_word' id='word_1_492' title='bbox 952 5588 1031 5643; x_wconf 84' lang='grc' dir='ltr'><strong>διὸ</strong></span> <span class='ocrx_word' id='word_1_493' title='bbox 1060 5586 1151 5640; x_wconf 72' lang='grc' dir='ltr'><strong>καὶ</strong></span> <span class='ocrx_word' id='word_1_494' title='bbox 1180 5584 1239 5635; x_wconf 71' lang='grc' dir='ltr'>τὲ</span> <span class='ocrx_word' id='word_1_495' title='bbox 1268 5583 1448 5653; x_wconf 77' lang='grc' dir='ltr'>δρᾶμα</span> <span class='ocrx_word' id='word_1_496' title='bbox 1481 5580 1611 5650; x_wconf 80' lang='grc' dir='ltr'>πρὸς</span> <span class='ocrx_word' id='word_1_497' title='bbox 1642 5575 1841 5628; x_wconf 85' lang='grc' dir='ltr'>οἰκοδο-</span> 
     </span>
    </p>
   </div>
   <div class='ocr_carea' id='block_1_62' title="bbox 304 5668 1843 5762">
    <p class='ocr_par' dir='ltr' id='par_1_62' title="bbox 304 5668 1843 5762">
     <span class='ocr_line' id='line_1_65' title="bbox 304 5668 1843 5762; baseline -0.012 -22"><span class='ocrx_word' id='word_1_498' title='bbox 304 5690 417 5762; x_wconf 74' lang='grc' dir='ltr'><strong>μὴν</strong></span> <span class='ocrx_word' id='word_1_499' title='bbox 445 5688 578 5741; x_wconf 77' lang='grc' dir='ltr'>πᾶσι</span> <span class='ocrx_word' id='word_1_500' title='bbox 609 5684 923 5754; x_wconf 82' lang='grc' dir='ltr'>πεποίηκεν.</span> <span class='ocrx_word' id='word_1_501' title='bbox 974 5681 1032 5734; x_wconf 85' lang='lat'><strong>&#39;0</strong></span> <span class='ocrx_word' id='word_1_502' title='bbox 1071 5680 1127 5734; x_wconf 83' lang='grc' dir='ltr'>δὲ</span> <span class='ocrx_word' id='word_1_503' title='bbox 1152 5677 1338 5732; x_wconf 86' lang='grc' dir='ltr'>τούτου</span> <span class='ocrx_word' id='word_1_504' title='bbox 1384 5676 1530 5745; x_wconf 82' lang='grc' dir='ltr'>ήμᾶς</span> <span class='ocrx_word' id='word_1_505' title='bbox 1564 5670 1656 5725; x_wconf 79' lang='grc' dir='ltr'><strong>τοῦ</strong></span> <span class='ocrx_word' id='word_1_506' title='bbox 1699 5668 1843 5727; x_wconf 83' lang='grc' dir='ltr'>ὁσίου</span> 
     </span>
    </p>
   </div>
   <div class='ocr_carea' id='block_1_63' title="bbox 1904 1306 3443 1380">
    <p class='ocr_par' dir='ltr' id='par_1_63' title="bbox 1904 1306 3443 1380">
     <span class='ocr_line' id='line_1_66' title="bbox 1904 1306 3443 1380; baseline -0.014 -10"><span class='ocrx_word' id='word_1_507' title='bbox 1904 1330 2247 1370; x_wconf 75' lang='lat' dir='ltr'><strong>consuessem</strong></span> <span class='ocrx_word' id='word_1_508' title='bbox 2272 1313 2338 1379; x_wconf 76' lang='lat' dir='ltr'><strong>(si</strong></span> <span class='ocrx_word' id='word_1_509' title='bbox 2361 1310 2487 1380; x_wconf 88' lang='lat' dir='ltr'><strong>quid</strong></span> <span class='ocrx_word' id='word_1_510' title='bbox 2511 1323 2541 1362; x_wconf 85' lang='lat' dir='ltr'><strong>a</strong></span> <span class='ocrx_word' id='word_1_511' title='bbox 2570 1323 2653 1362; x_wconf 90' lang='lat' dir='ltr'><strong>me</strong></span> <span class='ocrx_word' id='word_1_512' title='bbox 2679 1316 2954 1376; x_wconf 85' lang='lat' dir='ltr'><strong>peccatum</strong></span> <span class='ocrx_word' id='word_1_513' title='bbox 2982 1306 3144 1371; x_wconf 83' lang='lat' dir='ltr'><strong>esset)</strong></span> <span class='ocrx_word' id='word_1_514' title='bbox 3169 1313 3443 1369; x_wconf 87' lang='lat' dir='ltr'><strong>nunquam</strong></span> 
     </span>
    </p>
   </div>
   <div class='ocr_carea' id='block_1_64' title="bbox 1904 1388 3444 1475">
    <p class='ocr_par' dir='ltr' id='par_1_64' title="bbox 1904 1388 3444 1475">
     <span class='ocr_line' id='line_1_67' title="bbox 1904 1388 3444 1475; baseline -0.014 -15"><span class='ocrx_word' id='word_1_515' title='bbox 1904 1413 2203 1475; x_wconf 75' lang='lat' dir='ltr'><strong>serpentem</strong></span> <span class='ocrx_word' id='word_1_516' title='bbox 2233 1406 2283 1458; x_wconf 94' lang='lat' dir='ltr'><strong>in</strong></span> <span class='ocrx_word' id='word_1_517' title='bbox 2312 1403 2430 1457; x_wconf 91' lang='lat' dir='ltr'><strong>sinu</strong></span> <span class='ocrx_word' id='word_1_518' title='bbox 2458 1399 2639 1455; x_wconf 85' lang='lat' dir='ltr'><strong>cordis</strong></span> <span class='ocrx_word' id='word_1_519' title='bbox 2663 1399 2864 1461; x_wconf 88' lang='lat' dir='ltr'><strong>fovere,</strong></span> <span class='ocrx_word' id='word_1_520' title='bbox 2902 1393 3286 1468; x_wconf 35' lang='lat' dir='ltr'><strong>meolico‘hunc</strong></span> <span class='ocrx_word' id='word_1_521' title='bbox 3320 1388 3444 1443; x_wconf 82' lang='lat' dir='ltr'><strong>ani-</strong></span> 
     </span>
    </p>
   </div>
   <div class='ocr_carea' id='block_1_65' title="bbox 1905 1479 3446 1563">
    <p class='ocr_par' dir='ltr' id='par_1_65' title="bbox 1905 1479 3446 1563">
     <span class='ocr_line' id='line_1_68' title="bbox 1905 1479 3446 1563; baseline -0.014 -15"><span class='ocrx_word' id='word_1_522' title='bbox 1905 1496 2011 1559; x_wconf 91' lang='lat' dir='ltr'><strong>mi,</strong></span> <span class='ocrx_word' id='word_1_523' title='bbox 2050 1493 2432 1563; x_wconf 87' lang='lat' dir='ltr'><strong>comprehensa</strong></span> <span class='ocrx_word' id='word_1_524' title='bbox 2462 1489 2601 1542; x_wconf 91' lang='lat' dir='ltr'><strong>illius</strong></span> <span class='ocrx_word' id='word_1_525' title='bbox 2624 1486 2791 1541; x_wconf 85' lang='lat' dir='ltr'><strong>cauda</strong></span> <span class='ocrx_word' id='word_1_526' title='bbox 2813 1524 2828 1548; x_wconf 93' lang='lat'><strong>,</strong></span> <span class='ocrx_word' id='word_1_527' title='bbox 2860 1482 3085 1537; x_wconf 84' lang='lat' dir='ltr'><strong>caudam</strong></span> <span class='ocrx_word' id='word_1_528' title='bbox 3121 1481 3244 1533; x_wconf 86' lang='lat' dir='ltr'><strong>dico</strong></span> <span class='ocrx_word' id='word_1_529' title='bbox 3288 1479 3446 1530; x_wconf 84' lang='lat' dir='ltr'><strong>tinem</strong></span> 
     </span>
    </p>
   </div>
   <div class='ocr_carea' id='block_1_66' title="bbox 1906 1556 3450 1652">
    <p class='ocr_par' dir='ltr' id='par_1_66' title="bbox 1906 1556 3450 1652">
     <span class='ocr_line' id='line_1_69' title="bbox 1906 1556 3450 1652; baseline -0.014 -15"><span class='ocrx_word' id='word_1_530' title='bbox 1906 1584 2132 1638; x_wconf 81' lang='lat' dir='ltr'><strong>actionis</strong></span> <span class='ocrx_word' id='word_1_531' title='bbox 2175 1582 2392 1652; x_wconf 85' lang='lat' dir='ltr'><strong>(fassus</strong></span> <span class='ocrx_word' id='word_1_532' title='bbox 2443 1591 2630 1647; x_wconf 86' lang='lat' dir='ltr'><strong>nempe</strong></span> <span class='ocrx_word' id='word_1_533' title='bbox 2666 1575 2853 1629; x_wconf 73' lang='lat' dir='ltr'><strong>scelus</strong></span> <span class='ocrx_word' id='word_1_534' title='bbox 2896 1569 3116 1635; x_wconf 89' lang='lat' dir='ltr'><strong>meum)</strong></span> <span class='ocrx_word' id='word_1_535' title='bbox 3159 1556 3450 1635; x_wconf 80' lang='lat' dir='ltr'><strong>repraesen-</strong></span> 
     </span>
    </p>
   </div>
   <div class='ocr_carea' id='block_1_67' title="bbox 1908 1656 3451 1745">
    <p class='ocr_par' dir='ltr' id='par_1_67' title="bbox 1908 1656 3451 1745">
     <span class='ocr_line' id='line_1_70' title="bbox 1908 1656 3451 1745; baseline -0.019 -12"><span class='ocrx_word' id='word_1_536' title='bbox 1908 1679 2013 1733; x_wconf 75' lang='lat' dir='ltr'><strong>tavi</strong></span> <span class='ocrx_word' id='word_1_537' title='bbox 2056 1668 2207 1745; x_wconf 9' lang='lat' dir='ltr'><strong>:bqui</strong></span> <span class='ocrx_word' id='word_1_538' title='bbox 2251 1671 2512 1727; x_wconf 86' lang='lat' dir='ltr'><strong>renidenti</strong></span> <span class='ocrx_word' id='word_1_539' title='bbox 2558 1667 2739 1730; x_wconf 88' lang='lat' dir='ltr'><strong>vultu,</strong></span> <span class='ocrx_word' id='word_1_540' title='bbox 2779 1672 2834 1717; x_wconf 91' lang='lat' dir='ltr'><strong>et</strong></span> <span class='ocrx_word' id='word_1_541' title='bbox 2878 1663 3014 1715; x_wconf 87' lang='lat' dir='ltr'><strong>mala</strong></span> <span class='ocrx_word' id='word_1_542' title='bbox 3071 1660 3201 1738; x_wconf 25' lang='lat' dir='ltr'><strong>leni‘</strong></span> <span class='ocrx_word' id='word_1_543' title='bbox 3228 1656 3451 1710; x_wconf 77' lang='lat' dir='ltr'><strong>verbero</strong></span> 
     </span>
    </p>
   </div>
   <div class='ocr_carea' id='block_1_68' title="bbox 1910 1728 3450 1841">
    <p class='ocr_par' dir='ltr' id='par_1_68' title="bbox 1910 1728 3450 1841">
     <span class='ocr_line' id='line_1_71' title="bbox 1910 1728 3450 1841; baseline -0.018 -19"><span class='ocrx_word' id='word_1_544' title='bbox 1910 1728 2219 1841; x_wconf 42' lang='lat' dir='ltr'><strong>per—mulsa;</strong></span> <span class='ocrx_word' id='word_1_545' title='bbox 2256 1759 2615 1829; x_wconf 77' lang='lat' dir='ltr'><strong>Abi,inquit.</strong></span> <span class='ocrx_word' id='word_1_546' title='bbox 2652 1728 2761 1820; x_wconf 81' lang='lat' dir='ltr'><strong>fili,</strong></span> <span class='ocrx_word' id='word_1_547' title='bbox 2803 1760 2852 1808; x_wconf 88' lang='lat' dir='ltr'><strong>et</strong></span> <span class='ocrx_word' id='word_1_548' title='bbox 2895 1748 3119 1819; x_wconf 85' lang='lat' dir='ltr'><strong>perinde</strong></span> <span class='ocrx_word' id='word_1_549' title='bbox 3163 1728 3227 1800; x_wconf 78' lang='lat' dir='ltr'><strong>ac</strong></span> <span class='ocrx_word' id='word_1_550' title='bbox 3270 1744 3450 1812; x_wconf 81' lang='lat' dir='ltr'><strong>prius,</strong></span> 
     </span>
    </p>
   </div>
   <div class='ocr_carea' id='block_1_69' title="bbox 1909 1832 3450 1913">
    <p class='ocr_par' dir='ltr' id='par_1_69' title="bbox 1909 1832 3450 1913">
     <span class='ocr_line' id='line_1_72' title="bbox 1909 1832 3450 1913; baseline -0.021 0"><span class='ocrx_word' id='word_1_551' title='bbox 1909 1857 2085 1913; x_wconf 87' lang='lat' dir='ltr'><strong>ofﬁcio</strong></span> <span class='ocrx_word' id='word_1_552' title='bbox 2112 1852 2388 1909; x_wconf 89' lang='lat' dir='ltr'><strong>ministerii</strong></span> <span class='ocrx_word' id='word_1_553' title='bbox 2420 1850 2553 1903; x_wconf 88' lang='lat' dir='ltr'><strong>nihil</strong></span> <span class='ocrx_word' id='word_1_554' title='bbox 2584 1848 2806 1902; x_wconf 89' lang='lat' dir='ltr'><strong>omnino</strong></span> <span class='ocrx_word' id='word_1_555' title='bbox 2837 1841 3037 1895; x_wconf 88' lang='lat' dir='ltr'><strong>veritus</strong></span> <span class='ocrx_word' id='word_1_556' title='bbox 3062 1876 3075 1895; x_wconf 90' lang='lat'><strong>.</strong></span> <span class='ocrx_word' id='word_1_557' title='bbox 3101 1832 3450 1905; x_wconf 64' lang='lat' dir='ltr'><strong>gperfungere.</strong></span> 
     </span>
    </p>
   </div>
   <div class='ocr_carea' id='block_1_70' title="bbox 1913 1921 3455 2019">
    <p class='ocr_par' dir='ltr' id='par_1_70' title="bbox 1913 1921 3455 2019">
     <span class='ocr_line' id='line_1_73' title="bbox 1913 1921 3455 2019; baseline -0.019 -16"><span class='ocrx_word' id='word_1_558' title='bbox 1913 1950 2024 2019; x_wconf 70' lang='lat' dir='ltr'><strong>Ego</strong></span> <span class='ocrx_word' id='word_1_559' title='bbox 2058 1950 2239 2017; x_wconf 87' lang='lat' dir='ltr'><strong>porro</strong></span> <span class='ocrx_word' id='word_1_560' title='bbox 2263 1940 2469 1996; x_wconf 87' lang='lat' dir='ltr'><strong>ardenti</strong></span> <span class='ocrx_word' id='word_1_561' title='bbox 2505 1939 2605 1992; x_wconf 86' lang='lat' dir='ltr'><strong>ﬁde</strong></span> <span class='ocrx_word' id='word_1_562' title='bbox 2640 1938 2893 1990; x_wconf 88' lang='lat' dir='ltr'><strong>incensus</strong></span> <span class='ocrx_word' id='word_1_563' title='bbox 2928 1934 3070 1985; x_wconf 90' lang='lat' dir='ltr'><strong>intra</strong></span> <span class='ocrx_word' id='word_1_564' title='bbox 3111 1940 3308 1996; x_wconf 88' lang='lat' dir='ltr'><strong>paucos</strong></span> <span class='ocrx_word' id='word_1_565' title='bbox 3340 1921 3455 1975; x_wconf 75' lang='lat' dir='ltr'><strong>dies</strong></span> 
     </span>
    </p>
   </div>
   <div class='ocr_carea' id='block_1_71' title="bbox 1913 2013 3458 2094">
    <p class='ocr_par' dir='ltr' id='par_1_71' title="bbox 1913 2013 3458 2094">
     <span class='ocr_line' id='line_1_74' title="bbox 1913 2013 3458 2094; baseline -0.019 0"><span class='ocrx_word' id='word_1_566' title='bbox 1913 2050 2022 2094; x_wconf 87' lang='lat' dir='ltr'><strong>tota</strong></span> <span class='ocrx_word' id='word_1_567' title='bbox 2057 2013 2220 2090; x_wconf 78' lang='lat' dir='ltr'><strong>animi</strong></span> <span class='ocrx_word' id='word_1_568' title='bbox 2262 2032 2490 2087; x_wconf 85' lang='lat' dir='ltr'><strong>sanitate</strong></span> <span class='ocrx_word' id='word_1_569' title='bbox 2522 2032 2832 2094; x_wconf 87' lang='lat' dir='ltr'><strong>recuperata</strong></span> <span class='ocrx_word' id='word_1_570' title='bbox 2858 2062 2874 2084; x_wconf 91' lang='lat'><strong>,</strong></span> <span class='ocrx_word' id='word_1_571' title='bbox 2921 2019 3156 2091; x_wconf 78' lang='lat' dir='ltr'><strong>gaudens</strong></span> <span class='ocrx_word' id='word_1_572' title='bbox 3197 2013 3355 2069; x_wconf 87' lang='lat' dir='ltr'><strong>simul</strong></span> <span class='ocrx_word' id='word_1_573' title='bbox 3404 2020 3458 2065; x_wconf 72' lang='lat' dir='ltr'><strong>et</strong></span> 
     </span>
    </p>
   </div>
   <div class='ocr_carea' id='block_1_72' title="bbox 1914 2114 2858 2186">
    <p class='ocr_par' dir='ltr' id='par_1_72' title="bbox 1914 2114 2858 2186">
     <span class='ocr_line' id='line_1_75' title="bbox 1914 2114 2858 2186; baseline -0.022 0"><span class='ocrx_word' id='word_1_574' title='bbox 1914 2142 2148 2186; x_wconf 87' lang='lat' dir='ltr'><strong>tremens</strong></span> <span class='ocrx_word' id='word_1_575' title='bbox 2178 2125 2315 2178; x_wconf 89' lang='lat' dir='ltr'><strong>viam</strong></span> <span class='ocrx_word' id='word_1_576' title='bbox 2349 2135 2519 2175; x_wconf 84' lang='lat' dir='ltr'><strong>meam</strong></span> <span class='ocrx_word' id='word_1_577' title='bbox 2551 2114 2858 2174; x_wconf 87' lang='lat' dir='ltr'><strong>currebam,</strong></span> 
     </span>
    </p>
   </div>
   <div class='ocr_carea' id='block_1_73' title="bbox 1986 2202 3459 2287">
    <p class='ocr_par' dir='ltr' id='par_1_73' title="bbox 1986 2202 3459 2287">
     <span class='ocr_line' id='line_1_76' title="bbox 1986 2202 3459 2287; baseline -0.02 -11"><span class='ocrx_word' id='word_1_578' title='bbox 1986 2224 2042 2277; x_wconf 92' lang='lat' dir='ltr'><strong>ln</strong></span> <span class='ocrx_word' id='word_1_579' title='bbox 2090 2215 2233 2273; x_wconf 82' lang='lat' dir='ltr'><strong>omni</strong></span> <span class='ocrx_word' id='word_1_580' title='bbox 2285 2230 2463 2270; x_wconf 84' lang='lat' dir='ltr'><strong>rerum</strong></span> <span class='ocrx_word' id='word_1_581' title='bbox 2511 2228 2563 2287; x_wconf 2' lang='lat' dir='ltr'><strong>ap</strong></span> <span class='ocrx_word' id='word_1_582' title='bbox 2596 2210 2701 2263; x_wconf 89' lang='lat' dir='ltr'><strong>Deo</strong></span> <span class='ocrx_word' id='word_1_583' title='bbox 2753 2212 3051 2284; x_wconf 68' lang='lat' dir='ltr'><strong>creatarnm</strong></span> <span class='ocrx_word' id='word_1_584' title='bbox 3104 2208 3246 2253; x_wconf 87' lang='lat' dir='ltr'><strong>statu</strong></span> <span class='ocrx_word' id='word_1_585' title='bbox 3310 2202 3459 2250; x_wconf 84' lang='lat' dir='ltr'><strong>certa</strong></span> 
     </span>
    </p>
   </div>
   <div class='ocr_carea' id='block_1_74' title="bbox 1914 2285 3462 2369">
    <p class='ocr_par' dir='ltr' id='par_1_74' title="bbox 1914 2285 3462 2369">
     <span class='ocr_line' id='line_1_77' title="bbox 1914 2285 3462 2369; baseline -0.022 -1"><span class='ocrx_word' id='word_1_586' title='bbox 1914 2323 2039 2369; x_wconf 90' lang='lat' dir='ltr'><strong>sunt</strong></span> <span class='ocrx_word' id='word_1_587' title='bbox 2068 2310 2399 2369; x_wconf 84' lang='lat' dir='ltr'><strong>discrimina,</strong></span> <span class='ocrx_word' id='word_1_588' title='bbox 2435 2313 2491 2357; x_wconf 89' lang='lat' dir='ltr'><strong>ut</strong></span> <span class='ocrx_word' id='word_1_589' title='bbox 2526 2300 2687 2369; x_wconf 85' lang='lat' dir='ltr'><strong>aliqui</strong></span> <span class='ocrx_word' id='word_1_590' title='bbox 2722 2297 3094 2349; x_wconf 81' lang='lat' dir='ltr'><strong>observarunt.</strong></span> <span class='ocrx_word' id='word_1_591' title='bbox 3134 2291 3194 2341; x_wconf 94' lang='lat' dir='ltr'><strong>ln</strong></span> <span class='ocrx_word' id='word_1_592' title='bbox 3245 2285 3462 2352; x_wconf 83' lang='lat' dir='ltr'><strong>religio-</strong></span> 
     </span>
    </p>
   </div>
   <div class='ocr_carea' id='block_1_75' title="bbox 1914 2376 3460 2471">
    <p class='ocr_par' dir='ltr' id='par_1_75' title="bbox 1914 2376 3460 2471">
     <span class='ocr_line' id='line_1_78' title="bbox 1914 2376 3460 2471; baseline -0.021 -12"><span class='ocrx_word' id='word_1_593' title='bbox 1914 2420 2096 2460; x_wconf 88' lang='lat' dir='ltr'><strong>sorum</strong></span> <span class='ocrx_word' id='word_1_594' title='bbox 2153 2403 2316 2471; x_wconf 80' lang='lat' dir='ltr'><strong>igitur</strong></span> <span class='ocrx_word' id='word_1_595' title='bbox 2360 2398 2597 2449; x_wconf 79' lang='lat' dir='ltr'><strong>virorum</strong></span> <span class='ocrx_word' id='word_1_596' title='bbox 2646 2384 2999 2444; x_wconf 86' lang='lat' dir='ltr'><strong>contubernio</strong></span> <span class='ocrx_word' id='word_1_597' title='bbox 3042 2381 3180 2435; x_wconf 87' lang='lat' dir='ltr'><strong>alius</strong></span> <span class='ocrx_word' id='word_1_598' title='bbox 3232 2376 3460 2431; x_wconf 88' lang='lat' dir='ltr'><strong>aliorum</strong></span> 
     </span>
    </p>
   </div>
   <div class='ocr_carea' id='block_1_76' title="bbox 1916 2466 3462 2561">
    <p class='ocr_par' dir='ltr' id='par_1_76' title="bbox 1916 2466 3462 2561">
     <span class='ocr_line' id='line_1_79' title="bbox 1916 2466 3462 2561; baseline -0.022 -12"><span class='ocrx_word' id='word_1_599' title='bbox 1916 2503 1999 2548; x_wconf 90' lang='lat' dir='ltr'><strong>est</strong></span> <span class='ocrx_word' id='word_1_600' title='bbox 2046 2490 2318 2561; x_wconf 84' lang='lat' dir='ltr'><strong>profectus</strong></span> <span class='ocrx_word' id='word_1_601' title='bbox 2343 2495 2395 2539; x_wconf 88' lang='lat' dir='ltr'><strong>et</strong></span> <span class='ocrx_word' id='word_1_602' title='bbox 2421 2479 2803 2550; x_wconf 65' lang='lat' dir='ltr'><strong>smsns._Cum</strong></span> <span class='ocrx_word' id='word_1_603' title='bbox 2842 2471 3127 2528; x_wconf 90' lang='lat' dir='ltr'><strong>nonnullos</strong></span> <span class='ocrx_word' id='word_1_604' title='bbox 3161 2466 3462 2521; x_wconf 87' lang='lat' dir='ltr'><strong>animorum</strong></span> 
     </span>
    </p>
   </div>
   <div class='ocr_carea' id='block_1_77' title="bbox 1918 2560 3465 2638">
    <p class='ocr_par' dir='ltr' id='par_1_77' title="bbox 1918 2560 3465 2638">
     <span class='ocr_line' id='line_1_80' title="bbox 1918 2560 3465 2638; baseline -0.023 1"><span class='ocrx_word' id='word_1_605' title='bbox 1918 2583 2157 2638; x_wconf 80' lang='lat' dir='ltr'><strong>medicus</strong></span> <span class='ocrx_word' id='word_1_606' title='bbox 2194 2575 2640 2631; x_wconf 87' lang='lat' dir='ltr'><strong>animadverteret</strong></span> <span class='ocrx_word' id='word_1_607' title='bbox 2698 2568 2751 2619; x_wconf 93' lang='lat' dir='ltr'><strong>in</strong></span> <span class='ocrx_word' id='word_1_608' title='bbox 2796 2560 3174 2633; x_wconf 80' lang='lat' dir='ltr'><strong>congressibus</strong></span> <span class='ocrx_word' id='word_1_609' title='bbox 3215 2564 3465 2609; x_wconf 83' lang='lat' dir='ltr'><strong>externo-</strong></span> 
     </span>
    </p>
   </div>
   <div class='ocr_carea' id='block_1_78' title="bbox 1918 2642 3465 2734">
    <p class='ocr_par' dir='ltr' id='par_1_78' title="bbox 1918 2642 3465 2734">
     <span class='ocr_line' id='line_1_81' title="bbox 1918 2642 3465 2734; baseline -0.021 -7"><span class='ocrx_word' id='word_1_610' title='bbox 1918 2688 2060 2734; x_wconf 87' lang='lat' dir='ltr'><strong>rum,</strong></span> <span class='ocrx_word' id='word_1_611' title='bbox 2082 2684 2207 2722; x_wconf 81' lang='lat' dir='ltr'><strong>c-ttu</strong></span> <span class='ocrx_word' id='word_1_612' title='bbox 2227 2663 2527 2720; x_wconf 80' lang='lat' dir='ltr'><strong>coenobium</strong></span> <span class='ocrx_word' id='word_1_613' title='bbox 2556 2658 2877 2716; x_wconf 88' lang='lat' dir='ltr'><strong>inviserent,</strong></span> <span class='ocrx_word' id='word_1_614' title='bbox 2908 2666 3026 2705; x_wconf 89' lang='lat' dir='ltr'><strong>sese</strong></span> <span class='ocrx_word' id='word_1_615' title='bbox 3052 2654 3340 2707; x_wconf 86' lang='lat' dir='ltr'><strong>ostentare,</strong></span> <span class='ocrx_word' id='word_1_616' title='bbox 3368 2642 3465 2695; x_wconf 90' lang='lat' dir='ltr'><strong>hos</strong></span> 
     </span>
    </p>
   </div>
   <div class='ocr_carea' id='block_1_79' title="bbox 1900 2733 3461 2823">
    <p class='ocr_par' dir='ltr' id='par_1_79' title="bbox 1900 2733 3461 2823">
     <span class='ocr_line' id='line_1_82' title="bbox 1900 2733 3461 2823; baseline -0.024 -4"><span class='ocrx_word' id='word_1_617' title='bbox 1900 2763 2159 2823; x_wconf 74' lang='lat' dir='ltr'><strong>mutabat,</strong></span> <span class='ocrx_word' id='word_1_618' title='bbox 2186 2768 2239 2811; x_wconf 94' lang='lat' dir='ltr'><strong>et</strong></span> <span class='ocrx_word' id='word_1_619' title='bbox 2265 2757 2368 2809; x_wconf 86' lang='lat' dir='ltr'><strong>illis</strong></span> <span class='ocrx_word' id='word_1_620' title='bbox 2398 2749 2777 2822; x_wconf 73' lang='lat' dir='ltr'><strong>praesentilms,</strong></span> <span class='ocrx_word' id='word_1_621' title='bbox 2811 2736 3188 2812; x_wconf 82' lang='lat' dir='ltr'><strong>abjeetissimis</strong></span> <span class='ocrx_word' id='word_1_622' title='bbox 3218 2733 3461 2807; x_wconf 88' lang='lat' dir='ltr'><strong>ministe-</strong></span> 
     </span>
    </p>
   </div>
   <div class='ocr_carea' id='block_1_80' title="bbox 1922 2822 3462 2917">
    <p class='ocr_par' dir='ltr' id='par_1_80' title="bbox 1922 2822 3462 2917">
     <span class='ocr_line' id='line_1_83' title="bbox 1922 2822 3462 2917; baseline -0.026 -5"><span class='ocrx_word' id='word_1_623' title='bbox 1922 2858 2042 2917; x_wconf 85' lang='lat' dir='ltr'><strong>riis,</strong></span> <span class='ocrx_word' id='word_1_624' title='bbox 2073 2854 2275 2906; x_wconf 89' lang='lat' dir='ltr'><strong>ultimis</strong></span> <span class='ocrx_word' id='word_1_625' title='bbox 2314 2847 2469 2901; x_wconf 81' lang='lat' dir='ltr'><strong>etiam</strong></span> <span class='ocrx_word' id='word_1_626' title='bbox 2502 2840 2758 2895; x_wconf 84' lang='lat' dir='ltr'><strong>conviciis</strong></span> <span class='ocrx_word' id='word_1_627' title='bbox 2803 2841 3086 2893; x_wconf 82' lang='lat' dir='ltr'><strong>oneratos,</strong></span> <span class='ocrx_word' id='word_1_628' title='bbox 3132 2822 3462 2893; x_wconf 85' lang='lat' dir='ltr'><strong>occupabat,</strong></span> 
     </span>
    </p>
   </div>
   <div class='ocr_carea' id='block_1_81' title="bbox 1923 2921 3465 3011">
    <p class='ocr_par' dir='ltr' id='par_1_81' title="bbox 1923 2921 3465 3011">
     <span class='ocr_line' id='line_1_84' title="bbox 1923 2921 3465 3011; baseline -0.024 -9"><span class='ocrx_word' id='word_1_629' title='bbox 1923 2950 2001 3003; x_wconf 89' lang='lat' dir='ltr'><strong>nti</strong></span> <span class='ocrx_word' id='word_1_630' title='bbox 2031 2946 2282 3011; x_wconf 77' lang='lat' dir='ltr'><strong>deinceps</strong></span> <span class='ocrx_word' id='word_1_631' title='bbox 2315 2940 2413 2995; x_wconf 84' lang='lat' dir='ltr'><strong>illi.</strong></span> <span class='ocrx_word' id='word_1_632' title='bbox 2456 2950 2576 3011; x_wconf 86' lang='lat' dir='ltr'><strong>cum</strong></span> <span class='ocrx_word' id='word_1_633' title='bbox 2626 2934 2678 2984; x_wconf 89' lang='lat' dir='ltr'><strong>in</strong></span> <span class='ocrx_word' id='word_1_634' title='bbox 2719 2928 2959 2996; x_wconf 89' lang='lat' dir='ltr'><strong>hospites</strong></span> <span class='ocrx_word' id='word_1_635' title='bbox 3003 2921 3337 2978; x_wconf 85' lang='lat' dir='ltr'><strong>inciderent,</strong></span> <span class='ocrx_word' id='word_1_636' title='bbox 3368 2927 3465 2967; x_wconf 90' lang='lat' dir='ltr'><strong>ex-</strong></span> 
     </span>
    </p>
   </div>
   <div class='ocr_carea' id='block_1_82' title="bbox 1926 3006 3471 3108">
    <p class='ocr_par' dir='ltr' id='par_1_82' title="bbox 1926 3006 3471 3108">
     <span class='ocr_line' id='line_1_85' title="bbox 1926 3006 3471 3108; baseline -0.026 -13"><span class='ocrx_word' id='word_1_637' title='bbox 1926 3040 2123 3108; x_wconf 82' lang='lat' dir='ltr'><strong>templo</strong></span> <span class='ocrx_word' id='word_1_638' title='bbox 2174 3006 2238 3090; x_wconf 79' lang='lat' dir='ltr'><strong>se</strong></span> <span class='ocrx_word' id='word_1_639' title='bbox 2281 3032 2346 3086; x_wconf 90' lang='lat' dir='ltr'><strong>ab</strong></span> <span class='ocrx_word' id='word_1_640' title='bbox 2376 3008 2560 3083; x_wconf 80' lang='lat' dir='ltr'><strong>eorum</strong></span> <span class='ocrx_word' id='word_1_641' title='bbox 2594 3028 2824 3092; x_wconf 25' lang='lat' dir='ltr'><strong>aspectu,</strong></span> <span class='ocrx_word' id='word_1_642' title='bbox 2850 3014 3229 3072; x_wconf 86' lang='lat' dir='ltr'><strong>subducerent.</strong></span> <span class='ocrx_word' id='word_1_643' title='bbox 3258 3006 3323 3060; x_wconf 88' lang='lat' dir='ltr'><strong>Et</strong></span> <span class='ocrx_word' id='word_1_644' title='bbox 3355 3012 3471 3059; x_wconf 87' lang='lat' dir='ltr'><strong>erat</strong></span> 
     </span>
    </p>
   </div>
   <div class='ocr_carea' id='block_1_83' title="bbox 1925 3102 3472 3185">
    <p class='ocr_par' dir='ltr' id='par_1_83' title="bbox 1925 3102 3472 3185">
     <span class='ocr_line' id='line_1_86' title="bbox 1925 3102 3472 3185; baseline -0.025 -1"><span class='ocrx_word' id='word_1_645' title='bbox 1925 3128 2151 3185; x_wconf 89' lang='lat' dir='ltr'><strong>monstri</strong></span> <span class='ocrx_word' id='word_1_646' title='bbox 2191 3124 2366 3179; x_wconf 89' lang='lat' dir='ltr'><strong>simile</strong></span> <span class='ocrx_word' id='word_1_647' title='bbox 2407 3120 2585 3173; x_wconf 87' lang='lat' dir='ltr'><strong>videre</strong></span> <span class='ocrx_word' id='word_1_648' title='bbox 2612 3127 2803 3167; x_wconf 81' lang='lat' dir='ltr'><strong>vanam</strong></span> <span class='ocrx_word' id='word_1_649' title='bbox 2838 3106 3059 3179; x_wconf 77' lang='lat' dir='ltr'><strong>gloriam</strong></span> <span class='ocrx_word' id='word_1_650' title='bbox 3082 3102 3320 3169; x_wconf 63' lang='lat' dir='ltr'><strong>&#39;seipsam</strong></span> <span class='ocrx_word' id='word_1_651' title='bbox 3358 3110 3472 3165; x_wconf 88' lang='lat' dir='ltr'><strong>per-</strong></span> 
     </span>
    </p>
   </div>
   <div class='ocr_carea' id='block_1_84' title="bbox 1926 3189 3467 3289">
    <p class='ocr_par' dir='ltr' id='par_1_84' title="bbox 1926 3189 3467 3289">
     <span class='ocr_line' id='line_1_87' title="bbox 1926 3189 3467 3289; baseline -0.025 -15"><span class='ocrx_word' id='word_1_652' title='bbox 1926 3224 2276 3289; x_wconf 82' lang='lat' dir='ltr'><strong>sequentem,</strong></span> <span class='ocrx_word' id='word_1_653' title='bbox 2330 3209 2717 3273; x_wconf 82' lang='lat' dir='ltr'><strong>hominumque</strong></span> <span class='ocrx_word' id='word_1_654' title='bbox 2772 3205 3047 3268; x_wconf 83' lang='lat' dir='ltr'><strong>aspectum</strong></span> <span class='ocrx_word' id='word_1_655' title='bbox 3096 3189 3467 3258; x_wconf 74' lang='lat' dir='ltr'><strong>refugientem.</strong></span> 
     </span>
    </p>
   </div>
   <div class='ocr_carea' id='block_1_85' title="bbox 1926 3273 3470 3367">
    <p class='ocr_par' dir='ltr' id='par_1_85' title="bbox 1926 3273 3470 3367">
     <span class='ocr_line' id='line_1_88' title="bbox 1926 3273 3470 3367; baseline -0.028 1"><span class='ocrx_word' id='word_1_656' title='bbox 1926 3273 2185 3367; x_wconf 64' lang='lat' dir='ltr'><strong>Caeterum</strong></span> <span class='ocrx_word' id='word_1_657' title='bbox 2210 3318 2330 3357; x_wconf 77' lang='lat' dir='ltr'><strong>eum</strong></span> <span class='ocrx_word' id='word_1_658' title='bbox 2362 3312 2447 3354; x_wconf 85' lang='lat' dir='ltr'><strong>me</strong></span> <span class='ocrx_word' id='word_1_659' title='bbox 2476 3296 2738 3350; x_wconf 87' lang='lat' dir='ltr'><strong>Dominus</strong></span> <span class='ocrx_word' id='word_1_660' title='bbox 2770 3289 2934 3344; x_wconf 88' lang='lat' dir='ltr'><strong>nollet</strong></span> <span class='ocrx_word' id='word_1_661' title='bbox 2972 3283 3182 3353; x_wconf 85' lang='lat' dir='ltr'><strong>privare</strong></span> <span class='ocrx_word' id='word_1_662' title='bbox 3219 3273 3470 3346; x_wconf 83' lang='lat' dir='ltr'><strong>precibus</strong></span> 
     </span>
    </p>
   </div>
   <div class='ocr_carea' id='block_1_86' title="bbox 1929 3363 3473 3465">
    <p class='ocr_par' dir='ltr' id='par_1_86' title="bbox 1929 3363 3473 3465">
     <span class='ocr_line' id='line_1_89' title="bbox 1929 3363 3473 3465; baseline -0.027 -9"><span class='ocrx_word' id='word_1_663' title='bbox 1929 3400 2102 3457; x_wconf 89' lang='lat' dir='ltr'><strong>sancti</strong></span> <span class='ocrx_word' id='word_1_664' title='bbox 2131 3394 2405 3465; x_wconf 81' lang='lat' dir='ltr'><strong>cujusdam</strong></span> <span class='ocrx_word' id='word_1_665' title='bbox 2434 3386 2627 3450; x_wconf 84' lang='lat' dir='ltr'><strong>Patris,</strong></span> <span class='ocrx_word' id='word_1_666' title='bbox 2656 3396 2815 3451; x_wconf 86' lang='lat' dir='ltr'><strong>quem</strong></span> <span class='ocrx_word' id='word_1_667' title='bbox 2848 3392 2882 3431; x_wconf 89' lang='lat' dir='ltr'><strong>e</strong></span> <span class='ocrx_word' id='word_1_668' title='bbox 2906 3376 3034 3434; x_wconf 86' lang='lat' dir='ltr'><strong>vita,</strong></span> <span class='ocrx_word' id='word_1_669' title='bbox 3060 3385 3165 3425; x_wconf 80' lang='lat' dir='ltr'><strong>una</strong></span> <span class='ocrx_word' id='word_1_670' title='bbox 3193 3374 3315 3421; x_wconf 88' lang='lat' dir='ltr'><strong>ante</strong></span> <span class='ocrx_word' id='word_1_671' title='bbox 3344 3363 3473 3418; x_wconf 83' lang='lat' dir='ltr'><strong>heb-</strong></span> 
     </span>
    </p>
   </div>
   <div class='ocr_carea' id='block_1_87' title="bbox 1930 3454 3471 3554">
    <p class='ocr_par' dir='ltr' id='par_1_87' title="bbox 1930 3454 3471 3554">
     <span class='ocr_line' id='line_1_90' title="bbox 1930 3454 3471 3554; baseline -0.029 -6"><span class='ocrx_word' id='word_1_672' title='bbox 1930 3488 2155 3549; x_wconf 85' lang='lat' dir='ltr'><strong>domade</strong></span> <span class='ocrx_word' id='word_1_673' title='bbox 2184 3527 2198 3551; x_wconf 95' lang='lat'><strong>,</strong></span> <span class='ocrx_word' id='word_1_674' title='bbox 2226 3497 2383 3554; x_wconf 90' lang='lat' dir='ltr'><strong>quam</strong></span> <span class='ocrx_word' id='word_1_675' title='bbox 2420 3495 2448 3533; x_wconf 90' lang='lat' dir='ltr'><strong>e</strong></span> <span class='ocrx_word' id='word_1_676' title='bbox 2471 3471 2797 3530; x_wconf 84' lang='lat' dir='ltr'><strong>monasterio</strong></span> <span class='ocrx_word' id='word_1_677' title='bbox 2819 3465 3166 3521; x_wconf 83' lang='lat' dir='ltr'><strong>discederem.</strong></span> <span class='ocrx_word' id='word_1_678' title='bbox 3195 3459 3249 3512; x_wconf 93' lang='lat' dir='ltr'><strong>in</strong></span> <span class='ocrx_word' id='word_1_679' title='bbox 3275 3454 3471 3510; x_wconf 69' lang='lat' dir='ltr'><strong>caelum</strong></span> 
     </span>
    </p>
   </div>
   <div class='ocr_carea' id='block_1_88' title="bbox 1933 3550 3475 3650">
    <p class='ocr_par' dir='ltr' id='par_1_88' title="bbox 1933 3550 3475 3650">
     <span class='ocr_line' id='line_1_91' title="bbox 1933 3550 3475 3650; baseline -0.029 -11"><span class='ocrx_word' id='word_1_680' title='bbox 1933 3584 2313 3650; x_wconf 87' lang='lat' dir='ltr'><strong>assumpserat,</strong></span> <span class='ocrx_word' id='word_1_681' title='bbox 2348 3573 2521 3626; x_wconf 90' lang='lat' dir='ltr'><strong>virum</strong></span> <span class='ocrx_word' id='word_1_682' title='bbox 2550 3580 2677 3621; x_wconf 83' lang='lat' dir='ltr'><strong>sane</strong></span> <span class='ocrx_word' id='word_1_683' title='bbox 2698 3559 2952 3616; x_wconf 80' lang='lat' dir='ltr'><strong>eximium</strong></span> <span class='ocrx_word' id='word_1_684' title='bbox 2978 3596 2992 3621; x_wconf 92' lang='lat'><strong>,</strong></span> <span class='ocrx_word' id='word_1_685' title='bbox 3023 3561 3074 3609; x_wconf 89' lang='lat' dir='ltr'><strong>et</strong></span> <span class='ocrx_word' id='word_1_686' title='bbox 3107 3550 3362 3620; x_wconf 68' lang='lat' dir='ltr'><strong>dignitate</strong></span> <span class='ocrx_word' id='word_1_687' title='bbox 3381 3585 3395 3608; x_wconf 92' lang='lat'><strong>,</strong></span> <span class='ocrx_word' id='word_1_688' title='bbox 3421 3551 3475 3597; x_wconf 89' lang='lat' dir='ltr'><strong>et</strong></span> 
     </span>
    </p>
   </div>
   <div class='ocr_carea' id='block_1_89' title="bbox 1932 3640 3501 3739">
    <p class='ocr_par' dir='ltr' id='par_1_89' title="bbox 1932 3640 3501 3739">
     <span class='ocr_line' id='line_1_92' title="bbox 1932 3640 3501 3739; baseline -0.029 -9"><span class='ocrx_word' id='word_1_689' title='bbox 1932 3674 2105 3730; x_wconf 81' lang='lat' dir='ltr'><strong>ollicio</strong></span> <span class='ocrx_word' id='word_1_690' title='bbox 2144 3668 2449 3739; x_wconf 85' lang='lat' dir='ltr'><strong>proximum</strong></span> <span class='ocrx_word' id='word_1_691' title='bbox 2492 3676 2519 3714; x_wconf 89' lang='lat' dir='ltr'><strong>a</strong></span> <span class='ocrx_word' id='word_1_692' title='bbox 2566 3650 2977 3712; x_wconf 69' lang='lat' dir='ltr'><strong>«mnohiarcha,</strong></span> <span class='ocrx_word' id='word_1_693' title='bbox 3022 3643 3225 3721; x_wconf 78' lang='lat' dir='ltr'><strong>Menam</strong></span> <span class='ocrx_word' id='word_1_694' title='bbox 3264 3640 3339 3705; x_wconf 83' lang='grc' dir='ltr'><strong>(α)</strong></span> <span class='ocrx_word' id='word_1_695' title='bbox 3379 3650 3501 3688; x_wconf 78' lang='grc' dir='ltr'>ιιοο.</span> 
     </span>
    </p>
   </div>
   <div class='ocr_carea' id='block_1_90' title="bbox 1934 3735 3475 3831">
    <p class='ocr_par' dir='ltr' id='par_1_90' title="bbox 1934 3735 3475 3831">
     <span class='ocr_line' id='line_1_93' title="bbox 1934 3735 3475 3831; baseline -0.03 -8"><span class='ocrx_word' id='word_1_696' title='bbox 1934 3768 2099 3828; x_wconf 87' lang='lat' dir='ltr'><strong>mine,</strong></span> <span class='ocrx_word' id='word_1_697' title='bbox 2126 3735 2217 3831; x_wconf 79' lang='lat' dir='ltr'><strong>qui</strong></span> <span class='ocrx_word' id='word_1_698' title='bbox 2252 3759 2399 3827; x_wconf 89' lang='lat' dir='ltr'><strong>ipsos</strong></span> <span class='ocrx_word' id='word_1_699' title='bbox 2431 3754 2533 3824; x_wconf 78' lang='lat'><strong>61</strong></span> <span class='ocrx_word' id='word_1_700' title='bbox 2568 3762 2755 3811; x_wconf 71' lang='lat' dir='ltr'><strong>novem</strong></span> <span class='ocrx_word' id='word_1_701' title='bbox 2796 3752 2851 3796; x_wconf 91' lang='lat' dir='ltr'><strong>et</strong></span> <span class='ocrx_word' id='word_1_702' title='bbox 2880 3735 3267 3808; x_wconf 83' lang='lat' dir='ltr'><strong>quinquaginta</strong></span> <span class='ocrx_word' id='word_1_703' title='bbox 3307 3740 3475 3780; x_wconf 86' lang='lat' dir='ltr'><strong>annos</strong></span> 
     </span>
    </p>
   </div>
   <div class='ocr_carea' id='block_1_91' title="bbox 1935 3819 3471 3913">
    <p class='ocr_par' dir='ltr' id='par_1_91' title="bbox 1935 3819 3471 3913">
     <span class='ocr_line' id='line_1_94' title="bbox 1935 3819 3471 3913; baseline -0.029 -1"><span class='ocrx_word' id='word_1_704' title='bbox 1935 3861 1987 3912; x_wconf 92' lang='lat' dir='ltr'><strong>in</strong></span> <span class='ocrx_word' id='word_1_705' title='bbox 2036 3852 2281 3910; x_wconf 69' lang='lat' dir='ltr'><strong>coenobio</strong></span> <span class='ocrx_word' id='word_1_706' title='bbox 2308 3849 2591 3913; x_wconf 80' lang='lat' dir='ltr'><strong>exegerat,</strong></span> <span class='ocrx_word' id='word_1_707' title='bbox 2637 3846 2689 3891; x_wconf 90' lang='lat' dir='ltr'><strong>et</strong></span> <span class='ocrx_word' id='word_1_708' title='bbox 2720 3836 2884 3888; x_wconf 85' lang='lat' dir='ltr'><strong>totius</strong></span> <span class='ocrx_word' id='word_1_709' title='bbox 2913 3832 3105 3883; x_wconf 84' lang='lat' dir='ltr'><strong>demus</strong></span> <span class='ocrx_word' id='word_1_710' title='bbox 3125 3862 3139 3885; x_wconf 88' lang='lat'><strong>,</strong></span> <span class='ocrx_word' id='word_1_711' title='bbox 3183 3819 3471 3876; x_wconf 87' lang='lat' dir='ltr'><strong>secundum</strong></span> 
     </span>
    </p>
   </div>
   <div class='ocr_carea' id='block_1_92' title="bbox 1935 3904 3473 3998">
    <p class='ocr_par' dir='ltr' id='par_1_92' title="bbox 1935 3904 3473 3998">
     <span class='ocr_line' id='line_1_95' title="bbox 1935 3904 3473 3998; baseline -0.027 -2"><span class='ocrx_word' id='word_1_712' title='bbox 1935 3944 2215 3998; x_wconf 85' lang='lat' dir='ltr'><strong>abbatem,</strong></span> <span class='ocrx_word' id='word_1_713' title='bbox 2262 3904 2784 3987; x_wconf 74' lang='lat' dir='ltr'><strong>administrationem</strong></span> <span class='ocrx_word' id='word_1_714' title='bbox 2833 3916 3079 3972; x_wconf 84' lang='lat' dir='ltr'><strong>habebat.</strong></span> <span class='ocrx_word' id='word_1_715' title='bbox 3134 3909 3273 3977; x_wconf 84' lang='lat' dir='ltr'><strong>Ergo</strong></span> <span class='ocrx_word' id='word_1_716' title='bbox 3319 3904 3473 3957; x_wconf 83' lang='lat' dir='ltr'><strong>tertio</strong></span> 
     </span>
    </p>
   </div>
   <div class='ocr_carea' id='block_1_93' title="bbox 1933 4007 3477 4102">
    <p class='ocr_par' dir='ltr' id='par_1_93' title="bbox 1933 4007 3477 4102">
     <span class='ocr_line' id='line_1_96' title="bbox 1933 4007 3477 4102; baseline -0.027 -16"><span class='ocrx_word' id='word_1_717' title='bbox 1933 4039 2055 4102; x_wconf 84' lang='lat' dir='ltr'><strong>post</strong></span> <span class='ocrx_word' id='word_1_718' title='bbox 2098 4025 2266 4082; x_wconf 90' lang='lat' dir='ltr'><strong>sancti</strong></span> <span class='ocrx_word' id='word_1_719' title='bbox 2310 4023 2409 4075; x_wconf 87' lang='lat' dir='ltr'><strong>viri</strong></span> <span class='ocrx_word' id='word_1_720' title='bbox 2458 4026 2685 4073; x_wconf 89' lang='lat' dir='ltr'><strong>mortem</strong></span> <span class='ocrx_word' id='word_1_721' title='bbox 2726 4013 2847 4074; x_wconf 90' lang='lat' dir='ltr'><strong>die,</strong></span> <span class='ocrx_word' id='word_1_722' title='bbox 2882 4023 3004 4064; x_wconf 91' lang='lat' dir='ltr'><strong>cum</strong></span> <span class='ocrx_word' id='word_1_723' title='bbox 3046 4007 3331 4059; x_wconf 79' lang='lat' dir='ltr'><strong>consuetas</strong></span> <span class='ocrx_word' id='word_1_724' title='bbox 3376 4009 3477 4063; x_wconf 89' lang='lat' dir='ltr'><strong>pro</strong></span> 
     </span>
    </p>
   </div>
   <div class='ocr_carea' id='block_1_94' title="bbox 1936 4095 3475 4191">
    <p class='ocr_par' dir='ltr' id='par_1_94' title="bbox 1936 4095 3475 4191">
     <span class='ocr_line' id='line_1_97' title="bbox 1936 4095 3475 4191; baseline -0.028 -14"><span class='ocrx_word' id='word_1_725' title='bbox 1936 4124 2023 4179; x_wconf 89' lang='lat' dir='ltr'><strong>illo</strong></span> <span class='ocrx_word' id='word_1_726' title='bbox 2044 4133 2229 4191; x_wconf 87' lang='lat' dir='ltr'><strong>preces</strong></span> <span class='ocrx_word' id='word_1_727' title='bbox 2247 4124 2301 4178; x_wconf 81' lang='lat' dir='ltr'><strong>et</strong></span> <span class='ocrx_word' id='word_1_728' title='bbox 2327 4110 2619 4181; x_wconf 80' lang='lat' dir='ltr'><strong>exsequias</strong></span> <span class='ocrx_word' id='word_1_729' title='bbox 2641 4106 3053 4162; x_wconf 84' lang='lat' dir='ltr'><strong>celebraremus,</strong></span> <span class='ocrx_word' id='word_1_730' title='bbox 3077 4100 3290 4162; x_wconf 83' lang='lat' dir='ltr'><strong>repente</strong></span> <span class='ocrx_word' id='word_1_731' title='bbox 3308 4095 3475 4139; x_wconf 87' lang='lat' dir='ltr'><strong>totum</strong></span> 
     </span>
    </p>
   </div>
   <div class='ocr_carea' id='block_1_95' title="bbox 1937 4175 3477 4274">
    <p class='ocr_par' dir='ltr' id='par_1_95' title="bbox 1937 4175 3477 4274">
     <span class='ocr_line' id='line_1_98' title="bbox 1937 4175 3477 4274; baseline -0.029 -6"><span class='ocrx_word' id='word_1_732' title='bbox 1937 4213 2130 4268; x_wconf 91' lang='lat' dir='ltr'><strong>odeum</strong></span> <span class='ocrx_word' id='word_1_733' title='bbox 2154 4250 2168 4274; x_wconf 95' lang='lat'><strong>,</strong></span> <span class='ocrx_word' id='word_1_734' title='bbox 2202 4224 2293 4263; x_wconf 89' lang='lat' dir='ltr'><strong>seu</strong></span> <span class='ocrx_word' id='word_1_735' title='bbox 2325 4206 2476 4259; x_wconf 88' lang='lat' dir='ltr'><strong>locus</strong></span> <span class='ocrx_word' id='word_1_736' title='bbox 2503 4205 2554 4256; x_wconf 93' lang='lat' dir='ltr'><strong>in</strong></span> <span class='ocrx_word' id='word_1_737' title='bbox 2579 4214 2686 4270; x_wconf 90' lang='lat' dir='ltr'><strong>quo</strong></span> <span class='ocrx_word' id='word_1_738' title='bbox 2720 4198 2881 4251; x_wconf 87' lang='lat' dir='ltr'><strong>funus</strong></span> <span class='ocrx_word' id='word_1_739' title='bbox 2912 4188 3140 4261; x_wconf 74' lang='lat' dir='ltr'><strong>iacebat,</strong></span> <span class='ocrx_word' id='word_1_740' title='bbox 3172 4175 3477 4253; x_wconf 82' lang='lat' dir='ltr'><strong>gratissimo</strong></span> 
     </span>
    </p>
   </div>
   <div class='ocr_carea' id='block_1_96' title="bbox 1938 4264 3476 4372">
    <p class='ocr_par' dir='ltr' id='par_1_96' title="bbox 1938 4264 3476 4372">
     <span class='ocr_line' id='line_1_99' title="bbox 1938 4264 3476 4372; baseline -0.03 -12"><span class='ocrx_word' id='word_1_741' title='bbox 1938 4306 2101 4359; x_wconf 84' lang='lat' dir='ltr'><strong>odore</strong></span> <span class='ocrx_word' id='word_1_742' title='bbox 2140 4299 2393 4372; x_wconf 89' lang='lat' dir='ltr'><strong>perfusus</strong></span> <span class='ocrx_word' id='word_1_743' title='bbox 2424 4264 2742 4360; x_wconf 74' lang='lat' dir='ltr'><strong>completur.</strong></span> <span class='ocrx_word' id='word_1_744' title='bbox 2795 4285 2978 4352; x_wconf 84' lang='lat' dir='ltr'><strong>Itaque</strong></span> <span class='ocrx_word' id='word_1_745' title='bbox 3010 4289 3205 4349; x_wconf 67' lang='lat' dir='ltr'><strong>praeses</strong></span> <span class='ocrx_word' id='word_1_746' title='bbox 3246 4264 3476 4323; x_wconf 69' lang='lat' dir='ltr'><strong>cmnohii</strong></span> 
     </span>
    </p>
   </div>
   <div class='ocr_carea' id='block_1_97' title="bbox 1934 4372 3480 4468">
    <p class='ocr_par' dir='ltr' id='par_1_97' title="bbox 1934 4372 3480 4468">
     <span class='ocr_line' id='line_1_100' title="bbox 1934 4372 3480 4468; baseline -0.027 -15"><span class='ocrx_word' id='word_1_747' title='bbox 1934 4399 2083 4468; x_wconf 81' lang='lat' dir='ltr'><strong>jubet</strong></span> <span class='ocrx_word' id='word_1_748' title='bbox 2112 4391 2304 4462; x_wconf 85' lang='lat' dir='ltr'><strong>aperiri</strong></span> <span class='ocrx_word' id='word_1_749' title='bbox 2328 4390 2587 4464; x_wconf 75' lang='lat' dir='ltr'><strong>feretrum</strong></span> <span class='ocrx_word' id='word_1_750' title='bbox 2615 4401 2629 4449; x_wconf 93' lang='lat'><strong>;</strong></span> <span class='ocrx_word' id='word_1_751' title='bbox 2663 4391 2775 4435; x_wconf 89' lang='lat' dir='ltr'><strong>tum</strong></span> <span class='ocrx_word' id='word_1_752' title='bbox 2809 4389 2938 4431; x_wconf 78' lang='lat' dir='ltr'><strong>vero</strong></span> <span class='ocrx_word' id='word_1_753' title='bbox 2969 4372 3256 4441; x_wconf 56' lang='lat' dir='ltr'><strong>praesentes</strong></span> <span class='ocrx_word' id='word_1_754' title='bbox 3291 4372 3480 4412; x_wconf 86' lang='lat' dir='ltr'><strong>omnes</strong></span> 
     </span>
    </p>
   </div>
   <div class='ocr_carea' id='block_1_98' title="bbox 1938 4451 3483 4543">
    <p class='ocr_par' dir='ltr' id='par_1_98' title="bbox 1938 4451 3483 4543">
     <span class='ocr_line' id='line_1_101' title="bbox 1938 4451 3483 4543; baseline -0.025 -1"><span class='ocrx_word' id='word_1_755' title='bbox 1938 4487 2206 4543; x_wconf 89' lang='lat' dir='ltr'><strong>cernimus</strong></span> <span class='ocrx_word' id='word_1_756' title='bbox 2245 4497 2309 4536; x_wconf 88' lang='lat' dir='ltr'><strong>ex</strong></span> <span class='ocrx_word' id='word_1_757' title='bbox 2335 4475 2652 4533; x_wconf 81' lang='lat' dir='ltr'><strong>venerandis</strong></span> <span class='ocrx_word' id='word_1_758' title='bbox 2684 4473 2801 4542; x_wconf 88' lang='lat' dir='ltr'><strong>ejus</strong></span> <span class='ocrx_word' id='word_1_759' title='bbox 2832 4463 3032 4537; x_wconf 87' lang='lat' dir='ltr'><strong>plantis</strong></span> <span class='ocrx_word' id='word_1_760' title='bbox 3056 4458 3298 4528; x_wconf 84' lang='lat' dir='ltr'><strong>geminos</strong></span> <span class='ocrx_word' id='word_1_761' title='bbox 3326 4451 3483 4521; x_wconf 84' lang='lat' dir='ltr'><strong>quasi</strong></span> 
     </span>
    </p>
   </div>
   <div class='ocr_carea' id='block_1_99' title="bbox 1939 4549 3509 4643">
    <p class='ocr_par' dir='ltr' id='par_1_99' title="bbox 1939 4549 3509 4643">
     <span class='ocr_line' id='line_1_102' title="bbox 1939 4549 3509 4643; baseline -0.024 -11"><span class='ocrx_word' id='word_1_762' title='bbox 1939 4580 2111 4633; x_wconf 83' lang='lat' dir='ltr'><strong>fontes</strong></span> <span class='ocrx_word' id='word_1_763' title='bbox 2156 4572 2441 4643; x_wconf 77' lang='lat' dir='ltr'><strong>fragrantis</strong></span> <span class='ocrx_word' id='word_1_764' title='bbox 2480 4564 2735 4638; x_wconf 83' lang='lat' dir='ltr'><strong>unguenti</strong></span> <span class='ocrx_word' id='word_1_765' title='bbox 2782 4554 3065 4613; x_wconf 89' lang='lat' dir='ltr'><strong>seaturire.</strong></span> <span class='ocrx_word' id='word_1_766' title='bbox 3111 4549 3292 4615; x_wconf 80' lang='lat' dir='ltr'><strong>Quare</strong></span> <span class='ocrx_word' id='word_1_767' title='bbox 3340 4555 3509 4615; x_wconf 71' lang='lat' dir='ltr'><strong>prm-‘</strong></span> 
     </span>
    </p>
   </div>
   <div class='ocr_carea' id='block_1_100' title="bbox 1940 4639 3481 4724">
    <p class='ocr_par' dir='ltr' id='par_1_100' title="bbox 1940 4639 3481 4724">
     <span class='ocr_line' id='line_1_103' title="bbox 1940 4639 3481 4724; baseline -0.023 0"><span class='ocrx_word' id='word_1_768' title='bbox 1940 4672 2106 4724; x_wconf 84' lang='lat' dir='ltr'><strong>fectus</strong></span> <span class='ocrx_word' id='word_1_769' title='bbox 2138 4661 2443 4719; x_wconf 86' lang='lat' dir='ltr'><strong>monasterii</strong></span> <span class='ocrx_word' id='word_1_770' title='bbox 2477 4677 2488 4711; x_wconf 89' lang='lat'>:</span> <span class='ocrx_word' id='word_1_771' title='bbox 2526 4655 2743 4715; x_wconf 78' lang='lat' dir='ltr'><strong>Videtis,</strong></span> <span class='ocrx_word' id='word_1_772' title='bbox 2768 4647 2964 4718; x_wconf 90' lang='lat' dir='ltr'><strong>inquit,</strong></span> <span class='ocrx_word' id='word_1_773' title='bbox 3004 4658 3213 4705; x_wconf 88' lang='lat' dir='ltr'><strong>omnes,</strong></span> <span class='ocrx_word' id='word_1_774' title='bbox 3244 4639 3481 4693; x_wconf 85' lang='lat' dir='ltr'><strong>miracu-</strong></span> 
     </span>
    </p>
   </div>
   <div class='ocr_carea' id='block_1_101' title="bbox 1939 4728 3480 4825">
    <p class='ocr_par' dir='ltr' id='par_1_101' title="bbox 1939 4728 3480 4825">
     <span class='ocr_line' id='line_1_104' title="bbox 1939 4728 3480 4825; baseline -0.025 -10"><span class='ocrx_word' id='word_1_775' title='bbox 1939 4760 2086 4815; x_wconf 76' lang='lat' dir='ltr'><strong>lum?</strong></span> <span class='ocrx_word' id='word_1_776' title='bbox 2121 4774 2189 4812; x_wconf 90' lang='lat' dir='ltr'><strong>en</strong></span> <span class='ocrx_word' id='word_1_777' title='bbox 2223 4756 2460 4825; x_wconf 86' lang='lat' dir='ltr'><strong>laborum</strong></span> <span class='ocrx_word' id='word_1_778' title='bbox 2494 4756 2547 4802; x_wconf 89' lang='lat' dir='ltr'><strong>et</strong></span> <span class='ocrx_word' id='word_1_779' title='bbox 2578 4742 2953 4812; x_wconf 84' lang='lat' dir='ltr'><strong>fatigationum</strong></span> <span class='ocrx_word' id='word_1_780' title='bbox 2997 4753 3027 4792; x_wconf 89' lang='lat' dir='ltr'><strong>e</strong></span> <span class='ocrx_word' id='word_1_781' title='bbox 3069 4735 3289 4805; x_wconf 87' lang='lat' dir='ltr'><strong>pedibus</strong></span> <span class='ocrx_word' id='word_1_782' title='bbox 3312 4728 3480 4797; x_wconf 82' lang='lat' dir='ltr'><strong>ipsius</strong></span> 
     </span>
    </p>
   </div>
   <div class='ocr_carea' id='block_1_102' title="bbox 1872 4826 3480 4921">
    <p class='ocr_par' dir='ltr' id='par_1_102' title="bbox 1872 4826 3480 4921">
     <span class='ocr_line' id='line_1_105' title="bbox 1872 4826 3480 4921; baseline -0.027 -10"><span class='ocrx_word' id='word_1_783' title='bbox 1872 4863 1915 4918; x_wconf 89' lang='lat' dir='ltr'><strong>D</strong></span> <span class='ocrx_word' id='word_1_784' title='bbox 1943 4850 2179 4921; x_wconf 86' lang='lat' dir='ltr'><strong>expressi</strong></span> <span class='ocrx_word' id='word_1_785' title='bbox 2235 4844 2495 4902; x_wconf 88' lang='lat' dir='ltr'><strong>sudores,</strong></span> <span class='ocrx_word' id='word_1_786' title='bbox 2556 4848 2663 4891; x_wconf 85' lang='lat' dir='ltr'><strong>tam</strong></span> <span class='ocrx_word' id='word_1_787' title='bbox 2710 4844 2920 4905; x_wconf 82' lang='lat' dir='ltr'><strong>gratum</strong></span> <span class='ocrx_word' id='word_1_788' title='bbox 2964 4826 3073 4882; x_wconf 90' lang='lat' dir='ltr'><strong>Deo</strong></span> <span class='ocrx_word' id='word_1_789' title='bbox 3115 4826 3330 4879; x_wconf 90' lang='lat' dir='ltr'><strong>odorem</strong></span> <span class='ocrx_word' id='word_1_790' title='bbox 3378 4832 3480 4870; x_wconf 89' lang='lat' dir='ltr'><strong>un-</strong></span> 
     </span>
    </p>
   </div>
   <div class='ocr_carea' id='block_1_103' title="bbox 1944 4906 3479 5013">
    <p class='ocr_par' dir='ltr' id='par_1_103' title="bbox 1944 4906 3479 5013">
     <span class='ocr_line' id='line_1_106' title="bbox 1944 4906 3479 5013; baseline -0.029 -15"><span class='ocrx_word' id='word_1_791' title='bbox 1944 4906 2124 5013; x_wconf 65' lang='lat' dir='ltr'><strong>guenti</strong></span> <span class='ocrx_word' id='word_1_792' title='bbox 2170 4939 2290 5006; x_wconf 82' lang='lat' dir='ltr'><strong>(per</strong></span> <span class='ocrx_word' id='word_1_793' title='bbox 2323 4929 2620 4985; x_wconf 77' lang='lat' dir='ltr'><strong>obedientia:</strong></span> <span class='ocrx_word' id='word_1_794' title='bbox 2659 4919 3008 4991; x_wconf 78' lang='lat' dir='ltr'><strong>sacriﬁcium)</strong></span> <span class='ocrx_word' id='word_1_795' title='bbox 3046 4915 3373 4971; x_wconf 87' lang='lat' dir='ltr'><strong>obtulerunt.</strong></span> <span class='ocrx_word' id='word_1_796' title='bbox 3413 4906 3479 4957; x_wconf 80' lang='lat' dir='ltr'><strong>Et</strong></span> 
     </span>
    </p>
   </div>
   <div class='ocr_carea' id='block_1_104' title="bbox 1945 4995 3482 5089">
    <p class='ocr_par' dir='ltr' id='par_1_104' title="bbox 1945 4995 3482 5089">
     <span class='ocr_line' id='line_1_107' title="bbox 1945 4995 3482 5089; baseline -0.029 0"><span class='ocrx_word' id='word_1_797' title='bbox 1945 5048 2070 5089; x_wconf 88' lang='lat' dir='ltr'><strong>vere</strong></span> <span class='ocrx_word' id='word_1_798' title='bbox 2106 5042 2251 5085; x_wconf 85' lang='lat' dir='ltr'><strong>sane.</strong></span> <span class='ocrx_word' id='word_1_799' title='bbox 2282 5022 2415 5077; x_wconf 83' lang='lat' dir='ltr'><strong>Nam</strong></span> <span class='ocrx_word' id='word_1_800' title='bbox 2443 5037 2565 5076; x_wconf 91' lang='lat' dir='ltr'><strong>cum</strong></span> <span class='ocrx_word' id='word_1_801' title='bbox 2612 5028 2665 5073; x_wconf 89' lang='lat' dir='ltr'><strong>et</strong></span> <span class='ocrx_word' id='word_1_802' title='bbox 2699 5018 2800 5087; x_wconf 76' lang='lat' dir='ltr'><strong>alia</strong></span> <span class='ocrx_word' id='word_1_803' title='bbox 2844 5014 3071 5084; x_wconf 87' lang='lat' dir='ltr'><strong>plurima</strong></span> <span class='ocrx_word' id='word_1_804' title='bbox 3103 5001 3256 5057; x_wconf 86' lang='lat' dir='ltr'><strong>nobis</strong></span> <span class='ocrx_word' id='word_1_805' title='bbox 3284 4996 3350 5051; x_wconf 89' lang='lat' dir='ltr'><strong>de</strong></span> <span class='ocrx_word' id='word_1_806' title='bbox 3386 4995 3482 5047; x_wconf 90' lang='lat' dir='ltr'><strong>illo</strong></span> 
     </span>
    </p>
   </div>
   <div class='ocr_carea' id='block_1_105' title="bbox 1946 5095 3483 5181">
    <p class='ocr_par' dir='ltr' id='par_1_105' title="bbox 1946 5095 3483 5181">
     <span class='ocr_line' id='line_1_108' title="bbox 1946 5095 3483 5181; baseline -0.028 0"><span class='ocrx_word' id='word_1_807' title='bbox 1946 5120 2286 5181; x_wconf 85' lang='lat' dir='ltr'><strong>sanctissimo</strong></span> <span class='ocrx_word' id='word_1_808' title='bbox 2324 5116 2476 5169; x_wconf 86' lang='lat' dir='ltr'><strong>Mena</strong></span> <span class='ocrx_word' id='word_1_809' title='bbox 2504 5114 2688 5167; x_wconf 85' lang='lat' dir='ltr'><strong>Patres</strong></span> <span class='ocrx_word' id='word_1_810' title='bbox 2723 5110 2793 5163; x_wconf 86' lang='lat' dir='ltr'><strong>illi</strong></span> <span class='ocrx_word' id='word_1_811' title='bbox 2826 5103 3074 5176; x_wconf 56' lang='lat' dir='ltr'><strong>praeclara</strong></span> <span class='ocrx_word' id='word_1_812' title='bbox 3113 5095 3250 5148; x_wconf 80' lang='lat' dir='ltr'><strong>facta</strong></span> <span class='ocrx_word' id='word_1_813' title='bbox 3294 5104 3483 5143; x_wconf 85' lang='lat' dir='ltr'><strong>narra-</strong></span> 
     </span>
    </p>
   </div>
   <div class='ocr_carea' id='block_1_106' title="bbox 1946 5183 3485 5276">
    <p class='ocr_par' dir='ltr' id='par_1_106' title="bbox 1946 5183 3485 5276">
     <span class='ocr_line' id='line_1_109' title="bbox 1946 5183 3485 5276; baseline -0.024 -7"><span class='ocrx_word' id='word_1_814' title='bbox 1946 5222 2090 5276; x_wconf 86' lang='lat' dir='ltr'><strong>runt,</strong></span> <span class='ocrx_word' id='word_1_815' title='bbox 2126 5220 2234 5263; x_wconf 91' lang='lat' dir='ltr'><strong>tum</strong></span> <span class='ocrx_word' id='word_1_816' title='bbox 2268 5209 2368 5261; x_wconf 88' lang='lat' dir='ltr'><strong>hoc</strong></span> <span class='ocrx_word' id='word_1_817' title='bbox 2398 5208 2536 5260; x_wconf 87' lang='lat' dir='ltr'><strong>inter</strong></span> <span class='ocrx_word' id='word_1_818' title='bbox 2562 5205 2651 5259; x_wconf 90' lang='lat' dir='ltr'><strong>illa</strong></span> <span class='ocrx_word' id='word_1_819' title='bbox 2684 5220 2697 5254; x_wconf 89' lang='lat'>:</span> <span class='ocrx_word' id='word_1_820' title='bbox 2734 5202 2895 5259; x_wconf 77' lang='lat' dir='ltr'><strong>Cum,</strong></span> <span class='ocrx_word' id='word_1_821' title='bbox 2926 5191 3206 5260; x_wconf 90' lang='lat' dir='ltr'><strong>inquiunt,</strong></span> <span class='ocrx_word' id='word_1_822' title='bbox 3237 5183 3485 5237; x_wconf 82' lang='lat' dir='ltr'><strong>modera-</strong></span> 
     </span>
    </p>
   </div>
   <div class='ocr_carea' id='block_1_107' title="bbox 1945 5272 3481 5357">
    <p class='ocr_par' dir='ltr' id='par_1_107' title="bbox 1945 5272 3481 5357">
     <span class='ocr_line' id='line_1_110' title="bbox 1945 5272 3481 5357; baseline -0.023 0"><span class='ocrx_word' id='word_1_823' title='bbox 1945 5314 2026 5357; x_wconf 93' lang='lat' dir='ltr'><strong>tor</strong></span> <span class='ocrx_word' id='word_1_824' title='bbox 2044 5297 2275 5354; x_wconf 60' lang='lat' dir='ltr'><strong>coznobi&#39;t</strong></span> <span class='ocrx_word' id='word_1_825' title='bbox 2294 5297 2421 5350; x_wconf 90' lang='lat' dir='ltr'><strong>olim</strong></span> <span class='ocrx_word' id='word_1_826' title='bbox 2451 5295 2725 5350; x_wconf 88' lang='lat' dir='ltr'><strong>statuisset</strong></span> <span class='ocrx_word' id='word_1_827' title='bbox 2750 5286 2983 5340; x_wconf 81' lang='lat' dir='ltr'><strong>divinam</strong></span> <span class='ocrx_word' id='word_1_828' title='bbox 3009 5279 3153 5333; x_wconf 89' lang='lat' dir='ltr'><strong>illius</strong></span> <span class='ocrx_word' id='word_1_829' title='bbox 3174 5272 3481 5346; x_wconf 84' lang='lat' dir='ltr'><strong>patientiam</strong></span> 
     </span>
    </p>
   </div>
   <div class='ocr_carea' id='block_1_108' title="bbox 1942 5359 3482 5462">
    <p class='ocr_par' dir='ltr' id='par_1_108' title="bbox 1942 5359 3482 5462">
     <span class='ocr_line' id='line_1_111' title="bbox 1942 5359 3482 5462; baseline -0.023 -14"><span class='ocrx_word' id='word_1_830' title='bbox 1942 5392 2237 5462; x_wconf 87' lang='lat' dir='ltr'><strong>explorare,</strong></span> <span class='ocrx_word' id='word_1_831' title='bbox 2268 5396 2619 5442; x_wconf 84' lang='lat' dir='ltr'><strong>revertentem</strong></span> <span class='ocrx_word' id='word_1_832' title='bbox 2654 5377 2896 5435; x_wconf 85' lang='lat' dir='ltr'><strong>alicunde</strong></span> <span class='ocrx_word' id='word_1_833' title='bbox 2922 5373 3163 5434; x_wconf 91' lang='lat' dir='ltr'><strong>domum,</strong></span> <span class='ocrx_word' id='word_1_834' title='bbox 3194 5378 3247 5424; x_wconf 92' lang='lat' dir='ltr'><strong>et</strong></span> <span class='ocrx_word' id='word_1_835' title='bbox 3278 5359 3482 5431; x_wconf 81' lang='lat' dir='ltr'><strong>vesperi</strong></span> 
     </span>
    </p>
   </div>
   <div class='ocr_carea' id='block_1_109' title="bbox 1942 5463 3481 5551">
    <p class='ocr_par' dir='ltr' id='par_1_109' title="bbox 1942 5463 3481 5551">
     <span class='ocr_line' id='line_1_112' title="bbox 1942 5463 3481 5551; baseline -0.024 -11"><span class='ocrx_word' id='word_1_836' title='bbox 1942 5485 2007 5540; x_wconf 91' lang='lat' dir='ltr'><strong>ad</strong></span> <span class='ocrx_word' id='word_1_837' title='bbox 2043 5484 2260 5537; x_wconf 92' lang='lat' dir='ltr'><strong>modum</strong></span> <span class='ocrx_word' id='word_1_838' title='bbox 2294 5480 2599 5551; x_wconf 69' lang='lat' dir='ltr'><strong>pmnitentis</strong></span> <span class='ocrx_word' id='word_1_839' title='bbox 2630 5481 2751 5527; x_wconf 91' lang='lat' dir='ltr'><strong>ante</strong></span> <span class='ocrx_word' id='word_1_840' title='bbox 2782 5469 2939 5539; x_wconf 87' lang='lat' dir='ltr'><strong>pedes</strong></span> <span class='ocrx_word' id='word_1_841' title='bbox 2977 5463 3216 5535; x_wconf 63' lang='lat' dir='ltr'><strong>praesidis</strong></span> <span class='ocrx_word' id='word_1_842' title='bbox 3243 5465 3481 5529; x_wconf 78' lang='lat' dir='ltr'><strong>prostra-</strong></span> 
     </span>
    </p>
   </div>
   <div class='ocr_carea' id='block_1_110' title="bbox 1888 5554 3477 5639">
    <p class='ocr_par' dir='ltr' id='par_1_110' title="bbox 1888 5554 3477 5639">
     <span class='ocr_line' id='line_1_113' title="bbox 1888 5554 3477 5639; baseline -0.023 -10"><span class='ocrx_word' id='word_1_843' title='bbox 1888 5585 1895 5591; x_wconf 87' lang='lat'><strong><em>&#39;</em></strong></span> <span class='ocrx_word' id='word_1_844' title='bbox 1941 5584 2077 5635; x_wconf 89' lang='lat' dir='ltr'><strong>tum,</strong></span> <span class='ocrx_word' id='word_1_845' title='bbox 2114 5580 2166 5625; x_wconf 86' lang='lat' dir='ltr'><strong>et</strong></span> <span class='ocrx_word' id='word_1_846' title='bbox 2197 5585 2295 5639; x_wconf 91' lang='lat' dir='ltr'><strong>pro</strong></span> <span class='ocrx_word' id='word_1_847' title='bbox 2331 5586 2476 5624; x_wconf 90' lang='lat' dir='ltr'><strong>more</strong></span> <span class='ocrx_word' id='word_1_848' title='bbox 2516 5566 2737 5637; x_wconf 80' lang='lat' dir='ltr'><strong>gratiam</strong></span> <span class='ocrx_word' id='word_1_849' title='bbox 2768 5555 3156 5614; x_wconf 85' lang='lat' dir='ltr'><strong>benedictionis</strong></span> <span class='ocrx_word' id='word_1_850' title='bbox 3182 5554 3436 5621; x_wconf 89' lang='lat' dir='ltr'><strong>petentem</strong></span> <span class='ocrx_word' id='word_1_851' title='bbox 3464 5579 3477 5600; x_wconf 86' lang='lat'><strong>,</strong></span> 
     </span>
    </p>
   </div>
   <div class='ocr_carea' id='block_1_111' title="bbox 1955 5641 3485 5733">
    <p class='ocr_par' dir='ltr' id='par_1_111' title="bbox 1955 5641 3485 5733">
     <span class='ocr_line' id='line_1_114' title="bbox 1955 5641 3485 5733; baseline -0.017 -15"><span class='ocrx_word' id='word_1_852' title='bbox 1955 5664 2034 5719; x_wconf 89' lang='lat' dir='ltr'><strong>sic</strong></span> <span class='ocrx_word' id='word_1_853' title='bbox 2069 5662 2214 5717; x_wconf 91' lang='lat' dir='ltr'><strong>humi</strong></span> <span class='ocrx_word' id='word_1_854' title='bbox 2244 5661 2507 5733; x_wconf 86' lang='lat' dir='ltr'><strong>ahjectum</strong></span> <span class='ocrx_word' id='word_1_855' title='bbox 2536 5652 2750 5723; x_wconf 88' lang='lat' dir='ltr'><strong>reliquit</strong></span> <span class='ocrx_word' id='word_1_856' title='bbox 2782 5650 2937 5705; x_wconf 84' lang='lat' dir='ltr'><strong>Pater</strong></span> <span class='ocrx_word' id='word_1_857' title='bbox 2975 5658 3145 5716; x_wconf 66' lang='lat' dir='ltr'><strong>usque</strong></span> <span class='ocrx_word' id='word_1_858' title='bbox 3180 5641 3245 5695; x_wconf 91' lang='lat' dir='ltr'><strong>ad</strong></span> <span class='ocrx_word' id='word_1_859' title='bbox 3298 5643 3485 5705; x_wconf 66' lang='lat' dir='ltr'><strong>preces</strong></span> 
     </span>
    </p>
   </div>
   <div class='ocr_carea' id='block_1_112' title="bbox 380 5801 2040 5934">
    <p class='ocr_par' dir='ltr' id='par_1_112' title="bbox 380 5801 2040 5934">
     <span class='ocr_line' id='line_1_115' title="bbox 380 5801 2040 5934; baseline -0.01 -18"><span class='ocrx_word' id='word_1_860' title='bbox 380 5860 463 5934; x_wconf 81' lang='grc' dir='ltr'><strong>(α)</strong></span> <span class='ocrx_word' id='word_1_861' title='bbox 493 5843 712 5916; x_wconf 72' lang='lat' dir='ltr'><strong>oe&#39;ana</strong></span> <span class='ocrx_word' id='word_1_862' title='bbox 736 5855 971 5925; x_wconf 82' lang='lat' dir='ltr'><strong>ejusdem</strong></span> <span class='ocrx_word' id='word_1_863' title='bbox 1003 5854 1231 5912; x_wconf 75' lang='lat' dir='ltr'><strong>nominis</strong></span> <span class='ocrx_word' id='word_1_864' title='bbox 1278 5849 1426 5904; x_wconf 82' lang='lat' dir='ltr'><strong>Mena</strong></span> <span class='ocrx_word' id='word_1_865' title='bbox 1470 5846 1517 5902; x_wconf 73' lang='grc' dir='ltr'>ι.</span> <span class='ocrx_word' id='word_1_866' title='bbox 1567 5844 1831 5911; x_wconf 80' lang='lat' dir='ltr'><strong>Eviratus,</strong></span> <span class='ocrx_word' id='word_1_867' title='bbox 1872 5860 1924 5913; x_wconf 73' lang='grc' dir='ltr'><strong>ν.</strong></span> <span class='ocrx_word' id='word_1_868' title='bbox 1958 5801 2040 5899; x_wconf 64' lang='grc' dir='ltr'>ιδ.</span> 
     </span>
    </p>
   </div>
  </div>
