  <div class='ocr_page' id='page_1' title='image "/cluster/home/n/w/nwhite01/storage/ocr_20150623/88/pst.000005712946/365.png"; bbox 0 0 4048 6338; ppageno 0'>
   <div class='ocr_carea' id='block_1_1' title="bbox 1843 402 2620 486">
    <p class='ocr_par' dir='ltr' id='par_1_1' title="bbox 1843 402 2620 486">
     <span class='ocr_line' id='line_1_1' title="bbox 1843 402 2620 486; baseline 0.01 -10"><span class='ocrx_word' id='word_1_1' title='bbox 1843 402 1934 478; x_wconf 76' lang='lat' dir='ltr'><strong>.s&#39;.</strong></span> <span class='ocrx_word' id='word_1_2' title='bbox 1968 419 2279 484; x_wconf 80' lang='lat' dir='ltr'><strong>JOANNIS</strong></span> <span class='ocrx_word' id='word_1_3' title='bbox 2319 425 2620 486; x_wconf 87' lang='lat' dir='ltr'><strong>CLIMACI</strong></span> 
     </span>
    </p>
   </div>
   <div class='ocr_carea' id='block_1_2' title="bbox 665 515 2217 610">
    <p class='ocr_par' dir='ltr' id='par_1_2' title="bbox 665 515 2194 610">
     <span class='ocr_line' id='line_1_2' title="bbox 665 515 2194 610; baseline 0.007 -34"><span class='ocrx_word' id='word_1_4' title='bbox 665 521 780 576; x_wconf 82' lang='lat' dir='ltr'><strong>si&#39;de</strong></span> <span class='ocrx_word' id='word_1_5' title='bbox 821 521 1022 590; x_wconf 69' lang='lat' dir='ltr'><strong>eiectus</strong></span> <span class='ocrx_word' id='word_1_6' title='bbox 1073 530 1187 576; x_wconf 88' lang='lat' dir='ltr'><strong>erat</strong></span> <span class='ocrx_word' id='word_1_7' title='bbox 1221 525 1546 610; x_wconf 41' lang='lat' dir='ltr'><strong>e&#39;cmnobio,</strong></span> <span class='ocrx_word' id='word_1_8' title='bbox 1597 526 1742 595; x_wconf 88' lang='lat' dir='ltr'><strong>quod</strong></span> <span class='ocrx_word' id='word_1_9' title='bbox 1786 515 2013 583; x_wconf 87' lang='lat' dir='ltr'><strong>alterum</strong></span> <span class='ocrx_word' id='word_1_10' title='bbox 2053 532 2194 600; x_wconf 87' lang='lat' dir='ltr'><strong>apud</strong></span> 
     </span>
    </p>
   </div>
   <div class='ocr_carea' id='block_1_3' title="bbox 2314 515 3832 610">
    <p class='ocr_par' dir='ltr' id='par_1_3' title="bbox 2314 531 3832 607">
     <span class='ocr_line' id='line_1_3' title="bbox 2314 531 3832 607; baseline -0.003 -19"><span class='ocrx_word' id='word_1_11' title='bbox 2314 537 2500 589; x_wconf 82' lang='grc' dir='ltr'><strong>τυλῶνι</strong></span> <span class='ocrx_word' id='word_1_12' title='bbox 2548 537 2648 606; x_wconf 82' lang='grc' dir='ltr'><strong>τῆς</strong></span> <span class='ocrx_word' id='word_1_13' title='bbox 2700 537 2864 607; x_wconf 83' lang='grc' dir='ltr'><strong>μονῆς</strong></span> <span class='ocrx_word' id='word_1_14' title='bbox 2920 535 3287 606; x_wconf 75' lang='grc' dir='ltr'><strong>ἑϐδοματιαϊον</strong></span> <span class='ocrx_word' id='word_1_15' title='bbox 3335 533 3520 604; x_wconf 73' lang='grc' dir='ltr'><strong>χρόνον</strong></span> <span class='ocrx_word' id='word_1_16' title='bbox 3565 531 3832 584; x_wconf 68' lang='grc' dir='ltr'><strong>δυσωπῶν</strong></span> 
     </span>
    </p>
   </div>
   <div class='ocr_carea' id='block_1_4' title="bbox 667 611 2217 699">
    <p class='ocr_par' dir='ltr' id='par_1_4' title="bbox 667 611 2199 684">
     <span class='ocr_line' id='line_1_4' title="bbox 667 611 2199 684; baseline 0.008 -22"><span class='ocrx_word' id='word_1_17' title='bbox 667 611 843 678; x_wconf 83' lang='lat' dir='ltr'><strong>ipsum</strong></span> <span class='ocrx_word' id='word_1_18' title='bbox 877 651 892 673; x_wconf 92' lang='lat'><strong>,</strong></span> <span class='ocrx_word' id='word_1_19' title='bbox 967 619 1025 663; x_wconf 84' lang='lat' dir='ltr'><strong>ut</strong></span> <span class='ocrx_word' id='word_1_20' title='bbox 1082 627 1340 682; x_wconf 86' lang='lat' dir='ltr'><strong>nugacem</strong></span> <span class='ocrx_word' id='word_1_21' title='bbox 1411 624 1466 667; x_wconf 89' lang='lat' dir='ltr'><strong>et</strong></span> <span class='ocrx_word' id='word_1_22' title='bbox 1541 613 1816 684; x_wconf 83' lang='lat' dir='ltr'><strong>loquacem</strong></span> <span class='ocrx_word' id='word_1_23' title='bbox 1887 617 2199 676; x_wconf 74' lang='lat' dir='ltr'><strong>criminatus</strong></span> 
     </span>
    </p>
   </div>
   <div class='ocr_carea' id='block_1_5' title="bbox 2314 611 3832 699">
    <p class='ocr_par' dir='ltr' id='par_1_5' title="bbox 2314 621 3832 699">
     <span class='ocr_line' id='line_1_5' title="bbox 2314 621 3832 699; baseline -0.004 -19"><span class='ocrx_word' id='word_1_24' title='bbox 2314 628 2525 697; x_wconf 70' lang='grc' dir='ltr'><strong>εἰσόδου,</strong></span> <span class='ocrx_word' id='word_1_25' title='bbox 2549 629 2641 682; x_wconf 75' lang='grc' dir='ltr'><strong>καὶ</strong></span> <span class='ocrx_word' id='word_1_26' title='bbox 2661 628 2908 699; x_wconf 83' lang='grc' dir='ltr'><strong>συγχωρή</strong></span> <span class='ocrx_word' id='word_1_27' title='bbox 2917 644 3046 690; x_wconf 82' lang='grc' dir='ltr'><strong>σεως</strong></span> <span class='ocrx_word' id='word_1_28' title='bbox 3066 629 3260 697; x_wconf 80' lang='grc' dir='ltr'><strong>τυχεῖν·</strong></span> <span class='ocrx_word' id='word_1_29' title='bbox 3283 624 3356 689; x_wconf 82' lang='grc' dir='ltr'><strong>ὡς</strong></span> <span class='ocrx_word' id='word_1_30' title='bbox 3379 623 3435 677; x_wconf 79' lang='grc' dir='ltr'><strong>δὲ</strong></span> <span class='ocrx_word' id='word_1_31' title='bbox 3455 622 3610 678; x_wconf 63' lang='grc' dir='ltr'><strong>τοῦτο</strong></span> <span class='ocrx_word' id='word_1_32' title='bbox 3630 621 3832 692; x_wconf 75' lang='grc' dir='ltr'><strong>ἔμαθεν</strong></span> 
     </span>
    </p>
   </div>
   <div class='ocr_carea' id='block_1_6' title="bbox 666 699 2202 776">
    <p class='ocr_par' dir='ltr' id='par_1_6' title="bbox 666 699 2202 776">
     <span class='ocr_line' id='line_1_6' title="bbox 666 699 2202 776; baseline 0.007 -22"><span class='ocrx_word' id='word_1_33' title='bbox 666 708 818 755; x_wconf 86' lang='lat' dir='ltr'><strong>esset.</strong></span> <span class='ocrx_word' id='word_1_34' title='bbox 883 699 1144 768; x_wconf 82' lang='lat' dir='ltr'><strong>Expulsus</strong></span> <span class='ocrx_word' id='word_1_35' title='bbox 1204 714 1401 769; x_wconf 89' lang='lat' dir='ltr'><strong>antem,</strong></span> <span class='ocrx_word' id='word_1_36' title='bbox 1445 704 1496 756; x_wconf 93' lang='lat' dir='ltr'><strong>in</strong></span> <span class='ocrx_word' id='word_1_37' title='bbox 1530 705 1788 759; x_wconf 85' lang='lat' dir='ltr'><strong>vestibulo</strong></span> <span class='ocrx_word' id='word_1_38' title='bbox 1833 721 1998 776; x_wconf 73' lang='lat' dir='ltr'><strong>porta:</strong></span> <span class='ocrx_word' id='word_1_39' title='bbox 2063 719 2202 765; x_wconf 89' lang='lat' dir='ltr'><strong>totos</strong></span> 
     </span>
    </p>
   </div>
   <div class='ocr_carea' id='block_1_7' title="bbox 667 791 2231 860">
    <p class='ocr_par' dir='ltr' id='par_1_7' title="bbox 667 791 2231 860">
     <span class='ocr_line' id='line_1_7' title="bbox 667 791 2231 860; baseline 0.008 -18"><span class='ocrx_word' id='word_1_40' title='bbox 667 797 867 858; x_wconf 88' lang='lat' dir='ltr'><strong>septem</strong></span> <span class='ocrx_word' id='word_1_41' title='bbox 918 791 1033 845; x_wconf 84' lang='lat' dir='ltr'><strong>dies</strong></span> <span class='ocrx_word' id='word_1_42' title='bbox 1078 791 1314 845; x_wconf 88' lang='lat' dir='ltr'><strong>substitit</strong></span> <span class='ocrx_word' id='word_1_43' title='bbox 1379 793 1590 847; x_wconf 80' lang='lat' dir='ltr'><strong>assidue</strong></span> <span class='ocrx_word' id='word_1_44' title='bbox 1639 795 1840 850; x_wconf 89' lang='lat' dir='ltr'><strong>aditum</strong></span> <span class='ocrx_word' id='word_1_45' title='bbox 1899 812 2086 853; x_wconf 78' lang='lat' dir='ltr'><strong>rursus</strong></span> <span class='ocrx_word' id='word_1_46' title='bbox 2134 798 2231 860; x_wconf 39' lang='lat' dir='ltr'><strong>ad.</strong></span> 
     </span>
    </p>
   </div>
   <div class='ocr_carea' id='block_1_8' title="bbox 669 881 2202 954">
    <p class='ocr_par' dir='ltr' id='par_1_8' title="bbox 669 881 2202 954">
     <span class='ocr_line' id='line_1_8' title="bbox 669 881 2202 954; baseline 0.005 -19"><span class='ocrx_word' id='word_1_47' title='bbox 669 881 992 945; x_wconf 65' lang='lat' dir='ltr'><strong>coenobium,</strong></span> <span class='ocrx_word' id='word_1_48' title='bbox 1069 893 1124 936; x_wconf 89' lang='lat' dir='ltr'><strong>et</strong></span> <span class='ocrx_word' id='word_1_49' title='bbox 1182 883 1358 937; x_wconf 88' lang='lat' dir='ltr'><strong>delicti</strong></span> <span class='ocrx_word' id='word_1_50' title='bbox 1430 885 1639 938; x_wconf 81' lang='lat' dir='ltr'><strong>veniam</strong></span> <span class='ocrx_word' id='word_1_51' title='bbox 1701 897 1970 954; x_wconf 78' lang='lat' dir='ltr'><strong>precatus.</strong></span> <span class='ocrx_word' id='word_1_52' title='bbox 2052 889 2202 954; x_wconf 83' lang='lat' dir='ltr'><strong>Quod</strong></span> 
     </span>
    </p>
   </div>
   <div class='ocr_carea' id='block_1_9' title="bbox 673 971 2202 1049">
    <p class='ocr_par' dir='ltr' id='par_1_9' title="bbox 673 971 2202 1049">
     <span class='ocr_line' id='line_1_9' title="bbox 673 971 2202 1049; baseline 0.007 -26"><span class='ocrx_word' id='word_1_53' title='bbox 673 971 766 1024; x_wconf 90' lang='lat' dir='ltr'><strong>ubi</strong></span> <span class='ocrx_word' id='word_1_54' title='bbox 823 987 1010 1026; x_wconf 86' lang='lat' dir='ltr'><strong>amans</strong></span> <span class='ocrx_word' id='word_1_55' title='bbox 1054 973 1245 1027; x_wconf 85' lang='lat' dir='ltr'><strong>salutis</strong></span> <span class='ocrx_word' id='word_1_56' title='bbox 1313 972 1610 1028; x_wconf 87' lang='lat' dir='ltr'><strong>animarum</strong></span> <span class='ocrx_word' id='word_1_57' title='bbox 1674 991 1874 1044; x_wconf 78' lang='lat' dir='ltr'><strong>prmses</strong></span> <span class='ocrx_word' id='word_1_58' title='bbox 1934 980 2202 1049; x_wconf 76' lang='lat' dir='ltr'><strong>cognovit,</strong></span> 
     </span>
    </p>
   </div>
   <div class='ocr_carea' id='block_1_10' title="bbox 669 1060 2207 1134">
    <p class='ocr_par' dir='ltr' id='par_1_10' title="bbox 669 1060 2207 1134">
     <span class='ocr_line' id='line_1_10' title="bbox 669 1060 2207 1134; baseline 0.008 -22"><span class='ocrx_word' id='word_1_59' title='bbox 669 1060 933 1130; x_wconf 76' lang='lat' dir='ltr'><strong>simulque</strong></span> <span class='ocrx_word' id='word_1_60' title='bbox 977 1063 1251 1127; x_wconf 76' lang='lat' dir='ltr'><strong>intellexit,</strong></span> <span class='ocrx_word' id='word_1_61' title='bbox 1305 1064 1454 1117; x_wconf 91' lang='lat' dir='ltr'><strong>illum</strong></span> <span class='ocrx_word' id='word_1_62' title='bbox 1519 1081 1612 1134; x_wconf 86' lang='lat' dir='ltr'><strong>per</strong></span> <span class='ocrx_word' id='word_1_63' title='bbox 1659 1083 1750 1121; x_wconf 81' lang='lat' dir='ltr'><strong>sex</strong></span> <span class='ocrx_word' id='word_1_64' title='bbox 1779 1068 1894 1124; x_wconf 87' lang='lat' dir='ltr'><strong>dies</strong></span> <span class='ocrx_word' id='word_1_65' title='bbox 1951 1070 2070 1124; x_wconf 86' lang='lat' dir='ltr'><strong>illos</strong></span> <span class='ocrx_word' id='word_1_66' title='bbox 2125 1071 2207 1124; x_wconf 89' lang='lat' dir='ltr'><strong>ni-</strong></span> 
     </span>
    </p>
   </div>
   <div class='ocr_carea' id='block_1_11' title="bbox 670 1149 2202 1229">
    <p class='ocr_par' dir='ltr' id='par_1_11' title="bbox 670 1149 2202 1229">
     <span class='ocr_line' id='line_1_11' title="bbox 670 1149 2202 1229; baseline 0.008 -27"><span class='ocrx_word' id='word_1_67' title='bbox 670 1149 743 1203; x_wconf 85' lang='lat' dir='ltr'><strong>hil</strong></span> <span class='ocrx_word' id='word_1_68' title='bbox 805 1153 1027 1204; x_wconf 87' lang='lat' dir='ltr'><strong>omnino</strong></span> <span class='ocrx_word' id='word_1_69' title='bbox 1078 1161 1357 1222; x_wconf 75' lang='lat' dir='ltr'><strong>gustasse,</strong></span> <span class='ocrx_word' id='word_1_70' title='bbox 1413 1155 1619 1210; x_wconf 77' lang='lat' dir='ltr'><strong>curavit</strong></span> <span class='ocrx_word' id='word_1_71' title='bbox 1667 1157 1741 1211; x_wconf 89' lang='lat' dir='ltr'><strong>illi</strong></span> <span class='ocrx_word' id='word_1_72' title='bbox 1808 1159 2116 1229; x_wconf 84' lang='lat' dir='ltr'><strong>signiﬁcari,</strong></span> <span class='ocrx_word' id='word_1_73' title='bbox 2160 1162 2202 1229; x_wconf 79' lang='lat' dir='ltr'><strong>si</strong></span> 
     </span>
    </p>
   </div>
   <div class='ocr_carea' id='block_1_12' title="bbox 672 1227 2206 1306">
    <p class='ocr_par' dir='ltr' id='par_1_12' title="bbox 672 1227 2206 1306">
     <span class='ocr_line' id='line_1_12' title="bbox 672 1227 2206 1306; baseline 0.009 -14"><span class='ocrx_word' id='word_1_74' title='bbox 672 1241 895 1294; x_wconf 91' lang='lat' dir='ltr'><strong>omnino</strong></span> <span class='ocrx_word' id='word_1_75' title='bbox 950 1242 1015 1295; x_wconf 87' lang='lat' dir='ltr'><strong>ad</strong></span> <span class='ocrx_word' id='word_1_76' title='bbox 1073 1243 1485 1298; x_wconf 86' lang='lat' dir='ltr'><strong>contubernium</strong></span> <span class='ocrx_word' id='word_1_77' title='bbox 1563 1246 1783 1302; x_wconf 77' lang='lat' dir='ltr'><strong>fratrum</strong></span> <span class='ocrx_word' id='word_1_78' title='bbox 1837 1227 2040 1304; x_wconf 73' lang='lat' dir='ltr'><strong>admitti</strong></span> <span class='ocrx_word' id='word_1_79' title='bbox 2097 1227 2206 1306; x_wconf 87' lang='lat' dir='ltr'><strong>vel-</strong></span> 
     </span>
    </p>
   </div>
   <div class='ocr_carea' id='block_1_13' title="bbox 669 1329 2206 1407">
    <p class='ocr_par' dir='ltr' id='par_1_13' title="bbox 669 1329 2206 1407">
     <span class='ocr_line' id='line_1_13' title="bbox 669 1329 2206 1407; baseline 0.008 -25"><span class='ocrx_word' id='word_1_80' title='bbox 669 1329 764 1392; x_wconf 87' lang='lat' dir='ltr'><strong>let,</strong></span> <span class='ocrx_word' id='word_1_81' title='bbox 821 1330 885 1383; x_wconf 90' lang='lat' dir='ltr'><strong>ad</strong></span> <span class='ocrx_word' id='word_1_82' title='bbox 959 1331 1329 1399; x_wconf 74' lang='lat' dir='ltr'><strong>puenitentium</strong></span> <span class='ocrx_word' id='word_1_83' title='bbox 1391 1335 1617 1389; x_wconf 87' lang='lat' dir='ltr'><strong>classem</strong></span> <span class='ocrx_word' id='word_1_84' title='bbox 1702 1340 1970 1395; x_wconf 86' lang='lat' dir='ltr'><strong>transiret.</strong></span> <span class='ocrx_word' id='word_1_85' title='bbox 2037 1341 2206 1407; x_wconf 86' lang='lat' dir='ltr'><strong>Quam</strong></span> 
     </span>
    </p>
   </div>
   <div class='ocr_carea' id='block_1_14' title="bbox 670 1417 2208 1500">
    <p class='ocr_par' dir='ltr' id='par_1_14' title="bbox 670 1417 2208 1500">
     <span class='ocr_line' id='line_1_14' title="bbox 670 1417 2208 1500; baseline 0.007 -27"><span class='ocrx_word' id='word_1_86' title='bbox 670 1421 1026 1476; x_wconf 87' lang='lat' dir='ltr'><strong>conditionem</strong></span> <span class='ocrx_word' id='word_1_87' title='bbox 1079 1417 1202 1479; x_wconf 86' lang='lat' dir='ltr'><strong>cum</strong></span> <span class='ocrx_word' id='word_1_88' title='bbox 1255 1426 1300 1477; x_wconf 81' lang='lat' dir='ltr'><strong>is</strong></span> <span class='ocrx_word' id='word_1_89' title='bbox 1346 1440 1503 1492; x_wconf 90' lang='lat' dir='ltr'><strong>quem</strong></span> <span class='ocrx_word' id='word_1_90' title='bbox 1558 1427 1682 1482; x_wconf 86' lang='lat' dir='ltr'><strong>lacti</strong></span> <span class='ocrx_word' id='word_1_91' title='bbox 1749 1445 1812 1482; x_wconf 83' lang='lat' dir='ltr'><strong>ex</strong></span> <span class='ocrx_word' id='word_1_92' title='bbox 1867 1430 2046 1482; x_wconf 86' lang='lat' dir='ltr'><strong>animo</strong></span> <span class='ocrx_word' id='word_1_93' title='bbox 2095 1446 2208 1500; x_wconf 72' lang='lat' dir='ltr'><strong>pm-</strong></span> 
     </span>
    </p>
   </div>
   <div class='ocr_carea' id='block_1_15' title="bbox 671 1507 2210 1582">
    <p class='ocr_par' dir='ltr' id='par_1_15' title="bbox 671 1507 2210 1582">
     <span class='ocr_line' id='line_1_15' title="bbox 671 1507 2210 1582; baseline 0.003 -21"><span class='ocrx_word' id='word_1_94' title='bbox 671 1507 873 1562; x_wconf 88' lang='lat' dir='ltr'><strong>nitebat</strong></span> <span class='ocrx_word' id='word_1_95' title='bbox 919 1510 1089 1564; x_wconf 77' lang='lat' dir='ltr'><strong>obviis</strong></span> <span class='ocrx_word' id='word_1_96' title='bbox 1164 1510 1411 1564; x_wconf 88' lang='lat' dir='ltr'><strong>manibus</strong></span> <span class='ocrx_word' id='word_1_97' title='bbox 1466 1514 1797 1581; x_wconf 79' lang='lat' dir='ltr'><strong>amplexatus</strong></span> <span class='ocrx_word' id='word_1_98' title='bbox 1847 1524 2010 1578; x_wconf 88' lang='lat' dir='ltr'><strong>esset,</strong></span> <span class='ocrx_word' id='word_1_99' title='bbox 2049 1515 2210 1582; x_wconf 77' lang='lat' dir='ltr'><strong>jussit</strong></span> 
     </span>
    </p>
   </div>
   <div class='ocr_carea' id='block_1_16' title="bbox 671 1597 2208 1674">
    <p class='ocr_par' dir='ltr' id='par_1_16' title="bbox 671 1597 2208 1674">
     <span class='ocr_line' id='line_1_16' title="bbox 671 1597 2208 1674; baseline 0.005 -25"><span class='ocrx_word' id='word_1_100' title='bbox 671 1611 792 1649; x_wconf 86' lang='lat' dir='ltr'><strong>cum</strong></span> <span class='ocrx_word' id='word_1_101' title='bbox 857 1597 1021 1652; x_wconf 77' lang='lat' dir='ltr'><strong>abbas</strong></span> <span class='ocrx_word' id='word_1_102' title='bbox 1070 1597 1135 1650; x_wconf 90' lang='lat' dir='ltr'><strong>ad</strong></span> <span class='ocrx_word' id='word_1_103' title='bbox 1186 1597 1364 1652; x_wconf 92' lang='lat' dir='ltr'><strong>locum</strong></span> <span class='ocrx_word' id='word_1_104' title='bbox 1412 1600 1676 1667; x_wconf 85' lang='lat' dir='ltr'><strong>privatum</strong></span> <span class='ocrx_word' id='word_1_105' title='bbox 1730 1599 2084 1674; x_wconf 72' lang='lat' dir='ltr'><strong>[separatum]</strong></span> <span class='ocrx_word' id='word_1_106' title='bbox 2113 1603 2208 1657; x_wconf 88' lang='lat' dir='ltr'><strong>de-</strong></span> 
     </span>
    </p>
   </div>
   <div class='ocr_carea' id='block_1_17' title="bbox 672 1683 2209 1759">
    <p class='ocr_par' dir='ltr' id='par_1_17' title="bbox 672 1683 2209 1759">
     <span class='ocr_line' id='line_1_17' title="bbox 672 1683 2209 1759; baseline 0.006 -22"><span class='ocrx_word' id='word_1_107' title='bbox 672 1683 816 1747; x_wconf 88' lang='lat' dir='ltr'><strong>duci,</strong></span> <span class='ocrx_word' id='word_1_108' title='bbox 886 1686 978 1738; x_wconf 90' lang='lat' dir='ltr'><strong>ubi</strong></span> <span class='ocrx_word' id='word_1_109' title='bbox 1037 1685 1382 1741; x_wconf 85' lang='lat' dir='ltr'><strong>morabantur</strong></span> <span class='ocrx_word' id='word_1_110' title='bbox 1441 1688 1550 1759; x_wconf 71' lang='lat'><strong>66</strong></span> <span class='ocrx_word' id='word_1_111' title='bbox 1613 1688 1651 1741; x_wconf 91' lang='lat' dir='ltr'><strong>ii</strong></span> <span class='ocrx_word' id='word_1_112' title='bbox 1703 1691 1793 1759; x_wconf 89' lang='lat' dir='ltr'><strong>qui</strong></span> <span class='ocrx_word' id='word_1_113' title='bbox 1854 1700 2069 1759; x_wconf 85' lang='lat' dir='ltr'><strong>peccata</strong></span> <span class='ocrx_word' id='word_1_114' title='bbox 2112 1707 2209 1746; x_wconf 89' lang='lat' dir='ltr'><strong>sua</strong></span> 
     </span>
    </p>
   </div>
   <div class='ocr_carea' id='block_1_18' title="bbox 599 1773 2206 1850">
    <p class='ocr_par' dir='ltr' id='par_1_18' title="bbox 599 1773 2206 1850">
     <span class='ocr_line' id='line_1_18' title="bbox 599 1773 2206 1850; baseline 0.004 -24"><span class='ocrx_word' id='word_1_115' title='bbox 673 1775 1012 1843; x_wconf 80' lang='lat' dir='ltr'><strong>plangebant.</strong></span> <span class='ocrx_word' id='word_1_116' title='bbox 1070 1773 1225 1841; x_wconf 85' lang='lat' dir='ltr'><strong>Quod</strong></span> <span class='ocrx_word' id='word_1_117' title='bbox 1274 1785 1329 1830; x_wconf 91' lang='lat' dir='ltr'><strong>et</strong></span> <span class='ocrx_word' id='word_1_118' title='bbox 1413 1776 1610 1830; x_wconf 89' lang='lat' dir='ltr'><strong>factum</strong></span> <span class='ocrx_word' id='word_1_119' title='bbox 1666 1785 1766 1832; x_wconf 87' lang='lat' dir='ltr'><strong>est.</strong></span> <span class='ocrx_word' id='word_1_120' title='bbox 1824 1777 1889 1833; x_wconf 88' lang='lat' dir='ltr'><strong>Et</strong></span> <span class='ocrx_word' id='word_1_121' title='bbox 1949 1780 2076 1850; x_wconf 87' lang='lat' dir='ltr'><strong>quia</strong></span> <span class='ocrx_word' id='word_1_122' title='bbox 2154 1780 2206 1833; x_wconf 92' lang='lat' dir='ltr'><strong>in</strong></span> 
     </span>
    </p>
   </div>
   <div class='ocr_carea' id='block_1_19' title="bbox 2301 710 3832 790">
    <p class='ocr_par' dir='ltr' id='par_1_19' title="bbox 2301 710 3832 790">
     <span class='ocr_line' id='line_1_19' title="bbox 2301 710 3832 790; baseline -0.01 -14"><span class='ocrx_word' id='word_1_123' title='bbox 2301 717 2330 768; x_wconf 77' lang='grc'>6</span> <span class='ocrx_word' id='word_1_124' title='bbox 2360 717 2666 788; x_wconf 76' lang='grc' dir='ltr'><strong>φιλόψυχος.</strong></span> <span class='ocrx_word' id='word_1_125' title='bbox 2708 720 3196 790; x_wconf 80' lang='grc' dir='ltr'><strong>περιεργασάμενος</strong></span> <span class='ocrx_word' id='word_1_126' title='bbox 3223 714 3398 778; x_wconf 62' lang='lat' dir='ltr'><strong>dimov;</strong></span> <span class='ocrx_word' id='word_1_127' title='bbox 3431 713 3594 786; x_wconf 75' lang='grc' dir='ltr'><strong>μηδὲν</strong></span> <span class='ocrx_word' id='word_1_128' title='bbox 3625 710 3832 782; x_wconf 78' lang='grc' dir='ltr'><strong>βεσρω·</strong></span> 
     </span>
    </p>
   </div>
   <div class='ocr_carea' id='block_1_20' title="bbox 2301 800 3830 880">
    <p class='ocr_par' dir='ltr' id='par_1_20' title="bbox 2301 800 3830 880">
     <span class='ocr_line' id='line_1_20' title="bbox 2301 800 3830 880; baseline -0.005 -21"><span class='ocrx_word' id='word_1_129' title='bbox 2301 808 2446 861; x_wconf 80' lang='grc' dir='ltr'><strong>κέναι</strong></span> <span class='ocrx_word' id='word_1_130' title='bbox 2475 811 2532 862; x_wconf 83' lang='grc' dir='ltr'><strong>ὲν</strong></span> <span class='ocrx_word' id='word_1_131' title='bbox 2567 811 2686 872; x_wconf 87' lang='grc' dir='ltr'><strong>ταῖς</strong></span> <span class='ocrx_word' id='word_1_132' title='bbox 2717 809 2776 874; x_wconf 80' lang='grc' dir='ltr'><strong>ἒξ</strong></span> <span class='ocrx_word' id='word_1_133' title='bbox 2807 809 3036 880; x_wconf 78' lang='grc' dir='ltr'><strong>ἡμέραις</strong></span> <span class='ocrx_word' id='word_1_134' title='bbox 3067 807 3127 860; x_wconf 76' lang='grc' dir='ltr'><strong>τὸ</strong></span> <span class='ocrx_word' id='word_1_135' title='bbox 3156 806 3431 878; x_wconf 83' lang='grc' dir='ltr'><strong>παράπαν,</strong></span> <span class='ocrx_word' id='word_1_136' title='bbox 3481 803 3632 873; x_wconf 75' lang='grc' dir='ltr'><strong>δηλοῖ</strong></span> <span class='ocrx_word' id='word_1_137' title='bbox 3660 800 3830 869; x_wconf 79' lang='grc' dir='ltr'><strong>αὐτῷ.</strong></span> 
     </span>
    </p>
   </div>
   <div class='ocr_carea' id='block_1_21' title="bbox 2301 892 3831 971">
    <p class='ocr_par' dir='ltr' id='par_1_21' title="bbox 2301 892 3831 971">
     <span class='ocr_line' id='line_1_21' title="bbox 2301 892 3831 971; baseline -0.006 -19"><span class='ocrx_word' id='word_1_138' title='bbox 2301 901 2362 952; x_wconf 87' lang='lat' dir='ltr'><strong>El</strong></span> <span class='ocrx_word' id='word_1_139' title='bbox 2388 901 2521 964; x_wconf 80' lang='grc' dir='ltr'><strong>ὅλως</strong></span> <span class='ocrx_word' id='word_1_140' title='bbox 2557 901 2616 953; x_wconf 82' lang='grc' dir='ltr'><strong>ἐν</strong></span> <span class='ocrx_word' id='word_1_141' title='bbox 2741 903 2870 971; x_wconf 78' lang='grc' dir='ltr'><strong>μονῇ</strong></span> <span class='ocrx_word' id='word_1_142' title='bbox 2908 901 3003 970; x_wconf 80' lang='grc' dir='ltr'><strong>τὴν</strong></span> <span class='ocrx_word' id='word_1_143' title='bbox 3029 900 3239 968; x_wconf 68' lang='grc' dir='ltr'><strong>οἴκησιν</strong></span> <span class='ocrx_word' id='word_1_144' title='bbox 3271 895 3593 967; x_wconf 80' lang='grc' dir='ltr'><strong>ποιήσασθαι</strong></span> <span class='ocrx_word' id='word_1_145' title='bbox 3629 892 3831 963; x_wconf 80' lang='grc' dir='ltr'><strong>βούλει.</strong></span> 
     </span>
    </p>
   </div>
   <div class='ocr_carea' id='block_1_22' title="bbox 2301 981 3869 1060">
    <p class='ocr_par' dir='ltr' id='par_1_22' title="bbox 2301 981 3869 1060">
     <span class='ocr_line' id='line_1_22' title="bbox 2301 981 3869 1060; baseline -0.003 -20"><span class='ocrx_word' id='word_1_146' title='bbox 2301 989 2358 1040; x_wconf 84' lang='grc' dir='ltr'><strong>ὲν</strong></span> <span class='ocrx_word' id='word_1_147' title='bbox 2382 992 2446 1058; x_wconf 86' lang='grc' dir='ltr'><strong>τῇ</strong></span> <span class='ocrx_word' id='word_1_148' title='bbox 2474 988 2581 1042; x_wconf 85' lang='grc' dir='ltr'><strong>τῶν</strong></span> <span class='ocrx_word' id='word_1_149' title='bbox 2612 989 2723 1058; x_wconf 69' lang='grc'><strong>(49)</strong></span> <span class='ocrx_word' id='word_1_150' title='bbox 2770 990 3158 1060; x_wconf 78' lang='grc' dir='ltr'><strong>μετανοούντων</strong></span> <span class='ocrx_word' id='word_1_151' title='bbox 3184 987 3334 1052; x_wconf 84' lang='grc' dir='ltr'><strong>τάξει</strong></span> <span class='ocrx_word' id='word_1_152' title='bbox 3371 1003 3430 1038; x_wconf 87' lang='grc' dir='ltr'><strong>σε</strong></span> <span class='ocrx_word' id='word_1_153' title='bbox 3469 982 3702 1048; x_wconf 80' lang='grc' dir='ltr'><strong>κατάξω.</strong></span> <span class='ocrx_word' id='word_1_154' title='bbox 3745 982 3834 1044; x_wconf 74' lang='grc' dir='ltr'><strong>Ὦς</strong></span> <span class='ocrx_word' id='word_1_155' title='bbox 3863 981 3869 986; x_wconf 79' lang='grc'><em>’</em></span> 
     </span>
    </p>
   </div>
   <div class='ocr_carea' id='block_1_23' title="bbox 2301 1073 3836 1150">
    <p class='ocr_par' dir='ltr' id='par_1_23' title="bbox 2301 1073 3836 1150">
     <span class='ocr_line' id='line_1_23' title="bbox 2301 1073 3836 1150; baseline -0.006 -17"><span class='ocrx_word' id='word_1_156' title='bbox 2301 1079 2356 1133; x_wconf 73' lang='grc' dir='ltr'><strong>δὲ</strong></span> <span class='ocrx_word' id='word_1_157' title='bbox 2375 1081 2617 1150; x_wconf 79' lang='grc' dir='ltr'><strong>ἁσμένως</strong></span> <span class='ocrx_word' id='word_1_158' title='bbox 2639 1079 2793 1135; x_wconf 85' lang='grc' dir='ltr'><strong>τοῦτο</strong></span> <span class='ocrx_word' id='word_1_159' title='bbox 2816 1079 3025 1144; x_wconf 74' lang='grc' dir='ltr'><strong>ἐδέξατο</strong></span> <span class='ocrx_word' id='word_1_160' title='bbox 3055 1079 3340 1150; x_wconf 82' lang='grc' dir='ltr'><strong>μετανοῶν.</strong></span> <span class='ocrx_word' id='word_1_161' title='bbox 3369 1076 3646 1130; x_wconf 74' lang='grc' dir='ltr'><strong>ἐκέλευσεν</strong></span> <span class='ocrx_word' id='word_1_162' title='bbox 3672 1073 3836 1126; x_wconf 80' lang='grc' dir='ltr'><strong>αὑτὸν</strong></span> 
     </span>
    </p>
   </div>
   <div class='ocr_carea' id='block_1_24' title="bbox 2302 1164 3837 1242">
    <p class='ocr_par' dir='ltr' id='par_1_24' title="bbox 2302 1164 3837 1242">
     <span class='ocr_line' id='line_1_24' title="bbox 2302 1164 3837 1242; baseline -0.005 -20"><span class='ocrx_word' id='word_1_163' title='bbox 2302 1169 2332 1222; x_wconf 80' lang='grc' dir='ltr'><strong>ὁ</strong></span> <span class='ocrx_word' id='word_1_164' title='bbox 2359 1170 2556 1240; x_wconf 84' lang='grc' dir='ltr'><strong>ποιμὴν</strong></span> <span class='ocrx_word' id='word_1_165' title='bbox 2587 1171 2644 1223; x_wconf 80' lang='grc' dir='ltr'><strong>ὲν</strong></span> <span class='ocrx_word' id='word_1_166' title='bbox 2671 1173 2740 1242; x_wconf 75' lang='grc' dir='ltr'><strong>τῇ</strong></span> <span class='ocrx_word' id='word_1_167' title='bbox 2770 1174 2907 1240; x_wconf 74' lang='grc' dir='ltr'><strong>μονῇ</strong></span> <span class='ocrx_word' id='word_1_168' title='bbox 2934 1173 2996 1241; x_wconf 79' lang='grc' dir='ltr'><strong>τῇ</strong></span> <span class='ocrx_word' id='word_1_169' title='bbox 3025 1169 3294 1242; x_wconf 76' lang='grc' dir='ltr'><strong>ίδιαξούσῃ</strong></span> <span class='ocrx_word' id='word_1_170' title='bbox 3321 1166 3428 1221; x_wconf 84' lang='grc' dir='ltr'><strong>τῶν</strong></span> <span class='ocrx_word' id='word_1_171' title='bbox 3453 1167 3544 1219; x_wconf 78' lang='grc' dir='ltr'><strong>ἐπὶ</strong></span> <span class='ocrx_word' id='word_1_172' title='bbox 3580 1164 3837 1234; x_wconf 81' lang='grc' dir='ltr'><strong>πτώμασι</strong></span> 
     </span>
    </p>
   </div>
   <div class='ocr_carea' id='block_1_25' title="bbox 2305 1257 3837 1333">
    <p class='ocr_par' dir='ltr' id='par_1_25' title="bbox 2305 1257 3837 1333">
     <span class='ocr_line' id='line_1_25' title="bbox 2305 1257 3837 1333; baseline -0.005 -18"><span class='ocrx_word' id='word_1_173' title='bbox 2305 1262 2637 1317; x_wconf 80' lang='grc' dir='ltr'><strong>πενθούντων</strong></span> <span class='ocrx_word' id='word_1_174' title='bbox 2662 1263 3029 1333; x_wconf 69' lang='grc' dir='ltr'><strong>ἐπενεχθῆναι,</strong></span> <span class='ocrx_word' id='word_1_175' title='bbox 3053 1262 3186 1330; x_wconf 78' lang='grc' dir='ltr'><strong>ὅπερ</strong></span> <span class='ocrx_word' id='word_1_176' title='bbox 3211 1262 3305 1314; x_wconf 73' lang='grc' dir='ltr'><strong>καὶ</strong></span> <span class='ocrx_word' id='word_1_177' title='bbox 3326 1260 3562 1328; x_wconf 83' lang='grc' dir='ltr'><strong>γέγονεν.</strong></span> <span class='ocrx_word' id='word_1_178' title='bbox 3603 1257 3754 1316; x_wconf 77' lang='grc' dir='ltr'><strong>Ἐπεὶ</strong></span> <span class='ocrx_word' id='word_1_179' title='bbox 3780 1257 3837 1308; x_wconf 86' lang='grc' dir='ltr'><strong>δὲ</strong></span> 
     </span>
    </p>
   </div>
   <div class='ocr_carea' id='block_1_26' title="bbox 2303 1346 3840 1424">
    <p class='ocr_par' dir='ltr' id='par_1_26' title="bbox 2303 1346 3840 1424">
     <span class='ocr_line' id='line_1_26' title="bbox 2303 1346 3840 1424; baseline -0.005 -1"><span class='ocrx_word' id='word_1_180' title='bbox 2303 1353 2401 1423; x_wconf 81' lang='grc' dir='ltr'><strong>τῆς</strong></span> <span class='ocrx_word' id='word_1_181' title='bbox 2432 1354 2718 1424; x_wconf 65' lang='grc' dir='ltr'><strong>εἰρημένης</strong></span> <span class='ocrx_word' id='word_1_182' title='bbox 2745 1352 3084 1424; x_wconf 75' lang='grc' dir='ltr'><strong>ἐμνήσθημεν</strong></span> <span class='ocrx_word' id='word_1_183' title='bbox 3121 1351 3301 1420; x_wconf 81' lang='grc' dir='ltr'><strong>μονῆς.</strong></span> <span class='ocrx_word' id='word_1_184' title='bbox 3327 1350 3413 1405; x_wconf 63' lang='grc' dir='ltr'><strong>διὰ</strong></span> <span class='ocrx_word' id='word_1_185' title='bbox 3439 1348 3682 1419; x_wconf 77' lang='grc' dir='ltr'><strong>βραχέων</strong></span> <span class='ocrx_word' id='word_1_186' title='bbox 3707 1346 3840 1416; x_wconf 70' lang='grc' dir='ltr'><strong>περὶ</strong></span> 
     </span>
    </p>
   </div>
   <div class='ocr_carea' id='block_1_27' title="bbox 2305 1437 3838 1514">
    <p class='ocr_par' dir='ltr' id='par_1_27' title="bbox 2305 1437 3838 1514">
     <span class='ocr_line' id='line_1_27' title="bbox 2305 1437 3838 1514; baseline -0.004 -17"><span class='ocrx_word' id='word_1_187' title='bbox 2305 1444 2472 1513; x_wconf 78' lang='grc' dir='ltr'><strong>αὐτῆς</strong></span> <span class='ocrx_word' id='word_1_188' title='bbox 2505 1447 2758 1514; x_wconf 81' lang='grc' dir='ltr'><strong>εῐπωμεν.</strong></span> <span class='ocrx_word' id='word_1_189' title='bbox 2793 1445 2966 1506; x_wconf 85' lang='grc' dir='ltr'><strong>Τόπος</strong></span> <span class='ocrx_word' id='word_1_190' title='bbox 2995 1443 3091 1514; x_wconf 85' lang='grc' dir='ltr'><strong>μὲν</strong></span> <span class='ocrx_word' id='word_1_191' title='bbox 3115 1439 3182 1514; x_wconf 84' lang='grc' dir='ltr'><strong>ἦν</strong></span> <span class='ocrx_word' id='word_1_192' title='bbox 3211 1441 3316 1494; x_wconf 79' lang='grc' dir='ltr'><strong>ἀπὸ</strong></span> <span class='ocrx_word' id='word_1_193' title='bbox 3347 1441 3571 1511; x_wconf 77' lang='grc' dir='ltr'><strong>σημείου</strong></span> <span class='ocrx_word' id='word_1_194' title='bbox 3601 1439 3716 1500; x_wconf 81' lang='grc' dir='ltr'><strong>ὲνδς</strong></span> <span class='ocrx_word' id='word_1_195' title='bbox 3739 1437 3838 1506; x_wconf 80' lang='grc' dir='ltr'><strong>τῆς</strong></span> 
     </span>
    </p>
   </div>
   <div class='ocr_carea' id='block_1_28' title="bbox 2309 1528 3834 1611">
    <p class='ocr_par' dir='ltr' id='par_1_28' title="bbox 2309 1528 3834 1611">
     <span class='ocr_line' id='line_1_28' title="bbox 2309 1528 3834 1611; baseline 0.001 -24"><span class='ocrx_word' id='word_1_196' title='bbox 2309 1535 2546 1604; x_wconf 77' lang='grc' dir='ltr'><strong>μεγάλης</strong></span> <span class='ocrx_word' id='word_1_197' title='bbox 2594 1536 2777 1606; x_wconf 84' lang='grc' dir='ltr'><strong>μονῆς,</strong></span> <span class='ocrx_word' id='word_1_198' title='bbox 2829 1534 3038 1605; x_wconf 80' lang='grc' dir='ltr'><strong>φυλακὴ</strong></span> <span class='ocrx_word' id='word_1_199' title='bbox 3079 1531 3364 1611; x_wconf 77' lang='grc' dir='ltr'><strong>λεγομένη,</strong></span> <span class='ocrx_word' id='word_1_200' title='bbox 3411 1528 3794 1600; x_wconf 74' lang='grc' dir='ltr'><strong>ἀπαράκλητος</strong></span> <span class='ocrx_word' id='word_1_201' title='bbox 3819 1543 3834 1558; x_wconf 83' lang='grc'><strong><em>⁸</em></strong></span> 
     </span>
    </p>
   </div>
   <div class='ocr_carea' id='block_1_29' title="bbox 2305 1613 3838 1692">
    <p class='ocr_par' dir='ltr' id='par_1_29' title="bbox 2305 1613 3838 1692">
     <span class='ocr_line' id='line_1_29' title="bbox 2305 1613 3838 1692; baseline -0.005 -17"><span class='ocrx_word' id='word_1_202' title='bbox 2305 1623 2403 1675; x_wconf 81' lang='grc' dir='ltr'><strong>οὐκ</strong></span> <span class='ocrx_word' id='word_1_203' title='bbox 2431 1618 2497 1692; x_wconf 77' lang='grc' dir='ltr'><strong>ἦν</strong></span> <span class='ocrx_word' id='word_1_204' title='bbox 2533 1625 2702 1675; x_wconf 79' lang='grc' dir='ltr'><strong>ἐκεῖσε</strong></span> <span class='ocrx_word' id='word_1_205' title='bbox 2746 1622 2958 1675; x_wconf 84' lang='grc' dir='ltr'><strong>πώποτε</strong></span> <span class='ocrx_word' id='word_1_206' title='bbox 2993 1620 3191 1676; x_wconf 79' lang='grc' dir='ltr'><strong>καπνὸν</strong></span> <span class='ocrx_word' id='word_1_207' title='bbox 3219 1619 3482 1689; x_wconf 80' lang='grc' dir='ltr'><strong>ὀφθῆναι,</strong></span> <span class='ocrx_word' id='word_1_208' title='bbox 3529 1619 3626 1670; x_wconf 84' lang='grc' dir='ltr'><strong>οὐκ</strong></span> <span class='ocrx_word' id='word_1_209' title='bbox 3672 1613 3838 1677; x_wconf 81' lang='grc' dir='ltr'><strong>οἶνον,</strong></span> 
     </span>
    </p>
   </div>
   <div class='ocr_carea' id='block_1_30' title="bbox 2305 1708 3839 1783">
    <p class='ocr_par' dir='ltr' id='par_1_30' title="bbox 2305 1708 3839 1783">
     <span class='ocr_line' id='line_1_30' title="bbox 2305 1708 3839 1783; baseline -0.006 -17"><span class='ocrx_word' id='word_1_210' title='bbox 2305 1713 2404 1766; x_wconf 78' lang='grc' dir='ltr'><strong>οὐκ</strong></span> <span class='ocrx_word' id='word_1_211' title='bbox 2428 1713 2600 1766; x_wconf 83' lang='grc' dir='ltr'><strong>ἔλαιον</strong></span> <span class='ocrx_word' id='word_1_212' title='bbox 2631 1716 2708 1775; x_wconf 88' lang='grc' dir='ltr'><strong>εἰς</strong></span> <span class='ocrx_word' id='word_1_213' title='bbox 2737 1713 2934 1783; x_wconf 85' lang='grc' dir='ltr'><strong>βρῶσιν</strong></span> <span class='ocrx_word' id='word_1_214' title='bbox 2955 1752 2970 1775; x_wconf 85' lang='grc'><em>,</em></span> <span class='ocrx_word' id='word_1_215' title='bbox 3006 1712 3101 1780; x_wconf 80' lang='grc' dir='ltr'><strong>οὐχ</strong></span> <span class='ocrx_word' id='word_1_216' title='bbox 3125 1711 3306 1779; x_wconf 73' lang='grc' dir='ltr'><strong>ἕτερόν</strong></span> <span class='ocrx_word' id='word_1_217' title='bbox 3336 1727 3389 1764; x_wconf 88' lang='grc' dir='ltr'><strong>τι</strong></span> <span class='ocrx_word' id='word_1_218' title='bbox 3416 1708 3564 1773; x_wconf 77' lang='grc' dir='ltr'><strong>ἄλλο,</strong></span> <span class='ocrx_word' id='word_1_219' title='bbox 3595 1708 3626 1777; x_wconf 84' lang='grc' dir='ltr'>ἢ</span> <span class='ocrx_word' id='word_1_220' title='bbox 3653 1709 3839 1777; x_wconf 76' lang='grc' dir='ltr'><strong>ἄρτον.</strong></span> 
     </span>
    </p>
   </div>
   <div class='ocr_carea' id='block_1_31' title="bbox 2307 1798 3844 1875">
    <p class='ocr_par' dir='ltr' id='par_1_31' title="bbox 2307 1798 3844 1875">
     <span class='ocr_line' id='line_1_31' title="bbox 2307 1798 3844 1875; baseline -0.003 -18"><span class='ocrx_word' id='word_1_221' title='bbox 2307 1805 2400 1858; x_wconf 74' lang='grc' dir='ltr'><strong>καὶ</strong></span> <span class='ocrx_word' id='word_1_222' title='bbox 2428 1806 2597 1858; x_wconf 78' lang='grc' dir='ltr'><strong>λεπτὰ</strong></span> <span class='ocrx_word' id='word_1_223' title='bbox 2630 1805 2852 1875; x_wconf 85' lang='grc' dir='ltr'><strong>λάχανα.</strong></span> <span class='ocrx_word' id='word_1_224' title='bbox 2904 1805 2988 1857; x_wconf 85' lang='grc' dir='ltr'><strong>Ἐν</strong></span> <span class='ocrx_word' id='word_1_225' title='bbox 3013 1803 3181 1874; x_wconf 83' lang='grc' dir='ltr'><strong>τούτῳ</strong></span> <span class='ocrx_word' id='word_1_226' title='bbox 3205 1804 3326 1865; x_wconf 82' lang='grc' dir='ltr'><strong>τοὺς</strong></span> <span class='ocrx_word' id='word_1_227' title='bbox 3358 1801 3492 1866; x_wconf 78' lang='grc' dir='ltr'><strong>μετὰ</strong></span> <span class='ocrx_word' id='word_1_228' title='bbox 3515 1800 3612 1870; x_wconf 75' lang='grc' dir='ltr'><strong>τὴν</strong></span> <span class='ocrx_word' id='word_1_229' title='bbox 3649 1798 3844 1866; x_wconf 78' lang='grc' dir='ltr'><strong>κλῆσιν</strong></span> 
     </span>
    </p>
   </div>
   <div class='ocr_carea' id='block_1_32' title="bbox 672 1864 2217 1966">
    <p class='ocr_par' dir='ltr' id='par_1_32' title="bbox 672 1864 2208 1935">
     <span class='ocr_line' id='line_1_32' title="bbox 672 1864 2208 1935; baseline 0.003 -17"><span class='ocrx_word' id='word_1_230' title='bbox 672 1864 817 1918; x_wconf 89' lang='lat' dir='ltr'><strong>illius</strong></span> <span class='ocrx_word' id='word_1_231' title='bbox 877 1865 1135 1920; x_wconf 73' lang='lat' dir='ltr'><strong>domicilii</strong></span> <span class='ocrx_word' id='word_1_232' title='bbox 1175 1866 1428 1935; x_wconf 83' lang='lat' dir='ltr'><strong>separati</strong></span> <span class='ocrx_word' id='word_1_233' title='bbox 1474 1880 1504 1918; x_wconf 92' lang='lat' dir='ltr'><strong>a</strong></span> <span class='ocrx_word' id='word_1_234' title='bbox 1564 1869 1815 1923; x_wconf 74' lang='lat' dir='ltr'><strong>cmnobio‘</strong></span> <span class='ocrx_word' id='word_1_235' title='bbox 1888 1870 2208 1924; x_wconf 88' lang='lat' dir='ltr'><strong>mentionem</strong></span> 
     </span>
    </p>
   </div>
   <div class='ocr_carea' id='block_1_33' title="bbox 2314 1864 3855 1966">
    <p class='ocr_par' dir='ltr' id='par_1_33' title="bbox 2314 1864 3855 1966">
     <span class='ocr_line' id='line_1_33' title="bbox 2314 1864 3855 1966; baseline -0.005 -18"><span class='ocrx_word' id='word_1_236' title='bbox 2314 1864 2792 1966; x_wconf 64' lang='grc' dir='ltr'><strong>συμποδιζομὲνδυς</strong></span> <span class='ocrx_word' id='word_1_237' title='bbox 2833 1897 3120 1966; x_wconf 83' lang='grc' dir='ltr'><strong>άπροῖτους</strong></span> <span class='ocrx_word' id='word_1_238' title='bbox 3154 1864 3466 1947; x_wconf 49' lang='grc' dir='ltr'><strong>’κατέκλειεν</strong></span> <span class='ocrx_word' id='word_1_239' title='bbox 3487 1907 3504 1922; x_wconf 75' lang='grc' dir='ltr'><strong>ο</strong></span> <span class='ocrx_word' id='word_1_240' title='bbox 3531 1864 3657 1959; x_wconf 40' lang='grc' dir='ltr'><strong>ὀὐχ</strong></span> <span class='ocrx_word' id='word_1_241' title='bbox 3699 1864 3855 1960; x_wconf 71' lang='grc' dir='ltr'><strong>ἅμα..</strong></span> 
     </span>
    </p>
   </div>
   <div class='ocr_carea' id='block_1_34' title="bbox 670 1955 2212 2021">
    <p class='ocr_par' dir='ltr' id='par_1_34' title="bbox 670 1955 2212 2021">
     <span class='ocr_line' id='line_1_34' title="bbox 670 1955 2212 2021; baseline 0.003 -13"><span class='ocrx_word' id='word_1_242' title='bbox 670 1955 992 2021; x_wconf 89' lang='lat' dir='ltr'><strong>incidimus,</strong></span> <span class='ocrx_word' id='word_1_243' title='bbox 1076 1957 1392 2010; x_wconf 79' lang='lat' dir='ltr'><strong>brevissime</strong></span> <span class='ocrx_word' id='word_1_244' title='bbox 1465 1956 1530 2010; x_wconf 93' lang='lat' dir='ltr'><strong>de</strong></span> <span class='ocrx_word' id='word_1_245' title='bbox 1609 1958 1699 2012; x_wconf 92' lang='lat' dir='ltr'><strong>illo</strong></span> <span class='ocrx_word' id='word_1_246' title='bbox 1759 1960 2049 2014; x_wconf 90' lang='lat' dir='ltr'><strong>trademus.</strong></span> <span class='ocrx_word' id='word_1_247' title='bbox 2107 1957 2212 2013; x_wconf 85' lang='lat' dir='ltr'><strong>Lo-</strong></span> 
     </span>
    </p>
   </div>
   <div class='ocr_carea' id='block_1_35' title="bbox 673 2045 2212 2115">
    <p class='ocr_par' dir='ltr' id='par_1_35' title="bbox 673 2045 2212 2115">
     <span class='ocr_line' id='line_1_35' title="bbox 673 2045 2212 2115; baseline 0.003 -16"><span class='ocrx_word' id='word_1_248' title='bbox 673 2061 772 2099; x_wconf 88' lang='lat' dir='ltr'><strong>cns</strong></span> <span class='ocrx_word' id='word_1_249' title='bbox 833 2055 949 2098; x_wconf 89' lang='lat' dir='ltr'><strong>erat</strong></span> <span class='ocrx_word' id='word_1_250' title='bbox 1006 2045 1073 2098; x_wconf 91' lang='lat' dir='ltr'><strong>ab</strong></span> <span class='ocrx_word' id='word_1_251' title='bbox 1121 2046 1242 2115; x_wconf 86' lang='lat' dir='ltr'><strong>ipso</strong></span> <span class='ocrx_word' id='word_1_252' title='bbox 1295 2048 1624 2102; x_wconf 86' lang='lat' dir='ltr'><strong>monasterio</strong></span> <span class='ocrx_word' id='word_1_253' title='bbox 1680 2065 1789 2103; x_wconf 88' lang='lat' dir='ltr'><strong>uno</strong></span> <span class='ocrx_word' id='word_1_254' title='bbox 1821 2050 2080 2104; x_wconf 74' lang='lat' dir='ltr'><strong>duntaxat</strong></span> <span class='ocrx_word' id='word_1_255' title='bbox 2134 2051 2212 2104; x_wconf 89' lang='lat' dir='ltr'><strong>la-</strong></span> 
     </span>
    </p>
   </div>
   <div class='ocr_carea' id='block_1_36' title="bbox 553 2133 2212 2207">
    <p class='ocr_par' dir='ltr' id='par_1_36' title="bbox 553 2133 2212 2207">
     <span class='ocr_line' id='line_1_36' title="bbox 553 2133 2212 2207; baseline 0.005 -22"><span class='ocrx_word' id='word_1_256' title='bbox 553 2147 563 2156; x_wconf 72' lang='lat'><strong><em>&#39;</em></strong></span> <span class='ocrx_word' id='word_1_257' title='bbox 675 2135 818 2202; x_wconf 88' lang='lat' dir='ltr'><strong>pide,</strong></span> <span class='ocrx_word' id='word_1_258' title='bbox 874 2149 967 2186; x_wconf 85' lang='lat' dir='ltr'><strong>seu</strong></span> <span class='ocrx_word' id='word_1_259' title='bbox 1018 2133 1232 2188; x_wconf 88' lang='lat' dir='ltr'><strong>milliari</strong></span> <span class='ocrx_word' id='word_1_260' title='bbox 1287 2134 1599 2203; x_wconf 36' lang='lat' dir='ltr'><strong>sejunctus,‘</strong></span> <span class='ocrx_word' id='word_1_261' title='bbox 1650 2151 1836 2192; x_wconf 89' lang='lat' dir='ltr'><strong>carcer</strong></span> <span class='ocrx_word' id='word_1_262' title='bbox 1881 2137 1956 2207; x_wconf 84' lang='grc' dir='ltr'><strong>(α)</strong></span> <span class='ocrx_word' id='word_1_263' title='bbox 2018 2137 2212 2204; x_wconf 88' lang='lat' dir='ltr'><strong>dictus,</strong></span> 
     </span>
    </p>
   </div>
   <div class='ocr_carea' id='block_1_37' title="bbox 672 2233 2216 2305">
    <p class='ocr_par' dir='ltr' id='par_1_37' title="bbox 672 2233 2216 2305">
     <span class='ocr_line' id='line_1_37' title="bbox 672 2233 2216 2305; baseline 0.002 -17"><span class='ocrx_word' id='word_1_264' title='bbox 672 2233 954 2288; x_wconf 70' lang='lat' dir='ltr'><strong>illaetabilis</strong></span> <span class='ocrx_word' id='word_1_265' title='bbox 1013 2247 1253 2302; x_wconf 87' lang='lat' dir='ltr'><strong>prorsus,</strong></span> <span class='ocrx_word' id='word_1_266' title='bbox 1311 2243 1367 2289; x_wconf 91' lang='lat' dir='ltr'><strong>et</strong></span> <span class='ocrx_word' id='word_1_267' title='bbox 1419 2235 1668 2290; x_wconf 90' lang='lat' dir='ltr'><strong>omnibus</strong></span> <span class='ocrx_word' id='word_1_268' title='bbox 1725 2235 1968 2304; x_wconf 89' lang='lat' dir='ltr'><strong>corporis</strong></span> <span class='ocrx_word' id='word_1_269' title='bbox 2009 2236 2216 2305; x_wconf 79' lang='lat' dir='ltr'><strong>gaudiis</strong></span> 
     </span>
    </p>
   </div>
   <div class='ocr_carea' id='block_1_38' title="bbox 670 2332 2206 2402">
    <p class='ocr_par' dir='ltr' id='par_1_38' title="bbox 670 2332 2206 2402">
     <span class='ocr_line' id='line_1_38' title="bbox 670 2332 2206 2402; baseline 0.002 -16"><span class='ocrx_word' id='word_1_270' title='bbox 670 2333 980 2388; x_wconf 88' lang='lat' dir='ltr'><strong>destitutus.</strong></span> <span class='ocrx_word' id='word_1_271' title='bbox 1057 2332 1250 2388; x_wconf 85' lang='lat' dir='ltr'><strong>Nullus</strong></span> <span class='ocrx_word' id='word_1_272' title='bbox 1326 2333 1400 2387; x_wconf 88' lang='lat' dir='ltr'><strong>ibi</strong></span> <span class='ocrx_word' id='word_1_273' title='bbox 1457 2348 1690 2402; x_wconf 88' lang='lat' dir='ltr'><strong>unquam</strong></span> <span class='ocrx_word' id='word_1_274' title='bbox 1769 2333 1962 2388; x_wconf 66' lang='lat' dir='ltr'><strong>culinae</strong></span> <span class='ocrx_word' id='word_1_275' title='bbox 2028 2333 2206 2390; x_wconf 87' lang='lat' dir='ltr'><strong>fumus</strong></span> 
     </span>
    </p>
   </div>
   <div class='ocr_carea' id='block_1_39' title="bbox 669 2431 2206 2501">
    <p class='ocr_par' dir='ltr' id='par_1_39' title="bbox 669 2431 2206 2501">
     <span class='ocr_line' id='line_1_39' title="bbox 669 2431 2206 2501; baseline 0.003 -12"><span class='ocrx_word' id='word_1_276' title='bbox 669 2437 1021 2497; x_wconf 86' lang='lat' dir='ltr'><strong>cernebatur;</strong></span> <span class='ocrx_word' id='word_1_277' title='bbox 1083 2431 1190 2490; x_wconf 86' lang='lat' dir='ltr'><strong>non</strong></span> <span class='ocrx_word' id='word_1_278' title='bbox 1243 2435 1426 2490; x_wconf 89' lang='lat' dir='ltr'><strong>vinum</strong></span> <span class='ocrx_word' id='word_1_279' title='bbox 1458 2475 1474 2501; x_wconf 97' lang='lat'><strong>,</strong></span> <span class='ocrx_word' id='word_1_280' title='bbox 1540 2451 1644 2490; x_wconf 92' lang='lat' dir='ltr'><strong>non</strong></span> <span class='ocrx_word' id='word_1_281' title='bbox 1701 2436 1876 2493; x_wconf 86' lang='lat' dir='ltr'><strong>oleum</strong></span> <span class='ocrx_word' id='word_1_282' title='bbox 1929 2439 1984 2492; x_wconf 90' lang='lat' dir='ltr'><strong>in</strong></span> <span class='ocrx_word' id='word_1_283' title='bbox 2028 2439 2206 2493; x_wconf 89' lang='lat' dir='ltr'><strong>cibum</strong></span> 
     </span>
    </p>
   </div>
   <div class='ocr_carea' id='block_1_40' title="bbox 2305 1980 3844 2056">
    <p class='ocr_par' dir='ltr' id='par_1_40' title="bbox 2305 1980 3844 2056">
     <span class='ocr_line' id='line_1_40' title="bbox 2305 1980 3844 2056; baseline -0.003 -16"><span class='ocrx_word' id='word_1_284' title='bbox 2305 1986 2419 2040; x_wconf 83' lang='grc' dir='ltr'><strong>ἀλλ’</strong></span> <span class='ocrx_word' id='word_1_285' title='bbox 2465 1985 2589 2056; x_wconf 78' lang='grc' dir='ltr'><strong>ἰδίᾳ,</strong></span> <span class='ocrx_word' id='word_1_286' title='bbox 2632 1986 2726 2040; x_wconf 69' lang='grc' dir='ltr'><strong>καὶ</strong></span> <span class='ocrx_word' id='word_1_287' title='bbox 2752 1987 2936 2056; x_wconf 80' lang='grc' dir='ltr'><strong>χωρὶς,</strong></span> <span class='ocrx_word' id='word_1_288' title='bbox 2979 1985 3012 2055; x_wconf 79' lang='grc' dir='ltr'>ἦ</span> <span class='ocrx_word' id='word_1_289' title='bbox 3045 1984 3254 2038; x_wconf 75' lang='grc' dir='ltr'><strong>καὶδύο</strong></span> <span class='ocrx_word' id='word_1_290' title='bbox 3289 1985 3349 2037; x_wconf 75' lang='grc' dir='ltr'><strong>τὸ</strong></span> <span class='ocrx_word' id='word_1_291' title='bbox 3394 1984 3548 2046; x_wconf 77' lang='grc' dir='ltr'><strong>πολὺ,</strong></span> <span class='ocrx_word' id='word_1_292' title='bbox 3591 1984 3694 2046; x_wconf 72' lang='grc' dir='ltr'><strong>ἕως</strong></span> <span class='ocrx_word' id='word_1_293' title='bbox 3721 1980 3788 2037; x_wconf 71' lang='grc' dir='ltr'><strong>οὗ</strong></span> <span class='ocrx_word' id='word_1_294' title='bbox 3813 1985 3844 2035; x_wconf 84' lang='grc' dir='ltr'>ὁ</span> 
     </span>
    </p>
   </div>
   <div class='ocr_carea' id='block_1_41' title="bbox 2306 2066 3842 2148">
    <p class='ocr_par' dir='ltr' id='par_1_41' title="bbox 2306 2066 3842 2148">
     <span class='ocr_line' id='line_1_41' title="bbox 2306 2066 3842 2148; baseline -0.003 -18"><span class='ocrx_word' id='word_1_295' title='bbox 2306 2076 2490 2147; x_wconf 85' lang='grc' dir='ltr'><strong>κύριος</strong></span> <span class='ocrx_word' id='word_1_296' title='bbox 2514 2077 2669 2130; x_wconf 83' lang='grc' dir='ltr'><strong>αὐτὸν</strong></span> <span class='ocrx_word' id='word_1_297' title='bbox 2702 2077 2826 2148; x_wconf 76' lang='grc' dir='ltr'><strong>περὶ</strong></span> <span class='ocrx_word' id='word_1_298' title='bbox 2865 2078 3088 2130; x_wconf 80' lang='grc' dir='ltr'><strong>ἑκάστου</strong></span> <span class='ocrx_word' id='word_1_299' title='bbox 3121 2066 3472 2146; x_wconf 65' lang='grc' dir='ltr'><strong>ὲπληροφόρει</strong></span> <span class='ocrx_word' id='word_1_300' title='bbox 3495 2090 3510 2104; x_wconf 88' lang='grc'>·</span> <span class='ocrx_word' id='word_1_301' title='bbox 3539 2075 3842 2143; x_wconf 83' lang='grc' dir='ltr'><strong>κατέστησε</strong></span> 
     </span>
    </p>
   </div>
   <div class='ocr_carea' id='block_1_42' title="bbox 2306 2164 3847 2236">
    <p class='ocr_par' dir='ltr' id='par_1_42' title="bbox 2306 2164 3847 2236">
     <span class='ocr_line' id='line_1_42' title="bbox 2306 2164 3847 2236; baseline -0.003 -17"><span class='ocrx_word' id='word_1_302' title='bbox 2306 2166 2586 2232; x_wconf 79' lang='grc' dir='ltr'><strong>δὲαύτοῖς,</strong></span> <span class='ocrx_word' id='word_1_303' title='bbox 2636 2166 2729 2219; x_wconf 78' lang='grc' dir='ltr'><strong>καὶ</strong></span> <span class='ocrx_word' id='word_1_304' title='bbox 2758 2165 3038 2219; x_wconf 83' lang='grc' dir='ltr'><strong>τοποποιὺν</strong></span> <span class='ocrx_word' id='word_1_305' title='bbox 3070 2166 3238 2236; x_wconf 86' lang='grc' dir='ltr'><strong>μέγαν</strong></span> <span class='ocrx_word' id='word_1_306' title='bbox 3285 2166 3469 2219; x_wconf 79' lang='grc' dir='ltr'><strong>Ἰσαάκ</strong></span> <span class='ocrx_word' id='word_1_307' title='bbox 3506 2165 3755 2234; x_wconf 78' lang='grc' dir='ltr'><strong>ὀνόματι,</strong></span> <span class='ocrx_word' id='word_1_308' title='bbox 3785 2164 3847 2226; x_wconf 78' lang='grc' dir='ltr'><strong>ὃς</strong></span> 
     </span>
    </p>
   </div>
   <div class='ocr_carea' id='block_1_43' title="bbox 2311 2253 3848 2328">
    <p class='ocr_par' dir='ltr' id='par_1_43' title="bbox 2311 2253 3848 2328">
     <span class='ocr_line' id='line_1_43' title="bbox 2311 2253 3848 2328; baseline -0.003 -18"><span class='ocrx_word' id='word_1_309' title='bbox 2311 2257 2504 2327; x_wconf 78' lang='grc' dir='ltr'><strong>ἀπῄτει</strong></span> <span class='ocrx_word' id='word_1_310' title='bbox 2533 2257 2628 2328; x_wconf 77' lang='grc' dir='ltr'><strong>τὴν</strong></span> <span class='ocrx_word' id='word_1_311' title='bbox 2655 2256 2950 2328; x_wconf 80' lang='grc' dir='ltr'><strong>προσευχὴν</strong></span> <span class='ocrx_word' id='word_1_312' title='bbox 2977 2257 3309 2310; x_wconf 80' lang='grc' dir='ltr'><strong>ἀδιάλειπτον</strong></span> <span class='ocrx_word' id='word_1_313' title='bbox 3336 2256 3517 2326; x_wconf 72' lang='grc' dir='ltr'><strong>σχεδὸν</strong></span> <span class='ocrx_word' id='word_1_314' title='bbox 3541 2257 3662 2318; x_wconf 78' lang='grc' dir='ltr'><strong>τοὺς</strong></span> <span class='ocrx_word' id='word_1_315' title='bbox 3692 2253 3848 2322; x_wconf 79' lang='grc' dir='ltr'><strong>αὐτῷ</strong></span> 
     </span>
    </p>
   </div>
   <div class='ocr_carea' id='block_1_44' title="bbox 2311 2345 3848 2419">
    <p class='ocr_par' dir='ltr' id='par_1_44' title="bbox 2311 2345 3848 2419">
     <span class='ocr_line' id='line_1_44' title="bbox 2311 2345 3848 2419; baseline -0.002 -19"><span class='ocrx_word' id='word_1_316' title='bbox 2311 2350 2756 2419; x_wconf 83' lang='grc' dir='ltr'><strong>παραδιδομένους</strong></span> <span class='ocrx_word' id='word_1_317' title='bbox 2775 2365 2791 2380; x_wconf 75' lang='grc' dir='ltr'><strong><em>ο</em></strong></span> <span class='ocrx_word' id='word_1_318' title='bbox 2838 2345 2979 2418; x_wconf 82' lang='grc' dir='ltr'><strong>εἶχον</strong></span> <span class='ocrx_word' id='word_1_319' title='bbox 3003 2349 3057 2402; x_wconf 85' lang='grc' dir='ltr'><strong>δὲ</strong></span> <span class='ocrx_word' id='word_1_320' title='bbox 3089 2349 3179 2403; x_wconf 82' lang='grc' dir='ltr'><strong>καὶ</strong></span> <span class='ocrx_word' id='word_1_321' title='bbox 3208 2347 3426 2410; x_wconf 75' lang='grc' dir='ltr'><strong>θαλλοὺς</strong></span> <span class='ocrx_word' id='word_1_322' title='bbox 3455 2347 3734 2408; x_wconf 74' lang='grc' dir='ltr'><strong>πλείστους</strong></span> <span class='ocrx_word' id='word_1_323' title='bbox 3765 2347 3848 2408; x_wconf 85' lang='grc' dir='ltr'><strong>είς</strong></span> 
     </span>
    </p>
   </div>
   <div class='ocr_carea' id='block_1_45' title="bbox 2310 2439 2829 2510">
    <p class='ocr_par' dir='ltr' id='par_1_45' title="bbox 2310 2439 2829 2510">
     <span class='ocr_line' id='line_1_45' title="bbox 2310 2439 2829 2510; baseline 0.002 -18"><span class='ocrx_word' id='word_1_324' title='bbox 2310 2439 2531 2510; x_wconf 77' lang='grc' dir='ltr'><strong>άκηδίας</strong></span> <span class='ocrx_word' id='word_1_325' title='bbox 2558 2439 2829 2510; x_wconf 77' lang='grc' dir='ltr'><strong>ἐμπόδιον.</strong></span> 
     </span>
    </p>
   </div>
   <div class='ocr_carea' id='block_1_46' title="bbox 669 2529 3847 2607">
    <p class='ocr_par' dir='ltr' id='par_1_46' title="bbox 669 2529 3847 2607">
     <span class='ocr_line' id='line_1_46' title="bbox 669 2529 3847 2607; baseline 0.001 -25"><span class='ocrx_word' id='word_1_326' title='bbox 669 2531 1048 2595; x_wconf 75' lang='lat' dir='ltr'><strong>adhibebatur;</strong></span> <span class='ocrx_word' id='word_1_327' title='bbox 1109 2546 1217 2584; x_wconf 92' lang='lat' dir='ltr'><strong>non</strong></span> <span class='ocrx_word' id='word_1_328' title='bbox 1286 2529 1431 2584; x_wconf 90' lang='lat' dir='ltr'><strong>aliud</strong></span> <span class='ocrx_word' id='word_1_329' title='bbox 1505 2530 1794 2600; x_wconf 90' lang='lat' dir='ltr'><strong>quidquam</strong></span> <span class='ocrx_word' id='word_1_330' title='bbox 1855 2547 1887 2587; x_wconf 90' lang='lat' dir='ltr'><strong>e</strong></span> <span class='ocrx_word' id='word_1_331' title='bbox 1949 2532 2089 2598; x_wconf 83' lang='lat' dir='ltr'><strong>foco,</strong></span> <span class='ocrx_word' id='word_1_332' title='bbox 2140 2545 2332 2604; x_wconf 57' lang='lat' dir='ltr'><strong>praeter</strong></span> <span class='ocrx_word' id='word_1_333' title='bbox 2383 2549 2593 2602; x_wconf 89' lang='lat' dir='ltr'><strong>panem,</strong></span> <span class='ocrx_word' id='word_1_334' title='bbox 2643 2543 2697 2588; x_wconf 89' lang='lat' dir='ltr'><strong>et</strong></span> <span class='ocrx_word' id='word_1_335' title='bbox 2750 2535 2969 2589; x_wconf 81' lang='lat' dir='ltr'><strong>minuta</strong></span> <span class='ocrx_word' id='word_1_336' title='bbox 3020 2533 3280 2607; x_wconf 54' lang='lat' dir='ltr'><strong>oluscnla,</strong></span> <span class='ocrx_word' id='word_1_337' title='bbox 3330 2531 3384 2586; x_wconf 90' lang='lat' dir='ltr'><strong>in</strong></span> <span class='ocrx_word' id='word_1_338' title='bbox 3479 2545 3724 2586; x_wconf 81' lang='lat' dir='ltr'><strong>mensam</strong></span> <span class='ocrx_word' id='word_1_339' title='bbox 3791 2532 3847 2584; x_wconf 90' lang='lat' dir='ltr'><strong>in</strong></span> 
     </span>
    </p>
   </div>
   <div class='ocr_carea' id='block_1_47' title="bbox 671 2615 3845 2696">
    <p class='ocr_par' dir='ltr' id='par_1_47' title="bbox 671 2615 3845 2696">
     <span class='ocr_line' id='line_1_47' title="bbox 671 2615 3845 2696; baseline 0.001 -24"><span class='ocrx_word' id='word_1_340' title='bbox 671 2619 956 2680; x_wconf 80' lang='lat' dir='ltr'><strong>ferebatur.</strong></span> <span class='ocrx_word' id='word_1_341' title='bbox 1011 2624 1066 2678; x_wconf 90' lang='lat' dir='ltr'><strong>In</strong></span> <span class='ocrx_word' id='word_1_342' title='bbox 1120 2625 1221 2680; x_wconf 87' lang='lat' dir='ltr'><strong>hoc</strong></span> <span class='ocrx_word' id='word_1_343' title='bbox 1275 2640 1388 2690; x_wconf 90' lang='lat' dir='ltr'><strong>eos,</strong></span> <span class='ocrx_word' id='word_1_344' title='bbox 1450 2625 1543 2696; x_wconf 91' lang='lat' dir='ltr'><strong>qui</strong></span> <span class='ocrx_word' id='word_1_345' title='bbox 1607 2634 1729 2694; x_wconf 87' lang='lat' dir='ltr'><strong>post</strong></span> <span class='ocrx_word' id='word_1_346' title='bbox 1810 2627 2112 2696; x_wconf 77' lang='lat' dir='ltr'><strong>religiosam</strong></span> <span class='ocrx_word' id='word_1_347' title='bbox 2152 2615 2560 2695; x_wconf 79' lang='lat' dir='ltr'><strong>professionem</strong></span> <span class='ocrx_word' id='word_1_348' title='bbox 2614 2627 2668 2680; x_wconf 88' lang='lat' dir='ltr'><strong>in</strong></span> <span class='ocrx_word' id='word_1_349' title='bbox 2734 2637 3005 2696; x_wconf 86' lang='lat' dir='ltr'><strong>peccatum</strong></span> <span class='ocrx_word' id='word_1_350' title='bbox 3061 2625 3291 2694; x_wconf 85' lang='lat' dir='ltr'><strong>prolapsi</strong></span> <span class='ocrx_word' id='word_1_351' title='bbox 3342 2628 3528 2687; x_wconf 88' lang='lat' dir='ltr'><strong>erant&#39;,</strong></span> <span class='ocrx_word' id='word_1_352' title='bbox 3579 2624 3654 2680; x_wconf 87' lang='lat' dir='ltr'><strong>ita</strong></span> <span class='ocrx_word' id='word_1_353' title='bbox 3705 2637 3845 2678; x_wconf 85' lang='lat' dir='ltr'><strong>con-</strong></span> 
     </span>
    </p>
   </div>
   <div class='ocr_carea' id='block_1_48' title="bbox 667 2714 3846 2786">
    <p class='ocr_par' dir='ltr' id='par_1_48' title="bbox 667 2714 3846 2786">
     <span class='ocr_line' id='line_1_48' title="bbox 667 2714 3846 2786; baseline 0.001 -16"><span class='ocrx_word' id='word_1_354' title='bbox 667 2715 935 2780; x_wconf 83' lang='lat' dir='ltr'><strong>cludebat,</strong></span> <span class='ocrx_word' id='word_1_355' title='bbox 1008 2723 1066 2769; x_wconf 89' lang='lat' dir='ltr'><strong>ut</strong></span> <span class='ocrx_word' id='word_1_356' title='bbox 1121 2714 1306 2784; x_wconf 89' lang='lat' dir='ltr'><strong>pedem</strong></span> <span class='ocrx_word' id='word_1_357' title='bbox 1360 2714 1564 2780; x_wconf 41' lang='lat' dir='ltr'><strong>,ell‘erre</strong></span> <span class='ocrx_word' id='word_1_358' title='bbox 1641 2731 1912 2784; x_wconf 89' lang='lat' dir='ltr'><strong>nunquam</strong></span> <span class='ocrx_word' id='word_1_359' title='bbox 1959 2725 2176 2785; x_wconf 86' lang='lat' dir='ltr'><strong>possent</strong></span> <span class='ocrx_word' id='word_1_360' title='bbox 2224 2733 2238 2770; x_wconf 90' lang='lat'>:</span> <span class='ocrx_word' id='word_1_361' title='bbox 2283 2731 2381 2770; x_wconf 88' lang='lat' dir='ltr'><strong>nec</strong></span> <span class='ocrx_word' id='word_1_362' title='bbox 2420 2717 2600 2785; x_wconf 86' lang='lat' dir='ltr'><strong>plures</strong></span> <span class='ocrx_word' id='word_1_363' title='bbox 2647 2717 2807 2772; x_wconf 86' lang='lat' dir='ltr'><strong>simul</strong></span> <span class='ocrx_word' id='word_1_364' title='bbox 2849 2717 3121 2786; x_wconf 83' lang='lat' dir='ltr'><strong>jungcbat.</strong></span> <span class='ocrx_word' id='word_1_365' title='bbox 3173 2717 3264 2771; x_wconf 88' lang='lat' dir='ltr'><strong>sed</strong></span> <span class='ocrx_word' id='word_1_366' title='bbox 3307 2717 3547 2784; x_wconf 74' lang='lat' dir='ltr'><strong>singulos</strong></span> <span class='ocrx_word' id='word_1_367' title='bbox 3589 2719 3846 2772; x_wconf 72' lang='lat' dir='ltr'><strong>seorsim.</strong></span> 
     </span>
    </p>
   </div>
   <div class='ocr_carea' id='block_1_49' title="bbox 672 2809 3841 2881">
    <p class='ocr_par' dir='ltr' id='par_1_49' title="bbox 672 2809 3841 2881">
     <span class='ocr_line' id='line_1_49' title="bbox 672 2809 3841 2881; baseline 0.001 -18"><span class='ocrx_word' id='word_1_368' title='bbox 672 2819 764 2863; x_wconf 86' lang='lat' dir='ltr'><strong>aut</strong></span> <span class='ocrx_word' id='word_1_369' title='bbox 803 2819 863 2862; x_wconf 88' lang='lat' dir='ltr'><strong>ut</strong></span> <span class='ocrx_word' id='word_1_370' title='bbox 909 2809 1195 2878; x_wconf 87' lang='lat' dir='ltr'><strong>plurimum</strong></span> <span class='ocrx_word' id='word_1_371' title='bbox 1247 2809 1402 2865; x_wconf 88' lang='lat' dir='ltr'><strong>binos</strong></span> <span class='ocrx_word' id='word_1_372' title='bbox 1449 2826 1464 2862; x_wconf 89' lang='lat'>:</span> <span class='ocrx_word' id='word_1_373' title='bbox 1512 2811 1901 2879; x_wconf 87' lang='lat' dir='ltr'><strong>manebantque</strong></span> <span class='ocrx_word' id='word_1_374' title='bbox 1961 2810 2034 2864; x_wconf 89' lang='lat' dir='ltr'><strong>ibi</strong></span> <span class='ocrx_word' id='word_1_375' title='bbox 2077 2809 2251 2879; x_wconf 89' lang='lat' dir='ltr'><strong>quoad</strong></span> <span class='ocrx_word' id='word_1_376' title='bbox 2301 2827 2500 2880; x_wconf 73' lang='lat' dir='ltr'><strong>prmses</strong></span> <span class='ocrx_word' id='word_1_377' title='bbox 2569 2811 2653 2869; x_wconf 59' lang='lat' dir='ltr'><strong>de.</strong></span> <span class='ocrx_word' id='word_1_378' title='bbox 2685 2811 2906 2881; x_wconf 79' lang='lat' dir='ltr'><strong>singulis</strong></span> <span class='ocrx_word' id='word_1_379' title='bbox 2965 2810 3216 2866; x_wconf 84' lang='lat' dir='ltr'><strong>divinitus</strong></span> <span class='ocrx_word' id='word_1_380' title='bbox 3290 2811 3622 2865; x_wconf 80' lang='lat' dir='ltr'><strong>educeretur.</strong></span> <span class='ocrx_word' id='word_1_381' title='bbox 3694 2809 3841 2866; x_wconf 62' lang='lat' dir='ltr'><strong>Prat-</strong></span> 
     </span>
    </p>
   </div>
   <div class='ocr_carea' id='block_1_50' title="bbox 675 2898 3848 2972">
    <p class='ocr_par' dir='ltr' id='par_1_50' title="bbox 675 2898 3848 2972">
     <span class='ocr_line' id='line_1_50' title="bbox 675 2898 3848 2972; baseline 0.001 -20"><span class='ocrx_word' id='word_1_382' title='bbox 675 2898 801 2952; x_wconf 89' lang='lat' dir='ltr'><strong>fccit</strong></span> <span class='ocrx_word' id='word_1_383' title='bbox 869 2901 1044 2951; x_wconf 81' lang='lat' dir='ltr'><strong>autem</strong></span> <span class='ocrx_word' id='word_1_384' title='bbox 1113 2898 1316 2951; x_wconf 82' lang='lat' dir='ltr'><strong>eisdem</strong></span> <span class='ocrx_word' id='word_1_385' title='bbox 1381 2899 1555 2951; x_wconf 92' lang='lat' dir='ltr'><strong>virum</strong></span> <span class='ocrx_word' id='word_1_386' title='bbox 1626 2899 1910 2965; x_wconf 88' lang='lat' dir='ltr'><strong>quemdam</strong></span> <span class='ocrx_word' id='word_1_387' title='bbox 1968 2899 2256 2962; x_wconf 86' lang='lat' dir='ltr'><strong>eximium,</strong></span> <span class='ocrx_word' id='word_1_388' title='bbox 2294 2902 2378 2953; x_wconf 88' lang='lat' dir='ltr'><strong>cui</strong></span> <span class='ocrx_word' id='word_1_389' title='bbox 2439 2900 2650 2956; x_wconf 88' lang='lat' dir='ltr'><strong>lsaacus</strong></span> <span class='ocrx_word' id='word_1_390' title='bbox 2728 2916 2941 2963; x_wconf 89' lang='lat' dir='ltr'><strong>nomen,</strong></span> <span class='ocrx_word' id='word_1_391' title='bbox 2983 2901 3075 2969; x_wconf 92' lang='lat' dir='ltr'><strong>qui</strong></span> <span class='ocrx_word' id='word_1_392' title='bbox 3126 2901 3194 2955; x_wconf 93' lang='lat' dir='ltr'><strong>ab</strong></span> <span class='ocrx_word' id='word_1_393' title='bbox 3242 2901 3343 2955; x_wconf 90' lang='lat' dir='ltr'><strong>sibi</strong></span> <span class='ocrx_word' id='word_1_394' title='bbox 3382 2903 3686 2957; x_wconf 87' lang='lat' dir='ltr'><strong>commissis</strong></span> <span class='ocrx_word' id='word_1_395' title='bbox 3724 2917 3848 2972; x_wconf 77' lang='lat' dir='ltr'><strong>pre-</strong></span> 
     </span>
    </p>
   </div>
   <div class='ocr_carea' id='block_1_51' title="bbox 676 2991 3848 3064">
    <p class='ocr_par' dir='ltr' id='par_1_51' title="bbox 676 2991 3848 3064">
     <span class='ocr_line' id='line_1_51' title="bbox 676 2991 3848 3064; baseline 0 -17"><span class='ocrx_word' id='word_1_396' title='bbox 676 3008 800 3047; x_wconf 88' lang='lat' dir='ltr'><strong>cum</strong></span> <span class='ocrx_word' id='word_1_397' title='bbox 830 2991 1170 3046; x_wconf 85' lang='lat' dir='ltr'><strong>assiduarum</strong></span> <span class='ocrx_word' id='word_1_398' title='bbox 1229 3007 1453 3059; x_wconf 86' lang='lat' dir='ltr'><strong>pensum</strong></span> <span class='ocrx_word' id='word_1_399' title='bbox 1503 2991 1763 3061; x_wconf 74' lang='lat' dir='ltr'><strong>exigebat,</strong></span> <span class='ocrx_word' id='word_1_400' title='bbox 1811 3000 1867 3046; x_wconf 90' lang='lat' dir='ltr'><strong>et</strong></span> <span class='ocrx_word' id='word_1_401' title='bbox 1930 3007 2095 3061; x_wconf 84' lang='lat' dir='ltr'><strong>prope</strong></span> <span class='ocrx_word' id='word_1_402' title='bbox 2155 3009 2429 3062; x_wconf 91' lang='lat' dir='ltr'><strong>nunquam</strong></span> <span class='ocrx_word' id='word_1_403' title='bbox 2485 3010 2515 3050; x_wconf 93' lang='lat' dir='ltr'><strong>a</strong></span> <span class='ocrx_word' id='word_1_404' title='bbox 2575 2995 2713 3050; x_wconf 88' lang='lat' dir='ltr'><strong>votis</strong></span> <span class='ocrx_word' id='word_1_405' title='bbox 2762 3011 2975 3051; x_wconf 87' lang='lat' dir='ltr'><strong>cessare</strong></span> <span class='ocrx_word' id='word_1_406' title='bbox 3037 2995 3396 3064; x_wconf 85' lang='lat' dir='ltr'><strong>permittebat.</strong></span> <span class='ocrx_word' id='word_1_407' title='bbox 3451 2993 3848 3064; x_wconf 78' lang='lat' dir='ltr'><strong>Suppeditabat</strong></span> 
     </span>
    </p>
   </div>
   <div class='ocr_carea' id='block_1_52' title="bbox 675 3082 3461 3160">
    <p class='ocr_par' dir='ltr' id='par_1_52' title="bbox 675 3082 3461 3160">
     <span class='ocr_line' id='line_1_52' title="bbox 675 3082 3461 3160; baseline -0.001 -18"><span class='ocrx_word' id='word_1_408' title='bbox 675 3085 782 3142; x_wconf 92' lang='lat' dir='ltr'><strong>illis</strong></span> <span class='ocrx_word' id='word_1_409' title='bbox 864 3097 1053 3152; x_wconf 79' lang='lat' dir='ltr'><strong>magna</strong></span> <span class='ocrx_word' id='word_1_410' title='bbox 1142 3082 1437 3151; x_wconf 86' lang='lat' dir='ltr'><strong>palmarum</strong></span> <span class='ocrx_word' id='word_1_411' title='bbox 1505 3085 1697 3154; x_wconf 89' lang='lat' dir='ltr'><strong>copia,</strong></span> <span class='ocrx_word' id='word_1_412' title='bbox 1763 3082 1814 3155; x_wconf 92' lang='lat' dir='ltr'><strong>[c</strong></span> <span class='ocrx_word' id='word_1_413' title='bbox 1874 3084 2093 3158; x_wconf 89' lang='lat' dir='ltr'><strong>quibus]</strong></span> <span class='ocrx_word' id='word_1_414' title='bbox 2153 3087 2218 3142; x_wconf 86' lang='lat' dir='ltr'><strong>ad</strong></span> <span class='ocrx_word' id='word_1_415' title='bbox 2285 3087 2561 3143; x_wconf 85' lang='lat' dir='ltr'><strong>vitandum</strong></span> <span class='ocrx_word' id='word_1_416' title='bbox 2615 3091 2782 3145; x_wconf 89' lang='lat' dir='ltr'><strong>otium</strong></span> <span class='ocrx_word' id='word_1_417' title='bbox 2840 3087 3106 3160; x_wconf 84' lang='lat' dir='ltr'><strong>[calathos</strong></span> <span class='ocrx_word' id='word_1_418' title='bbox 3166 3087 3461 3160; x_wconf 80' lang='lat' dir='ltr'><strong>texebant].</strong></span> 
     </span>
    </p>
   </div>
   <div class='ocr_carea' id='block_1_53' title="bbox 749 3171 2217 3248">
    <p class='ocr_par' dir='ltr' id='par_1_53' title="bbox 749 3171 2212 3248">
     <span class='ocr_line' id='line_1_53' title="bbox 749 3171 2212 3248; baseline 0.001 -22"><span class='ocrx_word' id='word_1_419' title='bbox 749 3173 872 3228; x_wconf 73' lang='lat' dir='ltr'><strong>llzec</strong></span> <span class='ocrx_word' id='word_1_420' title='bbox 915 3174 1021 3228; x_wconf 89' lang='lat' dir='ltr'><strong>illis</strong></span> <span class='ocrx_word' id='word_1_421' title='bbox 1077 3171 1285 3248; x_wconf 79' lang='lat' dir='ltr'><strong>vivendi</strong></span> <span class='ocrx_word' id='word_1_422' title='bbox 1328 3172 1482 3234; x_wconf 83' lang='lat' dir='ltr'><strong>ratio,</strong></span> <span class='ocrx_word' id='word_1_423' title='bbox 1518 3172 1605 3227; x_wconf 87' lang='lat' dir='ltr'><strong>hic</strong></span> <span class='ocrx_word' id='word_1_424' title='bbox 1664 3181 1853 3233; x_wconf 87' lang='lat' dir='ltr'><strong>status.</strong></span> <span class='ocrx_word' id='word_1_425' title='bbox 1883 3173 1995 3248; x_wconf 65' lang='lat' dir='ltr'><strong>btet;</strong></span> <span class='ocrx_word' id='word_1_426' title='bbox 2052 3174 2212 3228; x_wconf 85' lang='lat' dir='ltr'><strong>disci-</strong></span> 
     </span>
    </p>
   </div>
   <div class='ocr_carea' id='block_1_54' title="bbox 2314 3171 3852 3248">
    <p class='ocr_par' dir='ltr' id='par_1_54' title="bbox 2379 3171 3852 3248">
     <span class='ocr_line' id='line_1_54' title="bbox 2379 3171 3852 3248; baseline -0.001 -19"><span class='ocrx_word' id='word_1_427' title='bbox 2379 3171 2542 3240; x_wconf 78' lang='grc' dir='ltr'><strong>Οὗτος</strong></span> <span class='ocrx_word' id='word_1_428' title='bbox 2567 3179 2594 3230; x_wconf 82' lang='grc' dir='ltr'>ὁ</span> <span class='ocrx_word' id='word_1_429' title='bbox 2621 3177 2750 3246; x_wconf 80' lang='grc' dir='ltr'><strong>βίος,</strong></span> <span class='ocrx_word' id='word_1_430' title='bbox 2778 3176 2914 3246; x_wconf 76' lang='grc' dir='ltr'><strong>αὕτη</strong></span> <span class='ocrx_word' id='word_1_431' title='bbox 2943 3178 2975 3247; x_wconf 80' lang='grc' dir='ltr'>ἠ</span> <span class='ocrx_word' id='word_1_432' title='bbox 3010 3178 3351 3241; x_wconf 83' lang='grc' dir='ltr'><strong>κατάστασις·</strong></span> <span class='ocrx_word' id='word_1_433' title='bbox 3376 3178 3510 3248; x_wconf 75' lang='grc' dir='ltr'><strong>αὕτη</strong></span> <span class='ocrx_word' id='word_1_434' title='bbox 3540 3193 3575 3246; x_wconf 89' lang='grc' dir='ltr'><strong>η</strong></span> <span class='ocrx_word' id='word_1_435' title='bbox 3642 3183 3852 3245; x_wconf 81' lang='grc' dir='ltr'><strong>ιαγωγη</strong></span> 
     </span>
    </p>
   </div>
   <div class='ocr_carea' id='block_1_55' title="bbox 676 3237 2217 3336">
    <p class='ocr_par' dir='ltr' id='par_1_55' title="bbox 676 3237 2207 3335">
     <span class='ocr_line' id='line_1_55' title="bbox 676 3237 2207 3335; baseline 0 -17"><span class='ocrx_word' id='word_1_436' title='bbox 676 3265 823 3335; x_wconf 90' lang='lat' dir='ltr'><strong>plina</strong></span> <span class='ocrx_word' id='word_1_437' title='bbox 883 3272 1001 3318; x_wconf 88' lang='lat' dir='ltr'><strong>erat</strong></span> <span class='ocrx_word' id='word_1_438' title='bbox 1057 3246 1266 3328; x_wconf 84' lang='lat' dir='ltr'><strong>eorum,</strong></span> <span class='ocrx_word' id='word_1_439' title='bbox 1314 3264 1405 3333; x_wconf 87' lang='lat' dir='ltr'><strong>qui</strong></span> <span class='ocrx_word' id='word_1_440' title='bbox 1485 3277 1607 3317; x_wconf 87' lang='lat' dir='ltr'><strong>vere</strong></span> <span class='ocrx_word' id='word_1_441' title='bbox 1656 3237 1996 3331; x_wconf 42' lang='lat' dir='ltr'><strong>quaerebant’</strong></span> <span class='ocrx_word' id='word_1_442' title='bbox 2018 3263 2207 3318; x_wconf 83' lang='lat' dir='ltr'><strong>faciem</strong></span> 
     </span>
    </p>
   </div>
   <div class='ocr_carea' id='block_1_56' title="bbox 2314 3237 3849 3336">
    <p class='ocr_par' dir='ltr' id='par_1_56' title="bbox 2314 3264 3849 3336">
     <span class='ocr_line' id='line_1_56' title="bbox 2314 3264 3849 3336; baseline 0 -18"><span class='ocrx_word' id='word_1_443' title='bbox 2314 3264 2415 3318; x_wconf 85' lang='grc' dir='ltr'><strong>τῶν</strong></span> <span class='ocrx_word' id='word_1_444' title='bbox 2441 3265 2606 3330; x_wconf 78' lang='grc' dir='ltr'><strong>ὅντως</strong></span> <span class='ocrx_word' id='word_1_445' title='bbox 2630 3265 2924 3336; x_wconf 78' lang='grc' dir='ltr'><strong>ζητούντων</strong></span> <span class='ocrx_word' id='word_1_446' title='bbox 2948 3266 3008 3318; x_wconf 81' lang='grc' dir='ltr'><strong>τὸ</strong></span> <span class='ocrx_word' id='word_1_447' title='bbox 3027 3267 3309 3336; x_wconf 85' lang='grc' dir='ltr'><strong>πρόσωπον</strong></span> <span class='ocrx_word' id='word_1_448' title='bbox 3335 3266 3428 3319; x_wconf 77' lang='grc' dir='ltr'><strong>τοῦ</strong></span> <span class='ocrx_word' id='word_1_449' title='bbox 3450 3266 3580 3320; x_wconf 82' lang='grc' dir='ltr'><strong>Θεοῦ</strong></span> <span class='ocrx_word' id='word_1_450' title='bbox 3612 3265 3807 3319; x_wconf 78' lang='grc' dir='ltr'><strong>Ἰακώῦ</strong></span> <span class='ocrx_word' id='word_1_451' title='bbox 3833 3282 3849 3295; x_wconf 75' lang='grc'><strong>⁸</strong></span> 
     </span>
    </p>
   </div>
   <div class='ocr_carea' id='block_1_57' title="bbox 678 3353 2217 3428">
    <p class='ocr_par' dir='ltr' id='par_1_57' title="bbox 678 3353 2210 3428">
     <span class='ocr_line' id='line_1_57' title="bbox 678 3353 2210 3428; baseline 0.003 -22"><span class='ocrx_word' id='word_1_452' title='bbox 678 3355 766 3408; x_wconf 85' lang='lat' dir='ltr'><strong>Dei</strong></span> <span class='ocrx_word' id='word_1_453' title='bbox 794 3353 977 3409; x_wconf 66' lang='lat' dir='ltr'><strong>Iacob.</strong></span> <span class='ocrx_word' id='word_1_454' title='bbox 1008 3353 1273 3408; x_wconf 83' lang='lat' dir='ltr'><strong>Admirari</strong></span> <span class='ocrx_word' id='word_1_455' title='bbox 1293 3361 1598 3408; x_wconf 89' lang='lat' dir='ltr'><strong>sanctorum</strong></span> <span class='ocrx_word' id='word_1_456' title='bbox 1643 3353 1965 3408; x_wconf 86' lang='lat' dir='ltr'><strong>athletarum</strong></span> <span class='ocrx_word' id='word_1_457' title='bbox 2002 3355 2210 3428; x_wconf 83' lang='lat' dir='ltr'><strong>labores</strong></span> 
     </span>
    </p>
   </div>
   <div class='ocr_carea' id='block_1_58' title="bbox 2314 3353 3851 3428">
    <p class='ocr_par' dir='ltr' id='par_1_58' title="bbox 2314 3356 3851 3427">
     <span class='ocr_line' id='line_1_58' title="bbox 2314 3356 3851 3427; baseline -0.001 -17"><span class='ocrx_word' id='word_1_458' title='bbox 2314 3359 2368 3410; x_wconf 84' lang='grc' dir='ltr'><strong>τὸ</strong></span> <span class='ocrx_word' id='word_1_459' title='bbox 2401 3359 2497 3426; x_wconf 82' lang='grc' dir='ltr'><strong>μὲν</strong></span> <span class='ocrx_word' id='word_1_460' title='bbox 2537 3358 2834 3427; x_wconf 80' lang='grc' dir='ltr'><strong>θαυμάζειν</strong></span> <span class='ocrx_word' id='word_1_461' title='bbox 2872 3360 2994 3419; x_wconf 76' lang='grc' dir='ltr'><strong>τοὺς</strong></span> <span class='ocrx_word' id='word_1_462' title='bbox 3034 3359 3204 3425; x_wconf 80' lang='grc' dir='ltr'><strong>ἁγίων</strong></span> <span class='ocrx_word' id='word_1_463' title='bbox 3232 3358 3421 3420; x_wconf 84' lang='grc' dir='ltr'><strong>πόνους</strong></span> <span class='ocrx_word' id='word_1_464' title='bbox 3451 3357 3612 3410; x_wconf 76' lang='grc' dir='ltr'><strong>καλὸν</strong></span> <span class='ocrx_word' id='word_1_465' title='bbox 3635 3373 3648 3384; x_wconf 71' lang='grc'>⁸</span> <span class='ocrx_word' id='word_1_466' title='bbox 3700 3358 3762 3410; x_wconf 82' lang='grc' dir='ltr'><strong>τὸ</strong></span> <span class='ocrx_word' id='word_1_467' title='bbox 3792 3356 3851 3410; x_wconf 78' lang='grc' dir='ltr'><strong>δὲ</strong></span> 
     </span>
    </p>
   </div>
   <div class='ocr_carea' id='block_1_59' title="bbox 676 3445 2217 3518">
    <p class='ocr_par' dir='ltr' id='par_1_59' title="bbox 676 3445 2209 3514">
     <span class='ocr_line' id='line_1_59' title="bbox 676 3445 2209 3514; baseline 0.001 -17"><span class='ocrx_word' id='word_1_468' title='bbox 676 3447 988 3514; x_wconf 69' lang='lat' dir='ltr'><strong>praeclarum</strong></span> <span class='ocrx_word' id='word_1_469' title='bbox 1043 3455 1143 3510; x_wconf 91' lang='lat' dir='ltr'><strong>est,</strong></span> <span class='ocrx_word' id='word_1_470' title='bbox 1201 3445 1292 3500; x_wconf 89' lang='lat' dir='ltr'><strong>sed</strong></span> <span class='ocrx_word' id='word_1_471' title='bbox 1323 3445 1618 3508; x_wconf 64' lang='lat' dir='ltr'><strong>&#39;amulari,</strong></span> <span class='ocrx_word' id='word_1_472' title='bbox 1673 3445 1898 3501; x_wconf 85' lang='lat' dir='ltr'><strong>salutem</strong></span> <span class='ocrx_word' id='word_1_473' title='bbox 1942 3447 2209 3501; x_wconf 88' lang='lat' dir='ltr'><strong>conciliat.</strong></span> 
     </span>
    </p>
   </div>
   <div class='ocr_carea' id='block_1_60' title="bbox 2314 3445 3855 3518">
    <p class='ocr_par' dir='ltr' id='par_1_60' title="bbox 2314 3447 3855 3518">
     <span class='ocr_line' id='line_1_60' title="bbox 2314 3447 3855 3518; baseline 0 -19"><span class='ocrx_word' id='word_1_474' title='bbox 2314 3447 2503 3517; x_wconf 79' lang='grc' dir='ltr'><strong>ζηλοῦν</strong></span> <span class='ocrx_word' id='word_1_475' title='bbox 2552 3451 2816 3518; x_wconf 78' lang='grc' dir='ltr'><strong>σωτηρίας</strong></span> <span class='ocrx_word' id='word_1_476' title='bbox 2857 3449 3109 3518; x_wconf 72' lang='grc' dir='ltr'><strong>πρόξενον</strong></span> <span class='ocrx_word' id='word_1_477' title='bbox 3135 3463 3150 3477; x_wconf 78' lang='grc'>⁸</span> <span class='ocrx_word' id='word_1_478' title='bbox 3198 3447 3260 3500; x_wconf 82' lang='grc' dir='ltr'><strong>τδ</strong></span> <span class='ocrx_word' id='word_1_479' title='bbox 3301 3447 3357 3500; x_wconf 80' lang='grc' dir='ltr'><strong>δὲ</strong></span> <span class='ocrx_word' id='word_1_480' title='bbox 3401 3448 3489 3515; x_wconf 75' lang='grc' dir='ltr'><strong>ὑφ’</strong></span> <span class='ocrx_word' id='word_1_481' title='bbox 3515 3447 3627 3516; x_wconf 73' lang='grc'><strong>(50)</strong></span> <span class='ocrx_word' id='word_1_482' title='bbox 3663 3447 3722 3501; x_wconf 82' lang='grc' dir='ltr'><strong>ἓν</strong></span> <span class='ocrx_word' id='word_1_483' title='bbox 3753 3448 3855 3517; x_wconf 79' lang='grc' dir='ltr'><strong>τὴν</strong></span> 
     </span>
    </p>
   </div>
   <div class='ocr_carea' id='block_1_61' title="bbox 677 3534 2217 3607">
    <p class='ocr_par' dir='ltr' id='par_1_61' title="bbox 677 3534 2215 3598">
     <span class='ocr_line' id='line_1_61' title="bbox 677 3534 2215 3598; baseline 0 -10"><span class='ocrx_word' id='word_1_484' title='bbox 677 3534 824 3590; x_wconf 81' lang='lat' dir='ltr'><strong>Velle</strong></span> <span class='ocrx_word' id='word_1_485' title='bbox 879 3545 1055 3589; x_wconf 91' lang='lat' dir='ltr'><strong>autem</strong></span> <span class='ocrx_word' id='word_1_486' title='bbox 1101 3549 1210 3590; x_wconf 91' lang='lat' dir='ltr'><strong>uno</strong></span> <span class='ocrx_word' id='word_1_487' title='bbox 1267 3544 1538 3590; x_wconf 89' lang='lat' dir='ltr'><strong>momento</strong></span> <span class='ocrx_word' id='word_1_488' title='bbox 1591 3535 1806 3598; x_wconf 84' lang='lat' dir='ltr'><strong>illorum</strong></span> <span class='ocrx_word' id='word_1_489' title='bbox 1853 3536 2063 3589; x_wconf 76' lang='lat' dir='ltr'><strong>vivendi</strong></span> <span class='ocrx_word' id='word_1_490' title='bbox 2126 3552 2215 3592; x_wconf 88' lang='lat' dir='ltr'><strong>ra-</strong></span> 
     </span>
    </p>
   </div>
   <div class='ocr_carea' id='block_1_62' title="bbox 2314 3534 3853 3607">
    <p class='ocr_par' dir='ltr' id='par_1_62' title="bbox 2314 3535 3853 3607">
     <span class='ocr_line' id='line_1_62' title="bbox 2314 3535 3853 3607; baseline 0.001 -19"><span class='ocrx_word' id='word_1_491' title='bbox 2314 3538 2529 3591; x_wconf 82' lang='grc' dir='ltr'><strong>ὲκείνων</strong></span> <span class='ocrx_word' id='word_1_492' title='bbox 2558 3538 2832 3607; x_wconf 85' lang='grc' dir='ltr'><strong>μιμεῖσθαι</strong></span> <span class='ocrx_word' id='word_1_493' title='bbox 2861 3538 3031 3591; x_wconf 83' lang='grc' dir='ltr'><strong>θέλειν</strong></span> <span class='ocrx_word' id='word_1_494' title='bbox 3060 3537 3348 3599; x_wconf 80' lang='grc' dir='ltr'><strong>πολιτείαν,</strong></span> <span class='ocrx_word' id='word_1_495' title='bbox 3379 3535 3566 3603; x_wconf 74' lang='grc' dir='ltr'><strong>ἄλογον</strong></span> <span class='ocrx_word' id='word_1_496' title='bbox 3591 3539 3685 3589; x_wconf 81' lang='grc' dir='ltr'><strong>καὶ</strong></span> <span class='ocrx_word' id='word_1_497' title='bbox 3707 3539 3853 3606; x_wconf 85' lang='grc' dir='ltr'><strong>ἀμή-</strong></span> 
     </span>
    </p>
   </div>
   <div class='ocr_carea' id='block_1_63' title="bbox 679 3623 2217 3698">
    <p class='ocr_par' dir='ltr' id='par_1_63' title="bbox 679 3623 2215 3693">
     <span class='ocr_line' id='line_1_63' title="bbox 679 3623 2215 3693; baseline 0 -13"><span class='ocrx_word' id='word_1_498' title='bbox 679 3627 876 3681; x_wconf 91' lang='lat' dir='ltr'><strong>tionem</strong></span> <span class='ocrx_word' id='word_1_499' title='bbox 907 3623 1162 3679; x_wconf 90' lang='lat' dir='ltr'><strong>imitando</strong></span> <span class='ocrx_word' id='word_1_500' title='bbox 1178 3624 1410 3692; x_wconf 87' lang='lat' dir='ltr'><strong>assequi,</strong></span> <span class='ocrx_word' id='word_1_501' title='bbox 1441 3624 1781 3686; x_wconf 89' lang='lat' dir='ltr'><strong>insanum.et</strong></span> <span class='ocrx_word' id='word_1_502' title='bbox 1797 3640 1956 3693; x_wconf 87' lang='lat' dir='ltr'><strong>supra</strong></span> <span class='ocrx_word' id='word_1_503' title='bbox 1980 3625 2215 3680; x_wconf 87' lang='lat' dir='ltr'><strong>hominis</strong></span> 
     </span>
    </p>
   </div>
   <div class='ocr_carea' id='block_1_64' title="bbox 2314 3623 3853 3698">
    <p class='ocr_par' dir='ltr' id='par_1_64' title="bbox 2315 3625 3853 3698">
     <span class='ocr_line' id='line_1_64' title="bbox 2315 3625 3853 3698; baseline 0.001 -20"><span class='ocrx_word' id='word_1_504' title='bbox 2315 3643 2491 3696; x_wconf 87' lang='grc' dir='ltr'><strong>χανον.</strong></span> <span class='ocrx_word' id='word_1_505' title='bbox 2521 3627 2836 3696; x_wconf 86' lang='grc' dir='ltr'><strong>Δακνόμενοι</strong></span> <span class='ocrx_word' id='word_1_506' title='bbox 2871 3628 2966 3698; x_wconf 77' lang='grc' dir='ltr'><strong>μὲν</strong></span> <span class='ocrx_word' id='word_1_507' title='bbox 2991 3628 3080 3679; x_wconf 73' lang='grc' dir='ltr'><strong>ἐπὶ</strong></span> <span class='ocrx_word' id='word_1_508' title='bbox 3110 3630 3220 3690; x_wconf 85' lang='grc' dir='ltr'><strong>τοῖς</strong></span> <span class='ocrx_word' id='word_1_509' title='bbox 3253 3626 3487 3696; x_wconf 75' lang='grc' dir='ltr'><strong>ἐλέγχοις</strong></span> <span class='ocrx_word' id='word_1_510' title='bbox 3516 3625 3621 3678; x_wconf 86' lang='grc' dir='ltr'><strong>τῶν</strong></span> <span class='ocrx_word' id='word_1_511' title='bbox 3649 3627 3853 3696; x_wconf 69' lang='grc' dir='ltr'><strong>ἡμετέ-</strong></span> 
     </span>
    </p>
   </div>
   <div class='ocr_carea' id='block_1_65' title="bbox 679 3706 2217 3790">
    <p class='ocr_par' dir='ltr' id='par_1_65' title="bbox 679 3713 2217 3786">
     <span class='ocr_line' id='line_1_65' title="bbox 679 3713 2217 3786; baseline 0 -17"><span class='ocrx_word' id='word_1_512' title='bbox 679 3717 818 3770; x_wconf 83' lang='lat' dir='ltr'><strong>vires</strong></span> <span class='ocrx_word' id='word_1_513' title='bbox 836 3725 937 3771; x_wconf 89' lang='lat' dir='ltr'><strong>est.</strong></span> <span class='ocrx_word' id='word_1_514' title='bbox 984 3713 1080 3769; x_wconf 88' lang='lat' dir='ltr'><strong>Ubi</strong></span> <span class='ocrx_word' id='word_1_515' title='bbox 1103 3729 1199 3770; x_wconf 88' lang='lat' dir='ltr'><strong>nos</strong></span> <span class='ocrx_word' id='word_1_516' title='bbox 1216 3715 1286 3768; x_wconf 87' lang='lat' dir='ltr'><strong>ob</strong></span> <span class='ocrx_word' id='word_1_517' title='bbox 1306 3714 1495 3786; x_wconf 78' lang='lat' dir='ltr'><strong>delicta</strong></span> <span class='ocrx_word' id='word_1_518' title='bbox 1521 3723 1702 3770; x_wconf 82' lang='lat' dir='ltr'><strong>nostra</strong></span> <span class='ocrx_word' id='word_1_519' title='bbox 1728 3716 2054 3772; x_wconf 87' lang='lat' dir='ltr'><strong>conscientia</strong></span> <span class='ocrx_word' id='word_1_520' title='bbox 2075 3731 2217 3770; x_wconf 91' lang='lat' dir='ltr'><strong>mor-</strong></span> 
     </span>
    </p>
   </div>
   <div class='ocr_carea' id='block_1_66' title="bbox 2314 3706 3855 3790">
    <p class='ocr_par' dir='ltr' id='par_1_66' title="bbox 2319 3706 3855 3790">
     <span class='ocr_line' id='line_1_66' title="bbox 2319 3706 3855 3790; baseline 0 -20"><span class='ocrx_word' id='word_1_521' title='bbox 2319 3733 2424 3786; x_wconf 89' lang='grc' dir='ltr'><strong>ρων</strong></span> <span class='ocrx_word' id='word_1_522' title='bbox 2458 3719 2857 3788; x_wconf 82' lang='grc' dir='ltr'><strong>ἁμαρτημάτων</strong></span> <span class='ocrx_word' id='word_1_523' title='bbox 2891 3706 3358 3789; x_wconf 84' lang='grc' dir='ltr'><strong>μνημονεύσωμεν,</strong></span> <span class='ocrx_word' id='word_1_524' title='bbox 3405 3717 3562 3790; x_wconf 77' lang='grc' dir='ltr'><strong>ἄχρις</strong></span> <span class='ocrx_word' id='word_1_525' title='bbox 3591 3713 3654 3772; x_wconf 72' lang='grc' dir='ltr'><strong>οὗ</strong></span> <span class='ocrx_word' id='word_1_526' title='bbox 3685 3721 3715 3771; x_wconf 85' lang='grc' dir='ltr'><strong>ὀ</strong></span> <span class='ocrx_word' id='word_1_527' title='bbox 3745 3717 3855 3770; x_wconf 80' lang='grc' dir='ltr'><strong>Κύ-</strong></span> 
     </span>
    </p>
   </div>
   <div class='ocr_carea' id='block_1_67' title="bbox 684 3805 2217 3882">
    <p class='ocr_par' dir='ltr' id='par_1_67' title="bbox 684 3805 2217 3882">
     <span class='ocr_line' id='line_1_67' title="bbox 684 3805 2217 3882; baseline 0 -21"><span class='ocrx_word' id='word_1_528' title='bbox 684 3808 872 3874; x_wconf 83' lang='lat' dir='ltr'><strong>tificat,</strong></span> <span class='ocrx_word' id='word_1_529' title='bbox 905 3807 1085 3862; x_wconf 89' lang='lat' dir='ltr'><strong>tandiu</strong></span> <span class='ocrx_word' id='word_1_530' title='bbox 1122 3805 1454 3861; x_wconf 86' lang='lat' dir='ltr'><strong>revolvamus</strong></span> <span class='ocrx_word' id='word_1_531' title='bbox 1483 3813 1699 3882; x_wconf 85' lang='lat' dir='ltr'><strong>peccata</strong></span> <span class='ocrx_word' id='word_1_532' title='bbox 1729 3815 1914 3860; x_wconf 82' lang='lat' dir='ltr'><strong>nostra</strong></span> <span class='ocrx_word' id='word_1_533' title='bbox 1945 3807 2002 3860; x_wconf 87' lang='lat' dir='ltr'><strong>in</strong></span> <span class='ocrx_word' id='word_1_534' title='bbox 2021 3805 2217 3862; x_wconf 92' lang='lat' dir='ltr'><strong>animis</strong></span> 
     </span>
    </p>
   </div>
   <div class='ocr_carea' id='block_1_68' title="bbox 2314 3805 3856 3882">
    <p class='ocr_par' dir='ltr' id='par_1_68' title="bbox 2319 3807 3856 3882">
     <span class='ocr_line' id='line_1_68' title="bbox 2319 3807 3856 3882; baseline -0.001 -20"><span class='ocrx_word' id='word_1_535' title='bbox 2319 3827 2430 3881; x_wconf 85' lang='grc' dir='ltr'><strong>ριος</strong></span> <span class='ocrx_word' id='word_1_536' title='bbox 2461 3811 2557 3880; x_wconf 81' lang='grc' dir='ltr'><strong>τὴν</strong></span> <span class='ocrx_word' id='word_1_537' title='bbox 2591 3809 2710 3880; x_wconf 81' lang='grc' dir='ltr'><strong>βίαν</strong></span> <span class='ocrx_word' id='word_1_538' title='bbox 2753 3811 2906 3881; x_wconf 80' lang='grc' dir='ltr'><strong>ἡμῶν</strong></span> <span class='ocrx_word' id='word_1_539' title='bbox 2951 3811 3057 3862; x_wconf 84' lang='grc' dir='ltr'><strong>τῶν</strong></span> <span class='ocrx_word' id='word_1_540' title='bbox 3083 3811 3190 3882; x_wconf 81' lang='grc'><strong>(51)</strong></span> <span class='ocrx_word' id='word_1_541' title='bbox 3222 3809 3453 3882; x_wconf 76' lang='grc' dir='ltr'><strong>βιαστῷν</strong></span> <span class='ocrx_word' id='word_1_542' title='bbox 3497 3807 3657 3864; x_wconf 79' lang='grc' dir='ltr'><strong>αὑτοῦ</strong></span> <span class='ocrx_word' id='word_1_543' title='bbox 3707 3810 3856 3881; x_wconf 80' lang='grc' dir='ltr'><strong>ὁρῶν</strong></span> 
     </span>
    </p>
   </div>
   <div class='ocr_carea' id='block_1_69' title="bbox 677 3881 2217 3974">
    <p class='ocr_par' dir='ltr' id='par_1_69' title="bbox 677 3881 2217 3970">
     <span class='ocr_line' id='line_1_69' title="bbox 677 3881 2217 3970; baseline -0.003 -16"><span class='ocrx_word' id='word_1_544' title='bbox 677 3900 783 3970; x_wconf 73' lang='lat'><strong>67</strong></span> <span class='ocrx_word' id='word_1_545' title='bbox 813 3900 1030 3964; x_wconf 89' lang='lat' dir='ltr'><strong>nostris,</strong></span> <span class='ocrx_word' id='word_1_546' title='bbox 1076 3898 1251 3968; x_wconf 90' lang='lat' dir='ltr'><strong>quoad</strong></span> <span class='ocrx_word' id='word_1_547' title='bbox 1291 3896 1550 3952; x_wconf 86' lang='lat' dir='ltr'><strong>Dominus</strong></span> <span class='ocrx_word' id='word_1_548' title='bbox 1597 3881 1831 3950; x_wconf 84' lang='lat' dir='ltr'><strong>laborem</strong></span> <span class='ocrx_word' id='word_1_549' title='bbox 1886 3907 2124 3951; x_wconf 89' lang='lat' dir='ltr'><strong>nostrum</strong></span> <span class='ocrx_word' id='word_1_550' title='bbox 2166 3904 2217 3950; x_wconf 91' lang='lat' dir='ltr'><strong>et</strong></span> 
     </span>
    </p>
   </div>
   <div class='ocr_carea' id='block_1_70' title="bbox 2314 3881 3852 3974">
    <p class='ocr_par' dir='ltr' id='par_1_70' title="bbox 2318 3899 3852 3974">
     <span class='ocr_line' id='line_1_70' title="bbox 2318 3899 3852 3974; baseline 0 -22"><span class='ocrx_word' id='word_1_551' title='bbox 2318 3899 2629 3974; x_wconf 80' lang='grc' dir='ltr'><strong>[ἁμαρτίας]</strong></span> <span class='ocrx_word' id='word_1_552' title='bbox 2681 3902 2876 3964; x_wconf 87' lang='grc' dir='ltr'><strong>ταύτας</strong></span> <span class='ocrx_word' id='word_1_553' title='bbox 2923 3901 3205 3971; x_wconf 62' lang='grc' dir='ltr'><strong>ἐξαλείψει,</strong></span> <span class='ocrx_word' id='word_1_554' title='bbox 3269 3903 3361 3955; x_wconf 73' lang='grc' dir='ltr'><strong>κα)⁴</strong></span> <span class='ocrx_word' id='word_1_555' title='bbox 3405 3902 3504 3974; x_wconf 80' lang='grc' dir='ltr'><strong>τὴν</strong></span> <span class='ocrx_word' id='word_1_556' title='bbox 3551 3901 3852 3955; x_wconf 82' lang='grc' dir='ltr'><strong>δάκνουσαν</strong></span> 
     </span>
    </p>
   </div>
   <div class='ocr_carea' id='block_1_71' title="bbox 680 3987 2217 4063">
    <p class='ocr_par' dir='ltr' id='par_1_71' title="bbox 680 3987 2217 4061">
     <span class='ocr_line' id='line_1_71' title="bbox 680 3987 2217 4061; baseline 0.001 -16"><span class='ocrx_word' id='word_1_557' title='bbox 680 3994 811 4058; x_wconf 86' lang='lat' dir='ltr'><strong>vim,</strong></span> <span class='ocrx_word' id='word_1_558' title='bbox 839 4007 998 4061; x_wconf 88' lang='lat' dir='ltr'><strong>quam</strong></span> <span class='ocrx_word' id='word_1_559' title='bbox 1029 3989 1131 4046; x_wconf 87' lang='lat' dir='ltr'><strong>sibi</strong></span> <span class='ocrx_word' id='word_1_560' title='bbox 1169 3989 1386 4044; x_wconf 87' lang='lat' dir='ltr'><strong>violenti</strong></span> <span class='ocrx_word' id='word_1_561' title='bbox 1414 3987 1476 4043; x_wconf 24' lang='lat' dir='ltr'><strong>tbi</strong></span> <span class='ocrx_word' id='word_1_562' title='bbox 1509 3989 1802 4049; x_wconf 85' lang='lat' dir='ltr'><strong>certatores</strong></span> <span class='ocrx_word' id='word_1_563' title='bbox 1835 3987 2090 4054; x_wconf 89' lang='lat' dir='ltr'><strong>inferunt,</strong></span> <span class='ocrx_word' id='word_1_564' title='bbox 2133 4003 2217 4046; x_wconf 85' lang='lat' dir='ltr'><strong>re-</strong></span> 
     </span>
    </p>
   </div>
   <div class='ocr_carea' id='block_1_72' title="bbox 2314 3987 3854 4063">
    <p class='ocr_par' dir='ltr' id='par_1_72' title="bbox 2316 3990 3854 4063">
     <span class='ocr_line' id='line_1_72' title="bbox 2316 3990 3854 4063; baseline 0.001 -21"><span class='ocrx_word' id='word_1_565' title='bbox 2316 3991 2461 4060; x_wconf 75' lang='grc' dir='ltr'><strong>ἡμᾶς</strong></span> <span class='ocrx_word' id='word_1_566' title='bbox 2509 3992 2564 4044; x_wconf 89' lang='grc' dir='ltr'><strong>ὲν</strong></span> <span class='ocrx_word' id='word_1_567' title='bbox 2589 3993 2652 4061; x_wconf 80' lang='grc' dir='ltr'><strong>τῇ</strong></span> <span class='ocrx_word' id='word_1_568' title='bbox 2683 3991 2876 4062; x_wconf 79' lang='grc' dir='ltr'><strong>καρδίᾳ</strong></span> <span class='ocrx_word' id='word_1_569' title='bbox 2918 3990 3104 4062; x_wconf 78' lang='grc' dir='ltr'><strong>ὀδύνην</strong></span> <span class='ocrx_word' id='word_1_570' title='bbox 3146 3993 3224 4054; x_wconf 88' lang='grc' dir='ltr'><strong>είς</strong></span> <span class='ocrx_word' id='word_1_571' title='bbox 3264 3990 3435 4063; x_wconf 80' lang='grc' dir='ltr'><strong>χαράν</strong></span> <span class='ocrx_word' id='word_1_572' title='bbox 3477 3991 3854 4061; x_wconf 75' lang='grc' dir='ltr'><strong>μεταποιήσει.</strong></span> 
     </span>
    </p>
   </div>
   <div class='ocr_carea' id='block_1_73' title="bbox 679 4078 2217 4153">
    <p class='ocr_par' dir='ltr' id='par_1_73' title="bbox 679 4078 2217 4152">
     <span class='ocr_line' id='line_1_73' title="bbox 679 4078 2217 4152; baseline -0.001 -17"><span class='ocrx_word' id='word_1_573' title='bbox 679 4083 888 4151; x_wconf 81' lang='lat' dir='ltr'><strong>spiciat,</strong></span> <span class='ocrx_word' id='word_1_574' title='bbox 913 4090 1237 4152; x_wconf 84' lang='lat' dir='ltr'><strong>peccataque</strong></span> <span class='ocrx_word' id='word_1_575' title='bbox 1261 4080 1455 4143; x_wconf 87' lang='lat' dir='ltr'><strong>deleat,</strong></span> <span class='ocrx_word' id='word_1_576' title='bbox 1479 4091 1532 4134; x_wconf 92' lang='lat' dir='ltr'><strong>et</strong></span> <span class='ocrx_word' id='word_1_577' title='bbox 1556 4078 1920 4134; x_wconf 83' lang='lat' dir='ltr'><strong>carniﬁcinam</strong></span> <span class='ocrx_word' id='word_1_578' title='bbox 1942 4078 2217 4135; x_wconf 86' lang='lat' dir='ltr'><strong>conscien-</strong></span> 
     </span>
    </p>
   </div>
   <div class='ocr_carea' id='block_1_74' title="bbox 2314 4078 3856 4153">
    <p class='ocr_par' dir='ltr' id='par_1_74' title="bbox 2316 4079 3856 4153">
     <span class='ocr_line' id='line_1_74' title="bbox 2316 4079 3856 4153; baseline -0.003 -16"><span class='ocrx_word' id='word_1_579' title='bbox 2316 4083 2475 4137; x_wconf 84' lang='grc' dir='ltr'><strong>Κατὰ</strong></span> <span class='ocrx_word' id='word_1_580' title='bbox 2497 4082 2600 4153; x_wconf 86' lang='grc' dir='ltr'><strong>γάρ</strong></span> <span class='ocrx_word' id='word_1_581' title='bbox 2627 4084 2690 4136; x_wconf 83' lang='grc' dir='ltr'><strong>τὸ</strong></span> <span class='ocrx_word' id='word_1_582' title='bbox 2710 4083 2928 4150; x_wconf 78' lang='grc' dir='ltr'><strong>πλῆθος</strong></span> <span class='ocrx_word' id='word_1_583' title='bbox 2956 4081 3071 4138; x_wconf 83' lang='grc' dir='ltr'><strong>τῶν</strong></span> <span class='ocrx_word' id='word_1_584' title='bbox 3095 4080 3324 4136; x_wconf 78' lang='grc' dir='ltr'><strong>ὀδυνῶν</strong></span> <span class='ocrx_word' id='word_1_585' title='bbox 3346 4101 3482 4152; x_wconf 81' lang='grc' dir='ltr'><strong>μου,</strong></span> <span class='ocrx_word' id='word_1_586' title='bbox 3503 4083 3571 4136; x_wconf 74' lang='grc' dir='ltr'><strong>ἐν</strong></span> <span class='ocrx_word' id='word_1_587' title='bbox 3597 4079 3673 4150; x_wconf 77' lang='grc' dir='ltr'><strong>τῇ</strong></span> <span class='ocrx_word' id='word_1_588' title='bbox 3701 4097 3856 4148; x_wconf 78' lang='grc' dir='ltr'><strong>καρ-</strong></span> 
     </span>
    </p>
   </div>
   <div class='ocr_carea' id='block_1_75' title="bbox 683 4168 2220 4239">
    <p class='ocr_par' dir='ltr' id='par_1_75' title="bbox 683 4168 2220 4239">
     <span class='ocr_line' id='line_1_75' title="bbox 683 4168 2220 4239; baseline -0.001 -15"><span class='ocrx_word' id='word_1_589' title='bbox 683 4173 769 4225; x_wconf 72' lang='lat' dir='ltr'><strong>tite</strong></span> <span class='ocrx_word' id='word_1_590' title='bbox 790 4171 843 4224; x_wconf 93' lang='lat' dir='ltr'><strong>in</strong></span> <span class='ocrx_word' id='word_1_591' title='bbox 875 4171 1122 4239; x_wconf 75' lang='lat' dir='ltr'><strong>gaudium</strong></span> <span class='ocrx_word' id='word_1_592' title='bbox 1151 4179 1446 4227; x_wconf 81' lang='lat' dir='ltr'><strong>convertat.</strong></span> <span class='ocrx_word' id='word_1_593' title='bbox 1499 4168 1793 4225; x_wconf 84' lang='lat' dir='ltr'><strong>Secundum</strong></span> <span class='ocrx_word' id='word_1_594' title='bbox 1819 4170 1955 4223; x_wconf 84' lang='lat' dir='ltr'><strong>enim</strong></span> <span class='ocrx_word' id='word_1_595' title='bbox 1984 4169 2220 4223; x_wconf 81' lang='lat' dir='ltr'><strong>multitu-</strong></span> 
     </span>
    </p>
   </div>
   <div class='ocr_carea' id='block_1_76' title="bbox 685 4260 2220 4330">
    <p class='ocr_par' dir='ltr' id='par_1_76' title="bbox 685 4260 2220 4330">
     <span class='ocr_line' id='line_1_76' title="bbox 685 4260 2220 4330; baseline -0.001 -12"><span class='ocrx_word' id='word_1_596' title='bbox 685 4265 850 4318; x_wconf 79' lang='lat' dir='ltr'><strong>dinem</strong></span> <span class='ocrx_word' id='word_1_597' title='bbox 883 4263 1122 4317; x_wconf 78' lang='lat' dir='ltr'><strong>dolorum</strong></span> <span class='ocrx_word' id='word_1_598' title='bbox 1156 4279 1385 4317; x_wconf 84' lang='lat' dir='ltr'><strong>meorum</strong></span> <span class='ocrx_word' id='word_1_599' title='bbox 1411 4263 1465 4318; x_wconf 81' lang='lat' dir='ltr'><strong>in</strong></span> <span class='ocrx_word' id='word_1_600' title='bbox 1497 4262 1650 4317; x_wconf 84' lang='lat' dir='ltr'><strong>corde</strong></span> <span class='ocrx_word' id='word_1_601' title='bbox 1691 4277 1822 4324; x_wconf 85' lang='lat' dir='ltr'><strong>meo,</strong></span> <span class='ocrx_word' id='word_1_602' title='bbox 1851 4262 2025 4330; x_wconf 88' lang='lat' dir='ltr'><strong>inquit</strong></span> <span class='ocrx_word' id='word_1_603' title='bbox 2071 4260 2220 4317; x_wconf 85' lang='lat' dir='ltr'><strong>Psal-</strong></span> 
     </span>
    </p>
   </div>
   <div class='ocr_carea' id='block_1_77' title="bbox 687 4352 2219 4429">
    <p class='ocr_par' dir='ltr' id='par_1_77' title="bbox 687 4352 2219 4429">
     <span class='ocr_line' id='line_1_77' title="bbox 687 4352 2219 4429; baseline -0.003 -20"><span class='ocrx_word' id='word_1_604' title='bbox 687 4367 790 4421; x_wconf 88' lang='lat' dir='ltr'><strong>tes,</strong></span> <span class='ocrx_word' id='word_1_605' title='bbox 816 4354 1191 4409; x_wconf 76' lang='lat' dir='ltr'><strong>consolationes</strong></span> <span class='ocrx_word' id='word_1_606' title='bbox 1216 4361 1318 4406; x_wconf 67' lang='lat' dir='ltr'><strong>tum</strong></span> <span class='ocrx_word' id='word_1_607' title='bbox 1338 4353 1653 4421; x_wconf 86' lang='lat' dir='ltr'><strong>(tantopere)</strong></span> <span class='ocrx_word' id='word_1_608' title='bbox 1683 4352 2072 4429; x_wconf 67' lang='lat' dir='ltr'><strong>latiﬁcqverunt</strong></span> <span class='ocrx_word' id='word_1_609' title='bbox 2103 4354 2219 4410; x_wconf 79' lang='lat' dir='ltr'><strong>ani-</strong></span> 
     </span>
    </p>
   </div>
   <div class='ocr_carea' id='block_1_78' title="bbox 687 4440 2222 4511">
    <p class='ocr_par' dir='ltr' id='par_1_78' title="bbox 687 4440 2222 4511">
     <span class='ocr_line' id='line_1_78' title="bbox 687 4440 2222 4511; baseline -0.003 -12"><span class='ocrx_word' id='word_1_610' title='bbox 687 4461 828 4499; x_wconf 87' lang='lat' dir='ltr'><strong>mam</strong></span> <span class='ocrx_word' id='word_1_611' title='bbox 862 4459 1026 4496; x_wconf 81' lang='lat' dir='ltr'><strong>meam</strong></span> <span class='ocrx_word' id='word_1_612' title='bbox 1045 4444 1112 4495; x_wconf 68' lang='grc' dir='ltr'><strong>εί.</strong></span> <span class='ocrx_word' id='word_1_613' title='bbox 1149 4441 1457 4511; x_wconf 81' lang='lat' dir='ltr'><strong>Opportuna</strong></span> <span class='ocrx_word' id='word_1_614' title='bbox 1507 4450 1744 4509; x_wconf 83' lang='lat' dir='ltr'><strong>tempore</strong></span> <span class='ocrx_word' id='word_1_615' title='bbox 1786 4455 1892 4497; x_wconf 87' lang='lat' dir='ltr'><strong>non</strong></span> <span class='ocrx_word' id='word_1_616' title='bbox 1937 4440 2222 4494; x_wconf 87' lang='lat' dir='ltr'><strong>oblivisca-</strong></span> 
     </span>
    </p>
   </div>
   <div class='ocr_carea' id='block_1_79' title="bbox 689 4527 1930 4601">
    <p class='ocr_par' dir='ltr' id='par_1_79' title="bbox 689 4527 1930 4601">
     <span class='ocr_line' id='line_1_79' title="bbox 689 4527 1930 4601; baseline -0.006 -11"><span class='ocrx_word' id='word_1_617' title='bbox 689 4549 813 4590; x_wconf 91' lang='lat' dir='ltr'><strong>mur</strong></span> <span class='ocrx_word' id='word_1_618' title='bbox 855 4533 997 4587; x_wconf 91' lang='lat' dir='ltr'><strong>illius</strong></span> <span class='ocrx_word' id='word_1_619' title='bbox 1030 4531 1122 4601; x_wconf 90' lang='lat' dir='ltr'><strong>qui</strong></span> <span class='ocrx_word' id='word_1_620' title='bbox 1176 4530 1410 4600; x_wconf 85' lang='lat' dir='ltr'><strong>loquitur</strong></span> <span class='ocrx_word' id='word_1_621' title='bbox 1460 4529 1525 4584; x_wconf 79' lang='lat' dir='ltr'><strong>ad</strong></span> <span class='ocrx_word' id='word_1_622' title='bbox 1581 4527 1865 4583; x_wconf 91' lang='lat' dir='ltr'><strong>Dominum</strong></span> <span class='ocrx_word' id='word_1_623' title='bbox 1915 4546 1930 4582; x_wconf 88' lang='lat'><strong>:</strong></span> 
     </span>
    </p>
   </div>
   <div class='ocr_carea' id='block_1_80' title="bbox 689 4619 2230 4684">
    <p class='ocr_par' dir='ltr' id='par_1_80' title="bbox 689 4619 2230 4684">
     <span class='ocr_line' id='line_1_80' title="bbox 689 4619 2230 4684; baseline -0.006 -3"><span class='ocrx_word' id='word_1_624' title='bbox 689 4624 964 4681; x_wconf 71' lang='lat' dir='ltr'><strong>ostendisti</strong></span> <span class='ocrx_word' id='word_1_625' title='bbox 994 4623 1118 4676; x_wconf 81' lang='lat' dir='ltr'><strong>mihi</strong></span> <span class='ocrx_word' id='word_1_626' title='bbox 1145 4621 1501 4676; x_wconf 66' lang='lat' dir='ltr'><strong>tribulatione:</strong></span> <span class='ocrx_word' id='word_1_627' title='bbox 1528 4620 1718 4675; x_wconf 77' lang='lat' dir='ltr'><strong>multas</strong></span> <span class='ocrx_word' id='word_1_628' title='bbox 1748 4629 1797 4673; x_wconf 83' lang='lat' dir='ltr'><strong>et</strong></span> <span class='ocrx_word' id='word_1_629' title='bbox 1829 4619 2012 4684; x_wconf 81' lang='lat' dir='ltr'><strong>malas,</strong></span> <span class='ocrx_word' id='word_1_630' title='bbox 2035 4629 2081 4674; x_wconf 87' lang='lat' dir='ltr'><strong>et</strong></span> <span class='ocrx_word' id='word_1_631' title='bbox 2105 4636 2230 4673; x_wconf 81' lang='lat' dir='ltr'><strong>cou-</strong></span> 
     </span>
    </p>
   </div>
   <div class='ocr_carea' id='block_1_81' title="bbox 689 4709 2231 4781">
    <p class='ocr_par' dir='ltr' id='par_1_81' title="bbox 689 4709 2231 4781">
     <span class='ocr_line' id='line_1_81' title="bbox 689 4709 2231 4781; baseline -0.006 -10"><span class='ocrx_word' id='word_1_632' title='bbox 689 4732 863 4771; x_wconf 82' lang='lat' dir='ltr'><strong>versus</strong></span> <span class='ocrx_word' id='word_1_633' title='bbox 896 4713 1168 4781; x_wconf 78' lang='lat' dir='ltr'><strong>viviﬁcasti</strong></span> <span class='ocrx_word' id='word_1_634' title='bbox 1189 4727 1285 4775; x_wconf 81' lang='lat' dir='ltr'><strong>me,</strong></span> <span class='ocrx_word' id='word_1_635' title='bbox 1306 4720 1439 4764; x_wconf 67' lang='lat' dir='ltr'><strong>et-ex</strong></span> <span class='ocrx_word' id='word_1_636' title='bbox 1462 4710 1656 4780; x_wconf 69' lang='lat' dir='ltr'><strong>abyssi:</strong></span> <span class='ocrx_word' id='word_1_637' title='bbox 1680 4718 1855 4769; x_wconf 73' lang='lat' dir='ltr'><strong>terrm,</strong></span> <span class='ocrx_word' id='word_1_638' title='bbox 1882 4715 2000 4777; x_wconf 79' lang='lat' dir='ltr'><strong>post</strong></span> <span class='ocrx_word' id='word_1_639' title='bbox 2024 4709 2231 4777; x_wconf 88' lang='lat' dir='ltr'><strong>lapsum</strong></span> 
     </span>
    </p>
   </div>
   <div class='ocr_carea' id='block_1_82' title="bbox 692 4797 2232 4869">
    <p class='ocr_par' dir='ltr' id='par_1_82' title="bbox 692 4797 2232 4869">
     <span class='ocr_line' id='line_1_82' title="bbox 692 4797 2232 4869; baseline -0.008 -5"><span class='ocrx_word' id='word_1_640' title='bbox 692 4810 885 4864; x_wconf 88' lang='lat' dir='ltr'><strong>iterum</strong></span> <span class='ocrx_word' id='word_1_641' title='bbox 930 4804 1183 4858; x_wconf 73' lang='lat' dir='ltr'><strong>reduxisti</strong></span> <span class='ocrx_word' id='word_1_642' title='bbox 1209 4819 1287 4855; x_wconf 80' lang='lat' dir='ltr'><strong>me</strong></span> <span class='ocrx_word' id='word_1_643' title='bbox 1303 4803 1370 4854; x_wconf 82' lang='lat'><strong>&quot;.</strong></span> <span class='ocrx_word' id='word_1_644' title='bbox 1402 4801 1550 4855; x_wconf 85' lang='lat' dir='ltr'><strong>Felix</strong></span> <span class='ocrx_word' id='word_1_645' title='bbox 1601 4801 1825 4869; x_wconf 84' lang='lat' dir='ltr'><strong>ille.qui</strong></span> <span class='ocrx_word' id='word_1_646' title='bbox 1870 4799 2105 4869; x_wconf 84' lang='lat' dir='ltr'><strong>quotidie</strong></span> <span class='ocrx_word' id='word_1_647' title='bbox 2141 4797 2232 4853; x_wconf 90' lang='lat' dir='ltr'><strong>Dei</strong></span> 
     </span>
    </p>
   </div>
   <div class='ocr_carea' id='block_1_83' title="bbox 696 4889 2233 4961">
    <p class='ocr_par' dir='ltr' id='par_1_83' title="bbox 696 4889 2233 4961">
     <span class='ocr_line' id='line_1_83' title="bbox 696 4889 2233 4961; baseline -0.007 -7"><span class='ocrx_word' id='word_1_648' title='bbox 696 4913 859 4954; x_wconf 86' lang='lat' dir='ltr'><strong>causa</strong></span> <span class='ocrx_word' id='word_1_649' title='bbox 913 4895 1174 4952; x_wconf 84' lang='lat' dir='ltr'><strong>conviciis</strong></span> <span class='ocrx_word' id='word_1_650' title='bbox 1216 4892 1515 4961; x_wconf 80' lang='lat' dir='ltr'><strong>exagitatus</strong></span> <span class='ocrx_word' id='word_1_651' title='bbox 1559 4900 1613 4945; x_wconf 90' lang='lat' dir='ltr'><strong>et</strong></span> <span class='ocrx_word' id='word_1_652' title='bbox 1660 4899 1945 4946; x_wconf 86' lang='lat' dir='ltr'><strong>contentus</strong></span> <span class='ocrx_word' id='word_1_653' title='bbox 1974 4889 2233 4952; x_wconf 84' lang='lat' dir='ltr'><strong>violepter</strong></span> 
     </span>
    </p>
   </div>
   <div class='ocr_carea' id='block_1_84' title="bbox 697 4980 2233 5057">
    <p class='ocr_par' dir='ltr' id='par_1_84' title="bbox 697 4980 2233 5057">
     <span class='ocr_line' id='line_1_84' title="bbox 697 4980 2233 5057; baseline -0.005 -15"><span class='ocrx_word' id='word_1_654' title='bbox 697 4989 930 5054; x_wconf 89' lang='lat' dir='ltr'><strong>seipsum</strong></span> <span class='ocrx_word' id='word_1_655' title='bbox 974 4986 1089 5057; x_wconf 89' lang='lat' dir='ltr'><strong>(per</strong></span> <span class='ocrx_word' id='word_1_656' title='bbox 1125 4982 1456 5055; x_wconf 87' lang='lat' dir='ltr'><strong>patientiam)</strong></span> <span class='ocrx_word' id='word_1_657' title='bbox 1494 4981 1676 5047; x_wconf 82' lang='lat' dir='ltr'><strong>vincit,</strong></span> <span class='ocrx_word' id='word_1_658' title='bbox 1705 4996 1786 5035; x_wconf 66' lang='lat' dir='ltr'><strong>nas</strong></span> <span class='ocrx_word' id='word_1_659' title='bbox 1821 4980 1907 5035; x_wconf 87' lang='lat' dir='ltr'><strong>ille</strong></span> <span class='ocrx_word' id='word_1_660' title='bbox 1933 4995 2054 5033; x_wconf 89' lang='lat' dir='ltr'><strong>eum</strong></span> <span class='ocrx_word' id='word_1_661' title='bbox 2092 4995 2233 5035; x_wconf 86' lang='lat' dir='ltr'><strong>mar-</strong></span> 
     </span>
    </p>
   </div>
   <div class='ocr_carea' id='block_1_85' title="bbox 700 5068 2233 5144">
    <p class='ocr_par' dir='ltr' id='par_1_85' title="bbox 700 5068 2233 5144">
     <span class='ocr_line' id='line_1_85' title="bbox 700 5068 2233 5144; baseline -0.005 -17"><span class='ocrx_word' id='word_1_662' title='bbox 700 5074 902 5143; x_wconf 79' lang='lat' dir='ltr'><strong>tyribus</strong></span> <span class='ocrx_word' id='word_1_663' title='bbox 948 5073 1280 5144; x_wconf 88' lang='lat' dir='ltr'><strong>tripudiabit,</strong></span> <span class='ocrx_word' id='word_1_664' title='bbox 1311 5081 1364 5125; x_wconf 86' lang='lat' dir='ltr'><strong>et</strong></span> <span class='ocrx_word' id='word_1_665' title='bbox 1395 5069 1535 5126; x_wconf 88' lang='lat' dir='ltr'><strong>inter</strong></span> <span class='ocrx_word' id='word_1_666' title='bbox 1578 5069 1792 5139; x_wconf 86' lang='lat' dir='ltr'><strong>angelos</strong></span> <span class='ocrx_word' id='word_1_667' title='bbox 1823 5068 1956 5124; x_wconf 90' lang='lat' dir='ltr'><strong>liber</strong></span> <span class='ocrx_word' id='word_1_668' title='bbox 1987 5077 2043 5122; x_wconf 90' lang='lat' dir='ltr'><strong>ut</strong></span> <span class='ocrx_word' id='word_1_669' title='bbox 2073 5082 2233 5137; x_wconf 85' lang='lat' dir='ltr'><strong>ange-</strong></span> 
     </span>
    </p>
   </div>
   <div class='ocr_carea' id='block_1_86' title="bbox 701 5157 2232 5227">
    <p class='ocr_par' dir='ltr' id='par_1_86' title="bbox 701 5157 2232 5227">
     <span class='ocr_line' id='line_1_86' title="bbox 701 5157 2232 5227; baseline -0.001 -10"><span class='ocrx_word' id='word_1_670' title='bbox 701 5163 786 5217; x_wconf 85' lang='lat' dir='ltr'><strong>lus</strong></span> <span class='ocrx_word' id='word_1_671' title='bbox 811 5161 1031 5219; x_wconf 82' lang='lat' dir='ltr'><strong>incedet.</strong></span> <span class='ocrx_word' id='word_1_672' title='bbox 1057 5166 1245 5219; x_wconf 80' lang='lat' dir='ltr'><strong>Beatus</strong></span> <span class='ocrx_word' id='word_1_673' title='bbox 1268 5157 1355 5216; x_wconf 79' lang='lat' dir='ltr'><strong>ilte</strong></span> <span class='ocrx_word' id='word_1_674' title='bbox 1378 5160 1692 5224; x_wconf 81' lang='lat' dir='ltr'><strong>monachus,</strong></span> <span class='ocrx_word' id='word_1_675' title='bbox 1713 5157 1805 5227; x_wconf 88' lang='lat' dir='ltr'><strong>qui</strong></span> <span class='ocrx_word' id='word_1_676' title='bbox 1829 5159 2061 5227; x_wconf 83' lang='lat' dir='ltr'><strong>seipsum</strong></span> <span class='ocrx_word' id='word_1_677' title='bbox 2088 5159 2232 5213; x_wconf 88' lang='lat' dir='ltr'><strong>omni</strong></span> 
     </span>
    </p>
   </div>
   <div class='ocr_carea' id='block_1_87' title="bbox 701 5250 2234 5324">
    <p class='ocr_par' dir='ltr' id='par_1_87' title="bbox 701 5250 2234 5324">
     <span class='ocr_line' id='line_1_87' title="bbox 701 5250 2234 5324; baseline -0.003 -13"><span class='ocrx_word' id='word_1_678' title='bbox 701 5263 1009 5322; x_wconf 85' lang='lat' dir='ltr'><strong>contemptu</strong></span> <span class='ocrx_word' id='word_1_679' title='bbox 1039 5256 1276 5324; x_wconf 83' lang='lat' dir='ltr'><strong>dignum,</strong></span> <span class='ocrx_word' id='word_1_680' title='bbox 1313 5253 1618 5322; x_wconf 89' lang='lat' dir='ltr'><strong>nulliusque</strong></span> <span class='ocrx_word' id='word_1_681' title='bbox 1653 5250 1822 5319; x_wconf 83' lang='lat' dir='ltr'><strong>pensi,</strong></span> <span class='ocrx_word' id='word_1_682' title='bbox 1865 5259 1917 5304; x_wconf 90' lang='lat' dir='ltr'><strong>et</strong></span> <span class='ocrx_word' id='word_1_683' title='bbox 1959 5265 2089 5304; x_wconf 86' lang='lat' dir='ltr'><strong>usus</strong></span> <span class='ocrx_word' id='word_1_684' title='bbox 2133 5251 2234 5306; x_wconf 85' lang='lat' dir='ltr'><strong>lto-</strong></span> 
     </span>
    </p>
   </div>
   <div class='ocr_carea' id='block_1_88' title="bbox 703 5339 2231 5411">
    <p class='ocr_par' dir='ltr' id='par_1_88' title="bbox 703 5339 2231 5411">
     <span class='ocr_line' id='line_1_88' title="bbox 703 5339 2231 5411; baseline -0.002 -13"><span class='ocrx_word' id='word_1_685' title='bbox 703 5344 1039 5399; x_wconf 88' lang='lat' dir='ltr'><strong>muncionem</strong></span> <span class='ocrx_word' id='word_1_686' title='bbox 1069 5345 1288 5411; x_wconf 76' lang='lat' dir='ltr'><strong>iudicat.</strong></span> <span class='ocrx_word' id='word_1_687' title='bbox 1319 5344 1513 5401; x_wconf 85' lang='lat' dir='ltr'><strong>Beatus</strong></span> <span class='ocrx_word' id='word_1_688' title='bbox 1550 5352 1602 5396; x_wconf 86' lang='lat' dir='ltr'><strong>et</strong></span> <span class='ocrx_word' id='word_1_689' title='bbox 1656 5339 1760 5404; x_wconf 91' lang='lat' dir='ltr'><strong>ille,</strong></span> <span class='ocrx_word' id='word_1_690' title='bbox 1805 5340 1896 5407; x_wconf 91' lang='lat' dir='ltr'><strong>qui</strong></span> <span class='ocrx_word' id='word_1_691' title='bbox 1943 5339 2231 5395; x_wconf 87' lang='lat' dir='ltr'><strong>voluntatis</strong></span> 
     </span>
    </p>
   </div>
   <div class='ocr_carea' id='block_1_89' title="bbox 703 5429 2231 5504">
    <p class='ocr_par' dir='ltr' id='par_1_89' title="bbox 703 5429 2231 5504">
     <span class='ocr_line' id='line_1_89' title="bbox 703 5429 2231 5504; baseline -0.005 -8"><span class='ocrx_word' id='word_1_692' title='bbox 703 5454 815 5497; x_wconf 72' lang='lat' dir='ltr'><strong>suae</strong></span> <span class='ocrx_word' id='word_1_693' title='bbox 841 5435 1121 5491; x_wconf 87' lang='lat' dir='ltr'><strong>arbitrium</strong></span> <span class='ocrx_word' id='word_1_694' title='bbox 1150 5437 1358 5502; x_wconf 84' lang='lat' dir='ltr'><strong>penitus</strong></span> <span class='ocrx_word' id='word_1_695' title='bbox 1386 5433 1638 5492; x_wconf 87' lang='lat' dir='ltr'><strong>mactavit</strong></span> <span class='ocrx_word' id='word_1_696' title='bbox 1660 5429 2066 5504; x_wconf 77' lang='lat' dir='ltr'><strong>[mortificavit],</strong></span> <span class='ocrx_word' id='word_1_697' title='bbox 2089 5446 2231 5488; x_wconf 82' lang='lat' dir='ltr'><strong>sese-</strong></span> 
     </span>
    </p>
   </div>
   <div class='ocr_carea' id='block_1_90' title="bbox 704 5525 2227 5601">
    <p class='ocr_par' dir='ltr' id='par_1_90' title="bbox 704 5525 2227 5601">
     <span class='ocr_line' id='line_1_90' title="bbox 704 5525 2227 5601; baseline -0.003 -15"><span class='ocrx_word' id='word_1_698' title='bbox 704 5544 812 5601; x_wconf 84' lang='lat' dir='ltr'><strong>que</strong></span> <span class='ocrx_word' id='word_1_699' title='bbox 865 5535 1036 5584; x_wconf 88' lang='lat' dir='ltr'><strong>totum</strong></span> <span class='ocrx_word' id='word_1_700' title='bbox 1081 5540 1222 5580; x_wconf 82' lang='lat' dir='ltr'><strong>curae</strong></span> <span class='ocrx_word' id='word_1_701' title='bbox 1260 5528 1487 5598; x_wconf 84' lang='lat' dir='ltr'><strong>religiosi</strong></span> <span class='ocrx_word' id='word_1_702' title='bbox 1535 5526 1773 5597; x_wconf 82' lang='lat' dir='ltr'><strong>magistri</strong></span> <span class='ocrx_word' id='word_1_703' title='bbox 1823 5525 1906 5580; x_wconf 90' lang='lat' dir='ltr'><strong>sui</strong></span> <span class='ocrx_word' id='word_1_704' title='bbox 1941 5526 2227 5582; x_wconf 88' lang='lat' dir='ltr'><strong>commisit.</strong></span> 
     </span>
    </p>
   </div>
   <div class='ocr_carea' id='block_1_91' title="bbox 781 5678 1861 5751">
    <p class='ocr_par' dir='ltr' id='par_1_91' title="bbox 781 5678 1861 5751">
     <span class='ocr_line' id='line_1_91' title="bbox 781 5678 1861 5751; baseline -0.004 -11"><span class='ocrx_word' id='word_1_705' title='bbox 781 5687 826 5720; x_wconf 78' lang='lat'>“</span> <span class='ocrx_word' id='word_1_706' title='bbox 848 5683 990 5740; x_wconf 86' lang='lat' dir='ltr'><strong>Psal.</strong></span> <span class='ocrx_word' id='word_1_707' title='bbox 1025 5697 1212 5744; x_wconf 81' lang='lat' dir='ltr'><strong>xcxtu,</strong></span> <span class='ocrx_word' id='word_1_708' title='bbox 1243 5678 1326 5734; x_wconf 84' lang='lat' dir='ltr'><strong>l9.</strong></span> <span class='ocrx_word' id='word_1_709' title='bbox 1398 5681 1439 5712; x_wconf 75' lang='lat'><strong>&quot;</strong></span> <span class='ocrx_word' id='word_1_710' title='bbox 1462 5681 1597 5740; x_wconf 82' lang='lat' dir='ltr'><strong>Psal.</strong></span> <span class='ocrx_word' id='word_1_711' title='bbox 1625 5700 1746 5751; x_wconf 76' lang='lat' dir='ltr'><strong>Lxx,</strong></span> <span class='ocrx_word' id='word_1_712' title='bbox 1775 5685 1861 5741; x_wconf 73' lang='lat'><strong>20.</strong></span> 
     </span>
    </p>
   </div>
   <div class='ocr_carea' id='block_1_92' title="bbox 1989 4497 2298 4593">
    <p class='ocr_par' dir='ltr' id='par_1_92' title="bbox 1989 4497 2298 4593">
     <span class='ocr_line' id='line_1_92' title="bbox 1989 4497 2298 4593; baseline 0.013 -12"><span class='ocrx_word' id='word_1_713' title='bbox 1989 4528 2224 4593; x_wconf 71' lang='lat' dir='ltr'><strong>Quantas</strong></span> <span class='ocrx_word' id='word_1_714' title='bbox 2255 4497 2298 4551; x_wconf 69' lang='grc' dir='ltr'><strong>Β</strong></span> 
     </span>
    </p>
   </div>
   <div class='ocr_carea' id='block_1_93' title="bbox 2315 4169 3858 4242">
    <p class='ocr_par' dir='ltr' id='par_1_93' title="bbox 2315 4169 3858 4242">
     <span class='ocr_line' id='line_1_93' title="bbox 2315 4169 3858 4242; baseline -0.001 -18"><span class='ocrx_word' id='word_1_715' title='bbox 2315 4170 2415 4238; x_wconf 80' lang='grc' dir='ltr'><strong>δίᾳ</strong></span> <span class='ocrx_word' id='word_1_716' title='bbox 2445 4189 2581 4240; x_wconf 83' lang='grc' dir='ltr'><strong>μου,</strong></span> <span class='ocrx_word' id='word_1_717' title='bbox 2630 4174 2788 4242; x_wconf 77' lang='grc' dir='ltr'><strong>φησὶν</strong></span> <span class='ocrx_word' id='word_1_718' title='bbox 2831 4171 2990 4241; x_wconf 75' lang='grc' dir='ltr'><strong>(κατὰ</strong></span> <span class='ocrx_word' id='word_1_719' title='bbox 3033 4169 3321 4240; x_wconf 80' lang='grc' dir='ltr'><strong>τοσοῦτον),</strong></span> <span class='ocrx_word' id='word_1_720' title='bbox 3350 4175 3410 4226; x_wconf 78' lang='grc' dir='ltr'><strong>αι</strong></span> <span class='ocrx_word' id='word_1_721' title='bbox 3449 4169 3858 4240; x_wconf 70' lang='grc' dir='ltr'><strong>παρακλήσεις</strong></span> 
     </span>
    </p>
   </div>
   <div class='ocr_carea' id='block_1_94' title="bbox 2320 4259 3860 4332">
    <p class='ocr_par' dir='ltr' id='par_1_94' title="bbox 2320 4259 3860 4332">
     <span class='ocr_line' id='line_1_94' title="bbox 2320 4259 3860 4332; baseline -0.001 -18"><span class='ocrx_word' id='word_1_722' title='bbox 2320 4278 2434 4315; x_wconf 86' lang='grc' dir='ltr'><strong>σου</strong></span> <span class='ocrx_word' id='word_1_723' title='bbox 2460 4263 2758 4328; x_wconf 71' lang='grc' dir='ltr'><strong>εὔφραναν</strong></span> <span class='ocrx_word' id='word_1_724' title='bbox 2787 4262 2899 4328; x_wconf 78' lang='grc' dir='ltr'><strong>τὴν</strong></span> <span class='ocrx_word' id='word_1_725' title='bbox 2923 4261 3128 4330; x_wconf 73' lang='grc' dir='ltr'><strong>ψυχήν</strong></span> <span class='ocrx_word' id='word_1_726' title='bbox 3151 4279 3286 4331; x_wconf 84' lang='grc' dir='ltr'><strong>μου.</strong></span> <span class='ocrx_word' id='word_1_727' title='bbox 3319 4263 3406 4317; x_wconf 84' lang='grc' dir='ltr'><strong>Ἐν</strong></span> <span class='ocrx_word' id='word_1_728' title='bbox 3433 4261 3510 4332; x_wconf 82' lang='grc' dir='ltr'><strong>τῷ</strong></span> <span class='ocrx_word' id='word_1_729' title='bbox 3541 4259 3860 4330; x_wconf 65' lang='grc' dir='ltr'><strong>ίδίῳκκαιρῷ</strong></span> 
     </span>
    </p>
   </div>
   <div class='ocr_carea' id='block_1_95' title="bbox 2324 4344 3858 4425">
    <p class='ocr_par' dir='ltr' id='par_1_95' title="bbox 2324 4344 3858 4425">
     <span class='ocr_line' id='line_1_95' title="bbox 2324 4344 3858 4425; baseline 0.001 -22"><span class='ocrx_word' id='word_1_730' title='bbox 2324 4344 2399 4419; x_wconf 74' lang='grc' dir='ltr'><strong>μῆ</strong></span> <span class='ocrx_word' id='word_1_731' title='bbox 2422 4351 2800 4419; x_wconf 76' lang='grc' dir='ltr'><strong>ἐπιλαθώμεθα</strong></span> <span class='ocrx_word' id='word_1_732' title='bbox 2821 4352 2912 4405; x_wconf 80' lang='grc' dir='ltr'><strong>τοῦ</strong></span> <span class='ocrx_word' id='word_1_733' title='bbox 2935 4352 3179 4418; x_wconf 83' lang='grc' dir='ltr'><strong>λέγοντος</strong></span> <span class='ocrx_word' id='word_1_734' title='bbox 3211 4355 3343 4425; x_wconf 83' lang='grc' dir='ltr'><strong>πρὸς</strong></span> <span class='ocrx_word' id='word_1_735' title='bbox 3372 4353 3572 4420; x_wconf 76' lang='grc' dir='ltr'><strong>Κύριον</strong></span> <span class='ocrx_word' id='word_1_736' title='bbox 3607 4368 3622 4391; x_wconf 76' lang='lat'><strong>-&#39;</strong></span> <span class='ocrx_word' id='word_1_737' title='bbox 3662 4353 3858 4416; x_wconf 78' lang='grc' dir='ltr'><strong>Ὅσας</strong></span> 
     </span>
    </p>
   </div>
   <div class='ocr_carea' id='block_1_96' title="bbox 2323 4431 3858 4509">
    <p class='ocr_par' dir='ltr' id='par_1_96' title="bbox 2323 4431 3858 4509">
     <span class='ocr_line' id='line_1_96' title="bbox 2323 4431 3858 4509; baseline 0.002 -19"><span class='ocrx_word' id='word_1_738' title='bbox 2323 4437 2552 4502; x_wconf 52' lang='lat' dir='ltr'><strong>tamen:</strong></span> <span class='ocrx_word' id='word_1_739' title='bbox 2574 4431 2673 4507; x_wconf 72' lang='grc' dir='ltr'><strong>μοι</strong></span> <span class='ocrx_word' id='word_1_740' title='bbox 2701 4443 2934 4509; x_wconf 73' lang='grc' dir='ltr'><strong>θλίψεις</strong></span> <span class='ocrx_word' id='word_1_741' title='bbox 2961 4443 3210 4509; x_wconf 74' lang='grc' dir='ltr'><strong>πολλὰς,</strong></span> <span class='ocrx_word' id='word_1_742' title='bbox 3248 4443 3342 4504; x_wconf 76' lang='grc' dir='ltr'><strong>καί</strong></span> <span class='ocrx_word' id='word_1_743' title='bbox 3373 4440 3579 4505; x_wconf 75' lang='grc' dir='ltr'><strong>κακὰς,</strong></span> <span class='ocrx_word' id='word_1_744' title='bbox 3603 4442 3703 4493; x_wconf 78' lang='grc' dir='ltr'><strong>καὶ</strong></span> <span class='ocrx_word' id='word_1_745' title='bbox 3729 4441 3858 4494; x_wconf 73' lang='grc' dir='ltr'><strong>ἐπι-</strong></span> 
     </span>
    </p>
   </div>
   <div class='ocr_carea' id='block_1_97' title="bbox 2325 4528 3857 4604">
    <p class='ocr_par' dir='ltr' id='par_1_97' title="bbox 2325 4528 3857 4604">
     <span class='ocr_line' id='line_1_97' title="bbox 2325 4528 3857 4604; baseline -0.001 -17"><span class='ocrx_word' id='word_1_746' title='bbox 2325 4528 2587 4596; x_wconf 73' lang='grc' dir='ltr'><strong>στρέψας</strong></span> <span class='ocrx_word' id='word_1_747' title='bbox 2625 4530 3015 4602; x_wconf 74' lang='grc' dir='ltr'><strong>ἑζωοποίησὰς</strong></span> <span class='ocrx_word' id='word_1_748' title='bbox 3045 4553 3140 4604; x_wconf 82' lang='grc' dir='ltr'><strong>με,</strong></span> <span class='ocrx_word' id='word_1_749' title='bbox 3186 4535 3287 4588; x_wconf 72' lang='grc' dir='ltr'><strong>καί</strong></span> <span class='ocrx_word' id='word_1_750' title='bbox 3329 4533 3398 4592; x_wconf 70' lang='grc' dir='ltr'><strong>ἐκ</strong></span> <span class='ocrx_word' id='word_1_751' title='bbox 3436 4530 3553 4584; x_wconf 75' lang='grc' dir='ltr'><strong>τῶν</strong></span> <span class='ocrx_word' id='word_1_752' title='bbox 3575 4533 3857 4586; x_wconf 75' lang='grc' dir='ltr'><strong>ἀϐύσσων</strong></span> 
     </span>
    </p>
   </div>
   <div class='ocr_carea' id='block_1_98' title="bbox 2324 4618 3854 4694">
    <p class='ocr_par' dir='ltr' id='par_1_98' title="bbox 2324 4618 3854 4694">
     <span class='ocr_line' id='line_1_98' title="bbox 2324 4618 3854 4694; baseline 0.003 -21"><span class='ocrx_word' id='word_1_753' title='bbox 2324 4618 2433 4686; x_wconf 80' lang='grc' dir='ltr'><strong>τῆς</strong></span> <span class='ocrx_word' id='word_1_754' title='bbox 2459 4619 2566 4690; x_wconf 75' lang='grc' dir='ltr'><strong>γῆς</strong></span> <span class='ocrx_word' id='word_1_755' title='bbox 2594 4624 2731 4692; x_wconf 87' lang='grc' dir='ltr'><strong>μετά</strong></span> <span class='ocrx_word' id='word_1_756' title='bbox 2772 4627 2830 4679; x_wconf 82' lang='grc' dir='ltr'><strong>τὸ</strong></span> <span class='ocrx_word' id='word_1_757' title='bbox 2878 4629 3059 4683; x_wconf 78' lang='grc' dir='ltr'><strong>πεσεῖν</strong></span> <span class='ocrx_word' id='word_1_758' title='bbox 3097 4625 3255 4682; x_wconf 79' lang='grc' dir='ltr'><strong>πάλιν</strong></span> <span class='ocrx_word' id='word_1_759' title='bbox 3285 4623 3575 4692; x_wconf 78' lang='grc' dir='ltr'><strong>ἀνήγαγές</strong></span> <span class='ocrx_word' id='word_1_760' title='bbox 3606 4640 3683 4694; x_wconf 73' lang='grc' dir='ltr'><strong>με</strong></span> <span class='ocrx_word' id='word_1_761' title='bbox 3717 4623 3854 4694; x_wconf 64' lang='lat'><strong>(51).</strong></span> 
     </span>
    </p>
   </div>
   <div class='ocr_carea' id='block_1_99' title="bbox 2325 4704 3854 4778">
    <p class='ocr_par' dir='ltr' id='par_1_99' title="bbox 2325 4704 3854 4778">
     <span class='ocr_line' id='line_1_99' title="bbox 2325 4704 3854 4778; baseline 0.003 -22"><span class='ocrx_word' id='word_1_762' title='bbox 2325 4704 2596 4773; x_wconf 83' lang='grc' dir='ltr'><strong>Μακάριος</strong></span> <span class='ocrx_word' id='word_1_763' title='bbox 2633 4705 2691 4769; x_wconf 80' lang='grc' dir='ltr'><strong>ὃς</strong></span> <span class='ocrx_word' id='word_1_764' title='bbox 2735 4707 2822 4760; x_wconf 81' lang='grc' dir='ltr'><strong>διὰ</strong></span> <span class='ocrx_word' id='word_1_765' title='bbox 2856 4708 2985 4761; x_wconf 82' lang='grc' dir='ltr'><strong>Θεὸν</strong></span> <span class='ocrx_word' id='word_1_766' title='bbox 3027 4707 3146 4760; x_wconf 85' lang='grc' dir='ltr'><strong>καθ’</strong></span> <span class='ocrx_word' id='word_1_767' title='bbox 3179 4705 3388 4776; x_wconf 83' lang='grc' dir='ltr'><strong>ἡμέρας</strong></span> <span class='ocrx_word' id='word_1_768' title='bbox 3431 4705 3854 4778; x_wconf 78' lang='grc' dir='ltr'><strong>λοιδορούμενος,</strong></span> 
     </span>
    </p>
   </div>
   <div class='ocr_carea' id='block_1_100' title="bbox 2328 4794 3854 4870">
    <p class='ocr_par' dir='ltr' id='par_1_100' title="bbox 2328 4794 3854 4870">
     <span class='ocr_line' id='line_1_100' title="bbox 2328 4794 3854 4870; baseline 0.003 -23"><span class='ocrx_word' id='word_1_769' title='bbox 2328 4794 2419 4848; x_wconf 85' lang='grc' dir='ltr'><strong>καὶ</strong></span> <span class='ocrx_word' id='word_1_770' title='bbox 2449 4795 2879 4870; x_wconf 83' lang='grc' dir='ltr'><strong>ἐξουδενούμενος</strong></span> <span class='ocrx_word' id='word_1_771' title='bbox 2912 4797 3096 4850; x_wconf 78' lang='grc' dir='ltr'><strong>ἑαυτὸν</strong></span> <span class='ocrx_word' id='word_1_772' title='bbox 3133 4795 3402 4850; x_wconf 75' lang='grc' dir='ltr'><strong>ἐϐιάσατο.</strong></span> <span class='ocrx_word' id='word_1_773' title='bbox 3437 4796 3590 4850; x_wconf 81' lang='grc' dir='ltr'><strong>Μετὰ</strong></span> <span class='ocrx_word' id='word_1_774' title='bbox 3642 4797 3854 4869; x_wconf 62' lang='lat' dir='ltr'><strong>paphi-</strong></span> 
     </span>
    </p>
   </div>
   <div class='ocr_carea' id='block_1_101' title="bbox 2330 4885 3858 4959">
    <p class='ocr_par' dir='ltr' id='par_1_101' title="bbox 2330 4885 3858 4959">
     <span class='ocr_line' id='line_1_101' title="bbox 2330 4885 3858 4959; baseline 0.001 -21"><span class='ocrx_word' id='word_1_775' title='bbox 2330 4903 2436 4956; x_wconf 88' lang='grc' dir='ltr'><strong>ρων</strong></span> <span class='ocrx_word' id='word_1_776' title='bbox 2459 4888 2700 4957; x_wconf 86' lang='grc' dir='ltr'><strong>χορεύσει</strong></span> <span class='ocrx_word' id='word_1_777' title='bbox 2729 4885 2898 4956; x_wconf 78' lang='grc' dir='ltr'><strong>οὗτος,</strong></span> <span class='ocrx_word' id='word_1_778' title='bbox 2929 4889 3019 4940; x_wconf 76' lang='grc' dir='ltr'><strong>καὶ</strong></span> <span class='ocrx_word' id='word_1_779' title='bbox 3058 4885 3196 4956; x_wconf 74' lang='grc' dir='ltr'><strong>μετὰ</strong></span> <span class='ocrx_word' id='word_1_780' title='bbox 3223 4885 3461 4957; x_wconf 77' lang='grc' dir='ltr'><strong>ἀγγέλων</strong></span> <span class='ocrx_word' id='word_1_781' title='bbox 3482 4887 3858 4959; x_wconf 77' lang='grc' dir='ltr'><strong>παρῤησιάσε-</strong></span> 
     </span>
    </p>
   </div>
   <div class='ocr_carea' id='block_1_102' title="bbox 2326 4977 3859 5050">
    <p class='ocr_par' dir='ltr' id='par_1_102' title="bbox 2326 4977 3859 5050">
     <span class='ocr_line' id='line_1_102' title="bbox 2326 4977 3859 5050; baseline 0.002 -20"><span class='ocrx_word' id='word_1_782' title='bbox 2326 4993 2413 5031; x_wconf 92' lang='grc' dir='ltr'><strong>ται</strong></span> <span class='ocrx_word' id='word_1_783' title='bbox 2444 4978 2573 5049; x_wconf 77' lang='grc'><strong>(55).</strong></span> <span class='ocrx_word' id='word_1_784' title='bbox 2600 4979 2876 5050; x_wconf 80' lang='grc' dir='ltr'><strong>Μακάριος</strong></span> <span class='ocrx_word' id='word_1_785' title='bbox 2908 4977 3156 5048; x_wconf 82' lang='grc' dir='ltr'><strong>μοναχδς,</strong></span> <span class='ocrx_word' id='word_1_786' title='bbox 3196 4978 3253 5040; x_wconf 84' lang='grc' dir='ltr'><strong>ὃς</strong></span> <span class='ocrx_word' id='word_1_787' title='bbox 3291 4979 3468 5048; x_wconf 85' lang='grc' dir='ltr'><strong>πάσης</strong></span> <span class='ocrx_word' id='word_1_788' title='bbox 3503 4977 3728 5049; x_wconf 82' lang='grc' dir='ltr'><strong>ἀτιμίας</strong></span> <span class='ocrx_word' id='word_1_789' title='bbox 3765 4981 3859 5033; x_wconf 83' lang='grc' dir='ltr'><strong>καὶ</strong></span> 
     </span>
    </p>
   </div>
   <div class='ocr_carea' id='block_1_103' title="bbox 2327 5067 3852 5138">
    <p class='ocr_par' dir='ltr' id='par_1_103' title="bbox 2327 5067 3852 5138">
     <span class='ocr_line' id='line_1_103' title="bbox 2327 5067 3852 5138; baseline 0.003 -17"><span class='ocrx_word' id='word_1_790' title='bbox 2327 5067 2712 5137; x_wconf 71' lang='grc' dir='ltr'><strong>ἐξουδενώσεως</strong></span> <span class='ocrx_word' id='word_1_791' title='bbox 2765 5068 2950 5124; x_wconf 78' lang='grc' dir='ltr'><strong>ἑαυτὸν</strong></span> <span class='ocrx_word' id='word_1_792' title='bbox 2985 5069 3131 5133; x_wconf 84' lang='grc' dir='ltr'><strong>ἄξιον</strong></span> <span class='ocrx_word' id='word_1_793' title='bbox 3172 5068 3288 5122; x_wconf 85' lang='grc' dir='ltr'><strong>καθ’</strong></span> <span class='ocrx_word' id='word_1_794' title='bbox 3337 5068 3485 5138; x_wconf 84' lang='grc' dir='ltr'><strong>ὤραν</strong></span> <span class='ocrx_word' id='word_1_795' title='bbox 3537 5068 3808 5138; x_wconf 76' lang='grc' dir='ltr'><strong>λογίζεται</strong></span> <span class='ocrx_word' id='word_1_796' title='bbox 3838 5089 3852 5103; x_wconf 79' lang='grc'><em>’</em></span> 
     </span>
    </p>
   </div>
   <div class='ocr_carea' id='block_1_104' title="bbox 2330 5158 3854 5233">
    <p class='ocr_par' dir='ltr' id='par_1_104' title="bbox 2330 5158 3854 5233">
     <span class='ocr_line' id='line_1_104' title="bbox 2330 5158 3854 5233; baseline 0.003 -19"><span class='ocrx_word' id='word_1_797' title='bbox 2330 5163 2594 5233; x_wconf 84' lang='grc' dir='ltr'><strong>μακάριος</strong></span> <span class='ocrx_word' id='word_1_798' title='bbox 2620 5162 2678 5224; x_wconf 82' lang='grc' dir='ltr'><strong>ὃς</strong></span> <span class='ocrx_word' id='word_1_799' title='bbox 2706 5161 2764 5213; x_wconf 81' lang='grc' dir='ltr'><strong>τὸ</strong></span> <span class='ocrx_word' id='word_1_800' title='bbox 2794 5158 2982 5213; x_wconf 76' lang='grc' dir='ltr'><strong>ἑαυτοῦ</strong></span> <span class='ocrx_word' id='word_1_801' title='bbox 3010 5158 3216 5229; x_wconf 82' lang='grc' dir='ltr'><strong>θέλημα</strong></span> <span class='ocrx_word' id='word_1_802' title='bbox 3259 5161 3339 5222; x_wconf 79' lang='grc' dir='ltr'><strong>εἰς</strong></span> <span class='ocrx_word' id='word_1_803' title='bbox 3381 5160 3531 5223; x_wconf 78' lang='grc' dir='ltr'><strong>τέλος</strong></span> <span class='ocrx_word' id='word_1_804' title='bbox 3559 5162 3854 5233; x_wconf 49' lang='grc' dir='ltr'><strong>ὲνὲκρωσει</strong></span> 
     </span>
    </p>
   </div>
   <div class='ocr_carea' id='block_1_105' title="bbox 2328 5247 3856 5322">
    <p class='ocr_par' dir='ltr' id='par_1_105' title="bbox 2328 5247 3856 5322">
     <span class='ocr_line' id='line_1_105' title="bbox 2328 5247 3856 5322; baseline 0.001 -18"><span class='ocrx_word' id='word_1_805' title='bbox 2328 5253 2420 5304; x_wconf 78' lang='grc' dir='ltr'><strong>καὶ</strong></span> <span class='ocrx_word' id='word_1_806' title='bbox 2445 5253 2524 5322; x_wconf 84' lang='grc' dir='ltr'><strong>τῷ</strong></span> <span class='ocrx_word' id='word_1_807' title='bbox 2559 5255 2616 5306; x_wconf 80' lang='grc' dir='ltr'><strong>ἐν</strong></span> <span class='ocrx_word' id='word_1_808' title='bbox 2664 5251 2831 5321; x_wconf 83' lang='grc' dir='ltr'><strong>κυρίῳ</strong></span> <span class='ocrx_word' id='word_1_809' title='bbox 2861 5247 3153 5318; x_wconf 83' lang='grc' dir='ltr'><strong>διδασκάλῳ</strong></span> <span class='ocrx_word' id='word_1_810' title='bbox 3193 5249 3290 5314; x_wconf 79' lang='grc' dir='ltr'><strong>τὴν</strong></span> <span class='ocrx_word' id='word_1_811' title='bbox 3334 5249 3524 5304; x_wconf 78' lang='grc' dir='ltr'><strong>ἑαυτοῦ</strong></span> <span class='ocrx_word' id='word_1_812' title='bbox 3563 5251 3856 5308; x_wconf 75' lang='grc' dir='ltr'><strong>ἐκδέδωκεν</strong></span> 
     </span>
    </p>
   </div>
   <div class='ocr_carea' id='block_1_106' title="bbox 2330 5339 3854 5412">
    <p class='ocr_par' dir='ltr' id='par_1_106' title="bbox 2330 5339 3854 5412">
     <span class='ocr_line' id='line_1_106' title="bbox 2330 5339 3854 5412; baseline 0.005 -22"><span class='ocrx_word' id='word_1_813' title='bbox 2330 5343 2641 5412; x_wconf 72' lang='grc' dir='ltr'><strong>ἐπιμέλειαν</strong></span> <span class='ocrx_word' id='word_1_814' title='bbox 2665 5358 2680 5372; x_wconf 90' lang='grc'><strong>·</strong></span> <span class='ocrx_word' id='word_1_815' title='bbox 2714 5340 2779 5392; x_wconf 77' lang='grc' dir='ltr'><strong>ἐκ</strong></span> <span class='ocrx_word' id='word_1_816' title='bbox 2805 5339 2989 5409; x_wconf 77' lang='grc' dir='ltr'><strong>δεξιῶν</strong></span> <span class='ocrx_word' id='word_1_817' title='bbox 3020 5339 3128 5409; x_wconf 71' lang='grc'><strong>(54)</strong></span> <span class='ocrx_word' id='word_1_818' title='bbox 3170 5339 3276 5410; x_wconf 85' lang='grc' dir='ltr'><strong>γὰρ</strong></span> <span class='ocrx_word' id='word_1_819' title='bbox 3323 5340 3416 5396; x_wconf 79' lang='grc' dir='ltr'><strong>τοῦ</strong></span> <span class='ocrx_word' id='word_1_820' title='bbox 3458 5343 3854 5412; x_wconf 79' lang='grc' dir='ltr'><strong>σταυρωθέντος</strong></span> 
     </span>
    </p>
   </div>
   <div class='ocr_carea' id='block_1_107' title="bbox 2333 5427 3860 5503">
    <p class='ocr_par' dir='ltr' id='par_1_107' title="bbox 2333 5427 3860 5503">
     <span class='ocr_line' id='line_1_107' title="bbox 2333 5427 3860 5503; baseline 0.001 -19"><span class='ocrx_word' id='word_1_821' title='bbox 2333 5432 2668 5503; x_wconf 76' lang='grc' dir='ltr'><strong>σταθήσεται.</strong></span> <span class='ocrx_word' id='word_1_822' title='bbox 2714 5428 2780 5483; x_wconf 81' lang='grc' dir='ltr'>Εἰ</span> <span class='ocrx_word' id='word_1_823' title='bbox 2821 5444 2904 5490; x_wconf 71' lang='grc' dir='ltr'><strong>τις</strong></span> <span class='ocrx_word' id='word_1_824' title='bbox 2951 5427 3166 5497; x_wconf 71' lang='grc' dir='ltr'><strong>ἔλεγχον</strong></span> <span class='ocrx_word' id='word_1_825' title='bbox 3203 5428 3440 5495; x_wconf 80' lang='grc' dir='ltr'><strong>δίκαιον,</strong></span> <span class='ocrx_word' id='word_1_826' title='bbox 3485 5430 3519 5503; x_wconf 81' lang='grc' dir='ltr'>ἢ</span> <span class='ocrx_word' id='word_1_827' title='bbox 3574 5431 3756 5490; x_wconf 75' lang='grc' dir='ltr'><strong>ἄδικον</strong></span> <span class='ocrx_word' id='word_1_828' title='bbox 3798 5430 3860 5496; x_wconf 67' lang='grc' dir='ltr'><strong>ἑξ</strong></span> 
     </span>
    </p>
   </div>
   <div class='ocr_carea' id='block_1_108' title="bbox 2332 5513 3857 5595">
    <p class='ocr_par' dir='ltr' id='par_1_108' title="bbox 2332 5513 3857 5595">
     <span class='ocr_line' id='line_1_108' title="bbox 2332 5513 3857 5595; baseline 0.001 -19"><span class='ocrx_word' id='word_1_829' title='bbox 2332 5523 2518 5580; x_wconf 78' lang='grc' dir='ltr'><strong>ἑαυτοῦ</strong></span> <span class='ocrx_word' id='word_1_830' title='bbox 2543 5519 2891 5592; x_wconf 78' lang='grc' dir='ltr'><strong>ἀπερῤἰψατο,</strong></span> <span class='ocrx_word' id='word_1_831' title='bbox 2924 5513 3071 5582; x_wconf 72' lang='grc' dir='ltr'><strong>οὗτος</strong></span> <span class='ocrx_word' id='word_1_832' title='bbox 3107 5519 3202 5593; x_wconf 73' lang='grc' dir='ltr'><strong>τὴν</strong></span> <span class='ocrx_word' id='word_1_833' title='bbox 3234 5519 3419 5581; x_wconf 77' lang='grc' dir='ltr'><strong>ἑαυτοῦ</strong></span> <span class='ocrx_word' id='word_1_834' title='bbox 3453 5523 3726 5595; x_wconf 84' lang='grc' dir='ltr'><strong>σωτηρίαν</strong></span> <span class='ocrx_word' id='word_1_835' title='bbox 3760 5523 3857 5595; x_wconf 72' lang='grc' dir='ltr'><strong>ηρ-</strong></span> 
     </span>
    </p>
   </div>
   <div class='ocr_carea' id='block_1_109' title="bbox 791 5761 3134 5850">
    <p class='ocr_par' dir='ltr' id='par_1_109' title="bbox 791 5761 3134 5850">
     <span class='ocr_line' id='line_1_109' title="bbox 791 5761 3134 5850; baseline -0.006 -19"><span class='ocrx_word' id='word_1_836' title='bbox 791 5779 864 5850; x_wconf 85' lang='lat' dir='ltr'><strong>(a)</strong></span> <span class='ocrx_word' id='word_1_837' title='bbox 887 5777 959 5832; x_wconf 88' lang='lat' dir='ltr'><strong>De</strong></span> <span class='ocrx_word' id='word_1_838' title='bbox 997 5776 1098 5831; x_wconf 86' lang='lat' dir='ltr'><strong>hoc</strong></span> <span class='ocrx_word' id='word_1_839' title='bbox 1123 5774 1240 5827; x_wconf 90' lang='lat' dir='ltr'><strong>loco</strong></span> <span class='ocrx_word' id='word_1_840' title='bbox 1272 5774 1512 5840; x_wconf 84' lang='lat' dir='ltr'><strong>sequenti</strong></span> <span class='ocrx_word' id='word_1_841' title='bbox 1549 5774 1722 5842; x_wconf 87' lang='lat' dir='ltr'><strong>capite</strong></span> <span class='ocrx_word' id='word_1_842' title='bbox 1753 5777 2066 5834; x_wconf 67' lang='lat' dir='ltr'><strong>tractabitur</strong></span> <span class='ocrx_word' id='word_1_843' title='bbox 2099 5794 2112 5845; x_wconf 88' lang='lat'><strong>;</strong></span> <span class='ocrx_word' id='word_1_844' title='bbox 2150 5775 2236 5833; x_wconf 81' lang='lat' dir='ltr'><strong>hic</strong></span> <span class='ocrx_word' id='word_1_845' title='bbox 2268 5779 2474 5828; x_wconf 88' lang='lat' dir='ltr'><strong>tantum</strong></span> <span class='ocrx_word' id='word_1_846' title='bbox 2507 5781 2571 5823; x_wconf 82' lang='lat' dir='ltr'><strong>ex</strong></span> <span class='ocrx_word' id='word_1_847' title='bbox 2596 5765 2875 5820; x_wconf 78' lang='lat' dir='ltr'><strong>Occasmne</strong></span> <span class='ocrx_word' id='word_1_848' title='bbox 2902 5761 3134 5833; x_wconf 82' lang='lat' dir='ltr'><strong>tangitur</strong></span> 
     </span>
    </p>
   </div>
  </div>
