4048 6338
229 413 328 477 105

1197 418 1446 477 'SCALA
1490 415 1857 476 PARADISI.
1895 440 1959 450 --
1988 415 2287 477 GRADUS
2316 418 2409 477 IV.

3307 422 3411 486 706

219 527 441 594 νήσατο.
476 525 616 579 Είδέ
642 543 722 587 τις
763 524 942 580 τοῦτον
986 526 1121 596 μετὰ
1161 528 1393 594 πόνου,ἢ
1424 529 1517 580 καὶ
1557 528 1767 588 ἀπόνως

1871 525 2076 580 Etenim
2112 526 2180 580 ad
2210 528 2448 580 dextram
2487 526 2694 581 Domini
2725 528 2808 583 sui
2855 525 3094 584 cruciﬁxi
3131 529 3256 584 olim
3298 538 3411 586 sta-

216 613 562 678 κατεδέξατο,
611 615 816 685 ταχέως
877 615 975 685 τῆς
1016 616 1119 668 τῶν
1178 617 1366 670 ἑαυτοῦ
1413 617 1762 685 πταισμάτων

214 708 469 776 ἀφέσεως
485 707 762 772 τεύξεται’
797 708 912 778 Θεῷ
939 709 1134 779 νοερῶς
1159 708 1292 778 πρὸς
1321 709 1411 762 τὸν
1440 710 1530 761 σὺν
1555 708 1762 776 πατέρα

213 796 426 861 πίστιν,
457 797 550 848 καὶ
579 797 797 866 ἀγάπην
835 798 1131 869 εἰλικρινῶς
1157 797 1492 861 ὑποδείκνυε,
1519 799 1764 858 κάκεῖνος

213 886 509 952 ἀγνώστως
539 887 726 940 τοῦτον
745 889 927 942 λοιπὸν
948 889 1343 962 πληροφορησει
1370 890 1509 943 κατὰ
1535 890 1634 958 τὴν
1666 888 1762 958 σὴν

214 977 360 1047 πρὸς
388 977 548 1032 αὑτὸν
595 980 832 1034 διάθεσιν
871 980 1246 1052 προστεθῆναι,
1291 983 1384 1034 καὶ
1416 979 1763 1049 οίκειωθῆναί

215 1086 328 1121 σοι.
361 1069 422 1124 ’0
455 1071 633 1125 πάντα
658 1072 778 1140 ὑφιν
811 1072 1134 1141 στηλιτεὺων
1175 1073 1353 1125 πίστιν
1386 1072 1589 1143 ἐναργῆ
1618 1062 1764 1122 ’ἔδει-

217 1160 328 1224 ξεν.
371 1160 432 1213 ’0
454 1161 512 1215 δὲ
540 1162 916 1231 ἀποκρύπτων,
956 1165 1033 1228 είς
1064 1163 1271 1227 ἀνοδίας
1297 1165 1375 1216 ἔτι
1409 1164 1762 1230 πεπλάνηται.

214 1252 352 1304 Τότε
396 1253 492 1324 τὴν
527 1254 717 1307 ἐαυτοῦ
753 1255 1115 1324 φιλαδελφίαν,
1171 1256 1264 1309 καὶ
1305 1257 1506 1325 κυρίως
1549 1256 1765 1322 ἀγάπην

215 1344 578 1413 ἐπιγνώσεταί
605 1363 706 1410 τις,
740 1347 863 1400 ὅταν
889 1348 1076 1401 ἑαυτὸν
1095 1348 1388 1401 πενθοῦντα
1418 1348 1507 1399 ἐπὶ
1540 1348 1650 1408 τοῖς
1669 1347 1765 1398 τοῦ

216 1442 447 1510 ἀδελφοῦ
470 1442 775 1512 σφάλμασιν
796 1443 982 1514 δψεται
999 1463 1011 1475 ο
1035 1446 1126 1497 καὶ
1142 1446 1265 1498 ὅταν
1282 1443 1636 1512 ἀγαλλόμενον
1652 1439 1762 1511 (55)

215 1534 309 1585 ἐπὶ
349 1535 470 1597 ταῖς
513 1535 718 1588 ἐκείνου
750 1520 1192 1607 προκοπαίς,’κα”ί¹
1231 1535 1579 1605 χαρίσμασιν.
1623 1535 1683 1587 '0
1707 1535 1765 1587 ἐν

215 1623 448 1691 διαλέξει
484 1625 594 1697 (56)
640 1626 731 1680 τὸν
774 1627 965 1681 ἐαυτοῦ
1008 1627 1158 1696 λόγον
1183 1665 1198 1690 ,
1249 1626 1348 1679 κᾶν
1379 1625 1550 1696 ἀληθῆ
1594 1624 1762 1693 λέγει,

217 1717 488 1787 συστῆσαι
516 1717 682 1771 θέλων
711 1719 800 1772 καὶ
822 1718 1136 1789 βουλόμενος
1154 1717 1370 1790 [στῆσαι
1405 1717 1762 1789 βουλόμενος],

215 1810 533 1874 γινωσκέτω
577 1811 668 1862 τὸν
702 1808 794 1862 τοῦ
836 1809 1076 1863 διαϐόλου
1123 1810 1275 1862 νόσον
1312 1812 1502 1880 νοσεῖν,
1555 1809 1664 1863 Καὶ
1715 1810 1764 1861 εί

220 1869 322 1969 μὲν
353 1899 414 1951 ἐν
461 1901 527 1969 τῇ
569 1898 702 1968 πρὸς
731 1900 855 1962 τοὺς
895 1899 1042 1961 ἴσους
1073 1898 1326 1970 σολλαλιᾷ
1357 1871 1511 1952 τοῦτο
1539 1897 1765 1970 ἐργάζε-
1795 1869 1837 1924 Β

216 2005 329 2054 ται,
359 1989 485 2053 ἴσως
519 1988 663 2042 ἐστιν
696 1990 856 2043 αὑτὸν
896 1989 1104 2061 ἰαθῆναι
1148 1992 1211 2044 ἐκ
1237 1992 1334 2062 τῆς
1361 1992 1470 2045 τῶν
1505 1990 1766 2061 μειζόνων

217 2077 519 2148 ἐπιτιμίας.
563 2080 626 2133 Εἰ
659 2079 714 2134 δέ
742 2082 834 2134 καὶ
866 2079 1000 2152 πρὸς
1045 2083 1167 2146 τοῦς
1198 2084 1446 2154 μείζονας
1472 2084 1505 2154 ῆ
1533 2085 1766 2154 σοφωτέ-

207 2186 348 2243 ρους
376 2154 546 2234 οὖτώς
570 2169 831 2226 διάκειται
863 2189 878 2204 ο
907 2173 1057 2244 παρά
1105 2173 1402 2245 ἀνθρώπων
1434 2175 1590 2229 τοῦτο
1617 2175 1766 2236 ἀνία-

215 2277 332 2314 τον,
375 2261 434 2314 '0
473 2262 615 2332 λόγῳ
649 2263 759 2333 (57)
803 2263 878 2334 μὴ
916 2263 1282 2338 ὑποϐεϐηκὼς,
1339 2264 1492 2336 δῆλον
1536 2267 1617 2320 ὅτι
1646 2267 1766 2320 οὐδὲ

216 2352 387 2422 εργῳ.
429 2351 487 2406 '0
511 2352 618 2423 γὰρ
641 2354 699 2405 ἐν
730 2352 889 2425 ὀλίγῳ
911 2354 1152 2419 ἄπιστος,
1183 2355 1275 2408 καὶ
1302 2356 1358 2408 ἐν
1382 2356 1526 2427 ἔργῳ
1552 2347 1766 2420 ἀκλιτός

211 2443 358 2508 ἐστι,
386 2443 559 2513 μάτην
590 2443 812 2508 κοπιῶν,
853 2445 945 2498 καὶ
967 2448 1066 2516 τῆς
1092 2445 1243 2510 ὁσίας
1275 2447 1550 2518 ὑποταγῆς
1588 2449 1761 2514 οὐδὲν,

217 2534 270 2586 εί
302 2535 476 2604 κρῖμα
501 2533 696 2605 ἐαυτῷ,
724 2534 1096 2607 κομιζόμενος.
1135 2537 1200 2591 Et
1225 2555 1307 2602 τις
1333 2539 1392 2591 τὸ
1415 2538 1607 2593 ἐαυτοῦ
1644 2557 1765 2594 συν-

217 2623 362 2688 ειδὸς
397 2624 633 2695 καθαρὸν
664 2627 743 2689 είς
775 2627 940 2696 ἀκρον
977 2628 1057 2690 είς
1101 2628 1199 2699 τὴν
1249 2630 1395 2700 παρά
1437 2629 1527 2683 τοῦ
1565 2632 1766 2703 πατρὸς

220 2713 500 2786 ὑποταγὴν
527 2715 789 2785 ἐκτήσατο
809 2733 824 2749 ·
850 2713 1001 2780 οὗτος
1027 2717 1208 2770 λοιπὸν
1227 2717 1315 2771 τὸν
1335 2717 1557 2772 θάνατον
1582 2719 1766 2791 ὥσπερ

219 2803 412 2868 ὕπνον,
444 2804 643 2874 μᾶλλον
671 2805 725 2858 δέ
754 2805 918 2877 ζωὴν,
951 2807 1070 2860 καθ’
1102 2807 1311 2878 ἡμέραν
1333 2809 1676 2878 ἐκδεχόμενος
1703 2812 1762 2862 οὐ

221 2897 504 2948 πτοεῖται·
549 2893 828 2963 γινώσκων
875 2897 932 2949 ἐν
978 2895 1208 2968 βεϐαίῳ,
1252 2898 1327 2960 ὡς
1370 2901 1469 2952 οὑκ
1511 2901 1668 2964 αὐτὸς
1707 2903 1765 2954 ἐν

219 2983 403 3056 καιρῷ
423 2983 511 3037 τοῦ
537 2985 834 3055 χωρισμοῢ,
872 2986 1007 3040 ἀλλὰ
1050 2987 1322 3058 προεστὼς
1353 2988 1766 3060 λογοθετηθήσε-

218 3093 332 3130 ται.
367 3076 530 3140 Εῐτις
555 3077 612 3128 ἐν
642 3077 834 3148 ’Κυρίῳ
857 3077 1122 3142 ἀϐιάστως
1153 3080 1216 3132 ἐκ
1241 3079 1332 3132 τοῦ
1361 3080 1561 3150 πατρὸς
1584 3081 1764 3151 ἐγχεί-

1864 627 2061 672 tuetur.
2111 618 2428 687 Quicunque
2456 620 2879 689 objurgationem
2913 637 3006 675 seu
3052 637 3278 691 aequam,
3312 639 3407 677 seu

1859 707 2099 776 iniquam
2155 708 2223 761 ab
2272 723 2330 762 se
2374 708 2567 776 rejicit,
2613 709 2707 763 ille
2755 720 2939 764 contra
2976 711 3205 765 salutem
3255 726 3408 765 suam

1863 798 1990 868 agit.
2022 797 2171 864 Quod
2198 798 2242 851 si
2275 799 2411 852 hanc
2440 799 2550 853 sive
2572 815 2731 870 aegre,
2756 799 2865 853 sive
2892 799 3139 853 alacriter
3161 801 3407 868 suscipit,

1863 890 2130 961 extemplo
2167 890 2481 944 delictorum
2531 906 2754 945 suorum
2789 892 2994 947 veniam
3024 902 3410 961 consequetur.

1865 955 1972 1035 beo
2001 997 2190 1037 sensus
2223 983 2297 1036 tui
2329 984 2448 1038 testi
2488 983 2639 1037 bona:
2668 983 2808 1047 ﬁdei,
2841 996 2895 1037 et
2943 985 3142 1038 amoris
3174 985 3253 1037 tui
3285 1000 3411 1054 erga

1864 1075 2166 1142 religiosum
2189 1073 2464 1141 praesidem
2487 1082 2634 1126 tuum
2658 1073 2927 1128 sincerum
2954 1069 3209 1128 atlectuuf
3228 1083 3408 1127 osten-

1863 1165 1950 1227 de.
1980 1173 2034 1218 et
2064 1164 2151 1217 ille
2180 1173 2331 1216 tuum
2362 1177 2485 1233 erga.
2516 1164 2690 1232 ipsum
2720 1165 2912 1219 sinceri
2942 1165 3162 1219 affectus
3189 1181 3407 1219 sensum

1866 1254 1935 1306 illi
1969 1267 2060 1323 per
2088 1253 2355 1306 occultum
2400 1253 2715 1306 instinctum
2752 1261 3003 1306 testatum
3041 1254 3216 1317 faciet,
3249 1253 3411 1306 vicis-

1865 1342 2074 1408 simque
2102 1340 2195 1394 tibi
2223 1338 2431 1406 qualem
2461 1349 2631 1407 Optas,
2666 1341 2896 1405 facilem,
2930 1356 3150 1395 suavem
3178 1351 3233 1396 et
3257 1341 3410 1394 fami-

1865 1431 2048 1484 liarem
2073 1431 2273 1484 reddet.
2301 1428 2404 1495 Qui
2431 1431 2634 1485 nullum
2658 1433 2710 1485 in
2742 1442 2953 1500 pectore
2982 1443 3278 1500 serpentem
3298 1433 3413 1503 68

1863 1521 2017 1584 celat,
2052 1521 2406 1575 certissimam
2452 1520 2609 1574 fidem
2659 1522 2909 1576 ostendit.
2952 1521 3051 1588 Qui
3086 1537 3213 1575 vero
3245 1524 3299 1576 in
3336 1526 3412 1576 la-

1864 1612 2027 1668 tebris
2050 1613 2200 1666 illum
2224 1613 2568 1667 conscientia:
2583 1613 2781 1677 condit,
2799 1614 2983 1680 procul
3011 1628 3040 1666 a
3062 1613 3274 1667 virtutis
3305 1622 3412 1666 tra-

1864 1705 1989 1758 mite
2016 1704 2244 1758 aberrat.
2278 1702 2563 1776 Quisuper
2593 1704 2824 1774 religiosi
2864 1703 3046 1758 fratris
3080 1704 3162 1764 sui
3197 1703 3408 1758 delictis

1865 1810 1929 1850 ex
1958 1795 2137 1848 animo
2158 1793 2389 1860 dolebit;
2413 1803 2482 1874 det
2506 1795 2572 1848 de
2603 1795 2842 1863 profectu
2875 1795 3018 1848 illius
3047 1795 3099 1847 in
3124 1795 3412 1848 virtutibus

1864 1896 1918 1942 et
1968 1885 2276 1940 caelestibus
2317 1871 2503 1955 gratiis
2553 1887 2760 1941 sincere
2795 1888 3068 1957 gaudebit,
3100 1888 3149 1942 is
3194 1888 3408 1942 demum

1864 1980 2117 2049 intelliget
2181 1993 2422 2033 severam
2492 1986 2547 2033 et
2637 1965 2943 2049 germanam
2998 1979 3309 2034 charitatem
3359 1987 3414 2032 et

1864 2086 2103 2126 amorem
2123 2085 2250 2140 erga
2279 2070 2428 2125 illum
2458 2070 2753 2140 possidere.
2777 2068 2880 2136 Qui
2912 2071 2964 2124 in
2997 2073 3272 2127 communi
3301 2087 3414 2127 ser-
3478 2063 3480 2066 ’

1865 2162 2221 2218 mocinatione
2253 2161 2571 2216 sententiam
2624 2176 2776 2217 suam
2825 2162 3172 2228 quantumvis
3205 2177 3408 2225 veram,

1863 2253 2192 2322 pertinacius
2246 2252 2531 2323 defendere
2563 2252 2913 2318 contenderit,
2944 2253 3080 2308 sciat
3124 2268 3182 2308 se
3220 2255 3411 2307 morbo

1863 2344 2130 2398 diabolico
2158 2343 2422 2399 laborare.
2451 2345 2605 2412 Quod
2654 2347 2701 2402 si
2753 2346 2808 2399 in
2857 2345 3137 2416 aequalium
3187 2360 3408 2400 suorum

1863 2434 2132 2502 colloquio
2161 2433 2212 2487 id
2244 2432 2426 2500 faciat,
2451 2433 2680 2490 fortasse
2708 2450 2804 2504 per
2830 2436 3115 2506 majorum
3155 2435 3411 2504 objurga-

1863 2527 2060 2580 tionem
2093 2525 2392 2580 curabitur.
2444 2522 2502 2579 Si
2531 2539 2658 2580 vero
2709 2525 2847 2580 idem
2891 2527 3028 2581 inter
3077 2526 3318 2582 seniores
3358 2536 3413 2581 et

1865 2618 2218 2686 sapientiores
2261 2631 2322 2673 se
2369 2617 2581 2684 audeat,
2614 2618 2923 2673 humanitus
2954 2617 3264 2673 incurabilis
3306 2627 3410 2671 est.

1865 2707 1967 2774 Qui
1996 2709 2262 2777 loquendo
2284 2724 2393 2762 non
2437 2710 2704 2778 submittit
2755 2725 2853 2785 se,
2877 2718 3022 2765 certe
3070 2725 3172 2763 nec
3204 2709 3412 2779 agendo

1865 2815 1924 2854 se
1971 2801 2268 2856 submittet.
2317 2799 2513 2876 Qualis.
2534 2801 2588 2854 in
2642 2803 2854 2856 modico
2907 2808 3010 2863 est,
3058 2801 3178 2854 talis
3223 2809 3306 2853 est
3354 2801 3411 2853 in

1863 2889 2116 2944 omnibus
2163 2889 2390 2953 caeteris,
2425 2888 2732 2958 frustraque
2760 2890 2984 2954 laborat,
3013 2898 3065 2943 et
3116 2904 3179 2943 ea
3223 2896 3411 2943 sancta

1864 2980 2162 3035 obedientia
2191 2981 2322 3035 nihil
2349 2981 2450 3037 nisi
2481 2997 2658 3051 grave,
2687 2989 2741 3036 et
2783 2981 3119 3036 mortiferum
3148 2981 3410 3050 judicium

1864 3071 1964 3126 sibi
1999 3081 2244 3141 reportat.
2267 3070 2369 3137 Qui
2397 3072 2633 3142 seipsum
2655 3071 2861 3127 sinCers
2893 3077 2947 3125 et
2970 3077 3103 3140 pura
3132 3070 3414 3125 conscien-

222 3183 380 3238 ρημα
416 3155 684 3230 διακονίας
727 3166 980 3239 εἰληφὼς,
1027 3169 1280 3240 ἀδόκητόν
1323 3187 1374 3222 τι
1402 3170 1662 3224 πέπονθεν
1707 3173 1764 3226 ἐν

1867 3165 1941 3220 tia
1974 3166 2363 3235 perfectissime
2391 3166 2626 3238 religiosi
2673 3167 2843 3236 patris
2887 3165 3204 3221 obedientiaa
3232 3165 3414 3235 subje-

217 3257 362 3329 αὐτῇ
397 3258 746 3330 πρόσκομμα,
804 3259 879 3331 μὴ
908 3259 987 3331 τῷ
1015 3260 1263 3314 δεδωκότι
1315 3261 1376 3314 τὸ
1412 3263 1591 3326 ὅπλον,
1634 3264 1768 3318 ἀλλά

217 3347 298 3419 τῷ
334 3348 610 3421 δεξαμένῳ
648 3350 746 3420 τὴν
786 3352 961 3406 αἰτίαν
1003 3352 1367 3423 ἐπιγράφοιτο,
1400 3354 1628 3425 Είλῃφεν
1656 3355 1764 3427 γὰρ

219 3437 389 3492 ὅπλον
436 3438 572 3509 πρὸς
618 3440 797 3511 μάχην
835 3441 1048 3512 ἐχθροῦ,
1084 3444 1412 3513 προσήνεγκε
1441 3445 1496 3497 δέ
1538 3447 1665 3499 αὐτὸ
1697 3450 1762 3518 τῇ

220 3528 419 3585 ἑαυτοῦ
462 3530 674 3602 καρδίᾳ.
718 3532 782 3584 Et
820 3532 876 3585 δέ
923 3531 1197 3602 sectam:
1239 3532 1527 3607 [βεϐίακεν]
1579 3538 1766 3591 ἐαυτὸν

218 3621 312 3677 διὰ
355 3622 593 3693 Κύρων,
636 3623 731 3676 καὶ
766 3623 863 3694 τὴν
908 3622 1098 3677 ἐαυτοῦ
1137 3624 1413 3679 ἀσθένειαν
1457 3627 1532 3697 τῷ
1575 3627 1764 3682 διδόντι
1812 3654 1815 3656 ·

221 3715 519 3785 προεῖπεν,
555 3707 821 3785 θαρσείτω
848 3729 864 3744 ·
902 3713 1002 3776 κᾷν
1048 3713 1155 3784 γὰρ
1194 3714 1476 3770 πέπτωκεν
1504 3717 1635 3789 (58),
1668 3721 1766 3773 οὐκ

221 3805 483 3861 ἀπέθανε.
521 3805 734 3875 Λέληθα
766 3806 922 3876 ὑμῖν,
955 3800 1000 3859 ὦ
1042 3805 1203 3875 φίλοι,
1247 3810 1340 3861 καὶ
1380 3809 1563 3864 τοῦτον
1595 3829 1769 3882 παρα-

222 3895 396 3949 θεῖναι
420 3893 512 3946 τὸν
543 3892 674 3962 ἡδὺν
704 3893 806 3962 τῆς
838 3895 1034 3965 ἀρετῆς
1049 3891 1240 3967 ,ἀρτον,
1269 3898 1342 3960 ὡς
1371 3899 1579 3969 ἑώρακα
1607 3900 1765 3974 [ἐκεῖ]

223 3985 284 4037 ἐν
306 3982 501 4054 Κυρίῳ
532 3983 803 4052 ὑπηκόους
829 3986 947 4046 ταῖς
976 3983 1192 4054 ὕϐρεσιν
1233 3986 1454 4048 ἑαυτοὺς
1495 3987 1768 4058 ἐκτρίϐον-

221 4090 324 4138 τας
376 4073 526 4126 κατά
555 4072 685 4127 Θεὸν
729 4071 1106 4144 ἀτιμάζοντας.
1152 4074 1236 4127 ἴνα
1281 4075 1370 4127 ἐπὶ
1417 4078 1534 4138 ταῖς
1574 4076 1766 4141 ἔξωθεν

224 4151 696 4243 προσφερομέναις
720 4165 901 4228 αὐτοῖς
934 4165 1540 4237 προπαρασκευασμένοι
1569 4169 1768 4239 τυγχά-

223 4272 392 4313 νωσιν
415 4257 500 4309 ἐπ’
529 4255 770 4323 ἀτιμίαις
797 4256 870 4327 μὴ
893 4255 1182 4327 πτύρεσθαι
1211 4273 1224 4285 ·
1249 4256 1396 4328 ψυχὴ
1425 4257 1768 4330 ἐξαγόρευσιν

225 4349 570 4422 ἐννοουμένη,
596 4348 670 4412 ὡς
697 4349 800 4402 ὑπὸ
819 4348 1056 4419 χαλινοῦ,
1097 4350 1198 4403 ὑπὸ
1220 4350 1419 4421 ταύτης
1463 4352 1767 4422 κατέχεται,

227 4444 305 4516 μὴ
335 4441 689 4512 ἁμαρτάνειν.
719 4439 798 4492 Τὰ
823 4439 931 4510 γάρ
957 4440 1346 4512 ἀνεξαγόρευτα
1369 4441 1446 4506 ὡς
1485 4445 1544 4494 ἐν
1589 4444 1769 4498 σκότει

1867 3257 1963 3321 cit,
1999 3265 2223 3310 mortem
2248 3257 2501 3327 deinceps
2533 3258 2830 3328 intrepidus
2854 3258 3000 3313 velut
3021 3266 3292 3323 somnum,
3317 3273 3414 3311 seu

1868 3362 2048 3431 pntius
2084 3362 2245 3414 vitam
2277 3353 2514 3431 quotidie
2543 3372 2838 3430 exspectat.
2869 3375 3048 3420 certus
3093 3367 3148 3419 in
3188 3381 3412 3420 excessu

1869 3452 1989 3506 vitae
2017 3466 2120 3505 non
2171 3467 2201 3504 a
2252 3450 2456 3513 se,-sed
2512 3465 2543 3505 a
2597 3451 2822 3520 praeside
2867 3467 2967 3505 suo
3007 3454 3275 3505 rationem
3317 3468 3414 3506 ex-

1869 3547 2047 3595 actum
2087 3537 2175 3591 iri.
2208 3535 2310 3603 Qui
2339 3535 2568 3593 oﬂicium
2603 3538 2884 3592 ministerii
2922 3538 2990 3592 ab
3028 3539 3282 3608 religioso
3313 3538 3413 3593 Pa-

1863 3637 1950 3683 tre
1977 3629 2029 3681 in
2064 3626 2291 3681 Domino
2322 3624 2555 3680 delatum
2603 3625 2767 3690 ultro,
2793 3641 2899 3679 non
2947 3634 3167 3679 coactus
3203 3626 3411 3695 recipit,

1868 3727 1920 3772 et
1949 3718 2002 3770 in
2034 3732 2097 3770 ea
2146 3732 2204 3770 re
2236 3725 2420 3785 pOStea
2454 3715 2584 3784 quid
2618 3715 2928 3810 peccaverit
2975 3725 3068 3770 aut
3115 3715 3413 3782 offenderit,

1868 3809 2020 3877 culpa
2053 3807 2326 3875 recipienti
2360 3821 2529 3869 arma,
2569 3806 2678 3859 non
2716 3806 2862 3860 danti
2888 3809 3213 3862 'ascribetur.
3251 3809 3418 3864 Acce-

1863 3898 1945 3967 pit
1998 3897 2140 3950 enim
2193 3896 2428 3966 gladium
2483 3906 2540 3948 ut
2596 3895 2652 3949 in
2688 3880 2904 3950 uestem
2941 3906 3221 3965 pugnaret,
3253 3914 3413 3966 quem
3479 3903 3493 3915 '

1868 3989 1980 4058 ipse
2011 3988 2064 4040 in
2097 4000 2194 4041 suo
2223 3985 2392 4056 ipsius
2421 3995 2635 4055 pectore
2666 3986 2866 4040 defixit.
2901 3985 2956 4041 Si
2981 3996 3156 4040 autem
3189 3986 3392 4041 invitus

1866 4088 1919 4134 et
1945 4093 2098 4134 suam
2129 4077 2324 4132 virium
2356 4076 2771 4131 imbecillitatem
2819 4077 3090 4145 praefatus,
3118 4085 3173 4130 et
3199 4077 3411 4145 praesidi

1867 4178 2215 4235 contestatus,
2243 4178 2461 4239 propter
2484 4167 2775 4224 hominum
2799 4169 2912 4239 ω
2958 4168 3186 4221 officium
3225 4182 3412 4222 susce-

1868 4263 1962 4332 pit,
2013 4261 2157 4315 bono
2213 4261 2394 4331 animo
2440 4261 2529 4324 sit,
2565 4260 2773 4315 etiamsi
2822 4256 3064 4327 deliquit,
3117 4271 3222 4310 non
3265 4257 3411 4311 enim

1868 4363 2112 4409 mortuus
2144 4362 2244 4407 est.
2275 4352 2415 4417 Quin
2448 4361 2502 4407 et
2531 4352 2674 4406 hunc
2716 4351 2923 4404 dulcem
2959 4349 3171 4403 virtutis
3220 4363 3412 4418 panem

1867 4446 2022 4501 vobis
2058 4445 2365 4500 cliarissimi
2403 4458 2668 4512 apponere
2700 4442 2898 4496 oblitus
2935 4455 3075 4495 sum.
3133 4440 3287 4508 Quod
3332 4444 3411 4497 vi-

223 4533 399 4596 Αδεῶς
439 4532 621 4586 λοιπὸν
688 4531 1014 4603 πράττομεν.
1083 4532 1247 4586 Ὀταν
1297 4532 1388 4585 τοῦ
1435 4535 1768 4602 προεστῶτος

1871 4537 2039 4592 derim
2068 4535 2140 4590 ibi
2167 4536 2307 4589 inter
2337 4535 2638 4603 religiosos,
2673 4533 2763 4602 qui
2789 4533 2996 4602 seipsos
3019 4547 3110 4603 per
3135 4544 3418 4603 contume-

225 4625 482 4688 ἀπόντος,
518 4622 580 4676 τὸ
619 4621 781 4676 αὐτοῦ
809 4624 1089 4694 πρόσωπον
1122 4620 1551 4688 ἐξεικονίξοντες,
1584 4625 1770 4680 τοῦτον

226 4711 592 4785 παρίστασθαι
617 4712 746 4781 ἡμῖν
769 4713 1089 4784 νομίζωμεν,
1122 4712 1214 4765 καὶ
1249 4713 1425 4766 πᾶσαν
1463 4709 1768 4783 συντυχίαν,

226 4809 468 4881 sum.
498 4807 532 4878 ἢ
562 4804 779 4877 βρῶσιν,
810 4808 843 4879 ἢ
875 4806 1112 4878 ὕπνον,ῆ
1143 4807 1268 4860 ἀλλο
1294 4825 1346 4861 τι
1390 4801 1523 4881 πρὸς
1553 4809 1581 4862 δ
1620 4804 1773 4864 ὑπει-

226 4901 481 4972 λήφαμεν
502 4896 679 4969 ἀηδῶς
705 4897 864 4951 αὑτὸν
888 4898 1030 4986 ἔχειν
1044 4901 1100 4953 ὲν
1124 4901 1252 4971 ἡμῖν
1271 4900 1732 4972 ἀποστρεφώμεθα
1752 4920 1766 4932 ο

224 4995 346 5048 τότε
388 4991 603 5064 ἀληθῶς
632 4988 955 5066 ἐγνώκαμεὴ
974 4992 1214 5063 ὑπακοὴν
1245 4992 1539 5046 ἀνόθευτον.
1581 4995 1642 5045 Οί
1674 4994 1772 5063 μέν

168 5117 170 5120 -
226 5083 374 5137 νόθοι
396 5081 516 5153 ιτῶν
553 5082 754 5136 παίδων
795 5067 968 5152 χαράν
992 5082 1104 5162 ,τὴν
1132 5082 1225 5140 τοῦ
1268 5082 1577 5136 διδασκάλου
1608 5084 1774 5137 ἀπου-

227 5175 382 5228 σίαν
401 5164 465 5228 ὀί
488 5174 546 5227 δέ
570 5176 778 5246 γνήσιοι
818 5172 1017 5244 ζημίαν
1047 5173 1246 5243 ταύτην
1282 5173 1595 5241 λογίζονται.

1871 4631 1970 4683 lias
2007 4629 2070 4683 ad
2104 4625 2413 4698 patientiam
2462 4633 2790 4689 excreerent,
2820 4632 2881 4678 ut
2929 4623 2996 4678 ad
3042 4624 3301 4694 irrogatas
3342 4625 3411 4677 ab

1871 4723 1993 4777 aliis
2025 4717 2365 4791 ignominias,
2395 4725 2648 4785 tanquam
2671 4716 2782 4787 jam
2813 4718 3090 4773 exercitati
3141 4733 3243 4772 rion
3276 4717 3411 4785 deji-

1870 4818 2134 4866 cerentur.
2186 4805 2289 4871 Qui
2335 4805 2731 4862 confessionem
2798 4817 3138 4877 peccatorum
3201 4822 3412 4876 semper

1871 4902 2052 4957 animo
2075 4897 2319 4960 revolvit,
2359 4896 2427 4950 ab
2457 4898 2546 4952 illa
2589 4907 2846 4968 tanquam
2897 4898 3052 4953 freno
3102 4913 3166 4951 ne
3212 4907 3410 4964 peccet,

1871 4999 2167 5050 coercetur.
2195 4988 2426 5044 Celanda
2454 4991 2598 5045 enim
2632 4990 2884 5060 deinceps
2909 4990 3051 5043 velut
3079 4987 3309 5042 tenebris
3331 5003 3415 5041 se-

1857 5080 2113 5156 “pelienda
2147 5093 2335 5134 secure
2364 5079 2720 5134 admittimus.
2755 5077 2980 5144 Quando
3008 5075 3286 5145 pmsidem
3315 5091 3420 5131 cm-

1868 5172 2341 5247 nobiilabsentem,
2374 5172 2529 5230 nobis
2556 5180 2734 5225 tamen
2785 5170 2838 5223 in
2883 5181 3202 5237 quocunque
3248 5169 3417 5223 collo-

227 5273 382 5341 quio,
406 5287 682 5338 sermone,
710 5288 913 5335 mensa,
941 5270 1186 5325 cubiculo
1206 5281 1261 5325 et
1310 5254 1526 5330 somno.
1569 5280 1662 5326 aut
1709 5285 2030 5345 quacunque
2075 5268 2198 5322 alia
2239 5267 2294 5320 in
2339 5282 2417 5333 re,
2443 5283 2608 5337 quam
2645 5266 2720 5319 illi
2748 5263 3135 5334 displicituram
3176 5265 3230 5318 in
3259 5264 3418 5320 nobis

227 5373 512 5436 putamus,
546 5373 802 5434 tanquam
837 5369 1149 5433 praesentem
1195 5375 1418 5431 corpore
1485 5361 1819 5431 ﬁnxerimus,
1863 5374 2189 5434 peccareque
2243 5363 2561 5422 caverimus,
2586 5365 2709 5410 tum
2761 5356 2952 5410 deinde
2992 5372 3099 5413 nos
3136 5373 3420 5429 germanos

230 5455 563 5511 obedientize
586 5455 726 5512 ﬁlios
756 5470 873 5510 esse
911 5444 1351 5509 existimabimus.
1382 5453 1504 5509 Veri
1537 5455 1679 5507 enim
1729 5465 1784 5510 et
1814 5453 2006 5511 sinceri
2063 5450 2314 5519 discipuli
2356 5449 2598 5513 doctoris
2650 5448 2740 5502 sui
2784 5445 3084 5504 absentiam
3135 5463 3292 5505 suum
3325 5453 3416 5502 de-

230 5550 551 5606 trimentum
603 5549 1065 5618 interpretantur:
1106 5544 1273 5615 spurii
1305 5561 1432 5602 vero
1475 5555 1525 5601 et
1570 5545 1776 5616 dyscoli
1830 5554 2206 5619 praeceptorem
2262 5542 2451 5598 abesse
2494 5540 2746 5613 gaudent.

313 5637 608 5714 Ἦρὼτησά
641 5641 767 5693 ποτέ
793 5655 915 5693 τινα
950 5635 1067 5692 τῶνα
1082 5636 1452 5706 δοκιμωτάτων
1482 5635 1764 5701 δυσωπῶν,

232 5738 349 5801 πῶς
407 5737 443 5805 ἡ
486 5733 698 5805 ὑπακοὴ
737 5735 837 5804 τὴν
880 5730 1259 5800 ταπεινοσύνην
1311 5730 1567 5800 κέκτηται
1591 5746 1604 5759 ·
1633 5731 1667 5782 ὁ
1710 5727 1778 5782 δέ’

233 5844 368 5901 ῳησι
399 5846 415 5860 ο
458 5847 477 5881 ι
501 5825 619 5880 Κάν
642 5825 862 5889 νεκοοὺς
901 5827 930 5877 ό
962 5822 1250 5892 εὐγνώμων
1277 5821 1512 5891 ὑπήκοος
1539 5821 1773 5890 ἀναστήο

1939 5634 2208 5701 Quaerenti
2241 5634 2372 5689 mihi
2404 5633 2529 5690 olim
2565 5648 2631 5688 ex
2660 5632 3034 5716 laudatissimo
3061 5633 3286 5704 quodam
3313 5628 3416 5685 Pa-

1873 5740 1971 5795 tre,
2003 5742 2239 5797 quonam
2271 5737 2424 5797 pacto
2456 5728 2626 5783 virtus
2658 5727 2973 5798 obedientiae
2999 5741 3120 5781 cum
3169 5723 3417 5793 religiosa

1826 5887 1829 5890 _
1875 5821 2174 5878 humilitate
2201 5821 2486 5892 conjuncta
2514 5799 2853 5896 sit'aVerus,
2884 5820 3077 5890 inquit,
3101 5816 3413 5873 obedientite
