4048 6338
747 296 813 309 ἦ

642 430 742 491 707

1966 427 2278 485 JUANNIS
2311 424 2604 510 cumet

3730 433 3836 492 708

643 535 960 605 discipulus,
989 537 1200 590 etiamsi
1230 545 1472 591 mortuos
1498 537 1828 602 excitaverit,
1849 538 2058 591 etiamsi
2088 553 2182 592 eos

2297 551 2401 607 σῃ·
2434 536 2536 588 κῖιν
2576 535 2808 603 δακρυον
2848 534 3106 604 κτήσηται
3135 551 3146 562 ·
3196 536 3293 588 κᾶν
3332 535 3648 606 ἀπαλλαγὴν
3677 538 3835 590 πολέα

643 627 772 680 leste
804 627 1166 695 laerymarutn
1199 629 1400 680 donum
1443 626 1712 689 habuerit.
1740 628 2194 681 ctiatttsisumtna

641 718 804 769 animi
860 718 1038 784 quiete
1094 717 1424 785 perfruatur,
1472 733 1682 786 semper
1716 728 1890 772 tamen
1941 719 2196 788 cogitabit

643 809 693 860 i.l
726 808 1022 876 spiritualis
1071 810 1235 878 patris
1289 808 1371 862 sui
1426 808 1740 861 beneﬁcium
1785 824 1922 872 esse,
1973 809 2194 878 ejusque

641 901 890 966 pret-ilius
924 901 1104 952 omnia
1138 900 1274 961 ﬁeri,
1305 911 1358 952 et
1403 900 1482 953 sic
1513 901 1581 952 ab
1626 900 1773 952 omni
1806 914 1957 952 vanae
2006 900 2193 954 existi-

645 988 900 1042 mationis
929 1000 1140 1042 tumore
1163 990 1296 1042 liber
1320 1001 1374 1043 et
1401 991 1607 1043 alienus
1633 991 1888 1043 tuanebit.
1911 988 2192 1055 Quomodo

639 1082 784 1132 enim
815 1082 905 1133 illo
937 1083 1189 1134 ell'eretur
1216 1082 1281 1143 is,
1311 1080 1402 1148 qui
1434 1080 1630 1133 fatetur
1672 1081 1722 1132 id
1749 1094 1855 1133 non
1888 1096 1988 1134 suo
2012 1082 2191 1134 studio

636 1182 689 1224 ‹·ι
717 1176 931 1234 virtute,
967 1172 1074 1242 ⁷ο
1118 1173 1208 1225 sed
1242 1174 1468 1226 alterius
1497 1189 1597 1238 ope
1634 1170 1834 1224 factum
1863 1177 2018 1226 esse?
2067 1171 2190 1227 llaec

637 1266 690 1316 iu
723 1265 893 1317 rebus
902 1265 1012 1331 jam
1053 1265 1489 1317 commemoratis
1521 1264 1730 1317 virtutis
1752 1265 1927 1318 studia
1956 1265 2191 1317 anacho-

639 1367 749 1407 tcta
783 1370 888 1407 non
924 1364 1006 1408 est
1030 1363 1280 1421 expertus
1355 1353 1548 1422 Opinio
1577 1356 1774 1423 quippe
1822 1357 2052 1422 propriae
2080 1355 2185 1406 \‘ir-

638 1448 768 1500 tutis
813 1458 955 1500 recte
1006 1445 1267 1500 factorum
1323 1446 1530 1500 laudem
1578 1462 1686 1499 sua:
1719 1447 1994 1500 industria:
2038 1443 2188 1498 arru-

636 1548 823 1603 pariter
875 1538 1080 1590 tribuit.
1126 1536 1450 1591 Obedtentia:
1501 1538 1724 1606 imperio
1773 1538 2046 1605 subjectus
2097 1538 2184 1591 ubi

636 1629 880 1694 geminos
903 1628 1075 1681 liestis
1104 1628 1257 1680 dolos
1289 1628 1365 1696 (α)
1397 1627 1600 1691 vicerit,
1637 1627 1923 1695 laqueosve
1949 1626 2187 1680 declina-

637 1720 725 1778 iit,
757 1720 992 1771 manebit
1037 1720 1288 1784 deinceps
1316 1733 1504 1771 servus
1531 1718 1620 1771 ille
1668 1718 1866 1771 Christi
1910 1729 2088 1773 certus
2131 1728 2184 1773 et

633 1821 867 1863 aeternus
895 1811 1208 1872 obedientia:
1241 1811 1400 1863 lilius.
1437 1807 1631 1864 Studet
1671 1810 2013 1864 cacodwmon
2053 1813 2181 1865 obe-

632 1902 848 1954 dictum:
880 1902 1146 1965 alumnos,
1179 1915 1322 1955 nunc
1359 1902 1576 1970 quidem
1615 1898 1772 1956 foédis
1801 1903 2042 1971 corporis
2066 1918 2182 1957 sor-

633 1991 792 2042 dibus
841 2006 934 2044 seu
987 1990 1308 2044 humoribus
1340 1974 1629 2059 polluendo
1679 1993 1979 2062 inquinare,
2020 2009 2185 2049 cona-

634 2094 828 2152 turqtte
859 2084 980 2137 illos
1033 2084 1134 2136 boc
1165 2094 1322 2153 pacto
1350 2083 1518 2138 duros
1569 2086 1893 2154 tctricosque
1943 2088 2181 2149 reddere,

633 2185 932 2242 praeterque
967 2189 1170 2228 morem
1201 2175 1541 2243 perturbatos
1565 2192 1597 2231 e
1623 2178 1843 2232 cardine
1873 2179 2184 2233 obedientite

629 2275 908 2328 excutere;
955 2281 1097 2318 nunc
1139 2282 1265 2320 vero
1307 2267 1487 2321 aridos
1529 2278 1584 2320 et
1633 2270 1845 2323 steriles
1874 2269 2101 2333 efﬁcere,
2131 2279 2184 2323 et

614 2358 696 2409 ad
755 2373 937 2425 preces
993 2358 1292 2412 tarditores'
1326 2373 1389 2412 ac
1442 2359 1829 2423 somnolentos,
1895 2369 1954 2412 ut
1998 2359 2183 2415 oﬂ'usis

635 2447 798 2499 menti
833 2447 1065 2512 tenebris
1101 2448 1409 2501 existiment
1437 2462 1495 2501 se
1524 2449 1731 2501 nullutn
1763 2462 1830 2503 ex
1867 2450 2182 2504 obedientia:

630 2540 811 2592 studio
841 2538 1075 2592 fructum
1108 2553 1320 2607 capere,
1353 2540 1446 2593 sed
1479 2541 1530 2593 in
1562 2541 1775 2595 virtutis
1821 2542 1994 2596 stadio
2019 2543 2179 2594 etiam

632 2630 857 2698 regredi,
894 2645 1001 2696 quo
1053 2630 1172 2684 illos
1200 2630 1266 2682 ab
1316 2631 1632 2684 obcdientia:
1683 2633 1926 2700 palaestra
1972 2634 2182 2700 penitus

629 2721 840 2774 avellat.
876 2721 980 2776 Nec
1014 2722 1155 2776 enim
1187 2721 1280 2775 dat
1307 2721 1412 2775 illis
1447 2724 1676 2790 spatium
1710 2723 1976 2791 cngitandi
2011 2733 2064 2777 et
2094 2738 2179 2777 re-

629 2815 1004 2881 cognoscendi,
1036 2816 1176 2881 quod
1224 2814 1350 2866 dum
1394 2813 1651 2867 virtutum
1687 2813 1992 2875 thesaurus,
2019 2827 2178 2881 quem

633 2904 906 2970 possidere
933 2905 1196 2966 videmur,
1247 2903 1400 2958 nobis
1450 2903 1632 2957 divino
1665 2915 1797 2957 nutu
1844 2904 2177 2970 subducitur,

628 2994 850 3049 occasio
900 2995 1129 3048 maxime
1165 2995 1546 3050 submissionis
1596 2995 1917 3064 praebeatur.
1974 2998 2078 3051 Sed
2134 2999 2179 3054 is

627 3102 786 3154 quem
818 3085 1054 3140 diximus
1088 3097 1372 3149 veterator,
1401 3088 1468 3140 ab
1512 3089 1783 3142 nonnullis
1835 3102 1974 3157 saepe
2022 3089 2175 3160 longa

2296 640 2434 692 μων,
2461 622 2725 689 λογίζεται
2755 623 2987 685 παντως,
3019 624 3100 675 ὅτι
3132 625 3164 692 ἡ
3195 623 3290 675 τοῦ
3326 625 3695 693 πνευματικοῦ
3727 645 3833 680 πα-

2292 713 2420 781 τρὸς
2468 713 2598 781 εὑχὴ
2642 712 2798 764 τοῦτο
2831 712 3081 780 ἐποίησε”
3121 713 3213 765 καὶ
3245 714 3390 783 μένει
3429 715 3589 777 αὐτὸς
3627 718 3694 769 ἐκ
3728 717 3832 785 τῆς

2295 804 2526 873 ματαίας
2553 805 2812 873 οἰκήσεως
2842 804 3006 867 ξένος,
3033 805 3126 855 καὶ
3152 804 3427 875 ἀλλότριος
3455 821 3470 836 ·
3511 825 3531 857 ι
3564 807 3688 870 Πῶς
3717 808 3830 879 γὰρ

2292 893 2358 946 ἂν
2381 895 2474 946 καὶ
2503 893 2842 962 ὑψωθήσεται
2869 895 2953 945 ἐπ’
2982 896 3175 957 ἐκεῖνο,
3203 895 3233 946 ὅ
3259 894 3318 958 ἐξ
3353 897 3544 967 ἐτέρας
3578 898 3831 968 βοηθείας

2290 985 2434 1052 λέγει
2483 983 2706 1057 [λέγοι],
2739 985 3106 1051 πεποιηκέναι,
3151 985 3244 1038 καὶ
3299 987 3399 1039 ούκ
3437 988 3501 1039 ἐκ
3532 989 3628 1060 τῆς
3660 991 3830 1042 αὐτοῦ

2291 1076 2522 1147 σπουδῆς
2548 1091 2563 1106 ’
2591 1077 2689 1128 οὐκ
2730 1071 2866 1127 οἶδεν
2903 1077 3203 1145 ήσυχαστὴς
3243 1076 3338 1147 τὴν
3366 1077 3472 1130 τῶν
3500 1083 3828 1152 προειρημέ-

2289 1184 2391 1218 νων
2417 1166 2674 1236 ἐργασίαν
2712 1184 2723 1194 ·
2765 1167 2831 1218 τὰ
2866 1166 3043 1218 δίκαια
3079 1168 3183 1235 γαρ
3219 1168 3354 1237 πρὸς
3389 1169 3549 1222 αὑτδν
3573 1174 3606 1240 ὴ
3650 1174 3829 1240 οἴησις

2289 1257 2547 1325 κέκτηται
2592 1258 2695 1325 ἰδία
2731 1257 2926 1325 σπουδῇ
2967 1257 3035 1308 τα
3081 1259 3471 1328 κατορθώματα
3509 1263 3653 1331 αὑτῷ
3696 1265 3828 1317 ὑπο-

2287 1349 2552 1401 ϐάλλουσα
2580 1348 2858 1404 ἐπιτελεῖν.
2889 1350 2988 1401 Δύο
3018 1349 3310 1418 νενικηκὼς
3335 1353 3364 1403 ὁ
3395 1350 3469 1403 ὢν
3493 1354 3550 1405 ὲν
3578 1357 3828 1424 ὑποταγῇ

2285 1440 2465 1504 δόλους
2497 1441 2976 1536 (ὺ),’μένειγλοιπὸν
3001 1441 3182 1503 δοῦλος
3217 1443 3446 1511 Χριστοῦ
3471 1444 3686 1509 αἰώνιος
3721 1447 3827 1498 ὑπ-

2286 1533 2447 1600 ήκοος
2477 1548 2490 1560 ’
2518 1518 2784 1584 ’πυκτεύειΙ
2806 1533 2834 1583 ὁ
2861 1531 3065 1599 δαίμων
3093 1532 3215 1592 τοὺς
3248 1518 3540 1601 omum-3;,
3567 1538 3698 1588 ποτὲ
3728 1537 3831 1604 μὲν

2288 1623 2576 1692 μολυσμοῖς
2639 1622 2906 1692 μολύνειν,
2955 1622 3047 1674 καὶ
3097 1622 3546 1692 σκληροκαρδίους
3599 1627 3829 1697 ἐργάζε-

2286 1713 2428 1775 σθαι,
2451 1717 2670 1776 τούτους
2712 1713 3036 1783 ταραχώδεις
3069 1712 3215 1780 παρα
3261 1713 3546 1784 συνήθειαν
3580 1718 3828 1782 γίνεσθαι

2283 1802 2621 1871 ἐκμοχλεύων
2651 1802 2782 1872 (59),
2817 1803 2942 1854 ποτὲ
2978 1802 3034 1852 δὲ
3083 1801 3278 1872 ξηρούς
3309 1820 3491 1865 τινας,
3525 1806 3617 1856 καὶ
3648 1806 3827 1876 ἀκαρ-

2285 1909 2438 1954 πους,
2467 1893 2558 1944 καὶ
2590 1895 2714 1963 περὶ
2756 1892 2853 1962 τὴν
2881 1892 3179 1962 προσευχὴν
3207 1892 3611 1964 ὀκνηροτέρους,
3640 1895 3825 1947 ὑπνώ-

2282 1985 2391 2045 δεις
2413 1999 2470 2035 τε
2497 1983 2590 2034 καὶ
2617 1983 3048 2050 ἐσκοτισμένους,
3089 1984 3155 2034 ἵν’
3177 1982 3251 2045 ὼς
3279 1984 3443 2053 μηδὲν
3477 1987 3541 2037 ἐκ
3570 1986 3669 2054 τῆς
3691 1985 3829 2040 tito-

2281 2074 2452 2143 ταγῆς
2489 2073 2880 2144 ὠφεληθέντας,
2923 2072 3055 2125 ἀλλά
3086 2073 3178 2125 καὶ
3220 2074 3445 2128 κατόπιν
3483 2074 3825 2144 βαδίσαντας,

2281 2167 2379 2234 τῆς
2405 2163 2680 2232 ἀθλήσεως
2717 2161 3031 2231 ἀποσπάσῃ.
3067 2162 3138 2214 Ού
3175 2162 3282 2232 γὰρ
3323 2167 3591 2234 συγχωρεῖ
3641 2166 3827 2227 αὐτοῖς

2283 2257 2501 2318 ἐννοεῖν,
2522 2256 2601 2308 ὅτι
2633 2254 2888 2315 πολλάκις
2914 2256 2947 2324 ἡ
2980 2253 3085 2307 τῶν
3109 2253 3402 2307 δοκούντων
3431 2258 3489 2307 ἐν
3528 2258 3658 2326 ημῖν
3687 2259 3829 2324 ἁγα-

2281 2348 2387 2400 θῶν
2437 2346 2747 2416 οἰκονομικὴ
2790 2345 3075 2415 ἀφαίρεσις
3123 2343 3424 2413 βαθυτάτης
3465 2362 3829 2414 ταπεινοφροο

2282 2441 2444 2509 σύνης
2476 2439 2679 2507 γίνεται
2719 2438 2991 2507 πρόξενος.
3035 2435 3404 2506 Ἀπεκρούσθη
3439 2435 3505 2488 δι’
3545 2437 3829 2508 ὑπομονῆς

2281 2531 2534 2592 τωλλάκις
2563 2531 2712 2600 παρὰ
2739 2546 2875 2582 τισιν
2899 2531 2928 2580 ὁ
2950 2527 3262 2598 προλεχθείς
3286 2527 3556 2581 ἀπατεὼν.
3586 2523 3719 2580 Εἶτα
3741 2530 3825 2582 ἔτι

2277 2621 2468 2672 τούτου
2527 2619 2827 2682 λαλοῦντος,
2867 2619 3051 2687 ἕτερος
3097 2618 3321 2685 ἄγγελος
3373 2619 3654 2689 παραστὰς
3700 2621 3824 2689 μετ’

2278 2712 2452 2780 ὀλίγον
2481 2711 2649 2781 ἑτέρῳ
2677 2711 2861 2779 τρόπῳ
2898 2709 3108 2778 ἁπατᾷν
3142 2709 3287 2776 ἡμᾶς
3329 2708 3626 2779 δοκιμάζει.
3667 2705 3825 2763 Εἶδον

2280 2804 2548 2874 ὑπηκόους
2602 2801 3027 2864 εὑκατανύκτους
3056 2840 3070 2864 ,
3114 2803 3402 2870 προσηνεῖς
3424 2839 3439 2863 ,
3494 2803 3784 2872 ἐγκρατεῖς
3805 2845 3822 2868 ,

2280 2896 2614 2959 σπουδαίους,
2653 2895 3043 2964 ἀπολεμήτους,
3085 2892 3315 2962 θερμοὺς
3347 2894 3412 2945 ἐκ
3451 2892 3548 2962 τῆς
3579 2891 3674 2944 τοῦ
3711 2909 3817 2945 πα·

2276 2992 2402 3058 τρὸς
2437 2989 2642 3057 σκέπης
2664 2988 2946 3054 γεγονότας
2977 3003 2990 3014 ·
3025 2981 3107 3049 οἷς
3144 2988 3194 3038 οἱ
3221 2986 3470 3056 δαίμονες
3497 2986 3825 3050 ἐπιστάντες

2279 3081 2531 3140 δυνατούς
2559 3074 2691 3129 εἶναι
2718 3077 2897 3128 λοιπὸν
2933 3076 3062 3144 πρὸς
3089 3075 3314 3144 ἡσυχίαν
3361 3075 3717 3144 ὑπέσπειραν,
3744 3075 3824 3137 ὡς

630 3179 881 3245 patientia
913 3180 1160 3246 repulsus
1197 3189 1297 3232 est.
1350 3178 1480 3232 Dein
1531 3179 1708 3232 adhuc
1751 3180 1852 3234 isto
1903 3181 2169 3249 loquente,

2282 3171 2414 3242 πρὸς
2434 3169 2632 3222 τέλειον
2654 3167 2842 3227 λοιπὸν,
2878 3166 3124 3227 ἔπαθλον,
3165 3167 3256 3217 καὶ
3283 3165 3416 3235 πρὸς
3461 3167 3732 3240 ἀπάθειαν
3753 3167 3823 3220 δι’

631 3268 772 3320 alius
817 3269 968 3321 adest
1012 3269 1327 3320 insidiarum
1372 3269 1698 3323 architectus
1750 3270 1937 3338 genius
1984 3273 2175 3335 malus,

629 3357 719 3424 qui
744 3359 905 3425 paulo
927 3369 1046 3426 post
1078 3358 1295 3425 alianos
1326 3359 1408 3412 via
1443 3358 1624 3413 fallere
1652 3371 1892 3415 conatur.
1922 3363 2179 3417 Animad-

629 3449 760 3500 κετιί
821 3448 968 3500 enim
1018 3449 1154 3502 alios
1209 3465 1274 3502 ex
1325 3450 1639 3504 obedientize
1685 3451 1965 3520 disciplina
2004 3454 2180 3522 prefe-

630 3547 746 3589 ctus
775 3553 903 3590 cura
939 3539 1183 3606 prazsidis
1228 3539 1312 3591 sui
1353 3539 1418 3592 ad
1478 3550 1780 3609 promptum
1837 3552 2177 3610 peccatorum

631 3627 980 3694 lugendm‘utn
1039 3644 1281 3692 sensum,
1332 3630 1398 3682 ad
1447 3631 1637 3682 miram
1693 3631 2177 3697 mansuetudinem,

629 3719 1046 3782 continentiam,
1099 3712 1464 3787 diligentiam,
1516 3720 1772 3774 invictam
1821 3723 2180 3777 constantiam

629 3818 683 3862 et
711 3811 958 3864 ardorem
1007 3811 1228 3880 spiritus
1287 3812 1532 3866 redactos
1599 3829 1614 3866 :
1679 3813 1873 3881 quibus
1922 3815 2179 3869 insidian-

625 3907 712 3952 tes
764 3900 1166 3956 cacodmmones
1221 3902 1543 3970 persuadere
1596 3888 1812 3956 student
1869 3913 2022 3974 aptos
2067 3905 2180 3974 jam

629 3991 730 4060 71
773 3991 892 4044 illos
917 4006 1035 4046 esse
1058 3993 1122 4044 ad
1173 3992 1540 4056 solitudinem,
1573 4008 1670 4062 per
1696 4008 1859 4062 quam
1897 3997 1964 4050 ad
1995 4011 2182 4066 supre-

629 4097 774 4134 mmn
802 4082 1043 4139 virtutis.
1085 4090 1138 4136 et
1178 4081 1483 4137 indolentia:
1510 4086 1733 4154 gradum
1784 4086 1992 4154 possint
2028 4088 2178 4142 eniti.

629 4173 789 4241 Atqui
827 4174 1066 4230 infelices
1096 4175 1182 4229 isti
1210 4176 1290 4230 sic
1329 4176 1503 4230 delusi
1541 4176 1643 4230 lida
1707 4187 1893 4250 portus
1947 4167 2182 4249 religiosi

629 4265 860 4319 statione
891 4265 942 4316 in
975 4265 1142 4318 altum
1177 4265 1480 4320 solitudinis
1533 4267 1752 4336 pelagus
1806 4267 2029 4336 abrepti,
2099 4270 2182 4322 in-

629 4367 852 4426 gruente
887 4365 1215 4424 tempestate,
1262 4358 1679 4426 gubernatorum
1717 4372 1817 4426 ope
1877 4361 2183 4431 auxilioque

630 4448 891 4510 destituti,
927 4447 1122 4515 impuri
1153 4447 1367 4501 demum
1395 4447 1632 4516 salsique
1672 4448 1838 4501 maris
1887 4448 2180 4517 (ﬂuctibus

2277 3263 2490 3330 ἐκείνης
2533 3263 2861 3328 καταντῆσαι
2894 3257 3167 3326 ἰσχύοντας
3202 3274 3216 3286 ·
3251 3258 3345 3309 καὶ
3395 3256 3575 3326 μέντοι
3604 3259 3822 3327 ἀπατη-

2280 3353 2458 3414 θέντες
2486 3351 2576 3433 τοῦ
2609 3349 2822 3419 λιμένος
2852 3347 3029 3400 ὲπὶτί,
3063 3348 3293 3415 πέλαγος
3325 3349 3694 3418 χωρήσαντες,
3726 3349 3824 3413 ζά-

2279 3445 2375 3514 λης
2413 3445 2579 3512 αὑτῆς
2625 3441 3047 3510 καταλαϐούσης,
3088 3439 3431 3511 κυϐερνητῶν
3471 3439 3548 3510 μὴ
3579 3440 3823 3511 εὐπορη-

2281 3551 2492 3596 σαντες,
2518 3533 2760 3594 ἐλεεινῶς
2784 3531 2886 3584 ὑπὺ
2922 3533 3017 3601 τῆς
3055 3531 3324 3600 θαλάσσης
3363 3532 3562 3597 ταύτης
3591 3533 3692 3600 τῆς
3733 3535 3824 3601 ῥυ.

2279 3628 2447 3696 περᾶς
2478 3627 2570 3678 καὶ
2611 3625 2857 3695 ἁλμυρᾶς
2894 3622 3268 3676 ἐκινδύνευσαν
3291 3639 3306 3652 ’
3351 3621 3560 3690 ἀνάγκη
3595 3621 3696 3692 τὴν
3734 3622 3822 3675 θά-

2278 3719 2478 3770 λασσαν
2531 3715 2864 3785 ταραχθῆναι
2902 3715 2993 3766 καὶ
3032 3710 3383 3781 ἀγριωθῆναι,
3420 3709 3507 3762 ἵνα
3547 3708 3667 3761 τότε
3719 3710 3827 3780 τὴν

2281 3810 2428 3878 ὓλην,
2456 3808 2628 3876 ἥνπερ
2656 3808 2704 3858 οἱ
2733 3807 2962 3874 ποταμοί⁹
2987 3804 3096 3856 τῶν
3123 3802 3327 3867 παθῶν,
3357 3801 3452 3856 καὶ
3475 3801 3567 3855 τὸν
3597 3801 3821 3873 χόρτον,

2278 3901 2376 3953 καὶ
2415 3901 2590 3950 πᾶσαν
2620 3896 2850 3966 σαπρίαν
2889 3897 2944 3945 ἐν
2990 3896 3122 3964 αὐτῇ
3169 3895 3494 3962 κατήγαγον,
3535 3893 3601 3946 δι’
3637 3894 3825 3946 αὐτῶν

2279 3989 2437 4042 πάλιν
2465 3990 2521 4040 ἐν
2558 3990 2623 4058 τῇ
2667 3991 2737 4056 γῇ
2783 3983 3148 4056 ἁπορῤίψηται
3172 4000 3186 4012 ο
3226 3981 3680 4052 ἐπισκεψώμεθα,
3725 3983 3824 4036 καὶ

2280 4080 2579 4149 εὑρήσομεν
2611 4077 2746 4147 μετὰ
2771 4077 2867 4146 τὴν
2905 4078 2962 4127 ἐν
3006 4077 3071 4144 τῇ
3109 4072 3350 4142 θαλάσσῃ
3390 4071 3556 4141 ζάλην
3595 4071 3824 4140 βαθεῖαν

2279 4165 2564 4239 γινομένην
2592 4167 2848 4236 γαλήνην.
2880 4166 2947 4218 '0
2965 4181 3092 4218 ποτε
3124 4164 3221 4234 μὲν
3263 4161 3570 4228 ὑπακούων,
3604 4161 3738 4214 ποτε
3762 4163 3826 4215 δὲ

2280 4261 2600 4333 παρακούων
2645 4259 2734 4313 τοῦ
2765 4257 2984 4327 πατρὸς,
3022 4255 3202 4323 ὅμοιός
3237 4255 3353 4306 ἐστι
3386 4253 3538 4325 ἀνδρὶ
3575 4252 3654 4323 τῷ
3685 4270 3823 4306 ποτε

2282 4358 2379 4426 μὲν
2415 4353 2740 4422 κολλούριον,
2771 4349 2895 4402 ποτὲ
2915 4348 2972 4400 δὲ
3004 4345 3259 4400 ἄσϐεστον
3287 4345 3364 4416 τῷ
3389 4343 3582 4398 ἑαυτοῦ
3612 4343 3823 4413 οφθαλ-

2285 4443 2371 4514 μῷ
2400 4444 2736 4514 προσάγοντι.
2771 4436 2875 4502 Εἷς
2917 4437 3043 4505 γὰρ,
3082 4434 3276 4505 φησὶν,
3324 4430 3668 4501 οἰκοδομῶν,
3718 4434 3822 4487 καὶ

601 4536 808 4591 'Iiausti
841 4539 859 4604 )
898 4539 1260 4592 miserandum
1289 4539 1342 4592 in
1394 4539 1613 4593 modum
1663 4539 1957 4607 perierunt.
2015 4539 2173 4594 Com-

2282 4533 2367 4601 εἷς
2390 4534 2718 4592 καταλύων,
2756 4531 2812 4581 τί
2839 4525 3169 4596 ὠφέλησεν,
3201 4525 3336 4578 ἀλλ’
3363 4523 3405 4590 ἢ
3439 4522 3699 4588 κόπους-ς
3725 4523 3822 4593 Μὴ

606 4629 852 4690 .moveri.
901 4629 1282 4690 intumescere,
1309 4631 1607 4696 perturbari
1638 4647 1785 4688 mare
1815 4646 2031 4688 necesse
2074 4643 2176 4697 est,

632 4719 728 4782 uti,
759 4728 878 4786 quae
907 4719 1154 4772 vitiorum
1185 4719 1400 4772 ﬂumina
1443 4733 1729 4784 sarmenta,
1799 4719 1999 4786 fenum,
2059 4737 2177 4777 sor-

629 4810 904 4877 desquein
937 4813 1062 4864 illud
1088 4812 1434 4873 devexerunt,
1475 4826 1565 4878 per
1599 4811 1710 4878 ipsa
1760 4826 1972 4865 rursum
2023 4813 2179 4881 quid-

630 4900 757 4970 quid
784 4900 913 4969 alga:
939 4909 1247 4967 corruptum
1292 4911 1396 4964 est,
1431 4917 1497 4955 ac
1545 4901 1816 4969 putridunt
1878 4901 1930 4953 in
1981 4910 2176 4956 terram

634 4990 925 5059 rejiciatur.
974 4988 1030 5043 Si
1084 4991 1440 5053 attendamus,
1499 4991 1797 5044 ridebimus
1841 4999 1960 5058 post
2011 4984 2176 5046 sazvas

633 5085 958 5155 tempestatis
987 5086 1245 5153 procellas
1291 5083 1480 5136 miram
1535 5086 1687 5150 sequi
1719 5070 2174 5153 tranquillitatem.

633 5171 735 5238 Qui
805 5173 1050 5242 religioso
1100 5174 1235 5240 patri
1285 5173 1429 5225 nunc
1473 5180 1643 5240 paret,
1685 5187 1828 5227 nunc
1872 5189 1978 5226 non
2007 5184 2174 5247 paret,

634 5262 853 5332 perinde
901 5264 1029 5318 facit
1084 5273 1242 5331 atque
1299 5265 1347 5318 is
1393 5266 1485 5334 qui
1541 5279 1684 5318 nunc
1711 5267 2013 5336 collyrium.
2039 5277 2182 5320 nunc

635 5355 833 5409 calcem
861 5357 1030 5409 oculis
1057 5356 1264 5425 injicit:
1307 5356 1450 5412 Unus
1475 5359 1607 5412 enim
1639 5359 1928 5427 a'diﬁcans,
1958 5367 2012 5412 ει
2048 5374 2180 5412 unus

637 5442 926 5508 destructis,
954 5444 1078 5512 quid
1097 5449 1308 5512 prodest
1338 5447 1464 5508 illis,
1492 5449 1591 5499 nisi
1644 5447 1793 5500 labor
1809 5445 1902 5501 ⁸³2
1936 5443 2074 5511 Noli,
2109 5445 2181 5500 mi

710 5615 760 5648 ⁸⁸
785 5617 948 5674 Eccli.
978 5634 1126 5687 utr,
1147 5620 1237 5675 28.

709 5801 786 5873 (ο)
814 5801 868 5857 Id
895 5809 976 5858 est
1002 5799 1410 5858 inobedicntiatn
1441 5811 1491 5858 et
1515 5760 1893 5883 arrogantiam.

2279 4627 2490 4689 ἀπατῶ,
2518 4618 2562 4674 ὧ
2588 4621 2670 4672 υἱὲ
2694 4621 2896 4672 ὑπάκοε
2915 4617 3138 4688 Κυρίου,
3165 4612 3433 4683 πνεύματι
3455 4615 3702 4682 οἰήσεως,
3726 4615 3824 4667 καὶ

2276 4717 2350 4778 ὡς
2373 4717 2431 4782 ἐξ
2456 4713 2638 4782 ἐτέρου
2663 4710 2820 4780 δῆθεν
2852 4709 3138 4779 προσώπου
3167 4704 3238 4757 τὰ
3265 4705 3333 4758 σὰ
3374 4703 3822 4775 πλημμελήματα

2276 4809 2352 4879 τῷ
2396 4803 2694 4872 διδασκάλῳ
2743 4799 3035 4868 ὰπάγγελε.
3067 4795 3141 4849 Οὐ
3181 4795 3287 4863 γάρ
3326 4796 3471 4848 ἐστιν
3525 4793 3683 4856 ἐκτὸς
3735 4793 3824 4844 αἰ-

2281 4899 2497 4970 σχύνης,
2532 4895 2785 4964 αἰσχύνης
2809 4889 3198 4958 ἀπαλλαγῆναι.
3228 4887 3436 4957 Γύμνου
3460 4884 3551 4936 σὺν
3575 4881 3823 4953 μώλωπα

2277 4991 2354 5060 τῷ
2390 4985 2586 5056 ἰατρῷ·
2612 4985 2752 5048 εἰπὲ,
2777 4983 2868 5034 καὶ
2898 4979 2970 5049 μὴ
3004 4978 3312 5048 αἰσχυνθῇς.
3366 4973 3523 5042 Ἐμὸν
3553 4973 3614 5025 τὸ
3648 4973 3824 5044 τραῦ-

2281 5101 2376 5154 μα,
2409 5082 2610 5152 πάτερ·
2642 5077 2748 5149 ἐμὴ
2779 5079 2812 5144 ἡ
2850 5073 3028 5142 πληγή
3053 5086 3068 5100 ·
3093 5071 3151 5136 ἐξ
3173 5067 3373 5128 οἰκείας
3411 5064 3702 5136 ῥᾳθυμίας,
3724 5066 3823 5118 καὶ
3877 5133 3880 5136 γ

2276 5179 2376 5230 οὐκ
2402 5177 2458 5241 ἐξ
2484 5175 2668 5244 ἐτέρου
2698 5165 3098 5240 προσγενομένη
3122 5179 3134 5194 ³
3175 5159 3344 5220 οὐδεὶς
3363 5159 3565 5226 ταύτης
3596 5156 3772 5221 αἴτιος
3801 5173 3819 5190 ο

2280 5267 2378 5320 οὑκ
2405 5255 2702 5334 ἄνθρωπος,
2737 5259 2796 5312 οὑ
2827 5257 3059 5326 πνεῦμα,
3091 5253 3153 5305 οὐ
3197 5250 3372 5318 σῶμα,
3402 5248 3464 5302 οὕ
3508 5264 3562 5299 τι
3603 5247 3818 5318 ἕτερον,

2279 5357 2391 5410 ἀλλ’
2421 5358 2454 5426 ἡ
2485 5354 2590 5424 ἐμὴ
2612 5351 2852 5421 ἀμέλεια.
2888 5349 3038 5400 Γινου
3074 5343 3165 5396 καὶ
3211 5341 3286 5412 τῷ
3315 5341 3443 5394 εἴδει
3477 5339 3573 5391 καὶ
3602 5337 3686 5408 τῷ
3733 5339 3822 5392 λο-

2279 5447 2459 5516 γισιιῶ
2479 5447 2551 5510 ὡς
2589 5441 2869 5504 καταδικος
2899 5439 2988 5492 ἐπὶ
3029 5437 3096 5506 τῇ
3140 5433 3515 5505 ἐξομολογήσει
3535 5446 3550 5460 ·
3602 5432 3685 5494 εἰς
3715 5431 3820 5500 γῆν

2349 5795 2422 5866 (b)
2453 5794 2648 5859 Δόλοις.
2676 5793 2748 5848 Ita
2780 5780 3185 5863 antiquissimus
3210 5763 3380 5842 codex
3410 5791 3466 5840 et
3485 5797 3630 5838 vere.
