4048 6338
541 344 642 407 715
683 353 701 417 ⁸,

1773 340 1830 396 ς.
1872 335 2182 397 ΙΟᾹΝΝῙΒ
2218 332 2521 392 (ἷιΙΪσῙΑίῗῐ

3647 331 3764 393 71υ

538 459 681 513 Cave
709 469 802 518 ,‘ne
861 469 1076 508 moroso
1125 465 1186 508 ει·
1229 455 1534 521 importuno
1587 451 1798 505 snlentio
1830 462 1923 505 tuo
1951 450 2086 504 alios

2219 464 2297 509 ος.
2353 446 2394 498 Ο
2423 444 2534 515 (71)
2569 443 2841 505 πεπεικὼς
2863 443 3048 496 ἑαυτὸν
3070 442 3382 515 λεληθότως,
3419 445 3494 515 μὴ
3522 445 3620 499 τοῦ
3643 463 3762 497 πα-

540 549 830 621 perturbes
844 559 897 602 et
929 560 1211 615 cxasperes
1247 545 1470 611 :jussus
1514 529 1834 607 accelerare,
1867 556 1996 595 cave
2022 556 2087 593 ne

540 641 774 709 segniter
820 648 874 692 et
901 637 1096 690 lentius
1135 636 1360 705 agendo,
1414 634 1497 688 vel
1548 632 1754 687 tardius
1789 631 2087 686 incedendo

541 729 830 792 cuncteris,
881 726 1082 795 alioqui
1128 725 1348 780 furiosis
1385 733 1437 779 et
1483 723 1802 778 turbulentis
1849 722 2086 776 deterior

541 820 669 874 eris.
705 817 824 872 Vidi
865 815 1152 888 ejusmodi,
1197 813 1650 885 quemadmodum
1678 811 1846 867 Jobus
1868 816 1944 872 ait
1981 812 2086 880 (a),

544 925 684 979 saepe
711 908 925 978 quidem
981 906 1230 963 simulata
1282 905 1494 957 morum
1526 902 1803 972 gravitate,
1851 901 2093 971 quando-

544 1016 647 1070 que
673 1014 800 1055 vero
821 999 1008 1053 dextra
1038 996 1270 1066 quadam
1303 994 1562 1048 facilitate
1590 1001 1775 1062 captos
1805 991 2086 1046 hominum

545 1093 774 1154 animus,
803 1099 856 1144 et
872 1089 1166 1142 demiratus
1211 1099 1332 1139 sum
1366 1089 1568 1137 tantam
1603 1083 1656 1135 in
1683 1082 1884 1136 malitia
1915 1081 2093 1135 varie-

543 1191 729 1236 tatem.
761 1177 866 1244 Qui
901 1178 1040 1230 inter
1089 1175 1320 1229 fratrum
1355 1181 1529 1229 cattus
1556 1183 1823 1237 versatur,
1848 1186 1954 1226 non
1978 1178 2094 1224 tan-

547 1279 659 1324 tum
673 1285 743 1323 ex.
761 1267 1086 1336 psalmorum
1109 1274 1290 1325 cantu,
1323 1271 1581 1331 quantum
1607 1275 1672 1316 ex
1697 1262 1944 1332 precibus
1972 1276 2095 1329 pro~

547 1360 696 1414 ficit:
734 1357 1097 1411 vocumenim
1149 1353 1396 1409 confusio
1441 1353 1774 1422 psalmorum
1815 1351 2099 1408 confundit

547 1450 894 1514 intellectum.
945 1447 1211 1513 Quantum
1256 1454 1407 1514 potes
1450 1444 1566 1499 sine
1618 1445 1917 1498 cessatione
1969 1458 2100 1498 con-

553 1535 710 1591 tende
757 1537 958 1598 animo,
994 1546 1051 1588 ut
1098 1541 1332 1588 mentem
1365 1532 1735 1602 vagabundam
1770 1544 2020 1586 coerceas
2045 1540 2100 1584 et

548 1629 612 1681 ad
639 1641 696 1680 se
721 1627 1023 1696 recolligas.
1057 1625 1167 1695 78
1193 1624 1456 1677 Caeterum
1493 1622 1636 1676 Deus
1698 1622 1766 1675 ab
1819 1622 2101 1690 discipulis

549 1718 864 1771 obedientiae
917 1730 1024 1769 non
1085 1727 1190 1769 tam
1245 1724 1473 1768 attentas
1530 1713 1669 1767 etab
1702 1714 1849 1767 omni
1878 1729 2098 1768 exerra-

2194 537 2489 604 λαίσματος
2523 535 2818 604 ἀναχωρεῖν
2848 533 3004 604 ἄχρις
3051 534 3281 605 ὑστάτης
3309 535 3619 603 ἀναπνοῆς,
3655 538 3762 588 καὶ

2191 628 2304 698 (72)
2334 627 2518 698 χιλίων
2548 626 2811 688 θανάτων,
2860 626 2954 678 καὶ
3001 625 3266 694 σώματος,
3313 627 3403 679 καὶ
3444 627 3623 696 ψυχῆς
3672 630 3760 698 μὴ

2191 719 2512 789 ὑποχωρεῖν,
2537 717 2595 770 ὲν
2619 717 2790 770 οὐδενὶ¹
2825 717 3019 789 ῥᾳδίως
3047 719 3156 771 τῶν
3185 719 3436 774 τοιούτων
3477 723 3753 775 πεσεῖται·

2192 809 2301 878 (⁷⁵)
2331 808 2624 878 δισταγμδς
2645 809 2751 880 γὰρ
2770 809 3014 879 καρδίας.
3043 811 3138 864 καὶ
3167 811 3389 864 ἀπιστία
3413 811 3616 876 τόπων,
3651 813 3763 874 τὰς

2193 900 2480 970 προκόψεις
2516 901 2602 952 ἀεὶ
2645 900 2740 954 καὶ
2773 900 2873 963 τάς
2914 901 3196 972 συμφορὰς
3256 906 3426 956 ποιεῖν
3487 903 3756 971 πέφυκεν.

2193 992 2256 1044 Οί
2297 992 2539 1063 εὐχερεῖς
2578 992 2715 1062 πρὸς
2750 991 3044 1062 μετάϐασιν
3088 995 3261 1062 πάντη
3296 995 3560 1063 ἀδόκιμοι·
3593 994 3759 1047 οὐδὲν

2194 1083 2300 1153 γὰρ
2325 1083 2498 1146 οὑτως
2529 1083 2626 1155 τὴν
2656 1083 2951 1154 ἀκαρπίαν,
2979 1085 3055 1146 ώς
3081 1086 3485 1156 ἀνυπομονησία
3510 1087 3749 1156 ἐργάξε-

2193 1190 2303 1228 ται.
2357 1175 2420 1226 Εἰ
2466 1174 2564 1243 μὲν
2606 1176 2664 1226 ὲν
2709 1174 2819 1244 (74)
2863 1173 3123 1244 ἀγνώστῳ
3185 1176 3350 1247 ίατρῷ
3393 1177 3488 1229 καὶ
3532 1178 3764 1246 ἰατρείῳ

2197 1265 2565 1334 κατήντησας,
2610 1264 2758 1331 γίνου
2803 1264 2877 1328 ὼς
2918 1264 3151 1335 παριὼν,
3184 1265 3278 1318 καὶ
3315 1266 3611 1336 λεληθότως
3655 1268 3765 1337 τὴν

2198 1354 2452 1407 ἀπάντων
2479 1357 2671 1424 πεῖραν
2701 1353 2808 1407 τῶν
2834 1355 3018 1408 αὐτόθι
3041 1355 3348 1425 λαμϐάνων.
3386 1357 3552 1409 Ἐπάν
3573 1357 3630 1409 δὲ
3660 1357 3765 1409 καὶ

2199 1444 2264 1496 ὲκ
2285 1443 2390 1495 τῶν
2419 1445 2674 1512 τεχνιτῶν
2703 1440 2795 1497 καὶ
2818 1443 3105 1516 ὑπουργῶν
3130 1445 3391 1514 ὠφελείας
3410 1449 3468 1500 ὲν
3490 1448 3609 1510 ταῖς
3634 1448 3764 1510 σαῖς

2199 1533 2374 1594 νόσοις
2402 1531 2652 1604 αἰσθάνῃ,
2679 1535 2772 1585 καὶ
2807 1532 3037 1602 μάλιστα
3072 1535 3130 1585 ὲν
3151 1535 3218 1603 τῇ
3254 1531 3485 1600 όγκώσει
3515 1531 3617 1601 τῆς
3649 1532 3764 1600 ψυ-

2202 1623 2302 1693 χῆς
2350 1624 2410 1676 τὸ
2457 1623 2803 1693 ζητούμενον,
2845 1623 2963 1676 τότε
3003 1625 3099 1677 καὶ
3129 1622 3389 1694 πρόσελθε
3418 1623 3621 1687 λοιπὸν,
3666 1625 3766 1676 καὶ

2203 1714 2513 1783 πιπράσκου
2539 1713 2742 1784 χρυσίῳ
2761 1713 3154 1779 ταπεινώσεως,
3176 1715 3270 1767 καὶ
3291 1713 3462 1784 χάρτῃ
3487 1713 3763 1782 ὑπακοῆς,

548 1807 693 1860 tione
731 1807 1028 1860 abstractas
1058 1821 1243 1874 preces
1297 1803 1548 1873 reposcit.
1596 1802 1829 1858 Proinde
1878 1818 1986 1858 non
2018 1813 2099 1858 est

2214 1806 2295 1857 καὶ
2316 1782 2610 1874 γράμμασι
2639 1782 2930 1868 διακονίας,
2957 1806 3050 1859 καὶ
3083 1782 3345 1877 μάρτυσιν
3383 1782 3635 1873 ἀχγέλοις
3679 1804 3765 1858 διε

551 1899 689 1965 quod
720 1900 991 1966 desperes,
1015 1912 1136 1951 cum
1162 1894 1253 1950 tibi
1279 1911 1430 1948 mens
1460 1894 1587 1962 alio,
1617 1896 1771 1963 quasi
1801 1894 1942 1949 furto
1965 1895 2096 1949 sub-

549 1989 795 2053 ducitur;
826 1987 918 2041 sed
960 1987 1098 2041 habe
1121 1987 1323 2040 bonum
1358 1985 1617 2048 animum,
1649 1985 1921 2053 dispersas
1948 1985 2101 2039 iden-

552 2077 714 2131 tidem
743 2079 1090 2146 cogitationes
1149 2075 1214 2129 ad
1241 2084 1473 2128 mentem
1498 2075 1816 2129 revocando.
1869 2075 1980 2130 Soli
2005 2091 2100 2128 an-

551 2168 650 2238 geli
679 2183 891 2237 semper
920 2167 1022 2221 sibi
1045 2174 1336 2236 praesentes
1371 2173 1517 2219 sunt.
1547 2163 1651 2229 Qui
1684 2164 1824 2234 apud
1857 2165 2099 2220 animum

552 2273 709 2312 suum
749 2258 1020 2312 decretum
1065 2257 1242 2317 habet,
1276 2270 1334 2309 se
1375 2269 1549 2323 usque
1573 2254 1639 2307 ad
1673 2262 1970 2309 extremum
1999 2256 2104 2324 spi-

2202 1877 2488 1966 αρρήστων
2517 1895 2610 1948 ἐπὶ
2642 1895 2841 1948 τούτων
2869 1895 3155 1967 διάρρηξον
3184 1896 3274 1948 τὸν
3314 1895 3408 1948 τοῦ
3439 1896 3640 1948 οἰκείου
3670 1894 3766 1946 θε-

2206 1984 2444 2056 λήματος
2476 1987 2701 2057 χάρτην·
2739 1986 2965 2058 περιιὼν
2990 1987 3097 2057 γὰρ
3127 1973 3450 2058 ἀνατρέπειν
3489 1987 3587 2057 τὴν
3616 1987 3767 2056 ὠνὴν

2207 2076 2474 2145 πέφυκας,
2610 2095 2668 2130 σε
2705 2077 2885 2130 λοιπὸν
2920 2077 3150 2148 Χριστὸς
3193 2076 3514 2148 ἐξωνήσατο.
3555 2074 3766 2146 Μνῆμᾶ

2209 2183 2290 2220 σοι
2323 2169 2426 2238 πρὸ
2456 2171 2730 2238 μνήματος
2759 2171 2786 2222 ὁ
2808 2169 2968 2231 τόπος
2988 2168 3144 2221 ἔστω.
3169 2168 3350 2230 Οὐδεὶς
3372 2168 3478 2238 γὰρ
3503 2167 3608 2220 ἀπὸ
3632 2168 3764 2236 μνή-

2213 2275 2378 2330 ματος
2408 2259 2686 2330 ἐξέρχεται
2717 2261 2843 2331 ἄχρι
2879 2261 2979 2329 τῆς
3010 2260 3192 2329 κοινῆς
3227 2260 3597 2322 ἀναστάσεως·
3621 2260 3671 2311 εί
3702 2257 3766 2312 δὲ

554 2349 713 2400 ritum
732 2350 849 2418 (pro
876 2347 1046 2402 salute
1061 2347 1180 2415 sua)
1205 2347 1624 2414 decertaturum,
1652 2345 1882 2425 etqmille
1906 2356 2105 2401 mortes

2214 2353 2471 2416 xai‘ttve;
2504 2353 2746 2424 ἐξῆλθον,
2783 2356 2883 2423 ὅρα
2929 2355 3010 2406 ὃτι
3043 2353 3152 2420 (76)
3186 2351 3450 2406 ἀπέθανον
3476 2371 3488 2383 ⁸
3522 2355 3658 2422 ὅπερ
3686 2351 3768 2421 μὴ

561 2452 686 2490 cum
724 2438 968 2506 corporis
1031 2445 1145 2489 tum
1199 2434 1366 2488 animi
1445 2449 1551 2488 non
1606 2432 2107 2502 subterfugiturnm,

2214 2443 2402 2495 παθεῖν
2432 2444 2600 2512 ἡμᾶς,
2632 2442 2722 2495 τὸν
2749 2441 2950 2511 Κύριον
2976 2441 3398 2510 δυσωπήσωμεν.

559 2545 669 2586 non
693 2531 850 2585 facile
882 2531 934 2583 in
961 2530 1178 2599 aliquod
1221 2545 1284 2582 ex
1347 2529 1880 2598 memoratissupra.
1927 2528 2135 2587 delictis
2181 2535 2438 2590 incurret.
2497 2535 2671 2589 Animi
2735 2535 3090 2590 inconstantia
3132 2543 3186 2590 et
3231 2535 3471 2590 locorum
3530 2533 3762 2586 mutatio

559 2617 1110 2687 scmperejuscemodi
1163 2615 1486 2670 offensiones
1508 2625 1715 2679 creant,
1747 2626 1798 2670 et
1827 2618 2182 2676 calamitates.
2216 2624 2316 2690 Qui
2340 2641 2406 2679 ex
2453 2625 2570 2679 loco
2622 2626 2672 2678 in
2739 2624 2930 2688 locum,
2978 2639 3010 2679 e
3059 2625 3306 2680 cmnobio
3341 2624 3396 2678 in
3451 2625 3764 2678 coenobium

558 2710 716 2776 facile
743 2709 1066 2778 demigrant,
1106 2719 1273 2775 prope
1324 2705 1552 2760 infames
1581 2706 1734 2760 fiunt.
1773 2705 1917 2760 Nihil
1954 2709 2096 2762 enim
2140 2711 2273 2766 adeo
2324 2715 2461 2783 parit
2508 2715 2728 2784 spiritus
2782 2704 3150 2779 sterilitatem,
3197 2730 3356 2784 quam
3419 2715 3759 2784 impatientia

563 2805 640 2876 (in
686 2800 871 2854 eodem
922 2799 1121 2868 ~nempe
1184 2798 1304 2852 loco
1354 2796 1742 2867 subsistendi).
1793 2796 2020 2862 Quando
2057 2801 2123 2855 ad
2161 2804 2396 2874 ignotum
2454 2808 2548 2861 tibi
2613 2805 3132 2876 pharmacopolium,
3177 2806 3526 2875 ignotumque
3595 2806 3767 2859 medi-

562 2907 684 2948 cum
718 2892 988 2957 incidisti,
1028 2899 1282 2960 tanquam
1334 2891 1688 2947 transiturum
1733 2893 1951 2961 hospes,
2019 2897 2255 2952 omnium
2306 2914 2484 2954 mores
2533 2900 2622 2967 qni
2669 2899 2743 2952 ibi
2790 2905 3097 2961 versantur,
3154 2898 3395 2967 explora.
3464 2896 3568 2950 Ubi
3627 2900 3757 2947 vero

563 3002 627 3040 ex
659 2987 955 3041 artificibus
987 2995 1042 3038 et
1077 2984 1340 3058 ministris
1379 2998 1476 3053 pro
1520 2984 1723 3040 morbis
1772 2985 1882 3042 tuis
1949 2987 2132 3044 utilem
2181 2991 2499 3046 medicinam
2567 2993 2911 3061 persentiscis
2979 2989 3398 3064 [persetiseris],
3454 2991 3757 3058 praesertim

566 3091 726 3146 quam
770 3075 1052 3145 quaerebas
1095 3074 1355 3129 adversus
1405 3074 1571 3128 animi
1641 3075 1926 3131 elationem
1963 3087 2018 3132 et
2063 3079 2311 3146 fastum;
2369 3091 2480 3136 tum
2539 3095 2662 3136 vero
2713 3083 2928 3145 accede,
2996 3090 3051 3135 et
3111 3095 3245 3134 ’.πο
3296 3080 3641 3134 demissionis
3707 3085 3765 3130 et

567 3173 924 3242 chirographo
955 3170 1284 3228 obedientiae
1302 3179 1356 3224 et
1413 3170 1608 3225 tabulis
1661 3171 1966 3235 ministerii,
2021 3185 2076 3229 et
2113 3176 2315 3245 angelis
2343 3176 2567 3230 testibus
2597 3175 2765 3229 vende
2791 3176 3039 3244 teipsum,
3081 3184 3137 3228 et
3167 3175 3583 3228 instrumentum
3628 3187 3756 3242 pro-

567 3263 670 3332 prii
700 3262 907 3315 arbitrii
953 3271 1005 3316 et
1035 3261 1327 3318 voluntatis
1355 3275 1453 3328 pro
1478 3260 1563 3314 his
1587 3262 1762 3325 lacera
1784 3271 1838 3316 et
1861 3278 2144 3334 concerpe.
2196 3263 2684 3319 Circumcursa-ndo
2731 3276 2860 3319 vero
2923 3272 2977 3317 et
3054 3277 3320 3333 nusquam
3395 3261 3764 3326 subsistendo,

570 3352 802 3422 pretium
831 3366 938 3419 quo
970 3344 1298 3405 te-Christt'is
1343 3350 1588 3433 redemit,
1622 3345 1923 3431 perdidisti.
1950 3352 2260 3408 Claustrum
2309 3355 2543 3410 emnobii
2598 3355 2669 3409 sit
2695 3368 2789 3422 pro
2827 3339 3184 3429 monumento
3241 3352 3496 3420 sepulcri,
3549 3366 3616 3405 ex
3646 3367 3754 3420 quo

572 3458 732 3498 nemo
756 3451 880 3496 ante
915 3438 1212 3496 extremum
1256 3441 1522 3508 judicium
1579 3434 1937 3511 progreditur.
1985 3443 2136 3508 Quod
2171 3448 2216 3500 si
2280 3448 2373 3517 qui
2399 3448 2602 3516 egressi
2637 3456 2782 3512 sunt,
2825 3437 2947 3501 illos
2993 3446 3219 3517 periisse
3282 3458 3628 3514 recognosce.
3656 3444 3766 3513 79

576 3537 729 3604 Quod
765 3544 824 3591 ut
869 3535 1025 3589 nobis
1073 3547 1180 3587 non
1233 3548 1337 3587 usu
1376 3533 1594 3598 veniat,
1623 3533 1885 3590 Dominus
1907 3538 2215 3595 exorandus
2243 3549 2342 3595 est.
2871 3586 2874 3588 .
3421 3559 3430 3572 ~
3745 3541 3754 3546 “

647 3628 824 3699 lgnavi
857 3626 1092 3696 religiosi
1142 3625 1234 3680 ubi
1284 3624 1385 3681 sibi
1433 3624 1562 3694 quid
1606 3625 1822 3694 gravius
1867 3626 2112 3696 imperari

2241 3657 2246 3660 -
2293 3629 2420 3682 Ὅτε
2453 3629 2550 3698 μὲν
2580 3627 2690 3697 (77)
2724 3627 2996 3681 αῖσθονται
3026 3627 3197 3699 βαρέα
3232 3627 3300 3681 τὰ
3321 3627 3661 3697 ἐπιτάγματα
3686 3624 3768 3680 εἷ-

577 3720 833 3783 sentiunt,
864 3726 1162 3787 praetexunt
1188 3725 1317 3772 tunc
1353 3715 1455 3772 sibi
1495 3705 1821 3786 precandum
1855 3733 1991 3773 esse.
2027 3716 2112 3772 Ubi

2226 3738 2310 3775 ναι
2334 3725 2384 3772 oi
2408 3720 2769 3791 ὀκνηρότεροι,
2799 3719 2917 3772 τότε
2941 3713 3036 3788 τὴν
3066 3719 3368 3800 προσευχῂν
3399 3719 3597 3788 μᾶλλον
3638 3737 3768 3790 προ-

580 3815 796 3876 leviora,
836 3821 949 3865 tum
979 3811 1047 3864 ab
1077 3808 1257 3864 studio
1301 3806 1551 3876 precandi
1581 3807 1724 3862 velut
1765 3808 1834 3862 ab
1879 3808 2112 3863 incendit

2226 3812 2427 3883 κρίνειν
2453 3809 2813 3880 ἐπιχειροῦσιν
2833 3823 2848 3840 ·
2875 3809 2964 3862 ὅτε
3005 3809 3062 3861 δὲ
3108 3809 3427 3879 κουφότερα,
3460 3811 3525 3862 ὲκ
3567 3810 3767 3879 ταύτης

582 3901 871 3972 refugiunt.
905 3899 1001 3954 Est
1036 3898 1129 3967 qui
1166 3905 1475 3966 susceptum
1506 3896 1792 3951 ministerii
1832 3913 2029 3953 munus
2073 3898 2112 3952 ir

2225 3903 2301 3965 ὠς
2348 3900 2454 3954 ἀπὸ
2498 3900 2666 3971 πυρὸς
2694 3883 3111 3968 ἀποφεὺγουσιν.
3166 3899 3352 3954 Ἔστιν
3404 3903 3433 3954 ό
3467 3901 3768 3971 ἐγχείρημα

586 3991 804 4044 alterius
832 3990 1058 4060 gratiam
1095 3995 1314 4057 rogatus
1351 3985 1602 4049 dimittit;
1644 3996 1728 4044 est
1761 3988 1853 4056 qui
1880 3989 2018 4042 idem
2050 3987 2112 4042 fa-

2231 3990 2618 4061 μετερχόμενος
2659 3988 2946 4054 διακονίας,
2979 3989 3070 4041 καὶ
3102 3989 3235 4060 πρὸς
3277 3990 3574 4044 ἀνάπαυσιν
3610 3989 3766 4041 ἀλλον

586 4081 658 4133 cit
685 4094 750 4134 ex
777 4080 1001 4144 inertia;
1041 4087 1124 4132 est
1157 4071 1248 4146 qui
1276 4091 1428 4129 vanae
1451 4075 1688 4144 gloriola:
1715 4079 1990 4144 captanda:
2017 4088 2135 4131 stuu

587 4171 678 4223 dio
709 4169 959 4235 dimittit;
993 4179 1074 4223 est
1103 4170 1194 4238 qui
1224 4167 1364 4222 ultro
1399 4174 1590 4235 sponte
1636 4166 1800 4220 animi
1847 4167 1989 4221 cedit
2014 4167 2131 4220 olli-

589 4263 694 4314 cio.
754 4259 907 4324 Quod
953 4262 998 4314 si
1057 4263 1110 4314 in
1161 4260 1392 4329 aliquem
1445 4256 1756 4326 religiosum
1811 4266 2131 4312 conventum

589 4350 840 4417 abreptus
865 4362 945 4410 es,
971 4356 1023 4402 et
1049 4347 1426 4403 animadvertis
1448 4347 1597 4401 illum
1621 4346 1915 4401 luminibus
1943 4346 2136 4401 animae

590 4451 697 4494 tua:
729 4437 956 4500 ollicere,
989 4452 1054 4490 ne
1090 4438 1272 4511 dubita
1305 4441 1373 4494 ab
1402 4441 1495 4494 illo
1523 4449 1575 4495 te
1599 4439 1882 4508 sejungere
1909 4457 1922 4492 :
1949 4453 2138 4510 quam—

591 4530 672 4583 vis
697 4526 897 4596 probus
926 4525 1122 4592 ubique
1149 4527 1349 4592 probus
1375 4535 1458 4580 est
1483 4542 1498 4579 :
1537 4527 1614 4582 uti
1646 4537 1833 4583 contra
1859 4527 2136 4596 improbus

593 4631 860 4687 nusquam
891 4613 1111 4683 probus.
1159 4613 1454 4670 Calumniaa
1481 4618 1534 4671 in
1587 4619 1748 4674 rebus
1780 4608 2011 4688 publicis
2055 4633 2139 4673 se-

593 4709 866 4762 cessiones
899 4703 1137 4772 pariunt.
1174 4699 1230 4754 In
1274 4702 1533 4771 religione
1571 4705 1692 4770 gula
1722 4705 1970 4760 virtutem
2023 4718 2139 4783 om:

593 4815 712 4851 nem
757 4795 1020 4866 proﬂigat,
1051 4801 1104 4847 et
1140 4790 1806 4862 religioniscontemptnm
1853 4795 2026 4850 affert.
2083 4792 2139 4846 Si

2229 4081 2456 4150 ἀδελφοῦ
2507 4080 2749 4150 αἰτηθεὶς
2784 4079 2972 4133 τοῦτο
3000 4080 3415 4151 καταλιμπάνων
3463 4078 3595 4133 αὑτό
3615 4094 3629 4107 ·
3676 4077 3770 4129 καὶ

2231 4173 2376 4226 ἔστιν
2407 4174 2436 4225 ό
2462 4173 2520 4238 ἐξ
2552 4171 2806 4242 ὀκνηρίας
2837 4171 3001 4246 τοῦτο,
3021 4172 3433 4243 καταλιμπάνων
3451 4187 3466 4200 ·
3499 4170 3594 4222 καὶ
3628 4168 3769 4246 ἔστιν

2233 4269 2328 4321 καὶ¹
2361 4250 2568 4329 αὖθιςό
2598 4266 2662 4318 ὲκ
2689 4245 2988 4328 κενοδοξίας
3013 4261 3168 4342 τοῦτο
3204 4256 3624 4326 καταλιμπάνων
3641 4269 3656 4283 ·
3681 4254 3771 4306 atad.

2219 4355 2376 4410 ’ἔστιν
2399 4360 2425 4410 ὁ
2468 4358 2530 4409 ὲκ
2567 4353 2893 4428 προθυμίας.
2932 4355 2993 4407 Εἰ
3025 4350 3372 4421 συνηρπάγης
3403 4347 3461 4398 ἐν
3504 4346 3624 4405 ταῖς
3650 4359 3772 4395 συν-

2235 4448 2446 4518 θήκαις,
2501 4449 2593 4500 καὶ
2622 4447 2928 4517 ἀπρόκοπον
2974 4444 3103 4514 ὁρᾷς
3145 4441 3207 4491 τὸ
3247 4436 3346 4505 τῆς
3377 4433 3550 4503 ψυχῆς
3589 4432 3770 4502 ὄμμα.

2238 4539 2312 4606 μὴ
2339 4539 2645 4608 παραιτήσῃ
2675 4537 2772 4607 τὴν
2797 4532 3054 4597 διάταξιν.
3097 4528 3239 4597 Πλὴν
3275 4527 3304 4578 ὁ
3335 4524 3551 4592 δόκιμος
3577 4539 3773 4575 mna.

2237 4629 2329 4698 χοῦ
2352 4629 2564 4698 δόκιμος
2581 4643 2594 4657 ·
2635 4627 2818 4696 ὥσπερ
2847 4625 2942 4677 κα)⁵
2963 4623 3025 4676 τὸ
3056 4619 3304 4690 ἔμπαλιν.
3331 4613 3594 4684 Δοιδορίαι
3639 4616 3773 4667 κατά

2237 4719 2435 4789 κόσμον
2461 4718 2682 4780 πολλοὺς
2706 4714 3010 4785 χωρισμοὺς
3029 4709 3414 4780 πεποιήκασιν*
3445 4721 3774 4774 γαστριμαρ-

2239 4810 2352 4877 γίαι
2397 4808 2452 4861 δὲ
2489 4810 2546 4862 ὲν
2589 4806 2852 4867 συνοδίαις
2896 4802 3072 4856 πάντα
3122 4799 3191 4853 τά
3238 4795 3503 4865 πτώματα
3553 4795 3648 4848 καὶ
3682 4795 3770 4858 τὰς

596 4887 735 4939 hanc
769 4887 1022 4939 vitiorum
1064 4881 1303 4949 reginam
1337 4879 1620 4951 deviceris,
1656 4883 1852 4953 ubique
1897 4884 2112 4938 locorum

2214 4962 2218 4969 λ
2244 4898 2526 4969 ἀθετήσεις
2558 4897 2892 4968 ἐργάζονται.
2936 4880 3061 4944 Ἐἀν
3093 4890 3190 4959 τῆς
3227 4886 3509 4954 δεσποίνης
3545 4884 3654 4955 (80)
3681 4885 3772 4956 ἀρ-

601 4976 883 5043 tranquilla
911 4975 1076 5029 animi
1105 4947 1236 5042 pace
1271 4947 1548 5038 perfruere
1578 4992 1593 5023 ;
1627 4972 1695 5029 ab
1738 4947 1923 5029 eadem
1950 4974 2112 5028 victus

2214 4962 2219 4990 ’
2382 4947 2614 5043 vero:
2630 4947 2869 5052 καθισμα
2900 4947 3215 5051 προξενήσει
3245 4947 3507 5031 ἀπάθειαν
3526 4947 3772 5056 {suam

601 5065 668 5118 ad
703 5076 928 5118 mortem
979 5078 1148 5132 usque
1179 5073 1390 5128 semper
1440 5059 1507 5112 de
1540 5059 1712 5116 salute
1756 5062 2144 5131 periclitabere.

2243 5052 2602 5151 δέ’ἀ-ρχοὺσης,
2635 5075 2788 5136 ὲκτὺς
2821 5075 3092 5143 μνήματος
3119 5064 3388 5137 πανταχοῦ
3407 5052 3772 5130 κινδυνεύσεις.

602 5153 860 5210 Dominus
887 5152 1298 5220 obsequentium
1345 5147 1531 5202 oculos
1557 5151 1765 5204 exacuit
1811 5152 1879 5207 ad
1921 5153 2112 5207 virtute

2244 5147 2445 5240 Κύριος
2605 5165 2755 5232 σοφοῖ
2781 5162 3006 5229 τυφλοὺς
3027 5159 3153 5220 τοὺς
3183 5155 3292 5209 τῶν
3320 5155 3773 5233 ὑπηκόων-ὀφθαλυ

602 5242 837 5314 religiosi
871 5242 1111 5310 praesidis
1144 5239 1602 5310 contemplandas,
1629 5247 1682 5292 et
1709 5241 1774 5294 ad
1798 5245 2036 5312 ejusdem
2066 5243 2144 5298 vi-

2247 5262 2378 5329 μοὺς
2418 5262 2476 5313 ἐν
2521 5260 2640 5320 ταῖς
2683 5253 2776 5307 τοῦ
2818 5251 3135 5305 διδασκάλου
3186 5245 3425 5317 ἀρεταῖς,
3463 5249 3520 5300 ὲν
3568 5249 3626 5302 δὲ
3669 5250 3775 5309 ταῖς

603 5338 676 5389 tia
705 5325 970 5388 cernenda
1014 5327 1262 5384 eccaecat.
1295 5331 1476 5386 Hostis
1507 5337 1683 5382 autem
1710 5318 1941 5399 virtutis,
1965 5333 2112 5396 omni

2245 5318 2510 5420 ξλλείψεσι
2547 5318 2658 5418 (8f)
2699 5346 2912 5396 σκοτοίο
2953 5343 2984 5394 ὁ
3023 5341 3078 5394 δὲ
3124 5338 3407 5409 μισόκαλος
3462 5339 3776 5392 τούναντίον.
3833 5322 3836 5325 ’

605 5441 792 5487 contra
849 5429 1093 5482 factitare
1143 5428 1440 5481 consuevit.
1498 5424 1692 5480 Forma
1735 5428 1979 5494 perfecta:
2015 5432 2142 5486 obe-

607 5533 816 5588 dientiaa
848 5534 918 5587 sit
947 5531 1120 5595 nobis,
1154 5531 1333 5590 amici,
1361 5538 1638 5599 argentum
1664 5526 1842 5581 vivum
1873 5549 1886 5582 :
1920 5548 2144 5601 quomo-

2250 5441 2428 5504 Τύπος
2459 5441 2606 5510 ἡμῖν,
2632 5431 2677 5489 ὦ
2702 5428 2864 5499 οὗτοι,
2889 5433 3112 5503 ἀρίστης
3142 5429 3411 5500 ὑποταγῆς
3446 5431 3475 5483 ὁ
3507 5429 3780 5498 λεγόμενος
3800 5424 3816 5432 ’

2251 5529 2488 5599 ὑδρώδης
2519 5526 2752 5594 ἄργυρος
2779 5521 2914 5574 ἔστω
2934 5536 2948 5552 '
2983 5517 3230 5574 ὑποκάτω
3257 5519 3363 5588 γὰρ
3386 5517 3785 5588 κυλινδούμενος

681 5709 753 5778 (α)
787 5708 861 5761 Ad
900 5721 1056 5774 quem
1115 5703 1198 5759 hic
1248 5703 1416 5758 locum
1469 5701 1587 5758 Jobi
1638 5703 1836 5759 alludat
1893 5703 2126 5758 nonduin
2161 5701 2414 5774 comperi.
2447 5697 2574 5753 Vide
2607 5697 2828 5754 scholia.
