4048 6338
154 445 251 504 “ili

1139 437 1394 511 'SCALA
1419 451 1793 511 PARADISI.
1824 477 1891 486 -
1919 454 2220 514 GRADUS
2248 457 2340 515 1v.

3251 453 3348 520 718

155 555 392 615 πάντων,
423 557 628 618 παντὸς
665 560 1000 629 ρυπουμένου
1036 559 1185 629 μένει
1233 563 1601 633 ἀνεπίμικτος.
1648 565 1700 616 0i

1813 560 2096 639 docunque
2120 566 2262 619 enim
2293 565 2551 628 volvatur,
2581 565 2824 635 infraque.
2854 566 3030 619 omnia
3057 574 3349 635 mergaturJ

153 643 423 696 σπουδαῖοι
453 647 656 714 μᾶλλον
687 650 894 712 ἑαυτοῖς
932 652 1363 721 προσεχέτωσαν,
1388 655 1474 707 ἵνα
1507 653 1581 723 μὴ
1621 652 1707 705 διὰ

151 731 241 784 τοῦ
268 736 479 803 κρίνειν
512 740 639 801 τοὺς
668 739 961 810 ῥᾳθύμους,
990 744 1211 796 ἐκείνων
1237 743 1705 813 πλεῖονοκατακρι-

116 821 332 876 θῶσιν.
384 826 485 879 Διά
526 828 702 893 τοῦτο,
757 826 929 899 οἶμαι,
974 834 1003 885 ό
1047 834 1169 887 Λὼτ
1214 833 1571 899 δεδικαίωται,
1625 836 1705 887 ὃτι
1734 823 1746 832 ’

124 914 313 1007 ,μέσος
348 916 610 989 ὑπάρχων
655 921 930 989 τοιούτων,
963 925 1072 978 οὐδ’
1112 927 1247 989 ὅλως
1290 927 1460 997 ἐφάνη
1488 929 1705 992 τούτους

151 1007 494 1075 κατακρίνων
542 1010 691 1065 ποτέ.
746 1012 977 1066 Πάντοτε
1013 1017 1111 1085 μὲν
1134 1056 1148 1078 ,
1198 1018 1293 1069 ἐπὶ
1334 1017 1513 1071 πλεῖον
1545 1020 1601 1073 δὲ
1647 1022 1705 1073 ὲν

148 1099 263 1160 ταῖς
312 1098 628 1169 ὑμνῳδίαις,
664 1101 725 1154 τὸ
770 1104 989 1174 ἡσύχιον
1031 1109 1126 1160 καὶ
1162 1108 1428 1178 ἀτάραχον
1455 1112 1705 1179 τηρήσω-

153 1198 246 1249 μεν
266 1200 281 1214 ·
312 1189 515 1249 σκοπὸς
542 1188 651 1255 γὰρ
668 1191 779 1253 τοῖς
805 1191 1018 1263 δαίμοσι
1046 1196 1133 1248 διά
1155 1197 1403 1267 ταραχῶν
1424 1198 1520 1268 τὴν
1540 1216 1705 1270 προσ-

148 1276 308 1363 ευχὴν
355 1278 636 1343 ἀφανίζειν
663 1281 800 1353 (82).
852 1287 1121 1342 Διακονῶν
1167 1291 1304 1356 ἐστι,
1356 1291 1564 1356 σώματι
1605 1294 1704 1363 μὲν

150 1361 458 1432 ἀνθρώποις
479 1368 785 1438 παρεστὼς,
809 1372 887 1425 vo?
914 1374 970 1428 δὲ
997 1376 1054 1428 ἐν
1085 1377 1329 1447 οὐρανοῖς
1357 1379 1445 1432 διά
1476 1361 1704 1450 προσευ-

150 1452 243 1522 χῆς
271 1456 505 1524 κρούων.
542 1460 607 1513 At
640 1461 741 1529 μὲν
774 1463 960 1534 ὕϐρεις
986 1468 1078 1519 καὶ
1101 1467 1489 1536 ὲξουδενώσεις,
1520 1474 1612 1526 καὶ
1638 1474 1705 1527 τὰ

147 1538 369 1594 τοιαῦτα
397 1545 456 1595 ἐν
480 1547 547 1616 τῇ
577 1546 720 1619 ψυχῇ
750 1551 845 1603 τοῦ
881 1553 1116 1623 ὑπηκόου
1144 1556 1388 1625 ἀψινθίου
1420 1561 1704 1631 πικρότητι

149 1633 602 1699 παρεικάζονταιο
649 1642 697 1691 οἱ
745 1640 801 1693 δὲ
835 1638 1073 1715 ἔπαινοι,
1105 1647 1259 1716 τιμαί
1301 1666 1361 1701 τε
1396 1652 1487 1703 καὶ
1535 1654 1704 1722 εὐφη-

152 1722 263 1789 μίαι
296 1724 514 1793 μέλιτος
548 1727 718 1796 δίκηνο
740 1730 799 1781 ἐν
842 1732 951 1794 τοῖς
982 1734 1307 1802 ἠδυπαθέσιν
1341 1738 1573 1810 ήδύτητα
1603 1743 1706 1795 πᾶ-

150 1828 244 1865 σαν
263 1814 642 1871 ἀποτίκτουσι.
674 1821 1142 1894 Προσκοπήσωμεν
1160 1828 1339 1881 τοίνυν
1358 1831 1472 1894 πῶς
1491 1834 1524 1903 ή
1550 1832 1704 1900 φύσις

146 1902 248 1952 τῶν
295 1904 610 1976 ἑκατέρων,
662 1910 695 1979 ή
746 1910 844 1979 μὲν
878 1913 1154 1986 καθαίρειν
1198 1918 1411 1974 ἅπαντα
1450 1922 1516 1975 τὰ
1556 1924 1705 1987 ἐντὸς

148 1990 353 2063 ὑλώδη,
400 1998 435 2065 ή
487 1998 545 2050 δὲ
592 1998 773 2064 αὔξειν
820 2003 977 2058 εἴωθε
1016 2007 1113 2076 τὴν
1158 2004 1338 2080 χολήν.
1384 2014 1702 2069 Πιστευτέον

147 2084 461 2156 ἀμερίμνως
498 2093 610 2155 τοῖς
641 2094 699 2146 ὲν
746 2097 934 2168 Κυρίῳ
979 2098 1076 2170 τὴν
1107 2102 1261 2171 ἡμῶν
1291 2104 1701 2175 άναδεξαμένοις

148 2175 479 2246 ἐπιμέλειαν,
529 2183 632 2236 κᾶν
664 2186 878 2241 ὲναντία
920 2191 1040 2243 τινὰ
1067 2191 1143 2261 τῷ
1169 2193 1341 2247 δοκεῖν
1374 2197 1464 2248 καὶ
1498 2199 1563 2266 τῇ
1595 2214 1699 2250 aw-

147 2266 303 2336 τηρίᾳ
336 2268 498 2338 ήμῶν
546 2272 928 2346 ἐναντιούμενα
972 2280 1326 2335 ὲπιτάττωσι·
1365 2286 1483 2337 τότε
1521 2285 1628 2355 γάρ
1664 2289 1698 2355 ὴ

149 2357 274 2424 πρὸς
303 2359 503 2423 αὑτοὺς
546 2362 700 2431 ήμῶν
734 2366 933 2431 πίστις,
965 2369 1039 2432 ὡς
1070 2372 1126 2423 ἐν
1151 2374 1494 2445 χωνευτηρίῳ
1516 2392 1701 2427 ταπει-

147 2445 377 2514 νώσεως,
402 2451 750 2523 δοκιμάζεται
768 2473 780 2485 ’
817 2459 972 2512 τοῦτο
1005 2461 1112 2533 γάρ
1139 2465 1372 2529 πίστεως
1402 2466 1698 2538 ἀληθεστά-

148 2550 239 2604 της
266 2538 575 2611 γνώρισμα,
612 2545 673 2598 τὸ
696 2546 765 2599 τά
798 2548 1011 2603 ἐναντία
1041 2552 1146 2605 τῶν
1171 2554 1530 2625 ἐλπιζομένων
1567 2562 1703 2628 γινό-

150 2642 280 2694 μενα
310 2628 668 2702 θεωροῦντας,
710 2641 820 2701 τοῖς
854 2644 1244 2711 προστάττουσι
1278 2647 1558 2703 πείθεσθαι
1586 2652 1699 2704 άδι-

150 2720 408 2785 στάκτως.
470 2724 558 2791 Ἐξ
608 2728 852 2800 ὑπακοῆς
900 2735 1260 2803 ταπείνωσις,
1317 2742 1392 2804 ὡς
1452 2744 1544 2795 καὶ
1599 2746 1697 2817 ἤδη

147 2808 445 2875 φθάσαντες
479 2816 737 2887 εἴπομεν·
789 2823 853 2874 ἐκ
894 2826 1266 2891 ταπεινώσεως
1300 2831 1594 2902 διάκρισις,
1626 2837 1701 2901 ὡς

146 2897 235 2948 καὶ
278 2897 356 2969 τῷ
400 2903 620 2973 μεγάλῳ
665 2907 955 2980 Κασσιανῴ
996 2914 1055 2965 ἐν
1087 2914 1163 2984 τῷ
1185 2919 1324 2985 Περὶ
1351 2897 1700 2992 διακρίσεωςζ

146 2988 304 3040 αὑτοῦ
342 2989 482 3062 λόγῳ
514 2995 937 3070 πεφιλοσόφηται
980 3004 1238 3061 κάλλιστά
1268 3026 1328 3062 τε
1381 3013 1473 3063 καὶ
1501 2988 1697 3084 ὑψηλόί-

144 3096 294 3136 cata.
339 3084 435 3137 Ἐκ
457 3085 776 3158 διακρίσεως
831 3092 1066 3164 διόρασις
1085 3112 1099 3126 ο
1129 3098 1193 3151 ἐκ
1223 3098 1279 3151 δὲ
1308 3101 1527 3174 ταύτης,
1567 3123 1698 3177 προ-

1807 664 1991 709 manet
2023 664 2196 711 tamen
2237 658 2305 711 ab
2355 658 2499 711 omni
2554 658 2789 711 sordium
2842 658 3178 727 concretione
3222 657 3326 710 libe

1805 756 1945 796 rum.
2000 747 2289 799 Attendaut
2343 748 2567 801 studiosi
2621 749 2854 829 virtutis,
2895 760 2981 809 ne,
3039 747 3166 800 dum
3220 747 3353 800 alios

1805 837 2027 905 ignavos
2051 841 2316 909 judicant,
2344 859 2453 911 pra:
2491 844 2595 899 illis
2622 844 2961 898 damnentur.
2993 844 3059 897 Et
3094 843 3235 908 hinc,
3270 858 3353 895 ar-

1805 927 1998 994 bitror,
2032 932 2330 999 patriarcha
2366 933 2704 1002 LotjuStitia:
2733 935 2944 987 laudem
2970 933 3217 997 obtinuit,
3242 932 3352 1001 80
3420 932 3425 938 ’

1807 1021 1949 1089 quod
1987 1022 2043 1075 in
2096 1023 2271 1077 medio
2319 1025 2607 1093 impiorum
2655 1032 2918 1085 versatus,
2949 1036 3224 1089 nunquam
3267 1030 3352 1073 ta-

1804 1124 1927 1163 men
1980 1113 2197 1167 auditus
2230 1114 2300 1168 sit
2351 1129 2673 1183 quemquam
2726 1114 2937 1166 illorum
2980 1111 3344 1164 damnavisse.

1806 1201 2030 1271 Semper
2061 1205 2274 1273 quidem
2314 1206 2467 1271 alias,
2517 1206 2609 1260 sed
2657 1214 2771 1258 tum
2813 1203 3148 1273 potissimum
3199 1216 3353 1255 mens

1804 1294 1871 1348 ab
1905 1296 2049 1348 omni
2082 1296 2486 1364 perturbatione
2515 1306 2567 1351 et
2598 1294 2967 1365 inquietudine
3000 1292 3351 1346 custodienda

1803 1393 1905 1449 est,
1928 1401 2048 1439 cum
2081 1386 2331 1455 precibus
2358 1396 2411 1440 et
2443 1387 2693 1441 laudibus
2718 1385 2914 1440 divinis
2938 1398 3212 1437 vacamus.
3245 1380 3353 1436 Co-

1804 1480 2001 1525 nantur
2030 1474 2167 1527 enim
2216 1474 2340 1527 mali
2385 1476 2526 1545 genii
2572 1491 2667 1544 per
2703 1473 3009 1544 hujusmodi
3044 1472 3239 1526 mentis
3268 1471 3351 1524 di-

1803 1565 2150 1616 stractionem
2197 1562 2430 1618 fructum
2482 1565 2807 1634 precationis
2851 1578 3214 1633 corrumpere.
3257 1562 3354 1615 Ille

1802 1666 2093 1719 germanus
2118 1652 2211 1708 Dei
2241 1655 2484 1710 minister
2510 1664 2612 1720 est,
2635 1656 2727 1725 qui
2761 1670 2987 1723 corpore
3013 1655 3225 1723 quidem
3255 1654 3353 1706 bo-

1803 1740 1936 1795 mini
1967 1745 2159 1807 servit,
2189 1746 2370 1800 animo
2396 1761 2522 1800 vero
2554 1762 2648 1815 per
2676 1754 2799 1800 vota
2848 1753 2901 1799 et
2938 1760 3123 1813 preces
3155 1745 3353 1799 cmlum
3438 1750 3443 1753 ‘

1804 1832 1982 1900 pulsat
2033 1836 2293 1904 (adeoque
2339 1837 2394 1890 in
2449 1838 2585 1892 caelo
2632 1837 2919 1905 versatur).
2976 1837 3349 1899 Contumelize,

1804 1935 2164 1997 contemptus,
2216 1928 2642 1998 objurgationes,
2689 1938 2743 1982 et
2792 1930 2895 1983 hoc
2943 1944 3111 1997 genus
3145 1929 3246 1980 alia
3298 1930 3353 1981 in

1803 2014 2101 2071 obedientis
2151 2020 2331 2072 animo
2383 2019 2636 2073 absinthii
2701 2020 3115 2074 amaritudinem
3170 2020 3349 2086 expri-

1803 2113 1988 2169 munt;
2033 2105 2217 2161 laudes
2243 2122 2371 2162 vero
2401 2118 2455 2163 et
2501 2110 2755 2174 honores,
2781 2119 2833 2163 et
2860 2110 3096 2179 gloriola:
3139 2111 3350 2165 animos

1805 2199 1930 2251 talia
1967 2206 2265 2267 captantes,
2315 2201 2451 2253 mira
2495 2202 2639 2255 velut
2679 2202 2854 2257 mellis
2904 2203 3184 2257 dulcedine
3225 2217 3350 2272 per—

1803 2286 2050 2342 fundunt.
2089 2289 2191 2343 Sed
2218 2290 2493 2344 videamus
2521 2307 2641 2361 qua:
2670 2292 2740 2347 sit
2767 2294 3046 2363 utriusque
3066 2293 3147 2347 vis
3171 2303 3224 2363 et
3254 2310 3352 2346 na—

1803 2386 1942 2430 tura.
1996 2378 2337 2434 Absinthium
2397 2396 2611 2435 omnem
2656 2383 3035 2439 intestinorum
3084 2386 3347 2440 sentinam

1800 2479 2079 2540 repurgat;
2122 2472 2225 2524 mel
2246 2472 2404 2525 bilem
2430 2481 2625 2543 angere
2649 2476 2947 2529 consuevit.
2980 2477 3213 2530 Omnino
3238 2477 3353 2530 sine

1800 2559 1948 2612 omni
1980 2574 2109 2614 cura
2138 2559 2406 2614 ﬁdendum
2438 2572 2521 2616 est
2553 2562 2618 2616 iis
2647 2563 2740 2631 qui
2785 2564 2976 2619 salutis
3013 2577 3210 2618 nostrae
3257 2582 3320 2619 cu
3340 2594 3353 2603 -

1800 2666 1916 2705 ram
1950 2651 2001 2705 in
2062 2650 2290 2706 Domino
2342 2664 2722 2724 susceperunt;
2774 2657 2985 2712 etiamsi
3029 2660 3387 2728 quandoque

1800 2742 1854 2795 in
1883 2743 2114 2810 speciem
2145 2745 2411 2799 contraria
2439 2746 2599 2800 saluti
2623 2756 2821 2803 nostrae
2847 2749 3109 2818 imperare
3130 2752 3351 2805 videan-

1800 2839 1907 2883 tur.
1951 2830 2102 2887 Tunc
2147 2833 2310 2896 enim,
2355 2842 2507 2900 tunc,
2560 2835 2802 2905 inquam,
2855 2848 3038 2893 nostra
3094 2840 3350 2895 adversus
3402 2828 3403 2831 ¹

1797 2921 2056 2989 praesides
2108 2931 2324 2978 nostros
2361 2925 2572 2980 sincera
2624 2928 2819 2983 tiducia
2857 2930 2999 2983 velut
3048 2930 3102 2983 in
3137 2932 3351 2985 camino

1799 3013 2175 3068 submissionis
2214 3015 2487 3083 probatur.
2536 3018 2648 3074 Hoc
2688 3022 2828 3073 enim
2867 3022 3225 3075 certissimum
3269 3035 3352 3078 est

1799 3104 2095 3159 verissimae
2124 3104 2244 3159 ﬁdei
2274 3107 2574 3176 symbolum
2607 3117 2660 3162 et
2706 3118 3103 3179 argumentum,
3134 3128 3256 3165 cum
3289 3114 3347 3178 ii,

144 3172 348 3277 όρασις.
380 3178 489 3230 Καὶ
514 3180 595 3243 τίς
622 3182 727 3250 ἄρα
757 3184 832 3254 μὴ
856 3180 1118 3258 δράμηὲν
1143 3191 1218 3259 τῷ
1237 3192 1383 3263 καλῷ
1403 3172 1574 3266 τούτῳ
1599 3172 1697 3268 τῆς

1800 3194 1892 3263 qui
1921 3206 2112 3263 praeter
2142 3172 2424 3264 spcm'sibi
2476 3199 2732 3268 imperata
2766 3201 2966 3265 vident,
3017 3202 3107 3256 illa
3156 3204 3350 3259 nihilo-

146 3265 385 3337 ὑπακοῆς
428 3268 611 3341 δρόμῳ
655 3274 907 3329 τοιούτων
951 3280 1168 3348 ἀγαθῶν
1207 3284 1518 3355 έτοιμασίας
1557 3265 1697 3362 ὀρῶν

144 3357 445 3429 ἔμπροσθεν
476 3363 676 3430 αὑτοῦ;
716 3366 850 3436 Περὶ
876 3370 1076 3441 ταύτης
1113 3373 1215 3443 τῆς
1254 3378 1490 3448 μεγάλης
1519 3357 1699 3449 ἔλεγεν

146 3449 173 3500 ό
201 3450 361 3513 καλὸς
388 3452 611 3526 Ψάλτης
652 3459 889 3522 ἐκεῖνος·
938 3461 1294 3532 Ἠτοίμασίες
1335 3469 1406 3522 ἐν
1444 3470 1518 3538 τῇ
1555 3490 1698 3540 χρη-

147 3544 392 3633 στότητί
433 3561 549 3601 σου
600 3547 680 3614 τῷ
725 3552 937 3621 πτωχῷ
980 3558 1241 3626 ὑπηκόῳ,
1277 3564 1310 3614 ὀ
1363 3564 1523 3629 Θεὸς,
1588 3566 1702 3633 τὴν

147 3632 266 3726 σὴν
305 3640 647 3704 παρουσίαν
683 3643 754 3695 ἐν
796 3645 1009 3712 καρδίᾳ
1052 3650 1238 3704 αὐτοῦ
1270 3652 1401 3720 (83).
1454 3656 1543 3726 Μὴ
1578 3632 1698 3711 ἐπι-

148 3724 281 3797 λάθῃ
312 3728 373 3780 ὲν
412 3732 479 3800 τῇ
510 3730 623 3802 ζωῇ
654 3749 747 3785 σου
786 3736 933 3807 πάσῃ
963 3738 1055 3791 τοῦ
1084 3743 1312 3813 ἀθλητοὺ
1337 3748 1428 3799 τοῦ
1468 3751 1698 3817 μεγάλου

149 3816 376 3884 ἐκείνου,
406 3819 464 3882 δς
493 3822 553 3875 ὲν
577 3823 715 3887 ὅλοις
736 3824 1011 3883 δεκαοκτὼ
1036 3831 1207 3887 ἔτεσιν
1230 3841 1329 3890 οὐκ
1362 3841 1562 3909 ἀκήκοε
1589 3846 1700 3905 τοῖς

149 3906 340 4000 έξωθεν
376 3910 497 3979 ὠσὶ,
532 3917 681 3987 παρὰ
722 3918 817 3971 τοῦ
840 3921 1165 3984 ἐπιστάτου·
1208 3906 1474 4000 Σωθείηςλ
1509 3936 1618 3997 τοῖς
1644 3935 1698 3989 δὲ

150 3999 290 4054 ἔνδον
341 4003 462 4058 καθ’
514 4008 725 4080 ἡμέραν
775 4012 971 4082 ήκουεν
1022 4017 1171 4089 παρὰ
1216 4020 1307 4072 τοῦ
1356 3999 1579 4091 Κυρίου,
1614 4029 1697 4090 οὑ,

410 4096 586 4169 (τοῦτο
610 4100 717 4171 γὰρ
748 4104 993 4159 εὐκτικόν
1024 4110 1137 4161 ἐστι
1182 4111 1273 4163 καὶ
1306 4112 1540 4185 ἄδηλον),
1564 4118 1696 4183 ἀλλ’,

162 4182 430 4279 Ἑσὼθης,
480 4190 617 4262 ὅπερ
667 4193 937 4263 ὁριστικδν
987 4199 1079 4251 καὶ
1108 4199 1320 4269 βέϐαιον
1346 4182 1696 4279 καθέστηκεν.

155 4276 376 4331 Ἔλαθον
406 4281 632 4346 ἑαυτοὺς
659 4285 767 4338 τῶν
795 4287 1048 4359 ὑπηκόων
1074 4294 1217 4357 τινὲς
1243 4295 1304 4346 τὸ
1330 4297 1577 4362 εὐπειθὲς
1607 4303 1701 4353 καὶ

152 4370 613 4437 συγκαταϐατικὸν
669 4377 762 4429 τοῦ
814 4381 1153 4449 προεστῶτος
1209 4386 1550 4456 αἰσθόμενον
1607 4394 1700 4445 καί

152 4459 279 4528 πρὸς
302 4460 403 4525 τὰς
424 4464 630 4550 ἑαυτῶν
654 4465 894 4539 θελήσεις
916 4470 1013 4535 τὰς
1039 4475 1333 4546 ἐπιτροπὰς
1365 4480 1692 4550 αἰτούμενοι⁹

1800 3286 1980 3340 minus
2060 3287 2177 3341 sine
2256 3290 2590 3346 dubitatione
2628 3302 3038 3362 Lexsequuntur.
3112 3292 3190 3348 Ex
3218 3296 3349 3351 obe-

1796 3374 2015 3442 dientia,
2080 3378 2160 3431 uti
2204 3379 2314 3448 jam
2367 3397 2529 3451 supra
2572 3383 2849 3451 diximus,
2895 3386 3107 3440 exsistit
3168 3388 3348 3441 humi-

1799 3466 1957 3521 litas:
2017 3482 2082 3523 ex
2134 3466 2433 3527 humilitate
2487 3474 2733 3543 religiosa
2783 3477 3105 3545 prudentia,
3163 3480 3348 3545 (quam

1800 3558 2034 3624 religiosi
2081 3561 2371 3629 scriptores
2413 3563 2791 3619 discretionem
2828 3570 3061 3634 vocant).
3124 3567 3196 3621 De
3241 3584 3366 3637 qua-

1797 3644 2085 3702 Cassianus
2112 3650 2217 3719 81
2255 3650 2339 3705 illc
2369 3653 2603 3709 eximius
2655 3654 2725 3724 (ὁ)
2774 3656 2825 3708 in
2867 3656 3004 3711 libro
3052 3658 3119 3711 de
3156 3657 3345 3711 eadem

1800 3737 1995 3792 virtute
2048 3739 2402 3807 pulcherrime
2448 3751 2500 3794 et
2545 3745 2855 3799 acutissime
2905 3746 3217 3814 disputavit.
3266 3747 3349 3801 Ex

1799 3827 2138 3892 discretione,
2186 3829 2502 3898 dispiciendi
2552 3832 2743 3899 gratia,
2772 3849 2837 3886 ex
2883 3836 2984 3889 hac
3018 3838 3346 3914 praevidendi

1798 3917 2027 3973 facultas
2078 3920 2362 3977 redundat.
2420 3920 2613 3990 Ecquis
2655 3938 2782 3992 ergo
2828 3925 2881 3977 in
2937 3926 3042 3979 hoc
3086 3928 3345 3995 przeclaro

1796 4008 2114 4064 obedientiaa
2159 4012 2333 4065 stadio
2378 4016 2543 4069 tantis
2590 4014 2856 4069 bonorum
2915 4018 3182 4074 thesauris
3222 4033 3345 4073 ante

1798 4101 1983 4156 oculos
2030 4105 2341 4172 propositis,
2384 4121 2490 4158 non
2537 4105 2761 4161 libenter
2807 4107 3093 4162 decurrat?
3130 4110 3204 4164 De
3243 4111 3344 4166 hac

1771 4195 1993 4262 .eximia
2018 4198 2214 4251 virtute
2241 4198 2438 4253 cecinit
2468 4200 2661 4253 nobilis
2695 4200 2783 4254 ille
2825 4198 3029 4255 Psaltes
3062 4220 3076 4255 :
3128 4201 3345 4259 Parasti

1750 4362 1753 4363 ν
1799 4288 1854 4341 in
1885 4287 2112 4342 bonitate
2133 4300 2223 4342 tua
2245 4292 2479 4358 pauperi,
2500 4291 2773 4345 obedienti
2808 4293 3089 4364 discipulo,
3122 4294 3259 4350 Deus
3274 4297 3341 4365 ⁸⁸,

1801 4380 1853 4431 in
1880 4378 2039 4432 corde
2066 4379 2232 4447 ipsius
2270 4382 2606 4448 praesentiam
2640 4391 2806 4437 tuam.
2848 4383 3130 4455 Nunquam
3176 4403 3343 4457 ponas

1800 4471 1852 4523 in
1882 4469 2026 4522 omni
2058 4470 2161 4522 vita
2190 4472 2501 4525 memoriam
2531 4472 2678 4528 illius
2717 4474 2945 4545 ingentis
2993 4479 3221 4545 athletae,
3250 4482 3342 4548 qui

150 4544 501 4623 κομισάμενοι
544 4556 602 4609 δὲ
636 4561 1051 4627 γινωσκέτωσαν
1082 4567 1488 4622 ἐκπεπτωκέναι
1520 4572 1696 4644 πάντη

1805 4559 1929 4614 totis
1952 4560 2134 4615 decem
2168 4570 2221 4616 et
2253 4571 2375 4617 octo
2402 4564 2582 4630 annis,
2611 4581 2887 4637 nunquam
2919 4570 3142 4625 auribus
3170 4571 3283 4626 suis
3312 4588 3341 4625 a

149 4641 236 4693 τοὺ
285 4644 389 4713 τῆς
437 4647 715 4717 ὁμολογίας
784 4652 1084 4720 στεφάνου·
1135 4657 1346 4728 ὑπακοὴ
1400 4662 1505 4732 γάρ
1536 4641 1701 4719 ἐστιν

149 4732 482 4803 ὑποκρίσεως
528 4740 622 4792 καὶ
664 4740 899 4810 ἐφέσεως
946 4744 1149 4807 οἰκείας
1198 4746 1463 4817 ξενισμὸς.
1516 4754 1699 4807 Ἔστιν

149 4822 176 4874 ὀ
205 4822 314 4895 (84)
348 4827 616 4901 ἐπιταγὴν
664 4836 1044 4905 κομισάμενος.
1096 4836 1191 4890 καὶ⁸
1236 4838 1327 4891 τὸν
1380 4843 1578 4895 σκοπὸν
1605 4846 1697 4899 τοῦ

149 4912 489 4984 ἐπιτάξαντος
511 4923 827 4996 αἰσθόμενος
854 4928 928 5003 μὴ
954 4929 1120 5001 ¹ἡδέως
1146 4930 1244 4999 τὴν
1267 4931 1357 4983 τοῦ
1383 4934 1699 5006 ἐπιταχθέν-

147 5024 232 5073 τος
263 5011 562 5082 περαίωσιν
591 5014 780 5084 ἔχοντα
819 5016 1013 5092 ταύτην
1066 5022 1566 5092 παραιτησάμενοςε
1602 5030 1691 5081 καὶ

151 5097 285 5153 ἔστιν
311 5104 340 5155 ὀ
365 5082 682 5173 αίσθόμενος
707 5107 788 5177 (α)
818 5082 925 5163 καὶ)
952 5082 1329 5182 ἀναμφίϐόλως
1357 5082 1564 5168 ὑπακού
1575 5133 1686 5181 σας.

150 5191 409 5265 Ζητητέον
434 5197 517 5259 τίς
544 5196 722 5251 αὑτῶν
751 5202 1147 5274 εὑσεδεστέρως
1180 5203 1419 5274 εποίησε.
1449 5208 1567 5261 Τῶν
1592 5212 1688 5263 οὑκ

149 5285 497 5361 ἐνδεχομένων
524 5292 637 5345 ἐστὶ
680 5292 755 5363 τῷ
800 5297 989 5349 ἑαυτοῦ
1034 5280 1292 5368 θελήματι
1320 5298 1412 5350 τὸν
1451 5300 1687 5355 διάῦολον

217 5506 258 5539 ⁸³
287 5509 432 5569 Psal.
464 5528 631 5580 LXVII,
668 5515 753 5579 Η,

215 5672 289 5739 (α)
315 5673 492 5757 Alius.
522 5677 705 5760 ἀηδῶς
726 5677 882 5760 ..πρὸς
906 5676 1446 5760 ,τούτοδιακείμενος
1484 5681 1687 5760 ταύτην

155 5744 595 5814 παραιτούμενος,
610 5750 701 5803 καὶ
724 5744 869 5804 ἐστιν
898 5748 926 5801 ὁ
952 5744 1442 5819 αἰσθόμενος.’Νοιιι
1456 5744 1687 5806 varieta-

156 5822 251 5867 tem
281 5814 547 5870 codicum.

1798 4650 2021 4719 praeside
2074 4666 2193 4715 suo,
2237 4654 2323 4706 cui
2376 4654 2641 4721 inserviit,
2677 4657 2821 4711 illam
2862 4674 3043 4715 vocem
3089 4662 3288 4729 accepit
3324 4682 3340 4717 :

1798 4740 1987 4795 Salvus
2036 4742 2145 4808 sis;
2188 4744 2281 4799 sed
2332 4746 2420 4802 ille
2473 4758 2653 4808 tamen
2708 4750 2844 4805 idem
2888 4752 3138 4805 interiore
3175 4753 3340 4808 animi

1794 4848 1955 4888 sensu
1981 4834 2218 4903 quotidie
2248 4837 2419 4891 audiit
2444 4853 2474 4891 a
2507 4840 2768 4907 Domino;
2819 4858 2923 4895 non
2954 4840 3188 4910 quidem,
3220 4842 3340 4896 Sal-

1794 4939 1892 4978 vus
1929 4923 2024 4989 sis,
2055 4926 2196 4994 quod
2222 4928 2455 4997 optantis
2480 4939 2560 4982 est
2590 4941 2645 4984 et
2667 4931 2947 4995 incertum,
2993 4929 3108 4993 sed,
3147 4930 3341 4985 Salvus

1795 5027 1876 5076 es,
1900 5012 2045 5082 quod
2093 5014 2406 5073 aﬂirmantis
2432 5028 2515 5072 est
2542 5032 2745 5074 certum
2783 5028 2836 5073 et
2874 5019 3171 5075 deﬁnitum.
3235 5021 3335 5076 Re-

1796 5104 1970 5174 perias
1997 5108 2284 5161 nonnullos
2334 5124 2398 5162 ex
2451 5110 2762 5165 obedientia:
2797 5111 3006 5167 ollicina
3044 5114 3330 5183 proiectos.

1794 5199 1887 5267 qui
1922 5199 2128 5268 seipsos
2186 5217 2507 5271 magnopere
2550 5203 2760 5268 fallunt,
2809 5205 2937 5259 dum
2972 5206 3332 5261 animadversa
3428 5252 3431 5253 ν

1794 5292 2036 5362 magistri
2068 5296 2149 5347 sui
2184 5294 2437 5348 facilitate
2472 5302 2521 5347 et
2571 5293 2903 5360 gratiﬁcandi
2952 5297 3203 5365 subjectis
3239 5312 3329 5349 vo-

1866 5673 1939 5745 (b)
1970 5672 2103 5728 Hinc
2134 5672 2298 5745 discis
2322 5672 2614 5729 Climacum
2640 5685 2755 5739 post
2777 5675 3089 5730 Cassianum
3110 5678 3327 5745 vixissr.

1792 5742 1989 5868 gonfeur
2014 5746 2190 5797 collat.
2226 5743 2267 5795 ll
2295 5750 2456 5799 totam
2497 5754 2549 5802 et
2575 5746 2866 5800 Climacum
2904 5746 3034 5800 infra
3064 5744 3231 5814 gradu
3263 5751 3329 5804 26

1828 5832 1856 5868 c
1880 5828 1942 5867 ca
1982 5827 2085 5869 ent.
