4048 6338
670 419 774 484 ’719

1917 427 1976 488 s.
2003 424 2324 486 JOANNIS
2347 381 2650 486 omne:

3789 428 3892 489 720

667 537 872 586 Iuntate
901 533 1117 601 imperia
1155 533 1323 601 ipsius
1363 535 1425 586 ad
1467 547 1630 589 nutus
1674 548 1726 590 et
1761 536 1982 592 arbitria
2013 554 2110 592 sua
2138 554 2203 608 pe

2335 536 2645 606 ἀντιστῆναι
2697 541 2809 602 (ιι)·
2868 534 3333 602 καὶζπειθέτωσὰν
3383 552 3441 587 σε
3475 536 3522 588 ol
3571 537 3629 588 ὲν
3673 536 3894 607 ἀμελείᾳ

665 631 823 676 tunt;
857 625 948 676 sed
985 627 1130 677 enim
1167 627 1465 696 intelligant
1499 629 1575 690 hi,
1604 639 1952 698 posteaquam
1979 630 2232 699 impetra-

2335 627 2556 690 ζῶντες,
2591 628 2682 679 καὶ
2725 629 2782 679 ὲν
2814 629 2892 679 ἑνὶ
2923 625 3304 698 ησυχαστηρίῳ
3346 628 3833 700 κεκαρτερηκότες,
3861 631 3892 698 ἦ

667 723 792 766 runt
853 715 998 782 quod
1031 715 1340 780 voluerunt,
1374 735 1431 769 se
1461 718 1612 770 oinni
1645 717 1883 787 legitimo
1915 718 2208 774 obedientia

2333 717 2599 786 κοινοδίῳ.
2649 716 2892 787 Γενέσθω
2940 720 3070 787 ἡμῖν
3102 721 3136 789 ἠ
3168 719 3233 770 ἐκ
3274 717 3382 770 τῶν
3411 720 3588 771 τόπων
3617 719 3892 789 πολεμου-

659 807 1209 876 praemio-fraudatos.
1252 807 1346 862 list
1393 811 1536 863 enim
1580 810 1884 865 obedientia
1931 811 2107 866 omnis
2155 811 2232 874 si-

661 897 976 952 mulationis
1024 898 1362 969 all‘eetusque
1410 903 1609 971 proprii
1659 901 1891 971 perfecta
1933 902 2223 957 abdicatio.

661 989 754 1042 Est
783 991 874 1058 qui
925 1003 1149 1059 accepto
1201 991 1458 1047 mandato
1499 994 1883 1048 animadvertit
1931 1011 2042 1049 rem
2097 1011 2220 1065 per-

657 1082 918 1147 agendam
953 1081 1348 1151 displicituram
1387 1083 1689 1152 imperanti,
1725 1084 1770 1138 si
1818 1094 2119 1166 peragatur,
2150 1085 2223 1140 ob

655 1187 882 1239 uallique
934 1187 1153 1226 causam
1205 1174 1426 1243 negligit
1472 1175 1752 1242 imperata.
1807 1173 1902 1229 Est
1945 1175 2037 1244 qui
2078 1175 2216 1229 idem

655 1263 918 1333 intelligit,
939 1274 994 1318 ct
1017 1273 1195 1318 tamen
1221 1266 1338 1319 sine
1363 1265 1470 1319 ulla
1491 1265 1857 1334 disputatione
1884 1274 1938 1319 et
1966 1265 2217 1322 examine

651 1356 966 1424 exsequitur
993 1356 1266 1410 mandata.
1300 1357 1571 1422 Quwritur
1606 1367 1724 1412 uter
1745 1363 1812 1411 ex
1832 1355 2046 1432 duobus
2085 1372 2212 1411 san-

650 1446 792 1499 rtius
825 1444 1056 1500 fecerit?
1084 1447 1193 1518 82
1239 1447 1398 1501 Nullo
1427 1450 1589 1503 modo
1633 1449 1959 1504 credendum
1995 1457 2081 1503 est
2120 1447 2218 1500 ho-

651 1547 786 1590 stem
821 1549 1064 1592 nostrum
1119 1555 1233 1594 sua:
1271 1541 1443 1608 ipsius
1473 1540 1735 1596 voluntati
1783 1553 2081 1611 repugnare
2106 1541 2215 1609 _(a).

2335 810 2469 880 μὲνη
2495 809 2842 881 ἀναχώρησις
2871 811 2965 879 τῆς
2990 812 3467 890 ἡμετέραξ.ἐκείσε
3488 813 3893 883 εὑαρεστήσεως

2298 900 2614 968 ,ἀπόδειξις
2659 899 2829 970 Εἴπερ
2861 901 2923 951 τὸ
2974 901 3345 968 πολεμεῖσθαι,
3387 904 3609 972 σημεῖον
3636 900 3732 954 τοῦ
3785 900 3893 971 (85)

2330 991 2606 1062 πολεμεῖν,
2638 991 2697 1044 οὑ
2736 992 3035 1061 γενήσομαι
3075 992 3320 1064 κρύπτης
3349 994 3550 1056 ἄδικος,
3583 993 3676 1047 καὶ
3704 992 3891 1046 πλεον-

2325 1084 2488 1152 έκτης
2508 1083 2866 1152 ἀπάνθρωπος
2889 1083 3106 1136 σιωπῶν
3129 1085 3321 1155 Opima
3341 1083 3594 1153 σιγᾶσθαι
3614 1082 3691 1154 μὴ
3714 1083 3890 1152 θέμις.

2336 1171 2583 1242 Ἰωάννης
2640 1190 2727 1243 μοι
2783 1176 2811 1227 ὁ
2861 1174 3122 1241 πάνσῖὺ),
3175 1174 3204 1225 ὁ
3250 1173 3515 1244 Σαὸαϊτης
3561 1171 3891 1238 ἁξιάκουστα

2319 1267 2613 1336 διηγήσατο
2679 1265 3010 1337 πράγματα’
3059 1264 3141 1318 ὃτι
3186 1265 3244 1318 δὲ
3281 1264 3496 1334 ἀπαθὴς
3523 1266 3553 1317 ὁ
3596 1262 3758 1333 ἀνὴρ,
3799 1265 3890 1315 καὶ

2320 1358 2518 1419 παντὸς
2538 1357 2763 1428 ψεύδους
2787 1357 2882 1412 καὶ
2905 1358 3062 1426 λόγου
3085 1357 3177 1410 καὶ
3200 1356 3359 1428 ἔργον
3377 1356 3610 1426 πονηροῦ
3631 1353 3886 1424 καθαρὸς,

2327 1451 2391 1502 ἐκ
2445 1450 2542 1519 τῆς
2581 1450 2748 1507 αὑτοῦ
2797 1449 2992 1520 πείρας
3037 1450 3350 1514 ἐπίστασαι,
3391 1449 3528 1502 ὃσιε.
3575 1443 3745 1510 υῦτός
3801 1463 3916 1515 μοι’

2325 1541 2638 1610 διηγήσατο.

651 1630 984 1696 Argumento
1035 1630 1169 1694 sint,
1220 1632 1312 1702 qui
1367 1646 1491 1686 cum
1549 1634 1869 1703 negligentia
1928 1636 2136 1696 vivunt,
2177 1643 2230 1687 et
2283 1643 2471 1687 contra
2524 1634 2616 1704 qui
2691 1635 2744 1688 in
2795 1634 2983 1689 cellula
3035 1643 3131 1689 aut
3177 1631 3426 1688 coenobio
3452 1647 3578 1687 cum
3623 1631 3884 1701 patientia

610 1745 622 1754 -
651 1731 1017 1787 [N'i'SCVt'I‘lIllL
1051 1723 1188 1777 Cum
1217 1733 1276 1776 ut
1311 1723 1380 1776 de
1414 1723 1533 1779 loco
1563 1725 1878 1795 niigrenius,
1911 1733 2202 1786 teutamur,
2233 1725 2334 1778 hoe
2364 1726 2537 1794 ipsum
2569 1723 2642 1778 sit
2671 1723 2829 1779 nobis
2860 1734 3009 1780 certa
3063 1723 3260 1792 divinae
3315 1723 3613 1780 voluntatis
3680 1721 3888 1792 signiti-

659 1816 804 1867 i-atio
832 1815 976 1884 quod
1018 1817 1126 1877 lleo
1184 1816 1410 1886 placeat,
1476 1827 1536 1871 ut
1584 1819 1636 1871 in
1683 1819 1916 1873 statione
1973 1821 2598 1890 nostra'persistamus;
2645 1831 2770 1871 nam
2803 1816 3125 1887 oppugnari,
3181 1816 3386 1873 indicio
3421 1824 3506 1871 est
3536 1815 3887 1886 pugnandum

649 1927 662 1952 σ
695 1923 792 1961 ~se.
835 1908 1049 1978 Pugnat
1071 1907 1216 1960 enim
1241 1907 1333 1977 qni
1367 1908 1728 1980 impugnatur.
1767 1907 1859 1964 Nae
1889 1923 1990 1979 ego
2028 1909 2303 1977 improbus
2337 1911 2438 1964 sim
2503 1918 2556 1962 et
2602 1909 2972 1968 inhumanus,
3031 1906 3078 1962 si
3125 1920 3220 1974 per
3270 1905 3544 1962 silentium
3601 1905 3781 1960 celare
3831 1917 3889 1960 et

651 2024 655 2028 ’
699 2001 948 2054 .hdueerc
981 2000 1167 2054 lectori
1199 2001 1382 2066 velim,
1401 2017 1524 2070 qua:
1564 2011 1742 2056 tacere
1784 1999 1935 2056 nefas
1963 2001 2054 2057 sit.
2083 1999 2323 2056 Joannes
2373 1999 2618 2056 Sabaites
2655 1997 2753 2069 (ὁ),
2789 1999 2872 2054 vir
2901 1997 3033 2054 mihi
3062 1996 3120 2054 in
3149 1998 3338 2067 paucis
3362 1999 3579 2063 charos,
3612 2013 3701 2053 res
3752 1999 3885 2055 mihi

668 2093 834 2146 .uditu
858 2091 1207 2160 dignissimas
1240 2093 1443 2147 retulit.
1475 2090 1618 2158 Quin
1649 2102 1705 2148 tu
1751 2094 1886 2164 ipse,
1915 2094 2220 2151 venerande
2239 2096 2491 2158 antistes,
2523 2096 2698 2155 virum
2759 2094 2910 2149 illum
2935 2094 3004 2149 ab
3065 2091 3320 2148 omnibus
3386 2094 3550 2148 animi
3602 2094 3890 2164 perturba-

650 2185 889 2239 tionibus
913 2186 1163 2246 liberum,
1186 2194 1239 2239 et
1267 2184 1335 2238 ab
1361 2185 1510 2238 οιιιιιί
1559 2187 1826 2243 orationis
1871 2187 2109 2244 vanitate
2153 2185 2413 2254 alienum,
2472 2189 2589 2258 ipso
2640 2186 3013 2258 experimento
3063 2186 3385 2260 cognovisti.
3435 2184 3533 2240 llic
3577 2200 3710 2254 ergo
3751 2187 3884 2241 mihi

647 2280 724 2334 sit'
761 2277 1127 2331 narrationem
1166 2292 1398 2334 exorsus
1423 2295 1526 2339 est.

720 2368 868 2429 [Li-at.
895 2367 1090 2437 inquit,
1117 2369 1172 2421 in
1200 2383 1267 2422 eo
1290 2369 1437 2422 Asize
1465 2368 1716 2423 cteuobio
1734 2410 1748 2431 ,
1779 2367 1834 2423 in
1862 2382 1972 2440 quo
1996 2383 2096 2441 ego
2123 2367 2208 2424 de-

2389 2362 2619 2434 ’Ὁτιπερ
2661 2362 2720 2415 ὲν
2749 2364 2814 2432 τῇ
2863 2365 2996 2433 μονῇ
3041 2377 3143 2432 μου
3177 2363 3242 2434 τῇ
3291 2363 3374 2425 εἰς
3423 2362 3605 2415 Ἀσίαν
3653 2364 3888 2432 (ἐκεῖθεν

647 2463 833 2530 getiam
861 2463 879 2530 (
906 2461 1030 2515 inde
1056 2461 1204 2515 enim
1230 2460 1314 2514 vir
1344 2461 1432 2514 hic
1464 2472 1687 2516 sanctus
1717 2464 1968 2530 venerat)
2005 2477 2038 2516 e
2067 2460 2208 2515 seni-

2317 2455 2428 2523 γὰρ
2477 2455 2506 2505 ὁ
2553 2452 2758 2515 δίκαιος
2804 2452 3070 2527 ὥρμητο),
3123 2455 3300 2525 γέρων
3347 2471 3430 2518 τις
3487 2455 3627 2507 πᾶνυ
3679 2456 3886 2527 ἀμελὴς

558 2585 560 2587 >
649 2557 749 2608 lius
783 2553 1002 2624 quidam
1037 2553 1352 2622 religiosis,
1389 2554 1678 2608 admodum
1723 2555 1933 2608 solutus
1977 2563 2033 2608 et
2074 2552 2208 2607 male

2317 2544 2552 2614 3231036)
2583 2543 2901 2608 ἀκόλαστος·
2939 2544 3080 2612 λέγω
3126 2545 3233 2616 γὰρ
3279 2543 3355 2615 μὴ
3398 2545 3597 2616 κρένων
3625 2543 3761 2615 (87),
3799 2547 3884 2600 ἴνα

647 2661 776 2702 sane
805 2654 1048 2700 iniuratus
1077 2665 1091 2700 :
1125 2655 1295 2701 testor
1334 2645 1437 2699 hoc
1475 2647 1586 2701 veri
1613 2661 1810 2709 causa,
1843 2659 1952 2700 non
1977 2643 2208 2699 hominis

2315 2633 2469 2706 φανῶ
2515 2633 2828 2706 ἀληθεύων
2875 2626 3052 2700 οὗτος,
3099 2635 3199 2688 οὑκ
3246 2629 3344 2689 οἷδ’
3393 2635 3558 2698 ὅπως,
3615 2637 3883 2708 ἐκτήσατο

640 2735 944 2804 judicandi.
973 2734 1173 2791 Nactus
1206 2737 1252 2790 is
1279 2746 1398 2792 erat
1419 2735 1747 2806 discipulum
1777 2735 1958 2792 nescio
1983 2749 2214 2806 quomo-

644 2829 736 2892 do,
772 2827 1063 2882 admodum
1092 2827 1346 2894 juvenem
1371 2866 1388 2892 ,
1415 2829 1505 2882 cui
1531 2844 1727 2884 nomen
1760 2829 1993 2884 Aeacius
2017 2867 2034 2892 ,
2064 2829 2214 2899 iuga-

647 2919 737 2970 nio
763 2916 1020 2986 simplici,
1049 2917 1142 2970 sed
1170 2916 1357 2970 animo
1388 2925 1581 2972 castora
1607 2917 1832 2972 minime
1859 2917 2210 2988 imprudenti.

645 3005 741 3061 llie
784 3008 853 3076 ah
889 3008 980 3059 illo
1017 3006 1209 3060 tetrico
1253 3006 1530 3060 silicernio
1571 3015 1721 3060 tanta
1759 3021 1822 3061 ac
1849 3017 1957 3060 tam
1981 3006 2212 3077 indigna

644 3115 785 3169 saepe
818 3099 978 3162 tulit,
1017 3098 1094 3152 uti
1126 3099 1312 3154 multis
1345 3098 1579 3154 fortasse
1615 3114 1702 3154 res
1731 3096 1897 3169 supra
1932 3099 2098 3156 ﬁdem
2130 3101 2210 3155 vi-

640 3193 755 3246 deii
805 3192 997 3260 possit.
1045 3192 1256 3262 Quippe
1313 3193 1407 3262 qui
1453 3209 1560 3246 non
1607 3193 1859 3249 comitiis
1901 3203 2110 3249 tantum
2155 3204 2212 3251 et

641 3287 986 3340 contumeliis
1027 3286 1178 3339 illum
1223 3285 1510 3354 ex'agitarit
1532 3324 1548 3348 ,
1583 3285 1678 3339 sed
1703 3285 1944 3354 quotidie
1967 3286 2208 3342 verberi-

643 3381 744 3434 bus
769 3390 824 3432 et
851 3379 1024 3450 plagis
1059 3378 1198 3433 male
1228 3377 1492 3432 multarit.
1525 3376 1592 3431 Et
1622 3378 1856 3433 Aeacius
1875 3378 2057 3433 omnia
2081 3395 2211 3449 pru-

640 3473 833 3526 denter
873 3482 926 3526 et
971 3471 1235 3540 patienter
1277 3469 1600 3550 perferebat.
1639 3465 1796 3527 Hune
1836 3487 1937 3543 ego
1977 3485 2100 3528 cum
2153 3472 2207 3526 in

643 3566 888 3636 singulos
915 3566 1033 3620 dies
1064 3567 1210 3620 velut
1247 3564 1555 3634 emptitium
1600 3565 1930 3637 mancipium
1971 3563 2209 3636 pessime

643 3661 862 3713 tractari
897 3673 1174 3712 cernerem
1195 3697 1210 3720 ,
1252 3672 1629 3727 saepenumero
1664 3667 2037 3713 occurrentem
2069 3658 2205 3714 allo-

2316 2725 2562 2797 μαθητὴν
2605 2724 2889 2796 νεώτερον,
2953 2725 3029 2796 τῷ
3081 2725 3304 2797 ὀνόματι
3360 2725 3636 2793 Ἀκάκιον,
3679 2729 3883 2783 ἁπλοῦν

2312 2836 2436 2873 τινα
2460 2821 2527 2889 τῇ
2559 2818 2771 2890 γνώμη,
2798 2818 3056 2890 φρόνιμον
3077 2819 3132 2873 δὲ
3158 2818 3235 2890 τῷ
3261 2817 3532 2892 λογισμῷο
3559 2820 3620 2886 ὃς
3644 2821 3882 2876 τοσαετα

2315 2911 2466 2984 παρὰ
2495 2912 2591 2966 τοῦ
2624 2911 2861 2966 τοιούτου
2893 2911 3143 2984 γέροντος
3169 2911 3478 2984 ὑπέμεινεν,
3506 2913 3607 2968 ὅσα
3646 2915 3746 2969 καὶ
3769 2917 3880 2978 τοῖς

2312 3002 2524 3066 πολλοῖς
2552 3003 2754 3058 ἄπιστα
2783 3005 2911 3066 loco;
2931 3000 3067 3058 εἶναι
3085 3003 3244 3069 δόξει.
3274 3006 3348 3058 Οὑ
3375 3005 3535 3075 μόνον
3555 3006 3663 3078 γὰρ
3690 3007 3880 3080 ὓσρεσι

2312 3097 2405 3150 καὶ
2429 3096 2671 3165 ἀτιμίαις
2697 3096 2880 3160 αὑτὸν,
2898 3095 3032 3149 ἀλλὰ
3056 3098 3147 3150 καὶ
3163 3095 3396 3166 πληγαῖς
3417 3096 3538 3150 καθ’
3557 3097 3773 3169 ⁴Ιιμέραν
3790 3099 3879 3151 ἀν-

2310 3188 2643 3250 εϐατάνιζεν.
2657 3184 2812 3259 Ἦνή
2832 3189 3070 3260 ὑπομονὴ
3089 3186 3252 3242 αὑτοῦ
3268 3189 3366 3255 οὑκ
3377 3187 3583 3258 ἄλογος.
3600 3187 3776 3260 Ὁρῶν
3786 3185 3878 3243 οὖν

2307 3280 2471 3332 αὑτὸν
2489 3279 2599 3349 ἐγὼ
2616 3279 2738 3334 καθ’
2750 3278 2962 3350 ἡμέραν
2978 3279 3054 3343 ὡς
3084 3277 3291 3350 ὠνητὸν
3306 3277 3491 3334 δοῦλον
3511 3281 3760 3352 ἐσχάτως
3778 3299 3876 3336 τα-

2307 3371 2761 3443 ).αιτ-.ιι›ροῦντα,ὲν
2773 3371 3068 3443 ἀπαντήσει
3082 3370 3336 3435 πολλάκις
3346 3370 3532 3441 ἔλεγον
3541 3373 3680 3444 πρὸς
3691 3375 3875 3428 αὐτόν’

2311 3463 2377 3514 Τί
2402 3466 2569 3524 ἐστιν,
2593 3463 2787 3531 ἀδελφέ
2838 3463 3092 3528 Ἀκάκιες
3127 3463 3243 3526 πῶς
3273 3465 3307 3534 ἡ
3339 3463 3609 3534 σήμερονς
3640 3466 3754 3519 Καὶ
3781 3466 3868 3519 εὑ⁹

2308 3553 2404 3617 θὺς
2446 3555 2674 3618 ἐκεῖνος.
2744 3553 2874 3608 ποτε
2929 3554 3026 3624 μὲν
3056 3552 3334 3626 ὀφθαλμὸν
3374 3553 3870 3627 πεπελιδνωμένον,

2309 3647 2436 3698 ποτὲ
2475 3645 2532 3698 δὲ
2575 3647 2666 3700 τὸν
2707 3645 2992 3716 τράχηλον,
3031 3644 3220 3700 ἄλλοτε
3257 3645 3315 3700 δὲ
3367 3647 3470 3718 τὴν
3502 3647 3749 3720 κεφαλὴν
3779 3667 3872 3703 πε-

642 3758 802 3803 eutus
825 3746 935 3818 83
969 3766 982 3801 :
1017 3747 1156 3814 Quid
1195 3757 1279 3802 est
1301 3791 1316 3813 ,
1361 3748 1618 3818 inquam,
1652 3746 1820 3803 frater
1849 3749 2051 3803 Aeaei?
2072 3764 2207 3818 quo-

2317 3739 2632 3808 πληγμένην
2673 3754 2760 3807 μοι
2798 3737 3128 3792 ὑπεδείκνυε.
3177 3737 3464 3794 Γινώσκων
3501 3735 3596 3795 οὖν
3624 3739 3762 3810 ἐγὼ,
3790 3743 3869 3794 ὅτι

645 3838 806 3893 modo
825 3836 988 3891 habes
1011 3837 1205 3892 hodie?
1232 3834 1370 3891 Tum
1399 3837 1488 3893 ille
1511 3838 1645 3892 mihi
1670 3853 1794 3892 mox
1819 3853 1962 3893 nunc
1983 3837 2210 3893 liventes

643 3928 834 3982 oculos
861 3965 875 3988 ,
916 3940 1063 3979 nunc
1108 3927 1295 3980 laesum
1348 3927 1588 3991 collum,
1639 3943 1783 3982 nunc
1830 3935 1995 3998 caput
2036 3927 2209 3998 plagis

645 4027 930 4071 contusum
953 4014 1211 4068 ostendit.
1239 4015 1308 4069 At
1335 4031 1455 4084 ego,
1484 4016 1628 4084 quod
1657 4030 1974 4084 germanum
1999 4015 2207 4086 patien-

645 4110 732 4162 tia:
760 4107 1039 4161 alumnum
1063 4105 1260 4160 scirem
1287 4123 1300 4158 :
1335 4103 1476 4159 Bene
1507 4106 1689 4166 habet,
1722 4107 1858 4159 bene
1887 4106 2045 4160 habet
2068 4146 2084 4168 ,
2125 4105 2206 4159 in-

643 4215 830 4270 quam,
862 4199 1108 4262 sustine;
1153 4198 1385 4252 fructum
1417 4194 1690 4267 patientia:
1718 4193 1876 4250 feres.
1905 4193 2018 4249 Hoc
2050 4205 2208 4264 pacto

644 4307 766 4344 cum
805 4289 1136 4345 novennium
1169 4298 1342 4345 totum
1369 4287 1511 4358 apud
1544 4288 1806 4343 immitem
1843 4287 1996 4342 illum
2021 4301 2205 4342 senem

543 4413 550 4420 -
644 4386 878 4441 Aeacius
907 4386 1212 4453 exegisset,
1260 4384 1327 4438 ad
1371 4382 1569 4437 ccelum
1611 4379 1888 4451 profectus
1927 4387 2029 4436 est.
2076 4377 2206 4435 Post

642 4479 891 4547 quintum
929 4476 1054 4530 inde
1081 4475 1224 4529 diem
1252 4476 1509 4544 magister
1535 4473 1622 4528 ille
1647 4489 1823 4528 saavus
1851 4473 2032 4528 Acacii
2061 4487 2204 4526 mor-

644 4572 744 4632 tui.
772 4569 902 4623 ahiit
934 4568 1000 4622 ad
1035 4567 1323 4636 quemdam
1357 4581 1387 4619 e
1421 4565 1725 4620 senioribus
1760 4565 1937 4634 magni
1966 4563 2202 4619 nominis

640 4662 855 4724 virum,
879 4675 1039 4729 quem
1069 4658 1298 4713 allatus:
1332 4659 1512 4721 Pater,
1545 4657 1753 4726 inquit,
1783 4656 1948 4712 frater
1973 4657 2202 4713 Aeacius

545 4753 557 4763 '
639 4764 889 4808 mortuus
909 4761 1010 4806 est.
1035 4752 1104 4805 At
1131 4753 1332 4816 senior,
1362 4749 1463 4806 hoc
1487 4749 1703 4802 audito:
1730 4747 1902 4804 Crede
1931 4748 2084 4814 mihi,
2115 4748 2201 4802 in-

637 4846 786 4912 quit,
841 4852 990 4915 pater
1015 4882 1030 4909 ,
1076 4858 1183 4898 non
1228 4841 1389 4898 credo
1430 4850 1726 4896 mortuum.
1768 4838 1907 4896 Tum
1943 4840 2201 4908 magister

638 4937 856 4991 Acacii:
891 4934 1047 5000 Veni,
1078 4932 1274 5002 inquit,
1305 4943 1359 4986 et
1385 4931 1521 4986 vide.
1554 4930 1803 4985 Surrexit
1826 4929 1976 4987 illico
2006 4937 2160 4999 pater
2182 4970 2197 4995 ,

635 5039 689 5083 et
731 5044 854 5081 cum
887 5029 978 5082 illo
1015 5027 1081 5081 ad
1127 5024 1496 5079 cmmeterium
1541 5023 1738 5078 nobilis
1778 5038 1842 5078 ac
1873 5022 2011 5080 beati
2054 5024 2196 5080 illius

637 5120 834 5188 pugilis
900 5119 1221 5187 properavit.
1281 5114 1379 5169 Ubi
1433 5118 1498 5169 ad
1550 5117 1860 5185 sepulcrum
1913 5115 2194 5179 constitit,

634 5210 902 5264 exclamat
948 5220 1095 5276 pater
1120 5248 1134 5270 ,
1175 5217 1226 5261 et
1273 5206 1417 5259 velut
1447 5206 1711 5260 viventem
1743 5205 1888 5274 (nam
1920 5219 2106 5260 revera
2143 5207 2194 5259 in

634 5304 818 5370 quiete
863 5310 1171 5355 sanctorum
1217 5301 1446 5367 vivebat)
1471 5300 1830 5368 compellans:
1862 5298 2047 5354 Frater
2067 5300 2196 5354 Aea.

635 5410 682 5447 CI
708 5436 724 5458 ,
752 5396 925 5464 inquit
949 5434 964 5457 ,
1003 5406 1132 5446 esne
1164 5390 1453 5444 mortuus?
1499 5389 1594 5444 llic
1633 5390 1720 5443 ille
1751 5391 2035 5458 prmelarus
2067 5391 2193 5445 ohe—

633 5485 849 5539 dientia:
883 5486 1024 5539 [ilius
1071 5483 1230 5536 etiam
1276 5497 1304 5533 a
1357 5492 1529 5536 morte
1573 5480 1844 5550 specimen
1876 5481 2192 5535 obedientize

706 5596 884 5667 (u)lta
917 5613 1013 5648 nec
1065 5595 1314 5648 voluntas
1373 5594 1614 5662 pnesidis
1669 5591 1770 5646 sibi
1806 5592 1903 5659 ipsi
1947 5604 2028 5648 est
2072 5610 2200 5648 con-

635 5681 820 5723 traria.

705 5743 778 5808 (ὁ)
811 5737 1196 5808 Notaerroretn
1218 5734 1824 5808 veteruniinterpretum
1850 5749 1863 5808 ς
1891 5733 2078 5808 origo
2117 5731 2194 5787 fe-

634 5801 822 5864 cerunt
848 5823 1142 5877 cognomen
1168 5805 1389 5860 Joannis
1428 5801 1639 5869 Opanii,
1677 5819 1797 5859 cum
1821 5804 1890 5857 sit
1928 5803 1978 5855 in
2006 5801 2192 5857 Graeco

2312 3831 2547 3900 ἐργάτης
2575 3827 2742 3893 ἐστὶν,
2793 3828 2975 3897 ελεγον
3011 3828 3190 3901 αὑτῷ·
3236 3829 3452 3896 Καλῶς,
3499 3830 3699 3895 καλῶς,
3740 3823 3871 3888 ὑπό-

2310 3938 2510 3990 μεινον,
2545 3921 2638 3974 καὶ
2683 3921 3026 3994 ὠφεληθήσῃ.
3082 3923 3321 3995 Ποιήσας
3369 3919 3464 3978 οὖν
3501 3923 3606 3978 ὑπὸ
3640 3925 3738 3978 τὸν
3781 3927 3870 3995 γέ-

2309 4031 2469 4085 ροντα
2510 4014 2601 4068 τὸν
2639 4014 2831 4084 ἀνελεῆ
2875 4017 3077 4068 ἐκεῖνον
3144 4016 3297 4070 ἐννέα
3349 4013 3571 4088 χρόνους
3597 4017 3868 4092 ἐπορεύθη

2307 4105 2444 4175 πρὸς
2475 4105 2698 4176 Κύριον.
2722 4105 2996 4173 Ταφέντος
3017 4101 3112 4160 οὖν
3138 4105 3303 4161 αὑτοῦ
3326 4107 3385 4160 ὲν
3411 4107 3489 4179 τῷ
3521 4111 3868 4183 κοιμητηριῳ

2303 4195 2412 4246 τῶν
2443 4195 2724 4265 Πατέρων,
2758 4195 2893 4265 μετὰ
2923 4196 3080 4250 πέντε
3102 4197 3314 4270 ἡμέρας
3341 4197 3553 4270 ἀπῆλθε
3573 4201 3714 4272 πρός
3744 4219 3865 4255 τινα

2304 4286 2533 4357 γέροντα
2553 4285 2726 4354 μέγαν
2753 4285 2860 4357 τῶν
2884 4288 3071 4343 αὐτόθι
3095 4292 3124 4343 ὁ
3140 4289 3233 4344 τοῦ
3275 4291 3529 4347 Ἀκακξου
3546 4295 3861 4363 ἐπιστάτης,

2305 4376 2398 4430 καὶ
2429 4374 2578 4445 λέγει
2635 4377 2817 4448 αὐτῷ’
2863 4380 3063 4451 Πάτερ,
3109 4380 3385 4452 aesaes;
3447 4384 3698 4447 'Axtbtto;
3756 4385 3864 4438 ἀπι-

2303 4468 2511 4524 έθανεν.
2559 4469 2646 4536 Ὠς
2695 4470 2752 4524 δὲ
2787 4472 3016 4542 ήκουσεν
3049 4473 3078 4524 6
3125 4473 3318 4545 γέρων,
3345 4475 3493 4545 λέγει
3514 4475 3593 4546 τῷ
3614 4476 3859 4530 εἰπόντιο

2303 4559 2617 4623 Πίστευσον,
2642 4562 2822 4631 γέρον,
2847 4563 2908 4617 οὑ
2940 4564 3218 4636 πείθομαι.
3247 4548 3312 4622 ςΟ
3331 4567 3390 4621 δέ
3421 4581 3584 4637 φησιν
3602 4583 3619 4601 ·
3657 4569 3859 4641 Ἔρχου

2302 4655 2396 4708 καὶ
2439 4654 2535 4708 ἴδε.
2608 4653 2830 4726 Ἀνέστη
2862 4657 2891 4708 ὁ
2928 4657 3104 4729 γέρων
3149 4660 3399 4730 τάχιστα,
3445 4659 3539 4714 καὶ
3580 4662 3859 4733 καταλαμο

2303 4744 2538 4800 δάνειτὸ
2573 4748 2926 4817 κοιμητήριον
2955 4751 3054 4804 σὺν
3101 4749 3179 4819 τῷ
3227 4750 3494 4824 ἐπιστάτῃ
3551 4751 3644 4806 τοῦ
3682 4769 3858 4823 μακα-

2303 4839 2418 4909 ρίου
2465 4837 2709 4918 πὺκτον·
2739 4842 2828 4892 καὶ
2873 4840 2975 4913 βοᾷ
3014 4840 3088 4904 ὡς
3138 4840 3300 4904 ζῶντι
3350 4841 3486 4912 πρὸς
3521 4844 3614 4898 τὸν
3641 4844 3858 4914 ἀληθῶς

2300 4930 2630 4999 ἑνκοιμήσει
2655 4928 2851 4999 ζῶντα,
2902 4933 2996 4986 καὶ
3028 4932 3192 5000 λέγει·
3229 4933 3442 5004 Ἀδελφὲ
3477 4937 3720 5000 ’Δκὰκιε,
3749 4940 3853 4992 ἁπ-

2302 5021 2522 5083 έοανες;
2568 5020 2622 5073 ’0
2661 5022 2718 5074 δὲ
2776 5021 3069 5092 εὐγνώμων
3098 5023 3354 5094 ὑπήκοος,
3387 5029 3482 5082 καὶ
3523 5027 3662 5098 μετὰ
3689 5027 3852 5084 θάνα-

2301 5129 2391 5164 τον
2432 5112 2678 5184 ὑπακοὴν
2723 5113 3146 5184 ἐνδεικνύμενος,
3189 5116 3521 5188 ἀπεκρίνατο
3565 5118 3704 5188 πρὸς
3761 5119 3851 5172 τὸν

2305 5207 2508 5273 μέγαν·
2561 5206 2702 5267 Πῶς,
2748 5207 2951 5277 Πάτερ,
2986 5206 3272 5261 ἀποθανεῖν
3315 5209 3537 5263 δυνατὸν
3566 5208 3849 5281 ἄνθρωπον

2302 5295 2545 5364 ὑπακοῆς
2579 5296 2813 5366 ἐργάτην
2835 5312 2848 5358 ;
2883 5296 3014 5349 Τότε
3035 5299 3064 5350 ὀ
3082 5298 3263 5371 γέρων
3282 5302 3311 5354 ὁ
3341 5299 3533 5370 πρώην
3555 5300 3720 5354 αὑτοῦ
3740 5301 3846 5370 (88)

2299 5387 2611 5458 ἐπιστάτης,
2644 5387 2874 5457 ἔμφοϐος
2933 5389 3239 5459 γενόμενος,
3279 5393 3374 5445 ἐπὶ
3413 5391 3705 5461 πρόσωπον
3755 5392 3848 5446 σὺν

2298 5479 2526 5550 δάκρυσι
2582 5482 2763 5540 ἔπεσε,
2827 5481 2917 5533 καὶ
2979 5483 3335 5554 αἰτησάμενος
3383 5482 3472 5535 τὸν
3516 5485 3612 5554 τῆς
3648 5485 3847 5557 λαίρσς

2320 5594 2568 5666 Ἰωάννης
2599 5614 2685 5666 μοι
2709 5599 2734 5646 ὁ
2764 5597 2922 5656 πάνυ,
2942 5595 3168 5652 Joannes
3193 5597 3340 5651 valde
3368 5598 3616 5666 illustris,
3637 5603 3841 5665 nobilis.

2299 5664 2497 5739 clarus,
2529 5664 2788 5733 magnus,-
2828 5669 3067 5739 exempla
3091 5669 3290 5739 passim
3323 5664 3651 5738 occurrunt;
3716 5664 3842 5727 sub4

2299 5735 2516 5818 auditur
2551 5736 2856 5821 μέγας..γᾷ
3168 5738 3248 5794 vel
3277 5737 3379 5821 hoc
3402 5755 3571 5821 genus
3619 5735 3842 5815 aliquid,

2301 5821 2390 5873 μοι
2422 5809 2448 5858 ὁ
2497 5807 2655 5870 πάνυ,
2696 5808 2822 5861 mihi
2856 5807 3004 5862 ralde
3022 5808 3231 5876 chartis,
3267 5807 3562 5882 ἀγαπητός.
