4048 6338
162 520 240 583 721
1140 522 1361 578 Sti.\l..\
1398 521 1771 584 Pilum-Si.
1800 548 1865 559 --
1894 524 2199 583 (ιη-ωιῖὸ
2232 524 2324 581 l\'.

163 631 436 702 ἡγούμενον
470 630 813 699 πλησίοντοῦ
856 634 1129 699 μνήματος
1173 632 1399 694 κελλίον,
1436 636 1550 685 ἐκεῖ
1592 652 1693 686 σω-

1799 636 2124 703 prrebiturns
2172 655 2186 689 :

160 723 347 793 φρόνως
374 722 555 775 λοιπὸν
603 724 781 792 ἔζησεν
818 722 986 789 λέγων
1026 724 1111 775 ἀεὶ
1137 727 1246 787 τοῖς
1282 726 1574 795 Ιῐατράσιν,
1616 728 1697 778 ὅτι

160 814 303 865 ψόνον
345 814 637 883 πεποίηκα.
698 814 849 884 Ἐμοὶ
884 813 1047 878 δοκεῖ,
1092 815 1273 885 Πάτερ
1335 817 1573 887 Ἰωάννη.
1609 819 1698 870 τὸν

162 905 313 972 μέγαν
326 903 509 955 τοῦτον
541 906 790 973 Ἰωάννην
808 900 941 956 εἶναι
962 904 1052 957 τὸν
1072 905 1148 972 τῷ
1168 906 1342 973 νεκρῷ
1367 907 1497 975 λαλή
1512 924 1691 959 ταντα.

162 994 256 1045 Καὶ
276 994 451 1063 ἕτερον
479 996 588 1064 γάρ
624 1012 710 1062 μοι
738 995 811 1057 ὡς
857 994 981 1063 περὶ
1015 994 1172 1048 ἄλλον
1225 996 1369 1058 τινὸς
1400 997 1695 1066 διηγήσατο

162 1087 188 1154 ὴ
222 1084 451 1153 μακαρία
488 1084 653 1137 αὑτοῦ
694 1084 873 1153 ψυχή’
925 1081 992 1154 ἧν
1034 1087 1091 1137 δὲ
1129 1086 1311 1150 αὐτὸς,
1349 1086 1420 1148 ὡς
1467 1086 1691 1154 ὖςτερον

162 1174 383 1243 ἀκριϐῶς
413 1176 609 1243 μαθεῖν
631 1175 917 1245 ἠδυνήθην.
980 1157 989 1171 ’

3212 510 3361 575 '32.’

2258 632 2576 699 Quomodo,
2638 630 2841 698 inquit,
2911 630 2981 681 mi
3030 640 3205 698 pater,
3253 632 3368 681 lii-ri

1782 736 2015 795 potest,
2056 736 2126 781 ’ut
2176 743 2353 780 verus.
2386 724 2704 778 obedientiu-
2756 723 3008 775 alumnus
3060 722 3363 774 tttol'iatur'.’

1797 830 1908 874 tum
1936 837 2062 874 vero
2092 823 2275 876 senior
2309 821 2394 874 ille
2426 819 2603 871 .\eavii
2648 817 2795 885 prius
2834 804 3143 871 moderator
3164 818 3373 879 attoni-

1795 924 1880 965 tus
1920 927 2040 965 cum
2091 911 2345 982 lacrymis
2388 914 2439 964 iu
2486 910 2676 963 faciem
2735 908 3009 978 projectus
3035 946 3049 969 ,
3094 906 3278 975 petivit
3306 908 3372 956 ah

1795 1002 1957 1055 laurze
2009 1003 2390 1056 cmnobiareba
2452 1002 2686 1054 \ieimnn
2728 980 2935 1052 tumulo
2985 996 3368 1056 domicilium_

1804 1092 1892 1145 ubi
1927 1094 2185 1160 reliquam
2217 1110 2429 1148 onmem
2455 1097 2616 1147 vitam
2646 1108 2769 1147 eum
2811 1107 3003 1158 magna
3052 1090 3217 1143 animi
3257 1105 3371 1140 mo-

1797 1182 1965 1253 destia
2017 1194 2070 1238 et
2114 1186 2472 1240 submissioue
2512 1185 2689 1253 exegit
2716 1227 2729 1248 ,
2766 1183 3075 1259 identidem
3126 1180 3371 1249 patribus

160 1266 433 1320 dictitans:
476 1266 839 1321 llomicidium
891 1268 1013 1321 l‘eci.
1065 1266 1225 1321 Pater
1278 1267 1513 1321 Joannes
1565 1270 1694 1320 mihi
1740 1270 1950 1327 Videtur
1992 1276 2077 1330 ille
2120 1278 2231 1345 ipse
2260 1280 2492 1331 eximius
2541 1276 2778 1331 Joannes
2840 1274 3049 1335 fuisse,
3108 1272 3199 1342 qui
3247 1286 3368 1323 cum

162 1356 393 1413 defuncto
425 1361 822 1415 sermocinatus
849 1369 965 1421 est,
1004 1370 1058 1414 et
1103 1361 1259 1415 nobis
1312 1361 1424 1414 luec
1476 1363 1736 1429 exposuit.
1795 1364 1906 1436 84
1946 1367 2077 1423 Nam
2111 1369 2299 1425 beatus
2331 1371 2416 1425 ille
2452 1372 2531 1423 νίν
2578 1379 2629 1423 et
2664 1368 2809 1422 aliud
2850 1366 2979 1418 mihi
3012 1374 3269 1432 umquam
3302 1360 3370 1414 de

162 1452 256 1503 alio
288 1452 561 1515 narravit,
600 1455 741 1523 quod
774 1464 956 1522 postea
997 1454 1068 1506 illi
1110 1454 1208 1523 ipsi
1242 1454 1533 1522 contigisse
1563 1463 1710 1507 certo
1733 1461 1982 1525 cegnovi.

231 1545 613 1615 Ἐμαθήτευσε,
648 1546 831 1614 φησὶν,
863 1546 1045 1616 ἕτερός
1084 1563 1166 1609 τις
1202 1548 1257 1597 ἐν
1287 1549 1352 1615 τῇ
1392 1547 1525 1616 αὐτῇ
1564 1548 1695 1615 μονῇ

162 1636 244 1705 τῆς
294 1636 472 1699 Ἀσίας
544 1637 761 1707 μοναχῷ
810 1655 916 1690 τινι
965 1640 1122 1707 πράῳ
1176 1637 1267 1688 καὶ
1316 1639 1566 1699 ἐπιεικεῖ,
1609 1639 1699 1689 καὶ

163 1726 383 1796 ήσυχίῳ*
426 1730 522 1780 καὶ
568 1728 710 1797 ὁρῶν
753 1729 944 1781 ἑαυτὸν
975 1729 1078 1781 ὑπὸ
1104 1728 1196 1780 τοῦ
1220 1727 1474 1797 γέροντος
1510 1727 1584 1790 ὡς
1619 1746 1697 1781 τι-

166 1816 390 1888 μώμενον
418 1819 515 1873 καὶ
550 1819 661 1887 (89)
698 1819 1212 1890 περιφρονούμενον,
1267 1820 1561 1871 σκέπτεται
1603 1836 1699 1871 κα-

1866 1550 2015 1615 Erat,
2056 1555 2247 1623 inquit,
2285 1556 2336 1607 in
2371 1555 2556 1607 eodem
2588 1552 2728 1606 Asia!
2759 1551 3010 1605 cuénobio
3038 1550 3174 1602 alius
3208 1549 3366 1615 quis-

1796 1640 1938 1708 piam
1970 1642 2121 1696 alteri
2154 1642 2268 1696 tiro
2297 1643 2553 1711 religioso
2592 1652 2645 1695 et
2692 1640 2891 1695 seniori
2934 1640 2986 1691 in
3028 1638 3365 1706 disciplinam

1796 1732 2057 1797 traditus,
2104 1734 2309 1788 homini
2359 1734 2509 1787 \‘alde
2552 1732 2853 1793 moderati,
2895 1730 3033 1798 atqui
3084 1739 3136 1783 et
3195 1730 3363 1783 sedati

1796 1826 2034 1895 ingenii,
2091 1827 2180 1882 sed
2218 1828 2322 1880 tiro
2354 1827 2440 1879 ille
2464 1867 2476 1889 ,
2516 1842 2638 1879 cum
2668 1824 2873 1879 videret
2919 1838 2976 1875 se
3012 1823 3077 1874 ab
3116 1837 3217 1875 suo
3250 1838 3366 1873 tnu-

163 1911 254 1974 λώς
303 1913 433 1983 ὅπερ
478 1912 693 1974 πολλοῖς
737 1912 1023 1982 σφαλερὸν,
1088 1912 1180 1963 καὶ
1215 1912 1454 1963 δυσωπεῖ
1489 1912 1580 1964 τὸν
1603 1913 1695 1979 γέ-

1799 1918 1966 1987 gistro
1994 1918 2095 1972 coli
2124 1928 2177 1971 et
2202 1918 2476 1971 observari
2501 1958 2513 1976 .
2561 1918 2833 1985 sapienter
2862 1915 3000 1983 apud
3036 1930 3093 1967 se
3143 1929 3253 1964 rem
3284 1912 3364 1965 di-

167 2019 305 2070 ροντα
342 2003 605 2056 ἀπολῦσαι
647 2005 825 2058 αὐτόν.
869 2002 992 2073 Εἶχε
1037 2004 1141 2073 γὰρ
1183 2004 1274 2055 καὶ
1319 2004 1504 2071 ἕτερον
1532 2005 1698 2072 μαθη-

161 2090 267 2161 τὴν,
310 2094 404 2145 καὶ
456 2094 517 2146 οὐ
560 2095 697 2148 πάνυ
726 2090 793 2164 ἦν
817 2095 876 2147 τὸ
905 2096 1182 2163 γινόμενον
1206 2093 1471 2165 λυπηρόν.
1521 2094 1697 2164 Ἐξέρ-

164 2201 298 2253 χεται
327 2182 417 2239 οὖν
454 2186 516 2250 ἐξ
541 2187 702 2241 αὐτοῦ
752 2188 846 2240 καὶ
883 2186 1113 2257 καθιστᾷ
1158 2187 1347 2239 ἑαυτὸν
1381 2188 1448 2239 δι’
1479 2189 1695 2239 ἐπιστο-

163 2272 249 2342 λῆς
274 2274 365 2329 τοῦ
406 2277 697 2331 ἐπιστάτου
742 2277 799 2330 ἐν
856 2293 957 2330 τινι
1009 2276 1118 2328 τῶν
1169 2278 1309 2330 κατὰ
1360 2279 1449 2329 τὸν
1498 2277 1695 2329 Πόντον

165 2368 426 2420 κανοὸίων
450 2383 463 2396 ·
506 2370 600 2421 καὶ
640 2370 705 2437 τῇ
746 2367 936 2440 πρώτῃ
972 2370 1145 2431 νυκτὶ,
1197 2370 1318 2423 καθ’
1350 2370 1416 2439 ἣν
1445 2371 1693 2440 εἰσῆλθεν

160 2458 231 2517 είς
270 2458 326 2509 τὸ
354 2459 639 2523 κοινόὄιον,
667 2461 769 2530 ὁρᾷ
800 2459 940 2512 κατὰ
967 2461 1092 2522 τοὺς
1128 2460 1330 2524 ὕπνους
1361 2463 1553 2514 ὲαυτδν
1586 2462 1693 2514 ὑπὸ

161 2563 301 2601 τινων
322 2548 788 2620 λογοθετούμενον,
834 2553 925 2603 καὶ
956 2551 1096 2621 μετὰ
1140 2553 1200 2605 τὸ
1238 2553 1391 2615 τέλος
1412 2553 1505 2606 τοῦ
1532 2552 1691 2619 φοϐε-

165 2638 381 2703 ρωτάτου
408 2640 617 2693 ἐκείνου
644 2640 970 2708 λογοθετίου,
1001 2642 1389 2713 λοιπαζόμενον
1411 2644 1502 2697 καὶ
1524 2661 1695 2713 χρεω-

163 2728 368 2783 στοῦντα
423 2713 666 2799 ’χρυσίου
716 2732 901 2801 λίτρας
949 2734 1156 2787 ἑκατόν.
1226 2734 1566 2795 Διυπνισθεὶς
1601 2728 1694 2785 οὖν

162 2817 323 2888 ἔκρινε
353 2821 412 2873 τὸ
435 2820 649 2889 ὀραθὲν,
675 2823 766 2875 καὶ
788 2818 908 2876 εἷπε
931 2840 946 2856 ο
970 2825 1202 2877 Ταπεινὲ
1240 2825 1473 2893 Ἄντίοχε
1507 2823 1695 2893 (τοῦτο

163 2905 261 2975 γὰρ
279 2904 345 2978 ἦν
374 2910 546 2979 δνομα
572 2912 721 2980 αὐτῷ
738 2912 779 2980 ),
811 2913 979 2976 δντως
1010 2915 1181 2966 πολλά
1206 2914 1575 2984 λοιπαζόμεοα
1597 2916 1691 2968 τοῦ

162 2996 335 3061 χρέους
356 2997 535 3067 ἡμῶν.
564 2999 651 3061 Ὠς
682 2995 776 3054 οὖν
800 3001 1009 3070 ἔμεινα,
1052 3003 1240 3071 φησιν,
1266 3002 1418 3072 ἐντῷ
1448 3004 1695 3073 κοινοόίῳ

158 3086 364 3155 χρόνους
400 3093 548 3159 τρεῖς
603 3092 661 3143 ἐν
696 3091 993 3163 ἀδιακρίτῳ
1040 3093 1272 3162 ὑπακοῇ,
1322 3094 1445 3147 07:0-
1477 3096 1693 3148 πάντων

160 3178 227 3240 ὡς
260 3178 403 3244 ξένος
451 3182 852 3252 εὐτελιζὸμενος
882 3186 976 3237 καὶ
1004 3184 1317 3255 Θλιὸὀμενος
1377 3187 1459 3254 (οὐ
1487 3188 1593 3260 γὰρ
1627 3184 1693 3259 ἦν

1799 2009 2002 2076 spexit,
2037 2022 2199 2077 quam
2229 2008 2411 2061 multis
2443 2022 2582 2075 s:epe
2613 2005 2968 2074 periculosae:
2999 2013 3052 2057 et
3078 2004 3360 2056 exitiosam

1800 2098 1965 2154 fuisse
1993 2108 2330 2169 recognorat.
2362 2098 2547 2166 Itaque
2576 2098 2725 2151 venia
2757 2096 2986 2150 abeundi
3017 2097 3175 2164 petita
3199 2136 3212 2156 ,
3248 2109 3363 2145 ma-

1798 2188 2023 2255 gistrum
2072 2203 2227 2242 suum
2259 2229 2273 2250 ,
2303 2198 2359 2240 ut
2391 2188 2750 2241 dimitteretur
2775 2227 2788 2249 ,
2832 2186 3057 2253 rogavit.
3081 2182 3245 2247 Quod
3278 2198 3361 2235 se—

1800 2280 1935 2333 niori
1969 2294 2073 2333 non
2105 2288 2315 2348 poterat
2340 2294 2458 2335 esse
2484 2278 2639 2331 valde
2668 2276 2956 2331 molestum
2984 2316 2998 2339 ,
3035 2292 3156 2329 cum
3193 2275 3360 2329 alium

1798 2373 2016 2427 haberet
2048 2372 2368 2439 discipulum
2405 2372 2467 2424 ad
2498 2385 2749 2424 manum.
2793 2367 2920 2422 Inde
2949 2383 3077 2433 ergo
3108 2384 3229 2421 cum
3276 2366 3357 2419 sui

1797 2464 2041 2532 prmsidis
2066 2463 2520 2519 commendatitiis
2551 2477 2804 2531 egressus
2824 2502 2837 2523 ,
2884 2475 2942 2513 se
2988 2459 3053 2512 ad
3086 2456 3356 2527 quoddam

1796 2554 1847 2609 in
1884 2553 2055 2608 Ponto
2080 2554 2384 2610 emnobimu
2411 2554 2660 2617 contulit,
2691 2551 2837 2623 quod
2872 2551 3151 2620 ingressus
3184 2548 3355 2617 prima

1796 2645 1977 2699 statim
2003 2656 2155 2698 nocte
2190 2634 2336 2698 visus
2367 2654 2448 2697 est
2486 2644 2587 2698 sibi
2625 2641 2920 2698 secundum
2936 2640 3172 2708 quietem
3192 2652 3355 2707 quos-

1794 2735 1916 2789 dam
1955 2736 2136 2790 videre
2162 2735 2255 2805 qui
2284 2733 2522 2788 rationes
2554 2734 2650 2788 abs
2682 2746 2740 2786 se
2768 2730 3082 2800 exigerent,
3121 2742 3349 2796 seseque

1796 2837 1914 2893 post
1959 2827 2293 2881 tremendum
2328 2826 2457 2879 illud
2510 2831 2565 2877 et
2599 2820 2929 2878 horrendum
2964 2819 3230 2872 examinis
3260 2821 3357 2871 tri—

1796 2918 1955 2972 bunal
2001 2928 2215 2972 centum
2265 2919 2380 2971 auri
2429 2915 2606 2985 pondo
2655 2912 3075 2983 repetundarum
3116 2910 3393 2979 postula-~‘

1796 3022 1927 3066 tum.
1982 3010 2360 3080 Experreetnm
2412 3023 2541 3077 ergo
2595 3007 2661 3061 de
2716 3006 2926 3075 objecto
2987 3020 3085 3071 per
3105 3018 3356 3056 somnum

1795 3104 1912 3155 viso
1933 3103 2074 3157 serio
2102 3103 2363 3173 cogitasse
2392 3099 2668 3156 acdixisse
2693 3115 2707 3151 :
2743 3095 2954 3158 Infelix,
2981 3095 3220 3163 inquam,
3246 3093 3357 3146 An-

1796 3196 1974 3250 tioche
2002 3195 2158 3263 (nam
2207 3194 2263 3247 id
2316 3192 2394 3247 illi
2438 3206 2630 3246 nomen
2666 3189 2811 3254 erat)
2843 3187 2987 3256 gravi
3027 3200 3211 3239 revera
3253 3200 3360 3237 mre

161 3269 324 3325 ἐκεῖσε
356 3272 513 3337 ἄλλος
537 3275 764 3344 μοναχδς
786 3274 978 3343 ξένος),
1008 3276 1194 3348 θεωρῶ
1225 3278 1387 3331 πάλιν
1404 3279 1545 3332 κατὰ
1571 3280 1694 3341 τοὺς

1799 3284 1970 3338 alieno
2009 3282 2259 3351 oppressi
2298 3296 2509 3336 sumus.
2550 3276 2893 3347 Perseveravi
2937 3291 3067 3343 ergo
3108 3274 3160 3326 in
3223 3275 3314 3331 illo
3340 3313 3355 3334 .

162 3362 346 3428 ὕπνους
390 3367 510 3420 τινὰ
554 3368 711 3421 δόντα
737 3386 824 3436 μοι
862 3368 1132 3431 ἀπόδειξιν
1172 3369 1302 3421 δέκα
1353 3370 1551 3439 λιτρῶν
1595 3370 1692 3422 τοῦ

160 3456 336 3524 χρέους
383 3474 504 3527 μου.
549 3459 889 3522 Διυπνισθεὶς
926 3455 1038 3517 οὖν,
1074 3458 1243 3525 ἔγνων
1284 3460 1343 3511 τὸ
1366 3460 1569 3529 ὅραμα,
1604 3462 1696 3512 καὶ

160 3545 306 3615 λέγωο
335 3551 427 3602 ’Λκ
434 3550 538 3621 μὴν
548 3550 701 3613 δέκα,
721 3552 813 3604 καὶ
826 3551 952 3603 πότε
968 3551 1073 3618 ἄρα
1092 3550 1266 3618 μέλλω
1278 3551 1491 3621 ἀποπλη
1502 3551 1577 3620 ρῶ
1586 3568 1692 3617 σαι;

162 3636 284 3691 Τότε
332 3640 475 3708 λέγω
520 3640 766 3710 ἐμαυτῷο
804 3640 1035 3695 Ταπεινὲ
1076 3641 1697 3713 Ἀντίοχε,’περιστοτέ-

164 3745 249 3798 ρου
278 3731 442 3783 κόπου
466 3733 560 3784 καὶ
587 3731 806 3802 ἀτιμίας
841 3732 997 3803 χρεία
1022 3748 1035 3761 ·
1076 3734 1138 3811 ἐκ
1178 3733 1295 3785 τότε
1330 3730 1422 3786 οὖν
1449 3735 1699 3805 ἠρξάμην

163 3816 243 3866 τὸν
277 3818 464 3887 ἔξηχον
514 3821 901 3890 ὑποκρίνεσθαι.
929 3822 1001 3891 μὴ
1033 3821 1215 3890 μέντοι
1250 3824 1433 3891 ἀργῶν
1459 3827 1553 3894 τῆς
1586 3827 1701 3879 δια-

162 3909 331 3971 κονίας
358 3912 419 3962 τὺ
450 3913 696 3965 σύνολον
727 3912 850 3965 ὅθεν
889 3914 1121 3983 ὁρῶντές
1152 3932 1217 3983 με
1253 3918 1309 3967 ἐν
1347 3920 1411 3987 τῇ
1434 3900 1571 3989 αὑτῇ
1602 3922 1697 3973 τά·

166 3997 237 4059 ξει
272 4000 361 4052 καὶ
397 4003 673 4073 προθυμίᾳ
694 4004 742 4054 oi
770 4004 1127 4073 ἀνελεήμρνες
1150 4006 1412 4076 Πατέρες.
1439 4011 1614 4063 πάντα
1633 4013 1700 4063 τα

162 4088 250 4156 τῆς
278 4091 444 4158 μονῆς
488 4108 579 4159 μοι
628 4091 797 4165 βαρέα
846 4093 981 4163 ἔργα
1024 4096 1336 4151 ὲπέταττον.
1387 4100 1699 4169 Ἐπιμείνας

165 4173 248 4230 οὖν
276 4182 337 4249 τῇ
360 4181 584 4252 τοιαύτῃ
609 4180 851 4253 διαγωγῇ
877 4185 969 4237 ἐπὶ
988 4186 1245 4257 δεκατρία
1274 4190 1388 4259 ἔτη,
1417 4184 1555 4241 εἶδον
1574 4193 1700 4253 τοὺς

165 4268 341 4339 πρώην
368 4270 631 4339 ὀφθέντας
649 4290 736 4343 μοι
757 4274 1002 4339 ἐλθόντας
1019 4273 1192 4341 αὖθις,
1214 4281 1304 4331 καὶ
1328 4280 1538 4332 τελείαν
1566 4282 1701 4350 ἀμε-

170 4361 372 4429 ριμνίαν
402 4362 497 4415 τοῦ
534 4363 727 4433 χρέους
752 4383 840 4434 μοι
866 4367 1200 4436 γράψαντας.
1231 4370 1355 4422 Ὅτε
1381 4368 1470 4423 οὖν
1491 4373 1538 4422 εί
1564 4370 1701 4423 ἕθλι·

166 4452 249 4505 ὗόν
279 4471 365 4524 με,
410 4454 507 4523 τῆς
550 4454 720 4526 μονῆς
760 4456 818 4509 ἔν
856 4475 962 4511 τινι
994 4460 1087 4513 τοῦ
1133 4462 1325 4531 χρέους
1366 4479 1465 4532 μου
1516 4465 1703 4533 ὑπομι-
1740 4460 1744 4466 ’

171 4546 550 4614 μνησκόμενος,
576 4546 835 4611 γενναίως
875 4548 1164 4621 ὑπέφερον,
1193 4552 1365 4605 ταῦτὰ
1392 4571 1479 4621 μοι
1511 4555 1540 4607 ὁ
1571 4555 1703 4607 πάν-

171 4647 316 4703 coeo;
356 4638 626 4707 Ἰωάννης,
655 4638 833 4707 Πάτερ
860 4639 1096 4709 Ἰωάννη,
1113 4642 1188 4705 ὡς
1210 4644 1273 4696 ὲκ
1293 4646 1581 4713 προσώπου
1614 4639 1707 4717 δῆ-

172 4718 251 4770 θεν
281 4724 438 4777 ἄλλου
459 4725 752 4794 διηγήσατο
774 4742 787 4755 ·
828 4724 907 4777 διὸ
932 4728 1024 4779 καὶ
1058 4729 1324 4798 Ἀντίοχον
1354 4734 1544 4787 ἑαυτὸν
1581 4752 1705 4803 μετ-

170 4809 455 4880 ωνόμασεν.
511 4809 675 4879 Οὗτος
721 4815 779 4870 δὲ
851 4811 919 4885 ἦν
981 4816 1056 4879 ὡς
1114 4816 1329 4887 ἀληθῶς
1370 4824 1398 4873 ὁ
1440 4822 1502 4873 τὸ
1528 4827 1704 4893 χειρό-

173 4916 368 4971 γραφον
418 4905 485 4958 δι’
524 4907 799 4977 ὑπομονῆς
844 4905 1133 4978 διαρρήξας
1178 4909 1469 4974 γενναίως·
1498 4906 1607 4975 οἷος
1648 4915 1706 4966 δὲ

173 4990 257 5042 καὶ
293 4994 479 5061 γέγονε
524 4995 856 5068 διακριτικδς
892 4998 921 5049 ὁ
957 4997 1102 5060 ὅσιος
1133 4996 1198 5049 ἐκ
1220 4996 1315 5065 τῆς
1339 4999 1514 5068 ἄκρας
1539 5004 1703 5056 αὑτοῦ

175 5078 426 5154 ὑπακοῆς,
454 5085 793 5157 ἀκούσωμεν.
976 5078 989 5090 ”

1799 3372 1991 3444 inquit,
2014 3373 2261 3427 coenobio
2287 3382 2396 3425 tres
2419 3385 2589 3423 annos
2620 3371 2738 3423 sine
2760 3368 3074 3420 diserimine
3100 3365 3359 3417 omnibus

1798 3464 2114 3533 subjectus,
2158 3463 2224 3516 ab
2257 3461 2509 3516 omnibus
2566 3469 2821 3529 tanquam
2882 3458 3209 3512 adventitius
3268 3457 3360 3510 de-

1800 3565 2019 3625 speetus
2040 3595 2056 3620 ,
2081 3554 2321 3623 abjectns
2340 3562 2391 3605 et
2412 3552 2657 3606 amictus.
2684 3551 2851 3605 Nemo
2888 3550 3034 3604 enim
3074 3549 3214 3602 alius
3253 3548 3361 3601 illic

1800 3647 2115 3716 peregrinus
2144 3652 2260 3698 erat
2286 3654 2474 3713 przeter
2503 3658 2605 3698 me.
2640 3644 2854 3696 ltursus
2883 3657 3011 3711 ergo
3043 3651 3164 3711 post
3191 3640 3360 3695 trien-

1802 3740 1951 3793 nium
1998 3740 2063 3793 ad
2094 3752 2314 3790 examen
2366 3735 2563 3789 citatus
2590 3777 2604 3799 ,
2638 3735 2796 3787 video
2836 3749 2931 3802 per
2962 3734 3233 3787 somnium
3271 3732 3363 3786 de-

1800 3847 1916 3884 eem
1946 3830 2205 3885 duntaxat
2242 3827 2360 3881 auri
2397 3826 2654 3881 librarum
2687 3825 3017 3878 debitionem
3046 3821 3354 3877 remissam.

1803 3920 1939 3975 Tum
1984 3935 2111 3974 vero
2162 3927 2284 3987 post
2326 3918 2556 3987 quietem
2609 3917 2881 3969 intellecto
2936 3914 3102 3983 probe
3149 3914 3359 3967 cmlesti

1801 4014 1955 4067 viso:
1992 4026 2084 4079 per
2112 4008 2400 4063 triennium
2439 4022 2536 4075 pro
2566 4005 2676 4076 85
2723 3995 2913 4059 decem
2942 4014 3148 4057 tantum
3180 4006 3360 4072 pondo

1801 4100 2074 4162 satisfeci,
2100 4096 2379 4167 ecquando
2399 4096 2564 4149 miser
2591 4094 2769 4149 omnia
2794 4094 3009 4148 nomina
3035 4093 3324 4147 dissolvam
3340 4096 3363 4145 1'

1804 4189 1942 4257 Ergo
1976 4201 2186 4250 mecum
2233 4185 2380 4254 ipse,
2410 4182 2668 4238 vilissime
2709 4183 2973 4237 Antioche
2999 4224 3012 4247 ,
3058 4184 3249 4253 majori
3286 4183 3363 4236 |a~

1803 4280 1930 4333 bore
1975 4292 2109 4345 opus
2144 4285 2221 4330 est
2247 4316 2261 4339 ,
2292 4283 2346 4328 et
2383 4273 2726 4345 gravioribus
2770 4274 3118 4329 contumeliis
3175 4288 3362 4328 assue-

1804 4367 2082 4430 scendum,
2100 4376 2159 4419 ut
2180 4376 2340 4419 totam
2362 4363 2526 4418 debiti
2550 4366 2909 4435 syngrapham
2935 4366 3173 4419 abolcas.
3209 4362 3363 4417 Dein-

1806 4475 1930 4528 ceps
1958 4474 2087 4527 ergo
2130 4458 2262 4512 fatui
2303 4472 2588 4527 personam
2619 4457 2824 4523 sumpsi
2852 4494 2868 4520 ,
2898 4470 3003 4509 non
3034 4467 3210 4509 tamen
3240 4468 3362 4505 om-

1808 4554 1937 4606 nino
1966 4560 2145 4605 mente
2171 4551 2426 4605 destituti.
2473 4548 2628 4616 Quod
2670 4549 2763 4603 ubi
2810 4546 2998 4601 Patres
3026 4544 3363 4599 animadver-

1811 4655 1943 4705 tere,
1974 4657 2257 4711 meamque
2286 4643 2446 4697 simul
2477 4642 2647 4695 animi
2680 4640 3051 4700 alacritatem,
3086 4633 3360 4688 nihilomi-

1806 4747 1909 4787 nus
1936 4732 1987 4784 in
2013 4731 2263 4785 obeundo
2293 4744 2414 4785 meo
2434 4729 2608 4785 oﬂicio
2630 4743 2872 4791 sensere,
2906 4722 3361 4779 immisericordes

1807 4824 1883 4878 illi
1920 4821 2099 4875 omnia
2138 4820 2448 4873 monasterii
2484 4819 2710 4887 molesta
2745 4828 2798 4887 et
2835 4816 3017 4887 gravia
3044 4828 3208 4868 onera
3240 4823 3363 4877 tau-

1810 4924 1973 4981 quam
1991 4914 2344 4977 purgamento
2360 4906 2595 4960 coenobii
2618 4904 3069 4979 imposuere.9,uo
3090 4903 3142 4956 in
3170 4918 3366 4973 genere

1810 5002 1933 5054 vita:
1960 5012 2085 5053 cum
2130 5011 2303 5051 annos
2343 4993 2599 5050 tredecim
2627 4996 2905 5051 dneassem
2933 5034 2948 5058 ,
2984 5010 3200 5048 rursum
3228 5009 3366 5063 quos

1810 5092 2037 5162 primum
2076 5087 2311 5143 videram
2350 5096 2629 5142 exactores
2661 5088 2959 5149 rationum,
2997 5086 3127 5139 mihi
3157 5087 3364 5142 oblatos

175 5177 375 5270 “Ws
402 5180 493 5249 (ιιιί
517 5181 649 5235 mihi
674 5181 837 5236 ιοιὶυε
860 5181 1022 5236 debili
1062 5182 1358 5251 syngrapha
1384 5186 1699 5255 perscripta,
1740 5200 1900 5241 omne
1956 5183 2195 5238 debitum
2258 5183 2546 5237 remissum
2569 5180 2941 5239 ostenderunt.
2974 5178 3080 5234 Illis
3109 5196 3236 5247 ergo
3266 5194 3363 5231 an-

178 5267 255 5316 nis
279 5281 402 5322 cum
437 5287 522 5326 me
548 5282 729 5342 patres
757 5273 1051 5343 amigerent
1076 5315 1089 5336 ,
1153 5288 1360 5341 semper
1393 5289 1597 5329 memor
1656 5280 1779 5333 aeris
1816 5276 2015 5343 alieni,
2048 5276 2227 5330 omnia
2258 5276 2456 5331 invicto
2488 5275 2671 5331 animo
2694 5267 3059 5328 exantlabam.
3090 5273 3210 5330 llaec
3236 5273 3366 5328 mihi

180 5354 596 5453 sapientissimus
625 5365 713 5419 ille
734 5364 996 5428 Joannes,
1042 5366 1114 5419 mi
1178 5375 1328 5435 pater
1390 5366 1660 5435 Joannes,
1705 5388 1769 5426 ex
1808 5372 1979 5424 aliena
2021 5384 2249 5438 persona
2273 5370 2343 5427 de
2371 5370 2551 5440 seipse
2598 5377 2853 5437 tanquam
2883 5367 2949 5420 de
2971 5367 3367 5448 _alio.dcnarra-

179 5443 248 5496 vit
271 5454 441 5516 eoque
470 5468 527 5507 se
554 5454 872 5509 Antiochum
901 5459 1321 5526 cognominarat.
1357 5455 1450 5510 Hic
1479 5473 1601 5513 vere
1630 5471 1713 5514 est
1751 5461 1837 5513 ille
1866 5459 1959 5528 qui
1999 5466 2059 5513 ut
2086 5458 2463 5529 magnanimus
2494 5459 2656 5514 heros
2684 5441 3105 5524 chirographum
3163 5456 3362 5521 peccati

180 5539 592 5605 perpetientiam
612 5544 937 5599 dilaceravit.
964 5546 1133 5611 Quam
1164 5549 1393 5617 prudens
1450 5563 1579 5602 vero
1638 5550 1776 5605 idern
1818 5550 1870 5602 in
1907 5536 2575 5618 dijudicandisrhominum
2611 5545 2813 5603 animis
2848 5542 3009 5597 fuerit
3035 5542 3072 5608 ,(
3098 5556 3261 5609 quam
3298 5560 3363 5599 ex

182 5625 552 5695 perfectissima
592 5635 889 5689 obedientia
916 5647 1241 5692 consecutus
1276 5645 1391 5690 erat
1427 5637 1710 5705 virtutem)
1750 5638 2051 5693 audiamus.
2342 5698 2345 5699 ν
3081 5679 3087 5685 -
3182 5646 3189 5653 ’

252 5720 607 5793 Καθεζομένῳ
649 5724 820 5796 τούτῳ
854 5729 912 5779 ἐν
952 5732 1018 5799 τῇ
1047 5734 1181 5800 μονῇ
1221 5730 1313 5784 τοῦ
1340 5730 1491 5799 ἁγίου
1531 5731 1698 5785 Σάϐϐα

1886 5731 2023 5787 Cum
2082 5733 2138 5787 in
2204 5733 2591 5806 pbrontisterio
2646 5728 2822 5791 sancti
2878 5724 3068 5778 suum
3128 5725 3365 5791 dracrct.

190 5811 476 5880 προσῆλθον
502 5816 645 5884 τρεῖς
664 5816 910 5886 νεώτεροι
936 5822 1155 5890 μοναχοὶ
1198 5821 1533 5892 μαθητεῦσαί
1569 5822 1698 5890 αὑτιξ

1822 5830 1931 5877 tres
1978 5822 2043 5877 ad
2093 5838 2216 5878 eum
2271 5821 2503 5893 religiosi
2552 5822 2775 5889 juvenes
2843 5830 3055 5879 venere,
3104 5819 3178 5871 uti
3227 5835 3285 5872 se
3313 5820 3364 5872 in

191 5902 515 5972 βουλόμενοι·
562 5903 655 5968 οὓς
691 5906 1075 5981 ὑποδεξάμενος
1132 5915 1440 5983 παραυτίκα
1476 5912 1698 5983 ἐφιλοξέι

1821 5911 1936 5982 ejus
1988 5915 2326 5987 disciplinam
2380 5912 2670 5975 traderent,
2722 5923 2863 5979 quos
2916 5909 3030 5979 ipse
3078 5920 3135 5966 ut
3184 5912 3366 5980 hospi-
