4048 6338
673 329 774 391 723
829 281 846 290 ’

1894 270 2304 392 (SJOANNIS
2339 329 2651 390 CLIMACI'
2710 282 2716 286 ι

2783 272 2785 274 ’
2861 279 2922 308 \

3779 328 3882 394 72.4

675 449 759 494 tes
819 452 947 495 mox
997 446 1337 510 peramanter
1383 441 1594 512 excepit
1636 443 1891 514 hospitio,
1951 453 2006 500 et
2054 445 2122 498 ab
2150 442 2230 496 iti-

2343 458 2511 512 mcsv,
2543 440 2919 513 ἀσμένωςτῶν
2942 441 3041 511 τῆς
3064 440 3368 512 ὁδοιπορίας
3397 442 3580 496 κόπων
3607 443 3881 512 ἁναῷόξαι

675 531 822 588 neris
877 527 1121 588 molestia
1180 549 1284 604 qua
1341 536 1517 604 potuit
1575 535 1905 591 humanitate
1937 535 2215 590 recreavit.

673 621 804 677 Post
868 622 1104 677 triduum
1139 623 1260 678 inde
1315 623 1494 678 senior
1562 626 1683 679 illos
1762 621 2223 681 allocutus:Fra-

675 722 825 776 tres,
892 713 1110 782 inquit,
1157 729 1256 784 ego
1323 707 1512 768 natura
1569 717 1681 786 86
1730 731 1934 785 pronus
1997 731 2115 772 sum
2171 717 2224 769 in

674 817 958 867 venerem,
1036 804 1264 872 proinde
1325 804 1532 858 nullum
1583 821 1649 859 cx
1707 807 1860 861 vobis
1930 807 1986 861 in
2063 806 2226 860 disci-

679 892 878 962 plinam
941 908 1160 963 possum
1241 897 1543 953 admittere.
1619 897 1723 952 Sed
1785 898 1858 952 illi
1915 897 2021 956 hoc
2085 899 2228 953 dicto

677 983 901 1037 minime
961 984 1175 1050 offensi,
1230 996 1488 1042 noverant
1525 987 1666 1041 enim
1735 989 1899 1058 patris
1951 989 2223 1050 virtutem,

677 1087 799 1127 cum
861 1075 1051 1130 multis
1111 1092 1234 1130 eum
1278 1078 1692 1147 deprecarentur
1751 1080 1832 1149 (ut
1882 1079 2231 1150 impetrarent

678 1167 824 1238 quod
876 1168 1154 1238 optabant)
1205 1183 1303 1224 nec
1333 1171 1627 1241 quidquam
1669 1174 2009 1240 proficerent,
2067 1171 2234 1225 simul

611 1289 613 1292 -
681 1274 872 1314 omnes
917 1260 983 1313 ad
1046 1261 1166 1329 ejus
1215 1261 1378 1330 pedes
1425 1262 1648 1331 proiecti
1697 1263 2109 1318 obtestabantur
2148 1262 2227 1316 uti

680 1350 868 1404 saltem
925 1351 1189 1426 salutares
1235 1352 1337 1407 sibi
1384 1352 1596 1407 vivendi
1645 1354 1787 1422 leges
1839 1354 2227 1424 praescriberet,

680 1439 954 1508 quomodo
1005 1450 1059 1495 et
1113 1442 1202 1496 ubi
1266 1443 1368 1496 sibi
1404 1443 1702 1513 (legendum
1772 1453 2006 1515 putaret.
2060 1444 2234 1501 Cessit

680 1543 812 1597 ergo
866 1538 1016 1599 pater
1069 1532 1320 1601 precibus
1381 1545 1602 1598 eorum;
1643 1535 1785 1604 quod
1840 1533 2046 1589 videret
2113 1534 2234 1589 illos

684 1634 826 1674 cum'
864 1636 988 1674 vera
1052 1622 1216 1676 animi
1305 1623 1668 1678 submissione
1737 1632 1790 1679 et
1847 1625 2022 1680 studio
2075 1624 2234 1680 obse-

685 1711 882 1781 quendi
950 1713 1091 1768 dicta
1165 1729 1286 1769 esse
1344 1722 1681 1784 excepturos.
1740 1714 1879 1788 Ergo
1936 1731 2002 1771 ex
2061 1717 2233 1772 tribus

686 1803 783 1856 uni
838 1803 1033 1872 placet,
1107 1804 1298 1874 inquit,
1327 1806 1420 1870 ﬁli,
1472 1805 1699 1861 Domino
1725 1817 1783 1861 ut
1837 1809 1890 1861 in
1945 1807 2234 1863 solitudine

684 1891 788 1946 sub
831 1893 1118 1963 disciplina
1176 1895 1409 1966 religiosi
1440 1897 1670 1966 alicujus
1707 1897 1875 1967 patris
1934 1899 2101 1954 vivas.
2141 1899 2233 1952 Al-

683 1981 785 2036 teri
868 1983 992 2038 dein
1026 2002 1040 2038 :
1071 1985 1148 2038 Tu
1213 1987 1347 2042 vade
1396 1996 1451 2041 et
1516 1998 1688 2042 totum
1769 1991 2064 2044 voluntatis
2131 2001 2236 2044 tua:

683 2085 905 2126 sensum
977 2072 1115 2127 dona
1183 2071 1311 2138 Deo,
1361 2085 1415 2130 et
1470 2077 1597 2131 tolle
1661 2092 1874 2132 crucem
1937 2089 2105 2142 tuam,
2156 2087 2237 2132 at-

692 2174 801 2228 que
853 2160 907 2213 in
978 2161 1253 2215 communi
1308 2164 1683 2234 religiosorum
1739 2166 1964 2220 fratrum
2025 2177 2078 2221 et
2122 2182 2235 2222 co:-

684 2251 850 2306 nobio
922 2252 1074 2320 dege,
1120 2261 1174 2306 et
1247 2263 1454 2307 certum
1511 2255 1734 2311 habebis
1800 2258 2111 2312 thesaurum
2181 2259 2236 2312 in

686 2343 842 2396 coelo.
899 2338 1180 2394 Postremo
1236 2355 1403 2394 vero:
1462 2339 1543 2395 Tn
1621 2341 1775 2396 hauri
1847 2351 1959 2398 toto
2045 2344 2235 2424 spiritu

692 2431 889 2485 mentis
962 2440 1085 2495 tum,
1147 2443 1332 2484 vocem
1400 2429 1670 2495 dicentis,
1733 2445 1854 2501 quas
1930 2431 2024 2487 tibi
2097 2447 2236 2486 nun-

687 2533 851 2588 quam
911 2517 1174 2571 excidat:
1214 2515 1316 2582 Qui
1367 2519 1759 2587 perseveraverit
1803 2520 1860 2572 in
1910 2520 2094 2588 ﬁnem,
2154 2521 2237 2573 hic

690 2610 868 2664 salvus
938 2612 1036 2662 erit
1089 2609 1155 2662 ³⁹.
1219 2609 1321 2663 Abi
1373 2624 1503 2679 ergo
1558 2617 1615 2665 et
1662 2626 1824 2681 quam
1861 2609 1988 2697 .fieri
2040 2618 2236 2680 potest,

691 2725 759 2764 ex
817 2708 965 2765 omni
1040 2709 1347 2762 mortalium
1424 2723 1618 2778 genere
1679 2725 1861 2779 quaere
1934 2719 2127 2764 natura
2185 2718 2241 2766 et

694 2814 916 2886 ingenio
985 2813 1343 2883 asperrimum
1421 2820 1476 2866 et
1536 2810 1938 2866 severissimum
1989 2809 2114 2864 vitae
2189 2818 2242 2864 et

688 2930 906 2970 morum
957 2921 1174 2966 tuorum
1221 2909 1703 2983 [informatorem],
1739 2921 1793 2964 et
1844 2910 2238 2980 perseverando

692 3009 836 3076 apud
888 3006 1041 3070 illum
1090 3003 1332 3075 quotidie
1381 3002 1862 3068 subsannationes,
1905 3009 1962 3057 et
2010 3000 2241 3056 ludibria

2322 533 2655 603 βουλόμενος.
2687 532 2839 586 Μετὰ
2866 533 3056 603 τρίτην
3083 527 3176 585 οὖν
3206 533 3418 602 ἡμέραν
3455 531 3604 601 λέγει
3632 535 3824 596 αὐτοῖς
3853 534 3881 582 ό

2321 624 2498 694 γέρων
2515 639 2527 652 °
2561 623 2744 686 Φύσει,
2777 621 3012 692 ἀδελφοὶ,
3055 622 3337 694 ἄνθρωπος
3388 623 3584 692 πόρνος
3613 627 3756 693 εἰμὶ,
3785 625 3880 676 καὶ

2321 714 2383 765 οὺ
2418 712 2652 782 δύναμαι
2672 712 2923 779 δέξασθαί
2950 729 3104 776 τινας
3129 713 3187 778 ἐξ
3216 714 3387 783 ὑμῶν.
3436 715 3668 768 Ἐκεῖνοι
3687 715 3749 767 δὲ
3779 715 3881 767 οὐκ

2323 803 3156 880 ἐσκανδαλίσθησανονὲγίνωσκον
3199 804 3308 875 γὰρ
3357 804 3456 874 τὴν
3483 805 3752 876 ἐργασίαν
3785 805 3881 858 τοῦ

2324 895 2594 964 γέροντος.
2629 895 2745 958 ⁸Ὠς
2795 888 2889 948 οὖν
2947 895 3120 950 πολλὰ
3171 897 3650 967 παρακαλέσαντες
3691 898 3882 962 αὑτὸν,

2325 987 2506 1038 πεῖσαι
2533 986 2669 1049 ὅλως
2698 987 2799 1052 οὐκ
2821 987 3066 1058 ἴσχυσαν,
3091 987 3214 1041 τότε
3243 988 3524 1058 ῥίπτουσιν
3544 991 3778 1053 ἑαυτοὺς
3805 993 3884 1054 εἰς

2324 1075 2450 1138 τοὺς
2481 1075 2645 1139 πόδας
2687 1074 2884 1130 αὐτοῦ·
2927 1077 3299 1142 δυσωποῦντες
3349 1077 3451 1132 κᾶν
3489 1082 3880 1150 κανονισθῖψαι

2326 1167 2458 1238 παρ’
2488 1166 2674 1232 αὐτοῦ,
2711 1169 2859 1231 ὃπως
2886 1185 2944 1222 τε
2977 1159 3078 1223 καί
3107 1170 3242 1224 ὅπου
3285 1169 3507 1224 καθίσαι
3537 1172 3882 1241 ὀφείλουσιν.

2328 1258 2488 1324 Είξας
2515 1255 2654 1313 οὖνὸ
2683 1260 2881 1329 γέρων,
2915 1261 3008 1314 καὶ
3032 1263 3193 1330 γνοὺς
3231 1261 3312 1314 ὅτι
3339 1262 3480 1331 μετὰ
3498 1263 3885 1326 ταπεινώσεως

2329 1350 2423 1406 καὶ
2460 1351 2704 1422 ὑπακοῆς
2728 1351 2991 1421 δέχονται,
3029 1353 3278 1423 λέγειτῷ
3299 1341 3414 1407 hii"
3448 1354 3586 1424 (90)
3620 1355 3887 1408 Βούλεταὶ

2331 1456 2389 1491 σε
2414 1442 2442 1492 ὁ
2469 1439 2691 1509 Κύριος,
2722 1441 2929 1506 τέκνον,
2957 1444 3016 1497 ὲν
3059 1442 3410 1514 ἡσυχαστικῷ
3437 1445 3587 1516 τόπῳ
3615 1447 3759 1515 μετὰ
3789 1463 3887 1498 πα-

2329 1531 2455 1601 τρὸς
2475 1533 2533 1584 ὲν
2556 1532 2798 1603 ὑποταγῇ
2816 1532 3162 1604 καθεσθῆναι.
3187 1535 3350 1604 Λέγει
3378 1536 3474 1590 καὶ
3504 1536 3582 1607 τῷ
3605 1537 3850 1607 δευτέρῳ
3869 1553 3886 1568 ο

2343 1621 2614 1676 ’Δπελθὼν
2645 1622 2893 1693 πιίιλησόν
2925 1641 3018 1679 σου
3050 1624 3119 1681 τὰ
3139 1625 3441 1697 θελήματα,
3478 1629 3570 1681 καὶ
3598 1627 3688 1690 δὸς
3729 1627 3851 1697 Θεῷ
3869 1645 3885 1660 ο

2335 1713 2431 1766 καὶ
2470 1708 2603 1785 ἆρον
2644 1714 2736 1767 τὸν
2780 1713 2909 1786 (9|)
2966 1716 3195 1788 σταυρόν
3236 1701 3350 1782 σου,
3384 1719 3480 1772 καὶ
3523 1717 3786 1795 καρτέρει
3830 1720 3889 1770 ἐν

2337 1803 2550 1874 συνοδίᾳ
2572 1806 2664 1858 καὶ
2691 1806 2937 1876 κοινοῦίῳ
2968 1806 3235 1877 ἀδελφῶν
3272 1811 3368 1863 καὶ
3388 1810 3603 1874 πάντως
3631 1811 3776 1877 ἔξεις
3793 1810 3889 1882 θη-

2336 1891 2530 1959 σαυρὸν
2549 1893 2608 1944 ὲν
2633 1892 2896 1962 οὐρανοῖς.
2916 1888 3049 1949 Εἶτα
3073 1895 3169 1949 καὶ
3194 1895 3272 1967 τῷ
3306 1895 3475 1972 τρίτῳ
3500 1899 3647 1967 λέγει
3670 1916 3686 1930 ’
3729 1899 3888 1952 ’Δναο

2333 1981 2498 2035 λαϐοῦ
2537 1983 2636 2037 σὺν
2675 1988 2744 2055 τῇ
2783 1988 2917 2056 πνοῇ
2954 2002 3048 2039 σου
3088 1987 3406 2059 άχωρίστως
3448 1990 3539 2042 τὸν
3589 1991 3752 2059 λόγον
3793 1991 3889 2044 τὸν

2335 2074 2608 2141 φάσκοντα
2629 2090 2643 2104 ·
2683 2073 2748 2127 Ὀ
2769 2076 3090 2144 ὑπομείνας
3113 2079 3201 2143 είς
3225 2077 3416 2149 τέλος,
3461 2075 3642 2146 οὗτος
3675 2081 3888 2146 σωθή-

2334 2177 2521 2217 σεται.
2551 2165 2663 2218 Καὶ
2697 2165 2920 2233 ἄπελθε,
2953 2169 3003 2220 εί
3021 2167 3262 2235 δυνατὸν,
3301 2155 3376 2238 μὴ
3394 2168 3558 2242 ἐάσῃς
3586 2170 3645 2223 ὲν
3676 2169 3894 2241 ἀνθρώ-

2334 2271 2450 2308 πων
2481 2255 2641 2323 φύσει
2684 2256 3230 2331 ἐπιπληκτικώτερον,
3265 2258 3300 2330 ἢ
3333 2259 3754 2331 ἀτωτομώτερον
3793 2259 3888 2312 τοῦ

2337 2344 2431 2398 σοῦ
2467 2347 2527 2399 ἐν
2555 2347 2742 2416 Κυρίῳ
2766 2345 3100 2418 γυμναστοῦ,
3127 2350 3224 2403 καὶ
3254 2333 3598 2424 καρτερήσας
3619 2349 3746 2403 καθῗ
3758 2350 3893 2420 ᾑμέο

2338 2452 2437 2505 ραν
2506 2434 2628 2488 πίνε
2681 2433 2816 2490 ὡσεὶ
2866 2437 2987 2507 μέλι
3032 2439 3128 2492 καὶ
3194 2439 3336 2507 γάλα
3380 2441 3762 2511 μυκτηρισμὸν
3798 2442 3891 2493 καὶ

2337 2525 2657 2596 χλευασμὸν.
2713 2526 2774 2579 '0
2820 2526 2880 2579 δὲ
2923 2527 3146 2596 ἁδελφός
3207 2545 3340 2600 φησι
3391 2529 3528 2600 πρὸς
3575 2529 3668 2582 τὸν
3717 2530 3890 2599 μέγαν

2350 2616 2602 2687 Ἰωάννην
2626 2634 2639 2646 ·
2669 2617 2788 2672 Κᾶν
2807 2619 2870 2671 ιν
2897 2617 3148 2689 ἀμελείᾳ,
3173 2619 3372 2690 Πάτερ,
3403 2621 3433 2673 δ
3478 2619 3719 2690 τοιοῦτος
3747 2637 3892 2691 παρ-

2341 2706 2519 2776 ἐχεται
2548 2708 2599 2761 τί
2616 2725 2631 2773 ;
2671 2708 2732 2762 Ὀ
2751 2708 2808 2761 δὲ
2843 2711 3040 2780 γέρων·
3070 2709 3190 2764 Κᾶν
3209 2709 3320 2782 (92)
3363 2697 3708 2783 πορνεύοντα-
3729 2711 3891 2766 αὐτὸν

2341 2803 2528 2878 θεάσῃ,
2550 2807 2624 2877 μὴ
2638 2807 2902 2877 ἀποστῇς·
2921 2805 3058 2861 ἀλλὰ
3083 2807 3210 2876 λέγε
3233 2808 3358 2862 καθ’
3389 2810 3580 2863 ἑαυτόν
3596 2827 3611 2841 ·
3648 2810 3888 2881 Ἑταῖρε,

2319 2893 2427 2968 ,ἐφ’
2465 2888 2512 2961 ᾧ
2553 2897 2749 2966 πάρεις
2778 2896 2911 2950 Τότε
2946 2895 3066 2965 δψει
3104 2897 3170 2949 ἑκ
3209 2895 3302 2949 σοῦ
3343 2896 3760 2968 ’ἀφανιζομένην
3795 2911 3894 2963 φυ-

2345 2987 2531 3040 σίωσιν
2580 2988 2675 3039 καὶ
2714 2987 3115 3058 μαραινομένην
3161 2987 3424 3059 πύρωσιν.
3476 2986 3893 3058 Ἆγωνισὼμεθα

694 3096 856 3149 veluti
908 3096 990 3148 lac
1039 3102 1094 3149 et
1140 3093 1246 3148 mel
1302 3092 1448 3148 bibe.
1510 3092 1647 3146 Tum
1719 3091 1808 3146 ille
1863 3091 1931 3145 ad
1983 3079 2243 3146 eximium

2344 3079 2567 3149 δυνάμει
2597 3080 2746 3150 πάσῃ
2767 3081 2965 3143 πάντες
2989 3081 3038 3132 oi
3069 3079 3160 3134 τὸν
3201 3079 3404 3149 Κύριον
3432 3079 3739 3151 φοϐηθῆναι
3761 3078 3894 3152 ,βου-

695 3186 759 3240 Ρ.
816 3185 1075 3240 Joannem
1113 3185 1300 3252 :Quid
1365 3187 1438 3247 si.
1505 3184 1701 3255 inquit,
1767 3181 1932 3238 Pater
2007 3183 2098 3239 ille
2148 3199 2244 3254 per

698 3271 958 3325 desidiam
1011 3287 1167 3327 suum
1213 3272 1440 3328 ofﬁcium
1500 3287 1608 3327 non
1642 3271 1933 3327 faciat?‘Et
1965 3270 2242 3329 Joannes:

701 3357 946 3423 Etiamsi,
966 3361 1163 3429 inquit,
1181 3361 1538 3417 fornicantem
1568 3370 1622 3415 et
1646 3361 2070 3416 incontinentem
2095 3361 2244 3434 vide-

701 3448 802 3514 ris,
832 3464 898 3503 ne
923 3449 1143 3504 recedas
1170 3450 1238 3503 ab
1259 3449 1371 3513 illo,
1399 3449 1492 3503 sed
1518 3449 1616 3502 tibi
1647 3449 1749 3521 ipsi
1772 3478 1775 3480 -
1795 3449 1904 3512 dic,
1943 3449 2136 3516 amice,
2179 3451 2249 3504 ad

702 3537 835 3605 quid
888 3537 1117 3592 venisti?
1165 3537 1274 3607 87
1329 3535 1468 3590 Tum
1508 3536 1724 3591 demum
1791 3539 1990 3593 senties
2031 3553 2248 3594 omnem

702 3627 758 3682 in
837 3635 889 3681 te
963 3627 1229 3696 superbiae
1290 3626 1486 3682 fastum
1541 3627 1860 3694 concidere,
1929 3642 2252 3698 omnemque

701 3717 932 3773 luxurias
994 3718 1266 3772 flammam
1322 3719 1671 3789 languescere
1717 3727 1772 3773 et
1823 3719 2113 3788 exstingui.
2151 3719 2252 3774 To-

704 3820 756 3864 ta
812 3811 862 3862 vi
922 3819 976 3863 et
1044 3810 1249 3866 viribus
1301 3811 1640 3866 decertemus
1716 3825 1926 3875 omnes,
1995 3810 2087 3881 qui
2145 3804 2285 3868 Do?

705 3899 914 3952 minam
972 3899 1259 3963 timemus,
1311 3915 1379 3952 ne
1440 3900 1493 3953 in
1554 3899 1797 3969 palaestra
1858 3900 2073 3955 virtutis
2128 3915 2252 3956 ver-

707 3991 854 4053 sati,
919 3989 1044 4042 inde
1097 4004 1194 4058 pro
1258 3990 1548 4044 virtutibus
1598 3991 1892 4059 malitiam,
1941 3993 2248 4059 vafritiem,

709 4080 1125 4147 improbitatem,
1177 4079 1428 4134 astutiam
1489 4088 1544 4134 et
1618 4081 1952 4136 iracundiam
2023 4071 2257 4152 reporte-

711 4184 852 4222 mus.
920 4170 1030 4225 Nec
1086 4181 1170 4225 est
1203 4170 1347 4240 quod
1405 4169 1616 4223 mireris
1650 4169 1696 4223 si
1727 4171 2048 4239 quandoque
2075 4171 2130 4224 id
2153 4187 2256 4227 usn

711 4259 893 4312 venire
915 4262 1117 4317 videas.
1187 4260 1322 4315 Nam
1377 4259 1615 4328 quandiu
1671 4259 1818 4314 inter
1877 4259 2113 4328 privatos
2165 4270 2260 4314 aut

2341 3169 2573 3240 λόμενοι,
2607 3171 2693 3223 ἵνα
2732 3170 2808 3241 μὴ
2847 3171 2907 3223 ἐν
2930 3169 3117 3241 τῷτῆς
3147 3171 3347 3240 ἀρετῆς
3379 3170 3689 3241 γυμνασίῳ,
3711 3172 3891 3223 ἐκεῖσε

2342 3262 2608 3332 πονηρίαν
2637 3264 2847 3326 ἑαυτοῖς
2878 3261 3097 3332 μᾶλλον
3141 3261 3238 3314 καὶ
3276 3261 3497 3324 κακίαν,
3527 3260 3813 3330 δεινότητα
3838 3275 3896 3312 τε

2345 3351 2440 3404 καὶ
2464 3353 2821 3421 πανουργίαν,
2857 3350 3305 3420 κακεντρέχειαν,
3343 3349 3438 3403 καὶ
3463 3349 3633 3420 ὀργὴν
3665 3351 3896 3418 ἐπικτη-

2348 3445 2586 3513 σὼμεθα.
2615 3447 2826 3500 Γίνεται
2857 3447 2987 3514 γὰρ,
3025 3443 3120 3496 καὶ
3156 3441 3218 3494 οὐ
3251 3442 3455 3513 θαῦμα.
3480 3443 3623 3507 Ἕως
3660 3445 3762 3514 μὲν
3781 3442 3895 3517 ¹γὰρ

2352 3534 2564 3605 ἰδιώτης
2609 3537 2773 3600 ἐστὶν,
2826 3536 2860 3605 ἢ
2904 3535 3185 3608 -ναυτικὺς,
3227 3534 3266 3606 ἢ
3306 3533 3544 3605 γηπόνος
3586 3532 3894 3602 ἄνθρωπος,

2349 3624 2412 3676 οὐ
2445 3623 2696 3677 τοσοῦτον
2723 3625 2845 3676 κατ’
2871 3623 3034 3678 αὐτοῦ
3054 3626 3103 3679 οἱ
3132 3623 3228 3679 τοῦ
3254 3624 3517 3695 βασιλέως
3531 3623 3721 3694 ἐχθροὶ
3741 3621 3894 3678 ὁπλί-

2351 3711 2553 3777 ζονται.
2602 3715 2770 3767 Ἐπὰν
2793 3714 2852 3767 δὲ
2877 3715 3038 3768 αὐτὸν
3068 3715 3167 3786 τὴν
3195 3714 3336 3786 (93)
3364 3714 3633 3794 63”an
3663 3713 3897 3768 λαϐόντα

2351 3803 2451 3856 καὶ
2472 3803 2568 3874 τὴν
2597 3804 2815 3868 ἀσπίδα,
2835 3805 2928 3858 καὶ
2940 3804 3036 3876 τὴν
3056 3805 3330 3877 μάχαιραν
3356 3803 3450 3859 iul.
3474 3805 3575 3876 τὴν
3602 3805 3893 3876 ῥομφαίαν,

2352 3894 2446 3948 καὶ
2472 3895 2530 3947 τὸ
2553 3894 2724 3961 τόξον,
2758 3896 2854 3949 καὶ⁵
2895 3892 2999 3950 soi”!
3020 3884 3346 3968 στρατιώτου
3375 3897 3438 3950 τὸ
3467 3896 3671 3968 ἔνδυμα
3696 3898 3896 3967 ἠμφιε-

2357 3985 2555 4055 σμένον
2586 3985 2908 4052 θεάσωνται,
2942 3988 3067 4041 τότε
3087 3988 3192 4041 καὶ·
3209 3987 3520 4063 αθτοϊτοίις
3543 3987 3762 4050 ὀδόντας
3782 3986 3895 4040 κατ’

2353 4078 2515 4132 αὐτοῦ
2555 4063 2832 4150 βρύχοὶισι,
2865 4080 2958 4132 και
2983 4080 3196 4144 πάντως
3242 4080 3450 4138 ἀνελεῖν
3481 4082 3646 4136 αὑτὸν
3671 4081 3893 4151 δοκιμά-

2363 4168 2740 4238 ζουσι.Διόπερ
2768 4167 2844 4238 μὴ
2858 4167 3298 4240 ὑπνὼ[σ]σωμεν.
3313 4170 3786 4244 Ἑώρακαᾶκαιραι
3804 4170 3895 4225 καὶ

2357 4256 2815 4325 κάλλιστα-νήπια
2839 4257 2898 4310 ἑν
2929 4257 3089 4329 σχολῇ
3116 4256 3206 4328 διὰ
3243 4259 3454 4329 σοφίαν,
3495 4261 3591 4314 καὶ
3623 4259 3894 4320 παιδείαν,

713 4354 930 4412 nautas,
963 4359 1056 4403 aut
1092 4351 1351 4420 agricolas
1377 4351 1545 4421 degis,
1576 4350 1757 4405 hostes
1786 4349 1864 4403 ιιιί
1902 4349 2044 4420 regis
2060 4363 2166 4404 non
2184 4351 2244 4404 it:

2359 4347 2454 4400 καὶ
2483 4346 2746 4416 ὠφέλειαν
2773 4347 3186 4418 παραγενόμενα
3201 4350 3226 4380 ·’
3241 4350 3337 4422 καὶ
3359 4350 3526 4422 μηδὲν
3547 4349 3726 4402 ἐκεῖσε
3753 4347 3896 4417 είμὴ

715 4437 910 4492 acriter
959 4438 1013 4491 in
1056 4417 1502 4497 teconcitantur.
1571 4442 1643 4495 At
1695 4441 1786 4496 ubi
1828 4449 1879 4496 te
1916 4417 2244 4510 imperatori:

2359 4438 2637 4510 δεινότητα
2677 4439 2772 4492 καὶ
2809 4417 3006 4494 κακίαν
3040 4417 3393 4496 παιδευθέντα
3421 4417 3501 4493 ⁷ἔτι
3531 4439 3632 4510 τῆς
3653 4439 3764 4494 τῶν
3793 4440 3896 4492 λοι-

714 4529 796 4582 ιυί
839 4528 1069 4600 insignia
1097 4531 1338 4598 induere,
1402 4542 1613 4589 scutum
1654 4548 1887 4598 sumere,
1920 4541 1974 4586 et
2023 4527 2254 4603 gladium

716 4635 783 4674 ac
838 4620 1224 4700 rhomphteam.
1263 4637 1468 4687 arcum,
1529 4640 1718 4695 sagum
1760 4634 1815 4680 et
1864 4634 2066 4681 vestem
2119 4625 2259 4679 mili-

625 4711 637 4774 ἶ
715 4723 885 4765 tarem
911 4712 1330 4782 conspexerint;
1373 4707 1486 4767 tum
1528 4716 1803 4771 enimvero
1849 4717 2094 4773 frendere
2126 4718 2260 4772 den-

718 4800 896 4865 tibus,
969 4802 1329 4870 omnibusque
1400 4801 1603 4857 viribus
1655 4804 1708 4857 in
1765 4813 1816 4857 te
1881 4806 2156 4878 insurgere
2207 4814 2262 4861 et

718 4893 963 4947 funditus
1024 4893 1256 4962 perdere
1318 4902 1606 4964 conantur.
1685 4892 1867 4963 Itaque
1929 4913 2141 4968 semper
2206 4898 2262 4952 in

717 4979 962 5041 excubiis
1036 4985 1223 5053 vigiles
1292 4983 1692 5053 persistamus.-
1722 4983 1842 5039 Vidi
1902 5003 2001 5058 ego
2049 4998 2266 5046 teneros

719 5075 927 5146 puellos
963 5081 1019 5128 et
1066 5074 1370 5128 innecentia
1413 5080 1468 5128 et
1502 5073 1676 5128 forma
1717 5077 1956 5144 corporis
2011 5079 2263 5148 pulcher-

719 5169 856 5234 rima
928 5180 1156 5235 prorsus
1233 5164 1490 5219 amabiles
1544 5163 1634 5240 .ad
1704 5163 1888 5219 ludum
1945 5167 2262 5224 litterarium

721 5257 1098 5326 comparanda:
1139 5255 1429 5318 doctrinas,
1483 5253 1760 5322 sapientia:
1783 5294 1798 5316 ,
1845 5263 1899 5309 et
1957 5257 2266 5314 haurienda:

723 5347 968 5403 utilitatis
1011 5361 1177 5402 causa
1230 5345 1452 5408 missos,
1502 5343 1595 5413 qui
1660 5351 1837 5396 tamen
1882 5360 1948 5401 ex
1982 5348 2266 5416 equalium

727 5437 978 5492 societate
1023 5437 1160 5491 nihil
1205 5436 1332 5492 inde
1384 5434 1489 5490 nisi
1548 5432 1810 5488 vafritiem
1860 5442 1914 5488 et
1957 5434 2268 5506 improbita-

730 5533 837 5578 tem
878 5523 880 5525 ’
922 5528 1236 5582 retulerunt.
1331 5526 1432 5592 Qui
1482 5524 1623 5595 sapit
1676 5523 1940 5593 intelligit,
2014 5536 2269 5595 quorsum

800 5703 845 5734 "
876 5703 1058 5786 Matth.
1081 5707 1239 5770 x,22.

2360 4530 2477 4583 πῶν
2525 4529 2919 4603 mammae.
2957 4532 3016 4586 '0
3060 4532 3185 4585 νοῦν
3214 4531 3355 4602 εχων
3371 4531 3572 4601 νοήσει.
3611 4529 3892 4584 meum

2361 4618 2487 4682 τοὺς
2523 4619 2715 4690 τέχνην
2744 4619 3107 4690 μανθάνοντας
3127 4616 3403 4687 ὁλοψῦχως
3424 4615 3499 4687 μὴ
3538 4616 3661 4670 καθ’
3690 4617 3894 4688 ἡμέραν

2365 4711 2689 4781 προκόπτειν
2724 4715 2784 4766 ὲν
2802 4712 2939 4782 αὐτῇ
2959 4725 2974 4740 ⁶
3007 4711 3126 4764 ἀλλ’
3149 4710 3200 4762 oi
3219 4702 3335 4779 ’μὲν
3360 4707 3460 4778 τὴν
3486 4709 3764 4780 προκοπὴν
3780 4711 3893 4763 ἑπι-

2365 4801 2748 4871 γινώσκουσιν·
2777 4803 2827 4855 οἱ
2848 4802 2905 4855 δὲ
2923 4798 3277 4870 οίκονομικῶς
3307 4797 3611 4866 ἀγνοοῦσιν.
3653 4801 3893 4871 Ἄριστος

2359 4893 2686 4962 τραπεζίτης
2739 4891 2877 4963 (at)
2947 4889 3071 4943 καθ’
3115 4888 3354 4957 ἑσπέραν
3414 4887 3478 4942 τὸ
3535 4887 3637 4956 τῆς
3692 4873 3892 4960 ἡμέρας

2360 4979 2548 5052 κέρδος
2582 4981 2618 5052 ἢ
2666 4979 2866 5052 ζημίαν
2913 4977 3130 5038 πάντως
3169 4973 3431 5046 ψηφίζειο
3472 4975 3536 5027 οὐ
3593 4973 3813 5029 δύναται
3841 4975 3892 5029 δὲ

2362 5069 2545 5139 σαφῶς
2583 5072 2805 5140 γνῶναι,
2850 5070 2900 5121 εί
2953 5065 3028 5137 μὴ
3081 5063 3203 5118 καθ’
3254 5063 3404 5148 ὥραν
3465 5063 3527 5117 ὲν
3575 5063 3688 5132 τῷς
3719 5081 3892 5117 πινα-

2360 5163 2514 5234 κιδίῳ
2582 5160 2922 5235 σημειοῦται.
2984 5157 3069 5236 Τὰ
3110 5155 3219 5226 γὰρ
3262 5155 3386 5208 καθ’
3440 5154 3587 5226 ὥραν
3625 5155 3891 5226 λογοθὼια

2361 5253 2420 5307 τὺ
2444 5251 2832 5325 ,καθημερινὸν
2877 5247 3206 5319 φωτίζουσι·
3244 5245 3380 5300 ὅταν
3421 5244 3827 5318 ὀνειδιζόμενος,
3858 5244 3888 5317 ἦ

2363 5313 2823 5414 κατακρινόμίενος
2868 5313 2902 5391 ό
2941 5337 3126 5408 ἄφρων
3152 5335 3436 5405 δάκνηται,
3483 5337 3578 5392 καὶ
3605 5313 3884 5406 ἀᾲτιλέτειί
3909 5313 3918 5366 ί

2363 5436 2665 5507 δοκιμάζει,
2697 5435 2732 5506 ἢ
2766 5429 3042 5500 συντόμως
3086 5425 3166 5516 τῷ
3199 5426 3574 5501 επιπλήττοντι
3619 5430 3898 5515 μετάνοιαν¹

2366 5526 2616 5595 δέδωκεν,
2650 5527 2712 5581 οὐ
2739 5520 3114 5587 ταπεινώσεως
3156 5518 3334 5592 χάριν,
3385 5519 3523 5577 ἀλλὰ
3555 5524 3680 5588 τοὺς
3718 5519 3892 5578 ὀνειδι-
