4048 6338
702 426 763 452 \

269 457 373 521 Τλὶὸ
1214 465 1464 525 'SCALA
1499 465 1875 524 PARADISI.
1898 486 1969 500 --
1997 466 2298 528 GRADUS
2324 470 2419 528 IV.
3268 490 3279 495 η
3355 465 3456 524 ’ῖὶΞῦ

278 573 443 641 σμοὺς
465 570 666 623 παῦσαι
698 570 1019 640 βουλόμενος
1040 589 1052 601 ο
1100 574 1432 643 τυπτόμενος
1471 573 1667 637 σιώπα,
1718 574 1812 625 καὶ

1937 588 2030 627 nec
2090 577 2409 643 pertineant.
2485 575 2621 630 Fieri
2696 590 2799 629 non
2871 584 3043 642 potest
3118 582 3175 626 ut
3234 574 3325 642 qui
3402 589 3460 627 se

280 660 571 728 καταδὲχου
595 660 810 731 ’ψυχῆς
859 663 1197 733 καυστῆρας,
1256 660 1452 734 μᾶλλον
1510 664 1565 715 δὲ
1603 664 1821 731 ἁγνείας

1932 663 2138 731 npiﬁcio
2191 665 2516 720 addiscendo
2567 672 2735 718 totum
2794 663 3021 725 addicit,
3087 663 3213 732 quin
3289 663 3459 731 pluri-

269 749 587 819 φωστῆρας.
630 751 984 821 Παυσαμένου
1010 752 1103 804 τοῦ
1130 752 1334 824 ἰατροῦ,
1376 754 1504 810 τότε,
1520 753 1690 821 τούτῳ
1725 768 1821 822 με-

1932 770 2072 809 mum
2125 756 2178 810 in
2234 772 2298 811 eo
2374 755 2617 825 quotidie
2673 753 2946 824 proficiat,
3014 768 3175 822 quem
3244 752 3459 821 quidem

266 842 477 895 τανόειο
518 842 577 893 tv
614 839 692 910 τῷ
738 841 892 915 θυμῷ
938 845 1046 916 γὰρ
1077 844 1212 907 ἴσως
1239 844 1356 898 οὑδὲ
1394 846 1494 916 τὴν
1534 846 1817 915 μετάνοιαν

1932 844 2219 912 profectum
2268 846 2357 899 alii
2396 844 2655 906 sentiunt,
2716 842 2807 896 alii
2846 856 2995 905 vero,
3032 856 3130 910 pro
3190 840 3280 894 Dei
3332 855 3459 909 pro-

266 934 507 1003 δέχεται-
1922 936 2179 1001 videntia,
2231 951 2336 991 non
2374 936 2822 990 animadvertunt.
2878 930 3119 1001 Optimus
3167 932 3255 986 ille
3308 947 3463 984 men--

266 1026 449 1082 sarius
550 1027 854 1100 [trapezita]
929 1035 1049 1091 est,
1100 1025 1192 1095 qui
1283 1023 1525 1093 quotidie
1583 1023 1688 1076 sub
1756 1037 2034 1092 veSperam
2114 1026 2249 1081 lucri
2304 1026 2551 1080 damnive
2630 1026 2871 1081 rationes
2933 1032 3224 1094 computat.
3307 1023 3462 1088 Quod

267 1126 523 1174 accurate
599 1121 710 1175 ﬁeri
774 1136 880 1173 nou
930 1125 1124 1189 potest,
1183 1116 1296 1185 88
1343 1114 1446 1168 nisi
1496 1128 1588 1183 per
1643 1128 1831 1167 omnes
1869 1113 2031 1168 horas
2081 1113 2134 1169 in
2213 1116 2561 1185 pugillaribus
2611 1117 2847 1185 rationes
2923 1116 3161 1173 adnotes.
3224 1112 3463 1182 singula-

268 1222 394 1261 rum
459 1212 604 1266 enim
660 1214 913 1267 horarum
987 1212 1287 1267 observatio
1352 1208 1514 1263 totius
1584 1207 1687 1261 diei
1749 1215 1947 1261 statum
2036 1208 2286 1264 ostendit.
2342 1209 2514 1265 Malus
2583 1210 2867 1279 religiosus
2959 1223 3080 1264 cum
3161 1207 3461 1275 reprehen-

265 1298 423 1352 ditur
468 1310 521 1354 et
573 1302 928 1372 Objltrgatur,
988 1297 1129 1354 dolet
1209 1305 1265 1353 et
1309 1298 1519 1360 uritur,
1573 1303 1627 1348 et
1675 1293 1891 1364 obloqui
1946 1295 2098 1363 solet,
2159 1306 2251 1350 aut
2336 1301 2517 1353 statim
2610 1300 2833 1369 supplex
2920 1299 3127 1354 veniam
3196 1298 3323 1365 petit
3391 1298 3459 1349 ah

268 1391 614 1462 objurgante,
671 1409 775 1449 non
832 1391 1208 1449 submissionis
1273 1391 1474 1452 studio,
1564 1390 1655 1443 sed
1725 1397 1787 1441 ut
1836 1395 1986 1456 pater
2042 1387 2197 1441 ﬁnem
2244 1387 2405 1444 faciat
2457 1391 2791 1461 obiurgandi.
2856 1389 3116 1445 Convitiis
3185 1388 3458 1441 everbera-

271 1493 364 1543 ως
436 1482 587 1555 [dum
641 1484 971 1557 objurgaris]
1030 1495 1165 1549 tace,
1237 1494 1291 1539 et
1348 1483 1560 1538 fortiter
1611 1480 1819 1536 sustine
1847 1479 2013 1533 animi
2060 1482 2358 1537 cauterium
2434 1494 2489 1537 et
2554 1484 2836 1544 ustionem,
2924 1484 3033 1537 imo
3117 1496 3240 1536 vero
3295 1480 3456 1534 casti-

271 1576 476 1630 moniae
527 1578 672 1633 faces
710 1588 763 1632 et
836 1577 1062 1632 lumina.
1122 1576 1223 1632 Ubi
1311 1576 1552 1631 medicus
1633 1572 1791 1628 desiit
1836 1564 2158 1643 obiurgare,
2214 1583 2344 1630 tunc
2416 1578 2639 1646 supplex
2692 1577 2900 1631 veniam
2955 1590 3195 1644 precare,
3238 1582 3288 1628 et
3346 1571 3458 1626 cul-

271 1681 403 1735 pam
449 1660 758 1735 depreCare,
790 1667 843 1720 iu
896 1668 1084 1721 ardore
1127 1666 1270 1720 enim
1323 1666 1549 1720 ustionis
1596 1662 1825 1718 fortasse
1879 1677 1983 1715 non
2028 1664 2270 1720 admittet
2292 1666 2679 1735 penitentiam.

348 1756 493 1829 Πρὸς
508 1758 683 1813 πάντα
708 1759 818 1829 (95)
840 1758 958 1829 μὲν,
978 1756 1115 1826 πλὴν
1146 1757 1274 1819 ῐσως
1291 1757 1425 1828 πρὸς
1454 1757 1521 1810 τὰ
1540 1756 1633 1810 δύο
1657 1754 1829 1810 ταῦτα

1995 1752 2067 1808 lis
2138 1758 2231 1827 qui
2289 1758 2341 1812 in
2416 1758 2783 1828 religiosorum
2863 1755 3089 1813 coetibus
3159 1763 3457 1813 versantur,

270 1849 427 1917 πάθη
449 1848 501 1901 oi
526 1851 583 1902 tv
606 1848 869 1911 συνοδίαις
895 1848 1015 1902 καθ’
1051 1848 1198 1920 ὥραν
1231 1846 1655 1918 ἀγωνισώμεθαο
1687 1845 1821 1917 πρὸς

271 1939 376 2008 τὴν
398 1938 787 2007 κοιλιομανίαν,
802 1940 895 1992 καὶ
918 1939 1017 2011 τὴν
1040 1939 1316 2009 ὀξυχολίαν
1331 1955 1345 1969 °
1364 1939 1471 1992 τῶν
1487 1936 1700 1991 οἰκείων
1717 1937 1823 2007 γάρ

272 2031 422 2084 ὑλῶν
443 2033 501 2083 tv
511 2031 587 2102 τῷ
605 2031 743 2100 ὄχλῳ
755 2031 1061 2107 εὐποροῦσι.
1077 2032 1201 2095 Τοῖς
1218 2032 1273 2085 tv
1285 2032 1527 2101 ὑποταγῇ
1544 2032 1571 2084 ὁ
1585 2029 1824 2092 διάϐολος

271 2122 551 2176 ἀδυνάτων
565 2123 747 2185 αὑτοῖς
768 2122 976 2193 ἀρετῶν
1005 2122 1295 2193 ἐπιθυμίαν
1328 2122 1603 2192 ἐμϐάλλει,
1628 2120 1825 2190 ὁμοίως
1866 2186 1869 2187 ν

271 2214 373 2264 καὶ
392 2215 503 2275 τοῖς
519 2214 576 2265 tv
604 2212 801 2283 ἡσυχίᾳ
822 2212 891 2265 τὰ
906 2212 1143 2267 ἀνοίκεια
1163 2212 1469 2266 ὑποτίθεται
1491 2228 1505 2242 ’
1527 2210 1825 2274 ἀνάπτυξον

272 2302 652 2356 ὑποτακτικιῖΝ
668 2296 938 2373 ἀδοκίμωῦ
950 2302 1205 2367 διάνοιαν,
1218 2303 1314 2356 καὶ
1329 2302 1573 2373 εὑρήσεις
1589 2303 1702 2354 ἐκεῖ
1717 2301 1825 2373 (96)

269 2388 701 2459 πεπλανημένην
762 2389 990 2455 ἔννοιαν,
1045 2389 1337 2460 ἐπιθυμίαν
1375 2390 1523 2459 (97)
1573 2389 1826 2460 ἡσυχίας,

270 2480 527 2549 νηστείας
546 2480 869 2550 ἀκροτάτης,
891 2480 1195 2551 προσευχῆς
1237 2480 1605 2551 ἀρεμδάστου,
1635 2485 1827 2535 ἀκενο-

267 2570 452 2635 δοξίας
480 2569 673 2641 ἄκρας,
717 2571 937 2641 μνήμης
954 2571 1314 2641 ἀνεπιλήστου
1334 2570 1536 2637 ἐξόδου,
1552 2572 1829 2642 διηνεκοῦς

269 2660 637 2725 κατανύξεως,
678 2662 974 2732 ἀοργησίας
1005 2662 1318 2727 παντελοῦς,
1353 2663 1560 2733 σιωπῆς
1588 2662 1825 2732 βαθείας.

267 2751 501 2819 ἁγνείας
524 2751 982 2823 ὑπερόαλλούσης.
1020 2749 1228 2825 Ὦνπερ
1263 2756 1384 2808 κατ’
1419 2739 1727 2825 οίκονομίαν
1767 2755 1826 2809 tv

270 2842 582 2912 προοιμίοις
613 2842 959 2913 ἀποροῦντες,
983 2845 1105 2914 εικῆ
1142 2846 1519 2915 μετεπήδησαν
1542 2848 1833 2916 ἀπατηθέν·

269 2948 384 2993 τες.
410 2930 522 2999 Πρὸ
543 2929 651 3000 γάρ
681 2931 869 3001 καιροῦ
899 2930 1126 3002 ζητῆσαι
1158 2932 1371 2995 αὐτοὺς.
1398 2926 1439 2985 δ
1458 2933 1646 3002 ἐχθρὸς
1664 2933 1833 2988 ταῦτα

272 3019 595 3089 πεποίηκεν,
627 3019 715 3073 ἵνα
749 3018 824 3090 μὴ
872 3020 1253 3089 ὑπομείναντες
1268 3021 1324 3071 tv
1341 3019 1419 3090 τῷ
1434 3022 1606 3091 καιρῷ
1631 3025 1831 3075 τούτων

1923 1846 2180 1903 adversus
2249 1850 2433 1904 omnia
2497 1850 2714 1920 quidem
2781 1850 2916 1915 alia,
2984 1848 3073 1903 sed
3147 1847 3200 1900 in
3273 1846 3460 1915 primis

1922 1939 2028 1993 duo
2064 1938 2192 1993 vitia
2242 1940 2470 2010 singulis
2524 1956 2689 2010 prope
2734 1940 3020 1994 momentis
3057 1938 3458 2008 depugnandum

1922 2036 2005 2082 est
2037 2044 2051 2079 :
2081 2027 2340 2083 adversus
2391 2029 2635 2083 insanam
2691 2029 2889 2084 ventris
2939 2029 3137 2082 rabiem
3194 2035 3247 2081 et
3303 2027 3457 2080 bilem
3512 2032 3524 2044 '
3555 2022 3569 2035 ⁶

1922 2130 2017 2170 seu
2070 2114 2423 2171 iracundiam.
2492 2116 2588 2173 liis
2620 2118 2962 2187 eninrvitiis
3016 2118 3131 2186 ipsa
3183 2118 3335 2185 copia
3363 2115 3460 2168 do—

1924 2208 2269 2263 mesticorum
2341 2209 2610 2277 copiosam
2693 2209 2971 2263 materiam
3054 2208 3457 2269 subministrat,

1925 2298 2027 2353 sub
2092 2299 2351 2354 antistitis
2420 2298 2644 2368 imperio
2708 2299 2872 2352 vitam
2946 2297 3225 2367 agentibus
3297 2297 3462 2351 hostis

1926 2398 2106 2445 noster
2138 2390 2366 2445 subinde
2390 2390 2647 2445 virtutum
2698 2388 3006 2445 facultatem
3057 2396 3112 2442 et
3162 2389 3302 2442 vires
3368 2403 3465 2441 no:

1927 2490 2067 2536 stras
2144 2482 2511 2536 excedentium
2585 2480 2907 2537 desiderium
2968 2479 3251 2544 immittit;
3325 2478 3465 2533 sicut

1926 2570 2266 2625 anachoretis
2330 2569 2560 2625 absurda
2633 2571 2875 2640 quaedam
2945 2571 3196 2640 suggerit.
3269 2568 3466 2623 Excute

1928 2660 2293 2730 improborum
2331 2675 2425 2715 seu
2470 2661 2755 2715 stultorum
2816 2662 3185 2732 religiosorum
3238 2673 3462 2720 mentes,

1926 2762 1981 2806 et
2016 2752 2380 2821 deprehendes
2424 2766 2658 2806 errorem
2717 2752 2766 2805 in
2826 2752 2931 2806 illis
2964 2752 3225 2805 :nimium
3279 2750 3467 2805 solitu-

1928 2841 2070 2897 dinis
2121 2840 2378 2904 studium,
2441 2850 2706 2895 extremas
2766 2839 3096 2909 jejunitates.
3144 2838 3465 2892 indefessam

1930 2931 2181 3002 precandi
2238 2931 2673 2995 contentionem,
2729 2931 2972 2985 ultimam
3030 2930 3111 2985 sui
3166 2930 3465 2998 despicien-

1934 3024 2091 3087 tiam,
2147 3031 2402 3077 :eternam
2473 3023 2662 3076 mortis
2741 3021 3087 3084 memoriam,
3155 3020 3467 3075 continuum

270 3110 593 3180 ἐπιτύχωσι.
640 3110 945 3180 Μακαρίζει
989 3112 1117 3180 παρ’
1146 3112 1470 3180 ἡσυχασταῖς
1515 3112 1544 3164 6
1574 3113 1824 3166 ἀπατεὼν

1932 3114 2090 3167 animi
2143 3113 2367 3179 luctum,
2413 3111 2703 3183 perfectam
2774 3112 2872 3166 ine
2925 3112 3272 3174 sedationem,
3324 3126 3471 3165 sum-

271 3200 385 3252 τῶν
412 3199 665 3269 ὑπηκόων
688 3198 785 3270 τὴν
809 3198 1125 3268 φιλοξενίαν,
1154 3199 1251 3269 τὴν
1269 3198 1554 3265 διακονίαν,
1581 3200 1681 3270 τὴν
1705 3200 1824 3268 φιλ-

273 3287 553 3356 αδελφίαν,
612 3288 706 3340 καὶ
760 3287 1124 3360 συνδιαγωγήν
1142 3328 1157 3353 ,
1209 3288 1306 3358 τὴν
1367 3288 1474 3341 τῶν
1534 3288 1825 3343 νοσούντων

274 3378 601 3448 ὑπηρεσίαν,
631 3377 719 3430 ἵνα
754 3378 1033 3440 κάκείνους
1069 3378 1501 3448 ἀνυπομονήτους
1533 3378 1670 3431 κατά
1702 3378 1827 3441 τοῦς

276 3468 580 3538 προτέρους
608 3468 984 3537 ἀπεργάσηται
1014 3470 1045 3522 6
1068 3468 1283 3531 πλάνος.
1313 3469 1557 3522 Σπανίων
1581 3468 1679 3538 μὲν
1697 3467 1824 3538 γὰρ,

276 3557 355 3622 ὡς
383 3557 594 3629 ἀληθῶς
622 3556 682 3609 τὺ
709 3557 851 3627 λόγῳ
877 3558 975 3629 τῆς
999 3556 1225 3628 ἡσυχίας
1254 3556 1621 3627 μετέρχεσθαι·
1646 3556 1830 3610 κάκεί-

277 3665 391 3703 νων
426 3649 598 3718 μόνων
620 3647 727 3701 τῶν
762 3648 859 3719 τὴν
884 3647 1031 3702 θείαν
1062 3647 1399 3718 παράκλησιν
1426 3646 1570 3719 ,πρὸς
1595 3647 1694 3717 τὴν
1723 3648 1829 3701 τῶν

278 3742 460 3796 πόνων
490 3739 979 3810 παραμυθίανγκαὶ
1009 3738 1255 3808 πολέμων
1289 3737 1598 3807 συνέργειςιν
1625 3754 1830 3809 κτησα-

280 3833 487 3903 μένων.
534 3831 678 3900 Πρὸς
710 3830 809 3892 τάς
838 3829 1124 3898 ποιότητας
1163 3828 1316 3899 ἡμῶν
1350 3828 1458 3881 τῶν
1498 3827 1704 3894 παθῶν,
1736 3830 1830 3882 καὶ

275 3923 385 3985 τάς
410 3920 685 3989 ὑποταγεὶς
702 3920 1079 3990 διακρίνωμεν,
1105 3920 1199 3973 καὶ
1224 3918 1564 3990 ὲκλεξώμεθα
1594 3921 1829 3991 πρεπόντ-

270 4029 414 4087 ςτως.
444 4011 622 4064 Ἔστω
650 4009 759 4082 (98)
794 4027 877 4063 σοι
912 4010 1040 4082 περὶ
1067 4010 1129 4063 τὸ
1158 4010 1352 4078 λάγνον
1383 4010 1633 4081 ἀκρατῶς
1658 4010 1831 4081 ἔχοντι

277 4102 381 4156 καὶ
406 4100 616 4171 ρέποντι
642 4102 974 4172 γυμναστὴς,
1000 4101 1110 4172 (99)
1135 4102 1392 4173 ἀσκητὴς,
1414 4103 1505 4156 καὶ
1526 4103 1834 4176 ἀπαράκλη-

274 4210 380 4256 τος
416 4193 551 4262 πρὸς
579 4192 801 4263 τροφὴν,
832 4195 925 4246 καὶ
958 4193 1031 4264 μὴ
1057 4194 1253 4263 μᾶλλον
1292 4193 1699 4264 θαυματοποιὸς,
1742 4196 1835 4249 καὶ

275 4286 503 4352 ιτοιμος
530 4283 691 4335 παντὶ
715 4285 794 4345 είς
818 4283 1082 4355 ὑποδοχὴν
1111 4284 1206 4338 καὶ
1232 4285 1524 4355 τράπεζαν.
1558 4286 1735 4340 Ἔστω
1755 4304 1834 4339 σοι

276 4371 556 4443 ὑψαύχενι
579 4372 691 4426 δντι
718 4371 841 4437 ὀξὺς
861 4374 956 4427 καὶ
973 4371 1423 4444 ἀπαραχώρητος,
1454 4376 1545 4427 καὶ
1569 4376 1642 4446 μὴ
1665 4378 1835 4445 πρᾶος

277 4464 391 4517 καὶ
435 4460 823 4532 φιλάνθρωπος⁹
858 4461 933 4531 μὴ
980 4462 1226 4533 ζητῶμεν
1276 4462 1647 4533 προγνώστας,
1701 4466 1835 4535 μηδὲ

276 4550 656 4621 προσλέςταςο
686 4549 819 4604 ἀλλά
849 4550 955 4623 πρὸ
982 4551 1198 4605 πάντων
1244 4554 1458 4616 πάντως
1485 4555 1837 4624 ταπεινόφρο-

277 4659 415 4706 νας,
438 4643 532 4695 καὶ
556 4645 621 4713 τῇ
663 4644 721 4695 tv
749 4644 879 4713 ἡμῖν
925 4643 1064 4714 νόσῳ
1104 4641 1395 4715 ἀρμοδίους
1438 4647 1501 4699 ὲκ
1524 4645 1722 4717 τρόπου
1744 4648 1863 4701 καὶ.⁴

276 4728 393 4783 τοῦ
418 4728 762 4797 καθίσματος.
798 4732 977 4785 Ἔστω
1000 4746 1079 4785 σοι
1106 4733 1246 4786 κατά
1274 4733 1365 4787 τὸν
1396 4734 1721 4805 Ἀὁσάκυρον
1748 4738 1838 4791 τὸν

281 4818 841 4889 προμνημονευθέντα
884 4822 1105 4889 δίκαιον,
1155 4824 1249 4877 καὶ
1292 4816 1445 4887 οὗτος
1495 4826 1653 4889 καλὸς
1706 4829 1840 4897 πρὸς

282 4905 544 4977 ὑπακοὴν
568 4907 598 4959 6
622 4907 839 4976 τρόπος,
861 4909 921 4962 τὺ
948 4909 1037 4964 ἀεὶ
1062 4909 1383 4979 λογίζεσθαι,
1408 4914 1487 4965 ὅτι
1508 4912 1753 4983 πειράζει
1781 4933 1839 4971 σε

282 5004 320 5056 ὁ
356 4996 654 5069 προεστὼς,
680 4998 772 5051 καὶ
799 4998 861 5051 οὺ
896 5000 971 5071 μὴ
1000 4992 1317 5077 ἀστοχήσεις
1348 5004 1497 5058 ποτέ.
1530 5005 1694 5058 Ὅταν
1716 5007 1839 5060 tm.-

284 5090 628 5158 πλήσσοντος
664 5088 973 5156 ἀπαύστως,
1010 5086 1229 5155 πλείονα
1259 5093 1355 5163 τὴν
1396 5093 1531 5163 πρὸς
1565 5095 1723 5149 αὑτὸν
1753 5097 1843 5149 πί-

287 5198 423 5236 στιν
447 5182 541 5234 καὶ
564 5179 781 5250 ἀγάπην
802 5178 1239 5255 προσλαμϐάνῃς,
1263 5182 1484 5254 Πνεῦμα
1510 5185 1662 5253 ἀγιον
1689 5188 1843 5257 ἀορά-

225 5325 243 5335 ,
284 5287 412 5333 τως
436 5272 494 5324 tv
522 5273 586 5341 τῇ
611 5270 753 5342 ψυχῇ
782 5286 873 5326 σου
901 5272 1160 5343 ἑνῴκησε,
1196 5275 1290 5327 καὶ
1321 5275 1544 5345 δύναμις
1582 5276 1842 5345 ’Ὑψίστου

289 5360 596 5415 ἐπεσκίασέ
619 5379 720 5427 σοι,
749 5362 1001 5433 γίνωσκε,
1027 5364 1172 5436 Πλὴν
1193 5368 1267 5438 μὴ
1288 5366 1491 5437 καυχῶ,
1517 5367 1648 5437 μηδὲ
1668 5370 1840 5441 χαῖρε,

288 5451 563 5519 γενναίως
588 5452 870 5523 ὑποφέρων
894 5452 991 5516 τάς
1014 5451 1195 5523 ὕϐρεις
1215 5458 1425 5521 καὶτὰς
1445 5458 1684 5527 ἀτιμίαςο
1711 5460 1845 5513 ἀλλά

296 5540 510 5613 μᾶλλον
528 5543 728 5615 θρήνει,
766 5544 850 5597 ὅτι
889 5545 1023 5608 ὅλως
1063 5543 1209 5610 άξιόν
1233 5565 1285 5601 τι
1320 5548 1525 5621 ὕϐρεως
1554 5549 1843 5619 διεπράξω,

296 5632 404 5687 καὶ
430 5633 694 5703 ἑτάραξας
720 5634 897 5706 ψυχὴν
927 5635 1065 5689 κατά
1102 5636 1215 5690 σοῦ.
1252 5640 1342 5709 Μὴ
1370 5640 1512 5709 (100)
1543 5638 1842 5711 θαμόηθῇς.

298 5724 395 5793 ἐφ’
417 5716 464 5790 ᾧ
491 5725 665 5790 μέλλω
691 5726 889 5793 λέγειν·
916 5727 1148 5796 Μωῡσῆν
1172 5726 1249 5796 (a)
1276 5729 1381 5800 γὰρ
1408 5732 1511 5800 ἔχω
1538 5730 1842 5801 συνήγορον·

1924 3217 2066 3257 mam
2114 3203 2564 3267 taciturnitatem,
2618 3203 2887 3258 caelestem
2952 3202 3270 3256 castitatem.
3326 3202 3471 3265 Quas

1924 3294 2148 3348 virtutes
2206 3307 2331 3347 cum
2381 3293 2437 3346 in
2495 3294 2758 3361 tyrocinio
2818 3292 3125 3360 religionis,
3192 3292 3333 3358 quod
3395 3291 3469 3343 ita

1926 3381 2035 3437 Deo
2123 3380 2395 3435 videretur
2432 3420 2448 3443 ,
2537 3396 2641 3435 non
2734 3380 2916 3434 statim
3004 3387 3415 3448 asscquerentur
3456 3419 3468 3441 ,

1927 3480 2125 3525 temere
2218 3485 2249 3523 a
2332 3478 2507 3538 coepto
2577 3478 2769 3523 conatu
2853 3468 3057 3536 decepti
3145 3468 3468 3521 resilieruut.

1925 3557 2186 3632 89Nam
2234 3558 2433 3614 idcirco
2465 3559 2633 3612 hostis
2687 3568 2810 3612 ante
2833 3557 3039 3625 justum
3090 3566 3299 3624 tempus
3340 3555 3471 3610 affe-

1928 3660 2073 3705 ctare
2109 3659 2218 3703 tam
2248 3648 2501 3703 sublimia
2550 3648 2669 3703 illos
2722 3648 2915 3710 voluit,
2957 3662 3023 3701 ne
3071 3655 3472 3716 perseverantes

1929 3744 2218 3797 virtutibus
2250 3742 2355 3795 illis
2403 3755 2504 3794 suo
2556 3748 2799 3808 tempore
2849 3740 3172 3807 potirentur.
3202 3737 3474 3806 Deprzedi-

1929 3840 2016 3885 cat
2049 3831 2187 3899 apud
2221 3829 2575 3883 anachoretas
2612 3828 2752 3881 idem
2791 3836 3058 3880 veterator
3079 3826 3470 3881 eoenobitarum

1931 3920 2364 3989 hospitalitatem,
2397 3918 2775 3981 ministerium,
2809 3917 3101 3971 fraternam
3132 3917 3471 3979 charitatem,

1932 4010 2195 4064 familiare
2245 4009 2677 4074 contubernium,
2738 4022 2923 4061 curam
2983 4022 3269 4076 aegrorum,
3328 4015 3385 4058 ut
3422 4015 3476 4059 et

1933 4101 2075 4167 illos,
2093 4100 2541 4171 quemadmodum
2576 4099 2806 4170 priores,
2846 4099 3202 4169 praestigiator
3238 4100 3301 4151 de
3332 4102 3475 4150 statu

1932 4192 2055 4248 vitae
2092 4207 2205 4247 sua:
2254 4192 2487 4261 dejiciat.
2518 4190 2822 4245 Paucorum
2854 4206 2982 4246 sane
3016 4200 3100 4245 est
3149 4190 3311 4242 vitam
3347 4204 3476 4241 ana-

1934 4280 2279 4343 choreticam,
2315 4280 2394 4333 uti
2451 4279 2622 4345 decet,
2656 4294 2837 4349 agere,
2892 4289 2945 4333 et
2975 4293 3158 4333 eorum
3215 4277 3478 4331 duntaxat

1936 4372 2029 4441 qui
2054 4371 2119 4425 ad
2145 4370 2411 4433 laborum,
2439 4370 2793 4424 certaminum
2840 4368 3089 4421 alacriter
3129 4367 3477 4422 sustinendo-

1936 4475 2073 4515 rum.
2106 4459 2330 4529 gratiam
2386 4459 2592 4515 caelesti
2625 4459 2991 4515 consolatione
3035 4457 3338 4513 ﬁrmantur.
3376 4461 3479 4513 Pro

1936 4546 2143 4601 ratione
2198 4548 2453 4602 vitiorum
2526 4559 2832 4603 nostrorum
2902 4549 3282 4603 convenienter
3326 4551 3479 4602 nobis

1937 4652 2243 4707 quaeramus
2270 4648 2325 4695 et
2354 4639 2653 4711 deligamus
2684 4645 2885 4691 statum
2923 4638 3263 4695 obedientize.
3298 4638 3398 4705 Qui
3429 4648 3480 4693 te

1937 4730 2005 4784 ad
2035 4730 2497 4801 intemperantiam
2523 4738 2577 4784 et
2603 4730 2849 4798 corporis
2898 4732 3197 4802 voluptates
3250 4746 3480 4799 propen-

1937 4823 2065 4877 dere
2101 4824 2286 4884 sentis,
2308 4820 2522 4875 virtutis
2545 4820 2861 4891 magistrum
2900 4830 2953 4876 et
3002 4822 3206 4875 ventris
3242 4822 3477 4891 castiga-

1938 4914 2136 4970 tionem
2203 4912 2583 4967 inexorabilem
2660 4914 2891 4984 inquire,
2942 4928 3049 4968 non
3112 4912 3481 4982 prodigiorum

1940 5016 2265 5079 patratorem
2303 5020 2396 5061 seu
2427 5008 2888 5078 thaumaturgum,
2929 5022 3034 5060 non
3083 5006 3401 5075 hospitalem
3430 5018 3483 5061 et

1940 5099 2115 5154 cuivis
2165 5095 2437 5151 adventori
2493 5114 2731 5153 mensam
2782 5106 3148 5167 apparantem.
3206 5096 3384 5151 Elatus
3432 5106 3484 5149 et

1944 5201 2201 5255 arrogans
2232 5186 2428 5257 deligat
2471 5198 2732 5242 rectorem
2796 5200 3008 5240 morum
3057 5188 3477 5248 stomachosum,

1944 5276 2210 5341 tetricum,
2241 5292 2517 5346 nunquam
2561 5277 2911 5341 renidentem,
2970 5276 3064 5331 sed
3112 5278 3479 5331 inclementem

1945 5378 1999 5423 et
2020 5368 2391 5423 inhumanum.
2425 5368 2540 5423 Non
2571 5382 2874 5437 quaeramus
2922 5369 3016 5437 qui
3057 5371 3209 5423 nobis
3232 5368 3295 5421 de
3324 5368 3482 5419 rebus

1945 5454 2145 5515 futuris
2199 5461 2419 5515 oracula
2457 5458 2638 5519 edant.
2679 5467 2771 5511 aut
2801 5458 2969 5512 multa
3003 5458 3357 5528 praevidcant:
3387 5458 3481 5510 sed

1944 5550 2191 5603 doctores
2235 5551 2326 5618 qui
2358 5555 2483 5601 ante
2512 5546 2693 5601 omnia
2744 5546 3116 5602 submissionis
3170 5553 3224 5597 et
3262 5545 3484 5598 humili-

1947 5639 2071 5693 tatis
2120 5640 2361 5709 exempla
2409 5653 2517 5706 pra:
2558 5652 2617 5691 se
2656 5637 2848 5703 ferant,
2902 5639 3101 5708 quique
3147 5636 3212 5689 ad
3266 5638 3483 5691 morbos

1955 5729 2118 5783 animi
2159 5730 2327 5784 nostri
2356 5728 2623 5782 curandos
2654 5729 2764 5784 sint
2792 5729 2984 5791 idonei,
3011 5743 3236 5799 seseque
3273 5730 3337 5783 ad
3366 5744 3484 5780 mo-

382 5839 460 5909 (ιι)
497 5837 718 5896 Michael
767 5841 1017 5900 lsseltius.
1074 5844 1166 5914 qui
1225 5853 1376 5899 uetas
1433 5847 1502 5901 ad
1540 5845 1834 5904 Climacum
1875 5844 2108 5918 scripsit,
2164 5835 2324 5917 negat
2381 5823 2582 5916 (aduot.
2638 5848 2739 5919 Ἦ).
2762 5847 2845 5901 hic
2896 5845 3294 5917 intelligendum
3359 5859 3485 5899 esse
3529 5893 3533 5896 .
