4048 6338
590 477 690 538 727

1833 479 1889 535 S.
1925 471 2239 535 JOANNIS
2262 424 2563 538 CLIMdCI

3704 468 3810 529 728

590 605 677 643 res
697 597 913 644 nostros
931 600 985 643 et
1005 598 1204 644 statum
1254 590 1539 661 locumque
1590 591 2031 672 accommodent.
2065 586 2135 642 Sil

2251 591 2524 660 συμφέρον
2548 590 2625 664 είς
2652 588 2800 649 Θεὸν,
2837 587 2926 639 καὶ
2965 585 3040 656 μὴ
3085 585 3162 645 εἰς
3201 581 3407 654 πατέρα
3431 580 3587 653 ἡμῶν
3621 581 3808 650 ἁμαρο

589 678 684 730 tibi
717 677 771 730 i
802 676 984 732 studio
1038 680 1390 747 obsequendi,
1427 690 1649 735 sanctus
1696 680 1782 734 ille
1828 693 1991 748 supra
2024 677 2140 731 lau-

587 766 746 821 datus
789 768 1106 838 Abbacyrus
1158 768 1351 833 forma,
1376 786 1588 835 semper
1616 771 1935 841 cogitando;
1971 779 2144 823 tentat

586 865 640 912 te
687 868 744 910 et
793 859 1037 928 explorat
1095 861 1346 914 virtutem
1409 871 1554 914 tuam
1603 869 1731 914 tntis
1765 861 2010 922 antistes,
2045 876 2141 914 nec

586 963 826 1016 unquam
867 950 1145 1003 aberrabis
1180 966 1208 1002 a
1240 959 1398 1004 meta.
1435 950 1544 1020 90
1575 951 1630 1004 Si
1662 951 1880 1005 assidue
1916 959 1970 1005 te
2003 965 2143 1019 pra:-

587 1038 704 1094 aide
728 1049 821 1092 tuo
861 1040 1174 1110 obiurgante
1207 1042 1462 1110 majorem
1491 1045 1541 1097 in
1575 1044 1726 1098 illiilli
1789 1045 1943 1096 Iidem
1978 1053 2032 1097 et
2061 1041 2140 1095 af-

587 1127 788 1184 fectum
826 1129 1086 1194 indueris,
1145 1141 1390 1186 sanctum
1439 1133 1701 1202 Spiritum
1737 1134 1789 1187 in
1831 1133 2010 1186 anima
2051 1141 2140 1186 tua

585 1225 833 1294 quamvis
882 1226 1317 1294 inaspectabilem
1389 1227 1490 1282 sibi
1534 1226 1713 1280 sedem
1763 1227 1947 1280 Iixisse
1978 1226 2136 1279 scias.

584 1313 874 1367 Enimvero
906 1329 1015 1366 non
1060 1326 1141 1369 est
1187 1319 1331 1384 quod
1372 1315 1621 1385 glorieris
1678 1325 1769 1368 aut
1817 1328 2142 1383 magnopere

581 1401 802 1464 laeteris,
829 1404 873 1456 si
899 1403 1258 1457 contunielias
1295 1413 1349 1458 et
1385 1403 1619 1458 convitia
1647 1403 1865 1458 fortiter
1897 1412 1950 1458 ct
1981 1417 2141 1473 gene-

583 1509 707 1549 rose
743 1493 1000 1563 perferas,
1042 1496 1152 1548 imo
1177 1510 1305 1549 vero
1340 1505 1441 1559 est,
1470 1496 1614 1565 quod
1645 1497 1828 1565 potius
1872 1496 2058 1550 doleas
2089 1506 2143 1550 et

583 1583 849 1654 deplores,
905 1584 1049 1654 quod
1082 1587 1307 1640 omnino
1345 1585 1568 1655 dignum
1609 1595 1666 1640 te
1703 1587 1849 1656 justa
1887 1586 2142 1655 objurga-

580 1680 730 1733 tione
765 1678 1082 1748 przbueris.
1111 1689 1167 1734 et
1192 1678 1358 1748 patris
1389 1681 1465 1733 tui
1496 1679 1739 1734 animum
1771 1679 1824 1732 in
1870 1688 1922 1733 te
1959 1679 2142 1733 conci-

582 1771 735 1822 taris.
769 1769 888 1822 Non
934 1777 1015 1822 est
1049 1768 1192 1838 quod
1241 1770 1530 1838 perculsus
1585 1771 1941 1839 obstupescas
1979 1777 2143 1838 super

579 1871 646 1908 eo
668 1855 812 1924 quod
842 1856 1087 1912 dicturus
1113 1871 1232 1910 sum
1269 1873 1282 1908 :
1315 1857 1486 1910 habeo
1524 1858 1668 1910 enim
1721 1859 2003 1912 Sententia:
2025 1855 2141 1912 suf-

578 1945 904 2015 fragatorem
961 1945 1167 2001 Mosen.
1213 1944 1326 2001 lloe
1363 1946 1472 2009 aio,
1523 1957 1779 2015 praestare
1843 1949 1897 2004 in
1965 1947 2137 2003 Deum

578 2035 755 2100 ipsum
782 2049 1026 2104 peccare,
1056 2049 1215 2104 quam
1253 2035 1306 2087 in
1350 2034 1660 2106 religiosum
1693 2049 1896 2106 patrem
1927 2036 2139 2092 antisti-

574 2120 686 2183 tem
721 2141 990 2184 nostrum.
1025 2125 1159 2182 Nam
1201 2127 1366 2183 Deum
1406 2145 1433 2182 a
1465 2131 1622 2185 nobis
1662 2131 1928 2186 oll'ensum
1958 2144 2138 2186 noster

577 2235 778 2288 pneses
802 2221 1018 2290 placare
1048 2231 1101 2274 et
1126 2221 1478 2275 reconciliare
1503 2223 1660 2276 nobis
1687 2231 1860 2292 potest
1891 2241 1902 2276 :
1933 2222 2137 2277 offenso

575 2321 755 2366 autem
783 2312 1036 2381 religioso
1055 2323 1205 2382 patre
1246 2322 1453 2373 nostro.
1496 2327 1654 2381 quem
1690 2314 1943 2384 deinceps
1969 2315 2138 2369 babes

575 2400 778 2466 bimus,
813 2406 906 2471 qui
959 2402 1124 2457 Deum
1182 2403 1336 2458 nobis
1396 2405 1688 2473 propitium
1752 2407 2134 2473 reddat?Qiia‘.

575 2502 754 2546 tamen
782 2502 1012 2563 utraque
1051 2494 1103 2547 in
1135 2509 1297 2548 unam
1355 2497 1677 2550 sententiam
1705 2507 2013 2553 recurrunt.
2042 2497 2133 2552 Vi-

575 2586 800 2639 deamus
829 2594 880 2639 et
905 2585 1278 2653 dispiciamus,
1320 2597 1372 2640 et
1405 2589 1586 2642 sobria
1637 2578 1816 2643 mente
1862 2605 1976 2644 rem
2018 2606 2134 2660 per-

572 2679 892 2748 pendamus.
943 2677 1312 2749 Objurgatisa
1359 2680 1703 2735 moderatore
1756 2693 1942 2737 nostro
1989 2698 2134 2739 nunc

573 2769 788 2836 quidem
824 2779 978 2836 grato
1017 2778 1073 2822 et
1117 2769 1340 2839 patienti
1389 2770 1573 2823 animo
1615 2785 1738 2824 eum
1793 2771 2008 2828 silentio
2047 2788 2132 2828 re-

569 2858 864 2927 prehensio
910 2858 1227 2912 sustinenda
1277 2869 1382 2922 est,
1435 2874 1580 2913 nunc
1627 2874 1771 2914 γει-θ’
1808 2863 1946 2917 ratio
2004 2862 2131 2918 facti

571 2948 744 3003 nostri
772 2948 1041 3004 reddenda
1083 2958 1184 3003 est.
1222 2949 1338 3004 Meo
1376 2949 1596 3020 quidem
1621 2952 1826 3021 judicio
1855 2969 1978 3008 cum
2033 2971 2133 3012 nos

571 3038 677 3108 ipsi
722 3039 986 3092 duntaxat
1035 3040 1487 3094 contumeliosius
1525 3050 1836 3106 tractamur,
1908 3045 2133 3101 omnino

570 3131 857 3183 tacendum
907 3136 1011 3192 est,
1065 3137 1192 3183 tunc
1252 3130 1397 3184 enim
1456 3131 1589 3184 lucri
1645 3135 1995 3202 comparandi
2049 3146 2133 3192 est

2245 678 2419 747 τῆσαιο
2449 678 2583 732 Θεοῦ
2613 680 2709 750 μὲν
2738 678 2845 748 γὰρ
2878 673 3352 748 παροργισθέντος,
3381 674 3410 726 ὁ
3436 671 3595 743 ἡμῶν
3612 670 3808 741 ὀδηγδς

2245 771 2572 836 καταλλάξαι
2607 771 2765 824 αὐτὸν
2801 769 2935 841 πρὸς
2966 769 3108 843 ὑμᾶς
3131 765 3376 828 δύναται,
3407 765 3602 817 τούτου
3622 763 3680 815 δὲ
3704 763 3807 835 ’ὑφ’

2243 861 2398 930 ήμῶν
2425 861 2809 933 παραχθέντος,
2828 862 2930 913 τινα·
3078 857 3276 923 ὲξιλεού
3285 874 3442 926 μενον
3459 856 3641 909 λοιπὸν
3663 855 3808 925 ὑπὲρ

2243 953 2396 1024 ἡμῶν
2421 955 2517 1007 οὐκ
2541 954 2750 1023 ἔχομεν.
2795 953 2920 1022 Ἐμι.
3061 951 3202 1003 ..οκεῖ
3228 951 3310 1012 είς
3339 947 3465 1018 μίαν
3485 948 3640 1011 δόξαν
3671 948 3810 1000 ἀνα-

2242 1049 2453 1116 τρέχειν
2483 1047 2550 1098 τὰ
2573 1046 2877 1115 ἀμφότερα.
2908 1043 3277 1112 Σκοπήσωμεν
3299 1040 3393 1093 καὶ
3419 1027 3809 1110 διακρίνωμεν.

2243 1136 2336 1190 καὶ
2393 1137 2684 1206 νήφωμεν·
2720 1136 2850 1190 ποτὲ
2897 1134 2996 1204 μὲν
3041 1133 3503 1203 κατηγορούμενοι
3549 1130 3680 1200 πρὸς
3715 1129 3812 1180 τὸν

2245 1226 2473 1294 ποιμένα
2497 1225 2828 1296 εὐχαρίστως
2863 1223 3171 1294 ὑπομένειν,
3200 1221 3295 1275 καὶ
3325 1221 3561 1292 ἡσυχίως
3591 1218 3826 1286 desim:

2245 1319 2522 1389 μεν-’ποτὲ
2574 1318 2630 1372 δὲ
2678 1317 2812 1386 πρὸς
2842 1315 3000 1369 αὑτὸν
3041 1311 3415 1392 πληροφορίαν
3458 1308 3808 1381 ποιήσασθαι.

2256 1411 2405 1480 Ἐμοὶ
2440 1411 2586 1464 δοκεῖ
2625 1409 2720 1461 ἐπὶ
2747 1409 2881 1461 πᾶσι
2919 1405 3018 1479 μὲν
3049 1407 3163 1468 τοῖς
3193 1403 3412 1472 ἀτιμίαν
3445 1403 3576 1473 ἡμῖν
3614 1397 3812 1470 προξε-

2241 1501 2391 1555 νοῦσι
2417 1504 2645 1570 σιωπᾷνο
2678 1493 2898 1570 κέρδους
2929 1497 3036 1567 γὰρ
3056 1495 3176 1566 ὥρα
3203 1495 3370 1548 ἐστίν·
3395 1493 3488 1546 ἐπὶ
3512 1493 3568 1544 δὲ
3594 1495 3707 1554 τοῖς
3729 1491 3812 1552 εἰς

2241 1593 2530 1663 πρόσωπον
2553 1591 2736 1660 ἐτέρου
2767 1589 3151 1662 ἀνατρέχουσιν
3177 1581 3580 1653 ἀπολογεῖσθαι,
3608 1581 3696 1634 διὰ
3716 1580 3811 1634 τὸν

2244 1683 2535 1752 σύνδεσμον
2559 1684 2658 1754 τῆς
2680 1684 2919 1754 ἀγάπης,
2941 1681 3154 1751 καὶτῆς
3173 1679 3366 1735 ἁλύτου
3389 1678 3629 1749 εἰρήνης.
3655 1675 3810 1728 Ὅσοι

2243 1772 2300 1838 ἐξ
2332 1774 2574 1842 ὑπακοῆς
2617 1773 2996 1844 ἀπεπήδησαν,
3025 1767 3169 1827 οὗτοί
3200 1787 3282 1824 σοι
3321 1765 3677 1837 ἁναγγελοῦσι
3709 1763 3813 1834 τὴν

2241 1867 2447 1936 ταύτης
2475 1864 2761 1935 ὠφέλειαν.
2787 1866 2921 1918 Τότε
2946 1863 3056 1931 γὰρ
3081 1862 3321 1931 ἔγνωσαν
3342 1861 3400 1912 ὲν
3429 1859 3566 1930 ποίῳ
3591 1854 3810 1926 οὐρανῷ

2243 1957 2508 2010 ἵστανται.
2539 1955 2597 2008 ’0
2617 1954 2752 2024 πρὸς
2771 1952 2869 2024 τὴν
2889 1951 3156 2006 ἀπάθειαν
3187 1950 3281 2003 καὶ
3303 1948 3397 2001 τὸν
3418 1946 3550 2000 Θεὸν
3570 1943 3806 2014 τρέχων,

2242 2051 2424 2103 πᾶσαν
2471 2048 2705 2118 ἡμέραν,
2740 2047 2798 2099 ὲν
2913 2044 2975 2096 οὐ
3004 2042 3340 2116 λριδορεῖται,
3374 2037 3572 2109 πολλὴν
3603 2034 3810 2108 ζημίαν

2241 2141 2530 2210 λογίζεται,
2561 2140 2748 2208 ὥσπερ
2773 2137 2840 2190 τὰ
2859 2137 3050 2206 δένδρα
3074 2134 3182 2187 ὑπὸ
3209 2132 3318 2184 τῶν
3338 2131 3554 2200 ἀνέμων
3586 2127 3808 2196 σειόμεο

2239 2252 2323 2293 να,
2357 2231 2575 2301 βαθείας
2606 2231 2756 2301 ῥίζας
2779 2225 3228 2281 καταὸἁλλουσινο
3256 2221 3398 2276 οὕτω
3424 2221 3516 2273 καὶ
3542 2220 3592 2272 oi
3617 2221 3676 2274 ὲν
3703 2218 3812 2270 ὑπ-

2239 2329 2374 2396 ακοῇ
2404 2323 2762 2394 διατρίϐοντες
2792 2321 2908 2390 ίσχυ
2919 2319 3012 2390 ρας
3039 2319 3130 2371 καὶ
3157 2315 3482 2383 ἀσαλεύτους
3509 2311 3685 2382 ψυχὰς
3713 2310 3809 2364 κέ-

2239 2435 2481 2487 κτηνται.
2509 2417 2694 2478 Ὅστις
2719 2412 2840 2468 καθ’
2861 2411 3082 2483 ἡσυχίαν
3107 2409 3434 2478 καθήμενος,
3465 2405 3675 2472 ὲπέγνω
3709 2403 3808 2470 τὴν

2235 2505 2430 2560 ἑαυτοῦ
2473 2505 2773 2565 ἀσθένειαν,
2799 2501 2892 2554 καὶ
2935 2496 3210 2570 μετελθὼν,
3243 2495 3525 2564 πέπρακεν
3566 2489 3805 2558 ὑπακοῇ,

2236 2589 2388 2657 οὗτος
2436 2594 2631 2662 τυφλὸς
2677 2591 2773 2654 ὢν,
2816 2590 3034 2650 axem,-
3072 2587 3206 2656 πρὸς
3240 2582 3474 2662 Χριστὸν
3515 2578 3802 2648 ἀνέϐλεψε.

2236 2688 2426 2758 Στῆτε.
2483 2685 2661 2754 στῆτε,
2717 2683 2808 2734 καὶ
2861 2681 3020 2733 πάλιν
3074 2678 3204 2750 ἐρῶ,
3261 2657 3424 2741 στῆτε
3497 2671 3802 2742 τρέχοντες.

2235 2781 2453 2850 ἀδελφοὶ
2494 2776 2744 2846 ἀθληταὶ,
2787 2773 3074 2836 ἀκούοντες
3136 2769 3260 2841 περὶ
3299 2765 3452 2836 ὑμῶν
3489 2763 3584 2818 τοῦ
3633 2760 3799 2830 σοφοῦ

2235 2869 2442 2923 ἐκείνου
2475 2865 2722 2938 βοῶντος·
2777 2863 2864 2928 Ὠς
2915 2860 3110 2933 χρυσὸν
3140 2861 3168 2912 ὁ
3204 2857 3406 2927 Κύριος
3437 2854 3495 2906 ὲν
3527 2867 3801 2924 χωνευτηο

2237 2963 2355 3034 ρίῳ,
2391 2959 2590 3031 μᾶλλον
2625 2957 2682 3010 δὲ
2728 2956 2784 3009 ἐν
2826 2953 3072 3024 κοινοὸίῳ
3111 2950 3430 3020 ἐδοκίμασεν
3462 2945 3673 3007 αὐτοὺς,
3705 2942 3802 2998 καὶ

2234 3057 2308 3116 ὠς
2340 3050 2693 3119 ὁλοκαύτωμα
2730 3047 2916 3109 θυσίας
2947 3041 3300 3116 προσεδέξατο
3341 3038 3539 3100 αὐτοὺς
3577 3038 3637 3089 ὲν
3686 3035 3802 3099 τοῖς

2237 3145 2456 3208 κόλποις
2482 3141 2669 3196 αὐτοῦ’
2694 3134 2738 3209 ᾦ
2770 3140 2804 3210 ὴ
2825 3137 2952 3202 δόξα
2983 3177 2997 3200 ,
3033 3135 3127 3190 καὶ
3157 3135 3216 3186 τὸ
3245 3130 3440 3204 κράτος
3464 3127 3675 3182 αἰώνιον
3702 3126 3803 3179 σὺν

569 3230 801 3289 tempus.
855 3218 955 3275 Ubi
1002 3235 1131 3275 vero
1175 3221 1500 3276 contumelia
1552 3222 1603 3275 in
1643 3224 1869 3279 alterius
1916 3221 2132 3296 queque

2240 3238 2415 3308 Πατρὶ
2446 3234 2666 3311 ἀνάρχῳ
2693 3231 2788 3285 καὶ
2819 3227 3094 3297 Πνεύματι
3125 3223 3263 3295 ἁγίῳ
3291 3221 3385 3276 καὶ
3416 3214 3797 3292 προσκννητῷ.

569 3323 827 3375 damnum
863 3322 1146 3385 redundat,
1179 3332 1291 3377 tum
1343 3331 1541 3378 mutua:
1569 3325 1852 3382 cbaritatis
1893 3338 1947 3382 et
1985 3333 2133 3398 pacis
2251 3331 2443 3402 νᾹμήν.
3016 3381 3032 3398 ,

570 3415 962 3470 indissolubilis
989 3413 1262 3468 vinculum
1283 3413 1471 3483 exigit,
1534 3423 1593 3467 ut
1629 3430 1729 3485 pro
1790 3417 1962 3474 altero
2020 3400 2470 3496 respondeamus.
2511 3417 2831 3485 Quicunque
2868 3413 2937 3467 ab
2983 3408 3293 3467 obcdientia
3339 3400 3797 3467 desiliernnt,illi

568 3511 664 3566 (bi
695 3512 816 3580 ejus
839 3511 1122 3566 utilitatem
1147 3510 1531 3584 denarrabunt.
1555 3509 1694 3566 Tum
1728 3513 1943 3570 demum
1973 3495 2125 3574 enim

2240 3520 2482 3589 elligunt,
2509 3529 2616 3585 quo
2652 3514 2705 3567 in
2735 3510 2873 3567 coelo
2937 3507 3090 3578 prius
3127 3502 3488 3560 constiterint.
3546 3497 3651 3568 91
3674 3495 3789 3562 Qui

568 3603 636 3657 ad
662 3618 844 3658 veram
865 3604 1029 3658 animi
1055 3592 1494 3672 tranquillitatem
1520 3615 1573 3661 et
1595 3606 1770 3675 ipsum
1798 3608 1967 3662 Deum
2033 3620 2307 3683 praperat,
2367 3611 2555 3680 ingens
2618 3605 3000 3662 detrimentum
3067 3612 3127 3652 se
3159 3595 3435 3665 accepisse
3499 3591 3800 3683 existimat,

565 3710 679 3764 quo
705 3697 792 3750 die
830 3696 1034 3751 nullam
1085 3695 1414 3751 calumniam
1471 3698 1608 3751 tulit.
1687 3682 2154 3764 Quemadmodum
2229 3704 2374 3759 enim
2421 3703 2642 3756 arbores
2692 3714 2723 3752 a
2766 3693 2940 3750 ventis
3003 3690 3216 3762 agitata:
3281 3686 3498 3742 altiores
3575 3682 3788 3737 radices

566 3801 755 3859 agunt,
791 3790 862 3842 ita
882 3788 977 3857 qui
999 3787 1101 3844 sub
1123 3788 1442 3846 obedientia:
1463 3790 1596 3862 jugo
1622 3792 1826 3858 vivunt,
1865 3792 2030 3852 fortes
2094 3808 2147 3854 et
2185 3796 2369 3853 invicti
2406 3795 2722 3850 redduntur.
2762 3775 3114 3859 Quisqiiis'in
3183 3779 3472 3845 solitudine
3525 3785 3798 3839 versatus,

566 3900 725 3938 suam
749 3883 918 3952 ipsius
951 3882 1572 3954 imbecillitatemcaepit
1633 3900 2038 3958 recognoscere,
2074 3889 2308 3960 indeque
2370 3889 2435 3944 ad
2474 3885 2782 3944 coenobium
2820 3881 3130 3950 demigrans
3169 3875 3410 3947 seipsum
3468 3871 3612 3926 ultro
3657 3867 3796 3923 obe-

571 3977 787 4031 dientiaa
819 3985 1064 4030 auctorat
1089 3987 1137 4029 et
1166 3976 1382 4038 addicit,
1413 3976 1502 4032 hic
1543 3992 1716 4032 caecus
1737 3987 1878 4042 ante,
1941 3989 2161 4059 repente
2199 3983 2316 4038 sine
2354 3981 2535 4036 labore
2557 3978 2832 4035 Christum
2859 3973 3024 4043 coepit
3061 3969 3352 4040 respicere.
3423 3963 3599 4059 State,
3635 3969 3796 4022 state,

570 4069 803 4137 religiosi
834 4069 1066 4134 athletae,
1099 4071 1291 4123 iterum
1313 4080 1475 4140 atque
1509 4071 1701 4126 iterum
1735 4071 1934 4139 dicam,
1994 4055 2155 4142 state,
2195 4086 2248 4131 et
2281 4082 2644 4147 perseverate,
2709 4081 2764 4127 et
2807 4067 3011 4124 currite
3044 4065 3280 4121 stadium
3335 4055 3801 4147 obedientiatsa-

565 4162 762 4233 pientis
781 4161 925 4216 illius
952 4175 1137 4215 vocem
1169 4161 1532 4222 attendentes.
1556 4173 1812 4232 tanquam
1849 4179 2043 4219 aurum
2068 4165 2122 4218 in
2162 4144 2464 4231 fornace“,
2488 4167 2598 4220 imo
2644 4174 2774 4216 vero
2809 4158 2982 4214 multo
3051 4155 3226 4228 magis
3268 4154 3325 4206 in
3386 4147 3638 4205 coenobio
3683 4144 3800 4199 Do—

566 4255 747 4308 rainus
795 4253 1046 4324 probarit
1092 4253 1214 4309 illos
1242 4271 1255 4307 :
1285 4264 1340 4308 et
1392 4253 1536 4308 sicut
1594 4255 1891 4312 holocausti
1927 4257 2135 4312 hostias
2172 4259 2377 4330 accepit
2420 4259 2542 4313 illos
2583 4258 2637 4311 in
2711 4254 2831 4310 sinu
2887 4267 3009 4319 suo,
3059 4250 3151 4306 cui
3226 4244 3394 4318 gloria
3427 4251 3483 4298 et
3509 4239 3797 4312 imperium

566 4358 826 4404 uernum
855 4362 978 4401 cum
1029 4345 1190 4400 Patre
1217 4348 1308 4414 qui
1339 4357 1422 4402 est
1445 4347 1565 4418 sine
1592 4349 1881 4421 principio,
1917 4362 1970 4406 et
2005 4349 2206 4420 Spiritu
2249 4363 2437 4408 sancto
2472 4347 2766 4404 adorando.
2801 4347 2994 4400 Amen.

635 4440 713 4493 De
737 4448 969 4508 quatuor
995 4437 1175 4492 adhuc
1209 4439 1468 4506 gradibus
1506 4441 1744 4509 paradisi
1775 4445 2006 4514 egimus,
2031 4443 2126 4513 qui

2316 4443 2619 4514 ’ἰσάριθμος
2683 4435 3079 4506 εὐαγγελιστῶν
3141 4429 3368 4502 βαθμός.
3437 4428 3494 4480 '0
3558 4422 3797 4514 ἀθλητὴς

565 4547 850 4587 numerum
879 4538 1113 4599 quatuor
1147 4531 1601 4599 evangelistarum
1634 4535 1966 4603 exprimunt.
2015 4534 2130 4590 Stet

565 4626 762 4679 athleta
812 4622 1038 4685 Christi,
1069 4631 1123 4674 et
1171 4623 1474 4692 impavidus
1517 4623 1755 4679 stadium
1809 4624 2130 4680 obedieniize

564 4718 838 4770 decurrat.
870 4715 1008 4768 Olim
1039 4712 1275 4769 Joannes
1321 4715 1537 4770 Petrum
1599 4732 1761 4771 cursu
1797 4721 2083 4774 antevertit
2112 4737 2123 4771 :

567 4824 713 4864 nunc
738 4823 868 4876 ergo
906 4816 960 4861 et
994 4808 1083 4863 hic
1132 4808 1332 4877 gradus
1375 4808 1696 4863 obedientize
1727 4818 1852 4865 ante
1898 4810 2127 4881 gradum

2236 4512 2657 4604 στῆκεξτρέχων
2681 4528 2914 4598 ἀφόϐως.
2949 4520 3266 4596 Προέδραμέ
3294 4533 3424 4573 ποτε
3444 4514 3652 4584 Πέτρου
3683 4512 3797 4566 Ἰω-
3838 4523 3840 4525 ‘
3933 4545 3943 4554 .

2234 4628 2415 4698 ἀννης·
2457 4621 2820 4694 προτέτακται
2861 4618 2918 4672 δὲ
2978 4614 3072 4669 νῦν
3112 4612 3330 4680 ὑπακοὴ
3385 4605 3688 4678 μετανοίας.
3731 4605 3796 4658 '0

2238 4719 2336 4789 μὲν
2354 4697 2476 4786 γὰρ
2507 4710 2790 4784 προλαϐὼν
2823 4707 3089 4778 ὑπακοῆς,
3115 4707 3145 4760 ὁ
3171 4705 3229 4758 δὲ
3260 4703 3444 4772 ἕτερος
3468 4697 3598 4770 περὶ
3625 4712 3796 4768 μετα-

2235 4810 2380 4872 νοίας
2407 4807 2574 4860 τύπον
2600 4803 2954 4872 καθέστηκεν.

567 4902 896 4991 pmnitcntia:
939 4902 1234 4956 collocatus
1260 4913 1362 4958 est.
1402 4900 1638 4957 Joannes
1691 4904 1836 4958 enim
1885 4892 2266 4974 prmcurrendo
2338 4901 2640 4974 symbolum
2703 4893 3021 4952 obedientia:
3093 4885 3381 4957 expressit.
3416 4882 3609 4939 Ρειΐιιε
3659 4888 3792 4932 τοῖο

567 4997 914 5068 νωηίιθιιιίω.

835 5109 946 5180 92
977 5102 1266 5162 SCHOLIA
1322 5104 1413 5158 AD
1459 5103 1749 5161 GRADUM
1796 5107 1885 5162 IV.

1127 5219 1200 5274 De
1247 5219 1562 5276 ‘obedienti'a.

1189 5329 1434 5385 Scholion
1462 5331 1511 5383 1.

641 5426 769 5481 Sive
795 5424 861 5477 ad
885 5423 1157 5490 agonistas
1178 5432 1232 5477 et
1259 5422 1454 5476 milites
1484 5421 1685 5477 Christi
1727 5422 1990 5479 adversus
2018 5423 2128 5478 da:-

570 5533 761 5572 mones
809 5514 1198 5586 deprazliantes.
1237 5513 1456 5570 Veteres
1505 5517 1672 5577 enim,
1725 5530 1912 5571 omnes
1955 5516 2122 5570 bella-

573 5621 740 5674 tores,
757 5609 966 5678 pugiles
999 5605 1332 5671 vocitabant,
1371 5607 1516 5676 quod
1553 5607 1736 5677 digitis
1790 5608 1842 5660 in
1891 5621 2127 5678 pugnum

643 5723 693 5755 ⁸⁸
732 5722 861 5792 Sap.
897 5739 977 5787 ιιιὃ
1010 5722 1044 5775 5

2635 5094 2883 5149 ΣΧΟΛΙΑ
2914 5091 3023 5146 ΕΙΣ
3057 5084 3283 5141 ΛΟΓΟΝ
3310 5085 3392 5153 Δ’.,

2782 5205 2921 5276 Περὶ
2942 5199 3236 5271 ὑπακοῆς.

2834 5318 3090 5388 Σχόλιον
3111 5313 3183 5372 α’.

2304 5420 2454 5474 Ἤτοι
2481 5419 2616 5492 πρὸς
2635 5411 2938 5484 ἀγωνιστὰς
2958 5409 3055 5465 καὶ
3077 5401 3413 5479 στρατιώτας
3436 5401 3529 5457 τοῦ
3549 5396 3786 5492 Χριστοῦ

2235 5514 2358 5575 τοὺς
2387 5490 2748 5584 πολεμοῦντας
2787 5506 2928 5560 κατὰ
2969 5502 3078 5558 τῶν
3104 5495 3392 5566 δαιμόνων.
3422 5490 3788 5584 Πᾴνταςγὰρ

2234 5608 2281 5660 οἱ
2312 5582 2530 5678 ἀρχαῖοι
2553 5582 2678 5666 τοὺς
2708 5597 3058 5671 πολεμιστὰς,
3087 5593 3299 5654 πύκτας
3333 5587 3580 5654 ἐκάλουν,
3609 5583 3700 5640 διὰ
3731 5582 3789 5638 ιδ

576 5854 832 5906 magnum
854 5837 1002 5890 illum
1031 5833 1685 5906 Israelitaruindoctorcm
1711 5842 1764 5887 et
1797 5832 2138 5904 prophetam,
2177 5831 2270 5888 sed
2309 5827 2653 5893 monachum.
2701 5822 2864 5896 Atqui
2931 5819 3101 5876 Grazci
3141 5816 3330 5873 Patres
3358 5809 3578 5868 omnino
3611 5805 3669 5864 id
3695 5803 3786 5861 ai-

575 5900 813 5978 tirinant,
845 5917 899 5964 et
931 5921 1045 5962 rem
1076 5903 1335 5974 exemplis
1363 5900 1752 5958 demonstrant.
1777 5935 1779 5937 ι
