4048 6338
659 423 760 487 77ll

1895 428 1953 487 S.
1988 431 2305 495 JOANNIS
2329 438 2631 497 ClJMACl

3765 437 3861 498 732

619 543 838 640 ⁸ιιυιίιιδ
879 541 1143 608 repudiat,
1181 541 1268 594 bic
1307 552 1358 595 et
1402 543 1656 598 obediens
1700 554 1800 608 est,
1841 553 1894 597 et
1932 546 1996 597 ad
2030 557 2215 600 nulum

2324 552 2664 618 προσανέχων
2702 549 2776 618 τῷ
2811 548 3125 616 διδασκάλῳ,
3171 549 3268 618 ἤδη
3319 549 3463 600 ἐστὶν
3511 549 3570 599 ἐν
3611 551 3722 610 τοῖς
3763 551 3860 601 τῶν

655 636 738 700 sui
778 630 1010 696 religiosi
1045 633 1282 700 magistri
1316 648 1374 686 se
1407 634 1577 702 lingit,
1614 644 1666 687 et
1691 633 1800 702 jam
1833 634 1884 686 in
1921 643 2063 687 statu
2096 651 2214 690 ver—

653 734 804 776 satur
835 724 1211 791 periei-torum,
1241 725 1491 791 (ptatnvis
1534 740 1626 792 per
1669 739 1827 791 opera
1863 724 2210 792 perfectionis

653 815 894 866 nondum
927 813 1226 866 inec-sscrit.
1261 815 1487 880 Quando
1516 817 1652 868 solet
1686 815 1966 884 improbus
2005 818 2211 870 daemon

653 905 962 970 obstrepere
997 904 1391 966 obedientilms,
1418 918 1711 972 eorumque
1740 904 1975 956 laborem
2002 905 2212 957 elevare

618 1003 708 1062 μιι
737 1003 1098 1058 contemnere,
1146 995 1300 1060 quasi
1350 1009 1522 1062 neque
1565 994 1788 1062 jejunia,
1836 1009 2008 1062 neque
2047 994 2212 1046 disei-

655 1085 853 1152 plinam
909 1085 1212 1156 religiosam
1265 1085 1364 1138 rite
1412 1093 1717 1146 exerceant,
1757 1099 1926 1152 neque
1967 1085 2212 1152 precibus

654 1177 806 1244 puris
832 1175 1071 1229 animum
1106 1176 1403 1239 intendere,
1452 1191 1624 1245 neque
1656 1177 1760 1229 alia
1805 1187 2058 1245 prmstare
2087 1192 2208 1244 pos-

2309 638 2526 691 τελείων
2550 639 2746 706 ἔργοις,
2775 639 2874 692 κᾶν
2897 640 3057 710 μήπω
3077 638 3144 690 6'.‘
3165 639 3341 690 αὑτῶν
3361 637 3613 690 ὦδευσεν.
3652 637 3859 707 Ἐτειδὴ

2311 729 2417 799 γὰρ
2441 729 2628 781 εἴωθεν
2655 730 2684 781 ὁ
2712 730 2941 800 πονηρὸς
2971 728 3202 799 ἐνοχλεῖν
3245 732 3356 792 τοῖς
3395 729 3454 781 ἐν
3493 731 3732 800 ὑπακοῇ,
3774 732 3858 782 καὶ

2311 821 2605 885 ἑξουθενεῖν
2635 824 2725 875 τὸν
2755 822 2921 876 κόπον
2948 822 3146 886 αὑτῶν,
3171 821 3245 883 ὡς
3282 825 3415 891 μήτε
3447 821 3698 890 νηστείαν
3731 822 3859 890 μήτε

2312 914 2544 982 ἄσκησιν
2572 913 2798 981 ἐχόντων
2823 913 3038 983 ἀκριϐῆ,
3078 913 3214 984 μήτε
3245 914 3553 983 προσευχὴν
3596 910 3857 980 καθαρὰν,

2319 1002 2450 1070 μήτε
2479 1001 2544 1052 τὲ
2573 999 2705 1053 ἄλλα
2733 1001 2769 1053 ἃ.
2795 1001 2909 1052 ἐστι
2943 1003 3051 1063 τοῖς
3079 999 3426 1072 ἡσυχάζουσι,
3472 999 3618 1066 λέγει
3655 1000 3858 1068 Πατὴρ,

2313 1089 2394 1140 ὅτι
2442 1089 2590 1142 οὐδέν
2630 1091 2732 1143 εἰσι
2775 1089 2946 1143 ταῦτα
2989 1087 3121 1161 προς
3163 1089 3257 1160 τὴν
3296 1089 3554 1158 ἀληθινὴν
3594 1088 3856 1156 ὑπακοήν.

2313 1177 2414 1229 Τὸν
2438 1179 2544 1247 γὰρ
2567 1177 2727 1231 τόπον
2764 1177 2940 1230 αὐτῶν
2967 1177 3102 1246 αὕτη
3147 1178 3468 1248 ἀναπληροῖ,
3515 1178 3609 1229 καὶ⁵
3639 1177 3747 1246 πρὸ
3773 1174 3861 1228 τοῦ

652 1266 780 1327 sint,
808 1280 928 1334 qua:
958 1266 1298 1320 anacliorctis
1328 1276 1379 1319 et
1409 1266 1672 1320 solitariis
1709 1266 2048 1330 conveniunt,
2096 1276 2206 1320 tum

2324 1267 2527 1320 Βεελοεῖν
2557 1269 2646 1320 τὸν
2679 1269 2912 1340 ὑπήκοον
2936 1268 3002 1322 δι’
3031 1269 3204 1322 αὐτῶν
3228 1270 3285 1322 ἐν
3310 1269 3495 1338 μέσοις
3525 1268 3708 1329 αὑτοῖς
3728 1261 3860 1318 εῖναι

656 1356 816 1410 Pater
845 1359 996 1423 dicit,
1029 1359 1172 1426 quod
1205 1363 1315 1412 btec
1343 1359 1522 1411 omnia
1559 1359 1819 1430 nibilsint
1851 1358 1893 1412 si
1927 1373 2049 1412 cum
2080 1373 2205 1412 vera

2309 1362 2727 1430 παρασκευάζει.

659 1453 960 1508 obedientia
1017 1462 1416 1521 comparentur.
1471 1452 1648 1506 Vicem
1694 1454 1836 1506 enim
1875 1452 2087 1506 illorum
2155 1466 2254 1506 nec
2293 1452 2497 1523 implet,
2529 1464 2583 1510 et
2643 1466 2926 1561 antequam
2968 1454 3222 1510 obediens
3260 1469 3354 1525 per
3399 1454 3488 1510 illa
3523 1452 3848 1524 ingrediatur

653 1545 815 1599 etfieit
855 1554 910 1598 ut
938 1545 1047 1614 jam
1085 1546 1136 1597 in
1171 1546 1346 1599 inedio
1381 1545 1593 1599 illorum
1630 1554 1893 1600 versetur.

1256 1635 1504 1690 Scholion
1542 1637 1626 1688 10.

727 1727 896 1782 Omne
945 1729 1209 1797 judicium
1259 1729 1490 1797 propriae
1537 1727 1827 1780 voluntatis
1859 1725 2217 1795 periculosum

663 1831 765 1882 est,
820 1819 964 1888 quod
1018 1819 1157 1872 haud
1211 1819 1476 1889 ignoravit
1508 1820 1810 1887 (propheta)
1849 1817 2012 1871 David
2039 1857 2053 1879 ,
2096 1831 2219 1869 eum

658 1909 821 1962 dixit:
845 1907 1032 1960 Jnrari
1055 1917 1104 1960 et
1128 1910 1295 1960 statui
1318 1909 1580 1961 custodire
1598 1909 1802 1974 judicia
1824 1906 2219 1975 jnsti/icutionis

661 2012 764 2051 true
793 1999 860 2057 “,
907 2014 1011 2050 non
1049 2013 1196 2051 lucus
1227 1999 1545 2051 voluntates.

1358 2087 1536 2140 Aliud.

732 2176 1041 2246 Exstirparc
1062 2191 1213 2231 suam
1239 2177 1590 2240 voluntatem,
1620 2177 1721 2230 hoc
1746 2183 1849 2240 est,
1873 2175 1982 2248 95
2012 2185 2070 2230 ut
2099 2177 2220 2247 quis

663 2267 716 2319 in
749 2269 906 2322 bonis
937 2269 1098 2322 rebus
1144 2271 1410 2338 propriam
1454 2269 1777 2322 voluntatem
1823 2269 2123 2335 rescindat,
2170 2278 2223 2323 et

663 2369 978 2415 sanctorum
1011 2361 1173 2415 faciat
1200 2377 1215 2414 :
1252 2361 1304 2414 in
1332 2361 1487 2437 malis
1517 2372 1694 2415 autem
1726 2373 1818 2429 per
1840 2374 1920 2424 se,
1941 2362 2084 2429 quod
2111 2375 2221 2415 non

660 2436 830 2514 decet,
863 2448 1106 2518 refugiat.

766 2595 768 2597 ,
1269 2538 1512 2593 Scholion
1550 2539 1639 2593 ll.

753 2627 1210 2683 Consuetudinem
1265 2630 1596 2698 negligenter
1650 2626 1882 2680 viventis
1949 2624 2219 2694 reluglas,

661 2720 1008 2788 quantumvis
1054 2720 1209 2788 apud
1250 2719 1386 2773 alios
1449 2733 1699 2788 magnum
1761 2716 1977 2791 virtutis
2026 2730 2220 2772 nomen

662 2804 922 2865 obtineat.
1830 2844 1833 2847 -

1252 2899 1500 2956 Scholion
1540 2901 1626 2955 12.
1699 2921 1702 2924 ’
1792 2919 1794 2921 ’

2932 1635 3178 1700 Σχόλιον
3211 1638 3262 1685 ι’.

2389 1724 2543 1778 Πᾶσα
2591 1724 2768 1795 κρίσις
2818 1725 2942 1777 ἰδίου
2989 1724 3288 1793 θελήματος
3331 1723 3652 1793 ἐπισφαλής.
3689 1725 3862 1794 Ὅπερ

2319 1812 2469 1876 εἰδὼς
2518 1814 2546 1865 6
2593 1813 2752 1866 Δαϐὶδ
2801 1813 2980 1880 ἔλεγεν
3005 1830 3020 1844 ·
3071 1816 3299 1884 Ὠμοσα
3343 1815 3438 1866 καὶ
3490 1813 3861 1886 ἕστησαὶτοῦ

2317 1905 2697 1972 φυλάξασθαι
2741 1905 2813 1958 τὰ
2856 1907 3103 1973 κρίματα
3144 1903 3253 1972 τῆς
3300 1905 3687 1974 δικαιοσύνης
3727 1923 3858 1968 σου.

2317 1995 2378 2047 οὑ
2404 1995 2470 2047 τὰ
2501 1995 2606 2064 ἐμὲ
2636 1993 2931 2066 θελήματα.

2991 2087 3198 2140 Ἀλλο.

2389 2176 2462 2229 T6
2489 2175 2650 2244 κόψαι
2686 2177 2747 2228 τὸ
2785 2177 3011 2248 θέλημα,
3055 2176 3198 2232 τοῦτ’
3228 2178 3392 2245 ἔστιν,
3432 2182 3518 2237 ἴνα
3545 2183 3602 2235 ἐν
3631 2181 3730 2251 μὲν
3757 2183 3860 2243 τοῖς

2322 2266 2502 2330 καλοῖς
2529 2267 2588 2319 τὸ
2620 2266 2746 2320 [διον
2790 2267 2963 2341 κόπτῃ
2997 2286 3083 2332 τις
3117 2268 3346 2339 θέλημα,
3378 2271 3437 2324 τὸ
3459 2271 3514 2326 δὲ
3544 2273 3654 2326 τῶν
3696 2272 3860 2340 ἁγίων

2319 2357 2444 2424 ποιῇ
2472 2370 2485 2382 '
2526 2357 2583 2408 ἐν
2609 2355 2665 2408 δὲ
2686 2357 2798 2420 τοῖς
2820 2359 3007 2420 κακοῖς
3028 2357 3119 2426 ἀφ’
3147 2357 3337 2412 ἑαυτοῦ
3361 2359 3532 2432 φεύγῃ
3557 2363 3618 2414 τὸ
3643 2361 3856 2416 ἄτοπον.

2905 2535 3156 2600 Σχόλιον
3177 2531 3274 2589 ια’.

2388 2624 2495 2699 Τοὺ
2515 2622 2728 2694 ἀμελῶς
2749 2622 2985 2692 βιοῦντος
3009 2625 3279 2694 μάκρυνον
3303 2621 3542 2689 σεαυτὸν,
3570 2623 3678 2678 κᾶν
3697 2623 3860 2694 ὄνομα

2322 2713 2464 2784 μέγα
2489 2713 2637 2784 παρὰ
2661 2713 2871 2778 πολλοῖς
2898 2713 3173 2784 κέκτηται.

2903 2888 3160 2956 Σχόλιον
3178 2888 3273 2950 ιβ’.

736 2977 873 3045 Ante
906 2992 1296 3047 abdicationem
1328 2992 1532 3055 saeculi,
1577 2990 1811 3060 religiosi
1843 2989 2078 3044 doctoris
2103 3000 2219 3040 mo-

2395 2978 2510 3051 Πρὸ
2545 2977 2646 3048 τῆς
2686 2979 2960 3048 ἀποταγῆς
3001 2975 3373 3048 ἀκριϐολογεῖν
3417 2978 3507 3032 τὸν
3553 2977 3868 3033 διδάσκαλον

665 3095 754 3134 res
793 3080 1106 3148 explorandi
1140 3090 1286 3145 sunt,
1338 3090 1460 3149 post
1506 3079 1894 3133 abdicationem
1947 3093 2052 3132 non
2100 3093 2215 3131 am-

662 3171 827 3239 plius.
881 3170 1016 3226 Nam
1067 3173 1158 3241 qui
1207 3172 1474 3241 explorat,
1515 3170 1772 3235 dainnat;
1824 3170 1915 3240 qui
1964 3171 2217 3236 danmat,

674 3263 990 3327 contemnit,
1029 3271 1215 3332 postea
1246 3278 1348 3323 nec
1381 3271 1532 3330 paret
1561 3263 1789 3331 amplius
1820 3277 1916 3316 nec
1947 3261 2076 3315 fidit.

864 3336 867 3340 ’
1168 3351 1329 3406 Aliud
1367 3354 1599 3424 scholion
1631 3353 1722 3407 13.

742 3442 862 3497 Vita
895 3444 1139 3513 religiosa
1165 3444 1396 3499 stadium
1421 3444 1735 3514 appellatur,
1761 3443 1850 3512 qui
1881 3451 2058 3497 autem
2088 3457 2222 3512 pra:-

666 3535 836 3591 sidem
877 3552 1034 3590 suum
1081 3537 1387 3605 religiosum
1427 3537 1633 3605 judicat
1677 3543 1726 3588 et
1762 3535 2021 3604 explorat,
2076 3544 2223 3588 certo

669 3627 722 3679 in
755 3628 1073 3694 Quibusdam
1121 3627 1284 3680 etiam
1322 3627 1585 3679 damnat:
1621 3625 1713 3694 qui
1760 3634 1939 3677 autent
1985 3624 2221 3684 damnat,

667 3727 760 3770 aut
794 3733 899 3769 non
931 3727 1101 3784 paret,
1132 3725 1227 3769 aut
1253 3717 1397 3785 quod
1434 3716 1509 3769 illi
1549 3715 1933 3784 praescribitur,
1967 3729 2070 3766 non
2101 3729 2224 3767 cum

666 3808 842 3861 debita
887 3794 1000 3860 'ﬁde
1048 3807 1363 3876 exsequitur
1404 3825 1417 3860 :
1465 3806 1557 3876 qui
1611 3814 1788 3860 autem
1839 3819 1942 3856 non
2004 3803 2226 3858 lidclitcr

671 3900 977 3969 praescripta
1009 3896 1236 3965 faciunt,
1266 3908 1511 3967 peccant.

1351 3989 1530 4040 Aliud.

738 4079 856 4132 Non
889 4079 924 4132 ii
957 4065 1162 4133 tantum
1191 4079 1280 4148 qui
1311 4078 1380 4132 ob
1407 4077 1606 4132 Christi
1641 4091 1832 4130 nomen
1861 4069 2093 4129 mortem
2127 4090 2224 4144 0p-

667 4180 886 4238 petunt,
944 4180 1209 4241 martyres
1249 4179 1403 4232 sum;
1445 4170 1536 4224 sed
1589 4168 1623 4220 ii
1675 4169 1835 4222 etiam
1886 4169 1976 4238 qui
2013 4179 2227 4237 propter

667 4263 840 4333 legum
875 4262 1508 4331 ipsiusobservationem
1551 4260 1872 4314 moriuntur.

1259 4353 1504 4407 Scholion
1544 4353 1630 4406 Η.

736 4443 1094 4508 Qnmrendum
1158 4444 1432 4513 quomodo
1503 4444 1621 4496 sine
1683 4443 2014 4518 subjectione
2073 4456 2231 4496 nemo

676 4532 839 4586 Deum
875 4536 1094 4590 visurus
1123 4534 1231 4588 sit?
1259 4534 1385 4604 quid
1413 4533 1594 4587 enim?
1623 4531 1787 4586 Maria
1830 4532 2142 4604 Egyptiaca
2178 4543 2232 4587 et

674 4627 764 4678 alii
792 4627 1011 4695 quidam
1069 4627 1200 4681 nulli
1252 4616 1490 4694 unquam
1528 4624 1776 4691 subjecti,
1827 4640 1932 4678 non
1980 4623 2233 4679 videbunt

671 4718 998 4772 hominum?
1025 4717 1370 4771 Amrmamus
1399 4731 1528 4784 ergo
1551 4714 1848 4769 Climacnm
1877 4731 1980 4769 non
2015 4716 2081 4769 de
2108 4716 2233 4768 sub-

667 4809 901 4876 jc-ctione
927 4809 1174 4878 corporis
1209 4818 1424 4862 tantum
1462 4807 1630 4878 loqui,
1675 4807 1767 4862 sed
1807 4807 1872 4860 de
1905 4806 2234 4875 subjectione

669 4898 832 4950 etiam
868 4900 1085 4951 animae.
1128 4896 1341 4950 Nullum
1377 4898 1540 4966 igitur
1578 4898 1875 4966 reperimus
1923 4887 2233 4952 sanctorum

671 4988 765 5057 qui
797 5004 904 5040 non
947 4988 1245 5057 subjecerit
1285 5003 1483 5058 corpus
1517 4989 1749 5057 spiritui,
1781 4998 1838 5041 ut
1867 4989 2070 5043 clarum
2111 5003 2234 5057 pro-

673 5083 798 5134 inde
831 5081 920 5141 sit,
955 5081 1098 5148 quod
1138 5080 1243 5134 nisi
1270 5080 1394 5150 quis
1415 5089 1470 5135 et
1499 5081 1638 5135 hanc
1675 5080 2102 5150 (obedientiam)
2129 5093 2232 5132 una

673 5184 796 5222 eum
827 5170 1074 5238 corporis
1105 5171 1440 5240 subjectione
1470 5171 1695 5232 habeat,
1754 5185 1858 5224 non
1905 5171 2121 5225 visurus
2167 5169 2239 5224 sit

679 5257 991 5314 hominum.
1028 5259 1176 5314 Multi
1206 5263 1354 5316 enim
1399 5261 1713 5333 parentibus
1742 5263 1992 5333 subjecti,
2029 5263 2234 5334 nullum

682 5361 860 5405 tamen
884 5367 948 5405 ex
977 5354 1077 5408 hac
1107 5353 1440 5422 subjectione
1470 5353 1703 5409 fructum
1731 5357 1980 5420 retulere,
2009 5372 2073 5411 eo
2095 5355 2236 5426 quod

685 5443 923 5496 animum
958 5445 1289 5514 voluptatum
1323 5447 1570 5502 servituti
1599 5446 1946 5516 subjecerint.

2324 3072 2587 3140 προσήκει
2607 3086 2622 3099 θ
2678 3069 2813 3140 μετὰ
2835 3069 2891 3121 δὲ
2928 3067 3026 3138 τὴν
3051 3068 3324 3138 ἀποταγὴν
3359 3069 3458 3122 οὑκ
3483 3067 3584 3122 ἔτι.
3625 3069 3864 3139 ὀ-ὰκρι-

2326 3160 2579 3228 δολογῶν,
2603 3157 2968 3226 καταγινώσκε
2977 3177 3014 3225 ι,
3040 3158 3135 3212 καὶ
3157 3160 3187 3212 6
3205 3157 3644 3226 καταγινώσκων,
3668 3158 3864 3222 ἀθετεῖ,

2325 3247 2443 3305 εἶτα
2471 3251 2564 3304 καὶ⁵
2592 3250 2820 3304 ἀπειθεῖ.

2901 3337 3170 3407 ζΣχόλιον
3195 3344 3285 3404 ιγ’.

2397 3431 2610 3484 Στάδιον
2637 3430 2850 3498 λέγεται
2877 3430 2905 3482 6
2929 3429 3210 3501 μοναχικὺς
3239 3429 3369 3499 βίος.
3403 3429 3462 3482 '0
3488 3429 3544 3482 δὲ
3568 3429 3868 3500 ἀνακρίνων

2326 3522 2415 3576 τὸν
2443 3521 2774 3592 προεστῶτα,
2801 3520 3037 3590 δηλονότι
3067 3519 3122 3572 έν
3146 3535 3256 3572 τισι
3287 3518 3682 3587 καταγινώσκει
3707 3536 3723 3551 ο
3763 3521 3792 3572 6
3812 3519 3868 3574 δὲ

2329 3613 2768 3679 καταγινώσκων,
2813 3612 2846 3680 ἢ
2894 3609 3122 3675 ἀπειθεῖ,
3149 3609 3196 3680 ηῆ
3237 3609 3299 3662 οὑ
3353 3609 3490 3679 μετὰ
3535 3609 3768 3674 πίστεως
3811 3611 3871 3662 τὸ

2328 3703 2614 3772 ἐπιταχθὲν
2646 3703 2812 3757 ἀνύει.
2865 3703 2987 3766 Τοῖς
3021 3701 3077 3755 δὲ
3107 3703 3207 3755 οὑκ
3245 3703 3311 3755 ὲκ
3349 3701 3601 3766 πίστεως,
3630 3703 3870 3772 ἁμαρτία

2329 3811 2496 3848 εστιν.

3009 3969 3215 4020 Ἀλλο.
3859 4009 3864 4012 .

2399 4061 2474 4113 Οὑ
2504 4059 2660 4129 μόνον
2683 4061 2733 4112 ol
2759 4059 2846 4112 διὰ
2881 4057 2978 4130 τὴν
3020 4060 3099 4120 εἰς
3126 4055 3354 4127 Χριστὸν
3385 4057 3564 4109 πίστιν
3597 4056 3872 4126 δεξάμενοι

2331 4153 2420 4206 τὸν
2449 4154 2692 4216 θάνατον,
2741 4152 3014 4223 μάρτυρές
3042 4152 3200 4214 εἰσιν,
3234 4148 3370 4202 ἀλλὰ
3396 4150 3489 4203 καὶ
3524 4147 3613 4203 διὰ
3639 4149 3740 4219 τὴν
3767 4147 3871 4200 τῶν

2331 4243 2556 4298 ἐντολῶν
2587 4242 2750 4296 αὑτοῦ
2779 4244 3006 4314 τήρησιν
3033 4241 3478 4310 ἀποθνήσκοντες.

2911 4332 3166 4401 Σχόλιον
3196 4329 3286 4385 ιδ’.

2401 4421 2666 4493 Ζητῃτέω
2709 4421 2824 4486 πῶς
2869 4422 3034 4491 χωρὶς
3062 4421 3336 4493 ὑποταγῆς
3371 4421 3544 4484 οὐδεὶς
3572 4421 3762 4490 ὄψεται
3787 4421 3871 4473 τὸν

2331 4490 2599 4579 Θεόνςίτί
2629 4513 2768 4584 γάρ;
2824 4513 2886 4567 'H
2913 4490 3180 4579 Αἰγυπτία
3205 4490 3408 4583 Μαρία,
3445 4511 3540 4564 καὶ
3562 4511 3711 4565 ἄλλοι
3734 4511 3869 4573 τινὲς

2335 4603 2410 4674 μὴ
2437 4605 2795 4673 ὑποταγέντες
2815 4605 2941 4667 τινὶ,
2969 4603 3068 4656 οὑκ
3092 4603 3309 4674 ἅψονται
3335 4607 3425 4656 τὸν
3443 4601 3672 4674 Κύριονς
3715 4602 3869 4670 Atye.

2337 4711 2436 4765 μεν
2482 4692 2594 4761 οὑν,
2639 4696 2720 4749 ὅτι
2750 4695 2812 4747 οὑ
2861 4694 3004 4762 λέγει
3038 4695 3165 4764 περὶ
3209 4693 3308 4762 τῆς
3350 4693 3665 4764 σωματικῆς
3712 4694 3870 4764 μόνης

2334 4785 2626 4856 ὑποταγῆς.
2670 4783 2804 4838 ἀλλὰ
2831 4784 2925 4838 καὶ
2956 4784 3080 4854 περὶ
3107 4784 3205 4852 τῆς
3243 4781 3500 4855 ψυχικῆς.
3552 4783 3756 4837 Οὐδένα
3784 4776 3870 4835 οὖν

2333 4878 2562 4948 εὕρομεν
2591 4875 2697 4928 τῶν
2729 4875 2931 4943 ἁγίων,
2982 4875 3042 4938 ὃς
3082 4873 3180 4942 οὑχ
3212 4873 3442 4939 ὑπέταξε
3488 4875 3550 4927 τὸ
3595 4873 3756 4943 σῶμα
3801 4871 3871 4940 τῷ

2335 4966 2601 5037 πνεύματι
2627 4982 2642 4997 ο
2690 4966 2828 5020 ὥστε
2873 4966 3050 5039 δῆλον,
3083 4965 3162 5018 ὅτι
3193 4966 3222 5018 6
3263 4965 3336 5036 μὴ
3377 4966 3471 5017 καὶ
3496 4963 3699 5034 ταύτην
3745 4963 3870 5034 μετὰ

2333 5055 2432 5124 τῆς
2457 5054 2768 5124 σωματικῆς
2789 5054 2946 5123 έχων,
2976 5051 3075 5104 οὑκ
3100 5050 3286 5121 ὑψεται
3311 5052 3403 5106 τὸν
3437 5051 3662 5120 Κύριον.
3693 5051 3869 5104 Πολλοὶ

2334 5145 2510 5200 τοίνυν
2568 5146 2894 5215 σωματικοῖς
2953 5144 3218 5214 πατράσιν
3274 5143 3695 5214 ὑποτασσόμενοι
3762 5126 3895 5207 ταῐςθ

2333 5239 2543 5308 ἡδοναῖς
2568 5236 2665 5308 τὴν
2693 5235 2868 5305 ψυχὴν
2896 5233 3325 5301 κατεδούλωσαν,
3365 5233 3516 5287 οὐδὲν
3545 5233 3603 5288 δι
3645 5235 3755 5288 ἀπὺ
3782 5237 3870 5305 τῆς

2335 5328 2586 5400 τοιαύτης
2614 5328 2888 5397 ὑποταγῆς
2917 5326 3290 5398 ὠφελήθησαν.

1271 5537 1519 5594 Scholion
1555 5539 1641 5594 15.

751 5621 980 5679 llumilis
1021 5641 1128 5681 non
1155 5629 1365 5685 videtur
1394 5631 1497 5687 sibi
1529 5630 1760 5702 perfecte
1798 5630 2068 5700 subjectus
2110 5642 2265 5682 esse.

2924 5533 3180 5601 Σχόλιον
3210 5536 3290 5583 ιε’.

637 5593 658 5630 ’
751 5621 980 5679 llumilis
1021 5641 1128 5681 non
1155 5629 1365 5685 videtur
1394 5631 1497 5687 sibi
1529 5630 1760 5695 perfecte
1798 5630 2068 5695 subjectus
2110 5642 2265 5682 esse.
2417 5625 2475 5677 ὐ
2509 5621 2877 5695 ταπεινόφοων
2904 5625 2963 5677 οὐ
2991 5622 3136 5676 δοκεῖ
3165 5620 3378 5684 τελείως
3417 5621 3769 5693 ὑποτετάχθαι
3793 5634 3808 5651 ο
3846 5618 3871 5673 ἐ

755 5778 799 5810 ⁶²
831 5779 973 5836 Psal.
1009 5797 1197 5842 cxvrn.
1237 5783 1354 5838 106.
