4050 6338
259 411 363 473 Ἰίὶῗ

1281 408 1504 491 δεΑιᾼ
1537 410 1908 491 ΡΑΒᾼΒΙΒΙο
1934 435 2002 448 -
2021 409 2320 474 GRADUS
2353 416 2446 477 Iv.

3256 423 3271 436 ⁶
3350 419 3455 480 738

268 522 439 589 λέγει,
487 523 585 575 καὶ
655 483 813 576 πάλιν
859 523 1178 594 ἁμαρτάνει,
1224 524 1316 577 καί¹
1361 483 1727 595 ήκῶταλαλιυά
1757 524 1807 577 δὲ

1917 535 1990 590 ιιι,
2015 527 2230 595 quando
2264 542 2322 581 se
2349 525 2719 596 panitentiam
2765 539 2921 595 agere
2947 527 3249 597 proﬁtetur,
3278 540 3332 585 et
3355 531 3457 586 ite-

251 614 435 685 οάργὲις
464 613 625 681 λόγος
655 614 821 677 ἐστὶν,
854 613 942 666 ὅτε
989 630 1072 678 τις
1111 617 1210 686 ὁρᾷ
1233 617 1321 668 τὸν
1350 606 1690 687 διασύροντα,
1724 616 1818 668 καὶ

266 703 472 771 σιωπᾷ.
498 702 608 754 Καὶ
640 702 668 753 ό
716 701 791 770 μὴ
829 701 1061 772 ἐλέγχων
1088 702 1143 756 δὲ
1174 702 1308 771 μετά
1357 704 1687 774 παρρησίας,
1721 702 1813 755 καὶ

262 789 425 857 οὗτος
449 793 761 858 καταλαλεῖ,
780 794 1072 866 ἐπειδήπερ
1097 797 1125 848 ὅ
1149 796 1298 849 λαλεῖ
1321 797 1420 849 οὐκ
1443 796 1554 866 ἔχει
1580 797 1813 849 ὑπόστα-

264 900 374 937 σιν.
409 884 518 937 Καὶ
561 886 590 936 ὁ
615 884 708 952 ἀφ’
732 882 923 937 ἐαυτοῦ
949 883 1138 952 ψεῦδος
1163 883 1461 948 συντιθεὶς,
1498 883 1815 955 ἀργολογίαν

262 974 581 1042 ἐργάζεται,
615 974 802 1043 ἐπειδὴ
844 974 905 1027 τὸ
944 975 1016 1045 μὴ
1064 974 1324 1046 πραχθὲν,
1356 974 1604 1045 ἢόραθέν
1630 974 1816 1046 διηγή-

264 1080 424 1116 σατο.
474 1065 587 1117 Καὶ
633 1066 662 1117 ό
710 1064 969 1119 διδάσκων
1016 1064 1177 1119 καλὸν
1206 1069 1398 1131 ποιεῖν,
1442 1066 1617 1130 αὐτὸς.
1640 1065 1698 1118 δὲ
1738 1066 1811 1137 μὴ

264 1154 462 1217 ποιῶν,
495 1154 788 1225 ἀργολόγος
819 1156 983 1209 ἐστίν.

265 1415 380 1470 Τοῦ
402 1415 666 1486 μεγάλου
704 1416 1024 1469 Βωιλείου
1074 1415 1163 1469 κδ’
1194 1415 1326 1484 περὶ
1368 1415 1474 1470 τοῦ
1517 1414 1602 1485 μὴ
1657 1434 1807 1485 συγ-

368 1511 654 1578 κρύπτειν
676 1511 1067 1581 ἀμαρτήματα»
1086 1511 1361 1580 ἀδελφῶν
1388 1512 1425 1579 ἢ
1457 1511 1700 1566 ἑαυτῶν.

332 1604 450 1655 Πᾶν
478 1602 781 1674 ἁμάρτημα
832 1603 1190 1673 ἀναφέρεσθαι
1222 1602 1325 1673 χρὴ
1359 1602 1439 1672 τῷ
1478 1603 1801 1674 προεστῶτι,

254 1692 292 1761 ἢ
333 1693 467 1763 παρ’
500 1692 662 1764 αὐτοῦ
705 1692 795 1746 τοῦ
839 1692 1231 1765 ἡμαρτηκότος,
1263 1693 1296 1764 ἢ
1328 1693 1477 1765 παρά
1513 1694 1620 1747 τῶν
1679 1684 1803 1748 συν-

253 1783 600 1849 εγνωκότων,
618 1783 711 1836 ἐὰν
735 1782 873 1836 αὐτὰ
898 1782 1227 1855 θεραπεῦσαι
1254 1784 1328 1856 μὴ
1356 1783 1640 1853 δυνηθῶσι,
1662 1775 1803 1840 κατά

251 1875 319 1927 τὺ
381 1874 488 1927 ὑπὸ
535 1873 872 1945 τοῢΚυρίου
924 1876 1409 1948 προστεταγμένον.
1459 1860 1644 1933 Κακία
1694 1878 1801 1950 γὰρ
1834 1858 1875 1914 Β

255 1963 596 2034 σιωπηθεῖσα
625 1963 775 2027 νόσος
809 1963 1037 2029 ὖπουλός
1078 1967 1225 2019 ἐστιν
1257 1968 1314 2020 ἐν
1364 1965 1531 2037 ψυχῇ.
1581 1968 1668 2033 Ὦς
1707 1968 1802 2035 οὖν

250 2055 358 2107 οὐκ
390 2055 457 2108 ἀν
502 2054 742 2125 εἴπωμεν
794 2054 1081 2127 εὐεργέτην
1111 2057 1207 2110 τὸν
1239 2058 1692 2125 ἐγκατακλείοντα
1724 2060 1802 2130 τῷ

256 2143 477 2214 σώματι
502 2144 569 2197 τά
600 2144 841 2217 ὀλέθρια,
869 2145 1004 2200 ἀλλά
1025 2147 1223 2218 μᾶλλον
1255 2138 1345 2203 τδν
1372 2150 1441 2203 δι’
1484 2151 1676 2221 ὀδύνης
1708 2152 1804 2205 καὶ

204 2232 210 2236 ’
250 2236 515 2306 ἀμύξεως
542 2238 622 2301 είς
644 2237 704 2291 τὸ
751 2238 980 2308 φανερὸν
1000 2238 1243 2304 ἕλκοντα,
1283 2240 1476 2312 ὥστεῆ
1507 2242 1577 2294 δι’
1606 2241 1799 2312 ἐμέτου

249 2326 559 2397 ἀπορρίψω
588 2326 650 2380 τὸ
674 2328 923 2398 βλάπτον,
948 2329 981 2397 ἢ
1004 2328 1227 2383 καθόλου
1253 2330 1342 2384 διὰ
1356 2331 1454 2401 τῆς
1479 2331 1572 2385 τοῦ
1598 2331 1802 2396 πάθους
1838 2366 1847 2373 -

253 2416 613 2490 φανερώσεως
632 2419 931 2488 εὔγνωστον
962 2419 1195 2492 ὑπάρξαι
1222 2422 1313 2475 τὸν
1339 2422 1536 2494 τρόπον
1582 2424 1682 2490 τῆς
1710 2424 1802 2477 θε-

256 2510 511 2581 ραπείας.
556 2510 710 2565 οὕτω
736 2510 891 2582 δῆλον
922 2511 1003 2565 ὅτι
1031 2512 1122 2566 καὶ
1147 2513 1207 2566 τὸ
1247 2512 1508 2585 κρύπτειν
1532 2515 1803 2585 ἁμαρτίαν

254 2601 791 2669 συγκατασκευάζειν
848 2602 965 2658 ἐστὶ
1005 2602 1083 2675 τῷ
1136 2603 1373 2659 νοσοῦντι
1420 2609 1512 2660 τὸν
1539 2606 1764 2662 θάνατον
1785 2622 1800 2639 ·

255 2693 525 2762 Κέντρον
544 2693 655 2765 γάρ
686 2695 818 2748 ἐστι
846 2694 952 2750 τοῦ
974 2695 1230 2752 θανάτου
1258 2697 1297 2765 ἠ
1322 2698 1593 2769 ἁμαρτία,
1648 2700 1799 2769 φησί.

252 2786 555 2856 Κρείσσους
586 2785 643 2839 δέ
668 2785 872 2855 ἔλεγχοι
907 2787 1043 2859 μετά
1069 2789 1396 2859 παρρησίας,
1430 2790 1803 2863 κρυπτομένης

252 2879 465 2948 φιλίας’
509 2878 646 2948 μήτε
683 2872 778 2932 οὖν
805 2877 962 2942 ἄλλος
991 2877 1134 2950 ἀλλῳ
1165 2880 1577 2951 συγκρυπτέτω,
1608 2882 1694 2935 ἵνα
1718 2884 1794 2954 μὴ

250 2969 642 3041 ἀδελφοκτόνος
699 2969 820 3024 ἀντὶ
867 2957 1095 3039 ἀδελφοῦ
1157 2971 1400 3044 γένηται,
1444 2973 1581 3043 μήτε
1640 2973 1802 3036 αὐτὸς

253 3062 463 3133 ἐαυτῷ.
504 3061 561 3116 '0
593 3062 701 3135 γάρ
744 3063 819 3135 μὴ
873 3060 1095 3135 ίώμενος
1146 3064 1356 3128 ἐαυτὸν,
1386 3064 1541 3135 φησι,
1590 3066 1650 3120 ἐν
1691 3069 1803 3131 τοῖς

251 3155 442 3226 ἔργοις
471 3153 658 3219 αὐτοῦ,
686 3153 911 3225 ἀδελφός
953 3154 1069 3210 ἐστι
1126 3154 1219 3209 τοῦ
1265 3156 1654 3228 λυμαινομένου
1678 3157 1802 3212 tau-

251 3246 370 3299 τόν.

1917 630 2036 668 rum
2080 626 2286 685 peccat.
2319 615 2409 672 Est
2439 625 2492 671 et
2529 615 2790 678 detractio
2836 632 3018 672 sermo
3054 618 3299 683 otiosus,
3331 635 3455 675 cum

1916 706 2037 776 quis
2065 707 2209 761 videt
2239 708 2378 778 quod
2404 708 2626 762 alterum
2657 691 2795 764 alter
2831 709 3028 765 laceret
3059 720 3115 766 et
3158 713 3459 768 calumnie-

1916 806 2004 851 tur
2027 835 2042 861 ,
2070 807 2126 853 et
2155 808 2314 854 tacet.
2351 798 2491 865 Quin
2519 807 2575 854 et
2612 800 2706 869 qui
2741 799 3108 856 detrahentem
3139 818 3249 857 non
3291 803 3461 859 libere

1912 888 2209 959 redarguit,
2268 890 2383 959 ipse
2423 902 2641 960 quoque
2681 889 2917 945 detrahit
2951 930 2967 956 ,
3017 893 3457 964 quandoquidem

1911 980 2053 1048 quod
2082 979 2322 1049 loquitur
2342 994 2447 1035 non
2480 979 2637 1034 habet
2681 994 2797 1035 rem
2827 981 3206 1037 subsistentem
3239 1001 3252 1038 :
3280 994 3334 1039 et
3360 986 3454 1055 qui

1907 1085 2007 1141 per
2036 1086 2095 1126 se
2125 1070 2557 1127 comminiscitur
2589 1071 2952 1139 mendacium,
2986 1074 3217 1129 otiosum
3247 1090 3454 1131 sermo-

1908 1177 2031 1217 nem
2066 1163 2267 1229 etl'utit,
2308 1162 2527 1232 quando
2565 1178 2679 1217 rem
2741 1179 2850 1218 non
2906 1165 3101 1220 factam
3142 1175 3235 1221 aut
3282 1168 3451 1222 visam

1909 1264 2114 1309 narrat.
2134 1255 2199 1310 Et
2220 1255 2314 1325 qui
2337 1254 2567 1308 alterum
2592 1254 2748 1308 docet
2767 1254 2909 1325 quod
2929 1255 3128 1311 bonum
3142 1248 3242 1321 est,
3267 1267 3320 1312 et
3336 1258 3450 1328 ipse

1910 1362 2019 1400 non
2056 1347 2203 1410 facit,
2234 1347 2349 1416 ipse
2382 1345 2591 1400 otiosus
2623 1345 2813 1399 doctor
2842 1353 2946 1400 est.

1907 1438 2098 1492 Basilii
2156 1436 2338 1506 Magni
2376 1438 2441 1490 de
2495 1453 2597 1490 non
2646 1435 2972 1489 occnltandis
3005 1452 3091 1489 seu
3114 1438 3339 1507 propriis
3366 1455 3454 1492 seu

2386 1528 2571 1581 alienis
2615 1528 2841 1583 delictis.
2873 1527 2963 1590 ει.
3107 1587 3120 1599 .

1975 1618 2148 1674 Omne
2190 1626 2471 1688 peccatum
2532 1617 2875 1673 referendum
2922 1627 3005 1673 est
3033 1617 3098 1673 ad
3130 1619 3453 1685 antistitem,

1905 1712 2017 1767 sive
2048 1713 2117 1766 ab
2154 1725 2220 1765 eo
2250 1710 2369 1779 ipso
2396 1708 2490 1779 qui
2530 1710 2772 1779 peccavit
2790 1710 2902 1765 sive
2927 1710 2995 1765 ab
3024 1710 3165 1777 aliis,
3190 1712 3281 1781 qui
3306 1714 3455 1767 illius

1903 1800 2109 1856 conscii
2159 1808 2306 1865 sunt,
2340 1795 2386 1851 si
2429 1786 2559 1851 illud
2582 1796 2684 1866 ipsi
2712 1811 2909 1853 curare
2930 1813 3037 1854 non
3070 1801 3455 1869 possint,an

1904 1892 2073 1949 modo
2114 1888 2340 1953 mederi,
2363 1901 2471 1959 quo
2492 1902 2522 1941 a
2546 1885 2775 1943 Domino
2798 1898 3126 1959 praeceptum
3146 1898 3231 1946 est
3250 1909 3264 1957 ;
3280 1907 3458 1962 quan-
3533 1922 3535 1924 -

1899 1985 1970 2039 do
1998 1981 2185 2035 vitium
2218 1979 2616 2035 dissimulatum
2638 1978 2862 2033 morbus
2894 1987 2978 2033 est
3001 1979 3054 2033 in
3088 1979 3273 2035 animo
3302 1981 3441 2036 obli-

1901 2082 2133 2136 tescens,
2162 2079 2215 2125 et
2278 2067 2719 2139 supputrescen's.
2765 2065 3231 2133 Quemadmodum
3282 2071 3452 2141 igitur
3547 2143 3555 2147 _

1900 2157 2051 2212 nullo
2104 2154 2268 2209 modo
2307 2154 2443 2209 bene
2473 2154 2538 2208 de
2566 2153 2719 2208 nobis
2768 2154 3019 2209 meritum
3055 2154 3360 2211 diceremus
3388 2157 3454 2209 il—

1898 2253 2035 2313 lum.
2063 2250 2157 2320 qui
2203 2248 2481 2312 intestina,
2512 2257 2663 2319 peste
2696 2247 2889 2304 infecta
2924 2248 2977 2302 in
3006 2254 3234 2318 corpdre
3263 2259 3452 2305 nostro

1899 2341 2190 2404 clauderet,
2213 2341 2306 2395 scd
2336 2340 2484 2394 illum
2507 2340 2689 2410 potius
2709 2340 2802 2409 qui
2840 2356 2963 2395 cum
2991 2340 3174 2395 dolore
3194 2350 3248 2397 et
3284 2356 3449 2396 cruo-

1902 2434 1978 2488 ris
2006 2434 2165 2487 etiam
2190 2432 2449 2487 missione
2478 2446 2573 2501 per
2613 2432 2907 2487 sectionem
2949 2448 3041 2487 seu
3093 2434 3446 2490 scariﬁcatio-

1902 2538 2025 2577 nem
2055 2536 2119 2577 ea
2172 2521 2225 2574 in
2266 2528 2514 2589 apertum
2558 2520 2905 2586 extraheret;
2935 2536 3044 2590 quo
3077 2522 3329 2578 videlicet
3358 2527 3479 2579 aut'

1908 2614 2054 2684 quod
2103 2613 2323 2666 noxium
2364 2618 2509 2666 esset
2532 2625 2625 2681 per
2646 2612 2911 2682 vomitum
2943 2612 3248 2681 repelleret,
3278 2624 3370 2668 aut
3396 2614 3451 2669 in

1900 2705 2211 2759 universum
2267 2715 2363 2771 per
2398 2700 2574 2757 morbi
2632 2698 3048 2755 declarationem
3099 2699 3356 2777 efficeret,
3392 2711 3455 2757 ut

1902 2794 2098 2851 modus
2127 2806 2348 2864 quoque
2388 2791 2688 2847 curationis
2735 2790 2951 2845 facilius
2983 2798 3445 2861 cognosceretur:

1901 2888 1977 2942 ita
2027 2886 2233 2941 clarum
2257 2894 2312 2940 et
2344 2891 2550 2957 certum
2584 2890 2688 2947 est,
2715 2898 2835 2937 eum
2863 2882 2956 2951 qui
2979 2880 3118 2936 celat
3146 2887 3451 2949 peccatum,

1900 2977 2180 3049 aegrotanti
2201 2985 2425 3032 mortem
2444 2988 2757 3046 procurare,
2789 2972 3035 3026 stimulus
3070 2972 3207 3025 enim
3252 2970 3453 3041 peccati

1903 3087 2063 3138 mors,
2129 3071 2306 3140 inquit
2363 3068 2655 3138 Apostolus
2688 3066 2752 3121 ".
2784 3064 3277 3134 Reprehensionem
3321 3076 3453 3116 vero

1902 3174 1998 3215 seu
2030 3158 2444 3228 obiurgationes
2474 3155 2655 3210 liberte
2675 3162 2727 3208 et
2745 3160 2959 3223 apertae,
2990 3152 3231 3205 utiliores
3266 3148 3454 3205 occul-

1905 3258 1962 3304 ta
1992 3246 2249 3303 amicitia.
2280 3242 2449 3299 Nemo
2469 3256 2595 3311 ergo
2624 3240 2763 3295 alius
2807 3238 3027 3293 alterius
3054 3243 3329 3307 peccatum
3372 3241 3453 3286 te-

252 3349 373 3409 gat,
402 3350 471 3391 ne
491 3314 591 3406 pro
618 3332 784 3393 fratre
811 3336 997 3395 fratris
1050 3339 1143 3395 flat
1168 3339 1462 3407 homicida,
1518 3354 1695 3412 neque
1718 3354 1876 3397 suum
1915 3340 2088 3412 ipsius
2117 3340 2253 3411 ipse.
2278 3336 2393 3409 98
2416 3332 2523 3403 Qui
2563 3333 2707 3390 enim
2744 3347 2803 3389 se
2836 3331 2951 3403 ipse
2976 3330 3030 3385 in
3060 3328 3177 3385 suis
3197 3325 3452 3398 operibus

252 3442 370 3484 non
396 3435 573 3492 curat,
603 3423 771 3483 frater
790 3435 873 3484 est
906 3442 966 3484 se
978 3427 1161 3497 ipsum
1191 3430 1482 3500 perdentis.

838 3521 1095 3590 Σκόλιον
1116 3527 1220 3577 κε’.

340 3611 606 3667 ἐνταῦθα
629 3615 771 3686 μένό
794 3614 1088 3685 πάμμεγας
1113 3605 1267 3677 οὗτος
1292 3613 1478 3687 Πατὴρ
1496 3613 1588 3666 καὶ
1616 3612 1650 3681 ἡ
1677 3627 1803 3665 συν-

251 3705 419 3776 ήθεια
439 3706 539 3776 τὴν
556 3706 700 3773 λέξιν
715 3705 809 3759 ἐπὶ
837 3705 1003 3774 ψόγου
1025 3704 1232 3757 τάσσει.
1261 3704 1398 3767 Τοὺς
1424 3704 1532 3775 γὰρ
1550 3702 1800 3764 αὐθάδεις

250 3796 358 3850 καὶ
382 3790 752 3861 ἀπαιδεύτους,
784 3794 876 3849 καὶ
921 3795 1135 3866 θρασεῖς
1164 3794 1255 3848 καὶ
1281 3794 1561 3860 ἀλαζόνας,
1583 3795 1674 3849 καὶ
1695 3795 1807 3863 οίη-

254 3888 482 3960 ματίας,
512 3887 604 3941 καὶ
633 3887 992 3959 ἐπηρμένους,
1027 3885 1332 3959 ἀγερώχους
1363 3886 1626 3956 λέγουσιν.
1654 3885 1713 3939 '0
1745 3885 1803 3939 δὲ

252 3981 507 4051 Ὄμηρος
535 3978 625 4032 καί
667 3995 808 4042 τινες
858 3978 965 4031 τῶν
1016 3976 1211 4048 σοφῶν,
1246 3979 1370 4042 τοὺς
1398 3978 1535 4047 ἀγαν
1565 3977 1811 4048 ἐντίμους

249 4069 567 4141 ἀγερώχους
593 4068 754 4139 φασὶν
774 4068 880 4123 ἀπὸ
892 4066 985 4123 τοῦ
1001 4069 1152 4139 ἄταν
1172 4067 1263 4122 ἐπὶ
1282 4068 1342 4123 τὸ
1364 4068 1528 4141 γέρας
1552 4066 1807 4140 ὀχεῖσθαι.

255 4160 435 4217 Ἔνιοι
480 4160 537 4213 δὲ
587 4160 697 4214 τῶν
747 4161 1177 4234 γλωσσογράφων
1228 4160 1304 4233 (ιι)
1360 4162 1502 4225 ίδίως
1539 4161 1665 4224 τοὺς
1714 4177 1811 4231 νη-

254 4251 463 4318 σιώτας
504 4246 655 4307 εἷπον
703 4252 1016 4325 ἀγερώχους
1061 4254 1338 4309 καλεῖσθαι
1377 4253 1465 4307 διὰ
1514 4252 1577 4307 τὸ
1620 4254 1801 4307 ἐπεισ-

252 4344 414 4415 άκτῳ
445 4346 613 4416 τροφῇ
644 4342 935 4414 κεχρῆσθαι
971 4344 1182 4408 αὐτοὺς,
1231 4343 1337 4398 ἀπὸ
1377 4343 1616 4413 ἀγείρειν
1656 4342 1805 4413 ὀχὴν,

253 4432 432 4503 ἧγουν
468 4432 717 4501 συνάγειν
773 4432 992 4503 τροφήν⁶
1041 4432 1140 4502 όχὴ
1197 4432 1305 4504 γὰρ
1358 4432 1578 4501 λέγεται
1631 4432 1804 4503 τροφὴ

253 4522 416 4593 παρά
446 4526 557 4586 τοῖς
576 4524 788 4588 πολλοῖς
816 4524 923 4579 τῶν
948 4522 1143 4594 σοφῶν,
1176 4524 1242 4577 ἐκ
1265 4522 1358 4577 τοῦ
1390 4522 1533 4595 ἔχειν
1561 4524 1657 4578 καὶ
1681 4524 1803 4577 δια-

253 4616 483 4686 κρατεῖν
498 4614 587 4668 rev
608 4615 765 4678 ζωόν.
1444 4601 1449 4608 ’

2488 3512 2733 3569 Scholion
2786 3511 2878 3566 25.

1969 3609 2035 3666 Et
2062 3611 2150 3665 hic
2177 3608 2418 3679 quidem,
2449 3607 2718 3677 maximus
2752 3603 2842 3659 hic
2866 3610 3038 3673 pater,
3071 3600 3213 3655 sicut
3232 3605 3287 3655 et
3316 3612 3454 3656 con-

1900 3701 2126 3756 suetudo
2143 3713 2236 3752 seu
2264 3714 2397 3753 usus
2424 3696 2678 3766 loquendi
2701 3708 2885 3749 vocem
2908 3691 3047 3746 hanc
3063 3690 3380 3760 (ἀγέρωχον)
3395 3689 3454 3744 in

1906 3793 2099 3847 malam
2125 3798 2329 3858 partem
2361 3787 2557 3856 accipit
2591 3805 2604 3840 :
2627 3785 2861 3840 audaces
2878 3782 3020 3836 enim
3049 3789 3102 3833 et
3129 3780 3373 3834 indoctos
3398 3787 3454 3833 et

1906 3876 2239 3949 praeﬁdentes
2285 3881 2339 3929 et
2386 3879 2723 3942 arrogantes,
2762 3875 2815 3923 et
2867 3866 3155 3921 insolentes
3182 3874 3233 3918 et
3279 3864 3451 3917 elatos

1905 3968 2095 4022 dicunt
2113 3962 2443 4033 ἀγερώχους.
2462 3958 2728 4015 Homerus
2750 3958 2822 4031 (b)
2835 3970 2962 4011 vero
2977 3962 3029 4009 et
3045 3954 3134 4008 alii
3150 3954 3449 4022 sapientum

1906 4060 2059 4116 valde
2087 4060 2375 4114 honoratos
2409 4056 2542 4128 (sive
2566 4056 2780 4123 heroas)
2810 4060 3003 4106 vocant
3050 4047 3357 4117 ἀγερώχους
3384 4049 3453 4098 ali

1905 4156 2042 4224 ἀγαν
2087 4151 2231 4222 quod
2286 4160 2371 4206 est
2426 4149 2600 4213 valde,
2631 4157 2684 4202 et
2740 4145 2903 4217 γέρας
2959 4144 3161 4207 honor,
3223 4148 3276 4193 et
3310 4139 3453 4207 ὀχεῖ-

1910 4244 2219 4314 σθαι,ιιιιοι1
2258 4242 2414 4297 valde
2460 4256 2654 4309 magno
2702 4239 2909 4292 honore
2960 4234 3272 4296 evehantur,
3315 4230 3454 4298 ἀγαν

1906 4340 1999 4393 ἐπὶ
2029 4338 2090 4391 τὸ
2125 4336 2291 4407 γέρας
2342 4332 2605 4405 ὀχεῖσθαι.
2653 4328 2906 4384 Nonnulli
2952 4321 3320 4397 glossograglii
3357 4322 3457 4375 do-

1906 4440 2029 4487 cent
2086 4429 2301 4499 propric
2360 4422 2623 4493 quosdam
2684 4418 2950 4474 insulares
3017 4418 3191 4471 dictos
3244 4415 3457 4487 ἀγερώ-

1902 4534 2051 4594 χου-ς,
2076 4536 2142 4575 eo
2166 4518 2307 4588 quod
2339 4515 2499 4569 illatis
2519 4523 2575 4569 et
2600 4514 2826 4568 invectis
2849 4518 3131 4566 uterentur
3155 4510 3455 4571 alimentis,

1904 4618 1972 4670 ab
2017 4613 2255 4683 ἀγείρειν
2305 4607 2460 4679 όχὴν,
2516 4622 2545 4662 a
2620 4605 2956 4679 corrogando
3016 4619 3111 4659 seu
3156 4602 3459 4673 colligendo

256 4706 434 4761 victu.
451 4703 577 4776 Ὀχὴ
602 4706 746 4759 enim
770 4707 911 4777 apud
926 4706 1230 4779 complures
1276 4704 1560 4762 doctorum
1622 4708 1864 4765 virorum
1902 4708 2101 4765 dicitur
2146 4702 2482 4765 alimentum,
2515 4714 2581 4754 eo
2634 4700 2783 4770 quod
2836 4698 2943 4755 alat
2969 4706 3023 4753 et
3048 4706 3263 4753 tueatur
3292 4696 3456 4749 vitam

257 4796 537 4853 animalis.

646 4907 962 4960 Βασιλείου
994 4906 1254 4977 μεγάλου
1302 4905 1416 4971 κς’.

334 5000 438 5053 Δύο
459 4998 711 5072 σημαίνει
737 5000 771 5069 ὴ
802 4998 896 5051 τοῦ
926 5000 1228 5073 πανούργου
1265 5000 1621 5074 προσηγορία,
1661 5004 1752 5055 καὶ
1776 5004 1805 5056 ὁ

260 5093 366 5162 μέν
581 5094 673 5145 ἐπὶ
708 5090 875 5163 βλάϐη
932 5090 1128 5161 ἐτέρων
1170 5096 1235 5164 τῇ
1270 5094 1477 5163 ἐπινοίᾳ
1508 5091 1802 5162 χρώμενος,

257 5184 520 5254 πονηρός
548 5166 650 5238 όδέ
670 5182 947 5245 ἐπαινετὸς
975 5182 1293 5255 πανοῦργος,
1325 5187 1352 5237 ὁ
1385 5184 1545 5251 ὀξέως
1567 5182 1658 5235 καὶ
1679 5199 1805 5235 συν-

254 5273 399 5337 ετῶς
421 5275 482 5327 τὺ
508 5276 707 5329 οἰκεῖον
746 5272 945 5342 ἀγαθὸν
982 5273 1327 5345 ἐξευρίσκων,
1355 5278 1449 5328 καὶ
1484 5262 1594 5337 τοῖς
1618 5272 1807 5334 δολίοις

258 5367 358 5423 καὶ
381 5366 684 5431 ἐπιϐούλοις
709 5368 836 5440 παρ’
859 5366 1057 5438 ἐτέρων
1082 5366 1227 5436 αὐτῷ
1274 5367 1476 5437 βλάϐας
1505 5382 1801 5437 σκαιωρου-

263 5457 434 5533 μένας
459 5458 888 5530 ἀποδιδράσκων.

330 5638 377 5672 ⁸³
397 5636 560 5691 Boni.
593 5650 664 5701 νι,
689 5635 778 5691 25.

328 5794 405 5864 (a)
452 5787 773 5860 Hesychius.

1829 4892 1881 4951 ι)

2416 4896 2584 4952 Basil.
2618 4898 2802 4970 Magn.
2849 4898 2939 4955 26.

1973 4994 2151 5051 Astuti
2206 4991 2495 5061 appellatio
2542 4993 2651 5045 duo
2681 4991 2969 5063 signiﬁcat.
3007 5029 3021 5043 .
3050 5026 3064 5041 .
3098 5024 3113 5041 .
3149 5026 3161 5037 .
3198 5023 3213 5038 .
3244 5022 3259 5038 .
3304 5023 3319 5036 .
3355 5024 3366 5037 .
3405 4995 3454 5040 et

1905 5089 2140 5161 quidem,
2164 5085 2277 5155 qui,
2310 5085 2582 5153 quomodo
2620 5085 2741 5139 aliis
2771 5090 2980 5145 noceat,
3007 5077 3316 5140 meditatur,
3340 5092 3453 5130 ma-

1905 5182 1988 5237 lus
2013 5188 2112 5242 est,
2154 5175 2497 5231 laudabiliter
2522 5190 2651 5229 vero
2679 5183 2890 5229 astutus
2940 5179 3044 5234 est,
3083 5169 3177 5239 qui
3203 5182 3361 5223 acute
3408 5179 3454 5223 et

1904 5271 2195 5343 prudenter
2253 5269 2461 5322 bonum
2492 5283 2651 5322 suum
2682 5264 2964 5333 investigat
2991 5271 3042 5316 et
3075 5260 3453 5331 deprehendit,

1910 5373 2070 5434 atque
2128 5360 2412 5416 meditatas
2452 5359 2556 5416 sibi
2598 5374 2688 5430 per
2738 5354 2956 5411 fraudes
2976 5363 3030 5411 et
3068 5353 3294 5412 insidias
3323 5352 3451 5409 alio-

1911 5472 2031 5511 rum
2055 5468 2223 5510 noxas
2258 5460 2313 5507 et
2342 5452 2541 5509 damna
2576 5458 2729 5509 caute
2746 5446 2999 5504 declinat.

1979 5790 2050 5857 (b)
2082 5783 2244 5841 Iliad.
2279 5786 2481 5854 13,534.
