4050 6338
185 443 274 504 ῖιι

791 550 1042 617 Σχόλιον
1060 552 1171 616 λγ.

258 641 319 692 '0
348 641 419 693 τὰ
446 640 718 694 ἐνεστῶτα
745 634 1305 710 θλιῦεράςπροσδοκία
1344 643 1452 695 τῶν
1501 662 1736 713 μεταγε-

181 733 459 802 νεστέρων
486 732 706 799 ἀγαθῶν
743 733 1183 803 προσδεχόμενος,
1227 734 1427 798 γνῶσιν
1481 736 1737 803 ἀληθείας

181 818 535 890 εὖρηκε,καὶ
565 820 752 890 ὀργῆς,
808 820 899 872 καὶ
950 820 1124 889 λόπης
1173 822 1366 891 ῥᾳδίως
1425 825 1739 896 ἀπαλλαγή-

176 927 359 965 σεται.

652 1004 856 1058 Ἰσαὰκ
886 1003 1041 1070 σχόλ
1050 1019 1139 1055 ιον
1172 1002 1282 1056 λό’.

249 1095 317 1146 Οἱ
365 1094 659 1161 ἀγωνισταὶ
707 1091 1073 1163 πειράζονται,
1118 1093 1205 1145 ἵνα
1253 1094 1611 1164 προσθήσουσι
1664 1095 1740 1165 τῷ

176 1184 405 1254 πλούτῳ
451 1186 652 1237 αὐτῶν·
691 1184 741 1237 οἱ
782 1183 986 1253 χαῦνοι,
1014 1185 1099 1235 ἵνα
1146 1185 1210 1235 ὲκ
1250 1184 1355 1235 τῶν
1404 1184 1740 1253 βλαπτόντων

176 1276 417 1336 ἑαυτοὺς
439 1275 796 1343 φυλάξωνται*
815 1275 905 1326 καὶ
924 1272 1413 1343 [οἱβπνώττοντεθ
1443 1276 1529 1329 ἵνα
1554 1277 1631 1331 είς
1654 1277 1711 1341 ὲξ

175 1367 459 1434 υπνισμίιν
508 1364 921 1435 εὐτρεπισθῶσι·
980 1363 1075 1416 καὶ
1111 1364 1159 1414 οἱ
1203 1366 1416 1434 μακρὰν
1456 1367 1625 1429 ὄντες,
1656 1369 1741 1419 ἵνα

175 1456 591 1525 προσεγγίσωσι
616 1454 694 1523 τῷ
722 1454 858 1524 Θεῷ·
893 1455 984 1507 καὶ
1015 1455 1062 1505 οἱ
1093 1452 1301 1520 οἰκεῖοι,
1334 1454 1418 1507 ἵνα
1456 1458 1513 1507 ὲν
1538 1458 1742 1526 παρρη-

179 1550 275 1619 σία
298 1544 722 1599 εἱσοικισθῶσιν.

780 1720 1036 1788 Σχόλιον
1058 1724 1161 1775 λε’.

248 1814 406 1881 (θρα
424 1811 541 1875 πῶς
571 1813 632 1864 οὐ
664 1810 834 1874 κενῶς
848 1813 957 1873 τοῖς
988 1812 1255 1881 κρείττοσι
1275 1814 1367 1867 καὶ
1387 1814 1743 1883 ἀναϐεϐηκόσι

1194 440 1413 499 ΞΕΛΙΛ
1446 441 1820 499 PARADISI.
1855 466 1920 474 —-
1941 441 2243 501 GRADUS
2273 442 2364 498 ιγ.

2430 551 2669 604 Scholion
2709 553 2798 605 55.

1906 643 2222 712 Quicunque
2246 643 2383 696 mala
2413 644 2747 697 imminentia
2788 659 2883 711 spe
2934 642 3241 697 futurorum
3294 646 3391 697 bu.-

1839 750 2026 787 norum
2065 737 2259 802 excipit
2287 744 2340 789 et
2368 737 2579 798 tolerat,
2607 735 2714 802 illic
2748 737 2987 789 veritatis
3016 736 3378 804 cognitionem

1841 827 2059 888 invenit,
2092 836 2144 879 ct
2173 826 2316 879 nullo
2352 826 2567 895 negotio
2597 827 2667 880 ab
2698 826 2774 878 ira
2801 836 2853 879 et
2901 826 3115 880 tristitia
3142 826 3394 881 liberabi—

1842 926 1948 967 tur.
2642 918 2651 927 '

2342 1003 2519 1056 lsaaci
2552 1004 2781 1056 scliolion
2811 1003 2899 1057 5-1.

1909 1093 2159 1163 Religiosi
2191 1104 2487 1147 certatores
2526 1102 2821 1154 tentantur,
2850 1102 2907 1145 ut
2952 1106 3079 1160 opes
3111 1108 3237 1146 suas
3284 1108 3393 1147 cm-

1843 1186 1999 1238 lestes
2035 1185 2274 1253 (gratias)
2310 1193 2539 1252 augeant
2570 1202 2582 1235 :
2619 1182 2834 1250 superbi
2867 1192 2926 1235 ut
2960 1182 3028 1235 ab
3066 1184 3237 1235 noxiis
3290 1185 3392 1235 sibi

1842 1281 2068 1324 caveant
2104 1289 2118 1334 ,
2149 1272 2496 1327 somniculosi
2532 1271 2684 1339 100
2716 1282 2773 1322 ut
2800 1270 2865 1323 ad
2896 1271 3225 1339 vigilantiam
3255 1272 3397 1323 exci-

1843 1369 2069 1413 tentur:
2106 1360 2206 1426 Qui
2272 1363 2585 1414 remotiorcs
2640 1344 2823 1413 suuta
2882 1359 2991 1413 Deo
3043 1376 3100 1412 ut
3147 1362 3210 1413 ad
3244 1362 3393 1413 illum

1854 1451 2073 1518 propius
2142 1450 2397 1503 accedant
2434 1468 2447 1502 :
2485 1449 2573 1516 qui
2644 1448 2925 1500 domestici
2990 1457 3045 1501 et
3098 1447 3394 1499 familiares

1843 1550 1970 1592 sunt
1999 1549 2056 1592 ut
2092 1538 2156 1591 ad
2209 1539 2465 1606 majorem
2497 1537 2590 1591 Dei
2635 1537 3054 1591 familiaritatem
3104 1538 3391 1591 admittan-

1845 1637 1951 1681 tur.
2460 1640 2463 1641 ⁷

2429 1712 2675 1767 Scholion
2703 1714 2793 1767 33.

1914 1804 2142 1857 Adverte
2172 1803 2438 1871 quomodo
2454 1817 2563 1855 non
2594 1813 2795 1856 temere
2814 1803 3101 1856 "humilitas
3125 1818 3245 1856 cum
3280 1818 3393 1857 me-

178 1906 626 1974 παραμετρείται
654 1904 687 1971 ὴ
717 1904 1059 1965 ταπείνωσις*
1093 1904 1206 1955 ἀλλ’
1245 1904 1339 1956 ἐὰν
1379 1906 1435 1956 ἐν
1483 1908 1593 1966 τοῖς
1633 1906 1730 1975 ἢδη

1865 1897 2067 1950 ioribus
2094 1894 2590 1964 etpcrl‘cctioribus
2613 1906 2951 1961 comparetur
2980 1910 2994 1946 :
3022 1894 3111 1946 sed
3143 1908 3261 1945 cum
3284 1893 3396 1961 jam

181 1989 451 2059 βαλοῦσιν
522 1990 695 2060 ἀρχὴν
752 1990 1018 2057 τελεῖται,
1085 1992 1205 2043 τότε
1263 1993 1422 2046 πλέον
1477 1994 1741 2062 θαυμάζε-

182 2098 306 2137 τοι.

652 2173 890 2241 Μάρκου
917 2175 1169 2241 σκόλιον
1196 2175 1312 2239 λς’.

272 2261 335 2313 '0
357 2260 726 2331 ὑποτακτικῷ,
765 2264 897 2315 ὃπου
945 2264 1006 2316 οὺ
1050 2264 1150 2328 δεῖ,
1203 2265 1531 2331 ἀντιλέγοντι
1573 2285 1746 2337 παρα-

182 2350 392 2422 χωρῶν
417 2351 590 2422 πλανᾷ
614 2353 774 2404 αὑτὸν
804 2354 861 2404 ἐν
886 2354 1075 2420 ἐκείνῳ
1091 2351 1167 2420 τῷ
1205 2353 1511 2421 πράγματι,
1537 2357 1627 2407 καὶ
1653 2359 1748 2419 τὰς

184 2442 475 2511 συνθήκας
504 2443 602 2511 τῆς
626 2430 900 2512 ὑποταγῆς
943 2444 1151 2495 ἀθετεῖν
1180 2431 1602 2509 παρασκευάζει.

781 2535 1034 2601 Σχόλιον
1053 2527 1156 2592 λζ’.

264 2622 347 2674 Οὐ
386 2623 543 2689 μόνον
577 2623 699 2685 τοὺς
728 2622 814 2675 διὰ
841 2623 989 2690 ξίφος
1026 2623 1299 2687 θανόντας,
1330 2628 1421 2677 καὶ
1442 2627 1533 2677 ἐπὶ
1561 2625 1751 2693 τυράν-

187 2732 306 2765 νων
336 2715 784 2784 μαρτυρήσαντας
830 2717 1081 2783 στεφανοῖ
1132 2717 1158 2765 ὁ
1215 2716 1431 2785 Κύριος,
1482 2718 1612 2769 ἀλλὰ
1662 2719 1753 2768 καὶ

186 2802 325 2865 τοὺς
353 2803 413 2855 ὲν
443 2804 674 2874 ἀσκήσει
727 2806 761 2874 ἢ
804 2806 991 2874 ἀγάπῃ
1046 2805 1519 2875 εὐδοκιμήσαντας.
1548 2808 1755 2875 Ὥσπερ

190 2893 311 2961 γὰρ
336 2894 534 2947 ἐκεῖνοι
563 2894 654 2947 διὰ
673 2895 762 2947 τὸν
775 2895 973 2964 Κύριον
990 2895 1283 2964 ὑπέμειναν
1300 2899 1423 2959 τοὺς
1450 2899 1755 2967 αἰκισμοὺς,

189 2980 351 3033 οὕτω
373 2982 463 3033 καὶ
489 2976 633 3034 οὗτοι
653 2982 737 3035 διὰ
757 2984 845 3034 τὸν
869 2982 1069 3053 Κύριον
1112 2983 1407 3051 ὑπέμειναν
1442 2986 1538 3054 τὴν
1559 3003 1758 3038 κακου-

192 3072 355 3139 χίαν,
390 3073 483 3124 καὶ
503 3073 601 3143 τὴν
623 3074 881 3143 ἄσκησιν.

662 3254 914 3320 Σχόλιον
937 3253 1173 3321 Μάρκου
1194 3258 1304 3322 λη’.

285 3344 355 3395 ’0
382 3343 440 3395 ὲν
472 3346 534 3413 τῇ
558 3344 800 3414 ὑποταγῇ
822 3345 1027 3413 μίσγων
1043 3346 1216 3415 λάθρα
1234 3348 1295 3398 τὸ
1315 3346 1503 3399 ἑαυτοῦ
1524 3345 1752 3415 θέλημα,

200 3436 402 3505 μοιχός
430 3437 562 3497 ἐστι,
594 3436 769 3497 καθὼς
795 3439 851 3487 ἐν
899 3439 964 3505 τῇ
997 3438 1153 3507 σοφίᾳ
1200 3439 1509 3507 δεδήλωται,
1564 3439 1656 3489 καί
1692 3437 1756 3489 δι’

198 3526 419 3579 ἔνδειαν
448 3526 657 3595 φρενῶν
674 3526 881 3594 ὀδύνας,
908 3529 999 3579 καὶ
1027 3528 1241 3598 ἀτιμίας
1279 3530 1555 3597 ὑποφέρει.

532 3725 717 3777 Ἀλλο
760 3723 1036 3778 Ἰωάννου
1062 3708 1445 3792 ’Καρπαθίωνκ

281 3811 844 3882 Μηδέποτεὺποδέχου
870 3814 960 3865 τὸν
1000 3817 1058 3866 ὲν
1084 3814 1327 3885 ὑποταγῇ
1390 3833 1482 3867 σου
1535 3816 1761 3883 λέγοντά

208 3916 319 3953 σοι·
358 3899 637 3968 Παράσχου
674 3896 761 3970 μοι
778 3902 1020 3973 ἐξουσίαν
1040 3904 1172 3973 πρὸς
1191 3904 1388 3973 ἀρετὴν
1412 3905 1596 3974 χρόνον
1619 3906 1762 3967 τινὰ,

208 3995 278 4047 τὸ
316 3992 354 4060 ἢ
378 3992 495 4043 τόδε
519 3991 579 4043 τὸ
599 3993 831 4061 πρᾶγμα
865 3988 1176 4062 δοκιμάσαι,
1208 3996 1303 4047 καὶ
1325 3994 1464 4048 οὕτω
1490 3996 1761 4063 κατορθῶ-

172 4152 179 4157 _
215 4101 333 4138 cat.
368 4081 425 4132 '0
458 4082 561 4152 γὰρ
587 4080 651 4150 δὴ
671 4079 839 4144 οὕτως
863 4081 1055 4149 λέγων,
1090 4082 1329 4152 δηλονότι
1365 4084 1423 4136 τὸ
1441 4084 1567 4137 ἴδιον
1586 4088 1765 4136 ἐπιτει-

212 4176 303 4229 λεῖ
323 4173 549 4244 θέλημα,
578 4173 673 4225 καὶ
702 4173 801 4244 τῆς
828 4173 1107 4245 βελτίστης
1136 4176 1410 4246 ὑποταγῆς
1437 4174 1534 4238 τὰς
1570 4175 1763 4245 συνθή-

213 4281 323 4331 κας
339 4264 533 4319 ἀθετεῖ.
753 4270 756 4274 ’
1300 4292 1307 4301 .

526 4464 635 4518 Τοῦ
668 4463 1051 4532 Χρυσολόγου
1080 4465 1330 4531 σκόλιον
1363 4467 1473 4519 λθυ.

222 4662 337 4699 ται.
363 4646 567 4715 Ὠσπερ
600 4644 708 4715 γὰρ
752 4643 813 4696 τὸ
864 4642 1083 4712 χρυσίον
1115 4641 1175 4692 οὐ
1221 4640 1445 4709 βλάπτει
1510 4645 1764 4714 κάμινος,

224 4728 399 4799 οὕτως
425 4735 544 4788 οὐδὲ
560 4734 651 4789 τὸν
662 4736 904 4803 γενναῖον
927 4732 1221 4802 διαφθείρει
1247 4730 1441 4799 θλίψις.

198 4836 211 4851 ’
805 4845 1076 4915 ’Μαξίμου
1107 4851 1181 4914 μ’.

296 4962 439 5030 Τρία
458 4964 563 5016 είσὶ
590 4962 865 5032 τάγματα*
889 4962 1127 5030 ἄγγελοι,
1166 4958 1459 5027 ἄνθρωποι,
1498 4958 1763 5027 δαίμονες.

225 5045 306 5098 Τὸ
338 5046 412 5117 μὴ
450 5049 663 5101 πίπτειν
682 5050 742 5101 οὺ
776 5051 893 5102 κατ’
925 5049 1110 5102 οὐσίαν
1137 5048 1187 5101 οἱ
1212 5045 1428 5113 ἄγγελοι
1454 5046 1765 5117 κέκτηνται,

226 5133 368 5187 ἀλλὰ
388 5136 523 5189 κατά
546 5138 860 5208 προαίρεσιν
878 5155 891 5167 ·
913 5140 975 5191 οὐ
1001 5137 1109 5207 γὰρ
1164 5136 1405 5205 ἀκίνητοι
1437 5134 1594 5203 φύσει
1634 5139 1769 5207 πρὸς

227 5224 293 5275 τὸ
331 5225 499 5279 κακόν
531 5229 688 5281 είσιν·
728 5228 849 5280 ἐπεὶ
880 5227 1003 5280 οὔτε
1030 5231 1059 5281 ὁ
1102 5228 1338 5289 Σατανᾶς
1365 5226 1555 5279 ἔπεσεν
1582 5227 1665 5279 ἄν’
1695 5230 1769 5293 ὡς

230 5313 298 5364 ὲκ
328 5313 539 5379 φύσεως
573 5319 647 5389 μὴ
676 5318 967 5389 δυνάμενος
993 5318 1148 5371 τοῦτο
1176 5319 1364 5371 παθεῖν
1390 5334 1403 5345 ⁸
1433 5317 1566 5369 ἀλλά
1583 5318 1767 5371 δυσκί-

233 5419 385 5471 νητοι
414 5405 549 5473 πρὸς
572 5406 637 5460 τὸ
663 5410 898 5463 ἐναντίον
927 5409 1332 5477 πεφύκασιν,ὼς
1354 5410 1442 5461 καὶ
1461 5410 1489 5460 ὁ
1513 5407 1769 5476 Θεολόγος

233 5491 383 5560 λέγει
413 5490 729 5565 Γρηγόριος.
760 5498 948 5550 Τοίνυν
968 5498 1027 5550 οὐ
1059 5498 1177 5551 κατ’
1215 5499 1416 5563 οὐσίαν,
1467 5496 1599 5550 ἀλλὰ
1629 5501 1766 5551 κατὰ

231 5585 626 5654 προαιρετικὴν
682 5588 961 5660 ποιότητα,
986 5592 1052 5661 ἢν
1100 5594 1149 5645 οί
1199 5592 1447 5662 δαίμονες
1479 5590 1571 5643 ἐπὶ
1622 5590 1771 5657 κακῷ

233 5670 659 5744 περεὼσαντες,
702 5676 921 5745 ἔμειναν
971 5681 1059 5734 διὰ
1108 5684 1168 5735 τὸ
1211 5682 1598 5751 ἀνεπίστροφον
1627 5681 1683 5730 ἐν
1708 5682 1775 5749 τῇ

230 5763 578 5835 ἀποστασία·
630 5765 680 5817 οἱ
730 5765 790 5819 δὲ
846 5767 1116 5839 ἄνθρωποι
1164 5772 1253 5827 διὰ
1300 5773 1398 5841 τὴν
1450 5770 1780 5838 ἐπιστροφὴν

1844 1986 1895 2039 in
1927 1985 2263 2054 quibusdam,
2291 1987 2381 2053 qui
2434 1984 2843 2037 fundamentum
2890 1983 3031 2037 illius
3083 1995 3397 2051 posuerunt,

1844 2076 2134 2146 perﬁcitur,
2180 2084 2309 2129 tunc
2360 2074 2725 2127 admirabilior
2776 2083 3013 2142 apparet.

2329 2166 2573 2221 Scholion
2618 2167 2788 2233 Marci
2821 2167 2909 2219 36.

1916 2258 2024 2324 Qui
2044 2260 2257 2314 subdito
2275 2257 2657 2312 contradicenti
2680 2258 2767 2310 ubi
2799 2272 2902 2310 non
2922 2267 3151 2325 oportet,
3184 2257 3403 2310 cesserit

1848 2365 1913 2403 eo
1948 2352 2087 2419 ipso,
2120 2350 2253 2404 fallit
2280 2360 2333 2403 et
2362 2348 2526 2403 eflicit
2560 2359 2617 2401 ut
2637 2347 2950 2400 obedientim
2984 2348 3125 2416 leges
3152 2358 3396 2400 contem-

1852 2451 1959 2494 uat.

2445 2525 2691 2578 Scholion
2722 2525 2809 2577 57.

1927 2618 2043 2671 Non
2081 2618 2254 2671 solum
2286 2617 2462 2685 gladio
2488 2632 2653 2669 οπεος
2692 2626 2744 2669 et
2768 2615 2835 2668 ab
2865 2616 3107 2684 tyrannis
3141 2616 3399 2681 martyrio

1856 2710 2073 2764 affectos
2141 2708 2394 2761 Dominus
2445 2716 2684 2767 coronat,
2753 2705 2843 2758 sed
2905 2704 3179 2771 religiosos
3238 2704 3399 2757 etiam

1855 2803 2086 2855 athletas
2132 2808 2225 2853 aut
2269 2807 2502 2858 ascetas,
2552 2805 2645 2849 aut
2686 2810 2752 2847 ex
2801 2794 3063 2849 charitate
3124 2794 3399 2862 probatas.

1856 2888 2315 2954 Quemadmodum
2366 2885 2508 2939 enim
2573 2884 2649 2937 illi
2709 2892 2928 2952 propter
2956 2882 3241 2935 Dominum
3278 2898 3406 2951 sup-

1857 2982 2019 3050 plicia
2048 2979 2402 3048 pertulerunt,
2426 2977 2498 3030 ita
2528 2977 2580 3027 lii
2607 2982 2816 3043 propter
2841 2974 3088 3026 eumdem
3114 2971 3397 3026 Dominum

1857 3070 2037 3124 omnia
2092 3070 2211 3121 vita:
2251 3065 2587 3121 incommoda
2638 3073 2691 3117 et
2746 3063 2957 3116 labores
2990 3062 3113 3116 vita:
3143 3063 3404 3131 religiosa:

1859 3160 2163 3215 subierunt.
2968 3218 2972 3223 ,

2280 3243 2362 3296 Ea:
2418 3241 2601 3296 Marco
2641 3240 2870 3294 scliolion
2902 3239 2991 3294 ‘58.

1928 3337 2028 3404 Qui
2090 3334 2405 3389 obedientize
2457 3333 2643 3385 miscet
2695 3331 2963 3399 propriam
3034 3329 3399 3391 voluntatem.

1860 3428 2068 3482 adulter
2097 3437 2197 3485 est,
2228 3421 2679 3490 quemadmodum
2717 3420 2931 3487 sapiens
2977 3419 3152 3482 docet,
3183 3428 3236 3471 et
3284 3435 3406 3486 prn-

1862 3528 1979 3588 ptcr
2034 3515 2226 3569 mentis
2266 3512 2523 3583 inopiam,
2584 3511 2795 3565 dolores
2841 3520 2892 3565 et
2947 3510 3264 3580 ignominias
3315 3526 3405 3564 su-

1861 3611 2042 3665 stinet.

2069 3740 2227 3793 Aliud
2259 3738 2476 3791 Joannis
2506 3736 2906 3803 Carpat/uorum
2933 3738 3173 3804 episcom'.

1934 3829 2216 3897 Nunquam
2258 3829 2355 3881 tibi
2394 3828 2619 3896 subjecti
2664 3841 2846 3880 vocem
2877 3828 3063 3880 audias
3088 3842 3209 3879 cum
3237 3827 3406 3891 dicit;

1864 3919 1940 3973 Da
1993 3918 2121 3971 mihi
2174 3924 2487 3984 potestatem
2531 3914 2773 3986 [liberam
2805 3914 3158 3987 voluntatem]
3182 3916 3246 3970 ad
3278 3927 3407 3971 tem

1862 4024 1980 4077 pus,
2008 4007 2073 4060 ad
2124 4008 2373 4060 virtutem
2404 4006 2483 4060 vel
2511 4006 2576 4059 ad
2622 4007 2722 4061 hoc
2758 4005 2953 4059 illudve
2984 4008 3252 4073 negotium
3286 4023 3410 4077 pro-

1864 4100 2119 4163 bandum,
2154 4108 2208 4151 et
2237 4097 2314 4152 sie
2360 4106 2502 4152 recte
2531 4112 2709 4165 agam.
2734 4096 2836 4162 Qui
2867 4098 3010 4151 enim
3044 4098 3115 4150 ita
3148 4099 3404 4167 loquitur,

1864 4208 2017 4246 suam
2048 4191 2214 4258 ipsius
2241 4190 2573 4243 voluntatem
2632 4187 2917 4242 manifeste
2943 4188 3206 4256 sequitur,
3232 4199 3284 4241 et
3310 4204 3407 4255 op-

1866 4279 2008 4331 tima:
2065 4276 2382 4330 obedientizc
2431 4274 2733 4328 institutum
2782 4272 3037 4341 infringit,
3100 4281 3154 4326 et
3195 4273 3408 4343 optione

1867 4367 2218 4438 subiectionis
2253 4366 2449 4420 fmdera
2486 4363 2635 4416 irrita
2666 4362 2813 4415 facit.

2294 4471 2597 4541 Clirysologi
2618 4470 2866 4523 scholion.
2904 4468 2991 4522 39.

293 4557 373 4609 Οὐ
396 4554 616 4623 βλάπτει
646 4570 704 4606 σε
736 4552 931 4621 θλίψις,
962 4552 1074 4604 ἀλλ’
1106 4553 1377 4622 ὑπομονὴν
1411 4554 1753 4625 κατεργάζε-

1932 4568 2163 4621 Aﬂlictio
2208 4579 2314 4619 non
2353 4564 2505 4616 obest
2556 4561 2687 4624 tibi,
2750 4560 2841 4614 sed
2903 4562 3213 4628 patientiam
3276 4580 3412 4634 pra:-

1848 4666 1989 4712 stat.
2054 4650 2515 4717 Quemadmodum
2564 4649 2703 4718 ignis
2772 4663 2905 4703 auro
2968 4667 3072 4704 non
3108 4662 3283 4721 uocet,
3337 4655 3408 4709 ita
3478 4719 3483 4724 ι

1868 4755 2179 4814 generosum
2207 4739 2441 4792 animum
2470 4752 2579 4791 non
2606 4740 2905 4809 corrumpit
2938 4728 3177 4797 afﬂictio.

2344 4906 2353 4911 _
2447 4847 2669 4902 Maximi
2736 4851 2825 4905 60.

1942 4960 2071 5014 Tres
2129 4969 2253 5013 sunt
2298 4960 2514 5013 ordines
2546 4975 2561 5012 :
2600 4960 2796 5029 angeli,
2825 4961 3089 5025 homines,
3116 4961 3407 5031 daemones.

1869 5052 1986 5107 Non
2015 5064 2237 5119 peccare
2293 5050 2602 5120 angelorum
2642 5059 2745 5115 est,
2804 5065 2910 5103 non
2939 5059 3149 5115 natura,
3180 5053 3271 5105 sed
3300 5054 3410 5107 ele-

1867 5143 2045 5197 ctione
2076 5157 2089 5192 :
2117 5155 2291 5208 neque
2332 5141 2475 5193 enim
2532 5148 2726 5192 natura
2778 5148 2905 5191 sunt
2932 5138 3294 5196 immutabiles
3317 5157 3410 5196 seu

1866 5230 2163 5307 immobiles
2204 5235 2268 5282 ad
2293 5232 2490 5284 malum
2515 5248 2528 5296 ;
2554 5244 2724 5299 neque
2750 5229 2894 5282 enim
2926 5226 3153 5284 Satanas
3186 5233 3411 5286 cecidis-

1864 5330 1966 5387 set,
1991 5322 2035 5375 si
2063 5335 2156 5389 per
2180 5329 2422 5375 naturam
2452 5322 2641 5375 cadere
2668 5334 2774 5372 non
2808 5320 3087 5387 potuisset.
3124 5323 3272 5391 ιοι
3306 5322 3407 5376 Sed

1875 5413 1939 5464 ad
1992 5412 2316 5465 contrarium
2368 5426 2507 5481 agre
2566 5409 2907 5478 impelluntur
2963 5428 2977 5464 :
3028 5422 3087 5466 ut
3128 5412 3413 5481 Gregorius

1876 5504 2179 5573 Tlieologus
2203 5514 2447 5560 testatur.
2474 5501 2589 5558 Non
2612 5518 2740 5572 ergo
2760 5517 2823 5557 ex
2852 5515 3042 5559 natura
3068 5506 3141 5559 rei
3173 5514 3415 5572 peccant,

1877 5595 1959 5648 vel
1997 5609 2101 5647 nou
2142 5606 2380 5663 peccant,
2405 5595 2496 5649 sed
2524 5594 2783 5661 qualitate
2811 5596 3099 5650 voluntatis
3123 5594 3188 5647 ad
3219 5593 3418 5663 eligen-

1883 5685 2011 5739 dum
2064 5684 2247 5750 libere,
2288 5701 2448 5755 quam
2514 5685 2828 5740 electionem
2883 5686 3148 5739 damones
3194 5682 3247 5735 in
3272 5686 3416 5739 malo

1886 5770 2259 5837 eblirmaruut,
2317 5782 2370 5829 et
2418 5782 2695 5843 propterea
2753 5773 2879 5828 facti
2936 5772 3295 5829 inmutabiles
3365 5776 3417 5828 iu

3286 444 3411 534 τιν
3504 433 3506 435 ’
