4050 6338
637 400 743 461 743

1792 354 1803 372 ’
1869 394 1927 453 s.
1960 392 2195 454 JOANN

2313 388 2613 451 CLIMACI
3739 386 3831 449 744

637 502 913 576 apostasia
946 517 976 558 a
1004 503 1111 557 Deo
1139 512 1192 557 et
1230 499 1533 556 defectione
1569 507 1901 553 manserunt.
1954 495 2195 552 Homines

2304 494 2577 567 κρείττους
2618 491 2836 569 ἐκείνων
2885 492 3049 545 εἰσίν·
3110 490 3295 560 ὥσπερ
3347 491 3396 545 οἱ
3450 491 3671 560 ἄγγελοι
3702 474 3833 564 ὑπὲρ
3884 504 3887 505 ⁷

637 605 820 649 autem
868 604 1084 678 propter
1129 584 1483 664 mutationem
1515 605 1609 644 seu
1640 590 2049 645 conversionem
2079 587 2186 641 illis

2292 583 2628 655 ἀμφοτέρους
2652 583 2739 637 διὰ
2768 583 2828 637 τὸ
2860 583 3281 654 ἀμετάτρεπτον.

636 684 894 740 meliores
941 690 1107 750 sunt;
1164 681 1339 753 angeli
1392 690 1573 735 autem
1624 680 1845 735 vincunt
1888 688 2185 748 utrosque,

634 773 782 844 quod
812 789 1085 844 nunquam
1112 788 1144 827 a
1172 772 1318 833 bono
1354 771 1517 826 averti
1551 769 1780 840 amplius
1818 768 2048 839 possint.

1264 861 1508 916 Scholion
1542 861 1609 915 M
1620 900 1635 914 .

715 953 938 1009 Curam.
968 952 1279 1008 animalium
1329 952 1536 1006 ratione
1593 950 1887 1005 carentium
1936 946 2232 1026 intelligem

637 1039 745 1095 Sed
782 1042 971 1107 vitium
995 1057 1105 1097 non
1129 1051 1247 1096 erat
1278 1050 1471 1111 praeter
1501 1038 1780 1100 rationem,
1835 1050 2007 1105 neque
2048 1035 2192 1090 enim

633 1130 857 1188 ridendo
885 1132 1161 1187 lasciviam
1196 1131 1426 1196 sanavit,
1448 1130 1541 1200 qui
1602 1128 1834 1183 Antonio
1879 1117 2076 1198 magno
2113 1136 2194 1182 te-

634 1229 811 1276 status
843 1229 927 1275 est
945 1236 1001 1276 se
1018 1220 1143 1276 ﬂere
1161 1220 1306 1292 quod
1358 1222 1427 1275 ab
1482 1220 1695 1289 onagris
1763 1218 2137 1288 (daemonibus
2171 1218 2193 1287 )

636 1320 781 1367 esset
802 1314 997 1368 victus.
1046 1313 1391 1380 Quid-autem
1417 1312 1662 1381 intelligit
1678 1322 1801 1366 cum
1832 1311 1963 1366 dicit
1988 1309 2007 1381 (
2033 1312 2193 1365 linem

631 1404 916 1471 actionis)
966 1420 1031 1461 an
1079 1403 1224 1473 quod
1272 1403 1411 1458 clam
1443 1401 1645 1471 aliquid
1699 1400 2014 1456 voraverit?
2058 1398 2194 1466 Quia

629 1497 937 1550 comederat
972 1510 1039 1550 ex
1081 1496 1148 1550 iis
1178 1496 1561 1565 quaejumenta
1617 1492 1875 1548 ferebant.
1932 1492 2087 1560 Quod
2147 1494 2193 1547 si

628 1600 825 1654 pecora
849 1594 1004 1641 erant
1024 1586 1122 1656 (α),
1168 1586 1469 1655 'mulgendo
1513 1584 1596 1639 lac
1653 1585 1906 1654 gustavit,
1945 1591 2037 1639 aut
2066 1583 2195 1654 quid
2300 1609 2316 1625 -
2392 1613 2406 1627 .
2496 1612 2510 1627 .

528 1736 539 1741 κ
631 1676 796 1745 hujus
849 1676 1061 1747 generis
1132 1676 1151 1744 (
1174 1675 1226 1729 ill
1255 1683 1360 1742 est,
1392 1689 1608 1730 caseum
1636 1673 1905 1745 butyrum,
1945 1680 2194 1745 serum.)

1232 1854 1448 1925 Evagrii
1477 1854 1565 1909 42.

704 1948 839 2004 Cum
876 1945 1217 2002 anachoretis
1245 1960 1337 2001 seu
1404 1944 1663 2000 solitariis
1724 1942 1995 1998 daemones
2062 1939 2190 1995 nudi

632 2040 929 2095 luctantur.
989 2037 1062 2092 Ex
1120 2037 1186 2091 iis
1231 2044 1407 2089 autem
1462 2037 1555 2105 qui
1590 2034 1641 2088 in
1690 2034 1948 2088 coenobiis
1984 2039 2037 2084 et
2063 2048 2193 2087 con-

634 2126 881 2182 ventibus
935 2125 1003 2177 ad
1056 2125 1313 2177 virtutem
1368 2130 1705 2188 exercentur,
1786 2122 2195 2192 negligentiores

2858 846 3111 916 Σχόλιον
3142 852 3258 915 μα’.

2362 939 2616 1011 Φροντίδα
2644 938 2851 1007 ἀλόγων
2903 939 3053 1009 φησί.
3099 941 3230 1009 Οὐχὶ
3257 938 3315 992 δὲ
3351 938 3490 992 κατά
3518 938 3711 1005 ἄλογον
3739 936 3835 989 πά-

2294 1030 2404 1096 θος,
2432 1031 2552 1083 ἐπεὶ
2594 1029 2691 1100 οὑκ
2722 1029 2787 1083 ἂν
2822 1029 3035 1098 μειδιῶν
3061 1030 3157 1102 τὴν
3194 1027 3475 1095 ἀσέλγειαν
3506 1027 3651 1091 lito,
3686 1026 3717 1078 ὑ
3763 1023 3846 1094 τῷ

2298 1121 2514 1191 μεγάλῳ
2577 1119 2837 1188 Ἀντωνίῳ
2898 1118 3184 1189 μαρτυρῶν
3240 1118 3446 1172 κλαίειν
3490 1118 3582 1170 ἐπὶ
3611 1118 3689 1187 τῷ
3737 1116 3845 1169 ὑπὸ

2292 1212 2399 1267 τῶν
2453 1212 2693 1281 ὀνάγρων
2741 1208 3060 1277 ὲπιταγέντι.
3110 1209 3174 1260 Τί
3225 1209 3282 1262 δέ
3338 1210 3451 1261 ἐστι
3501 1208 3687 1276 νοῆσαι
3726 1207 3843 1272 τὸν,

2293 1302 2445 1365 τέλος
2470 1302 2568 1372 τῆς
2594 1299 2859 1369 πράξεως,
2891 1300 2924 1369 ἢ
2954 1297 3351 1368 λαθροφαγίας;
3386 1298 3506 1351 Ὅτι
3550 1297 3751 1366 ἔφαγεν
3774 1298 3844 1349 ὲκ

2294 1392 2401 1447 τῶν
2449 1392 2841 1462 βασταγμάτων
2886 1390 2993 1444 τῶν
3041 1388 3266 1457 ἀλόγων.
3316 1388 3380 1441 Ei
3418 1388 3474 1442 δὲ
3521 1387 3842 1458 βοσκήματα

2295 1476 2363 1552 ἦν
2388 1480 2655 1550 ἀμέλγων,
2697 1476 3052 1546 ἀπεγεύσατο,
3088 1476 3122 1547 ἢ
3164 1476 3290 1531 ἀλλο
3319 1492 3371 1529 τι
3401 1474 3839 1545 τοιουτότροπον·

2838 1852 3130 1920 Εὑαπρίου
3159 1849 3281 1919 μβ.

2359 1942 2480 2005 Τοῖς
2507 1942 2604 2013 μὲν
2628 1940 2998 2012 ἀναχωρηταῖς
3028 1942 3075 1993 οί
3101 1940 3347 2009 δαίμονες
3368 1936 3565 2009 γυμνοὶ
3585 1926 3838 2008 προσπα-

2291 2032 2528 2088 λαίουσιο
2558 2033 2666 2093 τοῖς
2692 2031 2749 2083 δὲ
2790 2032 2847 2082 ἐν
2876 2028 3154 2091 κοινοσίοις
3190 2029 3223 2100 ἢ
3258 2028 3522 2091 συνοδίαις
3563 2043 3841 2097 κατεργα-

2292 2124 2532 2193 ζομένοις
2562 2122 2658 2193 τὴν
2685 2120 2900 2192 ἀρετὴν,
2927 2122 3051 2183 τοὺς
3088 2118 3477 2201 ἀμελεστίρους
3518 2118 3626 2202 τῷν
3676 2118 3837 2171 ἀδελ-

634 2223 938 2272 exarmant.
984 2214 1058 2268 ’At
1120 2213 1318 2267 bellum
1384 2212 1650 2282 posterius
1715 2212 1887 2266 multo
1910 2213 2078 2267 levius
2114 2224 2195 2270 est

2292 2214 2405 2284 φῶν
2458 2211 2839 2277 ἑξοπλίζουσιν.
2874 2209 2932 2264 '0
2972 2210 3219 2280 δεύτερος
3262 2210 3319 2263 δὲ
3367 2208 3599 2278 πόλεμος
3657 2208 3842 2278 πολλῷ

633 2308 812 2378 priore
836 2325 848 2360 :
872 2315 1200 2393 qnapropter
1236 2320 1341 2360 non
1366 2315 1448 2360 est
1474 2304 1715 2359 invenire
1739 2304 1792 2358 in
1827 2306 1983 2360 terris
2034 2315 2195 2360 atro—

2292 2304 2610 2375 κουφότερος
2652 2301 2742 2355 τοῦ
2777 2300 2987 2372 πρώτου
3009 2317 3021 2330 ’
3066 2302 3198 2372 διότι
3224 2300 3320 2354 οὑκ
3347 2299 3492 2353 εστιν
3524 2300 3702 2371 εὑρεῖν
3746 2300 3841 2352 ἐπὶ

633 2398 810 2453 ciores
842 2397 1099 2451 homines
1137 2396 1490 2461 daemonibus,
1556 2394 1645 2465 qui
1720 2396 1957 2451 omnium
2022 2397 2195 2451 homi-

2288 2395 2387 2464 τῆς
2423 2394 2526 2464 γῆς
2570 2391 2880 2465 ἀνθρώπους
2918 2393 3269 2464 πικροτέρους
3313 2391 3599 2469 δαιμόνων,
3641 2390 3689 2441 εί
3743 2390 3842 2441 καὶ

634 2506 763 2544 nunt
826 2494 1051 2544 vincunt
1098 2488 1380 2553 malitiam,
1430 2485 1640 2541 etiarnsi
1696 2486 1941 2541 homines
1978 2502 2191 2542 omnem

2292 2488 2469 2541 πᾶσαν
2509 2484 2686 2539 αὑτῶν
2729 2483 2935 2556 ἀθρόως
2985 2481 3407 2564 ὑποδεχομένους
3454 2480 3553 2550 τὴν
3594 2495 3837 2549 κακουρ-

636 2581 803 2638 simul
829 2580 1232 2650 improbitatem
1270 2587 1611 2649 expromam.

1122 2680 1131 2715 ε
1218 2667 1375 2720 Aliud
1428 2667 1680 2722 scholion.

705 2756 809 2824 Qui
836 2759 906 2813 alt
953 2757 1265 2813 hominibus
1315 2758 1475 2813 laesus
1529 2773 1627 2826 pro
1677 2758 1784 2838 illis
1855 2757 2194 2827 deprecatur,

575 2840 579 2843 ’
638 2844 911 2899 daemones
934 2843 1154 2912 aﬂligit:
1184 2843 1277 2913 qui
1318 2842 1624 2898 hominibus
1673 2841 1897 2910 resistit,
1950 2842 2195 2899 vulnera-

639 2946 728 2992 tur
744 2951 778 2991 a
809 2936 1166 2992 daemonibus.

1261 3025 1439 3081 Aliud.
1617 3086 1635 3104 .

704 3117 878 3174 liuor
942 3127 1026 3175 est
1088 3118 1245 3189 culpa
1301 3116 1576 3181 hominum
1623 3130 1782 3187 quam
1843 3116 2187 3186 daemonum;

636 3212 729 3266 sed
774 3211 867 3281 qui
892 3209 1071 3266 studet
1100 3210 1310 3281 placere
1334 3208 1585 3273 Domino,
1612 3216 1872 3279 utrosque
1901 3208 2046 3265 vicit.

2213 3169 2263 3233 ϐ

2287 2575 2432 2643 γίαν.

2954 2661 3161 2715 Ἄλλο,

2370 2752 2428 2805 '0
2460 2753 2779 2807 ἀδικούντων
2820 2751 3115 2822 ἀνθρώπων
3144 2749 3592 2823 ὑπερευχόμενος,
3626 2751 3838 2819 καταρο

2293 2841 2481 2913 ρἀσει
2514 2841 2769 2913 δαίμονας
2786 2858 2803 2875 ο
2828 2845 2856 2896 ὀ
2874 2842 2932 2895 δὲ
2962 2845 3069 2906 τοῖς
3105 2841 3336 2913 πρώτοις
3362 2838 3833 2911 ἀντιτασσόμενος,

2291 2933 2395 2987 ὑπὸ
2420 2933 2527 2988 τῶν
2552 2933 2812 3004 δευτέρων
2832 2933 3206 2993 τιτρώσκεται.
3800 2961 3807 2968 σ

2960 3028 3167 3081 Ἄλλο.
3253 3082 3265 3087 _
3291 3056 3326 3099 η,

2358 3118 2638 3191 Κρείσσων
2688 3116 3024 3189 πλημμέλεια
3071 3115 3389 3187 ἀνθρώπων,
3445 3114 3540 3168 καὶ
3588 3112 3666 3185 μὴ
3716 3111 3833 3164 δαι-

2293 3211 2497 3282 μόνωνο
2542 3213 2572 3266 ὁ
2615 3210 2673 3264 δὲ
2714 3209 3013 3281 εὑαρεστῶν
3056 3208 3263 3279 Κυρίῳ,
3319 3206 3444 3269 τοὺς
3491 3204 3834 3276 ἀμφοτέρους

2288 3303 2554 3375 ἐνίκησεν.

675 3426 943 3483 Scholiast
993 3442 1205 3499 sequens
1257 3427 1502 3482 obrutum
1547 3444 1580 3482 a
1628 3426 1905 3499 principio,
1958 3430 2060 3504 legi
2106 3450 2223 3557 agt:
2272 3445 2461 3506 potest,
2506 3453 2667 3507 quare
2714 3445 2882 3493 totum
2940 3435 3147 3489 omitto.
3202 3432 3339 3489 Sunt
3398 3434 3506 3487 duo
3555 3432 3637 3489 sel
3684 3444 3798 3488 tres

2166 3521 2193 3557 ε
2223 3522 2333 3557 ευ.
2896 3522 2899 3526 ⁴
3101 3534 3109 3536 '

2166 3521 2333 3563 εηκσ.
2896 3522 2899 3526 ⁴
3101 3534 3109 3536 ⁷

1252 3782 1497 3840 Scholion
1517 3784 1606 3840 44.

708 3871 963 3929 Veritatis
988 3872 1264 3929 studiosus
1311 3873 1505 3959 duplex
1544 3877 1884 3933 commodum
1936 3880 2185 3952 percipit:

2853 3799 3107 3868 Σχόλιον
3144 3796 3263 3867 μδθ.
3343 3846 3352 3858 ,

2359 3888 2655 3959 Φιλαλήθης
2688 3890 2955 3962 ἀκροατὴς
2993 3868 3374 3959 ἀμφοτέρωθεν
3401 3886 3685 3961 πορίζεται
3716 3888 3833 3958 ’τὴν

638 3981 800 4035 super
858 3964 1015 4020 bonis
1079 3966 1334 4035 operibus
1389 3967 1798 4023 commendatus
1851 3969 2079 4027 alacrior
2112 3974 2191 4037 lit,

2292 3979 2578 4049 ὠφέλειαν·
2630 3982 2720 4035 ἐπὶ
2779 3983 2876 4052 μὲν
2925 3982 3037 4047 τοῖς
3091 3980 3312 4049 ἀγαθοῖς
3366 3979 3829 4052 μαρτυρούμενος.

636 4055 705 4110 ad
738 4055 925 4110 eadem
962 4055 1262 4110 exercenda
1328 4056 1684 4125 reprehensus
1738 4059 1949 4131 cogitur
2010 4076 2195 4119 emen-

556 4192 557 4195 η
634 4148 787 4213 dare,
818 4152 873 4201 et
896 4146 1263 4217 paenitentiam
1298 4159 1476 4213 agere.

1271 4235 1426 4305 103
1463 4234 1646 4290 Aliud.

704 4325 811 4382 Pro
874 4328 1082 4383 ratione
1134 4341 1470 4398 progressus,
1529 4328 1640 4385 vita
1714 4329 2039 4388 instituenda
2086 4343 2189 4401 est,

638 4431 738 4485 pro
781 4419 987 4473 ratione
1034 4419 1177 4485 vita,
1231 4434 1418 4489 preces
1453 4419 1562 4477 Deo
1592 4418 1877 4475 oﬂ'erendaa
1939 4430 2087 4477 sunt.

1220 4572 1462 4651 Scliolion
1480 4597 1581 4653 '45.

712 4687 767 4743 In
805 4686 1087 4755 elegantia,
1121 4685 1164 4738 si
1183 4686 1398 4754 phrasin
1424 4703 1524 4743 seu
1554 4687 1907 4744 elocutionem
1934 4696 2141 4758 spectes
2166 4707 2182 4755 ;
2213 4699 2258 4754 Ι)

644 4779 872 4840 inutilia,
950 4776 995 4829 si
1050 4768 1354 4829 saecularem
1408 4788 1605 4834 sortem
1632 4792 1684 4834 et
1711 4781 2188 4849 felicitatem;spi-

643 4884 758 4934 nas,
796 4867 1076 4930 sidnram,
1155 4873 1213 4918 ut
1263 4866 1487 4933 videtur,
1560 4877 1624 4929 et,
1657 4870 1860 4927 tristem
1888 4872 2187 4927 enarratio-

641 4974 785 5013 nem.
1492 4950 1495 4951 ν
1722 4969 1728 4975 ‘

1231 5044 1477 5100 Scholion
1513 5044 1600 5101 ιθ.

710 5137 943 5193 Noverat
965 5135 1106 5208 quod
1132 5136 1223 5206 qui
1256 5136 1497 5205 peccanti
1529 5138 1793 5206 connivet,
1850 5158 1955 5199 non
2009 5141 2187 5197 minus

643 5244 804 5299 quam
835 5227 950 5295 ipse
978 5228 1066 5296 qui
1094 5226 1353 5296 peccavit,
1384 5225 1645 5296 judicium
1672 5231 1931 5289 sustineat
1954 5243 2007 5289 et
2052 5248 2186 5291 con-

643 5321 763 5377 dem
772 5317 1063 5374 nationem.

1191 5408 1352 5463 Aliud
1388 5422 1452 5462 ea:
1480 5405 1677 5463 Marco.

708 5496 852 5570 Quid
900 5499 953 5555 in
1006 5501 1321 5572 magistratu
1362 5496 1479 5563 est.
1536 5508 1779 5569 opportet
1832 5514 1890 5560 ut
1942 5506 2183 5578 subjecto

718 5702 793 5774 (α)
822 5701 1037 5776 Supple,
1082 5712 1311 5771 quorum
1336 5712 1516 5755 curam
1557 5697 1801 5758 habebat.

2288 4070 2688 4143 ’προθυμότερος
2735 4072 2967 4141 γίνεται·
3017 4075 3105 4127 ἰπὶ
3135 4073 3192 4127 δὲ
3231 4074 3341 4137 τοῖς
3379 4074 3566 4136 κακοῖς
3606 4070 3831 4141 ἐλεγχό-

2292 4180 2467 4233 μενος,
2500 4165 2773 4236 μετανοεῖν
2801 4163 3180 4232 ἀναγκάζεται.
3282 4214 3283 4217 η

2945 4256 3154 4312 Ἄλλο.

2355 4343 2446 4395 Διί
2467 4343 2611 4413 ἡμᾶς
2644 4344 2781 4397 κατά
2811 4343 2907 4414 τὴν
2943 4344 3218 4418 προκοπὴν
3262 4346 3356 4400 καὶ
3393 4346 3483 4398 τὸν
3512 4344 3625 4413 βίον
3659 4343 3827 4413 ῐχειν,

2286 4431 2381 4484 καὶ
2411 4433 2550 4521 κατά
2574 4432 2665 4487 τὸν
2692 4434 2802 4503 βίον
2827 4436 3106 4507 ὀφείλομεν
3136 4438 3212 4509 τῷ
3238 4436 3355 4508 Θεῷ
3387 4436 3483 4500 τὰς
3524 4434 3830 4504 προσευχὰς

2288 4522 2592 4592 ἀναφέρειν.

2857 4617 3113 4685 Σχόλιον
3142 4619 3252 4685 με’.

2362 4702 2591 4777 Ἀκαλλῆ
2617 4707 2755 4760 κατά
2780 4706 2874 4776 τὴν
2902 4709 3097 4777 φράσιν
3117 4723 3130 4737 ·
3160 4703 3538 4778 ἀνονησιφὸρα,
3562 4705 3705 4760 κατά
3728 4706 3824 4777 τὴν

2291 4798 2549 4868 κοσμικὴν
2578 4798 2873 4869 εὐπραγίαν
2890 4814 2907 4831 ο
2954 4794 3432 4866 ἀκανθολογήματα
3467 4793 3525 4847 δδ
3562 4795 3706 4851 κατά
3728 4798 3825 4867 τὴν

2290 4885 2523 4956 σκληράν
2554 4886 2810 4941 δοκοῦσαν
2837 4888 3105 4957 διήγησιν.

2856 5060 3109 5129 Σχόλιον
3138 5060 3255 5131 pg’.

2362 5150 2513 5221 ᾜδει
2546 5152 2621 5215 ὡς
2666 5152 2695 5203 ὁ
2744 5150 3091 5221 ὲφησυχάζων
3132 5154 3208 5223 τῷ
3237 5153 3494 5220 πταίοντι,
3525 5150 3821 5230 οὑχηῆττον

2285 5240 2442 5295 αὑτοῦ
2471 5243 2567 5315 τὴν
2599 5242 2884 5311 καταδίκην
2916 5243 3255 5311 ὑφίστασθαι.

2809 5421 2991 5474 Ἀλλο
3020 5421 3280 5491 Μάρκου.

2368 5511 2605 5582 ’Δρχικὸς
2644 5510 2983 5582 ὑποτακτικῷ
3022 5515 3280 5584 χρεωστεί
3310 5511 3482 5585 λέγειν
3510 5515 3571 5572 τὸ
3604 5513 3813 5587 ὀφειλό-
