4050 6338
593 399 597 404 Α
638 393 744 455 743

1792 348 1805 364 ’
1869 388 1928 446 s.
1961 385 2275 448 JOANNIS
2314 382 2614 445 CLIMACI
3739 380 3828 443 144

638 496 915 569 apostasia
947 511 977 551 a
1005 496 1112 551 Dco
1140 505 1193 551 et
1231 493 1534 549 defectione
1569 501 1902 547 manserunt.
1954 489 2196 546 Homines

2304 489 2579 562 κρείττους
2619 485 2837 540 ἐκείνων
2887 487 3050 539 εἰσίν·
3110 484 3297 555 ὥσπερ
3349 486 3397 539 οἱ
3451 485 3671 555 ἄγγελοι
3702 468 3830 558 ὑπὲρ

638 598 821 641 autem
869 596 1085 671 propter
1129 578 1483 658 mutationem
1516 598 1610 638 seu
1641 584 2049 638 conversionem
2080 581 2189 635 illis

2291 578 2629 648 ἀμφοτέρους
2653 577 2740 631 διὰ
2768 577 2829 631 τὸ
2861 577 3282 648 ἀμετάτρεπτον.

637 678 895 733 meliores
942 684 1108 743 sunt;
1164 675 1341 746 angeli
1393 683 1574 729 autem
1625 674 1845 728 vincunt
1889 681 2186 742 utrosque,

635 767 783 837 quod
812 782 1085 836 nunquam
1113 781 1145 821 a
1174 766 1318 825 bono
1354 764 1518 819 averti
1552 763 1781 833 amplius
1818 762 2048 833 possint.

1264 854 1509 909 Scholion
1543 854 1609 909 M
1621 893 1636 908 .

715 945 939 1002 Curam.
970 946 1281 1002 animalium
1329 946 1537 999 ratione
1594 943 1888 997 carentium
1938 940 2233 1020 intelligem

638 1032 746 1088 Sed
783 1034 972 1100 vitium
996 1051 1105 1090 non
1130 1044 1247 1089 erat
1280 1043 1471 1104 praeter
1501 1032 1781 1094 rationem,
1836 1044 2008 1099 neque
2048 1029 2192 1084 enim

633 1123 858 1181 ridendo
886 1125 1161 1179 lasciviam
1197 1124 1427 1191 sanavit,
1449 1124 1542 1194 qui
1602 1121 1835 1176 Antonio
1880 1111 2076 1191 magno
2114 1130 2195 1176 te-

634 1222 811 1269 status
843 1223 928 1268 est
946 1229 1002 1268 se
1020 1213 1144 1269 ﬂere
1162 1214 1307 1286 quod
1358 1215 1427 1269 ab
1482 1213 1695 1282 onagris
1763 1211 2193 1282 (daemonibus)

637 1314 782 1360 esset
802 1307 998 1361 victus.
1047 1306 1391 1373 Quid-autem
1418 1306 1662 1375 intelligit
1678 1320 1801 1360 cum
1834 1304 1964 1359 dicit
1988 1303 2008 1375 (
2034 1305 2192 1359 linem

631 1397 917 1463 actionis)
967 1413 1032 1454 an
1079 1397 1224 1466 quod
1273 1396 1412 1451 clam
1443 1395 1645 1465 aliquid
1699 1393 2015 1449 voraverit?
2058 1392 2194 1460 Quia

629 1490 937 1543 comederat
974 1504 1040 1543 ex
1081 1489 1149 1543 iis
1178 1490 1562 1557 quaejumenta
1618 1486 1875 1542 ferebant.
1932 1485 2087 1553 Quod
2147 1487 2193 1540 si

629 1593 826 1647 pecora
850 1587 1005 1633 erant
1024 1579 1123 1649 (a),
1169 1578 1470 1648 'mulgendo
1514 1578 1596 1632 lac
1654 1579 1906 1646 gustavit,
1944 1584 2037 1632 aut
2067 1577 2196 1648 quid
2301 1602 2317 1618 ο

528 1728 539 1733 η
632 1668 796 1738 hujus
850 1669 1062 1740 generis
1133 1669 1151 1737 (
1174 1669 1227 1722 id
1256 1676 1360 1735 est,
1392 1682 1608 1723 caseum
1636 1666 1905 1738 butyrum,
1945 1674 2194 1739 serum.)

1132 1890 1135 1891 ν
1232 1848 1448 1918 Evagrii
1478 1847 1565 1902 42.

704 1941 839 1997 Cum
877 1938 1217 1995 anachoretis
1246 1953 1338 1994 seu
1404 1938 1663 1994 solitariis
1724 1936 1994 1991 daemones
2063 1933 2190 1988 nudi

632 2033 929 2089 luctantur.
989 2030 1062 2085 Ex
1120 2030 1186 2083 iis
1231 2037 1408 2082 autem
1463 2030 1555 2098 qui
1590 2028 1642 2081 in
1690 2028 1948 2082 ctenobiis
1984 2032 2038 2078 et
2063 2041 2193 2080 con-

634 2120 881 2175 ventibus
936 2118 1003 2170 ad
1056 2118 1314 2170 virtutem
1369 2123 1705 2182 exercentur,
1787 2116 2195 2186 negligentiores

634 2216 938 2265 exarmant.
983 2206 1058 2260 ~At
1120 2206 1318 2260 bellum
1384 2205 1650 2275 posterius
1715 2206 1887 2259 multo
1910 2206 2079 2261 levius
2114 2218 2197 2263 est

633 2301 848 2371 priore:
873 2309 1200 2385 quapropter
1236 2314 1341 2353 non
1367 2309 1449 2353 est
1475 2297 1715 2353 invenire
1739 2297 1792 2351 in
1828 2300 1983 2354 lcrris
2034 2308 2196 2353 atro-

633 2391 811 2447 ciores
842 2389 1099 2444 homines
1137 2389 1490 2454 daemonibus,
1556 2388 1645 2458 qui
1719 2390 1957 2445 omnium
2022 2391 2195 2445 homi-

634 2499 763 2537 num
827 2486 1051 2537 vincunt
1097 2481 1380 2546 malitiam,
1430 2479 1640 2534 etiamsi
1696 2480 1941 2535 homines
1978 2495 2192 2536 omnem

635 2573 803 2630 simul
829 2573 1232 2644 improbitatem
1270 2580 1611 2642 expromant.

1122 2674 1129 2691 κ
1218 2660 1375 2713 Aliud
1428 2661 1680 2715 scholion.

705 2749 809 2817 Qui
836 2752 905 2807 ah
952 2749 1266 2806 hominibus
1315 2751 1475 2806 laesus
1529 2766 1627 2819 pro
1677 2752 1784 2831 illis
1854 2750 2193 2821 deprecatur,

576 2832 577 2835 “
637 2837 911 2892 daemones
934 2836 1153 2905 aﬂligit:
1184 2836 1277 2907 qui
1318 2836 1624 2891 hominibus
1672 2834 1897 2903 resistit,
1950 2836 2195 2892 vulnera-

638 2938 727 2985 tur
744 2944 777 2984 a
808 2928 1165 2985 dztnonibus.

1261 3019 1439 3074 Aliud.

704 3110 877 3166 Iinor
941 3120 1025 3167 est
1088 3111 1245 3182 culpa
1300 3110 1575 3173 hominum
1617 3080 1781 3180 quam
1843 3108 2186 3178 daemonum;

635 3205 729 3259 sed
773 3203 867 3274 qui
891 3202 1071 3259 studet
1101 3203 1309 3274 placere
1345 3202 1584 3266 Domino,
1611 3209 1870 3272 utrosque
1900 3202 2045 3258 vicit.

2213 3162 2262 3226 C

2859 840 3112 910 Σχόλιον
3143 846 3259 909 μα’.

2363 933 2617 1004 Φροντίδα
2645 933 2852 1001 ἀλόγων
2903 934 3053 1003 φησί.
3100 934 3232 1003 Οὐχὶ
3258 932 3316 985 δὲ
3351 932 3490 987 κατὰ
3519 931 3711 998 ἄλογον
3739 931 3833 984 πάι

2294 1024 2404 1090 θος,
2433 1025 2552 1077 ἐπεὶ
2594 1024 2691 1093 οὐκ
2722 1024 2787 1076 ἂν
2822 1023 3036 1093 μειδιῶν
3062 1022 3157 1095 τὴν
3195 1021 3476 1089 ἀσέλγειαν
3518 1022 3651 1085 ἰᾶτο,
3686 1021 3716 1072 ὁ
3764 1018 3842 1088 τῷ

2299 1115 2514 1185 μεγάλῳ
2577 1112 2837 1182 Ἀντωνίῳ
2898 1113 3185 1184 μαρτυρῶν
3241 1113 3447 1166 κλαίειν
3490 1113 3582 1165 ἐπὶ
3612 1111 3689 1181 τῷ
3738 1111 3842 1163 ὑπὸ

2293 1206 2399 1261 τῶν
2453 1206 2693 1275 ὀνάγρων
2741 1202 3061 1270 ὲπιταγέντι.
3110 1203 3174 1255 Τί
3225 1203 3283 1256 δέ
3338 1204 3451 1256 ὲστι
3502 1202 3687 1271 νοῆσαι
3726 1200 3839 1266 τὸν,

2293 1296 2446 1359 τέλος
2471 1296 2567 1366 τῆς
2595 1293 2859 1363 πράξεως,
2891 1294 2924 1363 ἢ
2953 1291 3351 1363 λαθροφαγίας;
3387 1293 3506 1345 Ὀτι
3551 1292 3750 1360 ἔφαγεν
3775 1293 3840 1343 ὲκ

2295 1386 2402 1441 τῶν
2450 1385 2841 1456 βασταγμάτων
2886 1384 2993 1437 τῶν
3042 1382 3267 1451 ἀλόγων.
3316 1382 3380 1435 Ei
3418 1382 3475 1436 δὲ
3522 1381 3839 1452 βοσκήματα

2296 1469 2363 1545 ἦν
2388 1473 2656 1544 ἀμέλγων,
2697 1471 3052 1540 ἀπεγεύσατο,
3089 1470 3123 1541 ἢ
3164 1470 3289 1525 ἄλλο
3319 1487 3372 1523 τι
3402 1469 3836 1539 τοιουτότροπον

2838 1845 3057 1914 Etiam!
3060 1861 3130 1899 ου
3158 1843 3282 1912 μβ.

2359 1936 2480 1999 Τοῖς
2508 1935 2603 2006 μὲν
2628 1934 2998 2005 ἀναχωρηταὶς
3027 1936 3074 1987 οἱ
3100 1934 3347 2003 δαίμονες
3369 1931 3564 2003 γυμνοὶ
3584 1922 3837 2002 προσπα-

2290 2026 2495 2081 λαίουσι
2514 2042 2527 2056 ο
2558 2026 2665 2087 τοῖς
2690 2024 2748 2077 δὲ
2790 2026 2847 2077 έν
2875 2022 3154 2085 κοινοδίοις
3190 2023 3222 2094 ἢ
3258 2022 3521 2086 συνοδίαις
3563 2038 3838 2092 κατεργα-

2292 2118 2532 2187 ζομένοις
2561 2116 2657 2187 τὴν
2685 2114 2899 2186 ἀρετὴν,
2926 2116 3050 2177 τοὺς
3088 2113 3476 2194 ἀμελεστέρους
3517 2112 3627 2197 τῷν
3677 2112 3834 2166 ἀδελ-

2292 2207 2404 2277 φῶν
2458 2205 2838 2271 έξοπλίζουσιν.
2874 2203 2932 2257 '0
2972 2204 3218 2275 δεύτερος
3262 2204 3319 2257 δὲ
3367 2202 3599 2274 πόλεμος
3630 2203 3839 2274 πολλῷ

2291 2297 2609 2368 κουφότερος
2652 2295 2741 2349 τοῦ
2776 2294 2987 2366 πρώτου
3008 2311 3021 2323 ·
3066 2295 3196 2366 διότι
3224 2294 3321 2348 οὐκ
3346 2293 3491 2348 εστιν
3523 2295 3703 2365 εὑρεῖν
3746 2294 3838 2347 ἐπὶ

2288 2388 2387 2458 τῆς
2423 2387 2526 2458 γῆς
2569 2385 2880 2459 ἀνθρώπους
2917 2387 3269 2458 πικροτέρους
3312 2385 3599 2461 δαιμόνων,
3640 2384 3689 2436 εξ
3744 2385 3840 2435 καὶ

2288 2481 2468 2534 πᾶσαν
2508 2478 2685 2533 αὐτῶν
2728 2478 2934 2549 ἀθρόως
2984 2476 3406 2558 ὑποδεχομένου-ξς
3453 2475 3552 2544 τὴν
3594 2490 3836 2543 κακουρι

2287 2568 2431 2636 γίαν.

2954 2656 3160 2709 Ἄλλο.

2370 2746 2427 2798 '0
2459 2746 2778 2801 ἀδικούντων
2820 2745 3115 2816 ἀνθρώπων
3144 2743 3591 2818 ὕπερευχόμενος,
3625 2745 3837 2813 καταρο
3868 2782 3871 2783 ν

2292 2835 2481 2906 ρἀσει
2514 2834 2767 2907 δαίμονας
2786 2851 2803 2869 ο
2827 2839 2856 2889 ὁ
2874 2836 2931 2889 δὲ
2960 2839 3068 2899 τοῖς
3104 2835 3336 2907 πρώτοις
3361 2833 3832 2905 ἀντιτασσόμενος,

2290 2926 2393 2981 ὑπὸ
2419 2926 2526 2981 τῶν
2551 2926 2811 2998 δευτέρων
2831 2927 3206 2987 τιτρώσκεται.
3800 2954 3833 2963 ν·

2960 3022 3166 3075 Ἄλλο.
3252 3076 3265 3081 -
3308 3076 3326 3093 ,

2357 3112 2637 3184 Κρείσσων
2686 3110 3023 3183 πλημμέλεια
3070 3109 3388 3182 ἀνθρώπων,
3444 3108 3538 3163 καὶ
3588 3107 3665 3179 μὴ
3716 3105 3833 3159 δαι-

2292 3204 2496 3275 μόνωνο
2541 3206 2572 3259 ό
2615 3204 2672 3257 δὲ
2712 3203 3013 3274 εὐαρεστῶν
3055 3202 3262 3273 Κυρίῳ,
3319 3201 3443 3263 τοὺς
3491 3198 3834 3271 ἀμφοτέρους

2287 3297 2553 3368 ἐνίκησεν.
2871 3341 2873 3345 .
3473 3319 3476 3321 λ

674 3418 943 3476 Scholia!!!
992 3435 1205 3492 aequem
1257 3419 1501 3475 abrasum
1546 3437 1579 3474 α
1628 3420 1904 3491 principio,
1957 3424 2059 3497 legi
2105 3443 2209 3549 ηριι
2255 3402 2460 3499 potest,
2504 3447 2665 3501 quare
2712 3439 2880 3486 totum
2939 3429 3147 3483 omitto.
3202 3426 3338 3482 Sunt
3398 3428 3505 3481 duo
3554 3427 3636 3484 uel
3684 3438 3797 3482 tres

1325 3523 1327 3525 ι
2165 3514 2332 3549 orsus.
3100 3528 3105 3531 -

1325 3523 1327 3525 ‘
2008 3550 2010 3554 ,
2133 3514 2332 3555 νέηαι.
3100 3528 3105 3531 ’

1252 3775 1496 3833 Scholion
1516 3777 1605 3832 44.

707 3864 962 3921 Veritatis
988 3864 1264 3922 studiosus
1310 3866 1503 3951 duplex
1543 3870 1883 3926 commodum
1934 3864 2184 3945 percipit:

637 3974 799 4028 super
858 3958 1014 4012 bonis
1077 3959 1333 4028 operibus
1388 3961 1797 4017 commendatus
1850 3962 2078 4020 alacrior
2110 3967 2190 4031 llt,

635 4047 705 4103 ad
736 4048 925 4102 eadem
962 4048 1260 4103 exercenda
1327 4050 1683 4118 reprehensus
1737 4052 1948 4125 cogitur
2009 4069 2194 4112 emen-

634 4140 786 4205 dare,
817 4146 872 4193 et
895 4138 1263 4209 penitentiam
1298 4152 1475 4207 agere.

1270 4228 1424 4299 ιω
1461 4228 1645 4284 Aliud.

703 4318 809 4375 Pro
873 4321 1081 4375 ratione
1132 4335 1469 4391 progressus,
1527 4321 1639 4377 vita
1712 4323 2038 4381 instituenda
2084 4337 2187 4394 est.

637 4424 737 4478 pro
780 4411 986 4466 ratione
1034 4412 1176 4479 vita,
1230 4428 1417 4483 preces
1451 4412 1560 4471 Deo
1591 4412 1876 4469 otl'erendae
1938 4423 2085 4471 sunt.

1219 4566 1461 4644 Scholion
1478 4590 1579 4647 '45.

710 4680 765 4735 ln
803 4679 1086 4749 elegantia,
1118 4679 1161 4731 si
1182 4680 1397 4748 phrasin
1422 4696 1523 4737 seu
1552 4681 1905 4738 elocutionem
1933 4689 2140 4752 spectes
2164 4701 2180 4749 ;
2212 4693 2256 4748 ι)

642 4772 871 4833 inutilia,
948 4769 993 4823 si
1048 4760 1353 4822 saecularem
1406 4782 1603 4828 sortem
1630 4786 1682 4829 et
1710 4774 2186 4843 lelicilatem;spi-

641 4877 756 4927 nas,
794 4861 838 4916 si
862 4861 1074 4923 duram,
1153 4866 1211 4910 ut
1261 4860 1486 4927 videtur,
1559 4871 1622 4923 et.
1656 4864 1859 4921 tristem
1887 4867 2185 4921 enarratio-

640 4967 783 5006 nem.

1229 5037 1476 5093 Scholion
1512 5038 1599 5094 46.

708 5129 941 5186 Noverat
962 5128 1104 5202 quod
1131 5129 1221 5200 qui
1254 5130 1495 5198 peccanti
1527 5132 1792 5200 connivet,
1849 5152 1954 5192 non
2007 5135 2185 5191 minus

640 5236 801 5291 quam
834 5221 948 5288 ipse
976 5221 1065 5289 qui
1092 5220 1352 5290 peccavit,
1381 5219 1643 5290 judicium
1670 5225 1930 5283 sustineat
1952 5236 2005 5283 et
2051 5242 2184 5285 con-

642 5310 1061 5369 dcmnationem.

1189 5401 1351 5455 Aliud
1387 5416 1450 5456 ea:
1478 5400 1675 5457 Marco.
1756 5452 1757 5455 η

706 5490 851 5563 Quid
899 5491 952 5548 in
1004 5494 1319 5565 magistratu
1361 5490 1477 5556 est.
1534 5502 1777 5563 opportet
1830 5507 1888 5554 ut
1941 5500 2181 5572 subjecto

716 5694 792 5766 (α)
820 5694 1035 5769 Supple,
1080 5706 1309 5765 quorum
1333 5705 1514 5748 curam
1555 5691 1800 5752 habebat.

2286 3973 2577 4043 ὠφέλειανο
2628 3976 2720 4029 ἐπὶ
2778 3976 2874 4046 μὲν
2924 3977 3036 4041 τοῖς
3090 3974 3311 4044 ἀγαθοῖς
3364 3974 3829 4046 μαρτυρούμενος.

2286 4064 2686 4137 προθυμότερος
2734 4067 2966 4135 γίνεται·
3016 4069 3104 4121 ἐπὶ
3134 4067 3191 4121 δὲ
3229 4069 3340 4131 τοῖς
3378 4068 3565 4130 κακοῖς
3604 4064 3831 4136 ἔλεγχό-

2291 4173 2466 4227 μενος,
2499 4158 2772 4229 μετανοεῖν
2800 4158 3179 4226 ἀναγκάζεται.
3281 4208 3286 4212 .

2944 4250 3153 4306 Ἄλλο.

2353 4336 2444 4389 Δεῖ
2465 4337 2611 4408 ἡμᾶς
2643 4338 2779 4391 κατά
2810 4337 2905 4408 τὴν
2942 4339 3217 4411 προκοπὴν
3260 4341 3355 4395 καὶ
3392 4340 3482 4393 τὸν
3511 4337 3623 4408 βίον
3659 4338 3829 4408 ἒχειν.

2285 4425 2379 4478 καὶ
2409 4426 2549 4481 κατὰ
2573 4426 2663 4481 τὸν
2691 4428 2801 4497 βίον
2825 4430 3104 4501 ὀφείλομεν
3236 4430 3354 4502 Θεῷ
3385 4430 3482 4494 τὰς
3522 4428 3832 4499 προσευχὰς

2285 4516 2591 4586 ἀναφέρειν.

2857 4613 2902 4663 Σ
2904 4611 3112 4679 χόλων
3142 4614 3251 4679 με’.

2361 4696 2589 4771 Ἀκαλλῆ
2616 4701 2754 4754 κατά
2778 4700 2872 4771 τὴν
2900 4703 3095 4771 φράσιν
3115 4717 3129 4731 ο
3158 4697 3537 4772 ἀνονησιφόρα,
3561 4700 3705 4755 κατά
3729 4701 3827 4771 τὴν

2289 4791 2547 4861 κοσμικὴν
2576 4792 2905 4863 εὐπραγίανο
2952 4778 3431 4860 ἀκανθολογήματα
3466 4788 3523 4841 δδ
3560 4790 3707 4845 κατά
3729 4793 3827 4863 τὴν

2289 4879 2522 4950 σκληρὰν
2552 4880 2808 4935 δοκοῦσαν
2835 4881 3103 4951 διήγησιν.

2854 5057 2901 5108 Σ
2900 5054 3107 5123 χόλωνΙ
3136 5054 3253 5125 pg’.

2361 5144 2510 5214 ᾜδει
2544 5146 2619 5209 ὡς
2663 5146 2693 5197 ό
2742 5145 3089 5215 ὲφησυχάζων
3130 5149 3207 5217 τῷ
3236 5148 3493 5214 πταίοντι,
3524 5145 3825 5225 οὐχ-ἦττον

2283 5234 2440 5288 αὑτοῦ
2469 5236 2564 5307 τὴν
2596 5236 2882 5306 καταδίκην
2914 5237 3253 5305 ὑφίστασθαι.

2807 5415 2989 5467 Ἄλλο
3018 5415 3277 5485 Μάρκου.

2366 5505 2602 5575 ’Δρχικδς
2642 5504 2981 5576 ὑποτακτικῷ
3020 5509 3279 5577 χρεωστεί
3308 5506 3481 5579 λέγειν
3508 5510 3570 5567 τὸ
3602 5509 3816 5582 ὀφειλό-
