4050 6338
281 438 386 500 τῦὗ
458 504 471 512 _

1305 446 1525 502 Sl'IALA
1560 446 1925 504 PARADISI.
1960 474 2026 483 —
2051 453 2351 513 GIMDUS
2389 456 2452 512 ν.

3382 465 3487 525 766

280 549 318 600 ἆ
346 549 424 610 ὡς
454 548 642 616 ἔτυχεν
687 548 963 616 όῳθαλμὸς
991 548 1269 618 ἀνθρώπου
1302 549 1530 616 ἁμελοῦς
1568 552 1664 602 ούκ
1705 549 1816 605 εῖδεη

1934 574 2101 623 rarer,
2126 562 2304 629 rogavi
2332 570 2581 614 sanctum
2607 561 2752 614 illum
2787 564 3062 631 przesidem
3095 567 3169 620 uti
3203 567 3329 621 mihi
3355 567 3480 624 lice-

279 650 385 691 και
404 635 490 700 οῦς
514 639 760 708 ῥᾳθύμου
783 641 843 692 ού
870 641 1096 707 δέχεται,
1123 641 1214 690 καὶ
1237 641 1327 690 ἑτιι)⁵
1357 641 1577 706 καρδίαν
1603 644 1828 712 όκνηροῦ

277 731 389 781 οὐκ
420 729 582 799 ἁνέὃη
607 746 621 760 ο
671 732 970 801 πράγματα
1009 730 1100 782 καὶ
1147 732 1360 799 ῥήματα
1394 731 1483 782 τὸν
1513 733 1643 784 Θεὸν
1680 734 1831 786 δυνά-

279 835 428 886 μενα
460 819 748 887 βιάσασθαι
774 861 790 885 ,
819 819 1216 888 ἐπιτηδεύματά
1246 837 1303 871 τε
1337 822 1430 871 καὶ
1455 823 1703 892 σχήματα
1733 825 1830 892 τὴν

275 905 451 957 αὑτοῦ
476 907 878 976 φιλανθρωπίαν
900 907 1170 975 συντόμως
1199 909 1667 977 κατακάμπτοντα.
1694 914 1830 974 Τοὺς

276 993 392 1061 μὲν
410 994 518 1045 τῶν
541 995 852 1046 ὑπευθύνων
881 996 1100 1056 ἐκείνων
1135 997 1240 1048 τῶν
1271 995 1570 1050 ἀνευθύνων
1599 1004 1829 1070 παννυχὶ

275 1085 448 1154 μέχρι
471 1086 681 1152 πρωῖας
703 1084 1016 1153 ἱσταμένους
1053 1086 1309 1156 αῖθρίους,
1349 1088 1472 1150 τοὺς
1511 1091 1670 1151 πόδας
1709 1092 1829 1144 ἀκι-

269 1175 478 1243 νήτους
516 1175 755 1244 ἔχοντας,
799 1178 890 1228 καὶ
917 1176 994 1246 τῷ
1024 1176 1175 1246 ὕπνῳ
1211 1178 1451 1241 ἐλεεινῶς
1477 1182 1827 1234 κατακλονου-

273 1265 481 1331 μένους
505 1265 995 1338 [κατακλωμένους]
1028 1271 1090 1337 τῇ
1120 1269 1209 1338 βία
1246 1269 1443 1338 ταύτης
1470 1272 1568 1339 τῆς
1595 1254 1822 1338 φύσεως,

270 1355 378 1407 καὶ
414 1356 679 1424 μηδεμίαν
708 1359 1008 1411 ἀνάπαυσιν
1041 1360 1218 1422 αὐτοῖς
1260 1362 1641 1431 χαριζομένους
1665 1379 1676 1389 ·
1711 1363 1824 1414 ἀλλ’

268 1446 506 1507 ἑαυτοὺς
554 1448 978 1518 ὲπιπλήσσοντας
1009 1447 1109 1500 καῖ’
1126 1450 1366 1518 ἀτιμίαις
1397 1454 1486 1503 καὶ
1520 1453 1701 1521 ὕϐρεσι
1751 1452 1825 1502 δι-

265 1534 598 1600 υττνίζοντας
622 1555 634 1566 ·
663 1539 850 1600 ἄλλους
879 1540 955 1600 εἰς
982 1539 1202 1608 οὐρανὸν
1231 1542 1585 1605 ἀτενίζοντας,
1612 1545 1700 1596 καὶ
1725 1545 1821 1612 τὴν

265 1627 488 1677 ἐκεῖθεν
521 1628 768 1696 βοήθειαν
803 1628 918 1697 μετ’
954 1628 1195 1698 ὀδυρμῶν
1223 1632 1316 1682 καὶ
1361 1632 1496 1699 βοῶν
1539 1633 1822 1685 ἐπικαλου·

269 1717 472 1784 μένους
500 1733 514 1746 ’
547 1720 761 1788 ἑτέρους
807 1721 862 1771 ἑν
920 1720 993 1788 (5)
1050 1726 1316 1791 προσευχῇ
1367 1725 1817 1793 παρισταμένους,

266 1808 377 1858 καὶ
399 1806 617 1858 ὖπισθεν
645 1808 848 1859 ἑαυτῶν
871 1809 1166 1860 καταδίκων
1194 1810 1344 1880 δίκην
1368 1813 1466 1874 τὰς
1490 1816 1670 1882 χεῖρας
1695 1831 1818 1865 συν-

1934 660 2016 702 ret
2065 651 2241 702 sedem
2286 651 2428 702 illam
2469 667 2650 703 coram
2697 653 2977 719 inspicere.
3010 654 3186 709 Cessit
3229 660 3479 725 precibus

1933 741 2066 792 meis
2101 740 2185 792 ille
2218 741 2444 809 inclytus
2472 743 2702 796 cmnobii
2736 745 2976 808 antistes,
3013 747 3153 813 quod
3189 747 3351 801 nollet
3392 765 3477 802 me

1933 829 2035 882 ulla
2089 831 2294 883 ratione
2328 831 2610 885 oﬂensum.
2643 832 2778 886 Cum
2825 850 2953 905 ergo
2997 837 3064 888 ad
3111 837 3282 890 locum
3318 838 3472 892 illum

1929 921 2297 986 pmnitentium
2330 963 2344 986 ,
2401 924 2510 976 imo
2558 939 2684 977 vero
2732 926 2796 978 ad
2851 928 3117 995 regionem
3171 929 3470 996 lugentium

1930 1012 2216 1075 (carcerem
2263 1015 2526 1083 inquam)
2579 1018 2842 1070 venissem
2873 1018 2980 1085 (ὑ),
3034 1019 3136 1070 vidi
3177 1035 3393 1082 revera.
3425 1023 3468 1074 si

1928 1101 2008 1155 fas
2040 1103 2216 1156 dict-re
2238 1142 2252 1164 ,
2299 1121 2419 1172 qua:
2442 1149 2455 1170 ,
2491 1106 2564 1158 uti
2606 1109 2741 1159 solet
2764 1146 2777 1168 ,
2813 1107 3040 1160 hominis
3075 1108 3248 1175 ignavi
3281 1110 3470 1164 oculus

1926 1209 2030 1246 non
2061 1195 2189 1247 vidit
2212 1233 2227 1256 ,
2265 1207 2317 1248 et
2344 1197 2530 1250 inertis
2563 1213 2719 1251 aures
2749 1212 2855 1250 non
2883 1200 3205 1263 audierunt,
3243 1215 3469 1268 quaeque

1925 1283 1978 1335 in
2013 1302 2106 1337 cor
2144 1285 2275 1353 pigri
2309 1302 2412 1338 non
2448 1287 2836 1348 ascenderunt.
2883 1287 3021 1340 facta
3047 1329 3062 1350 ,
3108 1290 3322 1356 inquam
3352 1326 3368 1347 ,
3413 1303 3468 1342 et
3519 1293 3524 1296 ’

1925 1377 2085 1428 verba
2115 1392 2233 1445 qme
2275 1375 2382 1429 Deo
2410 1377 2805 1445 quodammodo
2844 1378 3047 1445 possint
3083 1380 3185 1430 vim
3234 1378 3460 1442 inferre;

1922 1466 2099 1519 studia
2131 1477 2183 1518 ct
2216 1467 2426 1519 habitus
2456 1483 2573 1535 qua:
2601 1468 2932 1520 clementiam
2966 1469 3132 1535 ipsius
3157 1468 3336 1520 statim
3383 1469 3465 1521 in-

1874 1591 1883 1597 -
1921 1556 2152 1610 ﬂectant.
2189 1557 2302 1610 Vidi
2341 1559 2497 1626 116
2529 1557 2788 1625 quosdam
2829 1573 2892 1610 ex
2940 1557 3312 1610 innocentibus
3355 1559 3462 1613 illis

1921 1651 2025 1702 reis
2073 1658 2214 1701 totas
2257 1658 2436 1702 noctes
2468 1649 2532 1700 ad
2569 1663 2739 1716 usque
2783 1663 2938 1702 mane
2974 1649 3073 1701 sub
3105 1649 3192 1701 dio
3222 1649 3462 1703 immotis

1920 1738 2144 1806 pedibus
2169 1746 2369 1790 stantes
2390 1777 2404 1799 ,
2433 1746 2486 1789 et
2510 1736 2888 1789 miserabiliter
2914 1753 3034 1789 cum
3067 1751 3255 1790 sonmo
3279 1745 3331 1789 et
3360 1753 3456 1789 na-

1920 1839 2036 1880 tura
2073 1829 2355 1890 lnctantes,
2384 1828 2538 1893 vinue
2569 1827 2728 1893 hujus
2758 1841 2889 1894 pene
2918 1826 3115 1882 fractos
3136 1869 3150 1892 ,
3181 1828 3308 1880 dum
3342 1829 3458 1879 nul-

263 1896 562 1964 δήσαντας,
587 1898 665 1958 εἰς
685 1897 788 1966 γῆν
817 1915 876 1949 τε
921 1898 980 1950 τὸ
1014 1901 1279 1950 σκοτεινὸν
1319 1901 1494 1953 αὐτῶν
1533 1902 1816 1970 πρόςωπον

1921 1921 2022 1973 Iam
2055 1920 2153 1972 sibi
2186 1920 2395 1986 penitus
2423 1918 2653 1984 quietem
2700 1916 3065 1981 indulgerent,
3106 1918 3214 1970 imo
3245 1919 3452 1984 seipsos

265 1984 582 2048 κλίναντας,
641 1988 734 2038 καὶ
774 1986 1018 2050 ἀναξίους
1045 1990 1262 2050 ἑαυτοὺς
1314 1991 1410 2058 τῆς
1466 1991 1543 2052 είς
1595 1992 1817 2062 οὐρανὸν

265 2073 620 2143 ἁναδλέψεως
693 2077 1186 2141 καταδικάσαντας.
1246 2079 1377 2146 μηδὲ
1430 2095 1479 2130 τι
1537 2082 1723 2142 εἰπεῖν,
1781 2083 1813 2153 ἢ

263 2163 629 2231 φθέγξασθαι,
658 2165 690 2235 ἧ
719 2165 971 2230 εὔξασθαι
1002 2168 1133 2235 πρὸς
1169 2168 1318 2228 Θεὸν,
1349 2168 1449 2220 ὑπὸ
1485 2170 1580 2237 τῆς
1606 2172 1711 2222 τῶν
1739 2172 1815 2224 λο-

261 2255 490 2324 γισμῶν
546 2257 638 2307 καὶ
677 2256 771 2309 τοῦ
823 2257 1112 2319 συνειδότος
1170 2259 1385 2327 ἀτιμίας
1437 2261 1812 2328 εὐποροῦντας,

265 2343 414 2414 μηδὲ
451 2344 566 2406 πῶς
585 2345 620 2415 ἧ
652 2345 809 2396 πόθεν
837 2346 932 2413 τὴν
961 2347 1161 2396 ἱκεσίαν
1182 2346 1504 2416 ποιήσασθαι
1539 2349 1813 2416 εὑρίσκον-

261 2451 395 2496 τας,
431 2434 594 2504 μάνην
634 2435 707 2504 (4)
745 2435 920 2504 ψυχὴν
951 2433 1156 2501 ἄλογον,
1189 2438 1280 2486 καὶ
1321 2434 1442 2486 νοῦν
1487 2436 1693 2502 ἄφωνον
1737 2438 1812 2506 τῷ

261 2525 393 2594 Θεῷ
423 2526 814 2595 παριστῶντας,
847 2525 1058 2589 σκοτίας
1084 2527 1554 2595 πεπληρωμένους,
1594 2531 1691 2579 καὶ
1722 2529 1811 2597 ψι-

263 2614 371 2681 λῆς
406 2615 763 2682 ἀπογνώσεως
790 2633 804 2645 ·
833 2616 1022 2678 ἄλλους
1061 2617 1116 2667 ἐν
1157 2616 1231 2684 τῷ
1278 2617 1456 2684 ἐδάιρει
1485 2620 1574 2669 ἐπὶ
1610 2620 1810 2671 σάκκου

265 2712 370 2762 καὶ
398 2709 588 2762 σποδοῦ
619 2710 974 2779 καθημένους,
1000 2711 1091 2761 καὶ
1109 2710 1169 2760 τὸ
1193 2711 1475 2778 πρόσωπον
1495 2714 1604 2773 τοῖς
1626 2713 1812 2778 γόνασι

263 2800 658 2863 καλύπτοντας,
716 2803 809 2853 καὶ
857 2802 916 2853 τὸ
941 2802 1184 2870 μέτωπον
1214 2802 1290 2862 είς
1325 2801 1423 2870 γῆν
1470 2803 1762 2865 τύπτοντας
1795 2821 1808 2834 ο

265 2893 492 2960 ἑτέρους
546 2891 607 2943 τὸ
664 2891 854 2960 στῆθος
898 2890 1180 2952 διαπαντὸς
1233 2891 1546 2956 τύπτοντας,
1589 2895 1680 2944 καὶ
1715 2895 1811 2963 τὴν

266 2974 479 3036 ἑαυτῶν
501 2982 576 3052 (5)
601 2983 772 3053 ψυχὴν
798 2983 888 3036 καὶ
915 2982 1054 3053 ζωὴν
1091 2981 1572 3049 ἀνακαλουμένους,
1618 2985 1680 3033 Οἱ
1713 2985 1809 3050 μὲν

267 3076 331 3125 ἐν
362 3073 581 3135 ἐκείνοις
596 3075 656 3124 τὸ
685 3074 995 3140 ἑδαφοςτοίς
1009 3074 1260 3142 δάκρυσιν
1278 3072 1494 3142 ἒϐρεχον
1512 3090 1523 3102 ·
1547 3073 1594 3124 οἱ
1633 3072 1687 3123 δὲ
1716 3073 1809 3124 δα·-

272 3164 458 3232 κρύων
501 3163 823 3233 ἀποροῦντες
871 3164 1087 3224 ἑαυτοὺς
1115 3163 1443 3214 κατέκοπτον
1469 3164 1565 3230 (a).
1608 3164 1670 3213 Ui.
1713 3162 1808 3231 μὲν

266 3253 351 3314 ὠς
388 3253 479 3304 ἐπὶ
516 3255 633 3315 ταῖς
677 3253 879 3304 ἑαυτῶν
904 3253 1096 3320 ψυχαῖς
1136 3251 1412 3314 ιτιλόλυζον,
1444 3252 1539 3318 τὴν
1589 3252 1809 3321 συνοχὴν
1838 3226 1880 3286 c

267 3345 372 3412 τῆς
404 3343 622 3412 καρδίας
657 3344 838 3413 φέρειν
866 3343 937 3412 μὴ
978 3343 1241 3412 ἰσχύοντες
1264 3357 1276 3368 ⁸
1307 3343 1355 3393 οἱ
1385 3343 1440 3394 δὲ
1471 3346 1536 3411 τῇ
1575 3344 1648 3410 (6)
1676 3361 1811 3412 καρ-

267 3436 360 3502 δία
389 3435 630 3504 ἔϐρυχον,
677 3437 768 3486 καί
799 3435 873 3503 τῷ
904 3435 1125 3504 στόματι
1155 3429 1246 3486 τὸν
1271 3434 1362 3486 τοῦ
1397 3434 1626 3504 ὀδυρμοῦ
1647 3435 1811 3503 ψόφον

264 3526 578 3580 διεκώλυον.
621 3528 774 3579 Ἐστι
817 3527 871 3578 δὲ
918 3527 1001 3578 ὅτε
1056 3525 1245 3603 μηκέτι
1285 3529 1499 3594 κρατεῖν
1546 3526 1811 3593 ἰσχύοντες

272 3615 551 3681 αἰφνιδίως
582 3614 894 3683 ἁνὲκραζον.
941 3609 1088 3665 Εἶδον
1132 3613 1240 3681 ἐγὼ
1285 3616 1396 3665 ὲκεί
1439 3630 1586 3676 τινας
1625 3614 1808 3680 ῶσπερ

273 3703 479 3756 ἑαυτῶν
524 3703 874 3770 ἐξεστηκότας
924 3702 1000 3770 τῷ
1047 3702 1163 3770 nos;
1210 3702 1302 3752 καὶ
1347 3703 1412 3768 τῇ
1461 3703 1671 3771 συννοίᾳ
1723 3704 1845 3753 ἑνοη

271 3792 440 3854 νεούς-
478 3809 628 3852 τινας
676 3795 741 3861 τῇ
794 3791 955 3860 πολλῇ
1010 3791 1270 3859 ἀδημονίᾳ
1325 3792 1613 3857 γεγονότας
1660 3791 1811 3852 ὅλους

270 3884 707 3951 ἐσκοτισμένους,
756 3882 846 3933 καὶ
874 3881 1058 3950 ὥσπερ
1085 3881 1434 3949 ἀναισθήτους
1475 3881 1606 3950 πρὸς
1638 3882 1810 3932 πάντα

274 3977 466 4049 [καιτᾰ
503 3976 598 4029 τοῦ
633 3975 745 4044 βίου
779 3977 1150 4044 τυγχάνοντας,
1191 3973 1267 4042 τῷ
1299 3973 1376 4025 νοῒ
1423 3974 1602 4026 λοιπὸν
1642 3977 1696 4024 ἐν
1744 3977 1809 4043 τῇ

271 4070 494 4138 ἀὸύσσῳ
541 4070 638 4137 τῆς
684 4069 1053 4130 ταπεινώσεως
1109 4066 1541 4128 καταδύσαντας,
1593 4070 1685 4118 καὶ
1735 4067 1812 4135 τῷ

275 4164 408 4233 πυρὶ
437 4161 532 4229 τῆς
558 4159 793 4228 ἀθυμίας
819 4161 888 4211 τὰ
913 4160 1018 4212 τῶν
1057 4157 1342 4227 ὀφθαλμῶν
1370 4158 1575 4228 δάκρυα
1607 4161 1811 4229 ἀποτη-

272 4251 594 4322 γανίσαντας
613 4266 629 4280 ·
663 4250 848 4312 ἄλλους
877 4250 1211 4318 καθημένους
1246 4248 1462 4310 σύννους
1492 4250 1570 4310 εἰς
1601 4252 1702 4318 γῆν
1728 4267 1810 4300 νε-

276 4344 564 4408 νευκότας,
639 4342 729 4394 καὶ
773 4340 869 4410 τὴν
925 4340 1126 4391 ἑαυτῶν
1173 4339 1407 4410 κεφαλὴν
1459 4339 1810 4401 ἀδιαλείπτως

275 4434 576 4494 κινοῦντας,
606 4433 695 4483 καὶ
726 4430 877 4499 δίκην
921 4427 1148 4480 λεόντων
1195 4430 1418 4498 καρδίας
1477 4431 1569 4481 καὶ
1612 4430 1813 4499 ὀνύχων

1917 2008 2148 2078 graviter
2183 2006 2355 2058 adlme
2386 2005 2767 2081 obiurgarem.
2803 2016 2855 2056 ct
2879 2005 3125 2058 convitiis
3155 2005 3372 2072 insuper
3400 2017 3454 2057 et

1915 2095 2254 2151 contumeliis
2280 2093 2596 2147 excitarent.
2645 2092 2790 2145 Alios
2829 2094 3020 2146 cmlum
3066 2095 3328 2148 intuentes
3352 2135 3366 2158 ,
3401 2107 3456 2148 et

1917 2186 2065 2237 illinc
2093 2198 2247 2251 opem
2277 2195 2400 2234 eum
2433 2180 2758 2233 lamentabili
2791 2195 2919 2234 voce
2939 2183 3239 2250 gemituque
3260 2184 3454 2251 implo-

1916 2285 2118 2328 rantes.
2163 2273 2310 2325 Alios
2345 2273 2468 2325 item
2499 2273 2590 2338 qui
2628 2273 2681 2324 in
2716 2274 2961 2340 precibus
2999 2276 3452 2340 perseverabant,

1915 2380 2105 2420 manus
2135 2373 2253 2432 post
2296 2373 2441 2432 terga
2464 2363 2845 2416 sceleratorum
2885 2363 2988 2415 ritu
3021 2363 3240 2416 revincti
3275 2365 3454 2418 vultus

1912 2457 2018 2509 alto
2061 2468 2290 2507 anrore
2333 2452 2586 2504 confusos
2637 2451 2784 2504 humi
2816 2451 3112 2520 deligebam
3137 2494 3150 2514 ,
3186 2462 3240 2503 ut
3271 2452 3360 2519 qui
3393 2470 3450 2504 se

1913 2546 2158 2613 indignos
2185 2542 2486 2609 judicarent
2504 2541 2594 2608 qui
2620 2541 2812 2594 cwlmn
2839 2542 3182 2608 respicerent,
3209 2541 3338 2592 nilnl
3364 2556 3453 2593 au-

1911 2651 1999 2689 sos
2033 2629 2201 2702 loqui,
2247 2633 2508 2684 nceillam
2553 2645 2735 2684 vocem
2786 2633 3030 2693 mittere,
3083 2647 3177 2683 nee
3207 2631 3451 2698 precari,

1914 2724 2144 2777 Deumve
2167 2739 2273 2791 prae
2299 2721 2682 2789 cogitationum
2715 2721 2870 2771 turba
2904 2728 2956 2772 et
2990 2719 3325 2773 conscientia:
3353 2727 3454 2777 tre-

1910 2817 2179 2886 pidatione
2205 2825 2258 2866 et
2287 2813 2573 2882 ignominia
2599 2813 2882 2880 appellare,
2921 2827 3023 2865 non
3049 2813 3449 2880 habentes'quid

1909 2918 1962 2960 et
1985 2908 2254 2975 quomodo
2281 2906 2516 2966 dicerent
2537 2941 2552 2965 ,
2587 2903 2831 2970 undeque
2866 2917 3078 2970 precum
3101 2903 3317 2956 exordia
3349 2903 3451 2955 du-

1909 3006 2108 3058 cerent,
2143 2996 2233 3046 sed
2277 2995 2442 3046 solam
2484 2993 2716 3046 animam
2756 2994 2959 3046 ratione
2979 2993 3256 3048 confusam
3302 3010 3452 3047 men-

1910 3092 2123 3150 temque
2148 3081 2287 3145 Deo,
2323 3083 2462 3149 pleni
2512 3082 2744 3148 tenebris
2771 3093 2825 3136 et
2857 3083 3036 3136 subtili
3068 3067 3222 3152 quasi
3257 3084 3448 3153 despe-

1910 3172 2114 3224 ratione
2141 3171 2312 3224 all‘ecti
2333 3213 2348 3236 ,
2382 3154 2840 3239 repraesentantes.
2875 3156 3141 3226 Sedebant
3169 3174 3258 3226 alii
3299 3174 3448 3228 humi

1913 3263 1961 3314 in
1996 3263 2295 3330 pavimento
2325 3277 2486 3330 super
2509 3262 2828 3317 cinerem-ct
2853 3279 3088 3329 saccum,
3119 3265 3450 3334 genibusque

1912 3356 2116 3408 vultum
2147 3354 2427 3423 tegebant,
2465 3354 2728 3409 frontibus
2762 3357 2988 3409 humum
3024 3358 3272 3411 ferientes
3305 3376 3318 3410 :
3358 3357 3451 3410 alii

1912 3434 2127 3499 assidue
2170 3453 2355 3511 pectus
2389 3444 2685 3496 tundebant
2707 3487 2720 3506 .
2761 3446 2954 3499 anima:
2977 3461 3088 3499 sua:
3113 3456 3308 3500 statum
3339 3446 3451 3514 pri-

1911 3551 2055 3589 mum
2087 3537 2352 3603 vitamque
2381 3537 2700 3603 praeteritam
2743 3538 2758 3604 (
2783 3552 2940 3604 quam
2972 3551 3091 3590 cum
3119 3537 3314 3589 virtute
3340 3545 3451 3588 tra-
3477 3581 3493 3602 χ

1911 3625 2210 3695 duxerant)
2246 3634 2577 3678 revocantes.
2605 3625 2678 3678 lix
2713 3626 2795 3678 his
2824 3626 3072 3694 ergovalii-
3091 3625 3449 3693 pavimentum

1913 3714 2162 3781 lacrymis
2195 3712 2526 3765 inundabant
2550 3751 2566 3772 ,
2605 3713 2693 3764 alii
2725 3713 3076 3781 lacrymarum
3114 3711 3257 3765 fonte
3287 3712 3451 3766 desti-

1911 3804 2010 3854 tuti
2040 3783 2097 3853 se
2126 3802 2269 3868 ipsos
2295 3801 2719 3854 diverberabant.
2753 3802 2852 3854 Alii
2885 3813 3133 3872 tanquam
3192 3804 3346 3872 117
3397 3807 3449 3856 in

1913 3887 2096 3942 l'unere
2133 3890 2340 3945 animas
2369 3905 2497 3944 suas
2527 3891 2973 3955 lamentabantur,
3006 3910 3104 3947 nee
3137 3894 3452 3962 magnitudi-

1913 3997 2031 4033 nem
2063 3980 2265 4034 doloris
2307 3991 2520 4050 pectore
2560 3991 2804 4050 poterant
2842 3987 3135 4038 continere.
3176 3985 3276 4037 Alii
3308 3985 3452 4038 intus

1912 4071 2154 4148 (Ιιιοιιυιιι
2196 4072 2404 4139 instar)
2456 4074 2730 4141 rugiebant
2779 4084 2831 4125 et
2881 4076 3066 4142 spiritu
3119 4075 3450 4135 fremebant,

1913 4161 2006 4214 sed
2055 4163 2263 4215 interim
2313 4164 2589 4231 strepitum
2643 4164 2994 4226 iumentorum
3053 4164 3450 4232 reprimebant,

1913 4255 2156 4322 quamvis
2210 4255 2314 4306 vim
2355 4256 2554 4308 doloris
2596 4271 2979 4321 nonnunquam
3019 4271 3123 4306 non
3185 4254 3454 4320 potuerint

1914 4347 2178 4399 sustinere
2201 4386 2216 4410 ,
2252 4347 2343 4399 sed
2381 4357 2596 4413 repente
2627 4346 2680 4396 in
2717 4354 2924 4411 apertos
2963 4344 3221 4396 clamores
3261 4357 3448 4410 erupe-

1915 4435 2042 4486 rint.
2079 4434 2323 4500 Spectavi
2363 4448 2459 4498 ego
2505 4432 2574 4483 ibi
2605 4431 2867 4497 quosdam
2899 4447 2964 4485 eo
2991 4438 3231 4501 corporis
3267 4433 3449 4487 habitu

278 4523 570 4595 ιέγκάτων]
624 4523 912 4591 βρύχοντας
973 4521 1063 4570 καὶ
1125 4519 1423 4579 στένοντας.
1494 4522 1556 4572 Oi
1611 4523 1706 4589 μὲν
1757 4525 1811 4572 ἐν

1915 4538 1976 4575 ac
2006 4523 2106 4576 sibi
2140 4523 2208 4573 ab
2236 4536 2294 4573 se
2320 4522 2449 4588 ipsis
2478 4521 2853 4585 excessissent,
2886 4532 2938 4574 et
2965 4524 3071 4576 alto
3110 4539 3335 4577 Interore
3359 4523 3452 4574 de-

274 4618 502 4676 ὲκείνοις
531 4616 720 4680 ἄφεσιν
771 4610 1092 4669 εύελπίστως
1126 4609 1356 4678 παντελῆ
1388 4609 1679 4679 ἐπεζήτουν
1717 4617 1808 4664 καὶ

277 4707 538 4777 ηὔχοντο·
576 4707 748 4774 ἕτεροι
777 4703 1020 4768 ἀναξίους
1075 4702 1292 4762 ἑαυτοὺς
1320 4702 1416 4768 τῆς
1467 4702 1704 4770 ἀφέσεως
1747 4707 1809 4756 ἐκ

276 4799 664 4860 ταπεινώσεως-
708 4797 908 4865 ἀφάτου
958 4794 1319 4856 κατεδίκαζον,
1356 4793 1448 4846 καὶ
1495 4796 1569 4864 μὴ
1613 4797 1811 4864 ἰσχύειν

278 4888 714 4958 ἀπολογήσασθαι
756 4889 834 4958 τῷ
877 4887 991 4957 Θεῷ
1039 4884 1349 4956 ἀνέκραζον.
1404 4885 1556 4947 Τινὲς
1606 4888 1700 4956 μὲν
1731 4891 1811 4940 ἐν-

279 4980 455 5033 ταῦθα
487 4980 829 5048 κολασθῆναι,
869 4981 1025 5033 κάκεῖ
1074 4976 1349 5047 ἐλεηθῆναι
1381 4975 1685 5030 ἑδυσὼπουν
1725 4981 1815 5032 τὸν

285 5069 522 5137 Κύριον
567 5072 740 5140 ἕτεροι
772 5069 1200 5140 συντετριμμένοι
1233 5067 1334 5118 ὑπὸ
1358 5065 1452 5118 τοῦ
1486 5066 1684 5136 βάρους
1721 5070 1813 5122 τοῦ

358 5220 596 5286 (αμιειιε
643 5224 914 5276 transtulit
959 5223 1101 5276 hunc
1134 5223 1306 5275 locmn
1358 5218 1805 5284 Camaldulensis,

284 5294 503 5354 quando
549 5291 634 5342 illa
674 5294 830 5344 verba
859 5292 1072 5345 Climaci
1121 5292 1340 5352 ἑαυτοὺς
1389 5289 1608 5340 ἔκοπτον
1640 5291 1806 5343 inter-

287 5366 529 5426 pretatus
549 5367 632 5410 est
667 5378 681 5411 :
715 5359 919 5426 Seipsos
954 5361 1313 5414 miserabiliter
1357 5357 1806 5422 lamentabantur;

288 5425 482 5498 melius
501 5435 652 5498 vetus
678 5425 937 5498 interpres
969 5448 981 5481 :
1024 5429 1238 5498 Scipios,
1256 5428 1543 5498 disciplinis
1573 5430 1806 5498 verbera-

290 5497 437 5563 bant.
472 5495 546 5544 uti
575 5506 630 5546 et
659 5512 759 5550 nos
787 5495 1170 5552 diverberaba'nt
1195 5517 1209 5563 ;
1243 5514 1363 5551 nam
1415 5497 1594 5547 κόπτω
1626 5507 1678 5548 et
1705 5496 1813 5548 δια-

289 5562 948 5635 κόπτω-ιιιιιιρυειηλνιιιει,
991 5570 1127 5635 quod
1182 5570 1440 5621 lamentor
1489 5566 1565 5616 vel
1598 5564 1808 5632 plango,

289 5632 384 5707 sed
437 5631 1022 5707 udas-rogatnbpeaov'
1061 5637 1258 5698 κόπτω,
1312 5631 1806 5707 verburnmedium

289 5700 578 5772 aliquando
608 5700 752 5772 illam
779 5700 884 5754 vim
911 5703 1084 5761 habet.
1125 5717 1182 5757 ut
1210 5708 1399 5772 plango
1426 5705 1502 5755 vel
1551 5703 1810 5755 lamentor

290 5767 579 5842 signiﬁcet;
639 5767 821 5820 κόπτω
853 5772 931 5824 vel
961 5767 1223 5825 διακόπτω
1257 5767 1483 5827 activum
1516 5787 1803 5840 nunquam.

1914 4613 2003 4664 livi
2034 4611 2098 4663 ad
2127 4621 2398 4678 stuporem
2427 4612 2591 4664 animi
2619 4621 2672 4666 et
2701 4624 2957 4667 :elernum
2993 4615 3260 4669 silentium
3292 4613 3452 4666 reda-

1911 4703 1982 4755 cti
2009 4710 2207 4764 essent,
2241 4702 2473 4756 tenebris
2498 4704 2660 4757 animi
2694 4706 2970 4762 altissimis
2997 4708 3268 4767 confusos.
3296 4715 3350 4758 et
3385 4708 3451 4760 ad

1913 4793 2090 4846 omnia
2140 4794 2260 4848 vita:
2307 4795 2479 4850 ollieia
2511 4797 2665 4851 velut
2711 4781 3008 4868 stupentes
3039 4809 3092 4852 et
3128 4812 3381 4852 exsensos
3435 4816 3450 4852 :

1915 4894 2164 4938 cazterum
2203 4887 2386 4940 animo
2420 4888 2486 4942 ad
2523 4899 2824 4945 extremum
2874 4890 3186 4944 humilitatis
3229 4890 3452 4958 gradum

1917 4977 2176 5031 demissos
2204 5018 2218 5041 ,
2270 4982 2326 5034 et
2365 4981 2488 5050 igne
2533 4982 2799 5035 mestitiae
2838 4981 3099 5049 lacrymas
3131 4981 3448 5049 cliquantes.

1919 5067 2165 5136 Spectavi
2212 5073 2348 5126 alios
2388 5075 2480 5141 qui
2526 5072 2790 5140 capitibus
2834 5072 2884 5122 in
2931 5080 3123 5124 terram
3172 5073 3451 5141 promissis

1906 5222 2002 5274 Adi
2035 5221 2339 5278 Gretsernm
2363 5226 2455 5278 lib.
2495 5241 2530 5277 ι.
2569 5223 2637 5275 De
2669 5223 2983 5288 disciplinis,
3013 5240 3131 5291 eap.
3176 5224 3260 5279 10.
3290 5238 3340 5288 p.
3368 5223 3449 5291 _65

1904 5300 2110 5363 etseq.
2135 5293 2208 5363 Et
2229 5294 2575 5363 Apologetico,
2626 5293 2715 5344 lib.
2764 5309 2801 5356 I,
2825 5308 2874 5345 c.
2909 5294 2988 5362 l3,
3020 5289 3227 5361 p.132.
3253 5291 3324 5342 De
3356 5289 3449 5342 Di-

1906 5360 2139 5426 scipliuis
2170 5360 2412 5416 amara
2422 5379 2489 5413 m.

1978 5430 2052 5504 σεῦ)
2074 5429 2209 5484 Nota
2240 5447 2523 5504 operarum
2559 5431 2766 5504 lapsum
2797 5432 2936 5498 apud
2962 5428 3458 5504 Camaldulensent,‘

1914 5499 2002 5551 ubi
2026 5515 2124 5582 pro
2167 5498 2429 5580 regionem
2458 5500 2750 5582 lugentium
2777 5512 3058 5582 exaratum
3083 5505 3191 5582 μιιιι
3235 5498 3444 5565 religm-

1915 5584 2035 5619 nem
2068 5569 2406 5638 fugientium.
2456 5567 2621 5638 Χώρα
2676 5569 3026 5638 πενθούντων,
3062 5567 3142 5638 est
3179 5567 3326 5638 locus
3349 5583 3443 5618 seu

1914 5639 2051 5705 regio
2095 5635 2396 5709 ligentium,
2460 5635 2565 5691 non
2628 5639 2918 5709 religionem
2973 5635 3280 5703 fugientium
3305 5652 3323 5709 ;_
3350 5639 3445 5704 qui

1914 5715 2086 5760 tamen
2114 5705 2309 5763 inultos
2336 5721 2615 5762 auctorum
2645 5705 2840 5776 paSsim
2867 5705 3030 5757 libros
3073 5705 3373 5771 occupavit.
