4050 6338
569 421 671 486 767

1797 412 1855 470 S.
1876 408 2189 472 JOANNIS
2217 408 2519 470 CLIMACI
3686 384 3783 460 λῇς

572 480 934 586 meditabundi
971 489 1264 587 sedebant,
1298 519 1647 588 cervicesque
1686 517 1905 573 assidue
1936 524 2109 572 mota-
2137 568 2140 577 λ

2232 514 2502 576 ξυνειδότος
2532 512 2900 584 ὑπάρχοντες,
2953 511 3088 581 μήτε
3116 510 3193 580 (7)
3235 509 3594 580 κολασθῆναι,
3634 515 3773 582 μήτε

571 624 738 684 bant,
781 629 838 674 et
861 631 929 672 ex
970 615 1080 669 imo
1107 623 1322 684 pectore
1347 622 1402 668 et
1440 610 1643 666 intimis
1669 608 1967 664 visceribus
2006 608 2114 662 ritu

573 714 788 769 leonum
828 706 1110 777 rugiebant
1139 714 1192 758 et
1217 703 1658 774 ingemiscebant.
1695 699 1769 754 Ex
1800 700 1996 768 quibus
2025 697 2116 752 alii

572 783 789 857 veniam.
821 797 1059 854 omnium
1089 794 1418 863 delictorum
1444 793 1559 862 spei
1603 791 1746 862 pleni
1785 790 2037 860 petebant
2067 796 2121 842 et

573 893 929 951 obsecrabant
967 878 990 945 ε’
1028 889 1119 945 alii
1165 903 1225 944 se
1270 887 1516 957 indignos
1551 884 1706 940 venia
1744 899 1809 939 ex
1859 881 2118 937 altissima

577 985 874 1040 humilitate
916 981 1266 1054 judicabant,
1312 994 1414 1034 nec
1450 990 1611 1048 posse
1647 991 1745 1046 pro
1769 973 1980 1030 delictis
2006 971 2121 1027 suis

578 1076 688 1132 Deo
737 1074 1064 1148 respondere
1113 1071 1567 1128 vociferabantur.
1619 1064 1869 1121 Nonnulli
1914 1072 1976 1118 ut
2031 1061 2122 1117 bic

576 1183 765 1237 poenas
808 1169 1001 1223 darent
1024 1205 1040 1232 ,
1082 1173 1138 1220 et
1188 1164 1262 1220 ibi
1315 1162 1545 1234 gratiam
1587 1155 2122 1224 misericordiamque

576 1241 1065 1328 consequerentur,
1097 1253 1418 1325 rogitabant.
1448 1251 1552 1306 Alii
1584 1249 1744 1304 simul
1781 1247 1965 1303 oneris
1991 1261 2124 1302 con-

576 1337 816 1413 scientiae
845 1345 1103 1425 gravitate
1129 1341 1400 1414 depressi,
1433 1351 1490 1396 et
1522 1341 1778 1411 supplicia
1805 1350 2000 1394 aeterna
2025 1337 2122 1391 de-

546 1439 970 1510 precabantur,
1019 1448 1073 1492 et
1115 1435 1366 1506 indignos
1408 1442 1584 1490 tamen
1630 1447 1688 1487 se
1729 1431 1866 1486 coelo
1917 1431 2125 1485 sincere

578 1527 1014 1598 proclamabam,
1051 1534 1106 1602 et
1149 1523 1444 1580 dummodo
1487 1524 1626 1586 boc,
1675 1521 1947 1591 inquiunt,
2011 1520 2124 1582 tiat,

576 1619 776 1675 sufficit
817 1621 994 1674 nobis.
1030 1617 1147 1671 Vidi
1181 1617 1289 1672 illic
1323 1617 1529 1671 animas
1561 1615 1791 1668 humiles
1823 1613 2124 1678 contritas,

576 1721 635 1767 et
666 1711 843 1766 oneris
871 1701 1104 1781 pondere
1134 1709 1416 1780 depressas
1436 1747 1453 1772 ,
1484 1722 1604 1779 qua
1634 1722 1765 1762 saxa
1800 1706 1914 1776 ipsa
1947 1705 2128 1760 verbis

2213 607 2314 678 τῆς
2341 605 2613 677 βασιλείας
2646 604 2938 674 ἀξιωθῆναι
2967 601 3269 672 εἰλικρινῶς
3300 601 3486 670 ελεγον
3503 619 3522 634 ο
3548 602 3664 656 Καὶ
3681 605 3779 675 ἀρ-

2215 697 2370 753 κετὸν
2403 698 2554 767 ἡμῖν,
2599 698 2780 766 φασὶν,
2817 691 2982 748 ἔστιν.
3025 691 3272 766 Ἑώρακα
3304 694 3422 746 ἐκεῖ
3461 693 3642 764 ψυχάς
3691 693 3774 765 (8)

2214 790 2472 854 ταπεινὰς
2497 784 3007 859 Ῐτεταπεινωμένας]
3039 785 3134 840 καὶ
3163 786 3652 856 συντετριμμὲνας.
3680 787 3778 840 καὶ

2215 879 2741 951 κατακαμπτομένας
2765 878 2869 932 ὑπὸ
2887 877 2978 932 τοῦ
3009 876 3203 948 βάρους
3233 875 3329 930 τοῦ
3353 877 3572 948 φορτίου
3598 879 3779 950 ὑπαρ-

2215 966 2434 1037 χούσας,
2469 966 2563 1027 καὶ
2593 964 2764 1036 αὐτὴν
2803 965 2903 1035 τὴν
2946 964 3054 1018 τῶν
3098 964 3264 1018 λίθων
3303 965 3557 1036 αἴσθησιν
3599 983 3776 1020 κατα-

2219 1061 2373 1127 νύξαι
2417 1061 2735 1130 δυναμένας,
2782 1061 2874 1113 ἐπὶ
2917 1061 3037 1122 ταῖς
3079 1060 3209 1131 παρ’
3235 1059 3415 1114 αὐτῶν
3458 1059 3592 1130 πρὸς
3641 1059 3780 1114 Θεὸν

2221 1151 2522 1223 βοωμέναις
2570 1152 2772 1220 φωναῖς
2816 1150 2911 1203 καὶ
2941 1153 3176 1221 ῥήμασιν
3197 1165 3213 1180 ⁸
3258 1149 3440 1218 ελεγον
3487 1149 3595 1221 γὰρ
3623 1149 3781 1204 κάτω

2219 1245 2301 1306 είς
2328 1244 2428 1314 γὴν
2457 1243 2792 1306 νενευκότεςο
2815 1240 2924 1300 Οῦτ
2939 1241 3254 1312 ωςοῐδαμεν,
3277 1241 3499 1312 οἴδαμεν
3527 1243 3612 1294 ὅτι
3633 1241 3776 1305 ἄξιοι.

2220 1336 2402 1390 λοιπον
2429 1337 2607 1407 πάσης
2635 1335 2900 1406 τιμωρίας
2927 1333 3019 1388 καὶ
3053 1332 3326 1397 κολάσεως
3351 1334 3543 1404 ἐσμεν,
3585 1335 3684 1388 καὶ
3706 1333 3784 1387 διο

2223 1427 2392 1492 καίως
2410 1444 2424 1460 ·
2454 1427 2572 1481 οὐδὲ
2598 1427 2706 1496 γὰρ
2747 1419 3076 1495 ἐξαράοῦμεν
3108 1422 3291 1476 λοιπδν
3317 1423 3452 1491 πρὸς
3479 1421 3785 1491 ἀπολογίαν

2221 1519 2314 1574 τοῦ
2361 1519 2598 1591 πλήθους
2632 1517 2728 1572 τοῦ
2777 1517 3046 1588 ἡμετέρου
3095 1515 3308 1587 χρέους,
3351 1515 3461 1568 οὐδ’
3487 1513 3554 1569 ἂν
3598 1515 3787 1591 πᾶσαν

2222 1608 2320 1676 τὴν
2350 1587 2670 1678 οἰκουμένην
2713 1606 2850 1677 ὑπὲρ
2897 1604 3052 1676 ἡμῶν
3101 1603 3400 1681 πενθοῦσαν
3434 1587 3787 1673 συγκαλέσαι-

2227 1717 2342 1770 μεν.
2377 1701 2580 1756 Ἐκεῖνο
2596 1701 2653 1754 δὲ
2692 1699 2852 1770 μόνον
2882 1698 3188 1770 ἐρωτῶμεν,
3212 1697 3388 1760 ἐκεῖνο
3405 1696 3788 1769 δυσωποῦμεν,

576 1811 636 1858 et
687 1801 1158 1858 vociferationibus
1219 1802 1378 1872 118
1433 1800 1784 1870 precibusque
1835 1799 1900 1854 ad
1957 1797 2125 1852 Deum

2232 1791 2398 1842 ἐκεῖνο
2414 1789 2720 1859 ἱκετεύομεν
2739 1789 2938 1843 λοιπόν·
2958 1787 3056 1856 Μὴ
3077 1785 3156 1852 τῷ
3175 1785 3336 1857 θυμῷ
3349 1785 3513 1862 [σου]
3527 1788 3788 1857 ἐλέγξῃς

580 1893 718 1950 fusis
755 1895 820 1949 ad
861 1910 1074 1950 sensum
1109 1893 1591 1948 commiserationis
1633 1898 1849 1960 possent
1893 1890 2125 1945 flectere.

2232 1879 2404 1950 ἡμᾶς,
2427 1879 2582 1950 μηδὲ
2611 1879 2686 1949 τῇ
2720 1878 2868 1950 ὁρτῇ
2913 1893 3029 1932 σου
3062 1877 3359 1948 παιδεύσῃ
3388 1878 3564 1948 ἡμᾶς.
3624 1878 3791 1933 Ἀλλά

582 1985 904 2040 Nutantibus
946 1986 1142 2054 quippe
1188 1984 1478 2054 pronisque
1506 1984 1572 2037 'in
1614 1991 1812 2036 terram
1865 1980 2130 2050 capitibus

2232 1971 2577 2042 φειδομένως,
2605 1971 2698 2025 καὶ
2737 1970 2963 2042 ἀρκετὸν
2994 1971 3124 2040 ἡμῖν
3154 1971 3255 2040 τῆς
3277 1969 3476 2041 πολλῆς
3498 1987 3592 2024 σου
3621 1971 3788 2025 ἀπει-

577 2076 938 2131 dictitabant:
984 2077 1060 2132 lta
1108 2093 1236 2131 sane
1281 2090 1388 2130 non
1436 2077 1783 2142 ignoramus.
1825 2071 1916 2126 sed
1969 2071 2134 2138 probe

586 2171 836 2225 novimus
889 2186 987 2226 nos
1035 2170 1286 2238 deinceps
1339 2158 1488 2222 ‘omni
1554 2180 1712 2233 paena
1767 2172 1823 2219 et
1873 2163 2135 2234 supplicio

586 2256 934 2333 dignissimos
959 2302 974 2325 ,
1009 2271 1063 2316 et
1089 2260 1285 2314 merito
1311 2274 1479 2322 sane;
1531 2274 1637 2312 non
1670 2271 1962 2327 pussumus
1987 2255 2133 2310 enim

588 2367 701 2423 prze
729 2367 950 2407 numero
985 2361 1040 2418 et
1081 2349 1420 2421 multitudine
1447 2357 1784 2418 peccatorum
1827 2355 2134 2401 nostrorum

588 2441 902 2497 satisfacere
923 2481 938 2504 ,
967 2440 1178 2495 etiamsi
1213 2449 1356 2496 totus
1395 2442 1628 2496 mundus
1661 2451 1984 2497 convocatus
2035 2455 2135 2494 no-

591 2530 796 2585 biscum
832 2530 1123 2598 plangeret.
1165 2529 1298 2584 lllud
1330 2545 1496 2584 unum
1533 2543 1782 2596 rogamus
1806 2572 1820 2594 ,
1869 2528 1998 2582 illud
2042 2528 2139 2582 de-

595 2636 902 2689 precamur,
934 2622 1060 2675 illud
1088 2622 1338 2690 deinceps
1364 2637 1529 2674 unum
1564 2621 1937 2675 obtestamur:
1971 2618 2054 2673 Ne
2081 2621 2141 2671 in

597 2712 771 2778 furore
800 2719 887 2762 tuo
917 2727 1109 2780 arguas
1127 2727 1254 2778 nos,
1287 2727 1444 2780 neque
1467 2713 1521 2764 in
1549 2711 1632 2764 ira
1665 2721 1785 2773 tua,
1815 2709 1903 2762 sed
1939 2708 2143 2762 miseri-

597 2798 776 2851 cordia
819 2799 1068 2864 corripias
1104 2814 1194 2851 nos
1215 2797 1284 2853 ".
1328 2799 1472 2852 Satis
1503 2799 1647 2852 enim
1696 2797 1852 2851 nobis
1878 2805 1990 2859 est,
2031 2797 2079 2850 si
2111 2812 2140 2851 λ

582 2885 915 2953 gravissima
967 2885 1519 2939 tua'comminatione
1575 2891 1628 2937 et
1681 2880 2144 2951 inesplicabililius

596 2983 653 3028 et
689 2974 978 3030 reconditis
1016 2975 1292 3044 suppliciis
1338 2974 1648 3029 liberemur.
1682 2970 1752 3027 Ut
1785 2972 1926 3027 enim
1969 2972 2146 3028 omnis

599 3081 823 3134 prorsus
855 3080 1013 3135 poena
1043 3067 1194 3120 nobis
1222 3067 1556 3128 remittatur,
1586 3067 1848 3135 veniaque
1881 3066 2140 3130 donetur,

602 3167 782 3224 petere
810 3173 914 3211 non
939 3157 1216 3222 audemus;
1249 3173 1352 3227 qua
1383 3157 1555 3213 fronte
1580 3158 1722 3212 enim
1749 3158 1800 3211 id
1827 3157 2139 3220 audeamus,

2227 2063 2347 2132 λῆς,
2387 2062 2480 2117 καὶ
2513 2062 2758 2133 βασάνων
2797 2061 3090 2130 ἀνωνύμων
3135 2062 3228 2115 καὶ
3267 2061 3596 2133 ἀποκρύφων
3627 2061 3787 2116 ἑλω-

2231 2154 2558 2226 θερωθῆναι·
2603 2157 2683 2218 εις
2729 2154 2879 2217 τέλος
2935 2153 3043 2227 γάρ
3088 2153 3281 2222 ἄφεσιν
3323 2153 3669 2225 αἰτήσασθαι,
3722 2156 3792 2208 αὖ

2230 2246 2530 2316 τολμῶμεν.
2585 2245 2708 2310 Πῶς
2750 2243 2857 2315 γὰρ
2890 2245 2938 2297 oi
2983 2244 3046 2296 τὸ
3089 2243 3295 2296 ἑαυτῶν
3341 2244 3662 2315 ἐπάγγελμα
3708 2245 3794 2316 μὴ

2231 2334 2556 2404 φυλάξαντες
2583 2333 2831 2405 ἄμωμον,
2863 2333 2999 2388 ἀλλά
3040 2332 3194 2389 τοῦτο
3223 2333 3363 2404 μετά
3393 2335 3491 2406 τὴν
3517 2335 3797 2412 προτέραν

2232 2426 2655 2498 φιλανθρωπίαν,
2685 2427 2780 2480 καὶ
2806 2425 2996 2496 ἄφεσιν
3029 2425 3411 2497 ρυπὼσαντεςς
3443 2422 3552 2480 Ἦν
3579 2429 3696 2482 ἐκεῖ
3712 2431 3798 2484 τὰ

2233 2518 2324 2573 τοῦ
2346 2517 2506 2571 Δαυτδ
2532 2518 2776 2586 δναργῶς
2801 2516 3094 2572 θεάσασθαι
3116 2513 3356 2590 ῥήματα,
3385 2519 3797 2593 ταλαιπωροῦν-

2232 2624 2332 2672 τας
2349 2607 2569 2669 ἰδέσθαι,
2587 2606 3136 2676 κατακαμπτομένους
3157 2607 3260 2671 ἕως
3272 2607 3456 2672 τέλους
3470 2611 3568 2680 τῆς
3582 2610 3798 2664 ἑαυτῶν

2238 2697 2383 2768 ζωῆς
2403 2714 2417 2728 ·
2453 2697 2577 2768 ὅλην
2600 2699 2699 2767 τὴν
2725 2697 2934 2769 ἡμέραν
2981 2697 3466 2769 σκυθρωπάζοντας
3494 2702 3799 2772 πορευομέ-

2238 2806 2390 2852 νουςο
2445 2790 2800 2861 προσόζοντας
2851 2791 2947 2846 καὶ
2997 2791 3369 2862 σεσημμέυους
3413 2793 3494 2860 (a)
3541 2792 3798 2864 σώματος

2243 2879 2529 2950 μώλωπας,
2569 2881 2662 2935 καὶ
2705 2881 3127 2954 ἀνεπιμελήτους
3175 2883 3532 2955 ὑπάρχοντας,
3565 2883 3798 2940 ἐπιλαν-

2239 2970 2560 3041 θανομένους
2584 2973 2678 3026 τοῦ
2704 2977 2896 3042 φαγεῖν
2923 2975 3012 3028 τὸν
3038 2976 3198 3046 ἄρτον
3227 2976 3406 3030 αὐτῶν
3424 2992 3438 3006 ο
3466 2977 3527 3030 τὸ
3549 2976 3606 3030 δι
3635 2978 3798 3047 πόμα

2239 3059 2332 3114 τοῦ
2359 3061 2546 3125 ὓδατος
2591 3061 2726 3141 μετά
2757 3062 3032 3134 κλαυθμοῦ
3071 3063 3366 3134 κιρνῶντας
3385 3081 3400 3095 ο
3449 3064 3543 3118 καὶ
3574 3064 3796 3130 σποδὸν,

2241 3154 2333 3207 καὶ
2356 3155 2560 3226 τέφραν
2602 3155 2716 3208 ἀντὶ
2756 3153 2919 3225 άρτου
2963 3154 3237 3217 ισθίοντας
3257 3171 3270 3184 ·
3301 3155 3396 3209 καὶ
3423 3157 3801 3227 κεκολλημένα

606 3202 782 3224 νην...
939 3202 1216 3222 -..πω-η,
1251 3202 1352 3227 .,....
1383 3202 1555 3213 ..νων
1751 3202 1800 3211 ._
1827 3202 2139 3220 ......-_.-._-,

603 3249 694 3315 qui
716 3257 894 3301 votum
918 3256 1160 3302 sanctum
1186 3246 1518 3311 violavimus,
1549 3256 1602 3300 et
1625 3255 1746 3316 post
1768 3246 1992 3316 primam
2024 3243 2139 3298 cul-

2243 3202 2562 3322 ἐχονταξτντά
2598 3245 2731 3298 ὀστᾶ
2757 3202 2822 3315 rivi
2853 3247 3047 3316 σαρκί·
3081 3246 3176 3298 καὶ
3214 3202 3411 3308 αὖτοὺς
3440 3245 3570 3300 ὡσεὶ

608 3349 797 3402 parum
821 3338 1058 3388 omnium
1085 3336 1310 3403 gratiam
1342 3351 1438 3404 pro
1467 3335 1722 3404 singulari
1750 3345 1839 3388 tua
1861 3332 2144 3389 clementia

609 3412 809 3481 factam!
845 3434 951 3479 tam
1001 3427 1139 3480 l'tnde
1182 3427 1620 3494 inquinavimus?
1659 3425 1786 3480 Erat
1835 3425 1942 3487 ibi,
1996 3432 2143 3484 erat,

610 3517 790 3581 amici,
820 3532 944 3570 vere
968 3517 1038 3569 ibi
1067 3517 1313 3584 clareque
1345 3518 1522 3570 videre
1548 3515 1763 3569 Davidis
1789 3513 1984 3578 verba;
2026 3525 2148 3578 spe-

611 3623 776 3673 ctare,
810 3611 1046 3680 inquam,
1079 3609 1321 3666 afﬂictos.
1351 3622 1404 3660 et
1428 3615 1679 3660 curvatos
1704 3594 1872 3674 usque
1895 3604 1960 3658 ad
1991 3605 2146 3658 llnem

613 3700 780 3753 totius
806 3698 958 3762 vitae,
996 3697 1086 3765 qui
1127 3703 1238 3749 toto
1279 3696 1366 3749 die
1403 3695 1698 3749 cantristati
1729 3695 2040 3747 incedebant
2065 3694 2110 3726 ⁸³
2131 3735 2146 3758 ,

611 3769 881 3844 olentibus
914 3789 1024 3858 jam
1065 3796 1118 3844 et
1149 3788 1415 3856 corruptis
1455 3787 1873 3856 putrefactisque
1910 3785 2153 3854 corporis

613 3881 986 3944 cicatricibus,
1028 3889 1085 3934 ut
1119 3880 1209 3949 qui
1245 3879 1444 3933 nullam
1474 3877 1718 3946 corporis
1773 3893 1955 3931 curam
1993 3877 2151 3930 habe-

613 3984 761 4039 rent,
793 3983 849 4028 et
887 3973 1035 4027 obliti
1078 3981 1229 4026 erant
1270 3972 1548 4026 comedere
1598 3985 1788 4040 panem
1840 3987 1996 4024 suum
2027 4010 2042 4032 ,
2097 3980 2152 4024 ct

615 4077 792 4132 potum
851 4079 1003 4134 aqua:
1053 4063 1302 4134 lacrymis
1341 4070 1394 4116 et
1426 4061 1548 4116 ﬂetu
1597 4061 1926 4124 miscebant;
1972 4062 2153 4129 pulve-

615 4173 723 4210 rem
751 4167 803 4210 et
830 4157 1062 4211 cinerem
1091 4171 1189 4226 pro
1213 4169 1349 4224 pane
1375 4153 1738 4208 comedebant.
1759 4153 1891 4208 Ossa
1917 4155 2024 4207 cuti
2059 4153 2153 4207 ad-

2243 3336 2664 3406 ὲξηραμμένους.
2696 3332 2946 3407 Οὺδὶνῆν
2977 3337 3158 3406 ἕτερον
3184 3337 3315 3406 παρ’
3341 3338 3522 3401 αὐτοῖς
3547 3338 3794 3404 ἀκούειν,

2245 3431 2293 3482 si
2325 3426 2400 3496 μὴ
2425 3425 2595 3480 ταῦτα
2617 3427 2684 3479 τὰ
2711 3427 2962 3496 ῥήματαο
3007 3427 3161 3488 Οὐαὶ,
3210 3427 3351 3492 οὐαὶ,
3380 3431 3435 3481 of
3460 3446 3570 3499 μοι,
3618 3430 3799 3498 οἴμοι,

2246 3515 2484 3579 δικαίως,
2515 3515 2768 3577 δικαίωςο
2818 3517 3017 3586 φεῖσαι,
3067 3518 3272 3586 φεῖσαι,
3302 3518 3561 3592 Δέσποτα.
3597 3519 3658 3572 0i
3693 3519 3806 3589 μὲν

2248 3607 2458 3674 ελεγον·
2510 3604 2777 3677 Ἐλέησον,
2807 3605 3055 3678 ἐλέησον·
3085 3609 3134 3660 oi
3163 3607 3219 3677 δὲ
3247 3605 3406 3660 πάλιν
3446 3607 3524 3660 ἔτι
3568 3607 3809 3662 ὲλεεινὸο

2248 3713 2430 3769 τερον·
2466 3697 2840 3769 Συγχὼρησον,
2891 3698 3147 3760 Δέσποτα,
3187 3695 3542 3770 συγχώρησον
3574 3699 3669 3753 ἐὰν
3711 3702 3805 3752 ὲν-

2248 3790 2477 3860 δέχεται.
2511 3785 2619 3842 Ἦν
2667 3791 2723 3840 ἐν
2767 3790 2992 3852 ἐκείνοις
3033 3789 3281 3857 γλώσσας
3317 3785 3657 3858 ’φλεγομένας
3689 3790 3804 3844 ἰδέ-

2251 3881 2392 3947 σθαι,
2421 3882 2512 3934 καὶ
2537 3881 2692 3950 δίκην
2715 3880 2890 3934 κυνῶν
2919 3879 3012 3933 τοῦ
3043 3876 3304 3951 στόματος
3334 3869 3802 3951 προϐαλλομὲνας.

2249 3975 2312 4026 Οἱ
2342 3973 2439 4042 μὲν
2469 3975 2525 4026 ὲν
2567 3971 2640 4042 τῷ
2668 3972 2900 4025 καύσωνι
2933 3973 3154 4034 ἑαυτοὺς
3189 3971 3488 4044 ἑτιμὼρουν
3511 3989 3526 4003 ·
3574 3974 3624 4025 οἱ
3651 3973 3707 4026 δὲ
3741 3975 3808 4026 ὲν

2249 4063 2326 4132 τῷ
2353 4063 2509 4132 ψύχει
2539 4060 2765 4123 ἑαυτοὺς
2790 4062 3122 4126 ἐϐασάνιζον.
3162 4050 3331 4114 Ἔνιοι
3364 4063 3460 4131 μὲν
3491 4064 3682 4134 μικρὸν
3699 4061 3806 4116 τοῦ

2252 4155 2437 4216 ὓδατος
2467 4152 2874 4220 ἀπογευόμενοι,
2917 4150 3194 4212 ἐπαύοντο,
3246 4153 3368 4206 ὅσον
3416 4155 3572 4224 μόνον
3619 4154 3694 4225 μὴ
3735 4156 3809 4207 ὲκ

620 4248 889 4299 merebant
920 4257 972 4300 et
999 4247 1098 4315 ipsi
1122 4257 1375 4315 tanquam
1403 4246 1581 4300 fenum
1604 4255 1920 4300 exaruerant
1947 4246 2024 4296 ἰε
2055 4260 2140 4298 net

2252 4245 2410 4314 δίψης
2460 4243 2850 4313 ἀποθνήσκειν
2910 4243 2967 4295 oi'
3003 4242 3060 4296 δὲ
3096 4242 3188 4296 τοῦ
3234 4243 3397 4315 ἄρτου
3458 4243 3648 4314 μικρὸν
3697 4261 3809 4312 με-

619 4336 759 4389 aliud
779 4339 915 4402 apud
937 4338 1054 4392 illos
1067 4340 1251 4392 audire
1267 4350 1564 4406 erat,quam
1591 4336 1956 4412 hujuscemodi
1975 4351 2140 4389 voces:

2253 4332 2724 4402 ταλαμσάνοντες,ι
2753 4332 2936 4386 τοῦτον
3005 4335 3069 4405 τῇ
3121 4335 3261 4405 χειρὶ
3301 4316 3514 4404 μακρὰν
3563 4331 3809 4405 ἀπέρριο

620 4425 729 4488 ναξ,
770 4440 846 4477 vae
869 4425 1074 4478 miseris
1114 4427 1289 4488 nobis,
1326 4428 1483 4495 119
1518 4429 1820 4493 iterumque
1850 4424 2140 4478 vminiseri:

2256 4440 2407 4485 πτον,
2453 4421 2700 4486 ἀναξίους
2749 4423 2969 4488 ἑαυτοὺς
2994 4424 3237 4492 λέγοντες
3277 4417 3496 4492 λογικῆς
3549 4421 3808 4490 βρώσεως
3863 4449 3878 4458 -

619 4513 810 4578 nobis;
844 4516 1056 4576 merito,
1098 4517 1311 4580 merito;
1343 4532 1519 4584 parce.
1560 4531 1739 4584 parce,
1773 4515 2012 4568 Domine.
2051 4514 2133 4567 Ali

2256 4512 2330 4574 ὡς
2358 4511 2424 4564 τὰ
2451 4511 2556 4564 τῶν
2581 4513 2784 4582 ἀλόγων
2827 4513 3310 4586 διαπραξαμένους.
3340 4509 3448 4566 Ποῦ
3487 4513 3544 4564 ὲν
3571 4511 3808 4575 ἐκείνοις

619 4601 964 4655 clamitabant
993 4619 1004 4652 :
1031 4600 1297 4665 Miserere,
1318 4601 1816 4667 nuisercregﬂursus
1831 4603 1920 4655 alii
1937 4602 2140 4655 misera

2255 4600 2490 4667 γέλωτος
2541 4603 2839 4671 ὲμφάνειας
2891 4603 2994 4657 ποῦ
3050 4600 3378 4671 ἀργολογίαζ
3433 4598 3534 4653 ποῧ
3589 4600 3804 4669 θυμόςς

620 4694 777 4747 bilius
799 4693 1312 4762 :Ignosce,Domine,
1334 4693 1566 4761 ignosce,
1591 4693 1634 4747 si
1652 4693 1791 4746 ullus
1808 4692 2138 4745 veniat'locus

2259 4691 2358 4742 ποῦ
2391 4692 2562 4763 ὀργῆς
2605 4693 2736 4747 Οὐδὲ
2783 4695 2832 4746 εί
2859 4693 3003 4747 ἐστιν
3028 4691 3165 4762 ὀργὴ
3196 4679 3332 4761 παρ’
3365 4673 3663 4762 ἀνθρώποις
3691 4692 3811 4746 λοι-

627 4781 812 4837 Viderc
839 4792 955 4837 erat
984 4784 1033 4836 in
1058 4784 1162 4839 illis
1188 4772 1396 4853 linguas
1412 4785 1658 4838 ardentes
1674 4792 1727 4837 et
1740 4799 1835 4852 pro
1851 4784 1952 4838 ritu
1971 4799 2140 4837 canun

2249 4782 2358 4859 ’τεὸν
2402 4784 2720 4852 ἠπίσταντο·
2769 4783 2862 4838 τοῦ
2896 4781 3136 4844 πένθους
3183 4783 3262 4844 είς
3306 4781 3455 4847 τέλος
3491 4782 3578 4834 τὸν
3629 4781 3812 4851 θυμὸν

621 4885 685 4925 ex
717 4887 806 4924 ore
833 4873 1141 4941 promissas.
1162 4873 1348 4926 Alii'in
1379 4873 1524 4942 gravi
1556 4874 1684 4926 solis
1715 4883 1844 4927 testu
1875 4888 1932 4927 se
1958 4873 2138 4927 crucia

2261 4873 2636 4940 ἀπολέσαντος.
2668 4876 2777 4930 Ποῦ
2820 4873 3126 4941 ἀντιλογίας
3158 4872 3258 4924 ποῦ
3287 4871 3478 4942 ἑορτής
3517 4871 3620 4925 ποῦ
3662 4877 3812 4947 παῤ.

624 4962 782 5024 bant;
817 4963 900 5014 alii
947 4963 1142 5033 frigore
1162 4978 1219 5019 se
1243 4965 1589 5032 torquebant;
1617 4965 1705 5017 alii
1741 4980 1860 5018 cum
1887 4964 2137 5017 modicun

2265 4964 2452 5032 ρησίας
2475 4966 2574 5018 ποῦ
2599 4966 2858 5037 θεραπεία
2881 4963 3156 5032 σώματοςς
3181 4961 3282 5014 ποῦ
3307 4963 3447 5032 ἴχνος
3469 4963 3810 5031 κενοδοξίας-ς

624 5051 748 5121 quid
765 5067 914 5119 aqua:
935 5053 1206 5119 libasscnt,
1221 5056 1511 5116 desierunt,
1536 5065 1740 5108 tantum
1763 5065 1821 5108 ut
1849 5070 1914 5108 ne
1934 5055 2018 5108 siti
2037 5071 2140 5107 ene.

2263 5052 2364 5104 ποῦ
2409 5057 2616 5125 τρυφῆς
2659 5057 2841 5109 λοιπὸν
2888 5054 3074 5120 ὲλπίς;
3117 5052 3219 5104 ποῦ
3268 5054 3408 5108 οἴνου
3446 5056 3650 5124 ἐννοια.;
3699 5061 3813 5115 ποῦ

624 5151 907 5205 curentur;
939 5142 1026 5193 alii
1045 5158 1164 5196 cum
1187 5161 1373 5212 panem
1395 5155 1696 5215 gustassent
1713 5147 1990 5207 duntaxat,
2007 5146 2140 5199 illun

2260 5142 2480 5212 ὀπώρας
2523 5145 2742 5213 γεῦσιςς
2789 5141 2890 5196 ποῦ
2921 5141 3121 5211 χύτρας
3170 5142 3540 5212 παράκ).ησις;
3576 5144 3678 5198 ποῦ
3717 5147 3816 5202 λά-

624 5248 812 5288 rursus
837 5233 1019 5300 procul
1038 5233 1104 5284 ab
1124 5233 1178 5287 se
1191 5235 1516 5302 rejiciebaut,
1531 5253 1587 5292 se
1601 5237 1844 5306 indignos
1861 5238 2140 5292 dictitante:

2262 5249 2456 5301 ρυγγος
2482 5233 2827 5303 γλυκασμός;
2881 5231 3100 5282 Πάντων
3146 5229 3251 5299 γάρ
3274 5229 3480 5284 τούτων
3519 5232 3700 5288 λοιπὸν
3751 5239 3816 5290 ὲν

628 5325 716 5391 qui
740 5324 916 5377 cibum
941 5324 1230 5374 humanum
1253 5337 1542 5384 sumerent,
1567 5327 1656 5393 qui
1682 5327 1970 5380 bestiarum
1996 5342 2140 5394 oper:

2257 5321 2333 5391 τῷ
2366 5323 2456 5376 νῦν
2484 5325 2638 5377 αἰῶνι
2668 5326 2701 5394 ἡ
2731 5322 2883 5384 ἐλπὶς
2923 5321 3049 5388 παρ’
3077 5320 3308 5384 ἐκείνοις
3334 5322 3582 5394 ἐσϐέσθη.
3608 5326 3721 5380 Ποῦ
3755 5330 3815 5383 ὲν

631 5412 1012 5467 exercuissent.
1031 5410 1073 5466 U
1085 5411 1133 5462 bi
1152 5410 1362 5478 signum
1379 5413 1514 5479 apud
1532 5413 1842 5482 illosirisus?
1870 5417 1960 5471 ubi
1977 5418 2140 5471 otiosa

2258 5415 2482 5478 ἐκείνοις
2530 5416 2761 5485 μέριμνα
2809 5411 3048 5480 ἐπιγείου
3097 5412 3291 5477 τινὸςλς·
3329 5413 3432 5467 ποῦ
3477 5418 3659 5488 κρῖναί
3686 5437 3818 5475 τινα

705 5583 750 5615 ⁸³
780 5583 920 5638 Psal.
947 5599 1018 5648 vi,
1053 5581 1106 5636 2.
1182 5580 1228 5616 ⁸³
1257 5545 1397 5636 Psal.
1423 5595 1627 5641 xxxvii,
1665 5585 1713 5635 7.
1788 5584 1834 5616 “
1870 5585 2101 5650 Psal.cr,
2128 5588 2225 5642 Eiet
2249 5589 2329 5641 1‘2.

718 5763 913 5829 (α)Τοῖς
946 5767 1297 5837 ﬂaminiam;
1326 5765 1414 5819 τοῦ
1447 5765 1682 5833 σώματος
1721 5766 1952 5834 μιτλλυνᾷι.
