4050 6338
246 369 344 427 ἷϋυ

241 564 351 627 κῶς
390 566 462 618 τὰ
496 565 775 635 λεγόμενα
812 570 903 621 καὶ
931 568 1173 639 βοώμενα
1195 571 1327 640 πρὸς
1370 571 1592 640 Κύριον.
1621 571 1685 622 Οἱ
1708 569 1807 640 μὲν

237 655 297 706 τὸ
343 653 546 725 στῆθος
586 657 821 728 ἰσχυρῶς
851 658 1155 729 κρούοντες.
1185 659 1371 730 ὥσπερ
1406 661 1464 712 ὲν
1495 662 1559 730 τῇ
1591 660 1684 719 τοῦ
1715 660 1806 711 οὑ-

239 745 403 816 ρανοῦ
454 746 606 816 πύλῃ
645 750 940 820 ἱστάμενοι,
970 750 1102 822 πρὸς
1149 750 1277 804 Θεὸν
1304 751 1517 819 ἔλεγονι·
1568 750 1805 814 Ἀνοιξον

235 840 366 908 ἡμῖν
389 878 404 901 .
464 838 705 892 δικαστὰ
723 882 737 903 .
756 857 775 877 ο
796 842 999 907 ἄνοιξον
1057 844 1189 912 ἡμῖν
1209 881 1223 903 ,
1276 842 1461 912 ἐπειδὴ
1514 841 1803 911 ἁμαρτίαις

236 928 566 998 ἐκλείσαμεν
614 931 843 996 ἑαυτοῖς,
891 930 1094 996 ἄνοιξον
1141 932 1290 1002 ἡμῖν.
1340 933 1403 985 Οί
1459 931 1520 985 δὲ.
1561 931 1777 999 ἔλεγονο

248 1019 587 1087 Ἐπίφαγον
607 1020 674 1073 τὸ
706 1021 1027 1088 πρόσωπόν
1056 1038 1173 1075 σου
1196 1025 1375 1092 μόνον,
1410 1023 1504 1075 καί
1535 1022 1803 1087 σωθησό-

232 1108 401 1171 μεθα.
455 1105 659 1170 Ἀλλος
709 1106 900 1159 πάλινο
948 1106 1273 1175 Ἐπιφανον
1324 1107 1447 1174 τοῖς
1491 1108 1559 1161 ἐν
1601 1109 1801 1161 σκότει

236 1194 330 1246 καί
353 1192 507 1260 σκιᾷ
540 1193 805 1249 θανάτου
838 1193 1189 1263 καθημένοις
1217 1198 1510 1260 ταπεινοῖς.
1544 1196 1796 1267 Ἕτερος·

243 1282 395 1351 Ταχὺ
421 1284 1043 1352 ἑτροκαταλαόἐτωσαν
1085 1283 1243 1355 ἡμᾶς
1267 1289 1320 1340 ot
1349 1287 1631 1356 οἰκτιρμοί
1660 1302 1796 1352 σου,

236 1374 429 1441 Κύριε,
482 1375 579 1428 ὅτι
629 1375 1050 1444 ἀπολώλαμεν,
1095 1374 1185 1430 ὅτι
1234 1377 1672 1448 ἀπεγνώκαμεν,
1712 1376 1801 1430 ὅτι

236 1465 688 1538 ἐξελ[ε]ίπομεν
707 1466 958 1536 σφόδρα.
991 1468 1053 1521 Οἱ
1088 1470 1189 1538 μὲν
1209 1469 1390 1537 ελεγον
1409 1485 1423 1498 ·
1450 1470 1519 1523 Ei
1549 1470 1656 1538 ipa
1679 1471 1799 1535 ἐπι-

238 1558 391 1625 φάνοι
419 1558 635 1628 Κύριος
668 1544 764 1613 τοῦ
795 1559 976 1614 λοιποῦ
1002 1556 1088 1630 ἐφ’
1116 1538 1262 1631 ημᾶς
1282 1577 1297 1590 ·
1328 1562 1502 1631 ἕτεροι
1527 1559 1618 1613 δέ’
1646 1556 1799 1629 'Apa

236 1646 485 1715 διῆλθεν
507 1650 549 1716 ἡ
577 1649 747 1721 ψυχὴ
778 1647 1040 1716 ἡμῶν-,τὸ
1061 1646 1234 1717 χρέος
1260 1650 1325 1703 τὸ
1346 1650 1763 1704 ἀνυπόστατον
1779 1666 1811 1714 ;.

243 1730 460 1801 ΙἌλλος·
502 1740 660 1807 'Apa.
702 1726 1479 1817 «apaunmio'etat'Ktiproe
1516 1737 1620 1791 τοῦ
1673 1741 1799 1791 λοι-

1215 451 1227 462 .
1287 379 1510 437 δρειιΑ
1542 377 1906 436 PARADISI.
1940 402 2006 411 -’
2039 379 2339 439 GRADUS
2362 384 2420 441 Υ.

240 479 567 546 ἀνθρωπονς
616 478 888 548 Οὐδαμοί
932 480 1111 534 Ταῦτα
1139 477 1205 552 ἦν
1233 486 1358 552 παρ’
1389 482 1613 545 ἐκείνοις
1638 483 1795 549 διηνε-

1910 480 2105 537 fabulae
2131 486 2151 537 ?
2179 485 2265 538 ubi
2320 487 2531 541 subitus
2562 487 2712 544 furor
2751 501 2843 546 aut
2896 492 2971 547 ira
3002 494 3138 564 apud
3170 482 3447 568 quos'jam

1904 575 2243 628 nesciebatur
2273 588 2451 630 utrum
2485 579 2660 634 adhuc
2691 582 2828 636 inter
2864 580 3109 639 homines
3133 586 3273 642 ullus
3305 598 3447 645 esset

1902 663 1996 715 ira:
2026 662 2211 717 locus?
2237 664 2370 719 adeo
2406 667 2581 722 luctus
2610 678 2840 725 aeternus
2882 685 3095 726 omnem
3141 675 3193 728 in
3226 676 3328 728 illis
3355 678 3446 733 ira:
3478 718 3481 721 μ

1901 762 2102 805 motum
2128 755 2474 809 exstinxerat.
2508 757 2610 811 Ubi
2647 759 2933 817 verborum
2965 764 3332 835 concertatio?
3357 767 3446 820 ubi

1899 840 2082 914 ferite?
2107 843 2195 896 ubi
2223 844 2386 915 nimia
2418 846 2667 916 loquendi
2696 848 2955 904 libertas?
2985 852 3072 905 ubi
3095 867 3226 906 cura
3256 869 3449 925 corpo-

1900 933 2007 987 ris?
2030 933 2115 987 ubi
2153 934 2441 1002 veStigium
2471 952 2623 992 vana:
2658 939 2878 1008 gloriae?
2910 941 2997 995 ubi
3030 943 3278 1009 deinceps
3310 945 3447 1000 deli-

1896 1022 2102 1076 ciarum
2135 1024 2295 1093 spes?
2324 1026 2411 1079 ubi
2457 1028 2523 1081 de
2570 1029 2695 1082 vino
2719 1030 3008 1099 cegitatio?
3056 1032 3148 1085 ubi
3177 1034 3259 1087 vel
3299 1035 3447 1102 pomi

1895 1116 2128 1182 gustatio
2148 1115 2170 1169 ?
2190 1117 2277 1171 ubi
2307 1118 2507 1172 culinae
2527 1127 2580 1173 et
2597 1120 2720 1193 ollae
2742 1122 3030 1177 solatium?
3056 1124 3144 1177 ubi
3171 1124 3305 1193 gulae
3332 1126 3449 1179 illc-
3489 1104 3500 1113 ’

1894 1205 2086 1259 cebra?
2126 1211 2365 1262 omnium
2410 1209 2603 1264 borum
2630 1212 2884 1281 deinceps
2933 1214 2983 1266 in
3020 1216 3166 1267 omni
3193 1216 3446 1283 ρεπεατῐί

1895 1296 2002 1351 vita
2032 1312 2156 1367 spes
2204 1302 2341 1369 apud
2374 1299 2494 1354 illos
2533 1302 2745 1369 penitus
2775 1303 2984 1358 sublata
3010 1315 3065 1358 et
3114 1306 3283 1360 deleta
3305 1316 3441 1362 erat.

1897 1384 1997 1439 Ubi
2022 1403 2152 1442 cura
2174 1390 2310 1443 inter
2340 1390 2459 1445 illos
2486 1391 2591 1444 ulla
2621 1407 2801 1446 rerum
2826 1397 3223 1450 humanarum?
3248 1397 3444 1466 ubiju-

1895 1470 2108 1531 dicandi
2145 1494 2519 1549 quemcunque
2550 1482 2713 1535 alium
2750 1482 2952 1539 libido?
2993 1484 3293 1555 Nusquam.
3335 1487 3442 1541 Sed

1898 1568 2010 1622 haec
2030 1572 2170 1638 apud
2219 1570 2339 1626 illos
2389 1582 2643 1641 perpetuo
2682 1574 3170 1643 ingeminabantur,
3210 1578 3321 1632 haec
3378 1578 3445 1631 ad

1896 1657 2180 1715 Dominum
2233 1663 2308 1717 illi
2347 1663 2797 1719 vociferabantur.
2849 1666 2953 1720 Alii
3004 1664 3207 1737 quippe
3260 1678 3448 1737 pectus

1896 1752 2130 1821 graviter
2178 1754 2483 1819 tundentes,
2539 1757 2760 1825 perinde
2810 1772 2873 1812 ac
2902 1758 2948 1812 si
2999 1760 3071 1813 ad.
3092 1761 3212 1814 coeli
3236 1770 3446 1816 starent

241 1830 353 1886 ποῦ
380 1831 472 1902 ἐφ’
502 1827 697 1901 ἡμᾶς;
720 1830 828 1902 ipa
851 1832 1189 1916 ἀκουσόμεθα
1206 1832 1368 1886 αὐτοῦ
1391 1832 1634 1901 λέγοντος
1666 1834 1795 1903 ἡμῖν

1898 1842 2081 1895 limina
2112 1841 2176 1895 ad
2219 1840 2503 1896 Dominum
2531 1846 2881 1901 clamitabant
2908 1864 2922 1901 :
2948 1848 3108 1917 Aperi
3145 1849 3321 1921 nobis,
3349 1850 3442 1918 ju-

240 1926 347 1988 τοῖς
376 1926 435 1977 ὲν
464 1924 688 1993 δεσμοῖς
711 1925 924 1989 ἀλύτοις
941 1942 955 1955 ·
1000 1925 1329 1990 Ἐξέλθετεο
1359 1926 1455 1979 καί
1478 1926 1599 1991 τοῖς
1624 1927 1693 1979 ἐν
1718 1924 1800 1991 τῷ

245 2011 353 2080 ἅδῃ
380 2012 853 2085 τῆςμετανοίαςο
877 2014 1327 2084 Συγχωρήθητε;
1348 2012 1489 2085 Ἆρα
1518 2015 1800 2085 εἰσῆλθεν

241 2109 278 2173 ἡ
298 2108 531 2177 κραυγὴ
552 2109 722 2179 ἡμῶν
743 2114 828 2176 εἰς
850 2112 922 2165 τὰ
937 2107 1055 2166 ὦτα
1080 2113 1296 2179 Κυρίου
1309 2129 1329 2177 ;
1356 2112 1561 2174 Πάντες
1583 2110 1639 2163 δὲ
1668 2111 1799 2163 ἐκά-

244 2200 400 2271 θηντο
444 2201 538 2254 ἀεὶ
569 2202 628 2255 ὲν
658 2201 954 2271 ὀφθαλμοῖς
985 2202 1161 2255 αὐτῶν
1183 2201 1415 2272 ὁρῶντες
1438 2198 1796 2262 τὸνλθάνατον,

244 2292 333 2346 καὶ
372 2292 625 2361 λέγοντες
641 2311 661 2375 ⁸·
690 2290 836 2365 *Αρα
871 2296 924 2347 τί
955 2296 1015 2348 τὸ
1050 2294 1454 2365 ἀποϐησόμενον
1473 2307 1488 2322 ⁸
1521 2287 1628 2361 ipa
1653 2291 1734 2353 τίς
1760 2293 1794 2361 ἡ

243 2385 513 2454 ἀπόφασις
528 2405 544 2449 ;
568 2383 677 2458 ipa
688 2386 741 2440 τί
754 2388 814 2440 τὸ
824 2387 970 2449 τέλος
983 2387 1136 2457 ἡμῶν
1157 2404 1171 2452 ;
1190 2383 1296 2456 ipa
1312 2388 1456 2438 ἔστιν
1470 2384 1757 2452 ἀνάκλησις
1777 2400 1792 2449 ;

218 2477 347 2551 -ἆρα
368 2480 484 2534 ἔστι
507 2480 852 2551 συγχώρησις
871 2483 978 2543 τοῖς
1021 2483 1329 2544 σκοτεινοῖς,
1365 2481 1477 2541 τοῖς
1503 2479 1796 2545 ταπεινοῖς,

242 2573 347 2633 τοῖς
373 2571 734 2634 ’καταδίκοιςς
765 2567 873 2642 ipa
918 2570 1131 2641 ἴσχυσεν
1161 2570 1314 2641 ἡμῶν
1344 2572 1377 2641 ἡ
1419 2570 1600 2641 δέησις
1626 2568 1797 2622 εἰσελ-

244 2660 351 2715 θεῖν
396 2663 631 2717 swith
677 2662 912 2732 Κυρίου;
954 2660 987 2733 ἢ
1032 2662 1349 2732 ἀπεστράφη
1379 2661 1601 2723 δικαίως
1642 2676 1797 2712 τετα-

243 2753 551 2822 πεινωμένη
597 2752 705 2819 καὶ,
741 2752 1201 2822 κατῃσχυμμὲνης
1236 2746 1343 2820 ἆρα
1371 2750 1428 2802 δὲ
1460 2746 1793 2809 εἰσελθοῦσα,

244 2843 401 2895 πόσον
427 2840 846 2912 ὲξευμενίσατος
878 2825 1039 2894 πόσον
1069 2842 1294 2910 ἡνυσεν;
1330 2840 1492 2892 πόσον
1515 2837 1789 2907 ὠφέλησε;

244 2930 402 2984 πόσον
420 2933 757 3001 ὲνήργησεν;
780 2929 964 2999 ἐπειδὴ
990 2928 1050 2992 ἐξ
1069 2928 1145 2995 (9)
1168 2929 1487 2998 ἀκαθάρτων
1514 2929 1792 2999 στομάτων

247 3023 336 3077 καὶ
361 3024 630 3091 σωμάτων
658 3017 999 3089 ἀνεπέμφθη,
1033 3017 1125 3071 καὶ
1152 3018 1213 3071 οὐ
1254 3017 1453 3089 πολλὴν
1492 3017 1593 3089 τὴν
1640 3016 1791 3087 ἰσχὺν

247 3114 521 3185 κέκτηται.
555 3109 703 3184 ’Δρα
729 3114 810 3173 είς
837 3110 986 3172 τέλος
1030 3108 1274 3212 διήλλαξε
1313 3110 1405 3215 τὸν
1434 3109 1656 3180 κριτήνς
1685 3104 1793 3215 ipa
1817 3160 1857 3215 Ο

251 3205 479 3276 μερικῶς
499 3224 515 3273 ;
537 3201 648 3278 ipa
667 3202 810 3258 κατά
825 3202 885 3256 τὸ
914 3201 1084 3273 ἥμισυ
1103 3199 1212 3253 τῶν
1237 3199 1513 3270 μωλῶπων
1532 3216 1547 3261 ;
1569 3198 1789 3269 μεγάλοι

246 3298 347 3370 γὰρ
361 3291 507 3350 οὗτοι
532 3296 721 3359 ὄντως,
736 3294 832 3348 καὶ
850 3292 1057 3347 πολλῶν
1079 3290 1311 3363 ἱδρώτων
1338 3295 1430 3344 καὶ
1449 3289 1658 3359 μόχθων
1679 3289 1791 3346 δεό-

252 3382 567 3456 μενοι.’Δρα
595 3386 926 3456 ἐπλησίασαν
952 3385 1079 3453 ἡμῖν
1104 3384 1153 3438 oi
1178 3381 1333 3452 ἡμῶν
1352 3379 1620 3450 φύλακες,
1647 3379 1681 3451 ἢ
1710 3379 1790 3432 ἔτι

250 3477 428 3548 πόρρω
455 3474 551 3545 ἀφ’
570 3479 602 3545 ή
610 3475 728 3545 μῶν
746 3475 1104 3547 ὑπάρχουσινς
1144 3472 1391 3527 Ἐκείνων
1412 3472 1517 3542 γὰρ
1536 3472 1611 3541 μὴ
1639 3472 1791 3540 ἔγγι-

250 3563 438 3629 ζόντων
465 3566 600 3637 πρὸς
625 3566 790 3635 ἡμᾶς,
820 3565 927 3628 πᾶς
954 3565 983 3616 ὁ
1014 3561 1179 3624 κόπος
1207 3560 1360 3631 ἡμῶν
1389 3560 1667 3633 ἀνωφελὴς
1695 3561 1791 3615 καὶ

251 3657 496 3727 ἀνόνητος
519 3671 538 3688 ⁸
587 3658 648 3711 οὐ
677 3656 787 3727 γὰρ
815 3655 927 3726 ἔχει
956 3653 1178 3724 δύναμιν
1206 3651 1518 3724 παρρησίας
1556 3654 1590 3721 ή
1619 3669 1790 3721 προσ-

251 3748 374 3819 ευχὴ
404 3749 581 3820 ἡμῶν,
612 3748 732 3802 οὐδὲ
754 3747 953 3817 πτερὸν
990 3744 1350 3815 καθαρότητος
1378 3741 1632 3796 εἰσελθεῖν
1658 3743 1792 3813 πρὸς

252 3836 467 3907 Κύριον,
495 3839 545 3889 εί
576 3837 651 3907 μή
682 3835 735 3889 τί
761 3852 825 3905 γε
844 3835 895 3888 οἱ
920 3834 1134 3903 ἄγγελοι
1160 3832 1313 3904 ἡμῶν
1339 3832 1792 3901 προσεγγίσαντες

251 3927 393 3997 ἡμῖν,
437 3925 643 3997 ταύτην
690 3926 944 3988 λαϐόντες
972 3924 1160 3994 Κυρίῳ
1199 3923 1652 3992 προσενέγκωσιν.
1690 3918 1790 3974 Οἷα

251 4017 303 4071 δὲ
326 4018 409 4091 [Ol
427 4018 509 4090 δὲ]
534 4018 788 4080 πολλάκις
809 4018 902 4070 καὶ
930 4017 1066 4086 πρὸς
1094 4014 1351 4084 ἀλλήλους
1365 4013 1671 4083 διηπόρουν,
1695 4013 1790 4065 καὶ

254 4104 625 4178 ελεγονοτΔρα,
654 4106 891 4175 ἀδελφοὶ,
924 4104 1155 4175 ἀνύομεν
1175 4119 1190 4169 ;
1209 4099 1317 4173 ipa
1343 4101 1674 4172 τυγχάνομεν
1693 4102 1789 4170 τῆς

256 4200 543 4270 αίτήσεωςς
591 4194 701 4270 ipa
736 4198 947 4269 δέχεται
983 4197 1175 4263 πάλιν;
1225 4191 1333 4265 ipa
1360 4195 1598 4263 ἀνοίγεις
1645 4193 1707 4246 Οἱ
1732 4192 1791 4248 δὲ.

255 4286 421 4361 ἕτεροι
448 4288 584 4361 πρὸς
608 4288 779 4341 ταῦτα
802 4289 1157 4360 ἀπεκρίναντο
1180 4304 1193 4318 ·
1235 4286 1330 4351 Τίς
1362 4282 1518 4350 οἶδεν,
1538 4285 1613 4349 ὡς
1638 4280 1790 4338 εἷπον

256 4380 302 4432 oi
331 4381 541 4451 ἀδελφοὶ
567 4379 722 4451 ἡμῶν
744 4381 794 4434 οἱ
821 4379 1095 4435 Νινευῗται
1119 4397 1133 4411 ο
1168 4381 1258 4451 Μή
1281 4396 1397 4442 πως
1424 4375 1791 4449 μεταμεληθή-

1898 1931 2019 1999 d’ex,
2055 1933 2211 2003 120
2231 1938 2376 2004 aperi
2399 1937 2577 2001 nobis,
2610 1938 2826 2006 quando
2860 1940 3014 1994 nobis
3064 1940 3164 2009 ipsi
3208 1943 3443 2010 peccatis

1897 2028 2099 2080 nostris
2128 2024 2271 2081 fores
2317 2028 2437 2081 εωιί
2465 2028 2812 2094 occlusimus,
2847 2030 2995 2097 aperi
3026 2031 3200 2085 nobis.
3226 2032 3327 2086 Alii
3358 2031 3444 2085 di-

1896 2117 2180 2171 ctitabant:
2205 2116 2428 2171 Ostende
2456 2118 2604 2171 nobis
2622 2119 2794 2173 solum
2820 2120 3004 2187 faciem
3025 2132 3197 2187 tuam,
3228 2132 3279 2175 et
3308 2124 3442 2176 salvi

1893 2207 2180 2260 erimus".
2215 2207 2368 2262 Alius
2402 2225 2416 2261 :
2449 2206 2767 2261 Illuminare
2802 2209 2883 2261 his
2930 2211 3142 2265 miseris
3170 2214 3260 2281 qui
3289 2214 3342 2265 in
3366 2223 3446 2266 te-

1895 2289 2064 2350 nebris
2098 2305 2145 2349 et
2177 2297 2362 2349 umbra
2385 2297 2567 2349 mortis
2593 2298 2771 2351 sedent
2797 2299 2862 2352 ⁸⁸.
2894 2300 3078 2355 Alius:
3104 2299 3222 2355 Cito
3247 2304 3445 2356 antici-

1894 2397 2012 2455 pent
2046 2402 2139 2440 nos
2176 2387 2549 2440 misericordia:
2581 2397 2701 2453 tua,
2726 2387 2968 2455 Domine,
3016 2393 3260 2460 quoniam
3286 2396 3447 2461 perii-

1894 2493 2031 2543 mus,
2088 2464 2214 2545 qut’a
2243 2479 2676 2554 .desperavimus',
2715 2480 2839 2548 quia
2881 2480 3162 2549 defecimus
3199 2484 3347 2537 valde
3373 2483 3442 2538 ⁸⁷.

1892 2567 1996 2621 Alii
2026 2566 2273 2621 dicebant
2302 2586 2315 2622 :
2347 2568 2430 2621 An
2460 2566 2722 2623 Dominus
2759 2569 2953 2624 iterum
2988 2573 3261 2642 apparebit
3281 2589 3445 2643 super

1892 2656 2032 2710 nos?
2057 2656 2161 2708 Alii
2194 2671 2321 2710 vero
2353 2674 2367 2708 :
2400 2655 2545 2710 Num
2574 2657 2813 2711 transivit
2844 2660 3022 2730 anima
3042 2671 3222 2714 nostra
3250 2678 3441 2732 aquam

1891 2739 2051 2799 debiti
2093 2739 2581 2799 intolerabilem“?
2634 2747 2787 2801 Alius
2833 2766 2846 2801 :
2886 2746 3029 2801 Num
3081 2752 3439 2804 consolabitur

1890 2833 2144 2888 Dominus
2174 2836 2360 2888 iterum
2412 2851 2567 2904 super
2622 2851 2714 2888 nos
2742 2836 2829 2889 ll9?
2876 2836 3108 2893 Putasne
3158 2842 3441 2898 audiemus

1890 2925 2178 2980 Dominum
2230 2925 2496 2981 dicentem
2551 2928 2707 2981 nobis
2780 2928 3008 2984 vinculis
3061 2930 3441 2989 insolubilibus

1891 3018 2125 3073 astrictis
2152 3034 2166 3070 :
2194 3016 2383 3083 Exite,-
2416 3029 2469 3072 et
2491 3020 2583 3087 qui
2616 3019 2669 3071 in
2694 3034 2911 3074 carcere
2934 3021 3260 3089 ptenitentiw
3287 3025 3442 3079 sede-

1892 3107 1983 3172 tis,
2019 3105 2302 3161 Laxamini
2332 3122 2362 3160 a
2386 3107 2598 3163 delictis
2618 3108 2683 3160 '°.
2726 3108 2807 3162 An
2826 3112 3105 3178 penetravit
3128 3111 3325 3167 clamor
3342 3098 3441 3167 no-

1888 3209 1998 3253 ster
2020 3198 2091 3253 ad
2114 3214 2265 3251 aures
2286 3197 2399 3267 ejus
2429 3199 2513 3252 "?
2540 3200 2736 3255 Omnes
2783 3215 2946 3269 porro
2982 3203 3305 3258 sessitabant
3331 3220 3442 3274 pra:

1888 3288 2060 3344 oculis
2090 3304 2303 3358 semper
2332 3299 2562 3344 mortem
2616 3289 2925 3358 deligentes.
2963 3291 3187 3361 Ecquid,
3226 3295 3439 3364 inquie-

1888 3380 2036 3444 bant,
2062 3379 2344 3433 nobiscum
2375 3379 2507 3433 ﬁet?
2534 3393 2655 3449 qua:
2683 3380 2943 3433 sententia
2976 3381 3031 3433 in
3061 3396 3160 3437 nos
3202 3383 3441 3450 profere-

1887 3472 2015 3526 tur?
2036 3471 2158 3540 quis
2186 3471 2309 3527 linis
2330 3474 2450 3525 vine
2499 3470 2728 3524 nostrze?
2760 3470 2942 3525 Eritne
2973 3466 3175 3526 reditus
3207 3473 3274 3527 ab
3296 3475 3441 3529 exsi-

1890 3563 1963 3618 lio
1994 3563 2046 3617 in
2079 3563 2351 3618 caelestem
2402 3563 2671 3632 patriam?
2699 3560 2883 3618 Eritne
2926 3566 3050 3633 spes
3087 3566 3254 3621 veniae
3284 3577 3438 3623 tene-

1889 3650 1999 3705 bris
2026 3649 2285 3716 conlusis,
2335 3650 2582 3720 abjectis,
2650 3652 2791 3707 reis?
2842 3656 3089 3722 potuitne
3131 3656 3442 3724 deprecatio

1889 3753 2071 3798 nostra
2100 3742 2165 3795 ad
2183 3754 2532 3811 conspectum
2561 3744 2769 3797 Uounini
2793 3746 3112 3814 pervenire?
3136 3747 3216 3801 An
3246 3751 3440 3805 merito

1888 3832 2083 3900 rejecta
2104 3841 2203 3895 est,
2258 3832 2466 3898 abjccta
2512 3842 2565 3884 et
2611 3848 2733 3885 cum
2791 3834 3089 3902 ignominia
3127 3840 3440 3906 repudiata?

1890 3924 2077 3979 Utrum
2126 3926 2359 3980 admissa
2412 3927 2583 3995 potuit
2614 3927 3006 3995 aliquantulum
3060 3929 3440 4002 judicunpla-

1887 4017 2042 4069 care?
2065 4027 2327 4085 quantum
2356 4016 2623 4086 proiecit?
2648 4028 2910 4087 quantum
2942 4020 3178 4089 profuit?
3206 4024 3331 4091 quid
3355 4025 3438 4079 ef-

1887 4106 2051 4161 fecit?
2077 4108 2292 4177 quando
2320 4123 2386 4169 ex
2426 4108 2639 4177 impuro
2666 4124 2761 4163 ore
2808 4118 2862 4163 et
2884 4124 3109 4180 corpore
3136 4110 3303 4166 eﬂ'usa
3328 4122 3434 4179 est,

1887 4211 1992 4250 non
2024 4212 2271 4267 magnam
2304 4197 2551 4267 profecto
2605 4199 2711 4252 vim
2749 4199 3015 4254 habuerit.
3068 4202 3150 4255 An
3195 4202 3435 4271 judicent

1888 4290 2041 4343 nobis
2072 4293 2280 4358 penitus
2309 4291 2716 4345 reconciliavit?
2746 4306 2812 4344 an
2837 4306 3023 4361 parum
3056 4301 3107 4345 et
3130 4293 3437 4362 aliquantu-

1887 4380 1996 4435 lum
2026 4381 2320 4435 duntaxat?
2347 4381 2426 4435 An
2459 4383 2681 4436 dimidia
2709 4382 2993 4436 vulnerum
3046 4399 3166 4451 pars
3223 4394 3436 4444 tantum

257 4484 397 4524 σεται
419 4471 654 4542 Kziptoc;
686 4470 796 4526 Καὶ
821 4467 922 4525 κᾶν
946 4468 1045 4538 τῆς
1073 4469 1274 4539 πολλῆς
1297 4468 1563 4530 κολάσεως
1589 4467 1792 4539 λυτρώ-

1892 4472 2075 4517 curata
2115 4478 2285 4516 :nam
2345 4463 2575 4531 iungentia
2627 4462 2879 4531 profecto
2924 4463 3095 4519 multo
3144 4466 3343 4524 sudore
3383 4482 3439 4527 et

259 4577 404 4631 σηται
426 4563 775 4636 ἡμᾶς,’ὂμως
798 4561 941 4632 ἡμᾶς
970 4559 1032 4612 τὸ
1055 4560 1138 4629 ἐφ’
1165 4562 1297 4630 ἡμῖν
1323 4562 1653 4631 ποιήσωμεν.
1683 4562 1791 4616 Καὶ

258 4652 344 4708 ἐὰν
370 4655 575 4725 ἀνοίξῃ,
608 4650 667 4707 εὖ
692 4654 795 4713 καὶ,
818 4652 993 4717 καλῶς
1013 4668 1028 4682 ⁸
1076 4651 1198 4705 ἐπεὶ
1223 4651 1510 4721 εὐλογητὸς
1537 4651 1736 4723 Κύριος
1763 4656 1791 4706 ὁ

258 4746 393 4813 Θεὸς,
412 4748 441 4802 ὁ
460 4745 787 4810 ἀποκλείσας
804 4749 934 4818 ἡμῖν
956 4746 1193 4809 δικαίως.
1211 4744 1355 4816 Πλὴν
1375 4745 1486 4818 (10)
1500 4746 1789 4818 ὲπιμείνω-

261 4858 350 4910 μεν
378 4842 679 4913 κρούοντες,
705 4840 808 4905 ἕως
825 4843 1008 4906 τέλους
1035 4843 1131 4914 τῆς
1158 4840 1299 4911 ζωῆς
1329 4837 1485 4910 ἡμῶν
1507 4855 1522 4871 ο
1556 4842 1686 4904 ἴσως
1722 4843 1787 4912 τῇ

261 4933 414 5007 πολλῇ
432 4933 589 5006 ἡμῶν
624 4932 865 5004 ἀναιδείᾳ
877 4934 1074 5013 ἀνοίξει
1095 4936 1247 5005 ἡμῖν.
1268 4931 1356 4984 Διὸ
1374 4930 1466 4985 καὶ
1481 4930 1705 4996 ἑαυτοὺς
1720 4933 1798 4986 δὶ-

261 5024 569 5097 ιγείροντες,
596 5024 800 5094 ἔλεγον·
833 5026 1157 5102 Δράμωμεν,
1192 5022 1427 5094 ἀδελφοὶ,
1453 5021 1745 5093 δράμωμεν
1772 5042 1788 5054 ο

261 5112 445 5187 δρόμου
498 5119 608 5189 γὰρ
659 5115 817 5187 χρεία
869 5117 961 5170 καὶ
1002 5104 1222 5189 δρόμου,
1266 5115 1452 5184 ἐπειδὴ
1479 5114 1577 5184 τῆς
1620 5115 1791 5185 καλῆς

264 5204 403 5275 ἡμῶν
428 5209 670 5273 συνοδίας
701 5207 1102 5294 ἀπελείφοθημεν
1125 5226 1141 5241 ο
1183 5208 1475 5280 δράμωμεν
1506 5205 1581 5278 μὴ
1609 5207 1786 5280 φειδό-

267 5314 399 5365 μενοι
446 5302 648 5372 ταύτης
689 5300 785 5372 τῆς
831 5300 1076 5371 pompa;
1138 5302 1232 5357 καὶ
1279 5299 1552 5371 μοχθηρᾶς
1594 5298 1792 5368 σαρκὸς

266 5388 437 5456 ἡμῶν
493 5391 603 5444 ἀλλ’
653 5389 1055 5457 ἀποκτείνωμεν
1084 5390 1307 5460 αὐτὴν,
1361 5389 1438 5451 ὡς
1476 5385 1788 5441 ἀπέκτεινεν

268 5477 415 5547 ἡμᾶς,
443 5479 631 5551 ὥσπερ
655 5480 749 5535 καὶ
771 5479 982 5535 ἐποίουν
1008 5479 1056 5532 οἱ
1084 5479 1339 5551 μακάριοι
1359 5476 1663 5533 ὑπεύθυνοι.
1699 5476 1787 5531 Ἐν

326 5654 366 5686 ⁸⁸
396 5654 535 5711 Psal.
569 5673 753 5725 ιχιιι,
780 5660 869 5715 20.
941 5659 988 5691 “
1018 5656 1146 5712 Luc.
1179 5672 1217 5721 ι,
1240 5656 1327 5713 79.
1401 5658 1444 5690 ⁸⁷
1471 5655 1613 5711 Psal.
1641 5667 1864 5719 Lxxvnt,
1894 5653 1948 5709 8.
2022 5654 2067 5686 ⁸⁸
2091 5652 2213 5708 Psal
2233 5668 2427 5721 cum,
2455 5654 2505 5709 5.

274 5718 324 5776 Η
396 5728 437 5759 *⁸
468 5725 587 5784 Job.
619 5718 873 5795 “1,20-

1892 4554 2093 4623 ingenti
2124 4553 2305 4607 labore
2325 4559 2497 4617 egent.
2528 4553 2679 4621 12],
2711 4552 2851 4607 Num
2885 4557 3060 4626 angeli
3092 4562 3348 4617 custodes
3366 4564 3435 4617 ad
3462 4590 3465 4595 ι

1892 4662 1993 4701 nos
2035 4646 2245 4699 tandem
2304 4643 2613 4698 redierunt?
2660 4660 2728 4700 an
2779 4648 2958 4703 adhuc
3002 4652 3189 4719 procul
3220 4668 3250 4705 a
3281 4653 3437 4707 nobis

1890 4733 2123 4790 absunt?
2144 4729 2277 4785 Nam
2310 4731 2548 4800 quandiu
2579 4731 2653 4785 illi
2694 4732 3051 4805 dedignantur
3078 4736 3142 4791 ad
3160 4750 3257 4791 nos
3277 4750 3432 4790 acce-

1890 4825 2037 4891 dere,
2066 4823 2241 4878 omnis
2269 4832 2498 4877 conatus
2546 4832 2600 4878 et
2621 4823 2772 4879 labor
2803 4836 2984 4882 noster
3011 4828 3189 4882 inanis
3228 4833 3283 4881 et
3312 4826 3434 4881 inu-

1888 4916 1998 4971 tilis
2019 4923 2101 4970 est
2126 4913 2283 4969 nobis
2308 4934 2321 4969 :
2348 4929 2448 4968 nec
2466 4914 2611 4970 enim
2642 4931 2765 4987 spes
2782 4926 2866 4973 est
2892 4919 3168 4983 libertatis,
3196 4932 3294 4972 nec
3321 4918 3433 4974 vim

1886 5002 2219 5060 confidentia:
2263 5002 2461 5056 habent
2491 5018 2675 5073 preces
2705 5016 2924 5074 nostrae,
2954 5021 3053 5062 nec
3082 5014 3289 5061 castum
3317 5008 3433 5062 ala-

1886 5112 2004 5153 rum
2028 5094 2538 5164 remigium,quibus
2560 5097 2773 5152 evolare
2798 5099 3005 5168 possint
3031 5097 3097 5153 ad
3119 5096 3429 5167 Dominum,
3454 5110 3457 5111 '

1886 5188 1988 5242 nisi
2013 5185 2181 5255 angeli
2210 5186 2380 5239 nostri
2412 5187 2565 5247 nobis
2594 5187 2786 5243 iterum
2819 5188 3112 5262 familiares
3146 5189 3245 5245 bas
3274 5206 3305 5269 a
3328 5206 3432 5246 no-

1889 5276 1970 5330 bis
2002 5271 2207 5327 oblatas
2259 5273 2484 5330 Domino
2539 5285 2938 5345 reprzesentent.
3002 5276 3153 5333 Alias
3184 5294 3431 5349 saepenu-

1884 5390 2033 5429 mero
2063 5373 2471 5430 subdubitantes
2527 5375 2665 5430 inter
2722 5388 2781 5429 se
2836 5377 3165 5446 quaerebant,
3208 5378 3429 5433 Profici-

1889 5492 2012 5532 tnus
2049 5474 2273 5544 aliquid,
2306 5473 2535 5531 fratres?
2570 5472 2909 5544 potiemurne
2933 5488 3059 5535 voto
3082 5477 3304 5535 nostro?
3324 5477 3432 5532 Ad-

2582 5654 2625 5687 ⁸⁸
2643 5652 2760 5710 Job.
2797 5670 2927 5721 XLII,
2962 5658 3048 5712 ii.
3124 5657 3167 5687 9°
3201 5654 3430 5718 [Sa-Uis

3347 394 3452 477 πο
3558 460 3565 467 ,
