4050 6338
666 427 812 491 πει
883 494 892 504 ,

1908 424 1967 480 S.
1990 415 2304 482 JOANNIS
2341 415 2634 475 CLIMACI
2681 458 2684 460 η

3772 412 3872 471 ῗτῦ

683 539 974 610 gratiarum
1033 535 1297 604 iacturam
1387 533 1648 596 fecerunt,
1707 542 1872 599 prona
1944 525 2225 593 faciliaque

2327 519 2612 590 ωδύροντο,
2645 518 2736 570 καὶ
2766 516 2948 585 ελεγον
2979 517 3424 588 [άπωδυρόμενοι
3455 515 3639 582 ελεγον
3663 515 3684 584 1
3711 533 3724 546 ο
3765 516 3872 568 Ποῦ

682 638 831 694 sunt,
867 611 938 682 ὀι
985 635 1228 696 prompte
1271 623 1687 690 .suscipiuntur.
1732 619 1923 672 Anima
1981 616 2216 685 quippe,

681 733 857 790 quau
907 716 1071 788 priori
1123 714 1216 769 Dei
1270 712 1630 768 familiaritate
1680 719 1735 765 et
1779 708 1971 764 ﬁducia
2006 707 2219 777 repulsa

682 820 785 875 est,
814 818 868 865 et
897 823 991 878 spe
1024 809 1193 862 beatae
1221 802 1625 872 tranquillitatis
1653 799 2036 869 recuperanda:
2068 799 2218 852 esci-

683 899 782 962 dit,
817 900 1141 972 signumque
1163 892 1427 948 castitatis
1450 891 1688 954 violavit,
1720 899 1778 944 et
1816 889 2065 942 thesauro
2092 887 2222 941 divi-

533 1009 535 1012 ‘
629 1024 632 1027 -
686 987 1202 1058 narum‘gratiarum
1251 973 1480 1052 'spoliata
1544 990 1643 1045 est,
1680 980 1992 1049 caelestique
2022 993 2220 1032 conso-

682 1070 883 1132 latione
907 1079 1137 1146 privata,
1166 1059 1375 1144 pactum
1409 1071 1622 1126 Domini
1646 1071 1883 1133 rescidit,
1933 1077 1988 1124 et
2043 1069 2218 1136 ignem

683 1179 1019 1240 praestantem
1045 1167 1402 1236 lacrymarum
1422 1161 1779 1232 spiritualium
1797 1159 2074 1219 exstinxit,
2093 1159 2218 1212 dunt

686 1259 877 1312 borum
909 1257 1149 1320 omnium
1175 1255 1434 1310 memoria
1463 1253 1783 1321 percellitur,
1810 1259 1863 1304 et
1900 1248 2100 1320 ingenti
2126 1249 2224 1302 do-

685 1345 796 1398 lore
816 1341 1088 1397 lancinata
1109 1341 1544 1404 convulneratur,
1575 1356 1679 1393 non
1703 1339 1872 1393 solum
1896 1350 2225 1392 commemo-

687 1420 832 1488 ratos
881 1448 1044 1501 supra
1107 1433 1325 1492 labores
1378 1429 1777 1498 promptissime
1836 1427 2078 1493 suscipit,
2130 1425 2224 1478 sed

684 1524 914 1590 seipsam
948 1521 1214 1590 religiosis
1251 1517 1717 1572 exercitationibus
1743 1516 1827 1586 pie
1860 1525 2093 1570 mactare
2132 1531 2223 1570 co-

687 1621 862 1664 natur.
899 1609 954 1663 Si
990 1594 1167 1663 tamett
1199 1608 1319 1662 υκαι
1354 1618 1477 1660 sunt
1510 1607 1562 1659 in
1584 1606 1671 1660 illa
1712 1605 1965 1674 reliquim,
1990 1615 2044 1657 et
2071 1604 2220 1658 scin-

617 1712 619 1714 '
688 1699 819 1754 tilla:
843 1697 1012 1771 divini
1038 1698 1237 1758 amoris
1265 1705 1333 1750 'ac
1386 1696 1592 1752 timoris
1635 1693 1856 1747 Domini.
1886 1693 2042 1748 Tales
2073 1704 2225 1747 erant

687 1789 860 1856 reipsa
887 1787 1033 1840 beati
1063 1786 1167 1840 isti.
1206 1783 1327 1838 Haec
1355 1787 1497 1837 enim
1527 1783 1707 1838 animo
1737 1796 2032 1848 versantes,
2064 1792 2118 1836 et
2146 1782 2224 1836 al-

2317 611 2476 681 ήτῆς
2537 607 2844 681 προσευχῆς
2901 606 3250 678 καθαρότης;
3305 607 3466 676 ποῦὴ
3509 607 3712 672 ταύτης
3734 609 3874 676 παῤ-

2322 703 2528 772 ρησίας
2580 699 2684 752 ποῦ
2736 700 2796 752 τὸ
2850 699 3022 768 γλυκὺ
3072 701 3191 752 ἀντὶ
3235 698 3430 769 πικροῦ
3474 697 3741 768 δάκρυονς
3771 697 3872 749 ποῦ

2319 792 2429 863 (17)
2471 792 2622 854 ἐλπὶς
2662 790 2758 860 τῆς
2799 789 3092 851 παντελοῦς
3132 784 3354 857 ἁγνείας
3389 787 3483 841 καὶ
3522 787 3872 857 καθάρσεως;

2321 881 2426 935 ποῦ
2462 883 2494 952 ἡ
2534 881 2832 951 προσδοκία
2875 878 2974 950 τῆς
3018 881 3294 951 μακαρίας
3345 879 3654 944 ἀπαθείαςς
3707 877 3810 930 ποῦ
3839 881 3870 941 ἠ

2319 974 2456 1044 πρὸς
2469 973 2560 1026 τὸν
2577 975 2622 1040 (Ι
2636 972 2688 1044 8)
2713 972 2948 1042 ποιμένα
2969 973 3150 1034 πίστις
3171 988 3187 1037 ;
3215 971 3317 1025 ποῦ
3338 971 3371 1041 ἠ
3393 973 3488 1041 τῆς
3515 969 3678 1024 αὑτοῦ
3707 987 3874 1038 προ-σ-

2321 1065 2483 1134 ευχῆς
2549 1065 2607 1118 ὲν
2667 1065 2798 1133 ἡμῖν
2865 1063 3152 1134 εὐεργεσία
3201 1061 3531 1134 [ὲνέργειαῂ
3600 1061 3869 1114 Ἀπόλωλε

2317 1153 2489 1207 ταῦτα
2515 1154 2692 1207 πάντα
2712 1169 2726 1183 ο
2757 1152 2852 1204 καὶ
2879 1151 3066 1222 ὥσπερ
3114 1151 3190 1222 μὴ
3224 1143 3479 1218 φανέντα,
3510 1150 3870 1204 ἐκλέλοιπεν)

2321 1244 2415 1295 καὶ
2462 1243 2536 1305 ὡς
2591 1242 2667 1313 μὴ
2711 1239 3048 1312 ὑπάρξαντα,
3108 1241 3483 1310 ἠφανίσθησαν
3541 1241 3635 1292 καὶ
3674 1238 3870 1308 ᾢχετο.

2319 1333 2503 1388 Ταῦτα
2559 1334 2656 1403 μὲν
2713 1333 2962 1401 λέγοντες
3007 1333 3100 1384 καὶ
3122 1332 3464 1403 θρηνοῦντες,
3508 1333 3557 1384 οἱ
3592 1331 3713 1401 μὲν,
3758 1332 3873 1383 δαι-

2325 1425 2489 1494 μονᾷν
2511 1421 2756 1494 ηὔχοντοο
2783 1423 2832 1474 οἱ
2857 1422 2916 1496 ’δὲ
2941 1424 3019 1493 ,τῇ
3049 1422 3168 1491 ἱερᾷ
3189 1414 3502 1490 περιπεσεῖν
3524 1421 3684 1489 νόσῳ,
3717 1419 3875 1471 ὲδυσ-

2320 1518 2499 1570 ώπουν
2546 1517 2638 1568 τὸν
2687 1513 2923 1584 Κύριον·
2952 1515 3006 1566 οἱ
3049 1513 3147 1581 μὲν
3195 1507 3290 1572 τὰς
3322 1511 3472 1579 ὂψεις
3521 1509 3873 1570 ἀποϐάλλειν,

2327 1607 2420 1660 καὶ
2446 1606 2676 1660 ἐλεεινὸν
2723 1603 3042 1673 προκεῖσθαι
3069 1602 3250 1671 θέαμα
3269 1617 3282 1629 ⁸
3313 1602 3362 1653 οἱ
3387 1600 3445 1653 δὲ
3476 1601 3702 1671 πάρετοι
3724 1600 3878 1667 γενέο

2323 1699 2464 1764 σθαι,
2482 1699 2575 1753 καὶ
2605 1697 2763 1768 μόνον
2791 1695 2899 1748 τῶν
2928 1697 3045 1747 ἐκεῖ
3068 1691 3354 1764 μοχθηρῶν
3391 1691 3466 1762 μὴ
3492 1692 3873 1760 πειρασθῆναι.

2335 1788 2474 1858 Ἐγὼ
2523 1789 2600 1854 δὲ,
2657 1781 2701 1842 ὦ
2740 1787 2905 1857 φίλοι,
2957 1785 3157 1855 λέληθα
3192 1785 3424 1854 ἐμαυτὸν
3465 1785 3524 1834 ὲν
3570 1783 3644 1851 τῷ
3682 1783 3875 1848 ἐκείνῳ

687 1855 950 1931 ιίεείιηιιιη
1001 1877 1214 1930 virtutis
1263 1878 1506 1945 gradum,
1557 1889 1623 1927 ex
1666 1888 1772 1941 quo
1822 1873 2020 1941 delapsi
2056 1881 2222 1934 sunt,

2331 1880 2712 1952 ὲμφιλοχωρῶν
2753 1878 2958 1940 πένθει,
3001 1879 3094 1931 καὶ
3135 1875 3252 1938 ὅλος
3295 1875 3370 1950 τῷ
3391 1873 3470 1926 νοῒ
3498 1875 3874 1943 συνηρπάγην,

687 1967 826 2035 apud
865 1982 924 2022 se
949 1961 1277 2035 reputantes,
1315 1965 1601 2020 identidem
1636 1963 2222 2020 dicebantzﬂemorati

688 2073 864 2110 sumus
891 2057 1093 2109 dierum
1118 2059 1452 2126 antiquorum
1479 2057 1522 2119 ⁸,
1542 2055 1884 2123 ardentisque
1914 2053 2058 2107 illius
2116 2053 2224 2106 vir-

690 2150 818 2202 tutis
868 2157 1080 2202 nostrae.
1114 2149 1214 2201 Alii
1243 2149 1309 2201 ad
1333 2146 1499 2201 Deum
1539 2146 1886 2205 clamitabant
1917 2162 1930 2199 :
1965 2143 2066 2198 Ubi
2103 2153 2226 2198 sunt

690 2236 1060 2289 misericordia:
1083 2245 1184 2290 tum
1223 2237 1471 2304 anlt'quw,
1500 2235 1718 2289 Domine
1739 2234 1780 2299 ³,
1810 2248 1944 2302 quas
1983 2234 2224 2288 ostendi-

691 2325 760 2377 sti
791 2324 842 2376 itt
865 2323 1090 2378 veritate
1137 2331 1227 2377 tua
1258 2325 1451 2378 animze
1508 2321 1755 2378 nostrae?
1785 2321 1987 2386 Memor:
2003 2333 2110 2376 esto
2131 2337 2224 2389 op-

689 2413 860 2482 probii
883 2421 933 2467 et
971 2413 1164 2465 laboris
1191 2427 1449 2465 servorum
1479 2421 1688 2463 tuorum
1710 2411 1753 2463 ⁸.
1776 2409 1948 2474 Alius,
1972 2409 2100 2474 Quis
2148 2425 2226 2464 ms

689 2516 840 2578 ponet
870 2507 1150 2561 secundum
1184 2521 1378 2558 menses
1412 2505 1615 2557 dierum
1641 2505 1895 2571 priorum,
1923 2503 2108 2573 quibus
2133 2519 2224 2556 cu-

689 2597 946 2650 stodiebat
978 2613 1056 2649 me
1102 2594 1260 2659 Deus,
1309 2593 1514 2662 quando
1555 2591 1857 2660 splendebat
1895 2592 2105 2646 lucerna
2137 2593 2220 2646 lu-

692 2688 844 2741 minis
865 2688 979 2756 ejus
1003 2703 1158 2754 super
1179 2697 1331 2752 caput
1361 2686 1532 2738 cordis
1556 2685 1653 2739 mei
1675 2684 1718 2738 ⁸.
1745 2686 1917 2753 Atque
1939 2685 2015 2740 sic
2046 2686 2223 2754 priora

692 2779 973 2833 sanctioris
999 2779 1115 2832 vita:
1131 2779 1302 2833 studia
1322 2777 1373 2830 itt
1392 2777 1703 2831 memoriam
1721 2775 2227 2846 revocabant,126

693 2877 753 2922 et
773 2868 871 2921 ritu
891 2868 1252 2925 innocentium
1266 2867 1606 2936 parvulorum
1626 2865 1938 2935 plorabdndi
1957 2865 2224 2920 dicebant:

694 2958 794 3014 Ubi
813 2973 1026 3028 precum
1050 2968 1361 3016 nostrarum
1387 2957 1674 3011 munditia?
1695 2957 1784 3010 ubi
1815 2971 1907 3024 per
1937 2957 2075 3011 hanc
2103 2969 2258 3010 cum-

696 3049 806 3103 Deo
861 3048 1193 3102 familiaritas
1250 3057 1303 3101 et
1345 3047 1586 3102 fiducia?
1615 3046 1703 3102 ubi
1735 3048 1915 3102 dulces
1955 3061 2051 3116 pro
2080 3061 2228 3101 ama-

695 3143 771 3198 ris
818 3141 1108 3212 lacrymae?
1139 3138 1226 3194 ubi
1261 3153 1384 3206 spes
1414 3138 1811 3204 perfectissima:
1861 3138 2125 3194 castitatis
2173 3147 2227 3194 et

694 3248 841 3303 purae
857 3232 1199 3286 conscientiae
1227 3232 1250 3284 ?
1279 3228 1380 3284 Ubi
1411 3229 1738 3301 exspectatio
1767 3230 1936 3285 beatae
1965 3230 2229 3300 tranquil-

695 3324 904 3380 litatis?
942 3324 1032 3378 ttbi
1061 3323 1194 3378 fides
1213 3337 1338 3393 erga
1373 3305 1640 3390 pastorem
1667 3321 1798 3376 ’ξιιυὶ
1820 3321 1899 3374 vis
1917 3331 1969 3375 et
1990 3319 2227 3375 efﬁcacia

694 3430 918 3485 precum
939 3414 1053 3484 ejus
1074 3414 1128 3468 in
1149 3413 1328 3468 nobis?
1341 3411 1640 3478 Evanuere,
1658 3414 1866 3481 periere
1885 3412 2000 3467 bmc
2019 3411 2197 3466 omnia
2210 3450 2225 3475 ,

695 3516 750 3559 et
774 3516 1026 3574 tanquam
1050 3519 1322 3574 nunquam
1343 3503 1534 3569 visa,et
1548 3504 1700 3574 quasi
1719 3517 1991 3572 nunquam
2011 3501 2231 3556 omnino

706 3596 950 3654 fuissent,
999 3594 1326 3658 defecerunt,
1349 3594 1519 3647 deleta
1542 3601 1737 3647 suntet
1751 3596 2032 3647 exstincta.
2055 3594 2232 3660 Atque

697 3683 811 3738 haec
837 3683 1213 3752 proioquentes
1233 3684 1608 3751 plorantesque
1629 3684 1904 3747 optabant,
1923 3682 2014 3734 alii
2033 3697 2063 3734 ιι
2087 3682 2230 3735 malo

698 3775 937 3828 daemone
951 3773 1198 3841 occupari
1214 3783 1266 3826 et
1283 3772 1532 3840 torqueri;
1547 3772 1635 3825 alii
1655 3765 1934 3826 Dominum
1951 3771 2232 3840 precaban-

701 3875 807 3926 tur,
837 3864 1125 3933 utinmrbo
1145 3862 1396 3918 comitiali
1412 3879 1503 3917 seu
1525 3863 1776 3932 epilepsia
1794 3863 2190 3931 corriperentur
2213 3879 2226 3916 :

694 3955 787 4010 alii
835 3955 1115 4016 obcaecati,
1154 3962 1206 4007 et
1253 3952 1452 4008 fwdutn
1505 3953 1972 4021 miserandumque
2030 3965 2232 4009 natura:

696 4056 1019 4109 monstrum,
1079 4054 1378 4113 portentum
1407 4060 1468 4098 ac
1497 4044 1859 4113 Spectaculum
1895 4045 2009 4099 fieri
2046 4043 2229 4114 cupie-

693 4137 825 4190 bant
855 4153 868 4189 :
900 4134 989 4188 alii
1035 4149 1320 4188 nervorum
1373 4141 1594 4202 stupore
1648 4135 1876 4204 percuti,
1901 4145 1954 4190 et
1997 4136 2227 4206 paralysi

694 4224 938 4288 dissolvi,
958 4224 1246 4277 dummodo
1275 4238 1342 4277 ne
1389 4221 1565 4275 futura
1616 4221 1909 4278 inferorum
1965 4225 2227 4294 supplicia

692 4317 928 4385 experiri
989 4321 1329 4384 cogerentur.
1376 4314 1482 4382 Ego
1511 4328 1656 4378 vero,
1699 4316 1878 4382 amici,
1909 4319 2090 4374 nescio
2118 4333 2226 4387 quo

697 4413 855 4473 pacto
881 4407 1054 4460 libens
1073 4405 1253 4460 volens
1277 4405 1329 4458 in
1361 4404 1452 4458 illo
1473 4405 1652 4459 luctus
1669 4407 1938 4475 ergastulo
1958 4409 2224 4472 detentus,

2329 1974 2580 2042 κατέχειν
2607 1970 2837 2041 ὲμαυτδν
2874 1969 2946 2040 μὴ
2981 1969 3294 2038 δυνάμενος.
3351 1966 3488 2019 Ἀλλ’
3526 1965 3876 2042 ’ἑπανακτέον

2329 2064 2418 2116 τὸν
2438 2040 2622 2131 λόγον.
2642 2040 2834 2114 Τοίνυν
2853 2059 3185 2130 προσμείνας
3207 2059 3265 2110 ὲν
3285 2059 3352 2126 τῇ
3381 2040 3592 2128 φρουρᾷ
3613 2055 3707 2107 ἐπὶ
3739 2054 3876 2123 ἠμέ-

2331 2171 2430 2226 ρας
2484 2154 2790 2224 τριάκοντα,
2848 2149 3219 2221 ἐπανέρχομαι
3267 2151 3296 2202 ό
3331 2147 3737 2218 ἀνυπομόνητος
3801 2147 3878 2206 εἰς

2328 2245 2390 2297 τὺ
2441 2246 2580 2312 μέγα
2629 2242 2894 2296 κοινόϐιον
2935 2241 3070 2311 πρὸς
3121 2241 3213 2293 τὸν
3255 2239 3449 2310 μέγαν.
3516 2239 3576 2290 '0
3618 2237 3676 2290 δὲ
3725 2237 3823 2288 θεα
3851 2263 3878 2274 -

2332 2337 2562 2407 σάμενός
2616 2353 2703 2406 με,
2741 2335 2929 2405 ὥσπερ
2958 2334 3320 2405 ῂλλοιωμένον
3368 2333 3486 2386 ὅλον
3518 2334 3609 2386 καὶ
3654 2332 3876 2402 ἐξεστη-

2331 2428 2482 2489 κότα,
2513 2427 2651 2494 ἔγνω
2682 2429 2710 2479 ὁ
2736 2426 3003 2494 πάνσοφος
3030 2423 3359 2487 ἀλλοιώσεως
3382 2423 3475 2494 τὸν
3499 2422 3700 2492 τρόπον
3718 2438 3732 2453 ο
3785 2419 3876 2473 καί

2330 2534 2460 2588 φησι
2494 2530 2510 2545 °
2538 2517 2600 2568 Τί
2632 2517 2766 2577 ἐστι,
2795 2514 2974 2584 Πάτερ
3014 2514 3261 2584 Ἰωάννης
3312 2511 3590 2582 Ἑώρακας
3619 2511 3746 2570 τοὺς
3772 2509 3875 2560 τῶν

2329 2607 2640 2677 καμνόντων
2683 2605 2910 2671 ἄθλουςς
2964 2603 3102 2671 Ἐγὼ
3145 2603 3383 2672 δὲκέφην
3409 2617 3427 2634 ο
3476 2602 3586 2654 Καὶ
3639 2601 3872 2669 ἑώρακα,

2331 2699 2532 2766 Πάτερ,
2571 2695 2664 2748 καὶ
2683 2694 3022 2763 τεθαύμακα,
3051 2695 3144 2747 καὶ
3170 2693 3521 2764 μμακάρικα
3545 2691 3718 2758 ἔγωγε
3750 2691 3872 2753 τοὺς

2332 2787 2706 2850 πεπτωκότας,
2737 2786 2830 2838 καλ⁸
2851 2783 3192 2849 πενθοῦντας,
3220 2784 3358 2854 ὑπὲρ
3387 2783 3514 2846 τοὺς
3545 2783 3619 2851 μὴ
3653 2797 3870 2833 πεπτωο

2333 2879 2517 2942 κότας,
2554 2877 2650 2931 καλ⁵
2681 2877 2905 2939 ἑαυτοὺς
2957 2877 3032 2946 μὴ
3073 2873 3398 2936 πενθοῦντας
3427 2891 3442 2904 ·
3487 2875 3569 2927 ὅτι
3601 2872 3688 2924 διά
3735 2871 3873 2923 πτώ-

2335 2987 2470 3034 σεως
2497 2970 2793 3038 ἀνέστησαν
2825 2968 3118 3020 ἀνάστασιν
3148 2965 3442 3019 ἀκίνδυνον.
3484 2958 3553 3016 Ὀ
3577 2964 3654 3029 δὲ,
3692 2963 3870 3023 Οὕτως

2333 3059 2462 3130 ἔχει,
2493 3058 2649 3130 φησί’
2680 3057 2769 3110 καὶ
2789 3057 3084 3126 διηγήσατο
3117 3057 3149 3126 ή
3179 3055 3414 3124 ἀψευδὴς
3437 3051 3600 3134 apro-3
3626 3052 3836 3120 γλῶττα
3854 3065 3868 3080 ο

2333 3149 2582 3218 Ὅτιπερ,
2631 3147 2780 3217 φησι,
2814 3145 2918 3215 πρὸ
2938 3146 3066 3200 δέκα
3093 3145 3320 3214 χρόνων,
3349 3141 3490 3214 εἶχον
3521 3136 3623 3197 ὧδε
3649 3139 3870 3209 ἀδελφὸν

2331 3240 2470 3291 πάνυ
2506 3237 2784 3289 σπουδαῖον
2813 3234 2905 3288 καὶ
2933 3234 3189 3303 ἐργάτην,
3230 3233 3323 3284 καὶ
3359 3229 3595 3283 τοιοῦτον
3618 3227 3760 3280 ὥστε
3804 3239 3869 3294 με

2331 3329 2536 3400 ὁρῶντα
2575 3327 2754 3393 αὐτὸν,
2793 3325 2962 3388 οὕτως
2989 3324 3065 3395 τῷ
3101 3321 3370 3392 πνεύματι
3414 3320 3622 3385 ζέοντα,
3651 3315 3869 3387 τρέμειν

2331 3420 2469 3488 ὑπὲρ
2511 3417 2673 3471 αὐτοῦ
2719 3418 2810 3470 τὸν
2855 3415 2948 3469 τοῦ
2999 3415 3244 3468 διαϐόλου
3280 3411 3596 3480 φθόνον,.μή
3640 3425 3756 3470 πως
3795 3404 3868 3475 τῷ
3929 3461 3932 3463 .

2331 3509 2506 3579 πολλῷ
2545 3507 2728 3577 δρόμῳ
2778 3507 3098 3572 πρυσκόψῃ
3151 3503 3299 3570 πρὸς
3345 3503 3516 3555 λίθον
3544 3499 3652 3553 τὸν
3693 3496 3863 3553 πόδα·

2330 3600 2465 3669 ὅπερ
2487 3599 2596 3659 τοῖς
2616 3596 2779 3662 ὀξέως
2804 3591 3073 3662 βαδίζουσι
3099 3590 3410 3661 σύμϐαίνειν
3435 3589 3672 3656 πέφυκεν
3692 3603 3707 3618 ·
3735 3588 3866 3656 ὅπερ
3901 3613 3904 3615 λ

2331 3687 2424 3738 καὶ
2455 3687 2692 3754 γέγονεν.
2727 3679 2858 3735 Εἶτα
2890 3681 3169 3751 ἀνέρχεται
3196 3679 3331 3750 πρός
3369 3694 3436 3748 με
3458 3719 3475 3744 ,
3509 3677 3743 3747 ἑσπέρας
3776 3674 3867 3745 βα-

2331 3777 2501 3840 θείας,
2531 3775 2765 3853 δείκνυσι
2812 3772 2871 3826 τὸ
2913 3770 3128 3842 τραῦμα
3171 3769 3376 3840 γυμνόν
3411 3783 3425 3798 ·
3477 3766 3630 3837 ζητεῖ
3666 3766 3866 3846 εμπλα-

2333 3887 2489 3940 στρον
2517 3868 2647 3939 (19),
2673 3870 2899 3921 αἰτεῖται
2939 3865 3206 3936 καυτῆρα,
3247 3863 3556 3937 θορυϐεῖται
3604 3862 3861 3934 σφοδρῶς.

2331 3956 2459 4014 Εἶτα
2489 3961 2608 4012 ἐπεὶ
2644 3959 2788 4022 ἄξιος
2814 3949 3150 4027 συμπαθείας
3173 3950 3259 4025 ἦν,
3303 3953 3406 4024 ὁρᾷ
3435 3951 3510 4024 μή
3541 3953 3681 4006 πάνυ
3722 3950 3864 4019 αὐτῷ

2329 4049 2577 4120 αὑστηρᾷ
2627 4050 2766 4118 τομῇ
2814 4047 2905 4100 τὸν
2953 4045 3133 4115 ἰατρὸν
3173 4042 3472 4115 χρήσασθαι
3527 4042 3860 4114 βουλόμενον,

2332 4141 2535 4210 ῥίπτων
2587 4137 2777 4190 ἑαυτὸν
2827 4137 2906 4198 είς
2947 4134 3006 4188 τὸ
3053 4133 3263 4202 ἔδαφος,
3295 4133 3715 4204 ἐπιλαμϐάνεται
3761 4132 3860 4185 τῶν

2331 4231 2522 4293 ποδῶν,
2553 4230 2694 4283 λούει
2722 4227 2918 4290 ῑκανῶς
2944 4225 3152 4289 τούτοις
3181 4226 3292 4289 τοῖς
3319 4225 3606 4297 δάκρυσινσ
3636 4226 3859 4279 αἰτεῖται

2329 4322 2623 4391 καταδίκην
2653 4313 2766 4393 ὲνῇ
2798 4317 3044 4388 ἑώρακας
3066 4318 3273 4388 φρουρᾷ
3293 4332 3309 4348 ’
3339 4315 3596 4371 ἀδύνατον
3628 4315 3756 4367 ἐϐόα
3791 4313 3858 4382 μὴ

2329 4417 2445 4467 ἐκεῖ
2488 4429 2554 4483 με
2601 4409 2943 4482 πορευθῆναι.
2998 4405 3124 4462 Εἶτα
3177 4408 3418 4479 βιάζεται
3473 4403 3859 4473 εύσπλαγχνίαν

704 4493 804 4546 mei
831 4495 1040 4561 penitus
1077 4510 1197 4550 sum
1228 4494 1447 4559 oblitus,
1476 4503 1532 4548 et
1559 4495 1818 4550 attonitus
1838 4497 1993 4565 quasi
2025 4511 2055 4550 a
2074 4507 2225 4576 pote-

2335 4503 2517 4575 ίατροῦ
2550 4503 2887 4574 μετενεγκεῖν
2907 4503 2986 4565 είς
3009 4501 3330 4571 ἀποτομίαν,
3353 4499 3414 4552 τὸ
3443 4499 3667 4551 σπάνιον
3691 4497 3748 4548 ἐν
3775 4510 3857 4547 νο-

702 4591 840 4637 state
867 4587 1063 4640 mentis
1113 4599 1221 4656 pra!
1267 4598 1482 4657 stupore
1524 4598 1666 4643 totus
1705 4588 1932 4642 excessi.
1961 4587 2232 4645 Sedenim

704 4674 1000 4727 revocanda
1024 4684 1126 4739 est,
1161 4677 1302 4732 uttde
1329 4680 1568 4748 digressa
1597 4688 1675 4733 est
1704 4678 1896 4733 oratio.
1927 4679 2064 4734 Cum
2103 4694 2231 4750 ergo

702 4763 758 4818 in
791 4763 881 4818 illo
911 4778 1128 4818 carcere
1162 4765 1227 4818 ad
1253 4770 1579 4824 tricesimum
1614 4785 1784 4839 usque
1803 4770 1943 4825 diem
1987 4780 2233 4829 moratus

700 4868 900 4917 essem,
932 4852 1036 4906 illis
1065 4866 1288 4921 prorsus
1325 4857 1600 4912 dissimilis
1629 4869 1682 4914 et
1704 4861 1925 4916 minime
1956 4859 2227 4925 ferendus,

700 4943 770 4998 ad
798 4942 1054 5011 inclytum
1083 4941 1211 4994 illttd
1242 4945 1543 4998 coenobium
1562 4955 1613 5000 et
1642 4963 1895 5018 magnum
1942 4952 2222 5021 praesulem

703 5046 951 5086 reversus
984 5030 1125 5086 sitm.
1175 5029 1277 5097 Qui
1321 5047 1406 5087 me
1438 5032 1679 5103 intuitus,
1713 5038 1866 5111 127
1892 5058 2016 5099 cum
2061 5044 2225 5099 aliutn

704 5135 924 5191 prorsus
953 5137 986 5175 a
1018 5122 1195 5192 priore
1227 5131 1280 5176 et
1317 5122 1459 5176 velut
1484 5126 1774 5183 attonitum
1789 5144 2223 5205 avocatumquea

703 5211 950 5265 sensibus
964 5213 1177 5272 videret.
1203 5211 1355 5267 facile
1373 5215 1625 5285 rationem
1637 5229 2223 5298 causamquestuporis,

706 5300 1356 5387 utpotesapientissimus,
1387 5313 1662 5360 assecutus
1693 5325 1707 5361 :
1737 5309 1870 5375 Quid
1901 5326 2003 5379 est,
2032 5318 2220 5387 inquit,~

702 5396 852 5457 pater
877 5385 1151 5470 Joannes?
1194 5392 1447 5448 Vidistine
1469 5392 1679 5466 eximie
1709 5399 2058 5462 laborantium
2102 5385 2221 5463 cer-

704 5476 944 5530 tamitta?
994 5477 1060 5531 Et
1106 5481 1245 5552 vidi,
1287 5482 1524 5553 inquam,
1577 5485 1750 5551 Pater.
1799 5503 1850 5546 et
1893 5495 2216 5566 demiratus,

703 5568 968 5623 beatiores
1017 5572 1296 5639 praedicavi
1344 5590 1470 5640 eos,
1503 5578 1595 5647 qui
1641 5579 1772 5652 lapsi
1819 5599 1960 5654 sunt,
2000 5601 2054 5646 et
2090 5609 2217 5648 suas

2329 4594 2482 4648 σοῦσι
2509 4593 2600 4646 καὶ
2621 4590 3039 4662 παραδοξότατον
3059 4606 3072 4619 ·
3109 4586 3724 4656 καταλαμϐάνειθᾶττον
3740 4585 3857 4646 τοὺς

2330 4683 2740 4755 μετανοοῦντας,
2765 4684 2971 4752 γίνεται
2999 4680 3254 4742 κοινωνὸς
3277 4678 3371 4730 καὶ
3399 4674 3683 4742 συναλγός.
3718 4675 3854 4744 Πλη-

2324 4779 2440 4846 γεὶς
2470 4772 2563 4831 οὖν
2584 4776 2682 4847 τὴν
2705 4775 2927 4846 καρδίαν
2947 4774 3023 4837 ὡς
3049 4772 3155 4826 ὑπὸ
3190 4769 3375 4837 ξίφους
3409 4767 3510 4838 τῆς
3546 4767 3615 4821 δι’
3642 4769 3854 4850 ἀγάπην

2324 4869 2455 4923 Θεοῦ
2483 4868 2676 4938 λύπης,
2704 4869 2770 4936 τῇ
2793 4866 2951 4935 ὀγδόῃ
2977 4862 3158 4934 ἡμέρᾳ
3193 4859 3429 4929 γὲιιδημεῐ
3456 4859 3591 4928 πρὸς
3632 4859 3849 4930 Κύριον,

2329 4963 2684 5032 αἰτησάμενος
2709 4957 2884 5027 ταφῆς
2915 4955 2990 5026 μὴ
3034 4955 3236 5023 τυχεῖν.
3293 4950 3434 5020 Ἐγὼ
3477 4951 3536 5005 δὲ
3566 4952 3728 5040 αὑτὸν
3765 4951 3851 5006 καὶ

2330 5051 2558 5106 ἐνταῦθα
2591 5051 2836 5120 ὶνήνοχα,
2881 5045 2975 5098 καὶ⁸
3013 5046 3123 5106 τοῖς
3165 5043 3398 5112 πατράσι
3439 5041 3745 5112 συντέταφα
3777 5042 3850 5105 ὡς

2330 5143 2474 5209 ἄξιον
2496 5159 2510 5174 ·
2541 5141 2620 5195 διὸ
2647 5140 2739 5193 καὶ
2763 5135 2899 5208 μετὰ
2935 5135 3032 5206 τὴν
3062 5132 3290 5202 ἑϐδόμην
3321 5130 3435 5202 (20)
3473 5132 3743 5206 δουλικὴν,
3783 5135 3844 5201 τῇ

2329 5235 2488 5306 ὀγδόῃ
2517 5231 2699 5286 λύεται
2729 5224 3004 5294 ἐλεύθερος
3026 5223 3222 5294 ἡμέρᾳ.
3258 5222 3413 5274 Ἐστι
3455 5221 3515 5276 δέ
3553 5237 3649 5304 τις,
3687 5225 3845 5278 ἐκεῖνο

2327 5301 2487 5392 γροὺξ
2504 5315 2764 5390 ἐναργῶς,
2797 5313 2872 5384 μὴ
2897 5313 3160 5382 πρότερον
3190 5309 3351 5364 αὐτὸν
3378 5311 3486 5364 τῶν
3515 5301 3743 5372 εὐτελῶν
3761 5313 3846 5367 καὶ

2330 5410 2584 5484 ῥυπαρῶν
2619 5425 2720 5480 μου
2750 5403 2925 5456 ποδῶν
2942 5401 3255 5471 ἀναστῆναι,
3286 5403 3416 5472 πρὶν
3467 5402 3600 5460 Θεὸν
3633 5405 3844 5474 ἐξευμα-

2326 5506 2572 5560 νίσασθαι
2593 5521 2608 5534 ·
2654 5496 2751 5553 καὶ.¹
2779 5497 2840 5550 ού
2871 5493 3051 5563 θαῦμα
3073 5509 3087 5524 ·
3125 5494 3306 5547 πίστιν
3329 5495 3436 5568 γὰρ
3456 5498 3513 5550 ὲν
3537 5497 3734 5570 καρδία
3759 5497 3845 5565 τῆς

2325 5598 2525 5666 πόρνης
2569 5590 2780 5658 ἐκείνης
2809 5584 3108 5652 ἀναλαϐὼν,
3150 5586 3366 5661 τοιαύτῃ
3410 5591 3501 5644 καὶ
3533 5591 3690 5654 αὐτὸς
3719 5587 3842 5658 πλη·
3894 5651 3902 5658 ,

769 5770 793 5804 ³
818 5770 963 5860 Paul.
993 5787 1157 5842 cxttt,
1186 5773 1238 5829 5.
1313 5775 1334 5807 ³
1357 5776 1494 5832 Psal.
1524 5795 1782 5849 Lxxxvttt,
1816 5785 1916 5840 50..
1976 5790 1996 5821 ⁸
2026 5793 2153 5850 ibid.
2196 5796 2225 5850 5

2355 5794 2377 5827 ⁸
2401 5792 2502 5849 Job
2538 5809 2689 5858 ntx,
2726 5790 2834 5846 2-5.
