4050 6338
619 413 728 478 πυ

1851 410 1909 468 S.
1955 406 2272 469 JOANNIS
2296 407 2600 471 CLIMACI
2639 404 2645 407 Α

3730 430 3829 481 ἰω

595 524 678 578 'in
709 521 962 587 secundis
1017 519 1279 588 constitit,
1318 522 1568 592 quamvis
1613 521 1771 591 longe
1807 522 1902 576 nlo
1930 520 2173 583 inferior,

2280 519 2418 588 μετά
2461 519 2608 573 δὲτὸ
2651 520 2848 591 πτῶμα
2891 522 3162 591 ἀπότομον
3206 520 3296 576 τὸν
3324 522 3455 576 Θεὸν
3491 522 3740 591 λέγουσιν
3779 526 3832 580 oi

622 612 839 680 agnovit
880 620 1057 665 tamen
1092 611 1245 666 suam
1298 612 1469 682 ipsius
1516 614 1967 677 imbecillitatem,
1992 622 2048 666 et
2085 627 2181 682 per

621 719 739 757 eam
781 702 939 757 facile
977 712 1288 773 comparata
1331 705 1632 760 humilitate
1658 721 1751 776 per
1785 706 1869 760 sui
1894 705 2062 775 ipsius
2094 719 2179 759 re-

620 794 1056 865 prehensionem,
1122 797 1353 851 alterum
1406 812 1435 850 a
1487 806 1636 867 tergo
1689 806 1932 865 secutus,
1997 799 2180 855 nescio

623 902 803 945 utrum
856 890 928 945 sit
957 899 1259 945 assecutus.
1302 890 1371 943 At
1404 890 1638 960 degener
1672 900 1726 946 et
1754 891 2031 961 negligens
2059 906 2179 946 cer-

610 982 808 1037 tamini
868 983 1209 1052 superiorum
1272 996 1341 1036 ne
1378 997 1438 1038 se
1487 983 1731 1049 misceat,
1783 998 1850 1036 ne
1895 982 1948 1036 id
1979 983 2176 1052 ipsum,

622 1075 763 1141 quod
797 1075 926 1145 agit,
973 1090 1068 1145 per
1104 1075 1534 1143 desperationem
1581 1077 1813 1139 deserat,
1862 1084 1917 1129 et
1942 1075 1996 1129 in
2028 1075 2178 1129 illum

621 1165 848 1232 quadret
925 1165 1055 1220 illud
1108 1167 1307 1221 Christi
1362 1166 1681 1221 oraculum:
1716 1169 1801 1241 Ab,
1842 1183 1945 1220 non
1964 1167 2178 1220 habente

619 1266 927 1326 promptum
993 1258 1234 1311 animum
1265 1266 1319 1311 et
1339 1257 1693 1322 alacritatem,
1739 1266 1794 1312 et
1814 1265 1951 1327 quod
1976 1259 2181 1311 videtur

621 1348 827 1413 habere,
858 1349 1129 1417 auferetur
1152 1348 1217 1401 ab
1255 1365 1315 1401 eo
1335 1348 1377 1400 ⁸.
1412 1345 1553 1403 Fieri
1594 1365 1701 1403 non
1742 1358 1938 1417 potest,
1969 1358 2028 1404 ut
2057 1350 2178 1419 qui-

621 1453 836 1508 cunque
857 1439 909 1492 in
933 1440 1109 1494 lacum
1140 1439 1487 1509 iniquitatum
1511 1441 1831 1507 cecidimus,
1858 1441 1983 1495 inde
1997 1452 2180 1496 extra-

622 1529 838 1593 hamur,
864 1529 969 1584 nisi
1000 1530 1253 1601 abyssum
1300 1532 1622 1587 humilitatis
1667 1547 1766 1603 per
1809 1533 2177 1601 paenitentiam

622 1620 852 1691 ingressi
883 1620 1165 1676 fuerimus.
1193 1622 1310 1676 Alia
1344 1631 1427 1677 est
1450 1632 1643 1679 Incesta
1676 1622 2051 1692 pmnitcntium
2079 1622 2181 1675 hu-

624 1710 992 1774 militas;alia
1038 1711 1213 1766 adhuc
1264 1714 1605 1781 peccantium
1651 1711 1996 1767 conscientiae
2046 1728 2180 1768 con-

625 1798 900 1854 demnatio
923 1799 1060 1865 ;alia
1085 1816 1203 1869 quae
1221 1801 1474 1870 perfectis
1493 1803 1756 1856 divinitus
1782 1804 1989 1857 accedit
2022 1804 2177 1858 beata

622 1904 688 1945 ac
740 1892 960 1960 copiosa
1011 1892 1312 1949 humilitas.
1370 1892 1487 1947 Non
1509 1908 1778 1948 conemur
1806 1894 1944 1950 hanc
1965 1886 2176 1949 tertiam

620 1981 799 2035 verbis
827 1982 1068 2051 assequi,
1106 1982 1308 2036 frustra
1332 1984 1478 2038 enim
1502 1983 1898 2039 laborabimus:
1930 1984 2179 2040 secundae

622 2074 836 2144 signum
913 2085 996 2129 est
1071 2074 1306 2143 perlecta
1366 2076 1677 2145 ignominiaa
1734 2086 1789 2131 et
1836 2086 2177 2146 contemptus

623 2165 900 2232 patientia,
951 2165 1201 2233 quamvis
1247 2165 1408 2219 etiam
1438 2180 1544 2220 non
1579 2180 1704 2219 raro
1719 2165 1976 2236 lugentes
2002 2166 2177 2220 adhuc

622 2256 773 2324 prior
827 2256 1040 2310 vivendi
1086 2257 1420 2311 consuetudo
1464 2257 1704 2327 impellat
1729 2258 1781 2311 in
1809 2257 2024 2311 ruinam
2056 2260 2174 2326 (a).

622 2341 733 2397 Nec
793 2343 844 2397 id
902 2344 1278 2398 demirandum
1306 2361 1320 2409 ;
1354 2344 1494 2399 ratio
1520 2343 2067 2415 quippejudiciorum
2093 2345 2179 2399 dio

622 2434 872 2487 vinorum
904 2446 956 2488 et
991 2435 1241 2503 lapsuum
1266 2435 1319 2489 in
1351 2436 1702 2505 peccantibus
1727 2444 1811 2490 est
1831 2436 2177 2504 perobscura,

619 2531 676 2577 et
708 2539 829 2593 qua:
870 2524 938 2578 ab
960 2525 1103 2579 nulla
1142 2526 1321 2580 anima
1365 2527 1746 2596 comprehendi
1781 2537 1972 2597 potest.
2002 2525 2180 2583 Incer-

620 2626 735 2669 tum
778 2627 861 2670 est
892 2616 1037 2671 enim
1072 2631 1194 2686 qum
1231 2617 1360 2681 sint,
1397 2633 1516 2687 quae
1544 2632 1640 2688 per
1670 2617 2046 2688 negligentiam
2080 2632 2181 2672 no-

620 2717 788 2760 stram
824 2716 1040 2776 peccata
1069 2709 1504 2772 committuntur,
1539 2726 1659 2780 qua:
1692 2711 2055 2779 permissione
2095 2712 2178 2765 di-

618 2796 766 2859 vina,
789 2808 842 2850 et
866 2812 985 2867 qua:
1021 2814 1088 2853 ex
1116 2800 1399 2853 aversione
1425 2798 1519 2853 Dei
1548 2810 1946 2870 perpetrantur.
1984 2802 2172 2855 Enim-

620 2901 749 2940 vero
794 2887 909 2942 hrec
964 2903 1073 2942 non
1132 2902 1294 2942 nemo
1333 2887 1637 2954 afﬁrmavit,
1662 2906 1760 2946 eos
1790 2891 1883 2961 qui
1903 2907 1968 2947 ex
2000 2882 2179 2961 aliqua

627 2973 878 3030 Numinis
907 2977 1262 3045 permissione
1298 2971 1560 3048 peccant,
1592 2994 1699 3033 non
1732 2967 1822 3034 diu
1842 2970 1907 3035 in
1946 2983 2181 3049 peccatis

2277 610 2559 680 δαίμονες’
2598 610 2672 682 μὴ
2700 610 2886 664 πείθου
2910 610 2987 680 τῷ
3021 610 3230 680 λέγοντι
3261 612 3395 681 μετά
3421 612 3483 665 τὸ
3512 613 3717 683 πτῶμα
3738 614 3831 669 ἐπὶ

2278 703 2390 764 τοῖς
2431 704 2646 775 μικροῖς
2676 704 3073 774 ἐλαττώμασιν,
3124 703 3237 756 εἴθε
3266 703 3385 758 τόδε
3430 704 3504 775 μὴ
3534 707 3825 775 ἐποίησας·

2277 793 2437 847 τοῦτο
2463 794 2572 865 γάρ
2617 794 2765 848 οὐδέν
2810 796 2946 850 ἐστι.
2992 794 3255 857 Πολλάκις
3301 794 3409 866 γὰρ
3462 796 3635 867 μικρά
3681 796 3829 865 δῶρα

2278 885 2446 938 πολὺν
2495 884 2663 954 θυμὸν
2707 885 2894 958 κριτοῦ
2947 885 3316 939 κατέπαυσαν.
3381 885 3438 939 '0
3494 888 3552 939 ἐν
3599 886 3828 957 ἀληθείᾳ

2278 974 2504 1036 εὐθύνας
2538 974 2729 1040 διδοὺς,
2778 977 2956 1029 πᾶσαν
3000 976 3209 1047 ἡμέραν
3247 970 3379 1047 ἐνῇ
3412 975 3473 1027 οὐ
3517 976 3723 1041 πενθεῖ,
3753 977 3829 1039 ώς

2277 1068 2544 1130 ἀπολέσας
2568 1068 2770 1140 ταύτην
2812 1068 3101 1138 λογίζεται.
3147 1068 3265 1123 Κᾶν
3322 1070 3479 1121 όποῖα
3514 1068 3693 1137 ἀγαθά
3730 1086 3829 1121 πε-

2278 1156 2503 1226 ποίηκεν
2534 1159 2591 1209 ἐν
2619 1157 2753 1228 αὐτῇ
2773 1174 2787 1187 ·
2821 1158 3007 1228 μηδεὶς
3039 1158 3149 1211 τῶν
3196 1157 3534 1225 θρηνούντων
3576 1159 3634 1210 ἐν
3664 1157 3831 1226 ἐξόδῳ

2276 1248 2375 1316 τὴν
2409 1247 2776 1318 πληροφορίαν
2819 1246 3123 1318 ἐκδέξηται.
3156 1247 3229 1299 Τὸ
3272 1247 3381 1318 γάρ
3405 1247 3599 1319 ἀδηλον
3636 1249 3697 1301 οὺ
3736 1249 3829 1317 βέ-

2279 1338 2449 1392 ϐαιον.
2502 1340 2661 1402 "Ave;
2715 1358 2804 1410 μοι
2851 1339 2939 1393 διά
2993 1340 3386 1412 πληροφορίας,
3434 1342 3519 1394 ἵνα
3574 1341 3833 1412 ἀναψύξει)

2279 1430 2385 1498 πρὸ
2441 1429 2535 1482 τοῦ
2606 1447 2675 1499 με
2734 1431 2985 1485 ἀπελθεῖν
3048 1431 3295 1485 ἐντεῦθεν
3359 1432 3831 1505 άπληροφόρητον.

2280 1520 2451 1572 Ὅπου
2482 1519 2695 1591 πνεῦμα
2727 1522 2950 1591 Κυρίου,
2982 1522 3010 1575 6
3052 1521 3247 1592 δεσμὸς
3277 1521 3526 1575 λέλυται*
3552 1524 3686 1576 ὅπου
3719 1523 3835 1595 (26)

2276 1613 2602 1677 ταπείνωσις
2652 1615 2983 1681 ἀνείκαστος,
3034 1616 3063 1667 6
3098 1616 3293 1685 δεσμὸς
3335 1615 3566 1669 λέλυται.
3610 1616 3674 1668 Οί
3725 1616 3835 1684 γὰρ

2277 1703 2384 1756 τῶν
2409 1702 2501 1756 δύο
2524 1704 2725 1758 τούτων
2752 1708 2937 1776 χωρὶς,
2970 1706 3045 1777 μὴ
3074 1704 3408 1776 πλανηθῶσι,
3436 1705 3673 1759 δέδενται
3699 1706 3833 1776 γάρ.

2278 1799 2342 1850 Οἱ
2378 1799 2438 1849 ἐν
2471 1797 2660 1868 κόσμῳ
2685 1800 2778 1852 καὶ
2813 1800 2961 1869 μόνοι
2993 1800 3195 1852 τούτων
3224 1798 3528 1870 ὑπάρχουσι
3558 1798 3696 1864 ξένοι
3726 1800 3836 1853 τῶν

2279 1887 2681 1959 πληροφοριῶν,
2725 1891 2819 1944 καὶ
2849 1890 3083 1957 μάλιστα
3116 1891 3213 1960 τῆς
3260 1891 3548 1961 προτέρας,
3579 1891 3646 1944 δι’
3679 1890 3835 1962 ἐλεη-

2280 1981 2521 2049 μοσύνης
2566 1979 2623 2032 δέ
2668 1997 2810 2045 τινες
2857 1983 3135 2051 τρέχουσιν
3186 1983 3263 2041 ἐν,
3301 1982 3466 2053 ἐξόδῳ
3511 1983 3571 2035 τ’)
3623 1983 3836 2035 ἑαυτῶν

2277 2072 2470 2143 κέρδος
2505 2073 2876 2144 γνωρίζοντες.
2918 2075 2992 2127 Οὐ
3032 2073 3296 2143 ⁸βιώσεται
3324 2076 3351 2128 6
3380 2074 3565 2129 ἑαυτὸν
3596 2075 3832 2146 θρηνῶν,

2279 2161 2496 2231 θρῆνον,
2546 2162 2579 2232 ἢ
2635 2163 2834 2233 πτῶμα
2886 2163 3132 2234 ἄλλου,ἢ
3192 2164 3417 2235 μέμψιν.
3475 2165 3612 2217 Ὑπὸ
3666 2164 3835 2237 θηρὸς

2279 2251 2498 2323 δηχθεὶς
2539 2253 2706 2317 κύων,
2741 2255 2833 2307 ἐπὶ
2876 2254 3034 2313 πλέον
3070 2254 3323 2325 ἐθυμώθη
3374 2256 3493 2308 κατ’
3542 2255 3727 2319 αὑτοῦ,
3757 2253 3837 2323 τῷ

2280 2343 2424 2413 πόνῳ
2455 2344 2551 2413 τῆς
2595 2343 2809 2417 πληγῆς
2855 2346 2990 2416 πρὸς
3022 2345 3182 2399 αὐτὸν
3216 2345 3616 2416 ἀσυγχωρήτως
3649 2345 3837 2415 μαινό-

2282 2451 2441 2505 μενος
2471 2436 2580 2504 (‘27)
2604 2451 2618 2464 ·
2656 2436 3003 2508 πρόσχωμεν,
3050 2438 3242 2508 μήπως
3281 2437 3380 2489 οὐκ
3412 2438 3476 2489 ὲκ
3517 2437 3629 2505 (28)
3663 2436 3836 2490 καθα-

2283 2527 2525 2596 ρότητος,
2557 2528 2691 2580 ἀλλά
2730 2527 3105 2599 πρικακῆσαν
3133 2526 3340 2597 ὥσπερ,
3386 2525 3478 2579 τοῦ
3506 2527 3752 2595 ἐλέγχειν
3776 2526 3839 2578 τὸ

2280 2615 2515 2677 συνειδὸς
2538 2615 2831 2685 ἐπαύσατο.
2866 2618 3092 2686 Σημεῖον
3118 2617 3218 2686 τῆς
3246 2619 3305 2671 έν
3329 2606 3582 2685 πτώματι
3607 2616 3838 2679 λύσεως,

2277 2706 2341 2759 τὸ
2370 2706 2458 2759 διά
2490 2707 2687 2769 παντὸς
2727 2707 3004 2778 χρεώστην
3032 2707 3358 2776 λογίζεσθαι.
3407 2707 3572 2761 Οὐδὲν
3603 2706 3712 2760 τῶν
3743 2707 3837 2761 τοῦ

2279 2800 2414 2853 Θεοῦ
2469 2798 2768 2870 οἰκτιρμῶν
2818 2799 2965 2861 ἴσον,
3026 2798 3058 2869 ἢ
3127 2798 3310 2869 μεῖζον
3358 2799 3625 2869 ὑπάρχει·
3680 2797 3765 2853 διὸ
3808 2800 3839 2851 6

2280 2886 2688 2957 ἀπογινώσκων,
2724 2889 2914 2941 ἑαυτὸν
2951 2887 3146 2958 ἔσφαξε
3178 2889 3310 2959 (29).
3346 2889 3573 2959 Σημεῖον
3607 2905 3840 2961 μεμερι-

2287 2980 2563 3051 μνημένης
2598 2980 2884 3049 μετανοίας
2921 2978 3110 3033 πασῶν
3132 2979 3241 3033 τῶν
3271 2980 3684 3051 συμϐαινουσῶν
3708 2980 3839 3050 δρα-

624 3066 851 3129 Ιιαξτετθ.
883 3068 1027 3137 quod
1057 3068 1102 3121 is
1134 3068 1289 3139 13o
1320 3071 1411 3134 qui
1438 3086 1537 3125 nos
1564 3070 1808 3140 permisit
1828 3072 2040 3135 cadere,
2072 3089 2178 3127 non

2280 3073 2388 3125 τῶν
2406 3071 2498 3124 καὶ
2527 3072 2770 3141 ἀοράτων
2794 3068 3023 3141 θλίψεων
3044 3069 3223 3135 ἀξίους
3244 3072 3466 3149 ἑαυτοὺς
3490 3070 3801 3139 λογίζεσθαι
3817 3084 3835 3101 ⁸

619 3160 856 3228 patiatur
902 3174 1004 3214 nos
1069 3161 1163 3215 diu
1219 3176 1249 3215 a
1289 3162 1481 3231 spiritu
1518 3163 1753 3219 tristitiae
1781 3166 2042 3234 torqueri.
2067 3164 2173 3220 Nos

2284 3160 2597 3216 καὶτούτων
2620 3160 2788 3213 πλείω
2811 3158 3138 3231 [πλειόνων].
3168 3160 3406 3229 Μωῦσῆς
3433 3160 3567 3230 μετά
3592 3161 3686 3213 τὸν
3705 3158 3839 3213 Θεὸν

618 3253 712 3319 qui
769 3252 1082 3318 cecidimus,
1153 3262 1278 3309 ante
1328 3256 1507 3310 omnia
1544 3273 1869 3331 .pugnemus
1922 3260 2178 3317 adversus

2280 3254 2339 3308 ἐν
2383 3253 2461 3325 τῷ
2510 3253 2656 3323 βάτῳ
2712 3253 2932 3317 ίδέσθαι,
2993 3253 3111 3307 πάλ.
3207 3254 3280 3318 εἷς
3328 3254 3618 3323 Αἴγυπτον,
3668 3254 3837 3324 ἦγουν

620 3345 769 3399 hunc
836 3344 1069 3399 tristitia:
1119 3343 1420 3399 daemonem
1469 3348 1564 3416 qui
1627 3358 1889 3418 tempore,
1919 3365 2028 3419 quo
2058 3365 2179 3418 pre-

2280 3347 2585 3419 σκοτασμδν
2632 3345 2769 3417 πρὸς
2800 3346 2898 3417 τὴν
2941 3345 3325 3416 πλινθουργίαν
3354 3347 3447 3400 τοῦ
3477 3345 3667 3428 νοητοῦ
3708 3348 3839 3409 ῐσως

621 3433 852 3487 candum
907 3445 1008 3502 est,
1067 3444 1209 3490 astat
1236 3437 1414 3501 nobis,
1445 3449 1498 3492 et
1525 3448 1778 3493 revocato
1809 3441 1969 3495 nobis
1997 3441 2179 3511 priore

2280 3436 2477 3508 Φαραὼ
2524 3436 2896 3511 ὑπέστρεψεν·
2946 3436 3083 3489 ἀλλά
3128 3436 3290 3489 πάλιν
3336 3437 3620 3510 ἀνέρχεται
3670 3440 3731 3493 ἐν
3770 3440 3837 3507 τῇ

622 3523 945 3577 innocentia:
998 3532 1161 3587 statu,
1219 3529 1336 3581 vult
1383 3536 1442 3581 ut
1499 3529 1569 3583 ab
1600 3531 1850 3584 oratione
1892 3508 2179 3601 (tanquam

2283 3528 2429 3598 βάτῳ
2448 3545 2462 3558 ·
2496 3528 2590 3580 καὶ
2616 3528 2678 3579 οὐ
2715 3508 2893 3596 μόνον,
2933 3525 3071 3579 ἀλλά
3097 3527 3191 3579 καὶ
3219 3529 3277 3580 ἐν
3304 3526 3383 3597 τῷ
3426 3508 3559 3597 όρει.
3591 3527 3650 3581 '0
3678 3528 3839 3592 γνοὺς

618 3614 1278 3681 desperati)desistamus.
1308 3618 1417 3671 Nec
1445 3620 1778 3686 percellaris.
1808 3621 2021 3676 etiamsi
2048 3638 2184 3692 quo-

622 3699 754 3761 tidie
817 3700 1050 3767 labaris;
1097 3716 1195 3755 nec
1238 3702 1468 3758 Jresilia's
1532 3719 1563 3757 a
1609 3707 1790 3761 studio
1852 3707 1953 3775 pia:
1981 3711 2186 3765 exerci-

623 3791 866 3855 tationis,
918 3792 1015 3847 sed
1067 3806 1329 3858 generose
1373 3804 1427 3848 et
1459 3793 1673 3851 fortiter
1701 3808 1905 3868 persta,
1943 3810 1996 3854 et
2023 3816 2185 3871 ange-

622 3883 707 3939 lus
745 3891 871 3939 tuus
915 3884 1161 3939 tutelaris
1212 3886 1545 3941 reverebitur
1583 3897 1739 3944 tuam
1769 3892 2081 3959 patientiam
2132 3904 2184 3949 et

624 3975 1002 4032 constantiam.
1052 3974 1191 4031 Dum
1243 3977 1439 4033 vulnus
1478 3994 1668 4034 recens
1697 3991 1859 4036 estet
1895 3984 2072 4039 adhuc
2094 4000 2199 4039 ca-o

623 4065 715 4127 let,
748 4064 957 4121 facilem
1000 4067 1161 4122 habet
1205 4070 1578 4125 curationem:
1622 4071 1714 4126 ubi
1748 4082 1989 4143 tempore
2032 4076 2183 4131 inve-

624 4157 834 4219 teravit,
857 4167 912 4212 et
946 4158 1252 4226 neglectum
1299 4173 1726 4232 corruptumque
1765 4173 1870 4229 est,
1903 4168 2182 4235 aegerrime

625 4255 863 4310 curatur,
910 4249 1189 4318 multoque
1242 4248 1449 4312 labore.
1496 4250 2031 4335 ferro,‘pharmaco,
2058 4256 2181 4326 igne

627 4348 681 4386 et
703 4335 942 4389 cauterio
965 4337 1187 4407 indiget.
1218 4336 1512 4391 Enimvero
1544 4339 1709 4393 etiam
1736 4340 1895 4410 longo
1937 4352 2180 4412 tempore

629 4425 683 4478 in
714 4439 870 4478 usum
893 4426 1117 4481 deducta
1136 4428 1298 4497 mala,
1328 4438 1383 4482 et
1408 4430 1827 4485 immedicabilia
1850 4471 1866 4497 ,
1896 4448 1927 4487 a
1958 4433 2068 4488 Deo
2102 4445 2182 4490 ta—

2279 3619 2340 3670 τὸ
2370 3617 2648 3689 θεώρημα,
2687 3617 2807 3672 οὐδέ
2851 3633 2981 3671 ποτε
3030 3616 3222 3671 ἑαυτοῦ
3260 3617 3641 3685 ἀπογινώσκει.
3687 3619 3839 3672 Πτω-

2282 3708 2432 3778 χεύει
2460 3710 2488 3761 6
2518 3709 2689 3778 μέγας
2730 3708 2869 3773 Ἰὼϐ,
2900 3707 3037 3762 ἀλλά
3065 3708 3227 3762 πάλιν
3253 3708 3453 3771 διπλῶς
3486 3708 3835 3779 ἐπλούτησεν.

2294 3798 2384 3853 Ἐν
2412 3803 2521 3863 τοῖς
2552 3802 2662 3872 (50)
2694 3799 2975 3872 ῥᾳθύμοις,
3008 3798 3217 3872 χαλεπά
3240 3800 3309 3853 τά
3334 3800 3471 3870 μετά
3513 3799 3612 3872 τὴν
3637 3800 3831 3870 κλῆσιν

2282 3890 2569 3961 πτώματα,
2601 3892 2701 3963 τὴν
2727 3891 2918 3947 ἐλπίδα
2944 3892 3041 3963 τῆς
3084 3891 3349 3955 ἀπαθείας
3375 3892 3679 3963 ῥαπίσαντα
3710 3890 3839 3964 [πα-

2281 3982 2534 4048 τάξαντα.
2566 3983 2650 4037 Αί.
2700 3983 2984 4056 ραπίσασι]
3027 3985 3121 4038 καὶ
3165 3986 3245 4047 είς
3278 3984 3545 4055 μακάριον
3588 3982 3838 4053 ἡγεῖσθαι

2281 4073 2533 4128 πείθοντα
2572 4073 2946 4146 λογιζομένους
2998 4072 3429 4147 [λογιζομένοις],
3476 4075 3577 4128 κάν
3618 4074 3719 4145 τὴν
3745 4071 3837 4127 τοῦ

2280 4165 2472 4236 βόθρου
2501 4166 2812 4220 ἀνάστασιν.
2845 4166 3004 4236 Ὅρα,
3035 4167 3095 4220 οὐ
3128 4167 3235 4238 γάρ
3274 4167 3489 4233 πάντως
3515 4167 3581 4221 δι’
3619 4162 3692 4240 ἧς
3717 4165 3838 4220 ὀδοῦ

2280 4252 2681 4323 ἐπλανήθημεν,
2729 4255 3155 4325 έπιστρέφομεν·
3203 4256 3338 4314 ἀλλά
3386 4256 3452 4310 δι’
3489 4257 3682 4326 ἐτέρας
3712 4273 3839 4310 συν·

2280 4343 2468 4412 τόμου.
2520 4340 2671 4397 Εἶδον
2712 4344 2805 4397 δύο
2852 4347 3171 4417 ὁμοτρόπως
3218 4349 3313 4402 καὶ
3357 4348 3664 4418 όμοχρόνως
3702 4348 3838 4419 πρὸς

2284 4432 2487 4505 Κύριον
2533 4423 2878 4503 βαδίζονταςο
2932 4438 3027 4491 καί⁵
3072 4439 3100 4491 6
3130 4439 3226 4509 μὲν
3255 4437 3456 4493 τούτων
3494 4437 3720 4508 γηραιὸς
3746 4434 3837 4509 ἦν,

628 4530 751 4569 men
792 4516 879 4569 cui
930 4516 1065 4570 nihil
1114 4519 1469 4589 impossibile,
1510 4517 1713 4576 curari
1742 4533 1990 4591 possunt.
2042 4526 2179 4583 Ante

2288 4524 2381 4576 atat
2423 4524 2675 4595 προύχων
2721 4527 2778 4578 ἐν
2826 4527 3040 4591 πόνοις’
3083 4530 3112 4582 6
3158 4529 3213 4582 δέ
3241 4528 3397 4592 ἄλλος
3446 4528 3715 4598 μαθητὴς,
3745 4528 3839 4582 καὶ

626 4596 830 4676 peccati
869 4604 1077 4674 lapsum
1124 4608 1364 4677 improbi
1395 4611 1674 4667 damones
1708 4609 1874 4667 Deum
1898 4615 2057 4671 nobis
2082 4617 2179 4672 be-

624 4696 847 4766 nignum
874 4694 1257 4750 etclemenlem
1280 4738 1297 4763 ,
1329 4708 1450 4768 post
1474 4710 1842 4771 perpetratum
1877 4715 2178 4773 peccatum,

624 4786 820 4841 durum
846 4794 900 4839 et
922 4785 1307 4847 inexorabilem
1342 4789 1550 4845 dicunt.
1577 4790 1657 4846 Ne
1691 4802 1748 4849 tu
1790 4796 2083 4853 credideris
2107 4798 2177 4862 ei,

628 4879 720 4946 qui
752 4879 848 4933 tibi
885 4885 1006 4947 post
1033 4876 1253 4945 gravius
1288 4890 1566 4947 peccatum
1592 4888 1945 4943 commissum
1976 4890 2043 4945 de
2074 4892 2181 4945 mi-

627 4968 773 5021 nutis
818 4977 872 5021 et
908 4963 1241 5035 quotidiani:
1288 4969 1565 5037 suggerit:
1592 4971 1807 5029 Utinam
1839 4978 1943 5033 hoc
1967 4994 2075 5034 non
2105 4978 2183 5034 fe-

630 5058 831 5125 cisses;
884 5074 1010 5113 nam
1062 5057 1165 5111 hoc
1201 5058 1293 5112 vel‘
1330 5058 1460 5114 illud
1502 5078 1724 5131 parvum
1754 5070 1883 5123 nihil
1911 5082 2026 5127 est;
2057 5088 2180 5128 nam

630 5163 996 5216 saepenumero
1028 5150 1219 5219 exigua
1250 5151 1679 5221 donaiugentem
1706 5158 1903 5227 iudicis
1933 5164 2069 5218 iram
2096 5181 2181 5219 se-

626 5238 906 5292 daverunt.
968 5237 1068 5303 Qui
1129 5254 1191 5293 ex
1269 5238 1453 5293 animo
1521 5242 1668 5309 cupit
1730 5247 2039 5304 satisfacere
2080 5266 2179 5319 pro

626 5328 879 5384 admissis
936 5330 1112 5385 noxis.
1162 5330 1209 5386 is
1255 5342 1492 5385 omnem
1516 5332 1659 5387 diem
1691 5350 1851 5404 quem
1880 5341 1999 5396 sine
2029 5344 2178 5399 luctu

624 5418 907 5487 transegit,
952 5417 1213 5486 perditam
1247 5423 1563 5491 arbitratur,
1616 5428 1861 5493 quamvis
1897 5433 2001 5487 alia
2031 5449 2179 5505 quaa-

625 5523 841 5580 cunque
892 5506 1033 5561 bona
1072 5507 1129 5561 in
1172 5510 1259 5565 illa
1300 5512 1448 5568 fecit.
1500 5512 1669 5570 Nemo
1694 5530 1879 5576 eorum
1909 5526 2001 5593 qui
2036 5541 2161 5596 pec-

695 5676 738 5713 '3
768 5674 957 5730 Matth.
976 5687 1103 5739 xxv,
1129 5672 1218 5731 29.

2286 4614 2593 4687 προέδραμε
2642 4617 2825 4687 τάχιον
2872 4618 2966 4672 τοῦ
3012 4618 3292 4690 γέροντος·
3318 4618 3410 4675 καὶ
3440 4613 3568 4689 ἦλθε
3621 4618 3838 4690 πρῶτος

2284 4709 2363 4774 είς
2390 4708 2451 4761 τὸ
2474 4712 2735 4780 μνημεῖον
2761 4710 2860 4780 τῆς
2891 4710 3290 4773 ταπεινώσεως.
3340 4711 3673 4782 Πρόσχωμεν
3700 4712 3837 4767 πάν-

2284 4818 2394 4865 τες,
2444 4802 2535 4855 ἐπὶ
2588 4802 2757 4857 πλείω
2804 4803 2861 4857 δὲ
2906 4805 2955 4856 οί
3004 4802 3368 4867 πεπτωκότες,
3422 4802 3498 4872 μὴ
3546 4802 3739 4872 νοῆσαι
3779 4805 3838 4857 ἐν

2287 4892 2481 4963 καρδίᾳ
2533 4894 2629 4964 τὴν
2677 4894 2773 4948 τοῦ
2805 4893 2917 4963 (51)
2943 4892 3262 4962 ,Ὠριγένους
3296 4892 3390 4946 τοῦ
3436 4894 3593 4977 ἀρέου
3648 4895 3833 4948 νόσον·

2284 4983 2383 5055 τὴν
2403 4984 2509 5054 γάρ
2536 4985 2671 5039 Θεοῦ
2689 4986 3114 5056 φιλανθρωπίαν,
3144 4987 3177 5054 ἡ
3210 4984 3382 5055 μιαρά
3407 4984 3833 5057 προϐαλλομένη,

2286 5075 2682 5147 εὐπαράδεκτος
2734 5078 2792 5129 ἐν
2844 5079 2955 5139 τοῖς
3007 5075 3305 5145 φιληδόνοις
3351 5075 3576 5143 γίνεται.
3636 5077 3727 5131 Ἐν
3768 5081 3832 5149 τῇ

2288 5166 2485 5238 μελέτῃ
2537 5184 2659 5237 μου,
2712 5166 2909 5237 μᾶλλον
2941 5166 2998 5219 δὲ
3030 5167 3089 5220 ἐν
3119 5170 3182 5237 τῇ
3225 5167 3480 5237 μετανοίᾳ
3509 5184 3609 5237 μου
3638 5171 3832 5223 ἐκκαυ-

2282 5253 2500 5323 θήσεται
2546 5256 2658 5327 πῦρ
2705 5256 3009 5326 προσευχῆς
3044 5256 3304 5327 καιούσης
3338 5256 3486 5327 ὓλην.
3522 5258 3688 5329 Ὅρος
3730 5276 3830 5325 σοι,

2281 5347 2373 5398 καὶ
2405 5346 2594 5411 τύπος,
2639 5348 2731 5402 καὶ
2773 5346 3155 5418 ὑπογραμμδς,
3210 5349 3303 5400 καὶ
3350 5348 3513 5403 είκὼν
3553 5352 3692 5422 πρὸς
3738 5370 3830 5423 με·

2278 5436 2494 5493 τάνοιαν
2536 5439 2777 5493 ἔστωσαν
2804 5440 2853 5491 οί
2890 5438 3453 5508 προμνημονευθέντες
3486 5441 3629 5512 ἀγιοι
3668 5446 3833 5498 κατά-

2280 5526 2440 5597 δικοι,
2486 5531 2581 5583 καὶ
2608 5529 2671 5583 οὐ
2710 5528 2786 5600 μὴ
2812 5526 3057 5600 μδεηθήσῃ
3108 5528 3316 5600 βιϐλίου
3346 5531 3480 5599 ὅλως
3510 5535 3569 5589 ὲν
3600 5539 3669 5608 τῇ
3722 5536 3830 5605 ζωῇ

698 5790 776 5861 (ιι)
800 5790 994 5847 Tertiae
1025 5791 1499 5897 ιεοοιυτιεῑκηυω,
1530 5796 1672 5866 quod
1704 5797 1815 5869 jam
1845 5814 2186 5875 expresserat
2228 5824 2325 5881 per
2354 5809 2756 5869 damnationem
2779 5807 3141 5868 conscientiae.
