  <div class='ocr_page' id='page_1' title='image "/cluster/home/n/w/nwhite01/storage/ocr_20150623/88/pst.000005712946/412.png"; bbox 0 0 4050 6338; ppageno 0'>
   <div class='ocr_carea' id='block_1_1' title="bbox 260 481 3472 565">
    <p class='ocr_par' dir='ltr' id='par_1_1' title="bbox 260 481 3472 565">
     <span class='ocr_line' id='line_1_1' title="bbox 260 481 3472 565; baseline -0.003 -13"><span class='ocrx_word' id='word_1_1' title='bbox 260 498 361 565; x_wconf 66' lang='lat'><strong>781</strong></span> <span class='ocrx_word' id='word_1_2' title='bbox 1232 496 1242 507; x_wconf 92' lang='lat'>&#39;</span> <span class='ocrx_word' id='word_1_3' title='bbox 1300 491 1523 549; x_wconf 72' lang='lat' dir='ltr'><strong>SCALA</strong></span> <span class='ocrx_word' id='word_1_4' title='bbox 1554 485 1926 547; x_wconf 70' lang='lat' dir='ltr'><strong>PARADISI.</strong></span> <span class='ocrx_word' id='word_1_5' title='bbox 1959 507 2025 518; x_wconf 82' lang='lat'><strong><em>—</em></strong></span> <span class='ocrx_word' id='word_1_6' title='bbox 2055 484 2361 546; x_wconf 80' lang='lat' dir='ltr'><strong>GRADUS</strong></span> <span class='ocrx_word' id='word_1_7' title='bbox 2388 486 2455 546; x_wconf 73' lang='grc' dir='ltr'>ν.</span> <span class='ocrx_word' id='word_1_8' title='bbox 3289 481 3301 493; x_wconf 86' lang='grc'><em>’</em></span> <span class='ocrx_word' id='word_1_9' title='bbox 3367 493 3472 554; x_wconf 73' lang='lat'><strong>782</strong></span> 
     </span>
    </p>
   </div>
   <div class='ocr_carea' id='block_1_2' title="bbox 258 595 1857 677">
    <p class='ocr_par' dir='ltr' id='par_1_2' title="bbox 258 595 1857 677">
     <span class='ocr_line' id='line_1_2' title="bbox 258 595 1857 677; baseline -0.01 -15"><span class='ocrx_word' id='word_1_10' title='bbox 258 626 361 662; x_wconf 76' lang='lat' dir='ltr'><strong>aeu</strong></span> <span class='ocrx_word' id='word_1_11' title='bbox 407 606 577 677; x_wconf 79' lang='grc' dir='ltr'>πάσῃ,</span> <span class='ocrx_word' id='word_1_12' title='bbox 626 604 733 663; x_wconf 76' lang='grc' dir='ltr'><strong>ἕως</strong></span> <span class='ocrx_word' id='word_1_13' title='bbox 775 595 837 655; x_wconf 71' lang='grc' dir='ltr'><strong>οὗ</strong></span> <span class='ocrx_word' id='word_1_14' title='bbox 879 598 1154 672; x_wconf 80' lang='grc' dir='ltr'>ὲπιφαύσῃ</span> <span class='ocrx_word' id='word_1_15' title='bbox 1199 615 1279 652; x_wconf 89' lang='grc' dir='ltr'><strong>σοι</strong></span> <span class='ocrx_word' id='word_1_16' title='bbox 1319 602 1349 651; x_wconf 85' lang='grc' dir='ltr'>ὁ</span> <span class='ocrx_word' id='word_1_17' title='bbox 1391 598 1618 668; x_wconf 74' lang='grc' dir='ltr'>Χριστὸς</span> <span class='ocrx_word' id='word_1_18' title='bbox 1645 599 1672 649; x_wconf 84' lang='grc' dir='ltr'>ὁ</span> <span class='ocrx_word' id='word_1_19' title='bbox 1702 595 1857 658; x_wconf 79' lang='grc' dir='ltr'>Υἱὸς,</span> 
     </span>
    </p>
   </div>
   <div class='ocr_carea' id='block_1_3' title="bbox 1872 595 3471 677">
    <p class='ocr_par' dir='ltr' id='par_1_3' title="bbox 1872 595 3471 666">
     <span class='ocr_line' id='line_1_3' title="bbox 1872 595 3471 666; baseline 0.006 -18"><span class='ocrx_word' id='word_1_20' title='bbox 1872 600 2041 655; x_wconf 70' lang='lat' dir='ltr'><strong>Lcata</strong></span> <span class='ocrx_word' id='word_1_21' title='bbox 2108 609 2206 648; x_wconf 89' lang='lat' dir='ltr'><strong>sua</strong></span> <span class='ocrx_word' id='word_1_22' title='bbox 2259 595 2463 666; x_wconf 79' lang='lat' dir='ltr'><strong>lugent.</strong></span> <span class='ocrx_word' id='word_1_23' title='bbox 2517 595 2571 648; x_wconf 91' lang='lat' dir='ltr'><strong>in</strong></span> <span class='ocrx_word' id='word_1_24' title='bbox 2632 605 2805 652; x_wconf 90' lang='lat' dir='ltr'><strong>morte</strong></span> <span class='ocrx_word' id='word_1_25' title='bbox 2848 597 3079 666; x_wconf 92' lang='lat' dir='ltr'><strong>primum</strong></span> <span class='ocrx_word' id='word_1_26' title='bbox 3129 601 3471 658; x_wconf 72' lang='lat' dir='ltr'><strong>securitatem</strong></span> 
     </span>
    </p>
   </div>
   <div class='ocr_carea' id='block_1_4' title="bbox 253 686 1852 765">
    <p class='ocr_par' dir='ltr' id='par_1_4' title="bbox 253 688 1823 761">
     <span class='ocr_line' id='line_1_4' title="bbox 253 688 1823 761; baseline -0.008 -13"><span class='ocrx_word' id='word_1_27' title='bbox 253 696 357 750; x_wconf 77' lang='grc' dir='ltr'><strong>τοῦ</strong></span> <span class='ocrx_word' id='word_1_28' title='bbox 390 695 547 759; x_wconf 79' lang='grc' dir='ltr'>Θεοῦ,</span> <span class='ocrx_word' id='word_1_29' title='bbox 581 694 677 746; x_wconf 72' lang='grc' dir='ltr'><strong>καὶ</strong></span> <span class='ocrx_word' id='word_1_30' title='bbox 698 692 828 754; x_wconf 77' lang='grc' dir='ltr'>Θεὸς</span> <span class='ocrx_word' id='word_1_31' title='bbox 857 692 913 743; x_wconf 82' lang='grc' dir='ltr'>ὲν</span> <span class='ocrx_word' id='word_1_32' title='bbox 938 693 1003 761; x_wconf 83' lang='grc' dir='ltr'>τῇ</span> <span class='ocrx_word' id='word_1_33' title='bbox 1033 689 1323 742; x_wconf 78' lang='grc' dir='ltr'><strong>ἀναστάσει</strong></span> <span class='ocrx_word' id='word_1_34' title='bbox 1355 688 1454 757; x_wconf 86' lang='grc' dir='ltr'>τῆς</span> <span class='ocrx_word' id='word_1_35' title='bbox 1487 702 1823 757; x_wconf 85' lang='grc' dir='ltr'>μεμεριμνη-</span> 
     </span>
    </p>
   </div>
   <div class='ocr_carea' id='block_1_5' title="bbox 1873 686 3472 765">
    <p class='ocr_par' dir='ltr' id='par_1_5' title="bbox 1922 686 3472 765">
     <span class='ocr_line' id='line_1_5' title="bbox 1922 686 3472 765; baseline 0.006 -28"><span class='ocrx_word' id='word_1_36' title='bbox 1922 695 2235 753; x_wconf 78' lang='lat' dir='ltr'><strong>exspectet;</strong></span> <span class='ocrx_word' id='word_1_37' title='bbox 2293 692 2377 739; x_wconf 89' lang='lat' dir='ltr'><strong>est</strong></span> <span class='ocrx_word' id='word_1_38' title='bbox 2423 686 2568 739; x_wconf 91' lang='lat' dir='ltr'><strong>enim</strong></span> <span class='ocrx_word' id='word_1_39' title='bbox 2597 686 2650 741; x_wconf 88' lang='lat' dir='ltr'><strong>id</strong></span> <span class='ocrx_word' id='word_1_40' title='bbox 2694 703 2890 758; x_wconf 86' lang='lat' dir='ltr'><strong>anceps</strong></span> <span class='ocrx_word' id='word_1_41' title='bbox 2922 698 2978 744; x_wconf 85' lang='lat' dir='ltr'><strong>et</strong></span> <span class='ocrx_word' id='word_1_42' title='bbox 3012 690 3275 746; x_wconf 84' lang='lat' dir='ltr'><strong>incertum</strong></span> <span class='ocrx_word' id='word_1_43' title='bbox 3305 692 3472 765; x_wconf 87' lang='lat' dir='ltr'><strong>[quod</strong></span> 
     </span>
    </p>
   </div>
   <div class='ocr_carea' id='block_1_6' title="bbox 258 775 1857 858">
    <p class='ocr_par' dir='ltr' id='par_1_6' title="bbox 258 781 1521 858">
     <span class='ocr_line' id='line_1_6' title="bbox 258 781 1521 858; baseline -0.01 -17"><span class='ocrx_word' id='word_1_44' title='bbox 258 788 439 858; x_wconf 79' lang='grc' dir='ltr'>μένης</span> <span class='ocrx_word' id='word_1_45' title='bbox 469 783 776 855; x_wconf 77' lang='grc' dir='ltr'><strong>μετανοίας.</strong></span> <span class='ocrx_word' id='word_1_46' title='bbox 821 781 1008 851; x_wconf 84' lang='grc' dir='ltr'>Ἀμήν.</span> <span class='ocrx_word' id='word_1_47' title='bbox 1520 826 1521 829; x_wconf 45' lang='grc' dir='ltr'><strong>η</strong></span> 
     </span>
    </p>
   </div>
   <div class='ocr_carea' id='block_1_7' title="bbox 1870 775 3469 858">
    <p class='ocr_par' dir='ltr' id='par_1_7' title="bbox 1923 775 3469 853">
     <span class='ocr_line' id='line_1_7' title="bbox 1923 775 3469 853; baseline 0.006 -24"><span class='ocrx_word' id='word_1_48' title='bbox 1923 775 2069 829; x_wconf 89' lang='lat' dir='ltr'><strong>enim</strong></span> <span class='ocrx_word' id='word_1_49' title='bbox 2098 776 2409 831; x_wconf 89' lang='lat' dir='ltr'><strong>obscurum.</strong></span> <span class='ocrx_word' id='word_1_50' title='bbox 2439 786 2520 831; x_wconf 87' lang='lat' dir='ltr'><strong>est</strong></span> <span class='ocrx_word' id='word_1_51' title='bbox 2548 778 2858 852; x_wconf 88' lang='lat' dir='ltr'><strong>incertum].</strong></span> <span class='ocrx_word' id='word_1_52' title='bbox 2880 780 3095 837; x_wconf 90' lang='lat' dir='ltr'><strong>Dimitte</strong></span> <span class='ocrx_word' id='word_1_53' title='bbox 3139 798 3224 838; x_wconf 91' lang='lat' dir='ltr'><strong>me</strong></span> <span class='ocrx_word' id='word_1_54' title='bbox 3244 798 3336 853; x_wconf 88' lang='lat' dir='ltr'><strong>per</strong></span> <span class='ocrx_word' id='word_1_55' title='bbox 3357 799 3469 839; x_wconf 90' lang='lat' dir='ltr'><strong>cer-</strong></span> 
     </span>
    </p>
   </div>
   <div class='ocr_carea' id='block_1_8' title="bbox 255 869 3475 948">
    <p class='ocr_par' dir='ltr' id='par_1_8' title="bbox 255 869 3475 948">
     <span class='ocr_line' id='line_1_8' title="bbox 255 869 3475 948; baseline 0 -14"><span class='ocrx_word' id='word_1_56' title='bbox 255 890 380 934; x_wconf 81' lang='lat' dir='ltr'><strong>tam</strong></span> <span class='ocrx_word' id='word_1_57' title='bbox 426 894 598 948; x_wconf 80' lang='lat' dir='ltr'><strong>spem,</strong></span> <span class='ocrx_word' id='word_1_58' title='bbox 661 886 720 931; x_wconf 90' lang='lat' dir='ltr'><strong>ut</strong></span> <span class='ocrx_word' id='word_1_59' title='bbox 743 875 1042 945; x_wconf 85' lang='lat' dir='ltr'><strong>rel&#39;rigerer,</strong></span> <span class='ocrx_word' id='word_1_60' title='bbox 1073 873 1386 942; x_wconf 83' lang='lat' dir='ltr'><strong>priusquam</strong></span> <span class='ocrx_word' id='word_1_61' title='bbox 1422 872 1547 925; x_wconf 90' lang='lat' dir='ltr'><strong>hinc</strong></span> <span class='ocrx_word' id='word_1_62' title='bbox 1585 870 1777 926; x_wconf 87' lang='lat' dir='ltr'><strong>salutis</strong></span> <span class='ocrx_word' id='word_1_63' title='bbox 1815 869 2052 926; x_wconf 87' lang='lat' dir='ltr'><strong>incertus</strong></span> <span class='ocrx_word' id='word_1_64' title='bbox 2076 872 2286 926; x_wconf 86' lang='lat' dir='ltr'><strong>abeam.</strong></span> <span class='ocrx_word' id='word_1_65' title='bbox 2316 872 2466 943; x_wconf 77' lang='lat'><strong>131</strong></span> <span class='ocrx_word' id='word_1_66' title='bbox 2504 872 2611 929; x_wconf 81' lang='lat' dir='ltr'><strong>L‘bi</strong></span> <span class='ocrx_word' id='word_1_67' title='bbox 2642 873 2872 943; x_wconf 79' lang='lat' dir='ltr'><strong>Spiritus</strong></span> <span class='ocrx_word' id='word_1_68' title='bbox 2903 874 3134 943; x_wconf 88' lang='lat' dir='ltr'><strong>Domini,</strong></span> <span class='ocrx_word' id='word_1_69' title='bbox 3176 879 3247 935; x_wconf 89' lang='lat' dir='ltr'><strong>ibi</strong></span> <span class='ocrx_word' id='word_1_70' title='bbox 3285 879 3475 935; x_wconf 86' lang='lat' dir='ltr'><strong>vincu-</strong></span> 
     </span>
    </p>
   </div>
   <div class='ocr_carea' id='block_1_9' title="bbox 255 962 3480 1039">
    <p class='ocr_par' dir='ltr' id='par_1_9' title="bbox 255 962 3480 1039">
     <span class='ocr_line' id='line_1_9' title="bbox 255 962 3480 1039; baseline 0.002 -14"><span class='ocrx_word' id='word_1_71' title='bbox 255 972 384 1025; x_wconf 91' lang='lat' dir='ltr'><strong>lum</strong></span> <span class='ocrx_word' id='word_1_72' title='bbox 427 978 769 1039; x_wconf 79' lang='lat' dir='ltr'><strong>peccatorum</strong></span> <span class='ocrx_word' id='word_1_73' title='bbox 819 966 1092 1035; x_wconf 90' lang='lat' dir='ltr'><strong>diruptum</strong></span> <span class='ocrx_word' id='word_1_74' title='bbox 1145 973 1255 1019; x_wconf 87' lang='lat' dir='ltr'><strong>est:</strong></span> <span class='ocrx_word' id='word_1_75' title='bbox 1288 963 1379 1019; x_wconf 91' lang='lat' dir='ltr'><strong>ubi</strong></span> <span class='ocrx_word' id='word_1_76' title='bbox 1407 965 1616 1019; x_wconf 84' lang='lat' dir='ltr'><strong>sincera</strong></span> <span class='ocrx_word' id='word_1_77' title='bbox 1640 962 1934 1025; x_wconf 84' lang='lat' dir='ltr'><strong>humilitas,</strong></span> <span class='ocrx_word' id='word_1_78' title='bbox 1968 962 2039 1017; x_wconf 90' lang='lat' dir='ltr'><strong>ibi</strong></span> <span class='ocrx_word' id='word_1_79' title='bbox 2067 978 2237 1019; x_wconf 78' lang='lat' dir='ltr'><strong>nexus</strong></span> <span class='ocrx_word' id='word_1_80' title='bbox 2283 966 2461 1019; x_wconf 87' lang='lat' dir='ltr'><strong>omnis</strong></span> <span class='ocrx_word' id='word_1_81' title='bbox 2503 974 2586 1021; x_wconf 83' lang='lat' dir='ltr'><strong>est</strong></span> <span class='ocrx_word' id='word_1_82' title='bbox 2640 969 2942 1024; x_wconf 83' lang='lat' dir='ltr'><strong>exsolutus.</strong></span> <span class='ocrx_word' id='word_1_83' title='bbox 3001 969 3103 1035; x_wconf 85' lang='lat' dir='ltr'><strong>Qui</strong></span> <span class='ocrx_word' id='word_1_84' title='bbox 3166 986 3298 1029; x_wconf 88' lang='lat' dir='ltr'><strong>vero</strong></span> <span class='ocrx_word' id='word_1_85' title='bbox 3362 976 3480 1030; x_wconf 85' lang='lat' dir='ltr'><strong>sine</strong></span> 
     </span>
    </p>
   </div>
   <div class='ocr_carea' id='block_1_10' title="bbox 254 1056 3479 1129">
    <p class='ocr_par' dir='ltr' id='par_1_10' title="bbox 254 1056 3479 1129">
     <span class='ocr_line' id='line_1_10' title="bbox 254 1056 3479 1129; baseline 0.003 -12"><span class='ocrx_word' id='word_1_86' title='bbox 254 1063 353 1125; x_wconf 86' lang='lat' dir='ltr'><strong>bis</strong></span> <span class='ocrx_word' id='word_1_87' title='bbox 394 1063 603 1118; x_wconf 69' lang='lat' dir='ltr'><strong>duobus</strong></span> <span class='ocrx_word' id='word_1_88' title='bbox 652 1060 944 1117; x_wconf 85' lang='lat' dir='ltr'><strong>comitibus</strong></span> <span class='ocrx_word' id='word_1_89' title='bbox 966 1059 1251 1124; x_wconf 88' lang='lat' dir='ltr'><strong>decedunt,</strong></span> <span class='ocrx_word' id='word_1_90' title='bbox 1280 1074 1347 1112; x_wconf 88' lang='lat' dir='ltr'><strong>ne</strong></span> <span class='ocrx_word' id='word_1_91' title='bbox 1376 1072 1435 1114; x_wconf 88' lang='lat' dir='ltr'><strong>se</strong></span> <span class='ocrx_word' id='word_1_92' title='bbox 1458 1056 1665 1121; x_wconf 78' lang='lat' dir='ltr'><strong>fallant,</strong></span> <span class='ocrx_word' id='word_1_93' title='bbox 1702 1056 1861 1110; x_wconf 84' lang='lat' dir='ltr'><strong>vincti</strong></span> <span class='ocrx_word' id='word_1_94' title='bbox 1892 1065 2039 1111; x_wconf 85' lang='lat' dir='ltr'><strong>sunt.</strong></span> <span class='ocrx_word' id='word_1_95' title='bbox 2078 1057 2182 1123; x_wconf 83' lang='lat' dir='ltr'><strong>Qlll</strong></span> <span class='ocrx_word' id='word_1_96' title='bbox 2213 1058 2265 1112; x_wconf 89' lang='lat' dir='ltr'><strong>in</strong></span> <span class='ocrx_word' id='word_1_97' title='bbox 2314 1061 2513 1115; x_wconf 71' lang='lat' dir='ltr'><strong>saaeulo</strong></span> <span class='ocrx_word' id='word_1_98' title='bbox 2549 1074 2851 1129; x_wconf 84' lang='lat' dir='ltr'><strong>versantur,</strong></span> <span class='ocrx_word' id='word_1_99' title='bbox 2874 1076 2875 1079; x_wconf 75' lang='lat'>‘</span> <span class='ocrx_word' id='word_1_100' title='bbox 2898 1064 2952 1118; x_wconf 89' lang='lat' dir='ltr'><strong>bi</strong></span> <span class='ocrx_word' id='word_1_101' title='bbox 3020 1066 3119 1120; x_wconf 88' lang='lat' dir='ltr'><strong>soli</strong></span> <span class='ocrx_word' id='word_1_102' title='bbox 3172 1068 3274 1123; x_wconf 88' lang='lat' dir='ltr'><strong>hac</strong></span> <span class='ocrx_word' id='word_1_103' title='bbox 3332 1080 3479 1128; x_wconf 87' lang='lat' dir='ltr'><strong>certa</strong></span> 
     </span>
    </p>
   </div>
   <div class='ocr_carea' id='block_1_11' title="bbox 251 1150 3483 1228">
    <p class='ocr_par' dir='ltr' id='par_1_11' title="bbox 251 1150 3483 1228">
     <span class='ocr_line' id='line_1_11' title="bbox 251 1150 3483 1228; baseline 0.002 -18"><span class='ocrx_word' id='word_1_104' title='bbox 251 1164 315 1210; x_wconf 86' lang='lat' dir='ltr'><strong>et</strong></span> <span class='ocrx_word' id='word_1_105' title='bbox 375 1156 527 1225; x_wconf 88' lang='lat' dir='ltr'><strong>plena</strong></span> <span class='ocrx_word' id='word_1_106' title='bbox 572 1170 668 1224; x_wconf 91' lang='lat' dir='ltr'><strong>spe</strong></span> <span class='ocrx_word' id='word_1_107' title='bbox 712 1152 1107 1222; x_wconf 86' lang='lat' dir='ltr'><strong>securitateque</strong></span> <span class='ocrx_word' id='word_1_108' title='bbox 1155 1152 1450 1223; x_wconf 75' lang='lat' dir='ltr'><strong>praesertim</strong></span> <span class='ocrx_word' id='word_1_109' title='bbox 1502 1151 1682 1220; x_wconf 89' lang='lat' dir='ltr'><strong>priore</strong></span> <span class='ocrx_word' id='word_1_110' title='bbox 1726 1150 1992 1220; x_wconf 87' lang='lat' dir='ltr'><strong>(Spiritus</strong></span> <span class='ocrx_word' id='word_1_111' title='bbox 2049 1150 2305 1221; x_wconf 88' lang='lat' dir='ltr'><strong>Domini)</strong></span> <span class='ocrx_word' id='word_1_112' title='bbox 2369 1164 2575 1222; x_wconf 82' lang='lat' dir='ltr'><strong>carent.</strong></span> <span class='ocrx_word' id='word_1_113' title='bbox 2621 1170 2744 1210; x_wconf 92' lang='lat' dir='ltr'><strong>cum</strong></span> <span class='ocrx_word' id='word_1_114' title='bbox 2804 1156 2871 1210; x_wconf 91' lang='lat' dir='ltr'><strong>de</strong></span> <span class='ocrx_word' id='word_1_115' title='bbox 2928 1157 3036 1213; x_wconf 90' lang='lat' dir='ltr'><strong>vita</strong></span> <span class='ocrx_word' id='word_1_116' title='bbox 3066 1160 3316 1228; x_wconf 79' lang='lat' dir='ltr'><strong>migrant.</strong></span> <span class='ocrx_word' id='word_1_117' title='bbox 3382 1162 3483 1217; x_wconf 84' lang='lat' dir='ltr'><strong>Per</strong></span> 
     </span>
    </p>
   </div>
   <div class='ocr_carea' id='block_1_12' title="bbox 252 1243 3486 1316">
    <p class='ocr_par' dir='ltr' id='par_1_12' title="bbox 252 1243 3486 1316">
     <span class='ocr_line' id='line_1_12' title="bbox 252 1243 3486 1316; baseline 0.003 -17"><span class='ocrx_word' id='word_1_118' title='bbox 252 1262 435 1315; x_wconf 82' lang='lat' dir='ltr'><strong>opera</strong></span> <span class='ocrx_word' id='word_1_119' title='bbox 488 1256 665 1301; x_wconf 89' lang='lat' dir='ltr'><strong>tamen</strong></span> <span class='ocrx_word' id='word_1_120' title='bbox 726 1246 1107 1302; x_wconf 70' lang='lat' dir='ltr'><strong>misericordiae</strong></span> <span class='ocrx_word' id='word_1_121' title='bbox 1151 1244 1398 1299; x_wconf 91' lang='lat' dir='ltr'><strong>nonnulli</strong></span> <span class='ocrx_word' id='word_1_122' title='bbox 1450 1259 1573 1298; x_wconf 90' lang='lat' dir='ltr'><strong>cum</strong></span> <span class='ocrx_word' id='word_1_123' title='bbox 1630 1243 1699 1298; x_wconf 92' lang='lat' dir='ltr'><strong>ad</strong></span> <span class='ocrx_word' id='word_1_124' title='bbox 1766 1244 1887 1298; x_wconf 59' lang='lat' dir='ltr'><strong>vitae</strong></span> <span class='ocrx_word' id='word_1_125' title='bbox 1924 1245 2083 1299; x_wconf 86' lang='lat' dir='ltr'><strong>linem</strong></span> <span class='ocrx_word' id='word_1_126' title='bbox 2138 1258 2450 1316; x_wconf 88' lang='lat' dir='ltr'><strong>properant,</strong></span> <span class='ocrx_word' id='word_1_127' title='bbox 2506 1264 2664 1303; x_wconf 83' lang='lat' dir='ltr'><strong>suum</strong></span> <span class='ocrx_word' id='word_1_128' title='bbox 2721 1251 2774 1303; x_wconf 93' lang='lat' dir='ltr'><strong>in</strong></span> <span class='ocrx_word' id='word_1_129' title='bbox 2834 1252 2981 1306; x_wconf 71' lang='lat' dir='ltr'><strong>exitu</strong></span> <span class='ocrx_word' id='word_1_130' title='bbox 3034 1256 3375 1310; x_wconf 88' lang='lat' dir='ltr'><strong>commodum</strong></span> <span class='ocrx_word' id='word_1_131' title='bbox 3428 1263 3486 1310; x_wconf 88' lang='lat' dir='ltr'><strong>et</strong></span> 
     </span>
    </p>
   </div>
   <div class='ocr_carea' id='block_1_13' title="bbox 253 1334 3483 1413">
    <p class='ocr_par' dir='ltr' id='par_1_13' title="bbox 253 1334 3483 1413">
     <span class='ocr_line' id='line_1_13' title="bbox 253 1334 3483 1413; baseline 0.002 -22"><span class='ocrx_word' id='word_1_132' title='bbox 253 1337 506 1391; x_wconf 78' lang='lat' dir='ltr'><strong>fructum</strong></span> <span class='ocrx_word' id='word_1_133' title='bbox 532 1337 854 1409; x_wconf 91' lang='lat' dir='ltr'><strong>percipiunt.</strong></span> <span class='ocrx_word' id='word_1_134' title='bbox 893 1336 997 1403; x_wconf 91' lang='lat' dir='ltr'><strong>Qui</strong></span> <span class='ocrx_word' id='word_1_135' title='bbox 1044 1337 1282 1407; x_wconf 90' lang='lat' dir='ltr'><strong>seipsum</strong></span> <span class='ocrx_word' id='word_1_136' title='bbox 1319 1335 1483 1405; x_wconf 84' lang='lat' dir='ltr'><strong>luget,</strong></span> <span class='ocrx_word' id='word_1_137' title='bbox 1522 1348 1630 1388; x_wconf 90' lang='lat' dir='ltr'><strong>non</strong></span> <span class='ocrx_word' id='word_1_138' title='bbox 1694 1334 1926 1398; x_wconf 80' lang='lat' dir='ltr'><strong>curabit,</strong></span> <span class='ocrx_word' id='word_1_139' title='bbox 1990 1350 2090 1389; x_wconf 89' lang='lat' dir='ltr'><strong>nec</strong></span> <span class='ocrx_word' id='word_1_140' title='bbox 2145 1336 2357 1391; x_wconf 88' lang='lat' dir='ltr'><strong>curiose</strong></span> <span class='ocrx_word' id='word_1_141' title='bbox 2389 1347 2596 1407; x_wconf 64' lang='lat' dir='ltr'><strong>quaeret</strong></span> <span class='ocrx_word' id='word_1_142' title='bbox 2616 1340 2683 1395; x_wconf 93' lang='lat' dir='ltr'><strong>de</strong></span> <span class='ocrx_word' id='word_1_143' title='bbox 2719 1341 2885 1405; x_wconf 91' lang='lat' dir='ltr'><strong>luctu,</strong></span> <span class='ocrx_word' id='word_1_144' title='bbox 2910 1352 3151 1411; x_wconf 87' lang='lat' dir='ltr'><strong>peccato,</strong></span> <span class='ocrx_word' id='word_1_145' title='bbox 3194 1353 3246 1399; x_wconf 84' lang='lat' dir='ltr'><strong>et</strong></span> <span class='ocrx_word' id='word_1_146' title='bbox 3306 1360 3483 1413; x_wconf 83' lang='lat' dir='ltr'><strong>repre-</strong></span> 
     </span>
    </p>
   </div>
   <div class='ocr_carea' id='block_1_14' title="bbox 254 1426 3483 1502">
    <p class='ocr_par' dir='ltr' id='par_1_14' title="bbox 254 1426 3483 1502">
     <span class='ocr_line' id='line_1_14' title="bbox 254 1426 3483 1502; baseline 0.003 -20"><span class='ocrx_word' id='word_1_147' title='bbox 254 1426 532 1483; x_wconf 82' lang='lat' dir='ltr'><strong>heusione</strong></span> <span class='ocrx_word' id='word_1_148' title='bbox 584 1428 824 1484; x_wconf 87' lang='lat' dir='ltr'><strong>alterius.</strong></span> <span class='ocrx_word' id='word_1_149' title='bbox 866 1428 1059 1493; x_wconf 85' lang='lat' dir='ltr'><strong>Canis,</strong></span> <span class='ocrx_word' id='word_1_150' title='bbox 1117 1445 1149 1483; x_wconf 86' lang='lat' dir='ltr'><strong>a</strong></span> <span class='ocrx_word' id='word_1_151' title='bbox 1198 1428 1308 1483; x_wconf 80' lang='lat' dir='ltr'><strong>fera</strong></span> <span class='ocrx_word' id='word_1_152' title='bbox 1357 1428 1539 1491; x_wconf 83' lang='lat' dir='ltr'><strong>laesus,</strong></span> <span class='ocrx_word' id='word_1_153' title='bbox 1596 1427 1831 1481; x_wconf 82' lang='lat' dir='ltr'><strong>atrocius</strong></span> <span class='ocrx_word' id='word_1_154' title='bbox 1902 1426 2163 1483; x_wconf 88' lang='lat' dir='ltr'><strong>adversus</strong></span> <span class='ocrx_word' id='word_1_155' title='bbox 2208 1444 2326 1483; x_wconf 89' lang='lat' dir='ltr'><strong>eam</strong></span> <span class='ocrx_word' id='word_1_156' title='bbox 2366 1429 2634 1502; x_wconf 80' lang='lat' dir='ltr'><strong>insurgit;</strong></span> <span class='ocrx_word' id='word_1_157' title='bbox 2693 1448 2815 1487; x_wconf 89' lang='lat' dir='ltr'><strong>nam</strong></span> <span class='ocrx_word' id='word_1_158' title='bbox 2859 1435 3096 1492; x_wconf 79' lang='lat' dir='ltr'><strong>vulneris</strong></span> <span class='ocrx_word' id='word_1_159' title='bbox 3137 1438 3322 1491; x_wconf 89' lang='lat' dir='ltr'><strong>dolore</strong></span> <span class='ocrx_word' id='word_1_160' title='bbox 3388 1453 3483 1492; x_wconf 88' lang='lat' dir='ltr'><strong>ac-</strong></span> 
     </span>
    </p>
   </div>
   <div class='ocr_carea' id='block_1_15' title="bbox 254 1516 3483 1599">
    <p class='ocr_par' dir='ltr' id='par_1_15' title="bbox 254 1516 3483 1599">
     <span class='ocr_line' id='line_1_15' title="bbox 254 1516 3483 1599; baseline 0.003 -28"><span class='ocrx_word' id='word_1_161' title='bbox 254 1532 469 1572; x_wconf 84' lang='lat' dir='ltr'><strong>census</strong></span> <span class='ocrx_word' id='word_1_162' title='bbox 522 1519 848 1589; x_wconf 86' lang='lat' dir='ltr'><strong>implacabili</strong></span> <span class='ocrx_word' id='word_1_163' title='bbox 897 1521 1045 1575; x_wconf 86' lang='lat' dir='ltr'><strong>rabie</strong></span> <span class='ocrx_word' id='word_1_164' title='bbox 1078 1520 1228 1577; x_wconf 71' lang='lat' dir='ltr'><strong>saevit</strong></span> <span class='ocrx_word' id='word_1_165' title='bbox 1246 1520 1299 1573; x_wconf 93' lang='lat' dir='ltr'><strong>in</strong></span> <span class='ocrx_word' id='word_1_166' title='bbox 1328 1519 1495 1572; x_wconf 90' lang='lat' dir='ltr'><strong>illam.</strong></span> <span class='ocrx_word' id='word_1_167' title='bbox 1526 1516 1826 1573; x_wconf 88' lang='lat' dir='ltr'><strong>Caveamus</strong></span> <span class='ocrx_word' id='word_1_168' title='bbox 1862 1533 1929 1572; x_wconf 90' lang='lat' dir='ltr'><strong>ne</strong></span> <span class='ocrx_word' id='word_1_169' title='bbox 1960 1520 2289 1589; x_wconf 83' lang='lat' dir='ltr'><strong>conscientia</strong></span> <span class='ocrx_word' id='word_1_170' title='bbox 2349 1530 2535 1577; x_wconf 88' lang='lat' dir='ltr'><strong>nostra</strong></span> <span class='ocrx_word' id='word_1_171' title='bbox 2602 1524 2869 1580; x_wconf 86' lang='lat' dir='ltr'><strong>destiterit</strong></span> <span class='ocrx_word' id='word_1_172' title='bbox 2890 1542 2987 1582; x_wconf 90' lang='lat' dir='ltr'><strong>nos</strong></span> <span class='ocrx_word' id='word_1_173' title='bbox 3013 1529 3351 1599; x_wconf 87' lang='lat' dir='ltr'><strong>redarguere,</strong></span> <span class='ocrx_word' id='word_1_174' title='bbox 3376 1544 3483 1582; x_wconf 91' lang='lat' dir='ltr'><strong>non</strong></span> 
     </span>
    </p>
   </div>
   <div class='ocr_carea' id='block_1_16' title="bbox 259 1612 3485 1686">
    <p class='ocr_par' dir='ltr' id='par_1_16' title="bbox 259 1612 3485 1686">
     <span class='ocr_line' id='line_1_16' title="bbox 259 1612 3485 1686; baseline 0.003 -20"><span class='ocrx_word' id='word_1_175' title='bbox 259 1624 496 1683; x_wconf 83' lang='lat' dir='ltr'><strong>propter</strong></span> <span class='ocrx_word' id='word_1_176' title='bbox 540 1616 724 1671; x_wconf 86' lang='lat' dir='ltr'><strong>cordis</strong></span> <span class='ocrx_word' id='word_1_177' title='bbox 750 1616 1091 1683; x_wconf 90' lang='lat' dir='ltr'><strong>munditiem,</strong></span> <span class='ocrx_word' id='word_1_178' title='bbox 1112 1615 1208 1675; x_wconf 87' lang='lat' dir='ltr'><strong>sed</strong></span> <span class='ocrx_word' id='word_1_179' title='bbox 1241 1624 1482 1669; x_wconf 90' lang='lat' dir='ltr'><strong>nostram</strong></span> <span class='ocrx_word' id='word_1_180' title='bbox 1507 1612 1686 1682; x_wconf 90' lang='lat' dir='ltr'><strong>potius</strong></span> <span class='ocrx_word' id='word_1_181' title='bbox 1713 1612 1996 1668; x_wconf 90' lang='lat' dir='ltr'><strong>malitiam.</strong></span> <span class='ocrx_word' id='word_1_182' title='bbox 2064 1616 2455 1685; x_wconf 81' lang='lat' dir='ltr'><strong>Argumentum</strong></span> <span class='ocrx_word' id='word_1_183' title='bbox 2514 1625 2599 1672; x_wconf 90' lang='lat' dir='ltr'><strong>est</strong></span> <span class='ocrx_word' id='word_1_184' title='bbox 2636 1619 2877 1676; x_wconf 62' lang='lat' dir='ltr'><strong>remissae</strong></span> <span class='ocrx_word' id='word_1_185' title='bbox 2916 1637 3087 1686; x_wconf 71' lang='lat' dir='ltr'><strong>noxae,</strong></span> <span class='ocrx_word' id='word_1_186' title='bbox 3134 1625 3179 1678; x_wconf 92' lang='lat' dir='ltr'><strong>si</strong></span> <span class='ocrx_word' id='word_1_187' title='bbox 3248 1634 3301 1679; x_wconf 92' lang='lat' dir='ltr'><strong>te</strong></span> <span class='ocrx_word' id='word_1_188' title='bbox 3338 1639 3485 1679; x_wconf 90' lang='lat' dir='ltr'><strong>sem-</strong></span> 
     </span>
    </p>
   </div>
   <div class='ocr_carea' id='block_1_17' title="bbox 256 1706 3486 1786">
    <p class='ocr_par' dir='ltr' id='par_1_17' title="bbox 256 1706 3486 1786">
     <span class='ocr_line' id='line_1_17' title="bbox 256 1706 3486 1786; baseline 0.003 -23"><span class='ocrx_word' id='word_1_189' title='bbox 256 1724 372 1779; x_wconf 83' lang='lat' dir='ltr'><strong>per</strong></span> <span class='ocrx_word' id='word_1_190' title='bbox 409 1708 647 1778; x_wconf 81' lang='lat' dir='ltr'><strong>noxium,</strong></span> <span class='ocrx_word' id='word_1_191' title='bbox 675 1719 728 1766; x_wconf 89' lang='lat' dir='ltr'><strong>et</strong></span> <span class='ocrx_word' id='word_1_192' title='bbox 762 1710 1061 1767; x_wconf 82' lang='lat' dir='ltr'><strong>debitorem</strong></span> <span class='ocrx_word' id='word_1_193' title='bbox 1111 1724 1485 1780; x_wconf 80' lang='lat' dir='ltr'><strong>recognoscas.</strong></span> <span class='ocrx_word' id='word_1_194' title='bbox 1520 1707 1666 1762; x_wconf 79' lang='lat' dir='ltr'><strong>Nihil</strong></span> <span class='ocrx_word' id='word_1_195' title='bbox 1691 1722 1815 1763; x_wconf 90' lang='lat' dir='ltr'><strong>cum</strong></span> <span class='ocrx_word' id='word_1_196' title='bbox 1853 1706 2243 1764; x_wconf 85' lang='lat' dir='ltr'><strong>misericordiis</strong></span> <span class='ocrx_word' id='word_1_197' title='bbox 2292 1707 2386 1763; x_wconf 88' lang='lat' dir='ltr'><strong>Dei</strong></span> <span class='ocrx_word' id='word_1_198' title='bbox 2434 1711 2738 1779; x_wconf 88' lang='lat' dir='ltr'><strong>comparari</strong></span> <span class='ocrx_word' id='word_1_199' title='bbox 2772 1721 2980 1782; x_wconf 89' lang='lat' dir='ltr'><strong>potest;</strong></span> <span class='ocrx_word' id='word_1_200' title='bbox 3030 1714 3163 1768; x_wconf 89' lang='lat' dir='ltr'><strong>nihil</strong></span> <span class='ocrx_word' id='word_1_201' title='bbox 3196 1715 3279 1771; x_wconf 90' lang='lat' dir='ltr'><strong>bis</strong></span> <span class='ocrx_word' id='word_1_202' title='bbox 3311 1716 3486 1786; x_wconf 87' lang='lat' dir='ltr'><strong>majus</strong></span> 
     </span>
    </p>
   </div>
   <div class='ocr_carea' id='block_1_18' title="bbox 251 1799 3489 1879">
    <p class='ocr_par' dir='ltr' id='par_1_18' title="bbox 251 1799 3489 1879">
     <span class='ocr_line' id='line_1_18' title="bbox 251 1799 3489 1879; baseline 0.002 -23"><span class='ocrx_word' id='word_1_203' title='bbox 251 1812 373 1856; x_wconf 82' lang='lat' dir='ltr'><strong>est.</strong></span> <span class='ocrx_word' id='word_1_204' title='bbox 409 1801 639 1860; x_wconf 86' lang='lat' dir='ltr'><strong>Proinde</strong></span> <span class='ocrx_word' id='word_1_205' title='bbox 673 1805 766 1874; x_wconf 88' lang='lat' dir='ltr'><strong>qui</strong></span> <span class='ocrx_word' id='word_1_206' title='bbox 794 1805 1062 1874; x_wconf 90' lang='lat' dir='ltr'><strong>desperat,</strong></span> <span class='ocrx_word' id='word_1_207' title='bbox 1093 1804 1178 1859; x_wconf 93' lang='lat' dir='ltr'><strong>sui</strong></span> <span class='ocrx_word' id='word_1_208' title='bbox 1209 1805 1376 1873; x_wconf 92' lang='lat' dir='ltr'><strong>ipsius</strong></span> <span class='ocrx_word' id='word_1_209' title='bbox 1422 1801 1689 1872; x_wconf 81' lang='lat' dir='ltr'><strong>parricida</strong></span> <span class='ocrx_word' id='word_1_210' title='bbox 1710 1809 1811 1856; x_wconf 90' lang='lat' dir='ltr'><strong>est.</strong></span> <span class='ocrx_word' id='word_1_211' title='bbox 1850 1799 2109 1875; x_wconf 65' lang='lat' dir='ltr'><strong>Perfecta:</strong></span> <span class='ocrx_word' id='word_1_212' title='bbox 2163 1810 2219 1856; x_wconf 92' lang='lat' dir='ltr'><strong>et</strong></span> <span class='ocrx_word' id='word_1_213' title='bbox 2274 1811 2542 1857; x_wconf 65' lang='lat' dir='ltr'><strong>accurata:</strong></span> <span class='ocrx_word' id='word_1_214' title='bbox 2564 1805 2895 1873; x_wconf 64' lang='lat' dir='ltr'><strong>poenitentiae</strong></span> <span class='ocrx_word' id='word_1_215' title='bbox 2927 1808 3151 1877; x_wconf 24' lang='lat' dir='ltr'><strong>signum,</strong></span> <span class='ocrx_word' id='word_1_216' title='bbox 3181 1817 3265 1863; x_wconf 87' lang='lat' dir='ltr'><strong>est</strong></span> <span class='ocrx_word' id='word_1_217' title='bbox 3284 1849 3300 1875; x_wconf 93' lang='lat'><strong>,</strong></span> <span class='ocrx_word' id='word_1_218' title='bbox 3323 1816 3489 1879; x_wconf 83' lang='lat' dir='ltr'><strong>quan‘</strong></span> 
     </span>
    </p>
   </div>
   <div class='ocr_carea' id='block_1_19' title="bbox 251 1894 3488 1970">
    <p class='ocr_par' dir='ltr' id='par_1_19' title="bbox 251 1894 3488 1970">
     <span class='ocr_line' id='line_1_19' title="bbox 251 1894 3488 1970; baseline 0.002 -21"><span class='ocrx_word' id='word_1_219' title='bbox 251 1896 338 1949; x_wconf 86' lang='lat' dir='ltr'><strong>do</strong></span> <span class='ocrx_word' id='word_1_220' title='bbox 390 1897 514 1962; x_wconf 87' lang='lat' dir='ltr'><strong>quis</strong></span> <span class='ocrx_word' id='word_1_221' title='bbox 554 1897 789 1966; x_wconf 87' lang='lat' dir='ltr'><strong>seipsum</strong></span> <span class='ocrx_word' id='word_1_222' title='bbox 838 1897 1092 1954; x_wconf 86' lang='lat' dir='ltr'><strong>omnibus</strong></span> <span class='ocrx_word' id='word_1_223' title='bbox 1140 1897 1299 1954; x_wconf 88' lang='lat' dir='ltr'><strong>malis</strong></span> <span class='ocrx_word' id='word_1_224' title='bbox 1328 1908 1382 1953; x_wconf 94' lang='lat' dir='ltr'><strong>et</strong></span> <span class='ocrx_word' id='word_1_225' title='bbox 1416 1896 1819 1961; x_wconf 75' lang='lat' dir='ltr'><strong>afﬂictionibus,</strong></span> <span class='ocrx_word' id='word_1_226' title='bbox 1858 1910 1977 1966; x_wconf 61' lang='lat' dir='ltr'><strong>qua:</strong></span> <span class='ocrx_word' id='word_1_227' title='bbox 2035 1894 2280 1950; x_wconf 92' lang='lat' dir='ltr'><strong>accidere</strong></span> <span class='ocrx_word' id='word_1_228' title='bbox 2341 1896 2537 1963; x_wconf 87' lang='lat' dir='ltr'><strong>solent,</strong></span> <span class='ocrx_word' id='word_1_229' title='bbox 2568 1912 2663 1951; x_wconf 90' lang='lat' dir='ltr'><strong>seu</strong></span> <span class='ocrx_word' id='word_1_230' title='bbox 2692 1914 2855 1954; x_wconf 88' lang='lat' dir='ltr'><strong>sensu</strong></span> <span class='ocrx_word' id='word_1_231' title='bbox 2900 1910 3211 1970; x_wconf 82' lang='lat' dir='ltr'><strong>tangantur,</strong></span> <span class='ocrx_word' id='word_1_232' title='bbox 3256 1917 3353 1958; x_wconf 90' lang='lat' dir='ltr'><strong>seu</strong></span> <span class='ocrx_word' id='word_1_233' title='bbox 3404 1905 3488 1957; x_wconf 88' lang='lat' dir='ltr'><strong>in-</strong></span> 
     </span>
    </p>
   </div>
   <div class='ocr_carea' id='block_1_20' title="bbox 254 1986 3484 2064">
    <p class='ocr_par' dir='ltr' id='par_1_20' title="bbox 254 1986 3484 2064">
     <span class='ocr_line' id='line_1_20' title="bbox 254 1986 3484 2064; baseline 0.002 -20"><span class='ocrx_word' id='word_1_234' title='bbox 254 1989 634 2059; x_wconf 77' lang='lat' dir='ltr'><strong>aspectabiles</strong></span> <span class='ocrx_word' id='word_1_235' title='bbox 664 2000 718 2045; x_wconf 89' lang='lat' dir='ltr'><strong>et</strong></span> <span class='ocrx_word' id='word_1_236' title='bbox 764 1990 1033 2060; x_wconf 88' lang='lat' dir='ltr'><strong>spiritales</strong></span> <span class='ocrx_word' id='word_1_237' title='bbox 1093 1994 1226 2059; x_wconf 89' lang='lat' dir='ltr'><strong>sint,</strong></span> <span class='ocrx_word' id='word_1_238' title='bbox 1269 1986 1490 2064; x_wconf 86' lang='lat' dir='ltr'><strong>dignum</strong></span> <span class='ocrx_word' id='word_1_239' title='bbox 1554 1993 1848 2057; x_wconf 81' lang='lat' dir='ltr'><strong>existimat,</strong></span> <span class='ocrx_word' id='word_1_240' title='bbox 1877 2001 1931 2047; x_wconf 91' lang='lat' dir='ltr'><strong>et</strong></span> <span class='ocrx_word' id='word_1_241' title='bbox 1966 1989 2052 2046; x_wconf 91' lang='lat' dir='ltr'><strong>his</strong></span> <span class='ocrx_word' id='word_1_242' title='bbox 2083 1991 2260 2047; x_wconf 87' lang='lat' dir='ltr'><strong>adhuc</strong></span> <span class='ocrx_word' id='word_1_243' title='bbox 2292 1991 2559 2062; x_wconf 91' lang='lat' dir='ltr'><strong>pluribus.</strong></span> <span class='ocrx_word' id='word_1_244' title='bbox 2603 1991 2780 2047; x_wconf 84' lang='lat' dir='ltr'><strong>Moses</strong></span> <span class='ocrx_word' id='word_1_245' title='bbox 2804 2008 2926 2047; x_wconf 90' lang='lat' dir='ltr'><strong>cum</strong></span> <span class='ocrx_word' id='word_1_246' title='bbox 2958 1995 3121 2049; x_wconf 89' lang='lat' dir='ltr'><strong>Deum</strong></span> <span class='ocrx_word' id='word_1_247' title='bbox 3154 1998 3207 2049; x_wconf 92' lang='lat' dir='ltr'><strong>in</strong></span> <span class='ocrx_word' id='word_1_248' title='bbox 3244 1998 3380 2051; x_wconf 82' lang='lat' dir='ltr'><strong>rubo</strong></span> <span class='ocrx_word' id='word_1_249' title='bbox 3405 1999 3484 2051; x_wconf 84' lang='lat' dir='ltr'><strong>vi-</strong></span> 
     </span>
    </p>
   </div>
   <div class='ocr_carea' id='block_1_21' title="bbox 252 2082 3488 2155">
    <p class='ocr_par' dir='ltr' id='par_1_21' title="bbox 252 2082 3488 2155">
     <span class='ocr_line' id='line_1_21' title="bbox 252 2082 3488 2155; baseline 0.002 -18"><span class='ocrx_word' id='word_1_250' title='bbox 252 2084 462 2147; x_wconf 86' lang='lat' dir='ltr'><strong>disset,</strong></span> <span class='ocrx_word' id='word_1_251' title='bbox 514 2083 569 2135; x_wconf 90' lang='lat' dir='ltr'><strong>in</strong></span> <span class='ocrx_word' id='word_1_252' title='bbox 623 2082 935 2154; x_wconf 71' lang='lat' dir='ltr'><strong>A-Igyptum,</strong></span> <span class='ocrx_word' id='word_1_253' title='bbox 985 2085 1099 2140; x_wconf 85' lang='lat' dir='ltr'><strong>sive</strong></span> <span class='ocrx_word' id='word_1_254' title='bbox 1136 2086 1202 2141; x_wconf 89' lang='lat' dir='ltr'><strong>ad</strong></span> <span class='ocrx_word' id='word_1_255' title='bbox 1252 2086 1437 2140; x_wconf 90' lang='lat' dir='ltr'><strong>mundi</strong></span> <span class='ocrx_word' id='word_1_256' title='bbox 1469 2087 1741 2149; x_wconf 88' lang='lat' dir='ltr'><strong>tenebras,</strong></span> <span class='ocrx_word' id='word_1_257' title='bbox 1802 2092 1857 2139; x_wconf 86' lang='lat' dir='ltr'><strong>et</strong></span> <span class='ocrx_word' id='word_1_258' title='bbox 1896 2085 2090 2140; x_wconf 90' lang='lat' dir='ltr'><strong>lateres</strong></span> <span class='ocrx_word' id='word_1_259' title='bbox 2150 2084 2465 2153; x_wconf 90' lang='lat' dir='ltr'><strong>coquendos</strong></span> <span class='ocrx_word' id='word_1_260' title='bbox 2512 2084 2797 2155; x_wconf 37' lang='lat' dir='ltr'><strong>symbolie&#39;i</strong></span> <span class='ocrx_word' id='word_1_261' title='bbox 2872 2084 3017 2140; x_wconf 93' lang='lat' dir='ltr'><strong>illius</strong></span> <span class='ocrx_word' id='word_1_262' title='bbox 3067 2086 3299 2142; x_wconf 84' lang='lat' dir='ltr'><strong>fortasse</strong></span> <span class='ocrx_word' id='word_1_263' title='bbox 3342 2087 3488 2142; x_wconf 88' lang='lat' dir='ltr'><strong>Pha-</strong></span> 
     </span>
    </p>
   </div>
   <div class='ocr_carea' id='block_1_22' title="bbox 256 2178 3487 2253">
    <p class='ocr_par' dir='ltr' id='par_1_22' title="bbox 256 2178 3487 2253">
     <span class='ocr_line' id='line_1_22' title="bbox 256 2178 3487 2253; baseline 0.002 -19"><span class='ocrx_word' id='word_1_264' title='bbox 256 2178 459 2234; x_wconf 86' lang='lat' dir='ltr'><strong>raonis</strong></span> <span class='ocrx_word' id='word_1_265' title='bbox 515 2192 765 2234; x_wconf 78' lang='lat' dir='ltr'><strong>reversus</strong></span> <span class='ocrx_word' id='word_1_266' title='bbox 819 2190 922 2244; x_wconf 90' lang='lat' dir='ltr'><strong>est,</strong></span> <span class='ocrx_word' id='word_1_267' title='bbox 983 2182 1077 2237; x_wconf 89' lang='lat' dir='ltr'><strong>sed</strong></span> <span class='ocrx_word' id='word_1_268' title='bbox 1124 2181 1264 2237; x_wconf 90' lang='lat' dir='ltr'><strong>idem</strong></span> <span class='ocrx_word' id='word_1_269' title='bbox 1310 2184 1377 2236; x_wconf 91' lang='lat' dir='ltr'><strong>ad</strong></span> <span class='ocrx_word' id='word_1_270' title='bbox 1408 2183 1599 2238; x_wconf 92' lang='lat' dir='ltr'><strong>rubum</strong></span> <span class='ocrx_word' id='word_1_271' title='bbox 1663 2182 2019 2253; x_wconf 89' lang='lat' dir='ltr'><strong>postliminio,</strong></span> <span class='ocrx_word' id='word_1_272' title='bbox 2066 2181 2180 2236; x_wconf 90' lang='lat' dir='ltr'><strong>imo</strong></span> <span class='ocrx_word' id='word_1_273' title='bbox 2218 2182 2285 2235; x_wconf 90' lang='lat' dir='ltr'><strong>ad</strong></span> <span class='ocrx_word' id='word_1_274' title='bbox 2321 2190 2556 2236; x_wconf 91' lang='lat' dir='ltr'><strong>montem</strong></span> <span class='ocrx_word' id='word_1_275' title='bbox 2600 2180 2692 2234; x_wconf 90' lang='lat' dir='ltr'><strong>Dei</strong></span> <span class='ocrx_word' id='word_1_276' title='bbox 2761 2196 3040 2252; x_wconf 86' lang='lat' dir='ltr'><strong>regressus</strong></span> <span class='ocrx_word' id='word_1_277' title='bbox 3099 2193 3201 2237; x_wconf 89' lang='lat' dir='ltr'><strong>est.</strong></span> <span class='ocrx_word' id='word_1_278' title='bbox 3234 2183 3336 2249; x_wconf 86' lang='lat' dir='ltr'><strong>Qui</strong></span> <span class='ocrx_word' id='word_1_279' title='bbox 3404 2185 3487 2239; x_wconf 87' lang='lat' dir='ltr'><strong>in-</strong></span> 
     </span>
    </p>
   </div>
   <div class='ocr_carea' id='block_1_23' title="bbox 256 2269 3488 2355">
    <p class='ocr_par' dir='ltr' id='par_1_23' title="bbox 256 2269 3488 2355">
     <span class='ocr_line' id='line_1_23' title="bbox 256 2269 3488 2355; baseline 0.002 -30"><span class='ocrx_word' id='word_1_280' title='bbox 256 2269 467 2341; x_wconf 87' lang='lat' dir='ltr'><strong>telligit</strong></span> <span class='ocrx_word' id='word_1_281' title='bbox 520 2271 652 2340; x_wconf 83' lang='lat' dir='ltr'><strong>quid</strong></span> <span class='ocrx_word' id='word_1_282' title='bbox 708 2270 811 2327; x_wconf 87' lang='lat' dir='ltr'><strong>sibi</strong></span> <span class='ocrx_word' id='word_1_283' title='bbox 860 2272 964 2328; x_wconf 91' lang='lat' dir='ltr'><strong>hoc</strong></span> <span class='ocrx_word' id='word_1_284' title='bbox 1001 2274 1179 2328; x_wconf 89' lang='lat' dir='ltr'><strong>visum</strong></span> <span class='ocrx_word' id='word_1_285' title='bbox 1224 2281 1279 2327; x_wconf 91' lang='lat' dir='ltr'><strong>et</strong></span> <span class='ocrx_word' id='word_1_286' title='bbox 1307 2273 1650 2344; x_wconf 82' lang='lat' dir='ltr'><strong>ﬁgura-velit,</strong></span> <span class='ocrx_word' id='word_1_287' title='bbox 1718 2287 1993 2343; x_wconf 90' lang='lat' dir='ltr'><strong>nunquam</strong></span> <span class='ocrx_word' id='word_1_288' title='bbox 2043 2272 2332 2342; x_wconf 87' lang='lat' dir='ltr'><strong>de&#39;seipso</strong></span> <span class='ocrx_word' id='word_1_289' title='bbox 2382 2271 2709 2355; x_wconf 48' lang='lat' dir='ltr'><strong>despera‘bit.</strong></span> <span class='ocrx_word' id='word_1_290' title='bbox 2748 2271 2915 2328; x_wconf 81' lang='lat' dir='ltr'><strong>Jobus</strong></span> <span class='ocrx_word' id='word_1_291' title='bbox 2982 2275 3070 2330; x_wconf 90' lang='lat' dir='ltr'><strong>ille</strong></span> <span class='ocrx_word' id='word_1_292' title='bbox 3128 2275 3360 2345; x_wconf 87' lang='lat' dir='ltr'><strong>inclytus</strong></span> <span class='ocrx_word' id='word_1_293' title='bbox 3420 2279 3488 2331; x_wconf 83' lang='lat' dir='ltr'><strong>ad</strong></span> 
     </span>
    </p>
   </div>
   <div class='ocr_carea' id='block_1_24' title="bbox 257 2362 3487 2438">
    <p class='ocr_par' dir='ltr' id='par_1_24' title="bbox 257 2362 3487 2438">
     <span class='ocr_line' id='line_1_24' title="bbox 257 2362 3487 2438; baseline 0.002 -20"><span class='ocrx_word' id='word_1_294' title='bbox 257 2362 516 2418; x_wconf 84' lang='lat' dir='ltr'><strong>ultimam</strong></span> <span class='ocrx_word' id='word_1_295' title='bbox 577 2364 974 2420; x_wconf 87' lang='lat' dir='ltr'><strong>mendicitatem</strong></span> <span class='ocrx_word' id='word_1_296' title='bbox 1014 2366 1285 2429; x_wconf 85' lang='lat' dir='ltr'><strong>redactus,</strong></span> <span class='ocrx_word' id='word_1_297' title='bbox 1338 2365 1405 2419; x_wconf 89' lang='lat' dir='ltr'><strong>ad</strong></span> <span class='ocrx_word' id='word_1_298' title='bbox 1438 2364 1604 2434; x_wconf 90' lang='lat' dir='ltr'><strong>duplo</strong></span> <span class='ocrx_word' id='word_1_299' title='bbox 1667 2374 1851 2434; x_wconf 90' lang='lat' dir='ltr'><strong>postea</strong></span> <span class='ocrx_word' id='word_1_300' title='bbox 1893 2364 2048 2435; x_wconf 70' lang='lat'><strong>132</strong></span> <span class='ocrx_word' id='word_1_301' title='bbox 2100 2364 2332 2433; x_wconf 87' lang='lat' dir='ltr'><strong>majores</strong></span> <span class='ocrx_word' id='word_1_302' title='bbox 2378 2379 2509 2434; x_wconf 89' lang='lat' dir='ltr'><strong>opes</strong></span> <span class='ocrx_word' id='word_1_303' title='bbox 2561 2380 2725 2435; x_wconf 92' lang='lat' dir='ltr'><strong>quam</strong></span> <span class='ocrx_word' id='word_1_304' title='bbox 2792 2375 2918 2420; x_wconf 86' lang='lat' dir='ltr'><strong>ante</strong></span> <span class='ocrx_word' id='word_1_305' title='bbox 2963 2378 3335 2438; x_wconf 85' lang='lat' dir='ltr'><strong>paupertatem</strong></span> <span class='ocrx_word' id='word_1_306' title='bbox 3399 2372 3487 2427; x_wconf 87' lang='lat' dir='ltr'><strong>ha-</strong></span> 
     </span>
    </p>
   </div>
   <div class='ocr_carea' id='block_1_25' title="bbox 256 2454 3489 2531">
    <p class='ocr_par' dir='ltr' id='par_1_25' title="bbox 256 2454 3489 2531">
     <span class='ocr_line' id='line_1_25' title="bbox 256 2454 3489 2531; baseline 0.004 -23"><span class='ocrx_word' id='word_1_307' title='bbox 256 2454 482 2519; x_wconf 88' lang='lat' dir='ltr'><strong>buerat,</strong></span> <span class='ocrx_word' id='word_1_308' title='bbox 531 2458 793 2527; x_wconf 86' lang='lat' dir='ltr'><strong>pervenit.</strong></span> <span class='ocrx_word' id='word_1_309' title='bbox 828 2459 985 2529; x_wconf 85' lang='lat' dir='ltr'><strong>Apud</strong></span> <span class='ocrx_word' id='word_1_310' title='bbox 1037 2460 1261 2530; x_wconf 90' lang='lat' dir='ltr'><strong>ignavos</strong></span> <span class='ocrx_word' id='word_1_311' title='bbox 1326 2469 1379 2515; x_wconf 92' lang='lat' dir='ltr'><strong>et</strong></span> <span class='ocrx_word' id='word_1_312' title='bbox 1438 2459 1658 2525; x_wconf 87' lang='lat' dir='ltr'><strong>inertes,</strong></span> <span class='ocrx_word' id='word_1_313' title='bbox 1696 2476 1887 2531; x_wconf 82' lang='lat' dir='ltr'><strong>graves</strong></span> <span class='ocrx_word' id='word_1_314' title='bbox 1925 2468 2049 2530; x_wconf 83' lang='lat' dir='ltr'><strong>post</strong></span> <span class='ocrx_word' id='word_1_315' title='bbox 2097 2474 2306 2515; x_wconf 83' lang='lat' dir='ltr'><strong>sacram</strong></span> <span class='ocrx_word' id='word_1_316' title='bbox 2351 2458 2746 2529; x_wconf 85' lang='lat' dir='ltr'><strong>professionem</strong></span> <span class='ocrx_word' id='word_1_317' title='bbox 2791 2477 2886 2516; x_wconf 87' lang='lat' dir='ltr'><strong>seu</strong></span> <span class='ocrx_word' id='word_1_318' title='bbox 2934 2467 3265 2521; x_wconf 88' lang='lat' dir='ltr'><strong>vocationem</strong></span> <span class='ocrx_word' id='word_1_319' title='bbox 3312 2470 3489 2530; x_wconf 66' lang='lat' dir='ltr'><strong>soletur,</strong></span> 
     </span>
    </p>
   </div>
   <div class='ocr_carea' id='block_1_26' title="bbox 256 2549 3486 2633">
    <p class='ocr_par' dir='ltr' id='par_1_26' title="bbox 256 2549 3486 2633">
     <span class='ocr_line' id='line_1_26' title="bbox 256 2549 3486 2633; baseline 0.002 -29"><span class='ocrx_word' id='word_1_320' title='bbox 256 2561 393 2604; x_wconf 78' lang='lat' dir='ltr'><strong>esse</strong></span> <span class='ocrx_word' id='word_1_321' title='bbox 454 2564 615 2604; x_wconf 85' lang='lat' dir='ltr'><strong>casus</strong></span> <span class='ocrx_word' id='word_1_322' title='bbox 662 2558 717 2604; x_wconf 86' lang='lat' dir='ltr'><strong>et</strong></span> <span class='ocrx_word' id='word_1_323' title='bbox 763 2549 967 2619; x_wconf 89' lang='lat' dir='ltr'><strong>lapsus,</strong></span> <span class='ocrx_word' id='word_1_324' title='bbox 1017 2550 1111 2621; x_wconf 91' lang='lat' dir='ltr'><strong>qui</strong></span> <span class='ocrx_word' id='word_1_325' title='bbox 1143 2565 1293 2620; x_wconf 90' lang='lat' dir='ltr'><strong>spem</strong></span> <span class='ocrx_word' id='word_1_326' title='bbox 1318 2549 1489 2605; x_wconf 66' lang='lat' dir='ltr'><strong>beata:</strong></span> <span class='ocrx_word' id='word_1_327' title='bbox 1550 2552 1956 2621; x_wconf 90' lang='lat' dir='ltr'><strong>tranquillitatis</strong></span> <span class='ocrx_word' id='word_1_328' title='bbox 2020 2550 2247 2605; x_wconf 90' lang='lat' dir='ltr'><strong>omnino</strong></span> <span class='ocrx_word' id='word_1_329' title='bbox 2290 2550 2558 2617; x_wconf 90' lang='lat' dir='ltr'><strong>incidunt,</strong></span> <span class='ocrx_word' id='word_1_330' title='bbox 2601 2556 3039 2625; x_wconf 87' lang='lat' dir='ltr'><strong>persuadentque</strong></span> <span class='ocrx_word' id='word_1_331' title='bbox 3075 2558 3141 2613; x_wconf 90' lang='lat' dir='ltr'><strong>iis</strong></span> <span class='ocrx_word' id='word_1_332' title='bbox 3202 2562 3294 2629; x_wconf 85' lang='lat' dir='ltr'><strong>qui</strong></span> <span class='ocrx_word' id='word_1_333' title='bbox 3358 2579 3486 2633; x_wconf 82' lang='lat' dir='ltr'><strong>pec-</strong></span> 
     </span>
    </p>
   </div>
   <div class='ocr_carea' id='block_1_27' title="bbox 261 2640 3491 2717">
    <p class='ocr_par' dir='ltr' id='par_1_27' title="bbox 261 2640 3491 2717">
     <span class='ocr_line' id='line_1_27' title="bbox 261 2640 3491 2717; baseline 0.005 -23"><span class='ocrx_word' id='word_1_334' title='bbox 261 2649 469 2694; x_wconf 86' lang='lat' dir='ltr'><strong>carunt</strong></span> <span class='ocrx_word' id='word_1_335' title='bbox 492 2650 577 2695; x_wconf 91' lang='lat' dir='ltr'><strong>sat</strong></span> <span class='ocrx_word' id='word_1_336' title='bbox 608 2640 793 2696; x_wconf 88' lang='lat' dir='ltr'><strong>beatos</strong></span> <span class='ocrx_word' id='word_1_337' title='bbox 836 2640 973 2708; x_wconf 83' lang='lat' dir='ltr'><strong>fore,</strong></span> <span class='ocrx_word' id='word_1_338' title='bbox 1016 2642 1308 2697; x_wconf 91' lang='lat' dir='ltr'><strong>dummodo</strong></span> <span class='ocrx_word' id='word_1_339' title='bbox 1338 2656 1403 2697; x_wconf 79' lang='lat' dir='ltr'><strong>ex</strong></span> <span class='ocrx_word' id='word_1_340' title='bbox 1426 2641 1633 2712; x_wconf 83' lang='lat' dir='ltr'><strong>peccati</strong></span> <span class='ocrx_word' id='word_1_341' title='bbox 1670 2642 1943 2712; x_wconf 80' lang='lat' dir='ltr'><strong>voragine,</strong></span> <span class='ocrx_word' id='word_1_342' title='bbox 1969 2650 2024 2696; x_wconf 91' lang='lat' dir='ltr'><strong>et</strong></span> <span class='ocrx_word' id='word_1_343' title='bbox 2054 2640 2209 2696; x_wconf 79' lang='lat' dir='ltr'><strong>fovea</strong></span> <span class='ocrx_word' id='word_1_344' title='bbox 2238 2652 2515 2713; x_wconf 86' lang='lat' dir='ltr'><strong>emergant</strong></span> <span class='ocrx_word' id='word_1_345' title='bbox 2577 2652 2631 2698; x_wconf 91' lang='lat' dir='ltr'><strong>et</strong></span> <span class='ocrx_word' id='word_1_346' title='bbox 2688 2658 2993 2717; x_wconf 86' lang='lat' dir='ltr'><strong>resurgant.</strong></span> <span class='ocrx_word' id='word_1_347' title='bbox 3029 2648 3132 2703; x_wconf 90' lang='lat' dir='ltr'><strong>Sed</strong></span> <span class='ocrx_word' id='word_1_348' title='bbox 3195 2656 3336 2707; x_wconf 88' lang='lat' dir='ltr'><strong>enim</strong></span> <span class='ocrx_word' id='word_1_349' title='bbox 3404 2668 3491 2710; x_wconf 77' lang='lat' dir='ltr'><strong>at-</strong></span> 
     </span>
    </p>
   </div>
   <div class='ocr_carea' id='block_1_28' title="bbox 261 2731 3485 2802">
    <p class='ocr_par' dir='ltr' id='par_1_28' title="bbox 261 2731 3485 2802">
     <span class='ocr_line' id='line_1_28' title="bbox 261 2731 3485 2802; baseline 0.003 -16"><span class='ocrx_word' id='word_1_350' title='bbox 261 2734 452 2799; x_wconf 85' lang='lat' dir='ltr'><strong>tende,</strong></span> <span class='ocrx_word' id='word_1_351' title='bbox 514 2732 662 2786; x_wconf 84' lang='lat' dir='ltr'><strong>nulla</strong></span> <span class='ocrx_word' id='word_1_352' title='bbox 722 2731 933 2788; x_wconf 86' lang='lat' dir='ltr'><strong>ratione</strong></span> <span class='ocrx_word' id='word_1_353' title='bbox 988 2732 1319 2789; x_wconf 88' lang='lat' dir='ltr'><strong>redeundum</strong></span> <span class='ocrx_word' id='word_1_354' title='bbox 1365 2744 1448 2789; x_wconf 85' lang='lat' dir='ltr'><strong>est</strong></span> <span class='ocrx_word' id='word_1_355' title='bbox 1477 2735 1565 2789; x_wconf 88' lang='lat' dir='ltr'><strong>illa</strong></span> <span class='ocrx_word' id='word_1_356' title='bbox 1602 2734 1684 2788; x_wconf 88' lang='lat' dir='ltr'><strong>via</strong></span> <span class='ocrx_word' id='word_1_357' title='bbox 1754 2748 1861 2802; x_wconf 85' lang='lat' dir='ltr'><strong>qua</strong></span> <span class='ocrx_word' id='word_1_358' title='bbox 1924 2732 2319 2795; x_wconf 75' lang='lat' dir='ltr'><strong>exerravimus,</strong></span> <span class='ocrx_word' id='word_1_359' title='bbox 2369 2734 2464 2788; x_wconf 90' lang='lat' dir='ltr'><strong>sed</strong></span> <span class='ocrx_word' id='word_1_360' title='bbox 2508 2735 2729 2789; x_wconf 90' lang='lat' dir='ltr'><strong>omnino</strong></span> <span class='ocrx_word' id='word_1_361' title='bbox 2767 2736 3030 2793; x_wconf 90' lang='lat' dir='ltr'><strong>breviore.</strong></span> <span class='ocrx_word' id='word_1_362' title='bbox 3067 2740 3185 2795; x_wconf 77' lang='lat' dir='ltr'><strong>Vidi</strong></span> <span class='ocrx_word' id='word_1_363' title='bbox 3211 2741 3347 2799; x_wconf 90' lang='lat' dir='ltr'><strong>duos</strong></span> <span class='ocrx_word' id='word_1_364' title='bbox 3408 2746 3485 2799; x_wconf 89' lang='lat' dir='ltr'><strong>si-</strong></span> 
     </span>
    </p>
   </div>
   <div class='ocr_carea' id='block_1_29' title="bbox 263 2825 3487 2897">
    <p class='ocr_par' dir='ltr' id='par_1_29' title="bbox 263 2825 3487 2897">
     <span class='ocr_line' id='line_1_29' title="bbox 263 2825 3487 2897; baseline 0.005 -19"><span class='ocrx_word' id='word_1_365' title='bbox 263 2825 387 2878; x_wconf 88' lang='lat' dir='ltr'><strong>mul</strong></span> <span class='ocrx_word' id='word_1_366' title='bbox 438 2832 493 2879; x_wconf 90' lang='lat' dir='ltr'><strong>et</strong></span> <span class='ocrx_word' id='word_1_367' title='bbox 544 2825 735 2880; x_wconf 90' lang='lat' dir='ltr'><strong>eodem</strong></span> <span class='ocrx_word' id='word_1_368' title='bbox 764 2825 925 2881; x_wconf 87' lang='lat' dir='ltr'><strong>modo</strong></span> <span class='ocrx_word' id='word_1_369' title='bbox 978 2834 1034 2881; x_wconf 90' lang='lat' dir='ltr'><strong>et</strong></span> <span class='ocrx_word' id='word_1_370' title='bbox 1062 2826 1249 2881; x_wconf 90' lang='lat' dir='ltr'><strong>eodem</strong></span> <span class='ocrx_word' id='word_1_371' title='bbox 1281 2836 1522 2897; x_wconf 90' lang='lat' dir='ltr'><strong>tempore</strong></span> <span class='ocrx_word' id='word_1_372' title='bbox 1544 2826 1611 2879; x_wconf 90' lang='lat' dir='ltr'><strong>ad</strong></span> <span class='ocrx_word' id='word_1_373' title='bbox 1658 2826 1943 2881; x_wconf 86' lang='lat' dir='ltr'><strong>Dominum</strong></span> <span class='ocrx_word' id='word_1_374' title='bbox 1990 2826 2046 2878; x_wconf 92' lang='lat' dir='ltr'><strong>in</strong></span> <span class='ocrx_word' id='word_1_375' title='bbox 2074 2825 2331 2895; x_wconf 86' lang='lat' dir='ltr'><strong>religione</strong></span> <span class='ocrx_word' id='word_1_376' title='bbox 2351 2837 2653 2893; x_wconf 89' lang='lat' dir='ltr'><strong>currentes,</strong></span> <span class='ocrx_word' id='word_1_377' title='bbox 2692 2843 2921 2897; x_wconf 90' lang='lat' dir='ltr'><strong>quorum</strong></span> <span class='ocrx_word' id='word_1_378' title='bbox 2962 2832 3096 2887; x_wconf 88' lang='lat' dir='ltr'><strong>alter</strong></span> <span class='ocrx_word' id='word_1_379' title='bbox 3127 2843 3249 2889; x_wconf 81' lang='lat' dir='ltr'><strong>erat</strong></span> <span class='ocrx_word' id='word_1_380' title='bbox 3267 2840 3447 2893; x_wconf 88' lang='lat' dir='ltr'><strong>senior</strong></span> <span class='ocrx_word' id='word_1_381' title='bbox 3471 2854 3487 2878; x_wconf 75' lang='grc' dir='ltr'><strong>ν</strong></span> 
     </span>
    </p>
   </div>
   <div class='ocr_carea' id='block_1_30' title="bbox 264 2915 3489 2989">
    <p class='ocr_par' dir='ltr' id='par_1_30' title="bbox 264 2915 3489 2989">
     <span class='ocr_line' id='line_1_30' title="bbox 264 2915 3489 2989; baseline 0.004 -18"><span class='ocrx_word' id='word_1_382' title='bbox 264 2926 332 2971; x_wconf 84' lang='lat' dir='ltr'><strong>et</strong></span> <span class='ocrx_word' id='word_1_383' title='bbox 349 2916 618 2985; x_wconf 81' lang='lat' dir='ltr'><strong>religiosis</strong></span> <span class='ocrx_word' id='word_1_384' title='bbox 634 2916 828 2971; x_wconf 90' lang='lat' dir='ltr'><strong>studiis</strong></span> <span class='ocrx_word' id='word_1_385' title='bbox 846 2916 1216 2981; x_wconf 83' lang='lat' dir='ltr'><strong>excellentior,</strong></span> <span class='ocrx_word' id='word_1_386' title='bbox 1250 2918 1386 2971; x_wconf 86' lang='lat' dir='ltr'><strong>alter</strong></span> <span class='ocrx_word' id='word_1_387' title='bbox 1405 2917 1725 2987; x_wconf 89' lang='lat' dir='ltr'><strong>discipulus,</strong></span> <span class='ocrx_word' id='word_1_388' title='bbox 1757 2915 1849 2984; x_wconf 83' lang='lat' dir='ltr'><strong>qui</strong></span> <span class='ocrx_word' id='word_1_389' title='bbox 1873 2930 2036 2971; x_wconf 83' lang='lat' dir='ltr'><strong>cursu</strong></span> <span class='ocrx_word' id='word_1_390' title='bbox 2062 2916 2330 2971; x_wconf 86' lang='lat' dir='ltr'><strong>seniorem</strong></span> <span class='ocrx_word' id='word_1_391' title='bbox 2373 2918 2668 2987; x_wconf 80' lang='lat' dir='ltr'><strong>superavit,</strong></span> <span class='ocrx_word' id='word_1_392' title='bbox 2708 2928 2762 2974; x_wconf 92' lang='lat' dir='ltr'><strong>et</strong></span> <span class='ocrx_word' id='word_1_393' title='bbox 2797 2923 2943 2989; x_wconf 88' lang='lat' dir='ltr'><strong>prior</strong></span> <span class='ocrx_word' id='word_1_394' title='bbox 2981 2925 3046 2977; x_wconf 90' lang='lat' dir='ltr'><strong>ad</strong></span> <span class='ocrx_word' id='word_1_395' title='bbox 3081 2942 3489 2986; x_wconf 86' lang='lat' dir='ltr'><strong>monumentum</strong></span> 
     </span>
    </p>
   </div>
   <div class='ocr_carea' id='block_1_31' title="bbox 267 3008 3493 3089">
    <p class='ocr_par' dir='ltr' id='par_1_31' title="bbox 267 3008 3493 3089">
     <span class='ocr_line' id='line_1_31' title="bbox 267 3008 3493 3089; baseline 0.007 -26"><span class='ocrx_word' id='word_1_396' title='bbox 267 3008 598 3065; x_wconf 80' lang='lat' dir='ltr'><strong>humilitatis</strong></span> <span class='ocrx_word' id='word_1_397' title='bbox 619 3016 884 3079; x_wconf 82' lang='lat' dir='ltr'><strong>pervenit.</strong></span> <span class='ocrx_word' id='word_1_398' title='bbox 904 3010 1208 3065; x_wconf 86' lang='lat' dir='ltr'><strong>Caveamus</strong></span> <span class='ocrx_word' id='word_1_399' title='bbox 1224 3026 1324 3089; x_wconf 91' lang='lat' dir='ltr'><strong>om</strong></span> <span class='ocrx_word' id='word_1_400' title='bbox 1336 3027 1453 3077; x_wconf 89' lang='lat' dir='ltr'><strong>nes,</strong></span> <span class='ocrx_word' id='word_1_401' title='bbox 1479 3021 1534 3066; x_wconf 91' lang='lat' dir='ltr'><strong>et</strong></span> <span class='ocrx_word' id='word_1_402' title='bbox 1564 3012 1835 3081; x_wconf 87' lang='lat' dir='ltr'><strong>imprimis</strong></span> <span class='ocrx_word' id='word_1_403' title='bbox 1852 3012 1943 3081; x_wconf 90' lang='lat' dir='ltr'><strong>qui</strong></span> <span class='ocrx_word' id='word_1_404' title='bbox 1964 3011 2099 3082; x_wconf 90' lang='lat' dir='ltr'><strong>lapsi</strong></span> <span class='ocrx_word' id='word_1_405' title='bbox 2129 3023 2275 3074; x_wconf 90' lang='lat' dir='ltr'><strong>sunt.</strong></span> <span class='ocrx_word' id='word_1_406' title='bbox 2293 3027 2361 3068; x_wconf 92' lang='lat' dir='ltr'><strong>ne</strong></span> <span class='ocrx_word' id='word_1_407' title='bbox 2380 3014 2570 3069; x_wconf 90' lang='lat' dir='ltr'><strong>morbo</strong></span> <span class='ocrx_word' id='word_1_408' title='bbox 2588 3015 2734 3085; x_wconf 88' lang='lat' dir='ltr'><strong>impii</strong></span> <span class='ocrx_word' id='word_1_409' title='bbox 2753 3015 2997 3087; x_wconf 82' lang='lat' dir='ltr'><strong>Origenis</strong></span> <span class='ocrx_word' id='word_1_410' title='bbox 3021 3020 3073 3075; x_wconf 93' lang='lat' dir='ltr'><strong>in</strong></span> <span class='ocrx_word' id='word_1_411' title='bbox 3094 3026 3277 3079; x_wconf 86' lang='lat' dir='ltr'><strong>animo</strong></span> <span class='ocrx_word' id='word_1_412' title='bbox 3300 3042 3493 3085; x_wconf 79' lang='lat' dir='ltr'><strong>conce-</strong></span> 
     </span>
    </p>
   </div>
   <div class='ocr_carea' id='block_1_32' title="bbox 265 3097 3489 3182">
    <p class='ocr_par' dir='ltr' id='par_1_32' title="bbox 265 3097 3489 3182">
     <span class='ocr_line' id='line_1_32' title="bbox 265 3097 3489 3182; baseline 0.006 -24"><span class='ocrx_word' id='word_1_413' title='bbox 265 3114 369 3173; x_wconf 90' lang='lat' dir='ltr'><strong>pto</strong></span> <span class='ocrx_word' id='word_1_414' title='bbox 397 3102 735 3158; x_wconf 86' lang='lat' dir='ltr'><strong>laboremus:</strong></span> <span class='ocrx_word' id='word_1_415' title='bbox 766 3103 975 3173; x_wconf 89' lang='lat' dir='ltr'><strong>impura</strong></span> <span class='ocrx_word' id='word_1_416' title='bbox 1001 3102 1145 3159; x_wconf 89' lang='lat' dir='ltr'><strong>enim</strong></span> <span class='ocrx_word' id='word_1_417' title='bbox 1197 3102 1443 3174; x_wconf 87' lang='lat' dir='ltr'><strong>Origenis</strong></span> <span class='ocrx_word' id='word_1_418' title='bbox 1499 3104 1745 3160; x_wconf 86' lang='lat' dir='ltr'><strong>doctrina</strong></span> <span class='ocrx_word' id='word_1_419' title='bbox 1766 3104 1831 3159; x_wconf 90' lang='lat' dir='ltr'><strong>iis</strong></span> <span class='ocrx_word' id='word_1_420' title='bbox 1858 3107 1950 3174; x_wconf 92' lang='lat' dir='ltr'><strong>qui</strong></span> <span class='ocrx_word' id='word_1_421' title='bbox 1986 3106 2354 3176; x_wconf 85' lang='lat' dir='ltr'><strong>voluptatibus</strong></span> <span class='ocrx_word' id='word_1_422' title='bbox 2378 3106 2669 3177; x_wconf 87' lang='lat' dir='ltr'><strong>capiuntur</strong></span> <span class='ocrx_word' id='word_1_423' title='bbox 2691 3109 2757 3165; x_wconf 89' lang='lat' dir='ltr'><strong>de</strong></span> <span class='ocrx_word' id='word_1_424' title='bbox 2781 3112 3056 3182; x_wconf 86' lang='lat' dir='ltr'><strong>proposita</strong></span> <span class='ocrx_word' id='word_1_425' title='bbox 3082 3115 3173 3171; x_wconf 88' lang='lat' dir='ltr'><strong>Dei</strong></span> <span class='ocrx_word' id='word_1_426' title='bbox 3205 3097 3489 3178; x_wconf 82' lang='lat' dir='ltr'><strong>clementia</strong></span> 
     </span>
    </p>
   </div>
   <div class='ocr_carea' id='block_1_33' title="bbox 268 3184 3486 3276">
    <p class='ocr_par' dir='ltr' id='par_1_33' title="bbox 268 3184 3486 3276">
     <span class='ocr_line' id='line_1_33' title="bbox 268 3184 3486 3276; baseline 0.001 -24"><span class='ocrx_word' id='word_1_427' title='bbox 268 3197 568 3252; x_wconf 81' lang='lat' dir='ltr'><strong>admodum</strong></span> <span class='ocrx_word' id='word_1_428' title='bbox 624 3206 774 3269; x_wconf 90' lang='lat' dir='ltr'><strong>grata</strong></span> <span class='ocrx_word' id='word_1_429' title='bbox 821 3206 925 3263; x_wconf 87' lang='lat' dir='ltr'><strong>est,</strong></span> <span class='ocrx_word' id='word_1_430' title='bbox 964 3192 1027 3253; x_wconf 85' lang='lat' dir='ltr'><strong>et</strong></span> <span class='ocrx_word' id='word_1_431' title='bbox 1087 3196 1242 3253; x_wconf 89' lang='lat' dir='ltr'><strong>avide</strong></span> <span class='ocrx_word' id='word_1_432' title='bbox 1276 3199 1556 3267; x_wconf 89' lang='lat' dir='ltr'><strong>arripitur.</strong></span> <span class='ocrx_word' id='word_1_433' title='bbox 1626 3197 1684 3252; x_wconf 83' lang='lat' dir='ltr'><strong>lu</strong></span> <span class='ocrx_word' id='word_1_434' title='bbox 1759 3198 2107 3265; x_wconf 57' lang='lat' dir='ltr'><strong>meditatione</strong></span> <span class='ocrx_word' id='word_1_435' title='bbox 2161 3208 2318 3266; x_wconf 87' lang='lat' dir='ltr'><strong>mea,’</strong></span> <span class='ocrx_word' id='word_1_436' title='bbox 2342 3200 2454 3255; x_wconf 90' lang='lat' dir='ltr'><strong>imo</strong></span> <span class='ocrx_word' id='word_1_437' title='bbox 2507 3218 2636 3256; x_wconf 90' lang='lat' dir='ltr'><strong>vero</strong></span> <span class='ocrx_word' id='word_1_438' title='bbox 2683 3204 2737 3257; x_wconf 91' lang='lat' dir='ltr'><strong>in</strong></span> <span class='ocrx_word' id='word_1_439' title='bbox 2791 3184 3109 3273; x_wconf 67' lang='lat' dir='ltr'><strong>paenitentia</strong></span> <span class='ocrx_word' id='word_1_440' title='bbox 3165 3227 3486 3276; x_wconf 75' lang='lat' dir='ltr'><strong>moa,exar-</strong></span> 
     </span>
    </p>
   </div>
   <div class='ocr_carea' id='block_1_34' title="bbox 268 3290 3486 3370">
    <p class='ocr_par' dir='ltr' id='par_1_34' title="bbox 268 3290 3486 3370">
     <span class='ocr_line' id='line_1_34' title="bbox 268 3290 3486 3370; baseline 0.005 -27"><span class='ocrx_word' id='word_1_441' title='bbox 268 3290 463 3344; x_wconf 83' lang='lat' dir='ltr'><strong>descet</strong></span> <span class='ocrx_word' id='word_1_442' title='bbox 523 3290 663 3359; x_wconf 87' lang='lat' dir='ltr'><strong>ignis</strong></span> <span class='ocrx_word' id='word_1_443' title='bbox 698 3290 1050 3360; x_wconf 90' lang='lat' dir='ltr'><strong>precationis,</strong></span> <span class='ocrx_word' id='word_1_444' title='bbox 1113 3305 1233 3360; x_wconf 72' lang='lat' dir='ltr'><strong>quae</strong></span> <span class='ocrx_word' id='word_1_445' title='bbox 1278 3305 1493 3345; x_wconf 90' lang='lat' dir='ltr'><strong>omnem</strong></span> <span class='ocrx_word' id='word_1_446' title='bbox 1542 3290 1749 3360; x_wconf 90' lang='lat' dir='ltr'><strong>peccati</strong></span> <span class='ocrx_word' id='word_1_447' title='bbox 1813 3290 2094 3345; x_wconf 88' lang='lat' dir='ltr'><strong>materiam</strong></span> <span class='ocrx_word' id='word_1_448' title='bbox 2149 3290 2408 3344; x_wconf 85' lang='lat' dir='ltr'><strong>absumit.</strong></span> <span class='ocrx_word' id='word_1_449' title='bbox 2455 3290 2574 3345; x_wconf 91' lang='lat' dir='ltr'><strong>Sint</strong></span> <span class='ocrx_word' id='word_1_450' title='bbox 2614 3294 2707 3347; x_wconf 86' lang='lat' dir='ltr'><strong>tibi</strong></span> <span class='ocrx_word' id='word_1_451' title='bbox 2739 3294 3070 3363; x_wconf 84' lang='lat' dir='ltr'><strong>poenitentiae</strong></span> <span class='ocrx_word' id='word_1_452' title='bbox 3100 3300 3287 3369; x_wconf 82' lang='lat' dir='ltr'><strong>duces,</strong></span> <span class='ocrx_word' id='word_1_453' title='bbox 3339 3308 3486 3370; x_wconf 86' lang='lat' dir='ltr'><strong>linis,</strong></span> 
     </span>
    </p>
   </div>
   <div class='ocr_carea' id='block_1_35' title="bbox 269 3384 3489 3467">
    <p class='ocr_par' dir='ltr' id='par_1_35' title="bbox 269 3384 3489 3467">
     <span class='ocr_line' id='line_1_35' title="bbox 269 3384 3489 3467; baseline 0.004 -28"><span class='ocrx_word' id='word_1_454' title='bbox 269 3384 494 3448; x_wconf 83' lang='lat' dir='ltr'><strong>modus,</strong></span> <span class='ocrx_word' id='word_1_455' title='bbox 543 3385 875 3455; x_wconf 78' lang='lat' dir='ltr'><strong>exetnplum,</strong></span> <span class='ocrx_word' id='word_1_456' title='bbox 914 3386 1095 3456; x_wconf 89' lang='lat' dir='ltr'><strong>imago</strong></span> <span class='ocrx_word' id='word_1_457' title='bbox 1138 3394 1189 3441; x_wconf 84' lang='lat' dir='ltr'><strong>et</strong></span> <span class='ocrx_word' id='word_1_458' title='bbox 1222 3386 1392 3455; x_wconf 82' lang='lat' dir='ltr'><strong>ﬁgura</strong></span> <span class='ocrx_word' id='word_1_459' title='bbox 1424 3386 1500 3439; x_wconf 94' lang='lat' dir='ltr'><strong>illi</strong></span> <span class='ocrx_word' id='word_1_460' title='bbox 1522 3385 1693 3439; x_wconf 91' lang='lat' dir='ltr'><strong>sancti</strong></span> <span class='ocrx_word' id='word_1_461' title='bbox 1726 3388 1823 3449; x_wconf 90' lang='lat' dir='ltr'><strong>rei,</strong></span> <span class='ocrx_word' id='word_1_462' title='bbox 1859 3400 1998 3454; x_wconf 92' lang='lat' dir='ltr'><strong>quos</strong></span> <span class='ocrx_word' id='word_1_463' title='bbox 2061 3399 2226 3454; x_wconf 87' lang='lat' dir='ltr'><strong>supra</strong></span> <span class='ocrx_word' id='word_1_464' title='bbox 2287 3385 2340 3439; x_wconf 92' lang='lat' dir='ltr'><strong>in</strong></span> <span class='ocrx_word' id='word_1_465' title='bbox 2361 3386 2463 3440; x_wconf 90' lang='lat' dir='ltr'><strong>hoc</strong></span> <span class='ocrx_word' id='word_1_466' title='bbox 2488 3388 2655 3455; x_wconf 91' lang='lat' dir='ltr'><strong>gradu</strong></span> <span class='ocrx_word' id='word_1_467' title='bbox 2694 3390 2789 3442; x_wconf 89' lang='lat' dir='ltr'><strong>tibi</strong></span> <span class='ocrx_word' id='word_1_468' title='bbox 2822 3393 3100 3461; x_wconf 87' lang='lat' dir='ltr'><strong>proposui,</strong></span> <span class='ocrx_word' id='word_1_469' title='bbox 3136 3404 3187 3447; x_wconf 89' lang='lat' dir='ltr'><strong>et</strong></span> <span class='ocrx_word' id='word_1_470' title='bbox 3216 3398 3363 3451; x_wconf 91' lang='lat' dir='ltr'><strong>nullo</strong></span> <span class='ocrx_word' id='word_1_471' title='bbox 3394 3416 3489 3467; x_wconf 82' lang='lat' dir='ltr'><strong>per</strong></span> 
     </span>
    </p>
   </div>
   <div class='ocr_carea' id='block_1_36' title="bbox 266 3475 3489 3547">
    <p class='ocr_par' dir='ltr' id='par_1_36' title="bbox 266 3475 3489 3547">
     <span class='ocr_line' id='line_1_36' title="bbox 266 3475 3489 3547; baseline 0.004 -15"><span class='ocrx_word' id='word_1_472' title='bbox 266 3492 493 3533; x_wconf 89' lang='lat' dir='ltr'><strong>omnem</strong></span> <span class='ocrx_word' id='word_1_473' title='bbox 525 3477 713 3530; x_wconf 79' lang='lat' dir='ltr'><strong>&#39;vitam</strong></span> <span class='ocrx_word' id='word_1_474' title='bbox 772 3477 912 3532; x_wconf 92' lang='lat' dir='ltr'><strong>libro</strong></span> <span class='ocrx_word' id='word_1_475' title='bbox 962 3476 1249 3547; x_wconf 88' lang='lat' dir='ltr'><strong>indigebis,</strong></span> <span class='ocrx_word' id='word_1_476' title='bbox 1283 3477 1460 3547; x_wconf 88' lang='lat' dir='ltr'><strong>quoad</strong></span> <span class='ocrx_word' id='word_1_477' title='bbox 1532 3475 1863 3531; x_wconf 88' lang='lat' dir='ltr'><strong>illuminabit</strong></span> <span class='ocrx_word' id='word_1_478' title='bbox 1934 3486 1979 3532; x_wconf 69' lang='lat' dir='ltr'><strong>te</strong></span> <span class='ocrx_word' id='word_1_479' title='bbox 2039 3476 2292 3533; x_wconf 88' lang='lat' dir='ltr'><strong>Christus</strong></span> <span class='ocrx_word' id='word_1_480' title='bbox 2332 3476 2425 3531; x_wconf 93' lang='lat' dir='ltr'><strong>Dei</strong></span> <span class='ocrx_word' id='word_1_481' title='bbox 2469 3476 2641 3533; x_wconf 89' lang='lat' dir='ltr'><strong>Filius</strong></span> <span class='ocrx_word' id='word_1_482' title='bbox 2699 3490 2754 3535; x_wconf 94' lang='lat' dir='ltr'><strong>et</strong></span> <span class='ocrx_word' id='word_1_483' title='bbox 2798 3480 2943 3537; x_wconf 90' lang='lat' dir='ltr'><strong>Deus</strong></span> <span class='ocrx_word' id='word_1_484' title='bbox 2982 3484 3038 3539; x_wconf 92' lang='lat' dir='ltr'><strong>in</strong></span> <span class='ocrx_word' id='word_1_485' title='bbox 3090 3492 3489 3547; x_wconf 86' lang='lat' dir='ltr'><strong>resurrectione</strong></span> 
     </span>
    </p>
   </div>
   <div class='ocr_carea' id='block_1_37' title="bbox 269 3554 2275 3640">
    <p class='ocr_par' dir='ltr' id='par_1_37' title="bbox 269 3554 2275 3640">
     <span class='ocr_line' id='line_1_37' title="bbox 269 3554 2275 3640; baseline 0 -19"><span class='ocrx_word' id='word_1_486' title='bbox 269 3585 417 3624; x_wconf 68' lang='lat' dir='ltr'><strong>verae</strong></span> <span class='ocrx_word' id='word_1_487' title='bbox 449 3578 503 3623; x_wconf 88' lang='lat' dir='ltr'><strong>et</strong></span> <span class='ocrx_word' id='word_1_488' title='bbox 529 3568 779 3638; x_wconf 71' lang='lat' dir='ltr'><strong>perlecta:</strong></span> <span class='ocrx_word' id='word_1_489' title='bbox 815 3567 1169 3640; x_wconf 62' lang='lat' dir='ltr'><strong>poenitentiae.</strong></span> <span class='ocrx_word' id='word_1_490' title='bbox 1212 3568 1405 3623; x_wconf 85' lang='lat' dir='ltr'><strong>Amen.</strong></span> <span class='ocrx_word' id='word_1_491' title='bbox 1434 3633 1440 3639; x_wconf 27' lang='grc' dir='ltr'><strong><em>ο</em></strong></span> <span class='ocrx_word' id='word_1_492' title='bbox 2252 3554 2275 3577; x_wconf 83' lang='grc'><em>’</em></span> 
     </span>
    </p>
   </div>
   <div class='ocr_carea' id='block_1_38' title="bbox 346 3626 1945 3747">
    <p class='ocr_par' dir='ltr' id='par_1_38' title="bbox 346 3626 1907 3739">
     <span class='ocr_line' id='line_1_38' title="bbox 346 3626 1907 3739; baseline 0.003 -26"><span class='ocrx_word' id='word_1_493' title='bbox 346 3626 601 3729; x_wconf 72' lang='grc' dir='ltr'>Πέμπτόν</span> <span class='ocrx_word' id='word_1_494' title='bbox 643 3626 848 3730; x_wconf 63' lang='grc' dir='ltr'>βαθμὸν</span> <span class='ocrx_word' id='word_1_495' title='bbox 885 3659 1113 3731; x_wconf 80' lang='grc' dir='ltr'><strong>ἀνῆλθες</strong></span> <span class='ocrx_word' id='word_1_496' title='bbox 1140 3662 1170 3714; x_wconf 84' lang='grc' dir='ltr'><strong>ό</strong></span> <span class='ocrx_word' id='word_1_497' title='bbox 1200 3633 1558 3733; x_wconf 81' lang='grc' dir='ltr'>μετανοήσας,</span> <span class='ocrx_word' id='word_1_498' title='bbox 1602 3660 1701 3726; x_wconf 85' lang='grc' dir='ltr'>τὰς</span> <span class='ocrx_word' id='word_1_499' title='bbox 1726 3661 1834 3734; x_wconf 83' lang='grc' dir='ltr'><strong>γὰρ</strong></span> <span class='ocrx_word' id='word_1_500' title='bbox 1865 3684 1907 3739; x_wconf 75' lang='grc' dir='ltr'><strong>Β</strong></span> 
     </span>
    </p>
   </div>
   <div class='ocr_carea' id='block_1_39' title="bbox 1888 3626 3487 3747">
    <p class='ocr_par' dir='ltr' id='par_1_39' title="bbox 1888 3664 3487 3747">
     <span class='ocr_line' id='line_1_39' title="bbox 1888 3664 3487 3747; baseline 0.011 -31"><span class='ocrx_word' id='word_1_501' title='bbox 1888 3684 1907 3739; x_wconf 62' lang='grc' dir='ltr'><strong>ς</strong></span> <span class='ocrx_word' id='word_1_502' title='bbox 2002 3664 2262 3731; x_wconf 89' lang='lat' dir='ltr'><strong>Quintum</strong></span> <span class='ocrx_word' id='word_1_503' title='bbox 2314 3665 2539 3735; x_wconf 84' lang='lat' dir='ltr'><strong>gradum</strong></span> <span class='ocrx_word' id='word_1_504' title='bbox 2601 3682 2697 3737; x_wconf 91' lang='lat' dir='ltr'><strong>per</strong></span> <span class='ocrx_word' id='word_1_505' title='bbox 2764 3672 3132 3739; x_wconf 77' lang='lat' dir='ltr'><strong>pmnitcntiam</strong></span> <span class='ocrx_word' id='word_1_506' title='bbox 3178 3681 3487 3747; x_wconf 85' lang='lat' dir='ltr'><strong>ascemlisli,</strong></span> 
     </span>
    </p>
   </div>
   <div class='ocr_carea' id='block_1_40' title="bbox 270 3752 1869 3837">
    <p class='ocr_par' dir='ltr' id='par_1_40' title="bbox 270 3752 1833 3826">
     <span class='ocr_line' id='line_1_40' title="bbox 270 3752 1833 3826; baseline 0.002 -20"><span class='ocrx_word' id='word_1_507' title='bbox 270 3753 441 3806; x_wconf 78' lang='grc' dir='ltr'>πέντε</span> <span class='ocrx_word' id='word_1_508' title='bbox 473 3752 754 3823; x_wconf 79' lang='grc' dir='ltr'><strong>αἰσθήσεις</strong></span> <span class='ocrx_word' id='word_1_509' title='bbox 779 3752 1054 3825; x_wconf 78' lang='grc' dir='ltr'>ἐκάθηρας</span> <span class='ocrx_word' id='word_1_510' title='bbox 1079 3753 1145 3807; x_wconf 88' lang='grc' dir='ltr'><strong>δι’</strong></span> <span class='ocrx_word' id='word_1_511' title='bbox 1178 3754 1373 3826; x_wconf 81' lang='grc' dir='ltr'>αὐτῆς·</span> <span class='ocrx_word' id='word_1_512' title='bbox 1403 3755 1495 3809; x_wconf 72' lang='grc' dir='ltr'>καὶ</span> <span class='ocrx_word' id='word_1_513' title='bbox 1525 3753 1620 3826; x_wconf 81' lang='grc' dir='ltr'>τὴν</span> <span class='ocrx_word' id='word_1_514' title='bbox 1667 3754 1833 3810; x_wconf 82' lang='grc' dir='ltr'>ἀκού-</span> 
     </span>
    </p>
   </div>
   <div class='ocr_carea' id='block_1_41' title="bbox 1890 3752 3489 3837">
    <p class='ocr_par' dir='ltr' id='par_1_41' title="bbox 1936 3757 3489 3837">
     <span class='ocr_line' id='line_1_41' title="bbox 1936 3757 3489 3837; baseline 0.01 -27"><span class='ocrx_word' id='word_1_515' title='bbox 1936 3757 2182 3830; x_wconf 86' lang='lat' dir='ltr'><strong>quinque</strong></span> <span class='ocrx_word' id='word_1_516' title='bbox 2210 3773 2405 3814; x_wconf 81' lang='lat' dir='ltr'><strong>sensus</strong></span> <span class='ocrx_word' id='word_1_517' title='bbox 2450 3773 2546 3827; x_wconf 91' lang='lat' dir='ltr'><strong>per</strong></span> <span class='ocrx_word' id='word_1_518' title='bbox 2575 3773 2695 3813; x_wconf 87' lang='lat' dir='ltr'><strong>eam</strong></span> <span class='ocrx_word' id='word_1_519' title='bbox 2746 3766 3065 3832; x_wconf 85' lang='lat' dir='ltr'><strong>repurgasti,</strong></span> <span class='ocrx_word' id='word_1_520' title='bbox 3093 3777 3374 3837; x_wconf 85' lang='lat' dir='ltr'><strong>etpoenam</strong></span> <span class='ocrx_word' id='word_1_521' title='bbox 3410 3774 3489 3826; x_wconf 91' lang='lat' dir='ltr'><strong>in-</strong></span> 
     </span>
    </p>
   </div>
   <div class='ocr_carea' id='block_1_42' title="bbox 273 3842 1872 3927">
    <p class='ocr_par' dir='ltr' id='par_1_42' title="bbox 273 3842 1835 3920">
     <span class='ocr_line' id='line_1_42' title="bbox 273 3842 1835 3920; baseline 0.001 -23"><span class='ocrx_word' id='word_1_522' title='bbox 273 3861 395 3897; x_wconf 88' lang='grc' dir='ltr'>σιον</span> <span class='ocrx_word' id='word_1_523' title='bbox 423 3842 693 3914; x_wconf 81' lang='grc' dir='ltr'><strong>τιμωρίαν</strong></span> <span class='ocrx_word' id='word_1_524' title='bbox 725 3844 815 3898; x_wconf 74' lang='grc' dir='ltr'>καὶ</span> <span class='ocrx_word' id='word_1_525' title='bbox 844 3844 1061 3900; x_wconf 80' lang='grc' dir='ltr'>κόλασιν</span> <span class='ocrx_word' id='word_1_526' title='bbox 1083 3844 1151 3900; x_wconf 80' lang='grc' dir='ltr'><strong>δι’</strong></span> <span class='ocrx_word' id='word_1_527' title='bbox 1182 3846 1351 3914; x_wconf 79' lang='grc' dir='ltr'>αὐτῆς</span> <span class='ocrx_word' id='word_1_528' title='bbox 1378 3846 1835 3920; x_wconf 75' lang='grc' dir='ltr'>αὐτοπροαιρέτου</span> 
     </span>
    </p>
   </div>
   <div class='ocr_carea' id='block_1_43' title="bbox 1890 3842 3489 3927">
    <p class='ocr_par' dir='ltr' id='par_1_43' title="bbox 1934 3847 3489 3927">
     <span class='ocr_line' id='line_1_43' title="bbox 1934 3847 3489 3927; baseline 0.007 -24"><span class='ocrx_word' id='word_1_529' title='bbox 1934 3849 2049 3903; x_wconf 91' lang='lat' dir='ltr'><strong>vito</strong></span> <span class='ocrx_word' id='word_1_530' title='bbox 2103 3847 2463 3918; x_wconf 86' lang='lat' dir='ltr'><strong>pendendam,</strong></span> <span class='ocrx_word' id='word_1_531' title='bbox 2524 3848 2958 3919; x_wconf 80' lang='lat' dir='ltr'><strong>suppliciumque</strong></span> <span class='ocrx_word' id='word_1_532' title='bbox 3021 3869 3115 3921; x_wconf 89' lang='lat' dir='ltr'><strong>per</strong></span> <span class='ocrx_word' id='word_1_533' title='bbox 3166 3872 3284 3910; x_wconf 82' lang='lat' dir='ltr'><strong>eam</strong></span> <span class='ocrx_word' id='word_1_534' title='bbox 3326 3874 3489 3927; x_wconf 89' lang='lat' dir='ltr'><strong>quam</strong></span> 
     </span>
    </p>
   </div>
   <div class='ocr_carea' id='block_1_44' title="bbox 269 3933 3366 4014">
    <p class='ocr_par' dir='ltr' id='par_1_44' title="bbox 269 3933 3366 4014">
     <span class='ocr_line' id='line_1_44' title="bbox 269 3933 3366 4014; baseline 0.003 -23"><span class='ocrx_word' id='word_1_535' title='bbox 269 3933 552 4006; x_wconf 68' lang='grc' dir='ltr'><strong>ικφυγών.</strong></span> <span class='ocrx_word' id='word_1_536' title='bbox 1938 3941 2053 4009; x_wconf 85' lang='lat' dir='ltr'><strong>ipse</strong></span> <span class='ocrx_word' id='word_1_537' title='bbox 2084 3950 2275 4009; x_wconf 88' lang='lat' dir='ltr'><strong>sponte</strong></span> <span class='ocrx_word' id='word_1_538' title='bbox 2317 3939 2604 4007; x_wconf 76' lang='lat' dir='ltr'><strong>suscepisti</strong></span> <span class='ocrx_word' id='word_1_539' title='bbox 2642 3941 3014 4008; x_wconf 69' lang='lat' dir='ltr'><strong>paenitentiam</strong></span> <span class='ocrx_word' id='word_1_540' title='bbox 3043 3947 3283 4000; x_wconf 82' lang='lat' dir='ltr'><strong>evasisti.</strong></span> <span class='ocrx_word' id='word_1_541' title='bbox 3359 4007 3366 4014; x_wconf 16' lang='grc' dir='ltr'><strong>ἢ</strong></span> 
     </span>
    </p>
   </div>
   <div class='ocr_carea' id='block_1_45' title="bbox 672 4046 2271 4121">
    <p class='ocr_par' dir='ltr' id='par_1_45' title="bbox 672 4046 2271 4121">
     <span class='ocr_line' id='line_1_45' title="bbox 672 4046 2271 4121; baseline -0.002 -22"><span class='ocrx_word' id='word_1_542' title='bbox 672 4046 921 4100; x_wconf 80' lang='grc' dir='ltr'><strong>ΣΧΟΛΙΔ</strong></span> <span class='ocrx_word' id='word_1_543' title='bbox 956 4046 1065 4100; x_wconf 86' lang='grc' dir='ltr'><strong>ΕΙΣ</strong></span> <span class='ocrx_word' id='word_1_544' title='bbox 1100 4047 1325 4101; x_wconf 84' lang='grc' dir='ltr'><strong>ΛΟΓΟΝ</strong></span> <span class='ocrx_word' id='word_1_545' title='bbox 1362 4047 1435 4100; x_wconf 85' lang='lat' dir='ltr'><strong>E&#39;.</strong></span> <span class='ocrx_word' id='word_1_546' title='bbox 2204 4052 2271 4121; x_wconf 68' lang='grc' dir='ltr'><strong>ιε</strong></span> 
     </span>
    </p>
   </div>
   <div class='ocr_carea' id='block_1_46' title="bbox 1624 4046 3223 4121">
    <p class='ocr_par' dir='ltr' id='par_1_46' title="bbox 2204 4049 3223 4121">
     <span class='ocr_line' id='line_1_46' title="bbox 2204 4049 3223 4121; baseline 0.004 -13"><span class='ocrx_word' id='word_1_547' title='bbox 2204 4050 2358 4121; x_wconf 78' lang='lat'><strong>133</strong></span> <span class='ocrx_word' id='word_1_548' title='bbox 2394 4049 2682 4106; x_wconf 79' lang='lat' dir='ltr'><strong>SCHOLIA</strong></span> <span class='ocrx_word' id='word_1_549' title='bbox 2714 4052 2804 4106; x_wconf 88' lang='lat' dir='ltr'><strong>AD</strong></span> <span class='ocrx_word' id='word_1_550' title='bbox 2836 4053 3121 4110; x_wconf 79' lang='lat' dir='ltr'><strong>GRADUM</strong></span> <span class='ocrx_word' id='word_1_551' title='bbox 3162 4059 3223 4112; x_wconf 80' lang='grc' dir='ltr'><strong>ν.</strong></span> 
     </span>
    </p>
   </div>
   <div class='ocr_carea' id='block_1_47' title="bbox 626 4159 2225 4232">
    <p class='ocr_par' dir='ltr' id='par_1_47' title="bbox 626 4159 1445 4232">
     <span class='ocr_line' id='line_1_47' title="bbox 626 4159 1445 4232; baseline 0.001 -20"><span class='ocrx_word' id='word_1_552' title='bbox 626 4160 760 4230; x_wconf 80' lang='grc' dir='ltr'>Περὶ</span> <span class='ocrx_word' id='word_1_553' title='bbox 804 4159 1091 4231; x_wconf 77' lang='grc' dir='ltr'>μετανοίας</span> <span class='ocrx_word' id='word_1_554' title='bbox 1118 4159 1151 4232; x_wconf 83' lang='grc' dir='ltr'>ἢ</span> <span class='ocrx_word' id='word_1_555' title='bbox 1185 4159 1445 4228; x_wconf 64' lang='grc' dir='ltr'>φυλακῆς.</span> 
     </span>
    </p>
   </div>
   <div class='ocr_carea' id='block_1_48' title="bbox 1534 4159 3133 4232">
    <p class='ocr_par' dir='ltr' id='par_1_48' title="bbox 2280 4161 3133 4232">
     <span class='ocr_line' id='line_1_48' title="bbox 2280 4161 3133 4232; baseline 0.006 -17"><span class='ocrx_word' id='word_1_556' title='bbox 2280 4161 2356 4217; x_wconf 89' lang='lat' dir='ltr'><strong>De</strong></span> <span class='ocrx_word' id='word_1_557' title='bbox 2405 4163 2719 4232; x_wconf 67' lang='lat' dir='ltr'><strong>poenitentia</strong></span> <span class='ocrx_word' id='word_1_558' title='bbox 2772 4179 2865 4219; x_wconf 91' lang='lat' dir='ltr'><strong>seu</strong></span> <span class='ocrx_word' id='word_1_559' title='bbox 2902 4180 3133 4220; x_wconf 82' lang='lat' dir='ltr'><strong>carcere.</strong></span> 
     </span>
    </p>
   </div>
   <div class='ocr_carea' id='block_1_49' title="bbox 871 4273 2470 4345">
    <p class='ocr_par' dir='ltr' id='par_1_49' title="bbox 871 4275 1241 4345">
     <span class='ocr_line' id='line_1_49' title="bbox 871 4275 1241 4345; baseline -0.005 -16"><span class='ocrx_word' id='word_1_560' title='bbox 871 4275 1129 4345; x_wconf 74' lang='grc' dir='ltr'><strong>Σχόλιον</strong></span> <span class='ocrx_word' id='word_1_561' title='bbox 1165 4280 1241 4328; x_wconf 83' lang='grc' dir='ltr'><strong>α’.</strong></span> 
     </span>
    </p>
   </div>
   <div class='ocr_carea' id='block_1_50' title="bbox 1269 4273 2868 4345">
    <p class='ocr_par' dir='ltr' id='par_1_50' title="bbox 2554 4273 2868 4331">
     <span class='ocr_line' id='line_1_50' title="bbox 2554 4273 2868 4331; baseline 0.006 -2"><span class='ocrx_word' id='word_1_562' title='bbox 2554 4273 2797 4329; x_wconf 79' lang='lat' dir='ltr'><strong>Scholion</strong></span> <span class='ocrx_word' id='word_1_563' title='bbox 2820 4276 2868 4331; x_wconf 81' lang='lat' dir='ltr'><strong>l.</strong></span> 
     </span>
    </p>
   </div>
   <div class='ocr_carea' id='block_1_51' title="bbox 346 4361 1945 4436">
    <p class='ocr_par' dir='ltr' id='par_1_51' title="bbox 346 4363 1836 4436">
     <span class='ocr_line' id='line_1_51' title="bbox 346 4363 1836 4436; baseline -0.005 -13"><span class='ocrx_word' id='word_1_564' title='bbox 346 4365 619 4423; x_wconf 73' lang='grc' dir='ltr'>Μετάνοιά</span> <span class='ocrx_word' id='word_1_565' title='bbox 649 4367 794 4421; x_wconf 76' lang='grc' dir='ltr'>ἐστιν</span> <span class='ocrx_word' id='word_1_566' title='bbox 821 4369 885 4420; x_wconf 81' lang='grc' dir='ltr'>ἐκ</span> <span class='ocrx_word' id='word_1_567' title='bbox 933 4366 1019 4420; x_wconf 81' lang='grc' dir='ltr'>τοῦ</span> <span class='ocrx_word' id='word_1_568' title='bbox 1059 4366 1209 4435; x_wconf 81' lang='grc' dir='ltr'>παρὰ</span> <span class='ocrx_word' id='word_1_569' title='bbox 1235 4364 1395 4436; x_wconf 81' lang='grc' dir='ltr'>φύσιν</span> <span class='ocrx_word' id='word_1_570' title='bbox 1427 4365 1505 4429; x_wconf 83' lang='grc' dir='ltr'>εἰς</span> <span class='ocrx_word' id='word_1_571' title='bbox 1550 4363 1651 4435; x_wconf 74' lang='grc' dir='ltr'><strong>τὴν</strong></span> <span class='ocrx_word' id='word_1_572' title='bbox 1696 4363 1836 4417; x_wconf 76' lang='grc' dir='ltr'>κατὰ</span> 
     </span>
    </p>
   </div>
   <div class='ocr_carea' id='block_1_52' title="bbox 1891 4361 3490 4436">
    <p class='ocr_par' dir='ltr' id='par_1_52' title="bbox 2004 4361 3490 4432">
     <span class='ocr_line' id='line_1_52' title="bbox 2004 4361 3490 4432; baseline 0.003 -14"><span class='ocrx_word' id='word_1_573' title='bbox 2004 4364 2326 4421; x_wconf 74' lang='lat' dir='ltr'><strong>Pmnitentia</strong></span> <span class='ocrx_word' id='word_1_574' title='bbox 2351 4372 2433 4419; x_wconf 89' lang='lat' dir='ltr'><strong>est</strong></span> <span class='ocrx_word' id='word_1_575' title='bbox 2459 4361 2663 4417; x_wconf 86' lang='lat' dir='ltr'><strong>reditus</strong></span> <span class='ocrx_word' id='word_1_576' title='bbox 2685 4378 2749 4417; x_wconf 82' lang='lat' dir='ltr'><strong>ex</strong></span> <span class='ocrx_word' id='word_1_577' title='bbox 2768 4373 2928 4422; x_wconf 89' lang='lat' dir='ltr'><strong>statu.</strong></span> <span class='ocrx_word' id='word_1_578' title='bbox 2950 4363 2999 4416; x_wconf 93' lang='lat' dir='ltr'><strong>in</strong></span> <span class='ocrx_word' id='word_1_579' title='bbox 3027 4380 3135 4432; x_wconf 88' lang='lat' dir='ltr'><strong>quo</strong></span> <span class='ocrx_word' id='word_1_580' title='bbox 3152 4366 3280 4419; x_wconf 76' lang='lat' dir='ltr'><strong>vixit</strong></span> <span class='ocrx_word' id='word_1_581' title='bbox 3302 4380 3490 4424; x_wconf 74' lang='lat' dir='ltr'><strong>contra</strong></span> 
     </span>
    </p>
   </div>
   <div class='ocr_carea' id='block_1_53' title="bbox 272 4450 1871 4543">
    <p class='ocr_par' dir='ltr' id='par_1_53' title="bbox 272 4456 1835 4529">
     <span class='ocr_line' id='line_1_53' title="bbox 272 4456 1835 4529; baseline -0.004 -15"><span class='ocrx_word' id='word_1_582' title='bbox 272 4460 459 4529; x_wconf 79' lang='grc' dir='ltr'>φύσιν,</span> <span class='ocrx_word' id='word_1_583' title='bbox 506 4459 602 4514; x_wconf 77' lang='grc' dir='ltr'><strong>καὶ</strong></span> <span class='ocrx_word' id='word_1_584' title='bbox 632 4459 697 4512; x_wconf 86' lang='grc' dir='ltr'>ὲκ</span> <span class='ocrx_word' id='word_1_585' title='bbox 720 4456 815 4510; x_wconf 80' lang='grc' dir='ltr'><strong>τοῦ</strong></span> <span class='ocrx_word' id='word_1_586' title='bbox 844 4457 1090 4512; x_wconf 75' lang='grc' dir='ltr'>διαϐόλου</span> <span class='ocrx_word' id='word_1_587' title='bbox 1119 4458 1255 4529; x_wconf 86' lang='grc' dir='ltr'>πρὸς</span> <span class='ocrx_word' id='word_1_588' title='bbox 1302 4457 1393 4511; x_wconf 84' lang='grc' dir='ltr'>τὸν</span> <span class='ocrx_word' id='word_1_589' title='bbox 1422 4456 1553 4510; x_wconf 86' lang='grc' dir='ltr'>Θεὸν</span> <span class='ocrx_word' id='word_1_590' title='bbox 1581 4456 1835 4520; x_wconf 74' lang='grc' dir='ltr'>ἐπάνοδος</span> 
     </span>
    </p>
   </div>
   <div class='ocr_carea' id='block_1_54' title="bbox 1891 4450 3490 4543">
    <p class='ocr_par' dir='ltr' id='par_1_54' title="bbox 1934 4450 3490 4543">
     <span class='ocr_line' id='line_1_54' title="bbox 1934 4450 3490 4543; baseline 0.001 -35"><span class='ocrx_word' id='word_1_591' title='bbox 1934 4467 2204 4519; x_wconf 89' lang='lat' dir='ltr'><strong>naturam,</strong></span> <span class='ocrx_word' id='word_1_592' title='bbox 2251 4453 2318 4508; x_wconf 87' lang='lat' dir='ltr'><strong>ad</strong></span> <span class='ocrx_word' id='word_1_593' title='bbox 2361 4462 2559 4507; x_wconf 86' lang='lat' dir='ltr'><strong>statum</strong></span> <span class='ocrx_word' id='word_1_594' title='bbox 2588 4450 3490 4543; x_wconf 67' lang='lat' dir='ltr'><strong>quiestsecundtunnaturam,eta</strong></span> 
     </span>
    </p>
   </div>
   <div class='ocr_carea' id='block_1_55' title="bbox 270 4538 1869 4615">
    <p class='ocr_par' dir='ltr' id='par_1_55' title="bbox 270 4550 998 4615">
     <span class='ocr_line' id='line_1_55' title="bbox 270 4550 998 4615; baseline 0 -9"><span class='ocrx_word' id='word_1_595' title='bbox 270 4552 344 4606; x_wconf 82' lang='grc' dir='ltr'><strong>δι’</strong></span> <span class='ocrx_word' id='word_1_596' title='bbox 374 4554 661 4615; x_wconf 64' lang='grc' dir='ltr'>ἀσκήσεως</span> <span class='ocrx_word' id='word_1_597' title='bbox 691 4551 784 4606; x_wconf 75' lang='grc' dir='ltr'><strong>καὶ</strong></span> <span class='ocrx_word' id='word_1_598' title='bbox 815 4550 998 4606; x_wconf 82' lang='grc' dir='ltr'>πόνου.</span> 
     </span>
    </p>
   </div>
   <div class='ocr_carea' id='block_1_56' title="bbox 1895 4538 3494 4615">
    <p class='ocr_par' dir='ltr' id='par_1_56' title="bbox 1936 4538 3494 4613">
     <span class='ocr_line' id='line_1_56' title="bbox 1936 4538 3494 4613; baseline 0 -14"><span class='ocrx_word' id='word_1_599' title='bbox 1936 4546 2151 4600; x_wconf 88' lang='lat' dir='ltr'><strong>diabolo</strong></span> <span class='ocrx_word' id='word_1_600' title='bbox 2184 4546 2249 4599; x_wconf 86' lang='lat' dir='ltr'><strong>ad</strong></span> <span class='ocrx_word' id='word_1_601' title='bbox 2287 4545 2453 4599; x_wconf 89' lang='lat' dir='ltr'><strong>Deum</strong></span> <span class='ocrx_word' id='word_1_602' title='bbox 2509 4539 2768 4596; x_wconf 78' lang='lat' dir='ltr'><strong>beneﬁcio</strong></span> <span class='ocrx_word' id='word_1_603' title='bbox 2818 4538 3077 4609; x_wconf 65' lang='lat' dir='ltr'><strong>religiosa:</strong></span> <span class='ocrx_word' id='word_1_604' title='bbox 3122 4538 3419 4613; x_wconf 67' lang='lat' dir='ltr'><strong>disciplina:</strong></span> <span class='ocrx_word' id='word_1_605' title='bbox 3443 4558 3494 4601; x_wconf 78' lang='lat' dir='ltr'><strong>et</strong></span> 
     </span>
    </p>
   </div>
   <div class='ocr_carea' id='block_1_57' title="bbox 1148 4633 2156 4717">
    <p class='ocr_par' dir='ltr' id='par_1_57' title="bbox 1935 4633 2156 4706">
     <span class='ocr_line' id='line_1_57' title="bbox 1935 4633 2156 4706; baseline 0 -20"><span class='ocrx_word' id='word_1_606' title='bbox 1935 4633 2156 4706; x_wconf 82' lang='lat' dir='ltr'><strong>laboris.</strong></span> 
     </span>
    </p>
   </div>
   <div class='ocr_carea' id='block_1_58' title="bbox 958 4720 2557 4786">
    <p class='ocr_par' dir='ltr' id='par_1_58' title="bbox 958 4732 1156 4786">
     <span class='ocr_line' id='line_1_58' title="bbox 958 4732 1156 4786; baseline 0.005 -1"><span class='ocrx_word' id='word_1_607' title='bbox 958 4732 1156 4786; x_wconf 76' lang='grc' dir='ltr'>Ἄλλο.</span> 
     </span>
    </p>
   </div>
   <div class='ocr_carea' id='block_1_59' title="bbox 1204 4720 2803 4786">
    <p class='ocr_par' dir='ltr' id='par_1_59' title="bbox 2625 4720 2803 4775">
     <span class='ocr_line' id='line_1_59' title="bbox 2625 4720 2803 4775; baseline 0.011 -2"><span class='ocrx_word' id='word_1_608' title='bbox 2625 4720 2803 4775; x_wconf 72' lang='lat' dir='ltr'><strong>Aliud.</strong></span> 
     </span>
    </p>
   </div>
   <div class='ocr_carea' id='block_1_60' title="bbox 346 4831 1945 4917">
    <p class='ocr_par' dir='ltr' id='par_1_60' title="bbox 346 4842 1829 4917">
     <span class='ocr_line' id='line_1_60' title="bbox 346 4842 1829 4917; baseline -0.001 -18"><span class='ocrx_word' id='word_1_609' title='bbox 346 4842 621 4899; x_wconf 73' lang='grc' dir='ltr'>Μετάνοιά</span> <span class='ocrx_word' id='word_1_610' title='bbox 656 4844 769 4897; x_wconf 71' lang='grc' dir='ltr'>ἐστι</span> <span class='ocrx_word' id='word_1_611' title='bbox 799 4844 863 4899; x_wconf 78' lang='grc' dir='ltr'>τὸ</span> <span class='ocrx_word' id='word_1_612' title='bbox 891 4843 1226 4917; x_wconf 82' lang='grc' dir='ltr'>ἀποστρέψαι</span> <span class='ocrx_word' id='word_1_613' title='bbox 1254 4843 1361 4897; x_wconf 82' lang='grc' dir='ltr'><strong>ἀπὸ</strong></span> <span class='ocrx_word' id='word_1_614' title='bbox 1392 4844 1488 4915; x_wconf 79' lang='grc' dir='ltr'>τῆς</span> <span class='ocrx_word' id='word_1_615' title='bbox 1535 4843 1829 4913; x_wconf 77' lang='grc' dir='ltr'>ἁμαρτίας.</span> 
     </span>
    </p>
   </div>
   <div class='ocr_carea' id='block_1_61' title="bbox 1888 4831 3487 4917">
    <p class='ocr_par' dir='ltr' id='par_1_61' title="bbox 2003 4831 3487 4903">
     <span class='ocr_line' id='line_1_61' title="bbox 2003 4831 3487 4903; baseline -0.005 -13"><span class='ocrx_word' id='word_1_616' title='bbox 2003 4836 2319 4893; x_wconf 73' lang='grc' dir='ltr'>Ρωιιὶιοιιιὶει</span> <span class='ocrx_word' id='word_1_617' title='bbox 2356 4844 2438 4889; x_wconf 90' lang='lat' dir='ltr'><strong>est</strong></span> <span class='ocrx_word' id='word_1_618' title='bbox 2468 4842 2634 4887; x_wconf 77' lang='lat' dir='ltr'><strong>averti</strong></span> <span class='ocrx_word' id='word_1_619' title='bbox 2666 4838 2973 4903; x_wconf 81' lang='lat' dir='ltr'><strong>a&#39;peccato.</strong></span> <span class='ocrx_word' id='word_1_620' title='bbox 3006 4831 3122 4885; x_wconf 86' lang='lat' dir='ltr'><strong>Non</strong></span> <span class='ocrx_word' id='word_1_621' title='bbox 3151 4832 3292 4887; x_wconf 90' lang='lat' dir='ltr'><strong>enim</strong></span> <span class='ocrx_word' id='word_1_622' title='bbox 3324 4847 3487 4883; x_wconf 85' lang='lat' dir='ltr'><strong>unum</strong></span> 
     </span>
    </p>
   </div>
   <div class='ocr_carea' id='block_1_62' title="bbox 274 4921 1873 5006">
    <p class='ocr_par' dir='ltr' id='par_1_62' title="bbox 274 4932 1833 5006">
     <span class='ocr_line' id='line_1_62' title="bbox 274 4932 1833 5006; baseline -0.002 -16"><span class='ocrx_word' id='word_1_623' title='bbox 274 4935 354 4990; x_wconf 76' lang='grc' dir='ltr'><strong>Οὐ</strong></span> <span class='ocrx_word' id='word_1_624' title='bbox 382 4934 490 5004; x_wconf 76' lang='grc' dir='ltr'><strong>γὰρ</strong></span> <span class='ocrx_word' id='word_1_625' title='bbox 522 4932 635 4985; x_wconf 72' lang='grc' dir='ltr'>ἐστι</span> <span class='ocrx_word' id='word_1_626' title='bbox 670 4933 769 5002; x_wconf 88' lang='grc' dir='ltr'><strong>μία</strong></span> <span class='ocrx_word' id='word_1_627' title='bbox 809 4934 1053 5006; x_wconf 83' lang='grc' dir='ltr'>ἁμαρτία</span> <span class='ocrx_word' id='word_1_628' title='bbox 1075 4951 1091 4967; x_wconf 77' lang='grc' dir='ltr'><strong>ο</strong></span> <span class='ocrx_word' id='word_1_629' title='bbox 1132 4933 1247 4989; x_wconf 77' lang='grc' dir='ltr'>ἀλλ’</span> <span class='ocrx_word' id='word_1_630' title='bbox 1281 4934 1399 4995; x_wconf 83' lang='grc' dir='ltr'>ὅλος</span> <span class='ocrx_word' id='word_1_631' title='bbox 1427 4935 1454 4986; x_wconf 88' lang='grc' dir='ltr'>ὁ</span> <span class='ocrx_word' id='word_1_632' title='bbox 1484 4932 1710 4997; x_wconf 82' lang='grc' dir='ltr'>παλαιὸς</span> <span class='ocrx_word' id='word_1_633' title='bbox 1740 4934 1833 4987; x_wconf 82' lang='grc' dir='ltr'>άν-</span> 
     </span>
    </p>
   </div>
   <div class='ocr_carea' id='block_1_63' title="bbox 1890 4921 3489 5006">
    <p class='ocr_par' dir='ltr' id='par_1_63' title="bbox 1934 4921 3489 4993">
     <span class='ocr_line' id='line_1_63' title="bbox 1934 4921 3489 4993; baseline -0.006 -14"><span class='ocrx_word' id='word_1_634' title='bbox 1934 4939 2015 4980; x_wconf 87' lang='lat' dir='ltr'><strong>est</strong></span> <span class='ocrx_word' id='word_1_635' title='bbox 2065 4933 2359 4993; x_wconf 85' lang='lat' dir='ltr'><strong>peccatum,</strong></span> <span class='ocrx_word' id='word_1_636' title='bbox 2415 4921 2507 4975; x_wconf 89' lang='lat' dir='ltr'><strong>sed</strong></span> <span class='ocrx_word' id='word_1_637' title='bbox 2536 4930 2683 4976; x_wconf 89' lang='lat' dir='ltr'><strong>totus</strong></span> <span class='ocrx_word' id='word_1_638' title='bbox 2718 4930 2874 4976; x_wconf 85' lang='lat' dir='ltr'><strong>vetus</strong></span> <span class='ocrx_word' id='word_1_639' title='bbox 2904 4921 3065 4975; x_wconf 89' lang='lat' dir='ltr'><strong>homo</strong></span> <span class='ocrx_word' id='word_1_640' title='bbox 3090 4930 3363 4990; x_wconf 83' lang='lat' dir='ltr'><strong>peccatum</strong></span> <span class='ocrx_word' id='word_1_641' title='bbox 3396 4935 3489 4988; x_wconf 88' lang='lat' dir='ltr'><strong>ap-</strong></span> 
     </span>
    </p>
   </div>
   <div class='ocr_carea' id='block_1_64' title="bbox 277 5013 1876 5113">
    <p class='ocr_par' dir='ltr' id='par_1_64' title="bbox 277 5020 1876 5113">
     <span class='ocr_line' id='line_1_64' title="bbox 277 5020 1876 5113; baseline -0.003 -35"><span class='ocrx_word' id='word_1_642' title='bbox 277 5024 495 5091; x_wconf 77' lang='grc' dir='ltr'>ορωπος</span> <span class='ocrx_word' id='word_1_643' title='bbox 522 5020 762 5094; x_wconf 82' lang='grc' dir='ltr'>ἁμαρτία</span> <span class='ocrx_word' id='word_1_644' title='bbox 789 5022 1051 5113; x_wconf 57' lang='grc' dir='ltr'>καλεῖται.</span> <span class='ocrx_word' id='word_1_645' title='bbox 1856 5026 1876 5083; x_wconf 92' lang='grc'><strong>(</strong></span> 
     </span>
    </p>
   </div>
   <div class='ocr_carea' id='block_1_65' title="bbox 575 5013 2174 5113">
    <p class='ocr_par' dir='ltr' id='par_1_65' title="bbox 575 5013 2174 5113">
     <span class='ocr_line' id='line_1_65' title="bbox 575 5013 2174 5113; baseline -0.005 -37"><span class='ocrx_word' id='word_1_646' title='bbox 575 5020 762 5093; x_wconf 76' lang='grc' dir='ltr'>ιαρτία</span> <span class='ocrx_word' id='word_1_647' title='bbox 789 5022 1051 5113; x_wconf 60' lang='grc' dir='ltr'>καλεῖται.</span> <span class='ocrx_word' id='word_1_648' title='bbox 1856 5026 1897 5083; x_wconf 78' lang='lat' dir='ltr'>c</span> <span class='ocrx_word' id='word_1_649' title='bbox 1930 5013 2174 5083; x_wconf 82' lang='lat' dir='ltr'><strong>pellatur.</strong></span> 
     </span>
    </p>
   </div>
   <div class='ocr_carea' id='block_1_66' title="bbox 957 5103 2556 5205">
    <p class='ocr_par' dir='ltr' id='par_1_66' title="bbox 957 5103 2271 5205">
     <span class='ocr_line' id='line_1_66' title="bbox 957 5103 2271 5205; baseline -0.001 -74"><span class='ocrx_word' id='word_1_650' title='bbox 957 5103 1151 5205; x_wconf 46' lang='grc' dir='ltr'><strong>Ἅμα</strong></span> <span class='ocrx_word' id='word_1_651' title='bbox 2270 5114 2271 5117; x_wconf 24' lang='grc' dir='ltr'><em>χ</em></span> 
     </span>
    </p>
   </div>
   <div class='ocr_carea' id='block_1_67' title="bbox 1200 5103 2799 5205">
    <p class='ocr_par' dir='ltr' id='par_1_67' title="bbox 2270 5103 2799 5159">
     <span class='ocr_line' id='line_1_67' title="bbox 2270 5103 2799 5159; baseline 0.004 -2"><span class='ocrx_word' id='word_1_652' title='bbox 2270 5114 2271 5117; x_wconf 71' lang='grc'><em>“</em></span> <span class='ocrx_word' id='word_1_653' title='bbox 2624 5103 2799 5159; x_wconf 79' lang='lat' dir='ltr'><strong>Aliud.</strong></span> 
     </span>
    </p>
   </div>
   <div class='ocr_carea' id='block_1_68' title="bbox 347 5214 1946 5292">
    <p class='ocr_par' dir='ltr' id='par_1_68' title="bbox 347 5219 1812 5292">
     <span class='ocr_line' id='line_1_68' title="bbox 347 5219 1812 5292; baseline -0.004 -12"><span class='ocrx_word' id='word_1_654' title='bbox 347 5223 621 5280; x_wconf 79' lang='grc' dir='ltr'>Μετάνοιά</span> <span class='ocrx_word' id='word_1_655' title='bbox 645 5223 761 5276; x_wconf 79' lang='grc' dir='ltr'>ἐστι</span> <span class='ocrx_word' id='word_1_656' title='bbox 795 5221 1112 5292; x_wconf 78' lang='grc' dir='ltr'>καταλεῖψαι</span> <span class='ocrx_word' id='word_1_657' title='bbox 1141 5223 1208 5276; x_wconf 80' lang='grc' dir='ltr'>τὰ</span> <span class='ocrx_word' id='word_1_658' title='bbox 1231 5222 1490 5291; x_wconf 72' lang='grc' dir='ltr'>πρότερα,</span> <span class='ocrx_word' id='word_1_659' title='bbox 1519 5221 1613 5275; x_wconf 83' lang='grc' dir='ltr'><strong>καί</strong></span> <span class='ocrx_word' id='word_1_660' title='bbox 1640 5219 1812 5274; x_wconf 75' lang='grc' dir='ltr'>λυπεῖ·</span> 
     </span>
    </p>
   </div>
   <div class='ocr_carea' id='block_1_69' title="bbox 1890 5214 3489 5292">
    <p class='ocr_par' dir='ltr' id='par_1_69' title="bbox 2002 5214 3489 5287">
     <span class='ocr_line' id='line_1_69' title="bbox 2002 5214 3489 5287; baseline -0.003 -14"><span class='ocrx_word' id='word_1_661' title='bbox 2002 5218 2323 5273; x_wconf 76' lang='grc' dir='ltr'>Ρωυίιευιὶτι</span> <span class='ocrx_word' id='word_1_662' title='bbox 2346 5229 2428 5274; x_wconf 88' lang='lat' dir='ltr'><strong>est</strong></span> <span class='ocrx_word' id='word_1_663' title='bbox 2483 5220 2783 5287; x_wconf 83' lang='lat' dir='ltr'><strong>relinquere</strong></span> <span class='ocrx_word' id='word_1_664' title='bbox 2836 5216 3028 5285; x_wconf 83' lang='lat' dir='ltr'><strong>priora,</strong></span> <span class='ocrx_word' id='word_1_665' title='bbox 3078 5223 3129 5267; x_wconf 86' lang='lat' dir='ltr'><strong>et</strong></span> <span class='ocrx_word' id='word_1_666' title='bbox 3188 5214 3254 5267; x_wconf 87' lang='lat' dir='ltr'><strong>de</strong></span> <span class='ocrx_word' id='word_1_667' title='bbox 3302 5216 3489 5271; x_wconf 88' lang='lat' dir='ltr'><strong>iisdem</strong></span> 
     </span>
    </p>
   </div>
   <div class='ocr_carea' id='block_1_70' title="bbox 275 5316 1874 5387">
    <p class='ocr_par' dir='ltr' id='par_1_70' title="bbox 275 5316 1611 5387">
     <span class='ocr_line' id='line_1_70' title="bbox 275 5316 1611 5387; baseline -0.006 -17"><span class='ocrx_word' id='word_1_668' title='bbox 275 5316 404 5372; x_wconf 78' lang='grc' dir='ltr'>σθαι</span> <span class='ocrx_word' id='word_1_669' title='bbox 432 5317 573 5387; x_wconf 79' lang='grc' dir='ltr'><strong>ὑπὲρ</strong></span> <span class='ocrx_word' id='word_1_670' title='bbox 601 5316 798 5370; x_wconf 76' lang='grc' dir='ltr'>αὐτῶν.</span> <span class='ocrx_word' id='word_1_671' title='bbox 1472 5318 1477 5325; x_wconf 85' lang='grc'><em>’</em></span> <span class='ocrx_word' id='word_1_672' title='bbox 1608 5334 1611 5339; x_wconf 93' lang='grc'>·</span> 
     </span>
    </p>
   </div>
   <div class='ocr_carea' id='block_1_71' title="bbox 532 5316 2131 5387">
    <p class='ocr_par' dir='ltr' id='par_1_71' title="bbox 532 5316 2131 5387">
     <span class='ocr_line' id='line_1_71' title="bbox 532 5316 2131 5387; baseline 0.001 -22"><span class='ocrx_word' id='word_1_673' title='bbox 532 5336 573 5387; x_wconf 87' lang='grc' dir='ltr'>;ρ</span> <span class='ocrx_word' id='word_1_674' title='bbox 601 5316 798 5370; x_wconf 76' lang='grc' dir='ltr'>αὐτῶν.</span> <span class='ocrx_word' id='word_1_675' title='bbox 1472 5318 1477 5325; x_wconf 85' lang='grc'><em>’</em></span> <span class='ocrx_word' id='word_1_676' title='bbox 1608 5334 1611 5339; x_wconf 94' lang='grc'>·</span> <span class='ocrx_word' id='word_1_677' title='bbox 1935 5316 2131 5368; x_wconf 86' lang='lat' dir='ltr'><strong>dolere.</strong></span> 
     </span>
    </p>
   </div>
   <div class='ocr_carea' id='block_1_72' title="bbox 865 5401 2880 5477">
    <p class='ocr_par' dir='ltr' id='par_1_72' title="bbox 865 5401 2880 5477">
     <span class='ocr_line' id='line_1_72' title="bbox 865 5401 2880 5477; baseline -0.002 -18"><span class='ocrx_word' id='word_1_678' title='bbox 865 5407 911 5459; x_wconf 87' lang='grc' dir='ltr'><strong><em>Σ</em></strong></span> <span class='ocrx_word' id='word_1_679' title='bbox 912 5406 1117 5474; x_wconf 72' lang='grc' dir='ltr'><strong>χόλιον</strong></span> <span class='ocrx_word' id='word_1_680' title='bbox 1160 5407 1224 5477; x_wconf 85' lang='grc' dir='ltr'><strong>β’.</strong></span> <span class='ocrx_word' id='word_1_681' title='bbox 1618 5404 1626 5411; x_wconf 81' lang='grc'><em>’</em></span> <span class='ocrx_word' id='word_1_682' title='bbox 2562 5403 2802 5457; x_wconf 78' lang='lat' dir='ltr'><strong>Scholion</strong></span> <span class='ocrx_word' id='word_1_683' title='bbox 2814 5401 2880 5454; x_wconf 57' lang='grc' dir='ltr'><strong>ἃ.</strong></span> 
     </span>
    </p>
   </div>
   <div class='ocr_carea' id='block_1_73' title="bbox 329 5496 1928 5592">
    <p class='ocr_par' dir='ltr' id='par_1_73' title="bbox 329 5496 1829 5592">
     <span class='ocr_line' id='line_1_73' title="bbox 329 5496 1829 5592; baseline 0.001 -20"><span class='ocrx_word' id='word_1_684' title='bbox 329 5496 419 5572; x_wconf 59' lang='grc'><strong>’⁸0</strong></span> <span class='ocrx_word' id='word_1_685' title='bbox 440 5519 851 5592; x_wconf 82' lang='grc' dir='ltr'>αὐτομέριμνος.</span> <span class='ocrx_word' id='word_1_686' title='bbox 874 5518 965 5573; x_wconf 78' lang='grc' dir='ltr'>καὶ</span> <span class='ocrx_word' id='word_1_687' title='bbox 987 5518 1441 5591; x_wconf 82' lang='grc' dir='ltr'>αὐτοκατάκριτος</span> <span class='ocrx_word' id='word_1_688' title='bbox 1461 5518 1685 5587; x_wconf 82' lang='grc' dir='ltr'>γίνεται,</span> <span class='ocrx_word' id='word_1_689' title='bbox 1710 5519 1829 5575; x_wconf 74' lang='grc' dir='ltr'>ἐπεὶ</span> 
     </span>
    </p>
   </div>
   <div class='ocr_carea' id='block_1_74' title="bbox 1887 5496 3486 5592">
    <p class='ocr_par' dir='ltr' id='par_1_74' title="bbox 2006 5510 3486 5580">
     <span class='ocr_line' id='line_1_74' title="bbox 2006 5510 3486 5580; baseline -0.004 -14"><span class='ocrx_word' id='word_1_690' title='bbox 2006 5514 2108 5580; x_wconf 88' lang='lat' dir='ltr'><strong>Qui</strong></span> <span class='ocrx_word' id='word_1_691' title='bbox 2138 5523 2343 5566; x_wconf 86' lang='lat' dir='ltr'><strong>tantum</strong></span> <span class='ocrx_word' id='word_1_692' title='bbox 2372 5528 2467 5567; x_wconf 90' lang='lat' dir='ltr'><strong>sua</strong></span> <span class='ocrx_word' id='word_1_693' title='bbox 2498 5519 2669 5572; x_wconf 87' lang='lat' dir='ltr'><strong>curat,</strong></span> <span class='ocrx_word' id='word_1_694' title='bbox 2696 5510 2964 5563; x_wconf 83' lang='lat' dir='ltr'><strong>neminem</strong></span> <span class='ocrx_word' id='word_1_695' title='bbox 3006 5522 3196 5580; x_wconf 69' lang='lat' dir='ltr'><strong>praeter</strong></span> <span class='ocrx_word' id='word_1_696' title='bbox 3228 5527 3286 5564; x_wconf 88' lang='lat' dir='ltr'><strong>se</strong></span> <span class='ocrx_word' id='word_1_697' title='bbox 3338 5511 3486 5562; x_wconf 88' lang='lat' dir='ltr'><strong>dam-</strong></span> 
     </span>
    </p>
   </div>
   <div class='ocr_carea' id='block_1_75' title="bbox 271 5598 1870 5685">
    <p class='ocr_par' dir='ltr' id='par_1_75' title="bbox 271 5606 1829 5685">
     <span class='ocr_line' id='line_1_75' title="bbox 271 5606 1829 5685; baseline -0.001 -18"><span class='ocrx_word' id='word_1_698' title='bbox 271 5606 367 5667; x_wconf 75' lang='grc' dir='ltr'><strong>οὖν</strong></span> <span class='ocrx_word' id='word_1_699' title='bbox 396 5610 486 5665; x_wconf 76' lang='grc' dir='ltr'><strong>διὰ</strong></span> <span class='ocrx_word' id='word_1_700' title='bbox 529 5613 588 5665; x_wconf 76' lang='grc' dir='ltr'>τὸ</span> <span class='ocrx_word' id='word_1_701' title='bbox 632 5614 1044 5683; x_wconf 80' lang='grc' dir='ltr'>αὑτομέριμνος,</span> <span class='ocrx_word' id='word_1_702' title='bbox 1096 5612 1553 5685; x_wconf 82' lang='grc' dir='ltr'>αὐτοκατάκριτος</span> <span class='ocrx_word' id='word_1_703' title='bbox 1602 5613 1829 5677; x_wconf 84' lang='grc' dir='ltr'>γίνεται,</span> 
     </span>
    </p>
   </div>
   <div class='ocr_carea' id='block_1_76' title="bbox 1888 5598 3487 5685">
    <p class='ocr_par' dir='ltr' id='par_1_76' title="bbox 1940 5598 3487 5684">
     <span class='ocr_line' id='line_1_76' title="bbox 1940 5598 3487 5684; baseline -0.006 -26"><span class='ocrx_word' id='word_1_704' title='bbox 1940 5615 2071 5668; x_wconf 84' lang='lat' dir='ltr'><strong>nat;</strong></span> <span class='ocrx_word' id='word_1_705' title='bbox 2135 5601 2391 5684; x_wconf 65' lang='lat' dir='ltr'><strong>quoniam</strong></span> <span class='ocrx_word' id='word_1_706' title='bbox 2459 5612 2585 5667; x_wconf 88' lang='lat' dir='ltr'><strong>ergo</strong></span> <span class='ocrx_word' id='word_1_707' title='bbox 2643 5598 2734 5665; x_wconf 86' lang='lat' dir='ltr'><strong>qui</strong></span> <span class='ocrx_word' id='word_1_708' title='bbox 2771 5613 2867 5651; x_wconf 87' lang='lat' dir='ltr'><strong>sua</strong></span> <span class='ocrx_word' id='word_1_709' title='bbox 2899 5610 3104 5653; x_wconf 89' lang='lat' dir='ltr'><strong>tantum</strong></span> <span class='ocrx_word' id='word_1_710' title='bbox 3130 5607 3299 5657; x_wconf 85' lang='lat' dir='ltr'><strong>curat.</strong></span> <span class='ocrx_word' id='word_1_711' title='bbox 3324 5611 3380 5649; x_wconf 88' lang='lat' dir='ltr'><strong>se</strong></span> <span class='ocrx_word' id='word_1_712' title='bbox 3408 5599 3487 5665; x_wconf 88' lang='lat' dir='ltr'><strong>ip-</strong></span> 
     </span>
    </p>
   </div>
   <div class='ocr_carea' id='block_1_77' title="bbox 271 5688 1870 5777">
    <p class='ocr_par' dir='ltr' id='par_1_77' title="bbox 271 5702 1829 5777">
     <span class='ocr_line' id='line_1_77' title="bbox 271 5702 1829 5777; baseline -0.003 -17"><span class='ocrx_word' id='word_1_713' title='bbox 271 5704 576 5777; x_wconf 80' lang='grc' dir='ltr'>ἀμέριμνος</span> <span class='ocrx_word' id='word_1_714' title='bbox 623 5705 704 5767; x_wconf 78' lang='grc' dir='ltr'><strong>είς</strong></span> <span class='ocrx_word' id='word_1_715' title='bbox 756 5706 901 5759; x_wconf 78' lang='grc' dir='ltr'>ἅπαν</span> <span class='ocrx_word' id='word_1_716' title='bbox 958 5703 1276 5775; x_wconf 72' lang='grc' dir='ltr'>χρηματίζει</span> <span class='ocrx_word' id='word_1_717' title='bbox 1327 5704 1435 5758; x_wconf 82' lang='grc' dir='ltr'><strong>τῶν</strong></span> <span class='ocrx_word' id='word_1_718' title='bbox 1483 5703 1574 5757; x_wconf 81' lang='grc' dir='ltr'>τοῦ</span> <span class='ocrx_word' id='word_1_719' title='bbox 1628 5702 1829 5771; x_wconf 75' lang='grc' dir='ltr'>κόσμου</span> 
     </span>
    </p>
   </div>
   <div class='ocr_carea' id='block_1_78' title="bbox 1889 5688 3488 5777">
    <p class='ocr_par' dir='ltr' id='par_1_78' title="bbox 1939 5688 3488 5759">
     <span class='ocr_line' id='line_1_78' title="bbox 1939 5688 3488 5759; baseline -0.003 -12"><span class='ocrx_word' id='word_1_720' title='bbox 1939 5710 2057 5750; x_wconf 82' lang='lat' dir='ltr'><strong>sum</strong></span> <span class='ocrx_word' id='word_1_721' title='bbox 2121 5699 2326 5745; x_wconf 87' lang='lat' dir='ltr'><strong>tantum</strong></span> <span class='ocrx_word' id='word_1_722' title='bbox 2377 5689 2581 5759; x_wconf 85' lang='lat' dir='ltr'><strong>judicat</strong></span> <span class='ocrx_word' id='word_1_723' title='bbox 2598 5696 2652 5741; x_wconf 88' lang='lat' dir='ltr'><strong>et</strong></span> <span class='ocrx_word' id='word_1_724' title='bbox 2680 5688 2920 5754; x_wconf 86' lang='lat' dir='ltr'><strong>damnat,</strong></span> <span class='ocrx_word' id='word_1_725' title='bbox 2952 5690 2998 5744; x_wconf 92' lang='lat' dir='ltr'><strong>is</strong></span> <span class='ocrx_word' id='word_1_726' title='bbox 3026 5690 3115 5758; x_wconf 92' lang='lat' dir='ltr'><strong>qui</strong></span> <span class='ocrx_word' id='word_1_727' title='bbox 3148 5704 3305 5741; x_wconf 85' lang='lat' dir='ltr'><strong>curas</strong></span> <span class='ocrx_word' id='word_1_728' title='bbox 3355 5690 3488 5742; x_wconf 83' lang='lat' dir='ltr'><strong>alias</strong></span> 
     </span>
    </p>
   </div>
   <div class='ocr_carea' id='block_1_79' title="bbox 270 5780 1869 5871">
    <p class='ocr_par' dir='ltr' id='par_1_79' title="bbox 270 5796 1831 5871">
     <span class='ocr_line' id='line_1_79' title="bbox 270 5796 1831 5871; baseline -0.005 -18"><span class='ocrx_word' id='word_1_729' title='bbox 270 5800 648 5871; x_wconf 74' lang='grc' dir='ltr'>πραγμάτων,</span> <span class='ocrx_word' id='word_1_730' title='bbox 705 5799 795 5853; x_wconf 78' lang='grc' dir='ltr'>καὶ</span> <span class='ocrx_word' id='word_1_731' title='bbox 848 5798 1206 5869; x_wconf 74' lang='grc' dir='ltr'>ἁκατάκριτος</span> <span class='ocrx_word' id='word_1_732' title='bbox 1256 5797 1333 5867; x_wconf 81' lang='grc' dir='ltr'>τῷ</span> <span class='ocrx_word' id='word_1_733' title='bbox 1383 5796 1535 5867; x_wconf 81' lang='grc' dir='ltr'>καλῷ</span> <span class='ocrx_word' id='word_1_734' title='bbox 1593 5796 1831 5866; x_wconf 67' lang='grc' dir='ltr'>λογισμῷ</span> 
     </span>
    </p>
   </div>
   <div class='ocr_carea' id='block_1_80' title="bbox 1889 5780 3488 5871">
    <p class='ocr_par' dir='ltr' id='par_1_80' title="bbox 1940 5780 3488 5852">
     <span class='ocr_line' id='line_1_80' title="bbox 1940 5780 3488 5852; baseline -0.005 -12"><span class='ocrx_word' id='word_1_735' title='bbox 1940 5801 2122 5841; x_wconf 85' lang='lat' dir='ltr'><strong>omnes</strong></span> <span class='ocrx_word' id='word_1_736' title='bbox 2168 5784 2366 5852; x_wconf 85' lang='lat' dir='ltr'><strong>abjicit,</strong></span> <span class='ocrx_word' id='word_1_737' title='bbox 2424 5780 2645 5834; x_wconf 88' lang='lat' dir='ltr'><strong>omnino</strong></span> <span class='ocrx_word' id='word_1_738' title='bbox 2687 5782 3033 5836; x_wconf 61' lang='lat' dir='ltr'><strong>saeculicuris</strong></span> <span class='ocrx_word' id='word_1_739' title='bbox 3069 5781 3353 5833; x_wconf 79' lang='lat' dir='ltr'><strong>defunctus</strong></span> <span class='ocrx_word' id='word_1_740' title='bbox 3384 5790 3488 5842; x_wconf 81' lang='lat' dir='ltr'><strong>est,</strong></span> 
     </span>
    </p>
   </div>
   <div class='ocr_carea' id='block_1_81' title="bbox 268 5872 3559 5949">
    <p class='ocr_par' dir='ltr' id='par_1_81' title="bbox 268 5872 3559 5949">
     <span class='ocr_line' id='line_1_81' title="bbox 268 5872 3559 5949; baseline -0.006 -1"><span class='ocrx_word' id='word_1_741' title='bbox 268 5891 461 5949; x_wconf 78' lang='grc' dir='ltr'>αὐτοῦ.</span> <span class='ocrx_word' id='word_1_742' title='bbox 1940 5892 1991 5938; x_wconf 89' lang='lat' dir='ltr'><strong>ct</strong></span> <span class='ocrx_word' id='word_1_743' title='bbox 2021 5881 2088 5935; x_wconf 89' lang='lat' dir='ltr'><strong>ob</strong></span> <span class='ocrx_word' id='word_1_744' title='bbox 2118 5888 2334 5934; x_wconf 86' lang='lat' dir='ltr'><strong>sanctas</strong></span> <span class='ocrx_word' id='word_1_745' title='bbox 2367 5872 2719 5943; x_wconf 85' lang='lat' dir='ltr'><strong>cogitationes</strong></span> <span class='ocrx_word' id='word_1_746' title='bbox 2750 5890 2877 5932; x_wconf 89' lang='lat' dir='ltr'><strong>suas</strong></span> <span class='ocrx_word' id='word_1_747' title='bbox 2907 5874 3246 5929; x_wconf 87' lang='lat' dir='ltr'><strong>indemnatus</strong></span> <span class='ocrx_word' id='word_1_748' title='bbox 3286 5884 3486 5929; x_wconf 86' lang='lat' dir='ltr'><strong>manet.</strong></span> <span class='ocrx_word' id='word_1_749' title='bbox 3556 5946 3559 5947; x_wconf 16' lang='grc' dir='ltr'><em>ν</em></span> 
     </span>
    </p>
   </div>
  </div>
