4050 6338
599 447 694 515 783

1269 557 1445 609 Aliud.

660 647 816 701 Curis
875 642 1124 698 omnibus
1183 658 1374 696 vacare
1426 643 1470 694 is
1511 640 1724 701 dicitur,
1757 641 1848 708 qni
1891 639 2021 693 nihil
2055 655 2142 694 co-

594 755 734 802 rum,
781 751 900 805 qnte
959 737 1009 787 in
1048 736 1203 787 terris
1234 741 1379 795 sunt,
1418 742 1570 787 curat
1606 752 1616 784 :
1659 731 2050 805 αύτομέριμνος
2099 729 2145 785 is

593 839 689 888 est,
722 828 812 896 qui
843 842 937 880 sua
972 836 1181 880 tantum
1218 835 1389 885 curat,
1421 833 1622 878 et-sna‘:
1663 823 1923 877 duntaxat
1956 824 2144 878 salutis

590 934 771 972 curam
814 918 990 971 habet.

1111 1002 1356 1058 Scholion
1391 1003 1568 1056 lsaaci
1597 1005 1649 1058 5.

657 1096 799 1151 Nihil
857 1095 1049 1151 melius
1100 1103 1182 1149 est
1222 1109 1380 1164 quam
1418 1109 1477 1148 se
1518 1105 1641 1148 ante
1671 1095 1944 1150 Christum
1973 1094 2148 1149 cruci-

592 1193 755 1243 lixum
807 1202 1038 1258 pronum
1104 1185 1195 1239 diu
1261 1193 1529 1254 noctuque
1570 1187 1760 1240 vinctis
1791 1196 1910 1255 post
1939 1195 2144 1258 tergum

594 1280 840 1333 manibus
881 1275 1127 1345 abjicere.
1181 1274 1275 1329 Vis
1323 1275 1594 1344 calorem(
1623 1275 1785 1329 divini
1817 1276 2062 1345 amoris)
2095 1280 2146 1330 in

592 1381 640 1424 te
704 1384 810 1422 non
869 1367 1234 1437 refrigescere,
1283 1375 1337 1420 et
1391 1364 1589 1420 fontem
1652 1366 2010 1436 lacrymarum
2041 1381 2147 1420 non

589 1471 925 1522 exarescere,
975 1471 1166 1511 exerce
1223 1464 1275 1510 te
1326 1455 1379 1508 in
1406 1455 1489 1510 his
1522 1458 1540 1523 (
1569 1471 1688 1526 qua:
1713 1465 1839 1510 sunt
1869 1457 2066 1527 dicta);
2095 1465 2151 1510 et

591 1551 776 1604 beatus
799 1562 928 1613 es,o
953 1549 1132 1612 homo,
1154 1545 1199 1600 si
1229 1546 1282 1599 in
1307 1546 1390 1600 his
1409 1561 1530 1613 qua:
1559 1547 1654 1599 tibi
1707 1545 1982 1611 dicuntur,
2032 1547 2149 1601 dies

587 1649 642 1693 et
675 1647 860 1692 noctes
885 1636 1125 1692 studiose
1154 1636 1579 1703 consumpseris,
1632 1650 1730 1690 nec
1795 1646 1987 1705 praeter
2037 1639 2151 1693 haec

590 1730 732 1805 aliud
764 1728 1063 1798 quaesieris.
1084 1725 1238 1780 Tunc
1267 1726 1411 1780 enim
1450 1726 1547 1779 tibi
1581 1726 1673 1780 lux
1731 1727 1958 1782 interius
2006 1730 2152 1783 orie-

590 1831 698 1885 tur,
757 1830 810 1874 ct
835 1818 1050 1888 justitia
1087 1826 1176 1869 tua
1209 1815 1454 1871 celeriter
1497 1816 1790 1886 eﬂ‘ulgebit,
1810 1828 1867 1873 et
1899 1819 2006 1872 eris
2032 1827 2150 1872 tan-

1833 445 1887 501 Β.
1925 443 2236 502 ,ΙΟΑΝΝΙΞ
2259 443 2561 503 CLIMACI

3699 449 3809 512 784

2919 561 3120 613 'A110.

2329 643 2650 714 Ἀμέριμνος
2701 647 2796 716 μὲν
2829 647 2903 711 ὼς
2935 647 3156 718 μηδενὸς
3191 648 3766 720 ἐπιγείουφροντίζων
3789 665 3804 679 °

2246 735 2638 806 αύτομέριμνος
2664 739 2740 803 δὲ,
2763 741 2835 802 ὡς
2865 743 3024 810 μόνον
3053 740 3240 795 ἑαυτοῦ
3265 742 3803 812 μεριμνῶνριαὶοτῆς

2247 824 2446 886 οἰκείας
2482 827 2766 896 σωτηρίας.

2725 1005 2772 1055 Σ
2773 1004 2979 1071 χόλιον
3027 1003 3227 1058 Ἰσαὰκ
3261 1009 3326 1070 γ’.
3615 1054 3617 1057 .

2317 1097 2480 1150 Οὐδὲν
2527 1097 2710 1166 ἕτερον
2759 1093 2852 1146 τοῦ
2904 1094 3055 1163 ῥίψαι
3105 1095 3226 1147 τινὰ
3275 1093 3462 1146 ἑαυτὸν
3498 1092 3797 1164 ἓμπροσθεε

2245 1188 2339 1241 τοῦ
2385 1186 2618 1256 σταυροῦ
2653 1185 2747 1239 τοῦ
2796 1185 3028 1256 Χριστοῦ
3068 1187 3258 1248 νυκτὸς
3305 1187 3397 1239 καὶ
3437 1186 3668 1257 ἡμέρας,
3713 1187 3811 1240 καὶ

2247 1276 2500 1346 γενέσθαι
2529 1275 2806 1344 δεδεμένον
2855 1277 2933 1337 εἰς
2975 1276 3214 1327 τούπίσω
3252 1276 3348 1338 τὰς
3379 1279 3582 1346 χεῖρας.
3619 1276 3811 1330 Βούλει
3903 1317 3906 1320 .

2251 1369 2324 1438 μὴ
2362 1366 2731 1436 ψυχρανθῆναί
2785 1383 2875 1418 σου
2922 1367 3019 1436 τὴν
3066 1364 3305 1436 θερμὴν,
3353 1367 3447 1420 καὶ
3494 1367 3812 1438 πτωχεῦσαι

2245 1459 2355 1512 τῶν
2403 1457 2670 1529 δακρύων,
2717 1459 2775 1508 ὲν
2822 1457 3028 1520 τούτοις
3075 1457 3365 1528 διάσκησον
3415 1462 3661 1524 σεαυτὸν,
3711 1461 3813 1515 καὶ

2251 1549 2516 1620 μακάριος
2563 1544 2634 1614 εἷ,
2667 1542 2712 1601 ὦ
2749 1541 3020 1618 ἄνθρωπε,
3073 1548 3169 1601 ἐὰν
3203 1551 3489 1622 φροντίσῃς
3519 1551 3628 1606 τῶν
3657 1552 3814 1622 λεγο-

2252 1642 2426 1712 μένων
2459 1657 2539 1694 σοι
2561 1641 2751 1703 νυκτὸς
2783 1642 2878 1692 καὶ
2903 1641 3109 1712 ἡμέρας
3127 1681 3142 1704 ,
3167 1644 3257 1693 καὶ
3289 1641 3454 1713 μηδὲν
3478 1642 3662 1714 ἕτερον
3691 1641 3814 1712 μετ’

2249 1733 2428 1787 αὐτῶν
2463 1733 2719 1804 ζητήσῃς.
2771 1731 2903 1783 Τότε
2941 1732 3048 1803 γὰρ
3086 1732 3334 1786 ἀνατελεί
3369 1749 3449 1786 σοι
3477 1734 3538 1786 τὺ
3567 1734 3684 1804 φῶς
3725 1733 3815 1788 ἐν·

2251 1823 2403 1878 δοθέν
2439 1841 2558 1889 σου,
2589 1824 2744 1893 καὶὴ
2779 1822 3086 1895 δικαιοσύνη
3121 1841 3215 1877 σου
3247 1809 3453 1894 ταχέως
3490 1826 3814 1897 ἐπιλάμψει,

587 1927 748 1979 quant
811 1909 1095 1968 paradisus
1145 1906 1390 1972 ﬂoridus,
1439 1917 1493 1963 et
1545 1908 1668 1962 fons
1698 1910 1949 1966 perennis
1983 1925 2151 1964 auua-

2256 1918 2349 1970 καὶ
2377 1917 2579 1987 γενήσῃ
2611 1914 2686 1978 ὡς
2717 1913 3038 1985 παράδεισος
3069 1915 3408 1986 ἠνθισμένος,
3433 1916 3530 1970 καὶ
3554 1917 3630 1980 ὡς

589 2019 727 2055 Γυιιι.

1193 2091 1441 2146 Scholion
1474 2092 1527 2145 4.

657 2184 908 2237 Animam
948 2183 1013 2236 ad
1041 2191 1265 2235 mortem
1313 2179 1644 2250 spiritualem
1701 2192 2026 2253 vergentem,
2087 2182 2154 2236 ad

589 2282 844 2324 aeternam
885 2270 1048 2324 vitam
1083 2279 1339 2336 tanquam
1373 2268 1644 2337 propriam
1679 2280 2013 2338 revocantes.

1123 2445 1281 2516 134
1312 2445 1493 2497 Aliud.

665 2544 915 2596 Animam
979 2540 1124 2593 enim
1191 2555 1342 2593 suam
1408 2552 1502 2608 per
1569 2550 1848 2608 peccatum
1889 2552 2157 2598 mortuam

595 2636 924 2690 revocabant
971 2633 1038 2687 ad
1093 2632 1352 2685 virtutum
1424 2631 1586 2683 vitam
1639 2645 1800 2700 quam
1833 2633 1982 2701 prius
2012 2634 2159 2689 vive-

592 2730 740 2781 bant.

1200 2816 1446 2871 Scholion
1477 2816 1528 2870 5.

662 2908 880 2963 Stimuli
913 2907 1058 2962 enim
1088 2909 1435 2962 conscientia:
1469 2916 1660 2975 urgent
1688 2921 1918 2976 semper,
1969 2921 2162 2976 quam-

2257 2007 2464 2059 ὑδάτων
2499 2005 2808 2075 ἀνελλιπὴς.

2844 2099 2890 2150 Σ
2891 2097 3099 2166 χόλων
3145 2097 3208 2150 δ’.

2325 2186 2436 2258 Τὴν
2471 2185 2650 2258 ψυχὴν
2680 2187 2813 2256 πρὸς
2844 2189 2934 2240 τὸν
2968 2187 3152 2260 νοητὸν
3185 2190 3555 2244 ἀπονεύσασαν
3583 2189 3818 2245 θάνατον

2255 2279 2347 2333 ἐπὶ
2395 2279 2494 2350 τὴν
2550 2279 2719 2333 ἀΐδιον
2775 2280 3281 2351 προσκαλουμένους
3342 2281 3485 2352 ζωὴν
3542 2282 3618 2347 ὡς
3675 2283 3817 2354 πρὸς

2257 2375 2413 2430 ἰδίαν.
3215 2369 3220 2371 ’

2935 2466 3141 2520 "A110.

2326 2557 2424 2610 Διά
2449 2557 2556 2627 γὰρ
2601 2557 2701 2627 τῆς
2746 2557 3020 2628 ἁμαρτίας
3059 2555 3431 2611 ἀποθανοῦσαν
3460 2555 3559 2628 τὴν
3604 2556 3820 2610 ἑαυτῶν

2257 2647 2432 2718 ψυχὴν
2475 2646 2831 2701 ἀνεκαλοῦντο
2865 2644 2998 2714 πρὸς
3026 2643 3122 2716 την
3163 2646 3283 2699 κατ’
3327 2643 3525 2715 ἀρετὴν
3551 2641 3718 2714 ζωὴν,
3748 2644 3819 2712 ἢν

2260 2741 2394 2805 ἔζων
2423 2738 2484 2792 τὸ
2519 2738 2799 2808 πρότερον.

2864 2829 3122 2897 Σχόλιον
3157 2834 3219 2880 ε’.

2334 2921 2397 2976 El
2433 2922 2507 2998 [oi
2538 2923 2614 2979 vel
2641 2921 2766 2995 εισι]
2812 2922 2919 2994 γὰρ
2949 2922 3042 2976 τοῦ
3073 2921 3365 2986 συνειδότος
3409 2922 3645 2992 συνεχεῖς
3670 2920 3823 2991 ἔλεγ-

597 2998 679 3052 vis
744 3012 852 3051 non
913 2995 981 3050 ad
1040 2995 1471 3064 desperationem
1531 2998 1838 3060 adducant;
1895 2996 1997 3051 hoc
2018 2998 2154 3052 enim

2262 3033 2365 3086 χοι,
2394 2995 2453 3069 εί
2471 3017 2562 3070 καὶ
2596 3015 2671 3086 μὴ
2705 3018 2783 3079 εἰς
2809 3015 3114 3084 ἀπόγνωσιν
3143 3015 3472 3083 κατάγουσι·
3522 3013 3680 3067 τοῦτο
3707 3015 3822 3083 γὰρ

591 3093 896 3157 daemonum
949 3095 1033 3142 est
1083 3087 1342 3149 studium,
1391 3095 1450 3141 ιιι
1475 3102 1750 3155 numquam
1788 3087 1970 3141 sinant
2014 3102 2162 3142 men-

2225 3131 2237 3147 -
2262 3107 2371 3161 τῶν
2399 3107 2666 3176 δαιμόνων
2695 3107 2840 3160 ἐστὶν
2871 3107 3202 3177 ἐπιτήδευμα
3220 3124 3232 3136 ·
3269 3105 3384 3158 ἀλλ’
3420 3102 3512 3158 οὖν
3556 3105 3658 3158 οὐκ
3685 3100 3821 3158 Edim

595 3193 701 3237 tem
728 3164 1022 3252 ‘respirare
1056 3195 1071 3232 :
1106 3178 1196 3234 sed
1264 3194 1476 3248 semper
1515 3179 1762 3257 exedant,
1793 3179 1857 3232 ad
1885 3180 2028 3249 quod
2056 3180 2161 3236 illis
2189 3220 2234 3283 Ο
2263 3199 2360 3270 τὴν
2387 3164 2624 3252 διάιξοιαν
2661 3197 2981 3266 ἀνασφῆλαι,
3013 3164 3488 3268 ﬁgat-paeon“,
3517 3195 3610 3249 καὶ
3647 3196 3823 3248 ικπυ-

595 3282 837 3336 sufﬁcere
895 3281 1110 3335 videtur
1149 3280 1403 3348 cogitatio
1431 3295 1552 3350 qua
1576 3295 1634 3336 se
1659 3281 1830 3350 ipsam
1854 3297 2063 3352 semper
2093 3283 2154 3338 ad

2266 3291 2504 3364 ροῦντες,
2548 3289 2624 3353 ὡς
2653 3290 3110 3358 αύτοκατάκριτον
3157 3285 3413 3356 λογισμὸν
3437 3285 3678 3357 διαρκεῖν
3713 3285 3821 3348 ἓως

597 3395 766 3450 usque
796 3382 953 3434 tinem
986 3381 1225 3433 damnet.

1217 3477 1463 3533 Scholion
1491 3477 1543 3533 6.

669 3569 766 3628 Cor
796 3572 1012 3640 plenum
1047 3570 1284 3633 tristitia,
1317 3569 1460 3639 quod
1485 3584 1594 3638 pra:
1618 3570 1936 3641 egritudine
1958 3581 2012 3627 et
2064 3571 2163 3628 im-

599 3664 908 3727 becillitate,
928 3663 1140 3732 publica
1176 3663 1418 3733 corporis
1453 3661 1623 3716 oilicia
1654 3665 1874 3734 exsequi
1902 3680 2010 3721 non
2041 3682 2164 3738 pos-

597 3757 686 3818 sit,
719 3756 901 3824 implet
936 3753 1077 3809 vires
1115 3754 1357 3808 omnium
1390 3765 1614 3822 operum
1641 3765 1694 3808 et
1745 3754 1988 3810 laborum
2038 3772 2159 3813 cor-

597 3848 762 3917 poris.

803 3924 806 3926 ’
1285 3939 1464 3993 Aliud.

670 4033 915 4087 Actiones
947 4047 1210 4102 corporis,
1243 4032 1360 4087 sine
1389 4032 1571 4086 dolore
1600 4041 1694 4086 aut
1724 4031 1939 4086 tristitia
1974 4031 2158 4098 animi,

602 4139 726 4180 sunt
746 4128 888 4180 velut
923 4142 1121 4194 corpus
1148 4127 1416 4180 exanime.

1280 4212 1459 4265 Aliud.

667 4303 768 4368 Qui
794 4303 983 4372 plenus
1009 4310 1092 4356 est
1131 4301 1344 4356 tristitia
1394 4316 1595 4366 coruts,
1650 4311 1704 4356 et
1748 4301 1996 4357 sensibus
2046 4304 2161 4358 suis

601 4396 811 4447 interim
863 4393 1093 4455 solutus,
1147 4401 1228 4446 est
1265 4392 1428 4446 veluti
1467 4405 1608 4460 aeger
1635 4401 1690 4444 et
1716 4391 1962 4446 inﬁrmus
1984 4393 2047 4446 ad
2082 4392 2159 4447 la-

599 4483 756 4534 bores
806 4480 1068 4550 corporis,
1113 4495 1173 4534 os
1236 4490 1413 4534 tamen
1471 4479 1700 4534 liberum
1729 4488 1782 4533 et
1809 4480 2045 4534 solutum
2076 4490 2157 4535 at-

598 4585 704 4637 que
735 4578 917 4637 aptum
945 4568 1010 4622 ad
1039 4583 1251 4623 omnem
1278 4568 1483 4632 cibum,
1516 4567 1605 4636 qui
1657 4575 1812 4621 nocet
1855 4567 1951 4620 illi.

1224 4669 1471 4744 Scholion
1500 4669 1553 4722 7.

673 4762 849 4816 Rudes
889 4759 1108 4831 quidam
1159 4769 1212 4812 et
1234 4760 1437 4813 tirones
1461 4757 1663 4812 indocti
1694 4772 1832 4826 saepe
1854 4765 2159 4826 precantur,

601 4863 656 4906 ut
680 4866 851 4920 neque
871 4850 1007 4905 cado
1048 4849 1352 4918 dignentur,
1377 4860 1552 4915 neque
1579 4845 2160 4916 suppliciisinl‘erorum

600 4944 922 4997 addica‘ntur
948 4958 961 5006 ;
1015 4941 1350 5008 alterumque
1377 4947 1632 5006 tanquam
1661 4935 1887 5004 indigni,
1909 4935 2160 5001 alterum,

601 5045 658 5087 ut
711 5030 1135 5086 misericordiam
1173 5035 1596 5096 consequantur,
1627 5024 1820 5092 |ignari
1843 5027 1984 5093 quod
2009 5025 2045 5079 ii
2069 5031 2162 5095 qui

599 5135 748 5180 extra
771 5123 992 5192 regnu’m
1030 5121 1250 5177 cmleste
1269 5131 1415 5185 sunt,
1453 5121 1563 5174 sint
1590 5119 1730 5172 intra
1763 5116 1937 5172 locum
1962 5122 2163 5191 suppli-

598 5217 827 5279 ciorum,
877 5230 998 5269 cum
1061 5214 1200 5266 inter
1231 5211 1479 5265 virtutem
1502 5218 1556 5264 et
1581 5208 1842 5263 malitiam
1881 5209 2013 5264 nihil
2051 5226 2162 5265 me-

598 5310 671 5363 dii
699 5307 1007 5361 intercedat.

1221 5393 1468 5450 Scholion
1499 5393 1550 5448 8.

667 5490 888 5543 Animas
929 5487 1208 5540 humilium
1253 5486 1418 5549 dixit;
1442 5499 1536 5553 per
1570 5483 1810 5538 habitum
1837 5488 2155 5540 exteriorem

598 5583 844 5650 corporis
901 5579 1205 5633 subintlicat
1266 5587 1465 5634 statum
1516 5579 1730 5631 mentis.
1791 5576 1919 5631 Illud
1975 5592 2154 5634 autem

598 5675 738 5741 quod
761 5673 1002 5742 sequitur
1058 5669 1222 5738 (qua:
1244 5671 1414 5737 ipsam
1441 5682 1634 5722 sensus
1681 5675 1950 5735 expertem
1996 5684 2154 5722 saxo-

601 5779 715 5814 rntn
745 5763 992 5814 duritiem
1026 5759 1269 5827 frangere
1298 5760 1505 5827 possint
1532 5759 1571 5824 ),
1600 5766 1694 5812 aut
1732 5757 1989 5815 facinoris
2038 5775 2151 5814 ma-

599 5852 922 5922 gnitudinem
974 5851 1272 5920 amigmatis
1301 5865 1393 5903 seu
1425 5851 1751 5922 metaphora:
1781 5850 2145 5907 insolentioris

2261 3387 2471 3449 τέλους.

2841 3471 3096 3540 Σχόλιον
3127 3476 3180 3536 ς’

2332 3565 2546 3637 Καρδία
2572 3563 2970 3636 πεπληρωμένη
3006 3562 3181 3632 λύπης
3211 3562 3349 3633 ὑπὲρ
3385 3559 3485 3630 τῆς
3509 3557 3816 3624 ἀσθενείας,

2262 3658 2354 3712 καὶ
2397 3650 2700 3727 ἀδυναμίας
2727 3654 2826 3725 τῆς
2871 3653 3011 3720 ὑπὲρ
3054 3651 3161 3704 τῶν
3203 3649 3525 3722 σωματικῶν
3563 3649 3821 3717 πράξεων

2259 3746 2368 3800 τῶν
2405 3763 2537 3816 φανε
2547 3735 3007 3815 ρῶν,“ὰναπληροῖ
3031 3741 3122 3796 τὸν
3145 3741 3305 3795 τόπον
3333 3741 3548 3795 πάντων
3571 3738 3682 3793 τῶν
3709 3754 3820 3792 σω-

2264 3837 2505 3909 ματικιῖιν
2532 3837 2730 3906 ἔργων.
3280 3850 3286 3854 ’

2939 3928 3143 3982 Ἀλλο.
3427 3963 3431 3967 η

2331 4020 2566 4094 Πράξεις
2589 4021 2683 4076 τοῦ
2733 4023 2980 4093 σώματος
3019 4023 3174 4083 ἐκτὸς
3209 4017 3310 4088 τῆς
3351 4017 3525 4089 λύπης
3552 4015 3652 4089 τῆς
3695 4017 3816 4072 δια·

2262 4115 2426 4180 νοίας,
2456 4114 2641 4185 ὥσπερ
2674 4114 2832 4184 σῶμα
2861 4113 3063 4184 ἄψυχόν
3107 4114 3270 4166 ἐστιν.

2875 4246 2879 4250 Α
2938 4208 3116 4260 "A110

2339 4300 2399 4354 '0
2453 4302 2518 4372 τῇ
2568 4299 2763 4371 καρδίᾳ
2815 4296 3140 4368 περίλυπος,
3193 4294 3289 4348 καὶ
3337 4296 3457 4357 ταῖς
3501 4290 3816 4364 αἰσθήσεσιν

2258 4391 2424 4448 αὐτοῦ
2466 4391 2768 4462 λελυμένος,
2800 4389 2989 4460 ὥσπερ
3019 4387 3297 4460 ἄρρωστος
3333 4388 3450 4440 ἐστι
3498 4383 3673 4439 πόνων
3701 4402 3814 4440 ato-

2264 4484 2527 4556 ματικῶν,
2573 4485 2668 4538 καὶ
2703 4483 2764 4534 τὸ
2799 4481 2970 4550 στόμα
3018 4479 3181 4535 αὐτοῦ
3229 4477 3515 4549 λελυμένον
3550 4475 3687 4548 ἔχων
3733 4478 3816 4542 εἰς

2191 4553 2234 4609 D
2261 4553 2369 4636 πᾶν
2404 4582 2597 4654 βρῶμα
2637 4579 2866 4650 βλάπτον
2895 4578 3073 4633 αὐτόν.

2820 4670 3156 4740 Ἀπόκρισις
3191 4669 3257 4734 ζ’.

2246 4826 2250 4830 λ
2331 4765 2487 4826 Τινὲς
2512 4761 2746 4832 ἀμύητοι
2781 4761 3038 4825 πολλάκις
3065 4760 3330 4831 εὔχονται,
3361 4759 3497 4831 μήτε
3525 4758 3624 4830 τῆς
3657 4758 3814 4829 βασι-

2262 4856 2406 4920 λείας
2435 4855 2534 4925 τῆς
2560 4854 2802 4926 οὐρανῶν
2833 4854 3146 4924 ἀξιωθῆναι,
3195 4853 3330 4924 μήτε
3360 4851 3707 4922 κολασθῆναι.
3741 4848 3816 4903 To

2264 4949 2361 5019 μὲν
2388 4949 2461 5010 ὼς
2487 4948 2710 5014 ἀνάξιοι,
2737 4948 2798 5000 τὸ
2826 4947 2881 5001 δὲ
2909 4946 2982 5008 ὼς
3013 4944 3196 5008 ἐλέους
3215 4943 3544 5017 τευξόμενοι,
3569 4940 3817 5011 ἀγνοοῦν-

2261 5059 2350 5104 τες
2376 5043 2458 5094 ὃτι
2485 5044 2514 5095 ὁ
2536 5043 2633 5113 τῆς
2663 5042 2934 5113 βασιλείας
2982 5040 3155 5104 ἐκτὸς,
3185 5040 3334 5105 ἐντός
3359 5041 3474 5095 ἐστι
3505 5037 3776 5101 κολάσεως
3794 5053 3810 5070 ο

2260 5136 2463 5207 ἀρετῆς
2489 5137 2598 5210 γὰρ
2637 5139 2731 5191 καὶ
2760 5139 2957 5200 κακίας
2989 5135 3150 5207 μέσον
3189 5136 3361 5192 οὐδέν.

2851 5397 3106 5466 Σχόλιον
3147 5399 3222 5468 η’.
3623 5428 3631 5436 -

2333 5487 2521 5558 Ψυχὰς
2557 5485 2825 5540 ταπεινῶν
2875 5483 3026 5540 εἴπεο
3076 5488 3162 5542 διὰ
3207 5484 3301 5539 τοῦ
3326 5483 3483 5548 ἐκτὸς
3517 5484 3682 5557 ἧθους
3714 5485 3815 5556 τὴν

2260 5575 2408 5641 ἐντὸς
2441 5577 2735 5631 αἰνίττεται
2781 5577 3126 5632 κατάστασιν.
3174 5575 3248 5628 Τὸ
3287 5575 3342 5629 δὲ
3384 5575 3478 5628 καὶ
3520 5575 3688 5647 αὐτὴν
3715 5574 3815 5645 τὴν

2259 5671 2367 5722 τῶν
2395 5669 2555 5721 λίθων
2602 5668 2952 5740 ἀναισθησίαν
2983 5668 3276 5732 κατανύξαι
3323 5666 3639 5740 δυναμένας,
3682 5669 3716 5740 ἢ
3755 5666 3817 5720 τὸ

2261 5760 2594 5832 ὑπερῦἀλλον
2631 5761 2727 5832 τῆς
2771 5761 3018 5832 πράξεως
3049 5762 3115 5831 τῇ
3160 5742 3396 5832 ὑπεροχῇ
3431 5761 3675 5816 δείκνυσι
3717 5759 3813 5812 τοῦ

2259 5853 2602 5919 αἰνίγματος·
2650 5854 2725 5918 ὼς
2772 5855 2880 5924 γὰρ
2924 5854 3222 5922 πήγνυνται
3268 5851 3606 5923 πεζευόμενα
3637 5852 3810 5922 ὑπερο
