4050 6338
229 382 338 444 ’185

1256 367 1476 428 SCALA
1519 361 1891 425 PARADISI.
1919 370 1987 395 -'-
2024 356 2325 418 GRADUS
2359 356 2423 415 Υ,

3344 341 3446 400 786

231 497 379 567 φυῶς
429 495 499 548 τὰ
553 493 751 547 ὓδαταο
808 491 946 544 οὕτω
993 490 1087 542 καὶ
1135 487 1327 554 πέτραι
1374 483 1790 552 διαρῤήγνυνται

1897 476 2123 532 elatione
2178 471 2412 527 ostendit
2462 472 2477 536 (
2522 465 2972 535 quemadmodum
3034 462 3174 517 enim
3217 458 3446 513 labentia

230 586 547 654 αἰσθόμεναι
572 583 760 652 ὥσπερ
784 580 849 633 τά
881 574 1225 646 παράδοξα,ἢ
1248 574 1345 636 τάς
1370 571 1611 631 λιθώδεις
1635 571 1785 638 φησι,

231 675 326 726 καὶ
340 668 450 725 οἷον
469 671 825 739 ἀναισθήτους
845 666 1129 728 διαθέσεις,
1150 661 1377 735 μαλάξαι
1400 660 1489 713 καὶ
1508 661 1587 722 εἰς
1608 655 1786 711 οἶκτον

228 762 460 828 ἀγαγεῖν
484 758 806 828 δυναμένας.

1892 581 1987 636 per
2040 574 2235 618 terram
2271 562 2490 613 ﬂumina
2522 558 2719 625 frigore
2758 563 3008 609 concreta
3058 550 3233 605 'miris
3274 551 3446 603 modis

1892 657 2175 714 sistuutur,
2213 652 2281 704 ita
2305 663 2435 705 saxa
2494 656 2745 714 tanquam
2797 642 3055 696 sentirent
3103 645 3447 707 rumpuntur.

1891 760 2011 814 quae
2047 752 2173 798 sunt
2201 752 2454 810 tauquam
2480 736 2744 807 paradoxa
2769 743 2821 788 et
2844 731 3131 798 inusitata)
3153 728 3244 783 aut
3288 742 3447 780 saxea

231 856 517 910 hominum
573 863 789 923 pectora
829 859 882 905 et
933 864 1122 903 sensus
1163 845 1451 901 aﬂ'ectusve
1507 844 1651 897 velut
1692 855 1865 903 sensu
1906 848 2146 894 carentes
2189 837 2256 891 ad
2316 830 2741 888 misericordiam
2800 828 3038 882 emollire
3075 833 3129 878 et
3183 821 3450 877 inﬂectere

228 950 455 1013 possent
481 940 738 1014 [emolliri
759 947 812 994 et
838 938 975 991 ﬂecti
1008 950 1162 1003 posse
1180 933 1221 1005 ].

505 1018 760 1105 Σχόλιον
789 1033 893 1087 τοῦ
929 1032 1100 1101 ἁγίου
1130 1029 1400 1099 Μαξίμου
1440 1027 1506 1080 θ’.

302 1128 444 1191 Νοός
464 1130 607 1180 ἐστιν
627 1123 949 1194 ἀκαθαρσία
972 1121 1185 1192 πρῶτον
1208 1119 1327 1191 μὲν,
1345 1120 1404 1172 τὸ
1422 1116 1620 1187 γνῶσιν
1645 1116 1786 1185 ἔχειν

226 1222 426 1293 ψευδῖγ
459 1220 704 1290 δεύτερον
738 1218 816 1279 δὲ,
849 1216 910 1269 τὸ
953 1217 1164 1283 ἀγνοεῖν
1185 1230 1236 1267 τι
1266 1213 1376 1287 τῶν
1427 1209 1681 1263 καθόλουο
1712 1207 1786 1270 ὡς

230 1312 373 1381 πρὸς
402 1309 734 1379 ἀνθρώπινον
765 1306 887 1361 νοῦν
919 1305 1092 1373 λέγω·
1139 1302 1365 1371 ἀγγέλου
1410 1301 1517 1372 γάρ
1559 1300 1694 1360 ἐστι,
1726 1296 1787 1348 τὸ

233 1404 406 1471 μηδὲν
439 1402 547 1455 τῶν
573 1401 667 1454 ἐπὶ
695 1400 891 1471 μέρους
921 1397 1134 1464 ἀγνοεῖν
1155 1413 1167 1426 ·
1199 1395 1378 1463 τριτον
1407 1391 1485 1455 δὲ,
1513 1390 1574 1443 τὸ
1611 1389 1789 1459 ἐμπα-

231 1496 351 1557 θεῖς
390 1494 535 1564 ἔχειν
566 1491 885 1562 λογισμούςο
914 1490 1168 1559 τέταρτον
1199 1485 1276 1548 δὲ,
1305 1485 1366 1538 τὸ
1406 1478 1791 1552 συγκατατίθε-

234 1586 365 1640 σθαι
404 1588 471 1655 τῇ
503 1580 761 1653 ἁμαρτίᾳ.

912 1756 1123 1808 Ἀλλο.

311 1836 698 1919 Ψυχηςηὲστίν
721 1842 1083 1917 λάκαθαρσία,
1137 1859 1198 1896 το
1247 1843 1320 1914 μὴ
1364 1842 1604 1911 ἐνεργεῖν
1655 1840 1793 1893 κατὰ

233 1942 423 2009 φύσιν,
464 1941 558 1993 Ἐκ
592 1939 776 1992 τούτου
804 1939 911 2007 γὰρ
957 1938 1225 1990 τίκτονται
1250 1934 1325 2004 τῷ
1354 1933 1429 2003 νῷ
1458 1934 1505 1985 οῖ
1532 1932 1793 2001 ἐμπαθεῖς

233 2032 523 2101 λογισμοί·
576 2031 696 2083 τότε
742 2030 849 2100 γάρ
891 2029 1101 2096 ἐνεργεῖ
1153 2025 1291 2079 κατά
1338 2024 1517 2092 φύσιν,
1565 2024 1691 2077 ὅταν
1738 2025 1792 2075 αἱ

234 2122 541 2192 παθητικαὶ
593 2123 762 2191 αὐτῆς
804 2121 1079 2188 δυνάμεις,
1128 2120 1156 2170 ὁ
1204 2116 1369 2185 θυμὸς
1416 2115 1575 2183 λέγω,
1625 2116 1716 2166 καὶ
1757 2115 1790 2182 ὴ

233 2215 528 2283 ἐπιθυμία,
561 2215 620 2267 ὲν
652 2217 716 2284 τῇ
744 2213 851 2265 τῶν
879 2209 1236 2282 πραγμάτων,
1280 2206 1372 2258 καὶ
1400 2205 1507 2257 τῶν
1533 2206 1590 2257 ὲν
1614 2204 1794 2267 αὐτοῖς

235 2306 532 2376 νοημάτων
564 2302 835 2374 προσϐολῇ
861 2300 1088 2362 ἀπαθεῖς
1113 2298 1421 2369 διαμένωσι.

834 2600 835 2605 η
924 2565 1132 2617 Ἀλλο.

325 2658 390 2713 Ἦ
439 2658 559 2712 κατ’
590 2658 866 2728 ἐνέργειαν
893 2654 1155 2724 ἁμαρτία,
1198 2649 1445 2719 σώματός
1479 2650 1624 2701 ἐστιν
1662 2648 1796 2699 ἀκα-

236 2750 466 2823 θαρσὶα.

835 2859 881 2909 Σ
881 2857 1089 2925 χόλων
1127 2860 1179 2907 ι’.

308 2974 544 3041 Σημεῖον
592 2967 864 3037 ὑπομονῆς
910 2966 943 3035 ἡ
996 2965 1121 3017 τῶν’
1152 2964 1325 3017 πόνων
1364 2960 1531 3029 φιλία,
1576 2963 1654 3024 εἰς
1702 2961 1794 3024 οὓς

238 3062 465 3131 θεωρῶν
486 3062 517 3113 ὁ
542 3058 685 3123 νοῦς,
712 3055 917 3118 ἐλπίζει
945 3054 1123 3123 τυχεῖν
1148 3051 1255 3103 τῶν
1287 3049 1722 3120 ἐπηγγελμένων.

832 3253 876 3304 Σ
879 3251 1083 3318 κόλων
1124 3253 1211 3301 ια’.

310 3364 435 3419 Εἰσί
478 3379 599 3416 τινα
646 3361 743 3431 μὲν
794 3359 902 3413 τῶν
957 3356 1204 3427 δακρύων
1248 3354 1499 3420 καίοντα,
1546 3354 1637 3407 καὶ
1689 3354 1794 3406 εἰσὶ

234 3461 454 3527 δάκρυα
490 3455 788 3509 πιαίνοντα.
824 3451 1004 3505 Πάντα
1028 3446 1121 3503 οὖν
1150 3448 1219 3502 τά
1254 3432 1479 3517 δάκρυα,
1510 3448 1576 3501 τά
1615 3449 1677 3500 ἐκ
1699 3446 1799 3516 τῆς

223 3544 880 3622 ,καρδίαςκατερχόμενα
907 3543 995 3596 διά
1034 3541 1132 3611 τῆς
1179 3541 1473 3609 ἁμαρτίας,
1505 3538 1679 3593 ταῦτα
1709 3539 1799 3609 ξη-

237 3642 489 3713 ραίνουσι
530 3639 593 3693 τὸ
637 3637 795 3708 σῶμα
840 3635 933 3688 καὶ
977 3634 1230 3700 καίουσι,
1274 3634 1367 3684 καὶ
1406 3631 1662 3694 πολλάκις
1709 3632 1800 3684 καὶ

2291 1013 2532 1067 Scholion
2564 1008 2743 1064 Sancti
2776 1006 2998 1059 Maximi
3040 1006 3089 1059 9.

1997 1106 2187 1162 Mentis
2217 1104 2497 1174 imperitas
2524 1112 2607 1155 est
2635 1120 2647 1154 :
2693 1099 2944 1168 prituum,
2978 1096 3109 1151 falsa
3142 1109 3316 1147 rerum
3358 1108 3447 1147 co-

1892 1202 2131 1272 gnitione
2157 1197 2421 1253 imbutum
2448 1209 2566 1247 esse
2590 1211 2603 1257 ;
2631 1190 2843 1251 deinde,
2865 1177 3081 1243 nescire
3117 1187 3254 1256 quod
3292 1203 3447 1256 gene-

1894 1292 2051 1346 ratim
2100 1298 2297 1345 norunt
2343 1301 2529 1339 omnes
2555 1301 2579 1349 ;-
2612 1283 2764 1353 135
2802 1283 2864 1337 de
2913 1281 3145 1335 humana
3168 1291 3343 1333 tuente
3373 1279 3447 1331 lo—

1892 1399 2067 1454 quor:
2118 1382 2290 1452 angeli
2340 1380 2481 1433 enim
2528 1378 2687 1431 etiam
2751 1375 2929 1429 ontnia
2983 1372 3272 1440 singularia
3329 1384 3446 1437 per-

1892 1481 2155 1535 noscunt;
2226 1469 2399 1534 tertio,
2465 1467 2674 1520 vitiosis
2728 1462 3111 1531 cegitationum
3176 1458 3451 1527 perturba-

1891 1561 2126 1618 tionibus
2183 1559 2479 1613 obuoxium
2545 1570 2703 1619 esse;
2779 1561 3071 1622 postremo,
3151 1549 3451 1603 consentire

1872 1658 1873 1661 “
1894 1658 2133 1720 peccato.

2604 1735 2781 1788 Aliud.

1974 1832 2254 1903 Impuritas
2322 1830 2515 1885 animae
2558 1837 2639 1881 est
2715 1826 2931 1893 quando
2991 1839 3097 1876 nou
3159 1820 3452 1875 secundum

1898 1934 2146 1979 naturam
2198 1923 2306 1991 agit
2355 1930 2413 1976 et
2455 1930 2725 1989 operatur.
2782 1916 2853 1967 Ex
2905 1916 3005 1967 hoc
3054 1912 3319 1966 exsistunt
3374 1910 3449 1962 vi-

1900 2017 2050 2071 tiosa:
2093 2016 2146 2069 in
2208 2021 2387 2068 mente
2439 2009 2827 2080 cogitationes:
2856 2017 2982 2058 tunc
3036 2002 3324 2057 secundum
3358 2017 3452 2052 na-

1904 2118 2079 2163 turam
2137 2107 2247 2176 agit
2288 2104 2489 2166 anima,
2533 2101 2748 2171 quando
2788 2098 3068 2151 inferiores
3124 2097 3241 2161 ejus
3288 2092 3452 2144 lacul-

1901 2207 2037 2253 tates
2090 2206 2143 2252 et
2182 2195 2459 2266 passiones
2491 2195 2614 2263 (ira,
2646 2192 2891 2259 inquam,
2942 2194 2994 2240 et
3043 2188 3304 2253 appetitus
3358 2199 3452 2236 srtt

1836 2309 1841 2313 ’
1902 2288 2363 2359 concupiscentia)
2420 2287 2473 2339 in
2524 2299 2703 2338 rerum
2744 2280 3095 2352 gerendarum
3160 2286 3211 2329 et
3254 2275 3452 2342 cogita-

1904 2376 2112 2431 tionum
2162 2376 2400 2447 ipsarum
2461 2375 2658 2442 impetu
2722 2372 2839 2425 sine
2882 2366 3284 2437 perturbatione
3334 2379 3451 2432 pcr-

1900 2466 2101 2522 sistunt

2602 2554 2779 2607 Aliud.

1969 2647 2224 2717 Corporis
2287 2645 2570 2701 imouritas
2643 2652 2726 2699 est
2772 2642 2940 2712 ipsius
3001 2641 3201 2710 peccati
3267 2656 3451 2710 perpe-

1902 2740 2063 2795 tratio

2520 2845 2765 2901 Scholion
2813 2843 2879 2898 10

1970 2961 2358 3030 Argumentum
2425 2976 2519 3014 seu
2574 2958 2786 3026 signum
2850 2953 3119 3025 patientia:
3168 2964 3248 3007 est
3300 2967 3452 3005 amor

1900 3050 2166 3115 laborum,
2223 3052 2276 3104 in
2336 3064 2473 3118 quos
2526 3049 2654 3102 dum
2700 3061 2854 3101 mens
2904 3047 3140 3115 respicit,
3192 3053 3367 3113 sperat
3400 3059 3458 3098 se

1901 3141 2141 3196 coelestia
2193 3141 2459 3210 promissa
2517 3148 2911 3193 assecuturam.

2517 3251 2762 3307 Scholion
2812 3250 2898 3305 H.
2994 3264 3009 3275 °

1973 3364 2351 3440 [gaerymarum
2424 3364 2542 3418 alia:
2615 3372 2779 3418 urunt
2838 3373 2891 3418 et
2942 3373 3175 3416 maelant
3240 3378 3457 3432 corpus,

1901 3456 2019 3510 alia:
2081 3456 2364 3525 saginant;
2434 3470 2625 3511 omnes
2689 3469 2809 3525 qua:
2860 3468 2922 3507 ex
2983 3454 3144 3508 corde
3196 3470 3288 3523 per
3335 3470 3458 3524 pec-

1905 3556 2084 3602 catum
2116 3550 2456 3616 promauant,
2488 3546 2813 3601 exhauriunt
2860 3554 2913 3599 ει
2958 3545 3193 3600 exedunt
3221 3560 3415 3612 corpus
3442 3564 3454 3607 ;

1905 3652 2079 3707 neque
2119 3653 2242 3690 raro
2298 3637 2511 3690 animus
2562 3651 2775 3705 quoque
2821 3634 3111 3703 imperator
3164 3641 3218 3685 et
3272 3612 3507 3715 melior“

235 3730 487 3827 αὑτδ,τὺ
535 3729 877 3801 ἡγεμονικὸν,
941 3726 1040 3797 τῆς
1104 3727 1168 3778 ὲκ
1227 3724 1428 3776 τούτων
1486 3723 1798 3776 αἰσθάνεται

1903 3744 2028 3800 pars
2077 3728 2312 3783 hominis
2362 3742 2425 3780 ex
2463 3727 2654 3780 barum
2703 3723 3039 3793 proﬂuxione
3069 3722 3325 3774 damnum
3368 3735 3456 3773 ca-

236 3810 449 3896 βλάδῆς
498 3822 556 3875 ιν
606 3822 673 3890 τῇ
725 3821 887 3890 tam
938 3817 1144 3872 αὐτῶν·
1207 3818 1299 3868 καὶ
1342 3815 1553 3885 πρῶτον
1598 3815 1697 3884 μιν
1743 3816 1798 3866 ὲν

1902 3814 1980 3883 pit
2019 3820 2075 3866 et
2119 3812 2319 3867 sentit:
2347 3821 2400 3865 et
2433 3812 2666 3880 primum
2702 3810 2919 3879 quidem
2957 3810 3011 3863 in
3059 3810 3155 3861 has
3195 3810 3459 3876 lacrymas

235 3912 417 3983 ταύτῃ
442 3912 507 3980 τῇ
541 3908 689 3973 τάξει
719 3908 825 3961 τῶν
854 3908 1101 3978 δακρυων
1140 3905 1199 3969 ἐξ
1225 3905 1469 3974 ἀνάγκης
1515 3904 1730 3973 ἀπαντᾷ
1772 3905 1798 3956 ὁ

1904 3905 2007 3959 hoc
2061 3904 2249 3957 o‘rdine
2273 3902 2597 3971 proﬂuentes
2627 3901 2933 3957 necessario
2991 3901 3219 3955 incurrit
3273 3901 3457 3963 homo,

235 4007 561 4076 ἄνθρωπος’
630 3999 723 4053 καὶ
771 3998 840 4051 δι’
887 3998 1065 4052 αὐτῶν
1123 3998 1399 4065 ἀνοίγεται
1464 3996 1602 4066 θύρα
1649 3995 1800 4065 αὺτῷ

237 4096 506 4151 εἰσελθεῖν
531 4092 611 4154 εις
637 4090 735 4160 τὴν
783 4087 935 4155 τάξιν
975 4087 1071 4159 τὴν
1101 4089 1357 4158 δευτέραν
1392 4087 1490 4157 τὴν
1519 4087 1801 4157 κρείττονα

236 4185 441 4254 αὐτῆς,
466 4182 601 4253 ὅπερ
626 4179 744 4234 ἐστὶ
767 4176 931 4248 χαρὰ,
974 4178 1032 4229 δν
1133 4177 1344 4248 δέχεται
1372 4181 1401 4231 δ
1436 4177 1718 4249 ἄνθρωπος
1741 4176 1802 4231 τὸ

236 4279 431 4341 ἔλεος*
459 4273 630 4329 ταῦτα
668 4271 726 4325 δέ
762 4273 867 4324 εἰσι
907 4267 978 4322 τά
1022 4268 1231 4339 δάκρυα
1267 4270 1338 4323 τά
1368 4270 1704 4341 προχεόμενα
1738 4272 1803 4323 ικ

237 4372 341 4442 τῆς
396 4368 684 4431 συνέσεως,
719 4363 755 4418 ἃ
802 4362 897 4418 καὶ
937 4358 1247 4431 ὼραῖζουσι,
1303 4360 1395 4412 καὶ
1428 4360 1694 4414 πιαινουσι
1742 4362 1803 4415 τὸ

240 4430 411 4531 oti-ipa.
463 4458 559 4512 καὶ
601 4430 868 4518 ἀδιάστως
918 4430 1012 4523 ἀφ’
1043 4448 1248 4505 ἑαυτῶν
1294 4449 1672 4520 κατέρχονται,
1708 4454 1803 4506 καὶ⁵
1836 4430 1843 4443 ³

239 4556 274 4623 ὴ
304 4555 499 4621 ὅρασις
536 4547 629 4602 τοῦ
684 4544 967 4618 ἀνθρώπου
1011 4541 1343 4596 ἀλλοιοῦταιο
1394 4539 1623 4607 καρδίας
1669 4541 1799 4609 γὰρ,

240 4645 436 4719 φησιν,
470 4634 1133 4713 εὔφραινομένης,.θάλλει
1162 4634 1471 4705 πρόσωπον,
1547 4636 1579 4667 α

837 4755 882 4806 Σ
884 4750 1090 4821 χόλιον
1119 4747 1206 4801 ιδ’.

311 4870 669 4939 Δύσφραστον
690 4866 783 4921 καὶ
800 4863 1104 4934 δυσνόητον,
1123 4861 1183 4915 τδ
1203 4861 1261 4913 ὲν
1285 4857 1361 4928 τῷ
1381 4857 1540 4910 παντὶ
1557 4856 1801 4931 ἐθεώρει,

241 4962 272 5014 ὃ
296 4963 328 5015 δ
360 4960 556 5029 Πατὴρ
580 4957 816 5013 ἐνταῦθα
842 4956 1068 5021 τέθεικε,
1097 4955 1189 5009 καὶ
1214 4951 1446 5021 ἀπορίαν
1470 4948 1675 5015 πολλὴν
1704 4950 1804 5021 ἐμ-

242 5048 442 5103 ποιοῦν
495 5052 605 5113 τοῖς
658 5046 1151 5117 ἀναγινώσκουσιν.
1190 5039 1353 5113 Οἶμαι
1407 5040 1463 5093 δὲ
1513 5039 1588 5109 μὴ
1632 5040 1806 5105 άλλως

243 5140 408 5194 τοῦτο
461 5141 696 5196 νοεῖσθαι
749 5140 783 5212 ἢ
841 5138 1031 5206 οὕτως,
1086 5139 1246 5211 ἡνίκα
1286 5152 1367 5198 τις
1419 5130 1595 5185 αὐτῶν
1633 5132 1691 5184 ἐν
1725 5133 1804 5203 τῷ

243 5233 416 5286 παντὶ
455 5233 603 5304 ιὼρα
644 5234 830 5289 ἑαυτόν
844 5249 864 5283 .’
896 5229 1190 5297 τουτέστιν,
1232 5230 1427 5283 ὁπόταν
1453 5240 1535 5288 τις
1571 5222 1680 5277 τῶν
1718 5240 1806 5276 τε-

245 5321 785 5394 λευτώντωνηάγῖων
828 5324 1134 5380 καταδίκων
1174 5322 1388 5384 ἐϐλεπε,
1432 5316 1636 5377 πάντας
1676 5314 1804 5377 τοὺς

246 5413 479 5475 λοιποὺς
501 5413 827 5481 κυκλοῦντας
855 5415 1016 5470 αὐτόν
1035 5429 1049 5444 ’
1081 5414 1176 5467 καὶ
1217 5412 1369 5475 ὅλους
1395 5408 1493 5477 τῆς
1530 5404 1805 5475 φροντίδος

249 5502 472 5558 ἐκείνου
496 5503 836 5571 γενομάνους,
881 5505 958 5569 ὡς
996 5503 1282 5575 μέλλοντας
1308 5500 1511 5574 ἐρωτᾷν
1547 5496 1675 5565 περὶ
1703 5493 1801 5562 τῆς

1907 4012 2001 4067 per
2040 4010 2177 4065 quas
2204 3999 2441 4063 aperitur
2468 3994 2543 4047 illi
2564 3994 2750 4062 janua,
2782 4002 2839 4047 ut
2873 4009 2901 4046 a
2942 3994 3129 4061 primis
3161 3995 3223 4045 ad
3270 4009 3461 4045 secun-

1899 4088 1995 4142 das
2055 4095 2291 4139 transeat
2340 4085 2511 4139 multo
2581 4085 2772 4155 primis
2818 4084 3109 4149 meliores,
3163 4085 3303 4153 quod
3378 4094 3463 4136 est

1900 4179 2153 4250 gaudium
2208 4177 2352 4248 quod
2403 4176 2608 4231 homini
2690 4177 2944 4230 conciliat
3016 4173 3461 4228 misericordiam.

1905 4270 1996 4325 [Ire
2050 4269 2301 4340 lacrymte
2357 4266 2770 4338 proﬁciscuntur
2806 4281 2872 4320 ex
2921 4264 3292 4333 intelligentia,
3338 4265 3459 4333 qni-

1900 4365 2003 4419 bus
2058 4361 2342 4417 eﬂlorescit
2400 4368 2454 4413 ει
2512 4356 2815 4427 pinguescit
2868 4371 3105 4424 corpus,
3156 4365 3210 4410 et
3257 4356 3375 4409 sine
3411 4373 3465 4410 νι

1906 4462 2099 4526 sponte
2155 4466 2253 4507 sua
2280 4449 2575 4511 exundant,
2604 4456 2655 4499 et
2680 4455 2956 4514 aspectum
2994 4447 3229 4503 hominis
3262 4449 3459 4501 immn-

1866 4548 2017 4622 λιειιι
2046 4562 2059 4600 ;
2090 4544 2263 4598 Corde
2300 4542 2443 4593 enim
2474 4576 2490 4601 ,
2525 4534 2734 4604 inquit,
2782 4536 3205 4593 exhilaresccnte
3229 4577 3245 4601 ,
3286 4540 3465 4593 vultus

1902 4649 2116 4708 quoque
2162 4640 2461 4688 serenatur.

1831 4734 1884 4795 Ι)
2492 4738 2738 4794 Scholion
2793 4740 2880 4795 12.

1978 4859 2045 4915 Et
2098 4857 2245 4913 dictu
2292 4864 2347 4912 et
2404 4856 2619 4925 cognitu
2673 4856 2979 4925 perditlicm
3025 4862 3129 4917 est,
3176 4851 3302 4920 quid
3359 4852 3460 4907 sibi

1909 4949 2066 5003 Pater
2147 4946 2274 5001 velit
2351 4946 2436 5000 his
2488 4945 2667 5001 verbis
2718 4959 2838 5015 qua:
2896 4943 2983 4997 hic
3056 4942 3233 5011 posuit
3289 4943 3348 4993 ὲν
3387 4942 3460 5011 τῷ

1909 5036 2089 5100 παντί,
2134 5035 2189 5089 in
2249 5035 2398 5090 omni
2439 5036 2551 5106 (a);
2596 5049 2717 5105 qua:
2761 5032 3059 5103 legentibus
3094 5032 3339 5084 inultam
3365 5032 3461 5085 du-

1907 5125 2219 5183 bitationem
2280 5124 2537 5181 afferunt.
2598 5124 2863 5179 Existimo
2922 5131 3101 5175 autem
3167 5124 3268 5177 hoc
3355 5136 3458 5173 non

1910 5216 2063 5270 aliter
2110 5214 2512 5287 intelligendum
2550 5229 2711 5285 quam
2739 5214 2851 5267 sic:
2891 5210 3119 5278 Quando
3146 5214 3277 5283 quis.
3316 5226 3373 5265 se
3403 5210 3456 5262 in

1912 5306 2191 5360 communi
2240 5305 2467 5362 fratrum
2508 5305 2741 5367 videbat,
2794 5303 2895 5358 boe
2925 5313 3029 5368 est,
3080 5304 3292 5373 quando
3338 5300 3458 5367 quis

1908 5396 2366 5453 tnoriturientium
2444 5405 2755 5465 sanctorum
2788 5430 2807 5459 ,
2860 5394 2954 5463 qui
3018 5395 3220 5463 seipsos
3270 5389 3459 5456 dignos

1907 5487 2098 5543 inieris
2136 5487 2463 5558 judicarant,
2514 5500 2704 5543 omnes
2767 5485 3004 5555 reliquos
3048 5483 3181 5537 lecto
3228 5478 3459 5532 circum-

323 5660 407 5731 (ο)
436 5658 551 5728 Ego
585 5657 822 5737 intelligo
849 5661 1293 5737 valetudinarium
1357 5658 1578 5730 δοχεῖον,
1610 5654 1663 5709 in
1721 5668 1829 5724 quo
1864 5651 1976 5723 jam
2050 5651 2231 5709 vicini-
2281 5650 2443 5708 morti
2484 5657 2538 5704 et
2589 5647 2818 5719 depositi
2861 5640 3279 5701 collocabantur.
3346 5635 3458 5693 lloe

250 5728 400 5790 enim
434 5728 675 5786 narratio
697 5728 810 5797 ipsa
832 5732 1079 5787 ostendit.
