4050 6338
549 334 652 398 787
686 315 689 318 ⁴
1792 348 1852 408 s.
1875 348 2190 410 JOANNIS
2225 347 2530 410 CLIMACI
3675 348 3789 411 788

548 454 702 508 fusos
759 452 923 527 136
970 469 1023 513 et
1081 440 1225 516 totos
1282 462 1375 539 del
1418 478 1565 533 aegro
1635 468 1897 525 sollicitos
1951 470 2116 526 inter-

2218 456 2399 533 ἐξόδου
2451 464 2640 533 αὐτοῦ,
2686 466 2805 521 τότε
2837 466 3146 538 ἐπέσκηπτε
3189 464 3268 537 τῷ
3318 465 3486 537 πατρῖ⁹
3534 465 3714 520 είπεΐν
3741 470 3787 521 ἃ.

547 554 832 615 rogduros
875 549 943 603 de
986 550 1133 606 exitu
1186 552 1331 610 illius
1384 554 1614 613 futuro:
1648 570 1776 617 tunc
1820 563 2110 621 mandabat

549 639 688 706 patri
737 652 831 693 seu
878 641 1093 710 praesidi
1149 645 1329 702 dicere
1381 663 1504 718 quae
1558 652 1792 707 volebat.

986 732 1185 790 'Isaaci
1230 737 1590 809 interrogatio.

620 817 773 876 Unde
830 824 953 895 quis
1000 839 1292 899 cognoscat
1357 846 1417 888 se
1488 818 1696 890 veniam
1768 850 2103 908 peccatorum

552 914 869 983 impetrasse
889 919 916 971 ?

1162 1007 1446 1080 Responsio
1497 1013 1585 1068 15.

623 1093 852 1159 Quando
903 1099 1129 1154 senserit
1185 1101 1239 1155 in
1291 1102 1473 1156 anima
1537 1118 1633 1158 sua
1683 1120 1743 1162 se
1799 1122 1865 1162 ex
1930 1110 2113 1166 animo

551 1174 789 1253 perfecte
853 1188 1031 1244 odisse
1098 1201 1336 1261 peccata.
1404 1193 1469 1250 Et
1511 1197 1730 1265 quando
1777 1198 1831 1253 in
1882 1201 2115 1258 manife-

553 1277 651 1333 stis
720 1280 855 1346 suis,
905 1283 1178 1361 contrario
1220 1284 1382 1341 modo
1438 1302 1601 1357 quam
1673 1300 1792 1345 erat
1853 1303 1997 1360 ante,
2056 1310 2117 1351 se

554 1370 781 1439 gesserit
838 1382 892 1427 et
944 1361 1336 1444 \‘disposuerit;
1390 1386 1520 1456 tunc
1569 1380 1642 1435 ita
1702 1382 1928 1440 affectus
2012 1386 2115 1442 sibi

552 1460 899 1528 persuadeat,
933 1478 993 1519 se
1048 1479 1078 1519 a
1114 1464 1227 1520 Deo
1269 1472 1491 1524 suarum
1533 1470 1850 1529 delictorum
1904 1477 2116 1532 veniam

553 1546 870 1617 impetrasse
896 1553 1227 1608 conscientia
1284 1564 1545 1625 testante,
1594 1576 1755 1631 quam
1796 1564 1850 1618 in
1893 1578 1952 1620 se
2002 1567 2120 1641 ipso

553 1641 755 1705 habet,
824 1650 884 1695 ut
946 1658 1163 1698 sacrum
1233 1644 1479 1716 Apos‘toli
1559 1653 1838 1709 oraculum
1911 1655 2115 1713 docet:

554 1730 880 1797 Cmtscienlia
935 1734 1069 1788 bona
1120 1736 1233 1802 ipsa
1276 1737 1379 1790 sibi
1431 1741 1578 1795 testis
1623 1753 1699 1796 est
1731 1745 1775 1796 °.

895 1827 1141 1881 Scholion
1199 1826 1356 1883 Isaia:
1404 1831 1606 1887 abbatis
1641 1833 1729 1887 14.

624 1914 802 1982 Quare
849 1919 967 1974 vae?
1008 1920 1145 1987 Quia
1219 1923 1484 1990 ejusmodi
1542 1927 1706 1983 homo
1756 1930 1959 1986 nullam
2011 1945 2111 2002 po-

554 2016 660 2062 test
692 2020 927 2079 partem
990 2014 1185 2084 quietis
1240 2030 1433 2084 capere
1472 2018 1567 2087 qui
1614 2019 1689 2085 in
1735 2026 1879 2078 statu
1934 2024 2111 2093 poeni-

558 2098 737 2155 tentia:
777 2111 1039 2168 versatur,
1097 2120 1219 2159 cum
1295 2114 1391 2160 aut
1442 2122 1669 2177 corpore
1725 2110 1779 2166 in
1841 2112 2111 2171 luxuriam

556 2190 841 2261 prolapsus
902 2193 994 2257 sit,
1052 2203 1145 2249 aut
1213 2196 1414 2265 aliquid
1482 2195 1697 2256 furatus
1748 2202 1851 2269 sit,
1907 2214 2002 2261 aut
2056 2207 2110 2262 in

554 2279 663 2334 alio
706 2281 887 2351 aliquo
926 2294 1144 2350 peccato
1196 2284 1497 2351 offenderit,
1531 2297 1625 2344 aut
1680 2290 1926 2360 improbo
1952 2296 2112 2351 oculo

552 2385 677 2425 cum
745 2374 888 2427 malo
946 2373 1139 2428 affectu
1194 2390 1391 2445 corpus
1436 2378 1658 2433 alterius
1713 2384 2113 2454 contemplatus

555 2462 650 2528 sit,
712 2474 804 2518 aut
860 2465 1043 2519 furtim
1076 2476 1129 2521 et
1160 2466 1299 2521 clam
1352 2468 1557 2539 aliquid
1592 2474 1843 2541 gustarit,
1889 2474 2112 2533 interim

554 2554 1058 2628 circumspicienda,
1108 2573 1176 2611 an
1233 2558 1302 2613 ab
1336 2558 1519 2630 aliquo
1566 2562 1827 2619 videretur
1857 2605 1873 2628 ,
1915 2576 2010 2623 aut
2057 2570 2114 2624 in

2143 1845 2191 1906 B

2209 561 2462 615 ὲδούλετο

2558 744 2606 796 Σ
2606 743 2832 811 χόλων,
2877 741 3078 795 Ἰσαὰκ
3116 738 3423 809 ἐρώτησις.

2282 832 2420 887 Πότε
2462 849 2546 897 τις
2596 831 2866 900 γνώσεται
2910 832 2992 886 ὅτι
3028 830 3183 902 ἔτυχε
3227 831 3326 899 τῆς
3374 827 3619 899 ἀφέσεως
3666 823 3783 879 τῶν

2210 928 2491 1000 ἁμαρτιῶν
2507 944 2523 995 ;

2760 1037 3103 1106 Ἀπόκρισις
3141 1035 3222 1106 ιγ’.

2297 1125 2490 1181 Ἠνίκα
2520 1126 2587 1181 ἂν
2613 1126 2845 1199 αίσθηθῇ
2875 1127 2934 1180 ὲν
2963 1128 3029 1197 τῇ
3057 1121 3202 1197 ψυχῇ
3226 1124 3412 1191 αὐτοῦ,
3444 1127 3527 1180 ὅτι
3552 1125 3785 1191 τελείως

2212 1216 2382 1281 αὐτας
2410 1218 2719 1290 μεμίσηκεν
2756 1219 2820 1272 ὲκ
2852 1218 3097 1289 καρδίας,
3126 1216 3221 1269 καὶ
3247 1217 3371 1270 ὅταν
3394 1218 3452 1270 ἐν
3475 1220 3587 1280 τοῖς
3614 1232 3787 1286 φανε-

2227 1309 2337 1377 ροῖς
2366 1307 2530 1361 αὑτοῦ
2562 1307 2817 1370 ἐναντίως
2847 1302 2907 1362 οὗ
2930 1302 3019 1379 ἦν,
3033 1306 3223 1359 διοικεῖ
3251 1306 3466 1359 ἑαυτόν
3483 1306 3513 1359 ὁ
3534 1303 3783 1366 τοιοῦτος

2216 1399 2495 1467 πέποιθεν,
2528 1400 2610 1454 ὅτι
2636 1399 2901 1470 τετύχηκε
2929 1398 3039 1452 τῶν
3083 1397 3444 1468 πταισμάτων
3491 1398 3782 1468 συγχωρή-

2219 1504 2351 1553 σεως
2386 1489 2536 1561 παρὰ
2558 1488 2692 1544 Θεοῦ
2718 1490 2784 1543 ὲκ
2809 1490 2906 1561 τῆς
2933 1488 3237 1560 μαρτυρίας
3268 1490 3369 1558 τῆς
3394 1488 3781 1559 συνειδήσεως,

2216 1580 2284 1651 ἣν
2312 1581 2369 1633 ἐν
2409 1580 2586 1651 ἑαυτῷ
2630 1582 2915 1650 ἐκτήσατο,
2948 1580 3087 1634 κατὰ
3122 1580 3185 1633 τὸ
3228 1579 3436 1650 φάσκον
3470 1579 3650 1647 λόγιον
3680 1577 3785 1651 τοῦ

2229 1671 2577 1725 ’Δποστόλοψ
2599 1671 2951 1739 Συνείδησις
2974 1670 3362 1739 ἀκατάκριτος
3380 1668 3533 1737 αὐτὴ
3556 1665 3786 1735 ἑαυτῆς

2214 1761 2467 1831 μάρτυς.

2664 1854 2712 1906 Σ
2712 1852 2921 1922 χόλιον
2965 1851 3210 1905 Ἡσαΐου
3245 1850 3329 1907 ιδ’.

2283 1942 2437 1997 Διατί
2458 1942 2593 1997 Οὐαί
2617 1961 2632 2011 ;
2662 1945 2808 1997 Διότι
2836 1943 2897 1996 οὐ
2920 1942 3140 1996 δύναται
3166 1944 3196 1997 ὁ
3226 1941 3464 2005 τοιοῦτος
3491 1939 3787 2010 ἄνθρωπος

2216 2034 2586 2105 ἀμεριμνῆσαι
2619 2033 2722 2087 ὑπὸ
2750 2034 3033 2107 μετανοίας
3056 2034 3150 2099 ὣν,
3180 2034 3212 2105 ἢ
3237 2033 3420 2087 πεσὼν
3436 2032 3515 2103 τῷ
3538 2030 3784 2102 σώματι,

2214 2124 2248 2196 ἤ
2280 2124 2498 2195 κλέψας,
2530 2127 2563 2198 ἦ
2603 2127 2663 2181 ἐν
2690 2145 2796 2180 τινι
2824 2127 3060 2190 πταίσας
3095 2125 3202 2179 τῶν
3237 2125 3438 2178 λοιπῶν
3469 2123 3786 2194 ἁμαρτιῶν,

2215 2215 2351 2287 ἥτῷ
2397 2217 2655 2289 ὀφθαλμῷ
2700 2218 2860 2289 σῶμα
2904 2217 3162 2289 ἐμπαθῶς
3210 2216 3563 2305 θεασάμενος.
3597 2214 3631 2284 ἦ
3684 2214 3788 2269 καὶ

2220 2304 2381 2376 μέχρι
2428 2307 2522 2362 τοῦ
2566 2308 2863 2376 γεύσασθαί
2892 2325 3035 2381 τινος
3062 2308 3236 2377 λάθρα
3284 2305 3787 2378 περιϐλεπτόμενος

2215 2393 2311 2448 τοῦ
2348 2398 2424 2467 μὴ
2472 2398 2732 2469 ὁραθῆναι
2781 2397 2887 2451 ὑπό
2933 2412 3112 2461 τινος·
3166 2396 3199 2467 ῆ
3249 2397 3433 2467 ἑτέρου
3482 2395 3669 2457 θέντος
3717 2393 3789 2448 τὸ

2221 2488 2562 2560 μηλωτάριον
2589 2488 2755 2543 αὐτοῦ
2783 2488 3302 2560 περιεργασάμενος,
3328 2489 3381 2542 τί
3410 2488 3544 2560 ἔχει.
3578 2488 3638 2541 '0
3669 2486 3788 2558 γὰρ

2218 2576 2393 2631 ταῦτα
2421 2577 2590 2632 ποιῶν
2617 2579 2710 2633 τὸν
2755 2578 2956 2650 Ἰησοῦν
2987 2579 3216 2651 ὑϐρίζει.

555 2647 893 2705 melotarium
978 2652 1203 2721 (vestem
1267 2670 1333 2710 ex
1400 2656 1563 2711 ovilla
1622 2659 1761 2728 pelle
1822 2660 2148 2734 confectam)
2222 2671 2292 2727 ab
2357 2674 2527 2730 altero
2597 2647 2895 2747 depositum
2953 2647 3164 2731 curiose
3236 2673 3572 2744 inquisierit,
3645 2671 3783 2743 quid

557 2737 771 2794 habeat.
820 2738 925 2804 Qui
976 2742 1101 2795 talia
1151 2744 1281 2813 agit,
1348 2744 1627 2801 Christum
1680 2746 1865 2805 Iesum
1922 2759 2247 2815 contumelia
2297 2763 2477 2820 allicit.
2664 2737 2683 2747 -
3164 2774 3169 2781 ’

1045 2831 1296 2901 Ejusdem
1346 2838 1410 2889 de
1464 2838 1663 2894 eodem.

624 2921 727 2987 Qui
784 2923 953 2978 multa
1023 2932 1079 2979 et
1147 2941 1338 2997 magna
1399 2930 1644 3001 prodigia
1714 2932 1880 3001 facit,
1940 2952 2115 3008 aegros

554 3022 730 3078 curat,
771 3022 827 3067 et
877 3015 1026 3069 omni
1062 3015 1287 3071 scientia
1333 3017 1525 3088 pollet,
1574 3030 1815 3079 mortuos
1865 3026 1918 3081 in
1950 3028 2115 3084 vitam

2612 2858 2722 2913 Τοῦ
2757 2859 2942 2916 αὑτοῦ
2973 2862 3068 2928 είς,
3100 2860 3167 2915 τὸ
3206 2860 3374 2914 αὐτό.

2295 2948 2421 3003 Ἐὰν
2438 2950 2535 3006 ἄνθ
2543 2968 2721 3023 ρωπος
2740 2952 2994 3023 δυνάμεις
3020 2954 3148 3023 ποιῇ
3178 2952 3376 3016 πολλὰς
3396 2968 3490 3006 και
3511 2951 3780 3023 μεγάλας,

2214 3039 2307 3092 καὶ
2342 3040 2533 3106 ίάσεις,
2584 3041 2680 3096 καὶ
2725 3041 2838 3111 ἔχει
2889 3044 3069 3095 πᾶσαν
3105 3042 3324 3110 γνῶσιν,
3357 3043 3451 3097 καὶ
3494 3043 3779 3129 ἁναστῄσῃ

555 3112 793 3168 reVocat,
846 3115 900 3160 et
953 3106 1082 3160 olim
1141 3108 1197 3161 in
1242 3120 1523 3177 peccatum
1558 3113 1841 3185 prolapsus
1879 3129 1983 3185 est,
2006 3121 2115 3177 frui

2215 3130 2458 3199 νεκροὺς,
2493 3132 2579 3201 ἐφ’
2610 3132 2731 3186 ὅσον
2757 3106 2955 3186 ’ἐπεσεν
2984 3134 3065 3196 είς
3103 3106 3397 3202 ἁμαρτίαν,
3444 3135 3506 3187 οὐ
3550 3106 3782 3193 δύναταῖ

554 3210 689 3263 pace
722 3196 889 3249 animi
952 3211 1055 3258 μοι]
1078 3207 1301 3267 potest,
1347 3202 1474 3271 quia
1510 3202 1564 3257 in
1604 3213 1747 3273 statu
1792 3209 2118 3278 paenitentiae

556 3292 680 3346 est,
748 3294 1017 3352 quatenus
1067 3287 1122 3341 in
1175 3301 1392 3358 peccata
1454 3294 1740 3364 prolapsus
1799 3307 1903 3354 est.
1962 3301 2119 3367 Quod

561 3373 617 3429 si
653 3374 817 3430 etiam
870 3377 1061 3433 multis
1098 3393 1158 3438 se
1213 3379 1493 3438 lalmribus
1537 3384 1763 3455 fatiget,
1825 3398 1882 3443 et
1923 3391 2121 3447 viderit

559 3463 780 3520 interim
837 3466 1143 3534 quempiam
1193 3467 1338 3523 omni
1393 3485 1590 3539 genere
1648 3464 1995 3543 peccatorum
2036 3480 2121 3534 in-

556 3556 861 3624 quinatum,
920 3557 1072 3612 suive
1113 3557 1513 3629 negligentem,
1562 3572 1618 3619 et
1674 3564 1823 3621 illum
1875 3580 2121 3625 contem-

558 3647 746 3715 pserit,
793 3647 995 3702 frustra
1031 3656 1133 3712 est,
1180 3665 1282 3705 nec
1311 3665 1407 3705 sua
1447 3656 1758 3723 pmnitentia
1789 3658 1957 3716 hilum
1992 3678 2121 3731 pro-

560 3738 701 3803 licit,
756 3739 901 3809 quod
930 3740 1225 3809 judicando
1275 3744 1577 3799 membrum
1608 3747 1804 3804 Christi
1842 3751 2119 3822 abiecerit,

562 3838 617 3907 et
669 3844 775 3884 non
802 3831 904 3899 ipsi
946 3830 1057 3887 Deo
1099 3833 1268 3903 judici
1324 3834 1589 3904 judicium
1654 3842 1979 3910 permiserit.

572 3904 575 3907 I
1190 3927 1435 3982 Scholion
1465 3930 1554 3984 15.

631 4007 699 4064 Hi
760 4021 904 4073 sunt.
954 4017 1046 4085 qui
1092 4009 1286 4073 lateres
1333 4035 1498 4090 supra
1527 4021 1736 4092 lapides
1786 4027 2122 4083 adiﬁcarunt

2215 3222 2608 3294 ἀμεριμνῆσαι,
2638 3225 2721 3279 ὅτι
2753 3224 2859 3278 ὑπὸ
2892 3225 3177 3295 μετανοίας
3206 3224 3370 3279 ἐστίν.
3400 3226 3466 3279 Εἰ
3511 3226 3567 3279 δὲ
3600 3228 3694 3279 καὶ
3715 3226 3783 3278 ἐν

2218 3311 2432 3374 πολλοῖς
2486 3314 2693 3378 κόποις,
2742 3315 2837 3367 καὶ
2883 3314 2967 3385 ίδῃ
3020 3314 3141 3368 τινὰ
3178 3316 3234 3367 ὲν
3270 3316 3422 3387 πάσῃ
3464 3316 3708 3388 ἁμαρτίᾳ
3738 3317 3780 3389 ἢ

2217 3402 2445 3474 ἀμελείᾳ.
2473 3403 2622 3470 ὄντα,
2654 3406 2747 3459 καὶ
2775 3402 3101 3478 ἐξουδενώσῃ
3129 3404 3311 3472 αὐτὸν,
3346 3408 3426 3470 είς
3456 3408 3630 3478 μάτην
3660 3409 3782 3463 ἐστὶ

2221 3493 2369 3545 πᾶσα
2396 3496 2429 3565 ἡ
2463 3495 2721 3565 μετάνοια
2742 3497 3027 3563 αὑτοῦ,ὅτι
3050 3498 3318 3569 ἀπέρριψε
3349 3499 3511 3569 μέλος
3543 3501 3781 3571 Χριστοῦ

2221 3583 2420 3652 κρίνων
2472 3586 2624 3653 αὐτὸ,
2671 3588 2768 3643 καὶ
2811 3588 2885 3661 μὴ
2930 3590 3100 3653 ἐάσας
3148 3589 3209 3643 τὸ
3264 3593 3438 3662 κρῖμα
3484 3592 3563 3663 τῷ
3618 3595 3782 3667 κριτῇ

2221 3672 2359 3745 Θεῷ.

2809 3937 3066 3996 Σχόλιον
3102 3957 3150 3995 ιε
3167 3978 3185 3996 .

2809 3955 2855 3991 .z.
2897 3955 3066 3992 ο.ιιον
3102 3957 3185 3996 ιε.

2293 4019 2451 4080 Οὗτοί
2498 4026 2636 4079 εἰσιν
2684 4027 2735 4080 oi
2784 3955 2967 4084 ὲπένω
2992 4031 3153 4087 λίθων
3196 4032 3453 4101 πλίνθους
3486 4035 3781 4108 οίκοδομή-

564 4099 683 4165 εἱιιε
735 4115 1010 4169 caemcnto,
1060 4108 1173 4162 sive
1228 4109 1323 4179 qui
1399 4124 1468 4165 ex
1513 4108 1802 4171 virtutibus
1874 4116 1933 4173 in
1990 4117 2118 4173 vitia

2224 4129 2434 4180 σαντες,
2472 4114 2638 4186 ἥγουν
2683 4118 2733 4171 οἱ
2762 4119 2821 4185 ἐξ
2850 4120 3056 4192 ἀρετῶν
3088 4114 3224 4196 πρὸς
3250 4126 3320 4180 τὰ
3365 4099 3512 4197 πάθη
3559 4099 3783 4181 πεπτω-

566 4191 803 4262 prolapsi
854 4205 1001 4250 sunt.
1437 4270 1443 4275 ί

667 4328 671 4332 ,
890 4338 893 4339 ,
1071 4332 1073 4335 .
1135 4289 1383 4346 Scholion
1440 4293 1528 4350 l6.

635 4374 773 4442 Quis
806 4390 893 4430 me
928 4388 1107 4446 ponat,
1158 4382 1355 4453 inquit,
1399 4385 1514 4440 sive
1556 4385 1790 4441 deducat
1835 4388 1892 4443 in
1932 4388 2129 4451 orbem

566 4467 775 4522 dierum
826 4468 1077 4531 illorum,
1138 4471 1191 4525 in
1243 4475 1442 4543 quibus
1474 4492 1562 4532 me
1611 4475 1757 4532 Deus
1810 4481 2129 4549 custodivit,
2160 4521 2174 4533 .

566 4562 785 4627 quando
869 4558 1122 4614 mandata
1197 4562 1316 4630 eius
1388 4568 1779 4637 custodiebam,
1844 4570 2001 4642 137
2070 4580 2126 4628 et

562 4648 782 4717 quando
846 4658 1081 4703 mentem
1120 4652 1315 4707 animae
1361 4671 1511 4722 mete,
1548 4660 1853 4717 illustrabat
1886 4661 1963 4732 (a)
1993 4662 2019 4716 ἲ

1167 4739 1415 4798 Scholion
1449 4745 1559 4811 ιιι.-
1578 4772 1593 4776 ·

636 4827 925 4900 Exigamus
989 4831 1156 4886 vitam
1217 4842 1457 4889 nostram
1517 4838 1598 4892 ad
1668 4840 1812 4912 leges
1882 4845 2119 4916 pietatis,

567 4930 635 4968 nc
679 4917 735 4971 in
787 4921 917 4977 vitia
971 4922 1327 4978 transversim
1364 4925 1474 4979 acti
1524 4942 1619 4997 spe
1655 4933 2000 4992 .excidamus.
2066 4940 2069 4941 ⁷

1186 5101 1438 5159 Scholion
1470 5103 1555 5159 l8.

635 5183 740 5251 Qui
793 5201 860 5241 ex
918 5190 1113 5249 ﬁducia
1163 5210 1291 5265 erga
1350 5194 1661 5267 religiosum
1708 5213 1974 5269 pastorem
2027 5223 2121 5263 su-

564 5293 680 5341 um,
725 5288 779 5333 et
819 5279 1100 5347 cbaritate,
1148 5295 1203 5342 et
1256 5288 1428 5357 ipsius
1476 5286 1753 5345 voluntate
1805 5295 2027 5354 virtutes
2047 5299 2122 5354 si-

566 5368 619 5421 bi
660 5378 1002 5438 pepereruut,
1036 5372 1088 5426 hi
1126 5379 1376 5448 suntqui
1421 5393 1587 5449 supra
1628 5380 1859 5455 solidam
1888 5398 1891 5401 '
1918 5398 2118 5445 terram

564 5457 844 5515 columnas
904 5469 960 5516 et
1003 5462 1319 5521 modestiam
1373 5471 1541 5525 animi
1597 5471 1948 5532 collocarunt.

638 5578 662 5608 '
700 5576 882 5632 lTim.
912 5594 951 5646 l,
987 5579 1054 5634 l9

639 5691 716 5779 la)
749 5694 930 5779 tﬂQuis
960 5660 1420 5779 mibitribtmt‘tit
1483 5707 1586 5762 sim
1644 5706 1798 5779 juxta
1861 5724 2074 5770 menses

571 5772 657 5815 me
674 5761 725 5815 ἲ»
755 5763 875 5835 (Job
894 5781 1042 5833 xxix,
1070 5765 1112 5823 2‘

2152 4198 2197 4253 D
2224 4203 2400 4267 κότες.

2804 4296 3061 4373 Σχόλιὸν
3095 4302 3197 4372 ις’.

2295 4393 2391 4458 Τίς
2421 4412 2488 4465 με
2515 4394 2690 4468 θήσει,
2727 4397 2880 4466 φησὶ,
2903 4398 2998 4451 καὶ
3025 4396 3247 4464 κατάξει
3292 4398 3373 4464 είς
3398 4397 3497 4467 τὴν
3534 4398 3784 4470 περίοδον

2222 4484 2329 4538 τῶν
2359 4487 2579 4560 ἡμερῶν
2626 4489 2868 4554 ἐκείνων,
2897 4490 2957 4543 ὲν
2987 4483 3074 4552 αἷς
3118 4505 3188 4558 με
3227 4490 3259 4543 ὁ
3286 4487 3418 4552 Θεὸς
3461 4489 3780 4559 ἐφύλαττεν,

2222 4575 2310 4628 ὅτε
2339 4578 2439 4642 τὰς
2486 4578 2653 4633 αὐτοῦ
2703 4579 2921 4643 ἐντολὰς
2958 4580 3208 4651 ἐτήρουν,
3253 4577 3348 4633 καὶ
3389 4578 3481 4634 τὸν
3528 4580 3652 4635 νοῦν
3680 4582 3780 4654 τῆς

2221 4667 2360 4738 ἐμῆς
2386 4669 2562 4741 ψυχῆς
2600 4669 2895 4740 ἐφώτιζενς
3506 4692 3507 4697 ‘

2808 4760 3066 4826 Σχόλιον
3101 4757 3190 4824 ιζ’.

2306 4846 2699 4921 Ῥυθμησωμεν
2726 4850 2950 4911 ἑαυτοὺς
2975 4851 3088 4912 τοῖς
3117 4849 3304 4904 κανόσι
3328 4849 3431 4921 τῆς
3474 4851 3775 4921 εὐσεϐείας,

2227 4937 2315 4992 ἵνα
2346 4940 2422 5011 μὴ
2448 4943 2527 5005 εἰς
2558 4939 2702 4997 πάθη
2738 4940 3184 5011 παρατραπέντες
3214 4934 3534 5013 ἐκπέσωμεν
3563 4944 3663 5015 τῆς
3692 4946 3780 5000 ἑλ-

2224 5031 2393 5097 πίδος,
3508 5056 3517 5062 ‘
3546 5089 3552 5094 .

2808 5125 3064 5194 Σχόλιον
3097 5143 3152 5197 ιη
3172 5166 3187 5180 .

2299 5213 2365 5267 οι
2397 5216 2506 5269 ἀπὸ
2550 5216 2669 5286 τῆς,
2689 5213 2823 5285 πρὸς
2853 5217 2943 5267 τὸν
2971 5214 3200 5282 ποιμένα
3227 5213 3481 5280 πίστεως,
3516 5217 3610 5271 καὶ
3638 5216 3777 5289 ἀγά-

2228 5320 2355 5374 πης,
2402 5306 2496 5359 καὶ
2523 5305 2615 5359 τοῦ
2639 5304 2803 5359 αὑτοῦ
2832 5304 3129 5376 θελήματος
3153 5304 3249 5368 τὰς
3275 5306 3475 5376 ἀρετὰς
3502 5309 3780 5382 κτησάμε-

2224 5413 2306 5449 νοι
2324 5433 2339 5458 ,
2371 5390 2516 5449 οὗτοί
2541 5398 2680 5449 εἰσιν
2707 5395 2757 5448 οί
2790 5396 2973 5450 ἐπάνω
3000 5396 3104 5467 γῆς
3132 5397 3352 5464 στύλους
3388 5399 3779 5473 ἑδραιῶσαντις

2224 5486 2321 5540 τοῦ
2353 5488 2607 5543 ταπεινοῦ
2636 5488 2816 5541 αὐτῶν
2844 5492 3207 5562 φρονήματος.

2132 5708 2406 5789 pristinos,
2463 5720 2762 5797 secundum
2820 5722 2935 5780 dies
2992 5725 3186 5798 quibus
3244 5729 3385 5788 Deus
3433 5725 3778 5787 custodiehal
