4050 6338
194 431 294 493 189

784 540 1048 611 Σχόλιον’·
1076 541 1162 596 ιθ’.

260 634 424 687 Ὅταν
458 632 746 704 ἄνθρωπος
787 627 1128 704 μνημονεύσῃ
1173 632 1279 686 τῶν
1325 630 1555 703 πρώτων
1586 629 1748 683 αὑτοῦ

196 723 507 794 ἁμαρτιῶν,
523 725 620 778 καὶ
655 724 852 796 κολάσῃ
879 725 1087 789 ἑαυτὸν,
1108 724 1227 777 τότε
1254 724 1347 777 καὶ
1374 726 1403 778 ὁ
1429 722 1562 785 Θεὸς
1590 738 1751 792 φρον-

194 816 307 867 τίδα
339 817 576 869 ποιεῖται
616 816 927 870 ἀναπαῦσαι
955 816 1137 869 αὐτόν.
1172 814 1314 867 Διότι
1340 814 1518 884 χαίρει
1543 814 1571 865 δ
1598 812 1747 875 Θεὸς,

195 909 270 961 ὅτι
298 905 477 976 ἑαυτῷ
502 907 568 959 τὸ
600 907 867 977 ἐπιτίμιον
893 905 1309 969 δέδωκεν.αὺτὸς
1335 904 1422 959 διὰ
1451 905 1549 976 τὴν
1578 904 1752 975 παρά-

196 997 346 1050 ϐασιν
396 996 501 1067 τῆς
536 996 657 1051 ὀδοῦ
695 995 789 1049 τοῦ
829 995 998 1050 Θεοῦ·
1044 997 1177 1064 ὅπερ
1227 996 1447 1066 σημεῖόν
1497 997 1610 1049 ἐστι
1650 996 1750 1065 τῆς

196 1088 308 1141 ὀδοῦ
336 1089 432 1157 τῆς
464 1088 775 1158 μετανοίας,
803 1089 896 1141 καὶ
940 1089 1061 1142 ὅσον
1093 1088 1255 1151 αὐτὸς
1301 1086 1470 1142 πολλὰ
1508 1087 1750 1158 βιάσεται

196 1179 287 1248 τὴν
304 1178 483 1251 ψυχὴν
516 1177 702 1245 αὑτοῦ,
724 1178 975 1234 τοσοῦτον
1001 1179 1329 1248 πληθύνεται
1348 1181 1411 1234 ἐκ
1432 1171 1527 1234 τοῦ
1554 1178 1689 1233 Θεοῦ
1714 1180 1748 1248 ἡ

195 1270 319 1339 τιμὴ
345 1268 537 1324 αὐτοῦ.
566 1271 590 1295 ⁸

786 1451 1046 1520 Σχόλιον
1092 1459 1161 1506 κ’.

268 1538 523 1612 Ἑϐδόμη,
545 1543 580 1615 ἠ
612 1541 857 1598 παροῦσα
883 1541 1016 1615 ζωὴ,
1041 1543 1259 1616 δουλικὴ
1286 1542 1361 1608 δὲ,
1384 1543 1459 1606 ὡς
1484 1544 1551 1614 τῇ
1576 1534 1751 1615 φθορᾷ

194 1626 543 1704 δουλευούσης
597 1635 696 1704 τῆς
740 1634 1005 1698 κτίσεως·
1061 1635 1217 1706 ὀγδόη
1262 1636 1291 1687 ὁ
1341 1634 1546 1705 μέλλων
1593 1634 1747 1703 αἰὼν,

197 1721 308 1776 καθ’
334 1723 393 1777 ὃν
427 1725 529 1796 τῆς
560 1725 617 1778 ὲν
644 1724 818 1798 φθορᾷ
839 1726 1083 1791 δουλείας
1108 1725 1548 1797 ὲλευθερούμεθα.

420 2014 429 2019 λ
862 1992 1070 2047 Ἄλλο.

268 2078 538 2152 Ἐϐδόμην
597 2082 845 2155 δουλικὴν
888 2086 985 2154 τὴν
1053 2084 1331 2155 παροῦσαν
1387 2085 1533 2153 λέγει
1576 2084 1740 2155 ζωῆνν

194 2169 475 2243 ἐλευθέραν
502 2174 558 2228 δὲ
586 2174 682 2245 τὴν
709 2176 1004 2245 μέλλουσαν
1025 2193 1039 2207 ο
1062 2176 1149 2230 διὰ
1180 2177 1286 2229 τῶν
1313 2178 1451 2230 ἑπτὰ
1472 2178 1578 2247 γάρ
1606 2178 1742 2246 ἡμε-

194 2257 299 2329 ρῶν
326 2261 422 2314 τοῦ
461 2264 717 2333 παρόντος
753 2264 887 2333 βίου,
918 2266 1027 2318 τῶν
1055 2267 1114 2317 ὲν
1157 2266 1306 2337 αύτῷ
1341 2266 1742 2335 συμϐαινόντων

195 2354 518 2422 σφαλμάτων
567 2355 665 2427 τὴν
713 2355 1128 2428 δουλοπρέπειαν
1182 2356 1632 2429 ἐκτιναξάμενος,
1672 2360 1741 2428 τῇ

192 2442 345 2517 ὀγδόῃ
370 2445 508 2517 πρὸς
537 2447 681 2518 ζωὴν
708 2447 995 2521 ἐλευθέραν
1029 2448 1313 2520 μετῆλθεν.

763 2626 1020 2694 Σχόλιον
1060 2633 1167 2682 καί.

259 2710 402 2782 Αὕτη
437 2713 586 2766 ἐστὶν
618 2716 651 2784 ή
682 2716 893 2786 ἀνδρία,
920 2716 981 2769 τὸ
1017 2718 1483 2785 ἀνταγωνίσασθαι
1526 2720 1619 2775 τὸν
1648 2721 1744 2774 άν-

196 2799 403 2871 θρωπον
429 2805 553 2866 ταῖς
598 2804 885 2875 προτέραις
924 2807 1087 2860 αὑτοῦ
1133 2801 1445 2878 ἁμαρτίαις,
1487 2810 1625 2881 ὑπὲρ
1666 2804 1742 2866 ὧν

197 2893 284 2944 καὶ
312 2894 619 2964 παρακαλεῖ
662 2898 1093 2969 συγχωρηθῆναι,
1130 2899 1204 2972 μὴ
1250 2902 1410 2955 πάλιν
1458 2904 1741 2975 πεισθῆναι

197 2984 395 3050 αὐταῖς,
435 2987 545 3041 εἴτε
588 2990 646 3041 ὲν
684 2991 751 3062 τῇ
797 2990 992 3064 καρδίᾳ
1040 2992 1221 3060 αὑτοῦ,
1254 2995 1363 3048 εἴτε
1396 2995 1457 3050 ὲν
1488 2996 1739 3067 πράξεσι,

197 3073 298 3129 alte
325 3077 380 3129 ὲν
408 3077 713 3149 αἰσθήσεσι.

861 3257 1069 3311 Ἄλλο.

269 3340 486 3415 ’Δνδρία
511 3344 737 3415 καρδίας
762 3345 981 3418 βοήθειά
1007 3349 1121 3402 ἐστι
1142 3353 1207 3420 τῇ
1237 3351 1379 3424 ψυχῇ
1412 3354 1551 3423 μετὰ
1588 3354 1739 3422 Θεὸν,

196 3429 375 3507 ὥσπερ
400 3438 435 3507 ἡ
465 3436 662 3507 άκηδία
686 3437 907 3510 βοήθειά
931 3442 1047 3493 ἐστι
1086 3441 1186 3513 τῆς
1216 3446 1429 3510 κακίας.

866 3619 1067 3678 Ἄλλο.

272 3702 482 3773 ’Δγάπη
510 3707 544 3776 ἡ
573 3707 653 3769 είς
677 3706 828 3771 Θεὸν,
868 3711 1116 3768 ἐκδιώκει
1144 3716 1241 3787 τήν
1280 3719 1535 3788 ἀμέλειαν
1555 3738 1569 3753 '
1604 3726 1636 3794 ἡ
1683 3724 1741 3777 δὲ

198 3791 390 3864 ἀφοϐία
433 3798 636 3868 ἐγείρει
665 3800 851 3873 αὑτήν.
1156 3838 1163 3846 -

582 4008 585 4011 ν
643 3977 898 4046 Σχόλιον
940 3979 1142 4034 Ἰσαὰκ
1176 3982 1280 4051 κβ’.

264 4065 417 4119 Ἔστι
463 4067 786 4133 ταπείνωσις
834 4071 899 4123 ἐκ
945 4071 1101 4137 Θεοῦ,
1136 4075 1229 4128 καὶ
1272 4074 1417 4130 ἔστιν
1454 4094 1484 4133 ο
1520 4080 1608 4135 διὰ
1650 4083 1741 4137 τὸν

200 4156 354 4223 φόϐον
381 4156 476 4210 τοῦ
499 4157 633 4211 Θεοῦ
662 4161 1080 4234 ταπεινούμενος
1097 4206 1115 4231 ,
1159 4168 1253 4221 καὶ
1281 4167 1393 4222 ἔστι
1419 4171 1742 4237 ταπείνωσις

198 4246 259 4298 ὲκ
284 4248 375 4301 τοῦ
423 4249 588 4302 πόθου
616 4249 708 4303 τοῦ
745 4251 877 4306 Θεοῦ
898 4269 912 4283 ⁸
943 4256 1037 4308 καὶ
1065 4256 1256 4328 ἐκείνῳ
1287 4259 1386 4329 μὲν
1415 4261 1490 4331 τῷ
1521 4263 1608 4317 διὰ
1651 4266 1740 4319 τὸν

199 4336 354 4402 φόϐον
394 4338 488 4392 τοῦ
534 4338 668 4392 Θεοῦ
709 4345 1112 4417 ταπεινουμένῳ
1147 4348 1427 4403 ἀκολουθεῖ
1473 4353 1742 4410 ἐπιείκεια

198 4425 301 4480 τῶν
331 4429 526 4499 μελῶν,
560 4430 694 4503 μετὰ
740 4432 1015 4488 εὐτάκτων
1045 4435 1367 4510 αίσθήσεων,
1414 4444 1506 4497 καὶ
1546 4446 1741 4516 καρδία

199 4522 703 4620 συντετριμμένη-ἐν
727 4523 1110 4620 παντικαιρῷο
1142 4528 1221 4599 τῷ
1256 4529 1311 4582 δὲ
1331 4531 1419 4585 διὰ
1448 4534 1547 4606 τὴν
1567 4541 1740 4608 χαρὰν
1771 4565 1813 4620 D

196 4611 597 4702 ταπεινωμένῳ,
623 4614 902 4669 ἀκολουθεί
929 4617 1167 4691 ἁπλότης
1191 4622 1389 4694 πολλὴ,
1425 4628 1519 4681 καὶ
1547 4632 1742 4702 καρδία

199 4698 491 4755 αὐξάνουσα
517 4705 612 4758 καὶ
653 4707 981 4781 άκράτητος.
1091 4772 1094 4775 λ
1544 4718 1547 4723 ’

771 4881 1027 4970 Σχόλῳν
1050 4891 1157 4954 κγ’.

264 4965 463 5064 Ἔργον
504 4966 880 5064 ταπεινωσεώς
928 4965 1107 5064 ᾗτε-τιν,
1168 4977 1287 5045 ἵνα,
1332 4980 1426 5033 εάν
1464 4999 1549 5047 τις
1599 4986 1745 5057 ἡμᾶς

200 5056 545 5128 βδελύσσηται
576 5057 609 5129 ἦ
642 5058 830 5133 διῴκῃ,
877 5056 1088 5138 ἔχωμεν
1123 5072 1377 5143 φρόνημα
1408 5071 1520 5126 ῖσῠν
1563 5056 1743 5146 κυνὸς.

197 5146 252 5209 δς
276 5150 403 5203 ὅταν
428 5150 709 5221 διώκηται.
734 5152 1036 5229 ἀναχωρεῖ*
1056 5161 1188 5215 ὅταν
1212 5163 1269 5217 δὲ
1292 5163 1554 5230 καλεῖται,
1583 5167 1740 5239 ἔρχε-

198 5255 302 5301 ται,
331 5241 546 5313 ἔχοντες
575 5247 633 5298 ὲν
671 5246 737 5315 τῇ
772 5246 968 5320 καρδίᾳ
995 5250 1077 5304 ὅτι
1116 5253 1215 5307 οὐκ
1245 5254 1408 5326 ἐσμὲν
1439 5254 1576 5323 ἄξιοι
1605 5262 1745 5316 μετὰ

200 5331 369 5387 αὐτῶν
396 5332 557 5394 εἶναι.

770 5427 1027 5498 Σχόλιον
1058 5434 1159 5488 κδ’.
1223 5436 1233 5451 ⁹

267 5512 442 5583 Νῆφε,
462 5514 676 5586 ἀδελφὲ,
689 5516 824 5588 πρὸς
835 5514 896 5570 τὸ
915 5517 1130 5589 πνεῦμα
1150 5521 1211 5575 τὸ
1232 5523 1395 5595 φέρον
1409 5524 1581 5595 λύπην
1596 5527 1654 5581 ὲν
1668 5529 1747 5600 τῷ

204 5603 500 5676 ἀνθρώπιν’
535 5608 702 5662 πολλὰ
732 5608 838 5680 γάρ
888 5608 957 5661 τὰ
996 5607 1310 5682 θηρεύματα
1342 5616 1527 5680 αὐτοῦ,
1547 5617 1651 5681 ἕως
1682 5614 1744 5675 οῦ

205 5696 463 5768 ἀδύναμόν
489 5713 550 5749 σε
572 5700 771 5770 ποιήσῃ
816 5715 830 5727 ·
853 5698 888 5766 ἡ
918 5697 1026 5769 γὰρ
1077 5699 1214 5753 κατὰ
1266 5702 1398 5757 Θεὸν
1426 5703 1568 5774 λύπη
1605 5710 1745 5779 χαρά

209 5788 364 5859 ἔστιν,
406 5790 463 5844 ἐν
492 5787 567 5860 τῷ
593 5788 815 5861 ὁρᾶσθαι
847 5790 1067 5847 σεαυτὸν
1095 5790 1375 5863 ἱστάμενον
1397 5797 1455 5851 ἐν
1484 5796 1559 5869 τῷ
1588 5798 1745 5871 θελή-

1186 426 1417 495 SCALA
1464 420 1836 483 PARADISI.
1877 444 1947 457 -
1987 418 2290 479 GRADUS
2316 420 2388 479 'V.
2442 477 2449 485 .

1781 536 1831 595 Δ

3309 421 3415 484 ,9ο

2463 530 2705 585 Scholion
2737 531 2822 586 19.

1920 622 2143 690 Quando
2209 623 2372 677 homo
2425 624 2607 678 omnia
2671 614 2886 703 peccata
2954 637 3049 678 sua
3102 623 3280 691 priora
3348 624 3404 678 in

1849 714 2162 769 memoriam
2215 722 2453 781 revocat,
2525 722 2579 768 et
2634 713 2747 783 ipse
2800 700 3041 782 seipsum
3095 714 3316 783 castigat
3350 726 3401 768 et

1848 806 2023 871 punit,
2068 814 2194 859 tunc
2244 803 2386 859 Deus
2445 820 2631 859 curam
2689 803 2831 858 illius
2908 805 3063 874 gerit,
3114 813 3169 859 et
3236 805 3404 873 ipsius

1851 895 2237 951 conscientiam
2274 904 2517 966 pacatam
2548 895 2739 950 reddit.
2789 893 2998 949 Gaudet
3036 895 3179 949 enim
3210 896 3401 949 volun-

1849 986 1970 1039 tarii
2042 986 2340 1054 peccatoris
2412 999 2590 1054 pmna,
2669 983 2884 1052 quando
2943 981 3125 1045 dolet,
3183 984 3325 1051 quod
3371 1000 3401 1037 a

1848 1073 1942 1130 Dei
1991 1076 2080 1132 .via
2137 1075 2442 1139 recesserit,
2495 1074 2799 1143 limitesque
2844 1074 3014 1144 legum
3054 1073 3391 1126 transilierit.

1849 1166 2005 1233 Quod
2078 1166 2287 1236 signum
2327 1174 2412 1220 est
2469 1166 2727 1220 transitus
2783 1165 2850 1219 ad
2909 1163 3273 1234 paenitentiam
3307 1174 3404 1218 :et

1847 1266 2050 1326 quanto
2085 1256 2257 1325 magis
2295 1257 2530 1310 animam
2578 1254 2823 1309 alIlixerit
2863 1269 3037 1317 suam,
3062 1262 3206 1308 tanto
3232 1254 3404 1309 honor

1850 1346 1927 1412 illi
1958 1346 2191 1417 amplior
2237 1343 2444 1399 accedit
2494 1353 2548 1397 et
2596 1350 2821 1411 augetur
2852 1357 2881 1395 a
2925 1341 3056 1397 Deo.

2444 1430 2693 1486 Scholion
2736 1432 2825 1485 20.

1914 1528 2128 1600 Septem
2188 1528 2537 1586 hebdomadis
2586 1528 2700 1582 dies
2772 1525 3053 1596 praesentis
3108 1525 3230 1579 vita:
3292 1534 3401 1578 sta—

1843 1631 1957 1677 tum
2015 1622 2355 1690 Signiﬁcant,
2407 1620 2652 1676 serviiem
2712 1633 2938 1689 nempe,
2992 1616 3133 1686 quod
3188 1615 3401 1670 condita

1844 1722 2040 1767 natura
2116 1714 2354 1778 serviat,
2428 1721 2483 1767 et
2563 1710 2805 1780 subjecta
2879 1710 2950 1765 sit
3026 1706 3399 1775 corruptioni;

1848 1812 2041 1859 octava
2096 1802 2213 1859 dies
2262 1794 2512 1858 futurum
2571 1803 2826 1863 saeculum
2881 1798 3117 1871 respicit,
3174 1813 3284 1868 quo
3333 1798 3404 1852 ab

1770 1875 1813 1931 Β
1847 1893 2127 1950 servitutis
2170 1894 2518 1964 corruptione
2558 1892 2928 1947 liberabimur.

2529 1984 2710 2038 Aliud.

1917 2074 2133 2145 Septem
2185 2076 2302 2132 dies
2352 2074 2575 2130 serviles
2633 2081 2950 2144 prmsentem
3008 2073 3171 2127 vitam
3222 2073 3402 2141 appel-

1845 2163 1940 2227 lat,
1995 2157 2219 2219 liberam
2266 2174 2446 2219 autem
2492 2179 2613 2233 qua:
2667 2163 2910 2233 sequitur
2964 2164 3145 2216 futura
3195 2163 3402 2233 (octava

1847 2254 2119 2326 inquam);
2146 2256 2239 2325 qui
2276 2256 2421 2310 enim
2458 2271 2548 2324 per
2586 2265 2787 2323 septem
2842 2254 2957 2308 dies
3002 2255 3278 2322 praasentis
3316 2255 3397 2308 vi-

1847 2353 1950 2411 tae,
2011 2341 2356 2416 peccatorum
2419 2362 2653 2416 nempe,
2721 2362 2841 2416 qua:
2910 2347 2962 2400 in
3026 2346 3115 2401 illa
3164 2346 3406 2402 accidere

1847 2437 2039 2502 solent,
2088 2439 2412 2494 servitutem
2465 2438 2695 2492 debitam
2761 2437 3038 2503 excussit,
3092 2446 3282 2492 octava
3338 2438 3405 2492 ad

1847 2532 2152 2597 libertatem
2210 2534 2333 2588 vita:
2384 2533 2593 2588 transit.

2506 2622 2751 2679 Scholion
2784 2624 2875 2678 21.
2908 2672 2910 2674 τ

1916 2708 2041 2765 Haec
2091 2718 2176 2765 est
2227 2708 2486 2764 fortitudo
2533 2719 2591 2764 ut
2651 2710 2814 2763 homo
2864 2710 3093 2764 luctetur
3147 2708 3406 2764 adversus

1846 2802 2028 2871 priora
2076 2811 2315 2870 peccata,
2346 2816 2443 2869 pro
2480 2801 2678 2870 quibus
2712 2803 2937 2871 supplex
2992 2809 3147 2870 rogat
3210 2798 3404 2863 Deum,

1847 2897 1907 2945 ut
1962 2890 2050 2946 illa
2108 2890 2213 2946 sibi
2263 2891 2548 2960 ignoscat,
2599 2892 2728 2945 totis
2786 2891 2990 2945 viribus
3048 2898 3297 2959 prccaths
3338 2905 3408 2945 ne

1845 2981 2102 3049 deinceps
2153 2980 2261 3036 illis
2318 2981 2622 3036 consentiat
2668 2981 2780 3035 sive
2840 2980 2891 3034 in
2929 2981 3109 3046 corde,
3170 2981 3283 3036 sive
3314 2996 3408 3034 coq-

1847 3069 2146 3139 gitatione,
2222 3070 2338 3126 sive
2419 3068 2631 3124 actione
2704 3084 2800 3124 seu
2866 3083 3057 3138 opere,
3122 3068 3235 3124 sive
3298 3068 3408 3125 ullo

1847 3175 2031 3215 sensu.

2519 3249 2701 3303 Aliud.

1918 3337 2206 3395 Fortitudo
2259 3340 2465 3405 cordis,
2495 3348 2550 3393 et
2602 3339 2903 3393 subsidium
2967 3341 3161 3392 animae
3213 3354 3404 3392 secun-

1846 3428 1975 3483 dum
2048 3426 2258 3494 Deum,
2311 3428 2765 3500 quemadmodum
2842 3427 3053 3498 pigritia
3107 3426 3405 3482 fomentum

1846 3533 1927 3578 est
1972 3521 2216 3578 malitiae.

2546 3613 2726 3666 Aliud.

1917 3704 2172 3760 Charitas
2204 3720 2332 3775 erga
2367 3702 2534 3759 Deum
2591 3706 2812 3774 expellit
2869 3706 3246 3775 negligentiam
3279 3719 3405 3768 ;se-

1846 3799 2048 3853 curitas
2089 3807 2267 3853 autem
2322 3813 2443 3869 qua:
2489 3808 2632 3854 caret
2700 3799 2912 3865 timore,
2974 3801 3175 3852 excitat
3223 3806 3277 3853 et
3325 3798 3409 3853 [ον-

1848 3898 1939 3943 vet
1986 3890 2156 3943 Illam.

2265 3978 2426 4048 138
2477 3978 2727 4033 Scholion
2760 3977 2939 4031 Isaaci
2988 3978 3080 4032 22.

1918 4068 2014 4127 Est
2064 4069 2345 4126 humilitas
2394 4085 2460 4125 ex
2493 4071 2622 4137 Deo,
2680 4078 2734 4125 et
2779 4079 2863 4125 est
2901 4072 2994 4140 qui
3051 4088 3107 4127 se
3164 4072 3409 4127 luuniliat

1845 4171 2063 4232 propter
2107 4161 2357 4216 timorem
2406 4162 2521 4225 Dei,
2562 4170 2616 4218 et
2643 4170 2726 4217 est
2761 4161 3035 4218 humilitas
3074 4179 3195 4233 qua:
3228 4164 3408 4218 nasci-

1846 4260 1935 4307 tur
1974 4267 2040 4307 ex
2079 4250 2350 4307 desiderio
2409 4251 2525 4332 Dei.
2588 4252 2741 4305 Illum
2779 4252 2871 4321 qui
2912 4262 3139 4322 propter
3161 4253 3407 4307 timorem

1848 4345 1944 4401 Dei
2017 4360 2078 4401 se
2142 4344 2409 4410 humiliat,
2465 4344 2709 4415 sequitur
2747 4345 2992 4413 quaedam
3042 4344 3409 4400 membrorum

1846 4436 2144 4491 moderatio
2173 4472 2188 4500 ,
2216 4504 2235 4521 η
2268 4451 2395 4491 cum
2469 4443 2619 4507 grata
2685 4449 2946 4490 sensuum
3014 4438 3410 4507 compositione

1844 4538 1899 4594 et
1953 4514 2401 4596 temperamento,
2464 4533 2519 4581 et
2576 4540 2671 4579 cor
2711 4525 3002 4579 contritum
3056 4528 3207 4582 omni
3274 4514 3433 4583 tem—7

1844 4635 1995 4689 pore.
2026 4618 2128 4684 Qui
2159 4627 2337 4671 autem
2390 4632 2459 4671 ex
2494 4615 2761 4671 desiderio
2813 4624 2869 4671 et
2926 4618 3124 4688 gaudio
3176 4635 3233 4673 se
3279 4618 3409 4676 sub.-

1845 4708 2010 4763 mittit
2048 4716 2099 4762 et
2145 4706 2372 4776 abjicit,
2436 4706 2664 4765 multam
2716 4709 3025 4778 assequitur
3089 4709 3408 4779 simplicita-

1846 4807 1953 4854 tem
1998 4805 2053 4851 et
2105 4796 2289 4852 cordis
2346 4804 2695 4865 augmentum
2718 4806 2773 4851 et
2797 4798 3126 4856 libertatem.

2416 4885 2662 4951 Scholion
2694 4889 2786 4943 23.

1916 4967 2247 5034 Illumilitatis
2304 4977 2544 5031 studium
2594 4990 2698 5044 est,
2732 4990 2790 5033 ut
2846 4979 2893 5033 si
2944 4977 3067 5046 quis
3100 4992 3200 5031 nos
3245 4993 3404 5034 exse-

1843 5080 2021 5125 οτειυι-
2065 5079 2119 5124 ει
2169 5077 2541 5138 persequatur,
2600 5070 2783 5124 animo
2829 5067 3049 5136 perinde
3104 5069 3284 5125 ali'ecti
3332 5073 3404 5128 si-

1847 5177 1989 5225 mus,
2040 5172 2101 5216 ut
2148 5174 2311 5214 canes
2382 5160 2477 5229 qui
2527 5162 2668 5231 pulsi
2731 5159 3011 5223 recedunt,
3070 5164 3248 5217 vocati
3310 5179 3403 5218 ve-

1846 5252 2023 5316 niunt,
2083 5257 2396 5318 reputantes
2448 5248 2500 5301 in
2560 5247 2721 5302 corde
2780 5254 2968 5302 nostro
3019 5248 3269 5320 indignos
3304 5265 3402 5304 nos

1847 5356 1989 5405 esse,
2039 5339 2289 5410 quicum
2345 5337 2657 5393 hominibus
2717 5337 2960 5394 vivamus

2384 5464 2385 5467 η
2436 5428 2684 5484 Scholion
2706 5428 2796 5484 24.

1914 5524 2163 5587 Attende,
2218 5522 2486 5594 religiose,
2531 5528 2586 5575 et
2626 5521 2788 5593 vigila
2837 5524 3097 5580 adversus
3150 5522 3398 5592 spiritum

1845 5618 1939 5690 qui
1986 5614 2193 5671 homini
2232 5613 2509 5669 molestias
2549 5620 2605 5667 et
2671 5614 2944 5671 tristitiam
2984 5616 3212 5684 ingerit;
3259 5615 3399 5668 mul-

1846 5721 1913 5766 ta‘.
1980 5708 2123 5761 enim
2191 5714 2318 5761 sunt
2396 5704 2607 5759 insidia:
2672 5706 2845 5771 illius,
2904 5706 3079 5776 quoad
3147 5704 3398 5760 virtutem

1850 5815 1992 5860 tuam
2032 5809 2085 5856 et
2122 5798 2229 5854 vim
2285 5794 2539 5865 infringat
2572 5816 2587 5854 :
2625 5812 2752 5854 nam
2782 5797 2996 5854 tristitia
3044 5811 3164 5868 qum
3207 5813 3234 5853 a
3292 5794 3400 5854 Deo
3448 5804 3453 5811 ‘
