4050 6338
580 418 678 480 791
1374 404 1376 406 V
1841 418 1892 473 S.
1920 413 2563 477 JOANNIS'CLIMACI
3700 425 3815 476 ’ΝΖ

575 540 861 600 provenit,
917 529 1170 598 gaudium
1231 530 1409 598 parit,
1480 529 1606 582 dum
1679 529 1840 580 homo
1889 526 2030 580 videt
2085 543 2138 581 se

2252 544 2377 596 ματι
2417 527 2511 580 τοῦ
2533 526 2687 580 Θεοῦ.
2729 526 2785 580 '0
2816 528 2870 580 δὲ
2920 528 3090 596 λέγων
3121 544 3234 581 σοι·
3275 528 3382 584 Ποῦ
3413 529 3554 600 ἔχεις
3591 531 3810 598 euripi;

572 634 715 677 stare
791 623 844 675 in
894 621 1059 674 tutela
1115 636 1222 676 seu,
1269 620 1543 674 voluntate
1613 619 1726 673 Dei.
1799 620 1900 685 Qui
1965 630 2144 673 autem

571 715 666 766 tihi
723 712 1042 778 dicit:Quo
1099 713 1336 782 reiugies
1389 711 1983 781 (miser)?p(nnitentia
2058 721 2145 765 tua

577 804 724 856 nulla
781 803 1022 858 est:liic
1063 803 1288 856 insidias
1345 813 1397 858 et
1423 801 1610 856 odium
1673 809 1906 866 exercet,
1967 800 2144 870 quoad

574 894 849 948 hominem
916 910 945 947 a
982 896 1314 950 continentia
1379 905 1606 950 avertat.
1666 892 1908 948 Tristitia
1964 905 2143 948 autem

571 990 757 1034 sancta
820 996 929 1035 non
974 982 1200 1052 imponit
1256 983 1501 1048 homini,
1557 982 1655 1038 sed
1724 981 1855 1036 dicit
1926 981 2000 1035 illi
2032 980 2146 1036 :Ne

574 1071 850 1136 l'ormides,
909 1071 1022 1126 redi
1072 1074 1264 1136 modo;
1295 1073 1445 1127 novit
1480 1073 1624 1127 enim
1675 1071 1819 1141 quod
1866 1071 2009 1130 Deus.
2051 1087 2146 1141 po-

577 1177 693 1217 tens
739 1173 844 1227 est,
912 1174 968 1217 et
1013 1164 1299 1218 confirmat
1329 1179 1476 1218 eum.
1537 1162 1632 1218 Vis
1684 1179 1776 1216 seu
1833 1164 2007 1218 virtus
2055 1178 2145 1218 eo.

574 1272 692 1312 rum
753 1257 846 1327 qui
902 1258 1126 1312 virtutes
1187 1259 1385 1312 sectari
1437 1270 1492 1313 et
1523 1258 1739 1338 assequi
1769 1259 1976 1320 volunt,
2026 1257 2142 1313 haec

573 1364 688 1416 est,
759 1362 855 1416 ut,
912 1354 955 1408 si
1034 1354 1253 1422 quando
1326 1355 1658 1420 ceciderint,
1724 1371 1830 1408 non
1888 1353 2145 1423 abjiciant

574 1445 838 1506 animum,
891 1444 981 1499 sed
1047 1444 1240 1498 iterum
1289 1443 1356 1498 ad
1415 1445 1609 1499 salutis
1657 1459 1844 1499 curam
1897 1446 2141 1499 redeant.

881 1517 900 1540 ⁸
1237 1536 1418 1589 Aliud.

644 1625 736 1679 Est
783 1627 997 1681 tristitia
1052 1626 1317 1696 perutilis,
1373 1635 1427 1680 et
1471 1626 1691 1681 tristitia
1725 1643 1847 1696 qua:
1893 1642 2139 1681 corrum-

574 1718 649 1786 pit
722 1718 1014 1772 hominem.
1086 1716 1342 1772 Tristitia.-
1399 1719 1546 1773 utilis
1615 1717 1848 1772 ndicium
1909 1727 1994 1774 est
2042 1732 2139 1774 sua

573 1813 784 1880 propria
828 1821 1043 1879 peccata
1093 1810 1369 1880 plangere,
1420 1811 1658 1880 itemque
1707 1813 1932 1865 alterius
1982 1811 2138 1880 igno-

2255 617 2539 685 μετάνοιαν
2568 617 2667 669 οὐκ
2694 617 2835 686 ἔχεις
2857 634 2869 646 ⁵
2901 613 3050 679 οὗτος
3077 618 3175 688 τῆς
3204 619 3398 690 ἔχθρας
3427 620 3593 680 ἐστὶν,
3618 618 3724 680 ἕως
3740 610 3812 671 οὗ

2254 708 2453 778 ποιήσῃ
2491 709 2581 761 τὸν
2616 708 2902 778 ἄνθρωπον
2942 709 3208 762 ἀπολῦσαι
3231 710 3327 780 τὴν
3361 712 3702 780 ἐγκράτειαν.
3737 711 3814 763 Ἡ

2246 801 2304 854 δέ
2350 801 2489 854 κατά
2530 799 2662 853 Θεδν
2715 800 2856 872 λύπη
2902 801 3000 854 οὐκ
3051 800 3348 854 ἐπιτίθεται
3393 800 3469 872 τῷ
3507 799 3808 872 άνθρὼταρ.

2246 892 2382 946 ἀλλά
2434 892 2580 960 λέγει
2628 891 2808 956 αὐτῷ·
2860 892 2954 970 μὴ
3002 890 3200 961 φοδοῦο
3249 891 3405 961 δεῦρο
3449 891 3639 946 πάλιν·
3694 885 3811 944 οἶδε

2245 987 2353 1056 γάρ
2396 986 2478 1039 ὅτι
2521 985 2550 1036 ό
2578 984 2705 1046 Θεὸς
2733 984 2950 1046 δυνατός
2987 984 3121 1049 ἐστι,
3154 983 3248 1037 καὶ
3292 983 3577 1052 ἐνδυναμοί
3613 980 3807 1035 αὐτόν.

2245 1076 2481 1148 Δύναμις
2510 1074 2618 1128 τῶν
2662 1074 2920 1127 θελόντων
2949 1073 3252 1143 κτήσασθαι
3282 1073 3378 1137 τάς
3422 1072 3621 1142 ἀρετάς
3659 1061 3822 1143 αὕτη

2244 1171 2412 1235 ἐστὶν,
2463 1169 2548 1221 ἵνα
2593 1167 2686 1220 ἐὰν
2729 1168 2954 1234 πέσωσι,
3002 1167 3078 1239 μη
3121 1167 3619 1238 μικροψυχήσωσιν,
3663 1164 3810 1219 ἀλλὰ

2247 1260 2408 1313 πάλιν
2427 1259 2790 1330 φροντίσωσιν

2799 1416 2804 1480 Ι

2920 1539 3124 1594 Ἄλλο.

2315 1633 2468 1686 Ἐστι
2502 1631 2641 1701 λύπη
2674 1632 2979 1701 ἐπωφελὴς,
3011 1631 3106 1683 καὶ
3141 1631 3255 1684 ἔστι
3285 1631 3427 1702 λύπη
3458 1631 3808 1704 φθοροποιος.

2243 1721 2351 1792 Τῆς
2380 1723 2476 1791 μέν
2504 1718 2596 1775 οὖν
2625 1723 2898 1793 χρησίμης
2944 1719 3139 1790 λύπης,
3168 1721 3227 1773 τὸ
3253 1721 3354 1790 μέν
3381 1725 3498 1776 ἐστι
3540 1723 3666 1793 περὶ
3690 1722 3810 1777 τῶν

2240 1813 2455 1876 οἰκείων
2485 1813 2891 1884 ἁμαρτημάτων
2925 1813 3153 1866 στένειν.
3189 1812 3260 1866 Τὸ
3286 1813 3366 1876 δὲ,
3407 1814 3653 1886 καὶπερὶ
3698 1817 3805 1876 τῆς

573 1896 823 1965 rautiaiii,
868 1913 919 1954 et
967 1917 1028 1955 ea
1061 1903 1221 1956 etiam
1272 1902 1340 1957 de
1387 1917 1550 1957 causa
1603 1918 1670 1957 ne
1709 1904 1988 1974 proposito
2013 1903 2132 1973 (seu

2241 1907 2330 1960 τοῦ
2377 1905 2603 1976 πλησίον
2635 1905 2923 1972 ἀγνωσίας,
2973 1905 3031 1957 τὸ
3075 1905 3131 1958 δέ
3172 1904 3307 1974 πρὸς
3340 1905 3400 1957 τὸ
3440 1906 3512 1976 μὴ
3549 1908 3809 1960 ἐκπεσεῖν

573 1992 741 2058 gratia
799 1992 1000 2059 divitia)
1039 1993 1270 2057 excidat,
1302 1993 1422 2048 ‘setl
1486 1993 1934 2063 perfectissimam
1985 1993 2137 2049 boni-

572 2093 733 2136 tatem
766 2093 1108 2150 assequatur.
1160 2083 1460 2139 Saeculares
1499 2096 1680 2138 autem
1723 2102 1846 2140 cum
1874 2102 1980 2141 non
2023 2085 2137 2140 lau-

571 2177 788 2238 tlattlttr,
842 2175 1061 2228 tristitia
1120 2174 1456 2238 alliciuntur;
1515 2177 1596 2230 vel
1640 2177 1783 2230 enim
1836 2178 2136 2232 alienorum

572 2266 901 2335 appetitione
946 2265 1291 2330 cruciantur,
1341 2267 1421 2320 vel
1451 2278 1763 2337 paupertate
1799 2278 2134 2338 torquentur,

573 2358 656 2410 vel
714 2357 1048 2427 locupletati,
1097 2345 1312 2412 insania
1349 2358 1666 2413 eilerantur.

657 2461 662 2470 '
1128 2449 1376 2504 Scholion
1426 2450 1516 2503 95.

655 2544 710 2594 In
758 2543 858 2597 hoc
907 2542 1156 2598 diabolus
1227 2541 1398 2595 hostis
1457 2553 1509 2594 ct
1544 2542 1682 2595 ultor
1728 2543 1929 2597 dicitur
1960 2560 1973 2608 ;
2007 2557 2132 2594 cum

570 2629 639 2681 sit
684 2645 934 2684 tlllmlCllS
989 2632 1240 2696 virtutis,
1301 2641 1650 2702 posteaquam
1703 2634 1790 2687 illa
1843 2635 1911 2687 ab
1954 2632 2137 2703 aliquo

569 2722 770 2786 amissa
819 2731 921 2784 est,
969 2724 1160 2776 vindex
1196 2733 1249 2777 et
1299 2725 1442 2778 ultor
1475 2737 1574 2778 est.
1939 2719 1950 2726 ’

1071 2811 1228 2881 139
1257 2813 1502 2867 Scholion
1546 2813 1634 2868 26.

639 2901 740 2955 Per
767 2903 1122 2957 humilitatem
1169 2906 1502 2975 (religiosus)
1543 2908 1726 2961 omnia
1760 2908 1900 2962 bona
1941 2925 2136 2966 conse-

567 2997 773 3066 quitur,
812 2997 951 3050 inter
981 3013 1101 3066 qua:
1133 3007 1187 3051 et
1219 3000 1773 3063 commiserationcm,
1831 3015 1924 3069 per
1971 3015 2134 3070 quam

566 3098 617 3142 et
641 3090 754 3158 ipse
786 3089 1238 3144 certus'redditur
1273 3091 1444 3145 veniae
1467 3091 1835 3161 impetranda;

916 3177 1161 3232 Scholion
1205 3179 1364 3234 Isaia:
1408 3181 1611 3234 abbatis
1667 3182 1756 3235 97.

635 3269 865 3336 Quando
923 3272 1062 3324 inter
1112 3287 1299 3340 preces
1348 3273 1795 3353 animadverteris
1851 3286 1901 3330 te
1934 3277 2136 3332 nullius

566 3364 770 3429 peccati
806 3363 874 3416 ab
921 3364 1255 3418 conscientia
1289 3368 1558 3430 accusari,
1613 3377 1742 3422 tunc
1775 3369 1828 3422 in
1859 3384 2039 3423 veram
2073 3370 2139 3422 li—

565 3457 825 3508 hertatem
883 3467 1127 3511 assertus
1159 3472 1240 3521 es,
1289 3469 1344 3512 et
1381 3475 1568 3516 revera
1599 3460 1652 3514 ir.
1687 3472 1930 3517 sanctam
1978 3463 2133 3532 quie-

568 3557 672 3598 tem
702 3543 795 3599 Dei
829 3545 1110 3616 ingressus
1142 3561 1199 3601 es
1231 3561 1298 3602 ex
1328 3549 1604 3606 voluntate
1634 3551 1828 3621 lpsius.

1163 3637 1429 3694 Thalassii
1460 3640 1548 3694 28.

635 3729 1035 3786 Conscientiam
1064 3731 1323 3788 mundam
1351 3734 1651 3804 disciplina
1676 3735 1941 3806 religiosa:
1986 3737 2138 3795 labo-

565 3840 652 3879 res
679 3824 935 3887 cilicium,
964 3824 1154 3894 quales
1185 3834 1310 3878 sunt
1356 3825 1649 3896 jejunium,
1681 3830 1898 3900 vigiliae,
1930 3831 2137 3901 patien-

566 3917 638 3968 tia
696 3915 1098 3969 lmwanimilas.

1253 4009 1434 4063 Aliud.

637 4095 1102 4161 Quemadmodum
1134 4115 1231 4170 per
1269 4099 1407 4153 facta
1448 4109 1504 4154 ct
1531 4102 1693 4155 verba
1723 4104 1969 4172 proditur
1997 4104 2139 4174 cogi-

565 4190 720 4252 tatio,
759 4192 828 4243 ita
864 4206 959 4258 per
1005 4195 1231 4250 cile-ctus
1260 4193 1465 4261 cordis,
1496 4195 1653 4263 quasi
1689 4210 1784 4265 pro
1817 4212 2139 4267 compensa—

566 4291 712 4336 tione
741 4283 1082 4352 pmnitentia.

1024 4375 1269 4430 Scholion
1304 4376 1473 4432 Marci
1513 4379 1601 4432 ‘29.

639 4463 973 4522 Pmniteutia:
987 4483 1125 4538 opus
1156 4469 1238 4523 his
1268 4469 1441 4525 tribus
1475 4472 1783 4526 contexitur
1811 4472 2134 4530 virtutibus:

2239 1997 2338 2064 τῆς
2369 1995 2706 2066 προθέσεως·
2741 1993 2799 2045 τὸ
2824 1992 2879 2045 δὲ
2915 1994 3000 2046 ἵνα
3032 1993 3129 2063 τῆς
3161 1995 3497 2064 τελειοτάτης
3528 1995 3808 2066 ἐφάψηται

2243 2085 2604 2155 ἁγαθότητος·
2635 2086 2683 2137 oi.
2712 2083 2770 2136 δὲ
2797 2085 3051 2153 κοσμικοὶ
3081 2083 3156 2154 μὴ
3190 2084 3534 2152 δοξαζόμενοι
3570 2084 3810 2138 λυποῦν-

2237 2197 2342 2240 ται,
2375 2178 2482 2230 τῶν
2518 2175 2807 2246 ἀλλοτρίων
2838 2175 3152 2246 ὀρεγόμενοι
3181 2177 3433 2244 τήκονται
3459 2192 3473 2207 '
3517 2176 3810 2247 πενόμενοι

2239 2269 2555 2338 δυσφροῦσι,
2587 2267 2942 2330 πλουτοῦντες
2975 2267 3344 2337 ἐκμαίνονται.

2822 2445 2868 2496 Σ
2869 2443 3068 2511 χόλων
3125 2447 3204 2497 κε’

2323 2535 2409 2586 Ἐν
2440 2533 2610 2602 τούτῳ
2653 2535 2682 2587 ό
2707 2533 2951 2598 διάϐολος
2977 2534 3167 2605 ἐχθρὸς
3219 2536 3310 2591 καὶ
3359 2536 3643 2610 ἐκδικητης
3693 2538 3794 2592 λέ-

2239 2643 2393 2693 γεται
2418 2642 2433 2654 ο
2465 2626 2561 2696 τῆς
2593 2625 2702 2697 γάρ
2748 2627 2949 2697 ἀρετῆς
2979 2628 3169 2700 ἐχθρὸς
3198 2629 3297 2695 ὢν.
3344 2630 3478 2700 μετὰ
3506 2629 3604 2702 τὴν
3631 2631 3808 2702 αὐτῆς

2241 2722 2532 2783 ἔκπτωσιν,
2581 2719 2656 2783 ὡς
2681 2719 2911 2773 ἐκδικῶν
2939 2719 3207 2788 φαίνεται.

2821 2815 3079 2883 Σχόλιον
3115 2821 3228 2879 κς’.

2310 2910 2406 2958 Δια
2433 2903 2812 2968 ταπεινώσεως
2843 2906 3006 2958 πᾶσιν
3051 2906 3273 2974 ἀγαθοξ
3308 2905 3706 2978 ἐπεισέρχεται,
3734 2905 3806 2960 ἐν

2237 2992 2316 3062 οἷς
2355 2999 2448 3051 καὶ
2472 2999 2506 3068 η
2574 2996 2904 3068 συμπάθεια,
2944 2997 3012 3051 δι’
3037 2991 3105 3069 ἦς
3133 2998 3225 3050 καὶ
3257 2999 3292 3068 ἠ
3327 2999 3662 3070 πληροφορία
3698 2999 3808 3070 τῆς

2241 3093 2658 3161 συγχωρήσεως.

2674 3181 2932 3250 Σχόλιον
2977 3182 3216 3237 Ἡσαΐου
3257 3183 3354 3248 κζ’.

2321 3270 2446 3326 Ἐἀν
2473 3272 2588 3344 ἴδῃς
2622 3273 2906 3344 εὐχόμενος
2935 3275 3126 3328 ἑαυτὸν
3157 3275 3322 3346 μηδὲν
3363 3275 3424 3329 τὸ
3455 3275 3668 3330 σύνολον
3697 3278 3807 3349 τῆς

2244 3363 2442 3425 κακίας
2489 3362 2826 3434 κατηγοροῦν
2873 3381 2952 3428 σε,
2981 3363 3090 3435 ἄρα
3117 3364 3282 3428 ὅντως
3309 3364 3586 3437 ἐλεύθερος
3614 3365 3680 3427 εί,
3705 3369 3805 3422 καὶ

2237 3452 2483 3522 εἰσῆλθες
2510 3453 2676 3518 ὅντως
2727 3457 2806 3517 είς
2861 3455 2958 3524 τὴν
2991 3455 3152 3523 ἁγίαν
3210 3457 3548 3510 κατάπαυσιν
3607 3456 3801 3524 αὑτοῦ,

2237 3546 2378 3602 κατά
2405 3546 2468 3600 τὸ
2498 3546 2708 3618 θέλημα
2752 3544 2938 3600 αὑτοῦ.
3718 3533 3722 3538 ’

2775 3639 3123 3694 Θαλοισσίου
3158 3639 3265 3711 κη’.

2309 3732 2620 3802 Συνείδησιν
2670 3731 2916 3802 καθαρὰν
2974 3733 3125 3787 πόνοι
3185 3731 3430 3786 ποιοῦσιν
3474 3733 3797 3806 ἀσκήσεως·

2237 3817 2345 3875 οἷον
2381 3823 2623 3891 νηστεία,
2669 3821 2962 3894 ἀγρυπνία,
2991 3821 3254 3893 ὑπομονὴ,
3286 3823 3657 3896 μακροθυμία.

2923 4004 3129 4058 Ἄλλο.
3542 4034 3550 4040 -

2307 4097 2517 4169 Ὠσπερ
2558 4098 2626 4152 δι’
2668 4097 2844 4168 ἔργων
2883 4098 2976 4151 καί
3020 4096 3194 4166 λόγων
3227 4098 3550 4170 φανεροῦται
3596 4101 3798 4169 ἔννοια,

2237 4189 2376 4242 οὕτω
2411 4190 2498 4244 διά
2515 4190 2626 4243 τῶν
2657 4191 3045 4262 ἐνεργημάτων
3076 4191 3186 4244 τῶν
3213 4191 3519 4262 καρδιακῶν
3546 4195 3582 4265 η
3627 4191 3800 4264 μετάέ

2237 4297 2352 4333 vat:
2381 4279 2752 4342 άνταπόδοσις.
2871 4332 2873 4335 .

2685 4375 2728 4425 Σ
2729 4372 2938 4441 χόλιον
2968 4371 3211 4438 Μάρκου
3253 4372 3355 4428 κθ’.

2306 4463 2378 4518 Τὸ
2404 4466 2501 4534 τῆς
2531 4465 2813 4533 μετανοίας
2841 4463 2998 4533 ἔργον
3029 4465 3088 4516 ἐν
3120 4467 3238 4528 ταῖς
3263 4466 3406 4534 τρισὶ
3423 4465 3644 4528 ταύταις
3664 4469 3799 4540 ἀρε-

570 4559 950 4627 repnrgatione
999 4561 1410 4628 cogitationum,
1475 4562 1694 4621 assidua
1725 4567 2053 4634 preCatioue,
2083 4576 2136 4621 et

2241 4561 2354 4622 ταῖς
2401 4559 2776 4628 ἐξυφαίνεταιο
2813 4561 2890 4612 ἐν-
2922 4557 3000 4628 τῷ
3047 4559 3339 4631 λογισμοὺς
3389 4560 3666 4632 καθαρείν,
3701 4564 3800 4618 καὶ

567 4647 917 4702 aillictiouum
954 4649 1260 4716 tolerantia,
1298 4669 1419 4723 qua:
1450 4669 1555 4708 non
1605 4658 1778 4711 solum
1832 4667 2132 4722 externam,

567 4739 659 4792 sed
687 4740 849 4793 etiam
882 4751 1146 4794 mternam
1179 4745 1376 4799 mentis
1403 4746 1672 4800 actionem
1704 4747 2039 4813 desiderant,
2079 4759 2139 4803 ut

569 4831 658 4898 qui
695 4832 745 4882 in
785 4831 869 4885 his
919 4843 1287 4900 perseverant,
1322 4835 1390 4889 ab
1437 4837 1692 4892 omnibus
1720 4840 1985 4893 malarum
2017 4839 2138 4895 alle-

569 4923 807 4975 ctionum
840 4922 1338 4989 perturbationibus
1369 4925 1664 4983 liberentur
1700 4948 1711 4983 :
1749 4947 1872 4984 nam
1904 4930 2020 4985 sine
2052 4931 2136 4986 liis

571 5015 745 5068 tribus
765 5013 926 5068 dictis
956 5015 1250 5069 virtutibus
1279 5033 1416 5086 opus
1447 5019 1780 5091 [militentiae
1805 5023 1989 5090 perlici
2023 5038 2132 5077 non

571 5117 764 5178 potest.

1181 5200 1427 5258 Scholion
1467 5203 1554 5257 30.

639 5297 868 5362 Quando
885 5297 1020 5351 dixit
1033 5296 1193 5352 Pater
1208 5298 1265 5348 ὲν
1277 5299 1385 5358 τοῖς
1405 5295 1686 5366 ῥᾳθύμοις,
1713 5297 1814 5352 hoc
1827 5308 1911 5350 est
1927 5298 1976 5350 in
1997 5299 2127 5368 igna-

574 5391 674 5453 vis,
705 5392 953 5446 distinxit
983 5401 1035 5444 et
1074 5391 1311 5458 seiunxit
1351 5390 1610 5459 impigros
1640 5397 1692 5441 et
1743 5399 2050 5458 prauiptos;
2087 5399 2142 5445 et

572 5501 670 5538 cur
700 5487 820 5547 hoc,
857 5483 1204 5539 manifestum
1234 5493 1335 5538 est.
1359 5481 1594 5536 Pronum
1626 5483 1767 5574 etiin
1787 5493 1870 5537 est
1896 5485 2137 5548 credere,

571 5593 693 5630 cum
726 5577 904 5645 ignavi
961 5579 1090 5639 sint,
1137 5575 1410 5630 difficilem
1447 5577 1661 5630 illorum
1692 5591 1807 5628 esse
1835 5576 2138 5630 revocatio-

575 5680 693 5717 nem
725 5681 819 5719 seu
852 5666 1306 5728 emendationem,
1337 5665 1508 5719 sicubi
1557 5665 1609 5719 in
1641 5674 1917 5732 peccatum
1955 5665 2136 5734 prola-

557 5757 655 5826 psi
695 5755 922 5814 fuerint:
979 5773 1075 5811 sua
1109 5759 1252 5814 cnim
1291 5758 1536 5810 socordia
1567 5755 1803 5824 depreSsi
1848 5756 2136 5824 desperant

579 5851 721 5904 illaut
755 5852 916 5904 animi
961 5851 1403 5920 tranquillitatem
1439 5850 1503 5904 ab
1535 5848 1785 5904 omnibus
1845 5850 2134 5901 all‘ectuum

2237 4649 2589 4713 ἀδιαλείπτως
2647 4649 3074 4723 προσεύχεσθαι,
3132 4651 3225 4704 καὶ
3273 4652 3369 4715 τὰς
3425 4653 3800 4723 ἐπερχομένας

2239 4742 2443 4812 θλίψεις
2470 4742 2778 4814 ὑποφέρειν,
2803 4741 2947 4816 ἅπερ
2977 4743 3039 4796 ού
3063 4745 3221 4814 μόνον
3244 4744 3503 4814 φανεράν,
3535 4743 3669 4797 ἀλλὰ
3699 4743 3798 4797 καὶ

2237 4836 2426 4906 νοεράν
2469 4836 2726 4907 ἐργασίαν
2755 4834 2956 4904 ὀφείλει
3003 4836 3168 4908 ἔχειν,
3213 4835 3350 4890 ὥστε
3389 4838 3513 4900 τοὺς
3552 4835 3797 4907 ἐγχρονί-

2240 4925 2428 4990 ζοντας
2455 4927 2681 4990 ἀπαθεῖς
2709 4928 3076 4998 καταστῆσαιο
3106 4929 3226 4981 ἐπεὶ
3250 4929 3378 4982 ἄνευ
3399 4927 3508 4982 τῶν
3537 4943 3796 4998 προειρη-

2242 5019 2416 5086 μένων
2445 5019 2611 5090 τριῶν
2639 5017 2847 5088 ἀρετῶν
2873 5020 2935 5073 οὐ
2975 5018 3194 5074 δύναται
3222 5020 3568 5090 τελειωθῆναι
3604 5018 3666 5073 τὸ
3695 5018 3795 5089 τῆς

2242 5111 2527 5179 μετανοίας
2551 5110 2729 5180 ἔργον.

2841 5206 3096 5274 Σχόλιον
3133 5205 3198 5262 λ’.

2321 5295 2408 5349 Ἐν
2464 5297 2574 5357 τοῖς
2625 5297 2886 5369 ῥᾳθύμοις
2945 5298 3114 5352 εἰπὼν
3159 5301 3187 5353 ό
3239 5299 3457 5370 Πατήρ·
3498 5297 3793 5372 διεχώρησε

2237 5388 2362 5451 τοὺς
2407 5376 2630 5452 ἀόκνους
2677 5392 2768 5444 καὶ
2815 5389 3152 5461 προθύμους
3203 5391 3295 5445 καὶ
3335 5389 3492 5443 τοῦτο
3537 5392 3791 5464 φανερόν.

2238 5476 2397 5542 Εἰκὸς
2424 5479 2533 5550 γὰρ
2565 5480 2758 5545 αὐτοὺς
2787 5480 3061 5552 ῥᾳθύμους
3091 5483 3250 5543 δντας
3271 5480 3524 5535 δύσκολον
3542 5481 3792 5553 ἡγεῖσθαι

2238 5567 2334 5640 τὴν
2379 5570 2692 5642 ἀνάκλησιν,
2732 5573 2825 5626 ἐάν
2865 5590 2968 5626 τινι
3001 5572 3339 5645 περιπέσωσι
3389 5572 3674 5645 ιιιιτιίιμαιει⁸
3722 5576 3790 5647 τῇ

2227 5664 2346 5747 ιγάρ
2377 5663 2550 5736 οἰκείᾳ
2591 5664 2833 5737 ῥᾳθυμίᾳ
2875 5666 3202 5736 πιεζόμενοι,
3235 5654 3664 5734 άπογινιῦσκουσι
3689 5665 3792 5736 τῆς

2240 5755 2523 5822 ἀπαθείας,
2558 5757 2646 5810 διὰ
2673 5756 2733 5809 τὸ
2760 5759 2836 5830 μὴ
2875 5757 3158 5829 βούλεσθαι
3205 5759 3428 5823 ἑαυτοὺς
3472 5758 3790 5828 περισσοτέ-

2243 5864 2352 5916 ροις
2382 5848 2626 5904 ἐκδοῦναι
2656 5851 2834 5915 πόνοις
2854 5871 2868 5884 ·
2917 5850 3004 5916 διὰ
3029 5852 3184 5909 τοῦτο
3207 5853 3300 5909 καὶ
3328 5854 3568 5926 κρεῖττον
3596 5851 3791 5926 mea».
