4050 6338
228 431 343 494 793
1240 419 1463 495 SCALA
1503 434 1877 499 PARADISI.
1911 463 1979 473 —
2004 439 2307 539 smnus
2330 442 2439 505 γι..
2759 507 2761 511 ,
3357 450 3461 511 7st

226 559 349 603 ται,
383 542 445 595 τὸ
477 543 586 597 κᾶν
630 542 729 596 τοῦ
770 540 1033 615 παρόντος
1062 542 1397 614 πταίσματος
1420 544 1802 616 ἀπαλλαγῆναι

1926 552 2397 609 ιετιυτῠοιὶοιιίὺυε
2456 565 2756 622 remotam,
2832 559 2976 629 quod
3036 560 3242 630 seipsos
3296 565 3468 621 nolint

228 634 419 695 κακῶς
444 633 731 697 νοσοῦντες
750 651 763 663 ·
792 636 843 688 οἰ
892 634 999 705 γάρ
1024 650 1106 686 τοι
1133 636 1406 689 σπουδαῖοι
1448 638 1703 707 μυριάκις
1745 638 1794 689 εἰ

1926 643 2058 695 ωηο
2097 644 2395 715 majoribus
2434 645 2708 704 laboribus
2737 648 3039 720 exponere;
3067 656 3260 709 melius
3292 656 3395 710 rati
3430 673 3460 711 ι

228 726 505 789 πίπτοιεν,
540 726 756 781 οὐδέπω
796 726 898 796 τῆς
930 725 1259 798 τελειότητος
1290 728 1788 796 ἀπογινώσκουσινο

1926 736 2146 790 >rzesenti
2169 736 2429 793 duntaxat
2449 738 2649 796 delicto
2684 742 2932 808 liberari,
2965 744 3109 800 malo
3148 762 3278 801 sane
3312 763 3461 802 mor-

230 817 383 872 am
403 817 698 887 προθύμως
727 819 806 872 ὅτι
836 818 968 889 πρὸς
999 818 1165 890 αὐτὴν
1193 820 1490 875 ἐλαύνουσι.

1926 839 1961 877 o
1987 824 2312 883 laborantes.
2352 828 2566 902 lmpigri
2612 848 2745 888 vero
2791 844 2847 889 ct
2890 836 3169 890 exercitati
3200 836 3272 891 illi
3305 837 3467 892 etiam

230 908 282 965 si
314 909 511 964 millies
562 910 873 975 ceciderint,
907 926 1183 981 nunquam
1206 912 1271 967 de
1295 910 1620 983 perfeCtione
1674 914 2011 982 assequeuda
2080 916 2412 989 desperant;
2466 922 2558 978 sed
2593 938 2755 994 quam
2796 934 3026 995 possunt
3064 927 3471 996 promptissime

231 1001 305 1056 ad
328 1000 479 1054 illam
504 1000 801 1073 enituntur.

795 1091 1253 1162 Ἀριστοτέλους.

308 1188 471 1242 Πᾶσα
505 1186 757 1258 συμφορὰ
783 1185 958 1255 κούφη
1000 1185 1152 1254 ἀνδρὶ
1182 1184 1256 1253 μὴ
1283 1181 1490 1254 κούφῳ.
1586 1232 1587 1235 η

831 1278 1088 1346 Σκόλιον
1133 1277 1233 1331 λα’.
1426 1259 1429 1263 ³

322 1374 563 1437 Ἐκεῖνος
592 1371 897 1443 ἑπιχρόνιόν
921 1385 1032 1423 τισι
1073 1368 1172 1438 τὴν
1201 1368 1309 1421 τῶν
1348 1365 1683 1438 ἁμαρτωλῶν
1709 1365 1803 1419 κό-

234 1467 399 1519 λασιν
446 1462 838 1533 ἐπιτιθέμενος,
886 1460 1027 1515 ὥστε
1077 1460 1414 1533 καθαρθῆναι
1463 1459 1552 1513 τὸν
1599 1459 1663 1511 ἐκ
1703 1458 1803 1529 τῆς

235 1556 521 1629 ἁμαρτίας
551 1556 720 1627 ῥύπον
750 1554 827 1626 τῷ
856 1556 988 1625 ειτυρί⁵
1018 1553 1124 1608 τῶν
1151 1554 1422 1608 κολάσεων
1440 1570 1454 1583 ·
1490 1552 1627 1622 μετά
1648 1549 1807 1604 τοῦτο

236 1653 310 1723 τῇ
341 1651 451 1704 τῶν
482 1648 723 1720 οὐρανῶν
751 1646 1147 1719 ἀποκαθίστησι
1179 1645 1423 1717 βασιλείᾳ
1455 1644 1552 1697 σὺν
1594 1646 1704 1706 τοῖς
1727 1642 1807 1695 δι-

237 1743 423 1806 καίοις
472 1742 566 1796 καὶ
609 1739 850 1806 τούτους,
885 1738 1073 1802 κακῶς
1120 1736 1552 1810 προϐαλλόμενος
1583 1735 1681 1805 τὴν
1709 1732 1805 1788 τού

238 1834 384 1889 Θεοῦ
416 1832 825 1906 φιλανθρωπίαν
850 1832 1167 1902 συνήγορον.

880 1922 1168 1991 Σχόλιον.

317 2013 440 2084 Πῦρ
466 2014 526 2067 ἐν
553 2014 740 2084 ὑγροῖς
766 2012 940 2078 ξύλοις
972 2013 1070 2083 οὐχ
1112 2011 1293 2074 ἆπτει,
1343 2013 1491 2081 καὶὴ
1529 2010 1645 2063 θεία
1678 2009 1805 2078 θερ-

243 2106 421 2176 μασία
451 2106 509 2157 ἐν
538 2104 804 2176 ἁγαπώσῃ
849 2103 1045 2177 καρδία
1067 2103 1165 2176 τὴν
1201 2103 1507 2158 ἀνάπαυσιν
1545 2103 1645 2155 ούκ
1686 2100 1809 2168 ἐξά·
1862 2133 1869 2140 -

240 2215 463 2253 πτεται.

1838 1904 1887 1966 Β

2524 1100 2845 1157 Aristotelis.

1978 1185 2167 1246 Omnis
2190 1188 2475 1246 calamitas
2511 1191 2641 1247 levis
2676 1202 2759 1248 est
2780 1193 2895 1248 viro
2927 1210 3035 1250 non
3066 1196 3187 1252 levi.

2489 1277 2736 1335 Scholion
2791 1281 2880 1336 '51.

1979 1368 2217 1441 Origenis
2264 1372 2415 1440 impii
2463 1376 2721 1427 morbum.
2757 1374 2847 1429 Ille
2899 1373 3210 1430 diuturnam
3244 1377 3470 1447 quibus-

1908 1458 2031 1514 dam
2065 1459 2501 1529 delinquentibus
2550 1477 2767 1531 pmnam
2805 1465 3213 1532 praescribebat.
3255 1478 3314 1521 ut
3342 1482 3459 1522 sor-

1907 1549 2004 1605 des
2052 1553 2260 1620 peccati
2326 1551 2448 1623 igne
2513 1553 2902 1623 suppliciorum
2953 1555 3287 1624 expiareut:
3357 1566 3467 1612 tum

1908 1643 2100 1698 deinde
2156 1644 2257 1700 hos
2298 1644 2353 1699 in
2409 1644 2549 1701 caelo
2598 1662 2719 1701 cum
2749 1646 2911 1716 iustis
2939 1649 3256 1714 collocabat,
3314 1649 3472 1722 ιω

1907 1733 2107 1803 Deique
2127 1734 2465 1829 clementiam
2512 1736 2651 1791 male
2689 1738 3019 1805 praetexebat
3056 1740 3140 1794 bis
3166 1747 3468 1809 patronam.

2551 1908 2819 1965 Scholion.

1978 2005 2121 2076 Ignis
2152 2004 2205 2058 in
2235 2001 2473 2057 humidis
2506 2003 2666 2074 lignis
2692 2018 2798 2058 non
2829 2003 3001 2069 ardet,
3033 2013 3086 2058 et
3112 2005 3349 2059 cmlestis
3378 2018 3471 2058 ca-

1909 2097 1991 2151 lor
2026 2099 2079 2151 in
2112 2095 2294 2162 corde,
2350 2094 2497 2166 quod
2526 2104 2673 2150 amat
2722 2095 2956 2166 quietem
2992 2109 3087 2150 seu
3120 2095 3311 2161 otium,
3363 2109 3472 2148 non

1909 2188 2230 2246 exardescit.

288 2301 3451 2340 ’,Μ-Μ

857 2383 1075 2437 ΛΟΓΟΣ
1114 2384 1203 2449 ς’.

670 2508 808 2580 Περί
845 2503 1083 2577 μνήμης
1115 2499 1389 2555 θανάτου.

320 2606 533 2672 Παντὸς
573 2605 732 2674 λόγου
783 2601 1102 2673 προηγεῖται
1147 2584 1587 2660 ἔννοια.’Μνήμη
1630 2588 1705 2659 (1)
1758 2587 1813 2641 δὲ

245 2702 483 2759 θανάτου
527 2698 623 2752 xui.
654 2694 1009 2764 πταισμάτων
1050 2690 1369 2761 προηγεῖται
1404 2680 1681 2751 κλαυθμοῦ
1723 2681 1817 2734 καί

247 2794 516 2855 πένθους’
548 2787 628 2842 διὸ
655 2786 797 2841 κατά
820 2784 916 2854 τὴν
942 2781 1147 2835 οἰκείαν
1179 2776 1332 2842 τάξιν
1360 2776 1454 2830 καὶ
1471 2776 1539 2828 -ἐν
1570 2771 1647 2843 τῷ
1675 2770 1817 2840 λόγῳ

247 2888 510 2942 τέθειται.
541 2881 741 2949 Μνήμη
770 2876 998 2931 θανάτου
1028 2871 1147 2926 ἐστὶ
1181 2867 1545 2938 καθημερινὸς
1564 2866 1815 2925 θάνατος,

254 2982 447 3054 μνήμη
491 2975 549 3030 δὲ
590 2972 770 3038 ὲξόδου
816 2966 1063 3036 κάθωρος
1114 2958 1435 3030 στεναγμός.
1486 2956 1664 3054 nulla
1716 2952 1818 3027 μὲν

252 3049 486 3128 θανάτου
520 3065 664 3120 ἐστὶν
693 3060 886 3131 ἰδίωμα
919 3056 1131 3128 φύσεως
1175 3055 1240 3107 ὲκ
1270 3049 1553 3122 παρακοῆς
1585 3063 1818 3117 προσγε-

252 3166 500 3236 νόμενον,
560 3157 757 3229 τρόμος
781 3210 795 3227 ,
820 3153 877 3207 δὲ
941 3148 1172 3204 θανάτου
1229 3145 1377 3198 ἐστὶν
1428 3142 1818 3213 ζᾶμετανοήτων

2405 2383 2409 2387 ’
2476 2378 2780 2468 ’(28Αο08
2816 2379 2907 2439 Vl.

2392 2488 2470 2543 De
2504 2490 2756 2545 memoria
2795 2492 3001 2547 mortis.

1985 2581 2153 2636 Omne
2180 2578 2404 2636 verbum
2437 2581 2689 2651 praecedit
2717 2582 3010 2651 cogitatio;
3046 2582 3234 2637 mortis
3266 2596 3393 2638 vero
3422 2592 3478 2638 et

1916 2673 2230 2730 delictorum
2260 2674 2562 2731 recordatio
2582 2673 2786 2729 ducunt
2823 2674 3095 2729 hominem
3125 2676 3181 2730 in
3213 2675 3479 2746 lacrymas

1915 2778 1972 2823 et
2002 2769 2227 2824 luctum.
2262 2767 2492 2824 Proinde
2533 2766 2681 2837 justo
2726 2765 2915 2821 ordine
2960 2766 3074 2820 haec
3106 2766 3161 2819 in
3209 2766 3313 2821 hoc
3340 2765 3481 2819 libro

1917 2870 2045 2916 sunt
2092 2862 2375 2917 collocata.
2434 2859 2619 2915 Mortis
2665 2858 2927 2913 memoria
2970 2857 3285 2928 quotidiana
3335 2871 3483 2912 mors

1917 2963 2035 3019 est;
2080 2953 2306 3005 extremi
2350 2964 2479 3005 vero
2532 2950 2711 3003 exitus
2767 2948 3070 3002 recordatio
3116 2948 3372 3003 assiduus
3399 2958 3484 3003 est

1919 3045 2173 3117 gemitus.
2204 3043 2377 3104 Metus
2406 3042 2595 3097 mortis
2622 3055 2652 3095 a
2687 3049 2878 3095 natura
2902 3040 3265 3109 proliciscitur
3291 3055 3355 3093 ex
3397 3041 3482 3094 in-

1919 3136 2222 3192 obedientia
2240 3142 2431 3198 natus;
2465 3140 2667 3187 tremor
2685 3143 2861 3185 autem
2880 3130 3093 3195 mortis,
3106 3138 3484 3200 argumentum

253 3221 613 3325 πταισμάτωύ
644 3221 962 3318 τεκμήριον.
994 3242 1177 3312 Δειλιᾷ
1216 3237 1445 3308 Χριστὸς
1475 3236 1721 3301 θάνατον,
1753 3234 1813 3286 ού

1926 3240 2001 3282 est
2034 3226 2201 3283 animi
2233 3241 2326 3295 per
2351 3223 2719 3295 paenitentiam
2756 3238 2863 3277 non
2894 3222 3111 3292 expiati.
3168 3221 3488 3291 Expavescit

253 3351 475 3424 τρέμει,
519 3347 607 3399 ἵνα
654 3342 762 3396 τῶν
807 3338 899 3392 δύο
945 3335 1159 3405 φύσεων
1207 3332 1275 3385 τὰ
1326 3328 1589 3397 ἰδιώματα
1633 3326 1819 3395 σαφῶς

1926 3321 2170 3376 Christus
2224 3327 2474 3380 mortem,
2508 3331 2611 3369 non
2646 3315 2941 3378 tremiscit,
2983 3324 3044 3368 ut
3089 3314 3318 3368 duarum
3347 3312 3400 3367 in
3429 3327 3489 3367 se

253 3418 556 3517 ἐμφανίσῃ.
597 3437 685 3500 Ὠς
723 3431 911 3487 πασῶν
950 3425 1166 3500 τροφῶν
1211 3425 1239 3477 ὁ
1271 3422 1432 3495 ἄρτος
1464 3418 1821 3517 ἀναγκαιότε-

260 3510 379 3611 ρος,
412 3510 580 3594 οὕτως
617 3525 807 3581 πασῶν
844 3518 1115 3593 ἐργασιῶν
1165 3519 1199 3587 ή
1232 3515 1325 3569 τοῦ
1352 3513 1581 3611 θανάτου
1612 3510 1816 3611 ἔννοια·

262 3601 451 3701 μνήμη
478 3622 553 3693 (9.)
576 3620 803 3674 θανάτου
826 3615 991 3685 γεννᾷ
1018 3614 1075 3666 ὲν
1107 3611 1204 3681 μὲν
1232 3609 1345 3670 τοῖς
1370 3603 1607 3701 ὲνῄμέσῳ
1631 3601 1824 3701 πόνους

258 3693 746 3781 καὶ-’ἀδολεσχίαν
790 3706 987 3779 μᾶλλον
1018 3703 1076 3757 δὲ
1103 3700 1324 3771 ἀτιμίας
1356 3696 1593 3769 ἡδύτητα
1613 3712 1629 3727 ’
1674 3693 1826 3764 παρά

256 3814 321 3869 δὲ
346 3811 457 3870 τοῖς
485 3805 641 3868 ἐκτὸς
669 3800 898 3871 θορύϐου
933 3795 1226 3867 φροντίδων
1260 3790 1515 3845 ἀπόθεσιν
1541 3788 1634 3843 καὶ
1663 3786 1826 3858 εὐχὴν

258 3896 508 3971 διηνεκῆ,
537 3892 630 3948 καὶ
669 3890 786 3953 νοὸς
832 3886 1095 3957 φυλακήν.
1131 3885 1199 3936 Al
1241 3881 1401 3934 αὑταὶ
1430 3878 1484 3931 δὲ
1518 3878 1686 3947 αὐτῆς
1733 3877 1827 3930 καὶ

263 3966 503 4065 μητέρες
528 3985 621 4040 καὶ
667 3980 961 4051 θυγατέρες
983 3978 1406 4045 κατεστήκασιν⁸
1438 3970 1514 4032 ὡς
1546 3967 1778 4065 φανερὸς
1798 3966 1827 4018 ὁ

263 4059 595 4152 κασσίτηρος
613 4076 762 4149 παρὰ
778 4073 867 4129 τὸν
877 4072 1139 4144 ἄργυρον,
1155 4065 1256 4121 κᾶν
1270 4065 1367 4135 τὴν
1383 4062 1614 4134 θεωρίαν
1624 4059 1826 4152 ἔοικεν,

264 4175 442 4236 οὕτως
488 4150 650 4239 παρὰ
695 4168 808 4230 τοῖς
853 4160 1206 4234 διακριτικοῖς
1256 4154 1460 4227 φανερὰ
1489 4153 1582 4207 καὶ
1613 4150 1748 4222 δήλη
1792 4151 1827 4221 ή

266 4262 499 4335 φυσικὴ,
530 4258 625 4313 καὶ
653 4259 687 4329 η
719 4256 868 4327 παρὰ
900 4252 1059 4323 φύσιν
1087 4249 1256 4304 δειλία
1283 4246 1383 4318 τῆς
1421 4244 1622 4311 ἐξόδου.
1660 4242 1832 4298 Τοῦτο

267 4354 472 4425 ἀληθὲς
500 4349 794 4419 τεκμήριον
824 4344 932 4397 τῶν
956 4344 1014 4398 εν
1062 4341 1311 4412 αἰσθήσει
1343 4338 1569 4409 καρδίας
1618 4352 1831 4408 μνημο-

267 4449 536 4506 νευόντων
573 4439 669 4497 τοῦ
721 4438 974 4501 θανάτου,
1020 4437 1055 4506 ή
1102 4435 1236 4509 πρὸς
1282 4435 1460 4487 πᾶσαν
1509 4432 1610 4504 τὴν
1654 4430 1834 4486 κτίσιν

268 4539 521 4601 ἑκούσιος
578 4529 995 4608 ἀπῳσπάθεια,
1036 4526 1130 4581 καὶ
1185 4525 1279 4580 τοῦ
1340 4525 1469 4579 ἰδίου
1530 4523 1834 4594 θελήματος

268 4629 544 4700 παντελὴς
573 4621 968 4697 ἐγκατάλειψις.
1001 4620 1231 4690 Δόκιμος
1273 4617 1390 4688 μὲν,
1420 4620 1449 4671 ό
1496 4616 1681 4670 τοῦτον
1709 4616 1831 4678 καθῗ

271 4723 492 4799 ἡμέραν
535 4720 749 4783 πάντως
778 4713 1219 4790 προσδεχόμενος
1255 4711 1407 4779 ἆγιος
1452 4708 1530 4772 δὲ,
1572 4709 1602 4760 ό
1644 4707 1834 4763 τούτου

274 4816 399 4872 καθ’
433 4813 581 4887 ὥραν
618 4812 924 4882 ἐφιέμενος.
977 4810 1052 4863 Οὐ
1096 4808 1245 4885 πᾶσα
1289 4803 1552 4874 ἐπιθυμία
1604 4802 1835 4856 θανάτου

272 4909 480 4981 ἀγαθή.
514 4905 633 4961 Εἰσὶ
656 4904 765 4974 γὰρ
808 4904 859 4956 οἰ
887 4901 1144 4975 διηνεκῶς
1179 4898 1271 4972 βίᾳ
1316 4896 1480 4962 ἕξεως
1528 4895 1834 4963 πταίοντεῇ

275 5006 377 5062 καὶ
407 5001 594 5058 τοῦτον
634 4997 916 5067 εὐχόμενοι
1127 4992 1503 5054 ταπεινώσεως
1524 5003 1538 5016 ⁸
1571 4989 1665 5043 καὶ
1698 4989 1838 5044 εἰσὶν

276 5099 438 5163 αὖθις
462 5098 513 5152 οἰ
544 5093 867 5169 μετανοῆσαι
899 5090 974 5161 μὴ
1008 5074 1341 5161 βουλόμενοι,
1373 5087 1466 5140 καὶ
1492 5084 1583 5138 τὸν
1609 5083 1837 5139 θάνατον

276 5195 339 5261 ἐξ
370 5189 734 5260 ἀπογνώσεως
759 5183 1220 5256 προσκαλούμενοι
1235 5201 1248 5215 ·
1281 5181 1374 5237 καὶ
1398 5179 1533 5233 εἰσὶν
1554 5179 1605 5261 οί
1641 5176 1702 5243 ἐξ
1722 5179 1839 5252 οἰή-

279 5260 419 5352 σεως
446 5282 677 5345 ἀπαθεῖς
707 5277 932 5342 ἑαυτοὺς
981 5274 1214 5346 ἔχοντες,
1249 5277 1342 5329 καὶ
1384 5272 1570 5327 τοῦτον
1590 5260 1595 5267 ’
1619 5270 1694 5342 μὴ
1731 5272 1840 5327 δει-

277 5377 619 5447 λαινόμενοι·
671 5373 765 5428 καὶ
793 5371 949 5437 εἰσὶν,
990 5368 1147 5439 είπερ
1192 5369 1291 5422 καὶ
1326 5366 1420 5423 νῦν
1450 5366 1558 5438 ἄρα
1582 5366 1740 5430 εἰσὶν,
1788 5368 1839 5421 οἰ

277 5469 348 5525 δι’
398 5468 679 5540 ἐνεργείας
704 5464 1013 5537 Πνεύματος
1045 5461 1198 5529 ἀγίου
1229 5460 1329 5532 τὴν
1359 5458 1619 5531 ἐκδημίαν
1648 5457 1839 5531 ἐπιζη-

280 5557 503 5619 τοῦντες
537 5556 636 5629 τήν
668 5554 894 5610 ἑαυτῶν.
943 5549 1171 5621 Ζητοῦσί
1206 5566 1349 5611 τινες
1380 5551 1473 5603 καὶ
1501 5546 1838 5617 διαποροῦσι,

280 5650 430 5710 τίνος
463 5646 649 5700 ἕνεκεν
686 5644 859 5708 οὕτως
890 5640 1275 5714 εὐεργετούσης
1318 5640 1463 5709 ἡμᾶς
1492 5639 1592 5709 τῆς
1618 5636 1711 5691 τοῦ
1742 5638 1840 5691 θα-

281 5742 447 5797 νάτου
502 5736 743 5807 μνήμης,
796 5735 895 5806 τὴν
938 5734 1126 5788 τούτου
1164 5722 1479 5803 ’πρόγνωσιν
1523 5734 1552 5785 ὁ
1606 5729 1736 5791 Θεὸς
1781 5730 1843 5795 ἐξ

282 5833 444 5905 ἡμῶν
473 5828 811 5897 ἀπέκρυψεν,
846 5828 920 5899 μὴ
950 5826 1304 5895 γινώσκοντες
1330 5823 1410 5876 ὅτι
1436 5824 1535 5892 τὴν
1570 5821 1841 5892 σωτηρίαν

281 5925 446 6001 ἡμῶν
494 5926 526 5981 ό
573 5921 706 5984 Θεὸς
756 5919 843 5974 διά
893 5919 1080 5975 τούτου
1142 5918 1433 5992 εἰργάσατο
1503 5918 1836 5989 θαυμασίως.

1922 3420 2235 3464 naturarum
2255 3409 2499 3477 proprias
2519 3405 2828 3461 aﬂ'ectioncs
2846 3406 3265 3460 demonstraret.
3292 3405 3489 3471 Quem-

1922 3501 2212 3556 admodum
2248 3514 2314 3554 ex
2345 3500 2489 3552 omni
2519 3512 2712 3575 genere
2760 3498 3004 3550 ciborum
3037 3495 3194 3565 panis
3215 3503 3297 3550 est
3317 3497 3491 3549 maxi-

1924 3612 2011 3651 me
2038 3592 2399 3657 necessarius,
2426 3593 2497 3646 ita
2528 3607 2593 3645 ex
2625 3590 2879 3645 omnibus
2930 3589 3238 3645 actionibus
3268 3590 3495 3644 medita-

1925 3672 2240 3743 tiomortis.
2273 3683 2462 3741 Mortis
2489 3682 2790 3739 recordatio
2842 3682 2897 3736 in
2926 3682 2994 3737 iis
3032 3682 3273 3753 quidem,
3308 3682 3401 3752 qui
3439 3683 3494 3735 in

1926 3780 2200 3838 communi
2234 3779 2460 3833 fratrum
2515 3783 2824 3841 versantur,
2856 3776 2998 3843 parit
3056 3773 3271 3827 labores
3295 3781 3348 3826 et
3380 3772 3500 3841 pias

1928 3872 2362 3933 exercitationes,
2406 3871 2514 3924 imo
2552 3883 2681 3925 vero
2707 3874 3049 3934 contemptus
3075 3864 3403 3919 desiderium
3433 3871 3487 3916 et

1929 3964 2289 4021 dulcedinem.
2328 3960 2432 4028 Qui
2462 3948 2591 4014 vero
2619 3968 2768 4014 extra
2805 3957 2991 4012 turbas
3020 3956 3098 4024 (in
3124 3952 3496 4020 solitudinem)

1929 4062 2129 4131 degunt
2181 4059 2249 4114 iis
2284 4040 2455 4112 affert"
2482 4068 2738 4110 curarum
2784 4052 3028 4108 omnium
3083 4050 3407 4118 neglectum,
3441 4058 3499 4099 et

1932 4152 2171 4225 suggerit
2224 4159 2508 4223 perpetuas
2563 4162 2773 4217 preces,
2814 4144 3121 4217 mentisque
3169 4140 3492 4197 custodiam.

1934 4250 2063 4315 Quae
2108 4248 2335 4301 virtutes
2380 4244 2541 4314 hujus
2590 4241 2877 4313 genitrices
2909 4246 3038 4294 sunt
3073 4245 3127 4292 et
3156 4235 3297 4290 ﬁliai.
3344 4232 3500 4287 Sicut
3578 4260 3584 4266 -

1933 4351 2189 4397 stannnm
2250 4337 2293 4392 si
2326 4352 2450 4391 cum
2500 4345 2723 4411 argento
2771 4332 3152 4400 componatur,
3212 4326 3370 4381 facile
3429 4326 3499 4381 ab

1933 4434 2026 4490 illo
2058 4431 2372 4495 secernitur,
2397 4431 2744 4499 quantumvis
2766 4426 2902 4480 alias
2932 4425 3008 4478 illi
3031 4422 3208 4479 simile
3229 4423 3497 4485 videatur,

1939 4524 2093 4597 14],
2121 4524 2192 4577 ita
2225 4521 2260 4576 ii
2298 4521 2389 4592 qui
2421 4536 2601 4575 rerum
2637 4518 2943 4572 divinarum
2982 4515 3347 4586 cognitionem
3397 4515 3498 4569 ha-

1867 4650 1911 4706 D
1938 4621 2088 4683 bent,
2126 4626 2333 4673 certum
2364 4622 2417 4668 et
2443 4610 2784 4667 manifestum
2832 4608 3129 4665 discrimen
3162 4609 3304 4663 inter
3340 4602 3498 4662 nato-

1938 4711 2107 4767 ralem
2140 4708 2327 4764 mortis
2350 4713 2574 4770 metum,
2607 4711 2659 4759 et
2694 4717 2819 4757 eum
2853 4702 2946 4774 qui
2980 4712 3065 4758 est
3091 4709 3286 4773 praeter
3340 4706 3499 4751 natu-

1937 4819 2055 4859 ram
2082 4807 2298 4856 norunt.
2326 4796 2439 4851 Hoc
2469 4804 2649 4851 autem
2699 4795 3065 4852 certissimum
3105 4802 3189 4850 est
3216 4789 3495 4853 indicium,

1938 4895 2059 4949 illos
2090 4906 2155 4946 ex
2187 4886 2369 4942 animo
2419 4886 2611 4943 mortis
2640 4885 2959 4942 memoriam
3001 4883 3334 4955 Complexos,
3369 4892 3498 4933 sen-

1938 4999 2108 5057 suque
2135 4982 2313 5038 cordis
2336 4981 2652 5050 impressam
2684 4980 2898 5036 habere
2914 4980 3007 5051 qui
3030 4989 3244 5037 omnem
3266 4986 3392 5043 erga
3409 4988 3503 5029 res

1937 5092 2129 5135 omnes
2142 5084 2349 5132 creatas
2379 5073 2627 5129 allectum
2656 5081 2946 5136 exuerunt,
2963 5080 3221 5137 suamque
3243 5066 3498 5121 volunta-

1938 5182 2043 5226 tem
2074 5168 2409 5239 abjecerunt.
2430 5164 2755 5219 Laudandus
2772 5162 2987 5232 quidem
3008 5159 3097 5214 ille
3111 5165 3216 5223 est,
3233 5156 3325 5228 qui
3351 5172 3503 5212 mor-

1941 5274 2046 5320 tem
2086 5272 2342 5332 tanquam
2382 5262 2543 5316 hodie
2578 5268 2860 5315 venturam
2915 5247 3238 5326 exspectat:
3272 5256 3366 5310 sed
3409 5252 3497 5307 ille

1940 5364 2182 5418 sanctus,
2206 5353 2574 5425 qui‘eamdem
2601 5364 2813 5420 semper
2844 5348 3140 5404 desiderat.
3185 5346 3303 5403 Non
3335 5354 3505 5402 omne

1940 5445 2203 5504 moriendi
2248 5445 2576 5502 desiderium
2612 5440 2949 5513 probandum
2977 5449 3080 5498 est.
3115 5439 3325 5495 Rursus
3365 5444 3494 5492 sunt

1940 5539 2029 5611 qui
2062 5536 2200 5593 mori
2237 5553 2303 5593 ex
2329 5537 2631 5593 humilitate
2666 5532 2908 5603 cupiant,
2941 5535 3086 5605 quod
3106 5533 3157 5587 vi
3184 5530 3413 5602 quadam
3440 5538 3497 5583 et

1941 5629 2327 5689 consuetudine
2388 5626 2641 5699 peccandi
2693 5625 2762 5681 ad
2831 5638 3111 5697 peccatum
3161 5623 3496 5681 continenter

1944 5724 2243 5781 trahantur.
2278 5724 2415 5778 Sunt
2436 5721 2528 5792 qui
2560 5723 2820 5791 poenitere
2846 5723 3055 5785 nolunt,
3085 5730 3137 5776 et
3164 5728 3392 5773 mortem
3423 5734 3491 5774 ex

1941 5817 2313 5886 desperatione
2334 5824 2633 5870 arcessunt.
2667 5813 2806 5868 Sunt
2837 5831 3055 5869 rursum
3077 5812 3167 5881 qui
3204 5826 3263 5866 se
3287 5809 3493 5867 aﬂ'ecti-

1940 5914 2043 5972 bus
2068 5911 2263 5969 liberos
2296 5908 2364 5966 ad
2410 5922 2635 5967 summa:
2680 5905 3086 5980 tranquillitatis
3135 5912 3335 5961 statum
3370 5919 3495 5977 per-
