  <div class='ocr_page' id='page_1' title='image "/cluster/home/n/w/nwhite01/storage/ocr_20150623/88/pst.000005712946/419.png"; bbox 0 0 4050 6338; ppageno 0'>
   <div class='ocr_carea' id='block_1_1' title="bbox 665 371 773 434">
    <p class='ocr_par' dir='ltr' id='par_1_1' title="bbox 665 371 773 434">
     <span class='ocr_line' id='line_1_1' title="bbox 665 371 773 434; baseline 0 -1"><span class='ocrx_word' id='word_1_1' title='bbox 665 371 773 434; x_wconf 80' lang='grc'><strong>’795</strong></span> 
     </span>
    </p>
   </div>
   <div class='ocr_carea' id='block_1_2' title="bbox 1893 383 2625 446">
    <p class='ocr_par' dir='ltr' id='par_1_2' title="bbox 1893 383 2625 446">
     <span class='ocr_line' id='line_1_2' title="bbox 1893 383 2625 446; baseline 0.003 -4"><span class='ocrx_word' id='word_1_2' title='bbox 1893 384 1952 442; x_wconf 91' lang='lat' dir='ltr'><strong>S.</strong></span> <span class='ocrx_word' id='word_1_3' title='bbox 1975 383 2292 444; x_wconf 72' lang='lat' dir='ltr'><strong>JOANNIS</strong></span> <span class='ocrx_word' id='word_1_4' title='bbox 2323 384 2625 446; x_wconf 72' lang='lat' dir='ltr'><strong>CLIMACI</strong></span> 
     </span>
    </p>
   </div>
   <div class='ocr_carea' id='block_1_3' title="bbox 3763 396 3870 461">
    <p class='ocr_par' dir='ltr' id='par_1_3' title="bbox 3763 396 3870 461">
     <span class='ocr_line' id='line_1_3' title="bbox 3763 396 3870 461; baseline 0.028 -3"><span class='ocrx_word' id='word_1_5' title='bbox 3763 396 3870 461; x_wconf 74' lang='grc' dir='ltr'><strong>’19ίί</strong></span> 
     </span>
    </p>
   </div>
   <div class='ocr_carea' id='block_1_4' title="bbox 667 487 2204 576">
    <p class='ocr_par' dir='ltr' id='par_1_4' title="bbox 667 487 2199 562">
     <span class='ocr_line' id='line_1_4' title="bbox 667 487 2199 562; baseline 0.01 -25"><span class='ocrx_word' id='word_1_6' title='bbox 667 487 878 540; x_wconf 80' lang='lat' dir='ltr'><strong>venisse</strong></span> <span class='ocrx_word' id='word_1_7' title='bbox 918 488 1041 552; x_wconf 90' lang='lat' dir='ltr'><strong>rati,</strong></span> <span class='ocrx_word' id='word_1_8' title='bbox 1098 500 1321 544; x_wconf 90' lang='lat' dir='ltr'><strong>mortem</strong></span> <span class='ocrx_word' id='word_1_9' title='bbox 1369 506 1476 544; x_wconf 92' lang='lat' dir='ltr'><strong>non</strong></span> <span class='ocrx_word' id='word_1_10' title='bbox 1533 491 1824 549; x_wconf 99' lang='lat' dir='ltr'><strong>formidant</strong></span> <span class='ocrx_word' id='word_1_11' title='bbox 1852 505 1941 550; x_wconf 83' lang='lat' dir='ltr'><strong>:ct</strong></span> <span class='ocrx_word' id='word_1_12' title='bbox 1983 507 2128 562; x_wconf 90' lang='lat' dir='ltr'><strong>sunt,</strong></span> <span class='ocrx_word' id='word_1_13' title='bbox 2174 513 2199 552; x_wconf 89' lang='lat' dir='ltr'><strong>s</strong></span> 
     </span>
    </p>
   </div>
   <div class='ocr_carea' id='block_1_5' title="bbox 2301 487 3865 576">
    <p class='ocr_par' dir='ltr' id='par_1_5' title="bbox 2321 499 3865 576">
     <span class='ocr_line' id='line_1_5' title="bbox 2321 499 3865 576; baseline 0.005 -25"><span class='ocrx_word' id='word_1_14' title='bbox 2321 500 2506 562; x_wconf 77' lang='grc' dir='ltr'>Ούὸεις</span> <span class='ocrx_word' id='word_1_15' title='bbox 2536 499 2642 570; x_wconf 78' lang='grc' dir='ltr'><strong>γὰρ</strong></span> <span class='ocrx_word' id='word_1_16' title='bbox 2666 499 2756 553; x_wconf 75' lang='grc' dir='ltr'>τὸν</span> <span class='ocrx_word' id='word_1_17' title='bbox 2781 499 2969 555; x_wconf 78' lang='grc' dir='ltr'>ἑαυτοῦ</span> <span class='ocrx_word' id='word_1_18' title='bbox 2993 500 3217 555; x_wconf 88' lang='grc' dir='ltr'>θάνατον</span> <span class='ocrx_word' id='word_1_19' title='bbox 3244 505 3504 574; x_wconf 81' lang='grc' dir='ltr'>προγνοὺς</span> <span class='ocrx_word' id='word_1_20' title='bbox 3532 503 3637 576; x_wconf 87' lang='grc' dir='ltr'><strong>πρδ</strong></span> <span class='ocrx_word' id='word_1_21' title='bbox 3664 507 3865 562; x_wconf 79' lang='grc' dir='ltr'>πολλου</span> 
     </span>
    </p>
   </div>
   <div class='ocr_carea' id='block_1_6' title="bbox 666 579 2221 652">
    <p class='ocr_par' dir='ltr' id='par_1_6' title="bbox 666 579 2221 652">
     <span class='ocr_line' id='line_1_6' title="bbox 666 579 2221 652; baseline 0.009 -24"><span class='ocrx_word' id='word_1_22' title='bbox 666 587 842 629; x_wconf 87' lang='lat' dir='ltr'><strong>tamen</strong></span> <span class='ocrx_word' id='word_1_23' title='bbox 875 579 1032 632; x_wconf 87' lang='lat' dir='ltr'><strong>hodie</strong></span> <span class='ocrx_word' id='word_1_24' title='bbox 1080 591 1226 642; x_wconf 91' lang='lat' dir='ltr'><strong>sunt,</strong></span> <span class='ocrx_word' id='word_1_25' title='bbox 1267 581 1358 650; x_wconf 87' lang='lat' dir='ltr'><strong>qui</strong></span> <span class='ocrx_word' id='word_1_26' title='bbox 1397 597 1489 649; x_wconf 90' lang='lat' dir='ltr'><strong>per</strong></span> <span class='ocrx_word' id='word_1_27' title='bbox 1543 582 1776 652; x_wconf 79' lang='lat' dir='ltr'><strong>Spiritus</strong></span> <span class='ocrx_word' id='word_1_28' title='bbox 1825 587 1995 641; x_wconf 85' lang='lat' dir='ltr'><strong>sancti</strong></span> <span class='ocrx_word' id='word_1_29' title='bbox 2031 588 2134 641; x_wconf 91' lang='lat' dir='ltr'><strong>vim</strong></span> <span class='ocrx_word' id='word_1_30' title='bbox 2167 597 2221 644; x_wconf 91' lang='lat' dir='ltr'><strong>et</strong></span> 
     </span>
    </p>
   </div>
   <div class='ocr_carea' id='block_1_7' title="bbox 664 667 2220 740">
    <p class='ocr_par' dir='ltr' id='par_1_7' title="bbox 664 667 2220 740">
     <span class='ocr_line' id='line_1_7' title="bbox 664 667 2220 740; baseline 0.011 -24"><span class='ocrx_word' id='word_1_31' title='bbox 664 667 914 720; x_wconf 90' lang='lat' dir='ltr'><strong>virtutem</strong></span> <span class='ocrx_word' id='word_1_32' title='bbox 967 668 1197 736; x_wconf 88' lang='lat' dir='ltr'><strong>migrare</strong></span> <span class='ocrx_word' id='word_1_33' title='bbox 1250 686 1280 722; x_wconf 88' lang='lat' dir='ltr'><strong>e</strong></span> <span class='ocrx_word' id='word_1_34' title='bbox 1333 671 1439 724; x_wconf 90' lang='lat' dir='ltr'><strong>vita</strong></span> <span class='ocrx_word' id='word_1_35' title='bbox 1497 674 1742 740; x_wconf 90' lang='lat' dir='ltr'><strong>cupiunt.</strong></span> <span class='ocrx_word' id='word_1_36' title='bbox 1799 673 2052 739; x_wconf 67' lang='lat' dir='ltr'><strong>Quaerunt</strong></span> <span class='ocrx_word' id='word_1_37' title='bbox 2121 678 2220 733; x_wconf 90' lang='lat' dir='ltr'><strong>hoc</strong></span> 
     </span>
    </p>
   </div>
   <div class='ocr_carea' id='block_1_8' title="bbox 665 752 2217 832">
    <p class='ocr_par' dir='ltr' id='par_1_8' title="bbox 665 752 2217 832">
     <span class='ocr_line' id='line_1_8' title="bbox 665 752 2217 832; baseline 0.012 -29"><span class='ocrx_word' id='word_1_38' title='bbox 665 752 785 805; x_wconf 86' lang='lat' dir='ltr'><strong>loco</strong></span> <span class='ocrx_word' id='word_1_39' title='bbox 843 754 1110 818; x_wconf 76' lang='lat' dir='ltr'><strong>nonnulli,</strong></span> <span class='ocrx_word' id='word_1_40' title='bbox 1159 765 1212 810; x_wconf 90' lang='lat' dir='ltr'><strong>et</strong></span> <span class='ocrx_word' id='word_1_41' title='bbox 1271 757 1516 812; x_wconf 88' lang='lat' dir='ltr'><strong>dubitant</strong></span> <span class='ocrx_word' id='word_1_42' title='bbox 1569 761 1700 828; x_wconf 86' lang='lat' dir='ltr'><strong>quid</strong></span> <span class='ocrx_word' id='word_1_43' title='bbox 1747 762 1836 824; x_wconf 91' lang='lat' dir='ltr'><strong>sit,</strong></span> <span class='ocrx_word' id='word_1_44' title='bbox 1870 765 2217 832; x_wconf 74' lang='lat' dir='ltr'><strong>quamobrem</strong></span> 
     </span>
    </p>
   </div>
   <div class='ocr_carea' id='block_1_9' title="bbox 666 843 2218 921">
    <p class='ocr_par' dir='ltr' id='par_1_9' title="bbox 666 843 2218 921">
     <span class='ocr_line' id='line_1_9' title="bbox 666 843 2218 921; baseline 0.012 -28"><span class='ocrx_word' id='word_1_45' title='bbox 666 843 803 896; x_wconf 85' lang='lat' dir='ltr'><strong>Dens</strong></span> <span class='ocrx_word' id='word_1_46' title='bbox 825 859 922 898; x_wconf 89' lang='lat' dir='ltr'><strong>nos</strong></span> <span class='ocrx_word' id='word_1_47' title='bbox 945 854 1241 900; x_wconf 75' lang='lat' dir='ltr'><strong>extremum</strong></span> <span class='ocrx_word' id='word_1_48' title='bbox 1267 849 1386 902; x_wconf 71' lang='lat' dir='ltr'><strong>vita:</strong></span> <span class='ocrx_word' id='word_1_49' title='bbox 1402 851 1540 904; x_wconf 89' lang='lat' dir='ltr'><strong>diem</strong></span> <span class='ocrx_word' id='word_1_50' title='bbox 1566 852 1904 919; x_wconf 71' lang='lat' dir='ltr'><strong>praasciseerc</strong></span> <span class='ocrx_word' id='word_1_51' title='bbox 1924 855 2077 921; x_wconf 91' lang='lat' dir='ltr'><strong>nolit,</strong></span> <span class='ocrx_word' id='word_1_52' title='bbox 2095 873 2218 912; x_wconf 85' lang='lat' dir='ltr'><strong>eum</strong></span> 
     </span>
    </p>
   </div>
   <div class='ocr_carea' id='block_1_10' title="bbox 663 927 2215 1013">
    <p class='ocr_par' dir='ltr' id='par_1_10' title="bbox 663 927 2215 1013">
     <span class='ocr_line' id='line_1_10' title="bbox 663 927 2215 1013; baseline 0.01 -27"><span class='ocrx_word' id='word_1_53' title='bbox 663 938 920 988; x_wconf 87' lang='lat' dir='ltr'><strong>memoria</strong></span> <span class='ocrx_word' id='word_1_54' title='bbox 971 947 1149 991; x_wconf 77' lang='lat' dir='ltr'><strong>tamen</strong></span> <span class='ocrx_word' id='word_1_55' title='bbox 1211 941 1402 994; x_wconf 88' lang='lat' dir='ltr'><strong>mortis</strong></span> <span class='ocrx_word' id='word_1_56' title='bbox 1447 943 1603 996; x_wconf 89' lang='lat' dir='ltr'><strong>nobis</strong></span> <span class='ocrx_word' id='word_1_57' title='bbox 1653 952 1758 996; x_wconf 87' lang='lat' dir='ltr'><strong>tattt</strong></span> <span class='ocrx_word' id='word_1_58' title='bbox 1820 944 2074 1000; x_wconf 86' lang='lat' dir='ltr'><strong>salutaris</strong></span> <span class='ocrx_word' id='word_1_59' title='bbox 2127 927 2215 1013; x_wconf 82' lang='lat' dir='ltr'><strong>sit,</strong></span> 
     </span>
    </p>
   </div>
   <div class='ocr_carea' id='block_1_11' title="bbox 544 1027 2218 1100">
    <p class='ocr_par' dir='ltr' id='par_1_11' title="bbox 544 1027 2218 1100">
     <span class='ocr_line' id='line_1_11' title="bbox 544 1027 2218 1100; baseline 0.011 -24"><span class='ocrx_word' id='word_1_60' title='bbox 544 1044 559 1057; x_wconf 89' lang='lat'><strong>-</strong></span> <span class='ocrx_word' id='word_1_61' title='bbox 663 1027 970 1092; x_wconf 78' lang='lat' dir='ltr'><strong>ignorantes</strong></span> <span class='ocrx_word' id='word_1_62' title='bbox 1033 1028 1196 1083; x_wconf 88' lang='lat' dir='ltr'><strong>Deum</strong></span> <span class='ocrx_word' id='word_1_63' title='bbox 1250 1030 1550 1100; x_wconf 89' lang='lat' dir='ltr'><strong>hocipsmn</strong></span> <span class='ocrx_word' id='word_1_64' title='bbox 1592 1035 1782 1090; x_wconf 90' lang='lat' dir='ltr'><strong>salutis</strong></span> <span class='ocrx_word' id='word_1_65' title='bbox 1835 1047 2032 1093; x_wconf 68' lang='lat' dir='ltr'><strong>nostra:</strong></span> <span class='ocrx_word' id='word_1_66' title='bbox 2055 1054 2218 1095; x_wconf 87' lang='lat' dir='ltr'><strong>causa</strong></span> 
     </span>
    </p>
   </div>
   <div class='ocr_carea' id='block_1_12' title="bbox 662 1117 2216 1193">
    <p class='ocr_par' dir='ltr' id='par_1_12' title="bbox 662 1117 2216 1193">
     <span class='ocr_line' id='line_1_12' title="bbox 662 1117 2216 1193; baseline 0.009 -24"><span class='ocrx_word' id='word_1_67' title='bbox 662 1117 857 1172; x_wconf 82' lang='lat' dir='ltr'><strong>facere.</strong></span> <span class='ocrx_word' id='word_1_68' title='bbox 891 1121 1056 1173; x_wconf 78' lang='lat' dir='ltr'><strong>Nemo</strong></span> <span class='ocrx_word' id='word_1_69' title='bbox 1075 1122 1270 1192; x_wconf 86' lang='lat' dir='ltr'><strong>quippe</strong></span> <span class='ocrx_word' id='word_1_70' title='bbox 1302 1138 1366 1176; x_wconf 77' lang='lat' dir='ltr'><strong>ex</strong></span> <span class='ocrx_word' id='word_1_71' title='bbox 1418 1125 1483 1178; x_wconf 90' lang='lat' dir='ltr'><strong>iis</strong></span> <span class='ocrx_word' id='word_1_72' title='bbox 1509 1125 1598 1193; x_wconf 86' lang='lat' dir='ltr'><strong>qui</strong></span> <span class='ocrx_word' id='word_1_73' title='bbox 1625 1126 1764 1180; x_wconf 73' lang='lat' dir='ltr'><strong>diem</strong></span> <span class='ocrx_word' id='word_1_74' title='bbox 1810 1128 1927 1182; x_wconf 76' lang='lat' dir='ltr'><strong>vita:</strong></span> <span class='ocrx_word' id='word_1_75' title='bbox 1968 1131 2216 1184; x_wconf 90' lang='lat' dir='ltr'><strong>ttltimtun</strong></span> 
     </span>
    </p>
   </div>
   <div class='ocr_carea' id='block_1_13' title="bbox 662 1209 2217 1291">
    <p class='ocr_par' dir='ltr' id='par_1_13' title="bbox 662 1209 2217 1291">
     <span class='ocr_line' id='line_1_13' title="bbox 662 1209 2217 1291; baseline 0.011 -36"><span class='ocrx_word' id='word_1_76' title='bbox 662 1209 1011 1275; x_wconf 70' lang='lat' dir='ltr'><strong>praeciperent</strong></span> <span class='ocrx_word' id='word_1_77' title='bbox 1040 1212 1220 1263; x_wconf 87' lang='lat' dir='ltr'><strong>animo</strong></span> <span class='ocrx_word' id='word_1_78' title='bbox 1268 1210 1360 1264; x_wconf 89' lang='lat' dir='ltr'><strong>diu</strong></span> <span class='ocrx_word' id='word_1_79' title='bbox 1385 1225 1510 1266; x_wconf 87' lang='lat' dir='ltr'><strong>ante</strong></span> <span class='ocrx_word' id='word_1_80' title='bbox 1534 1223 1786 1291; x_wconf 85' lang='lat' dir='ltr'><strong>mortem,</strong></span> <span class='ocrx_word' id='word_1_81' title='bbox 1821 1226 1912 1268; x_wconf 89' lang='lat' dir='ltr'><strong>ant</strong></span> <span class='ocrx_word' id='word_1_82' title='bbox 1943 1219 2009 1270; x_wconf 88' lang='lat' dir='ltr'><strong>ad</strong></span> <span class='ocrx_word' id='word_1_83' title='bbox 2044 1217 2217 1286; x_wconf 91' lang='lat' dir='ltr'><strong>bapti-</strong></span> 
     </span>
    </p>
   </div>
   <div class='ocr_carea' id='block_1_14' title="bbox 659 1303 2216 1375">
    <p class='ocr_par' dir='ltr' id='par_1_14' title="bbox 659 1303 2216 1375">
     <span class='ocr_line' id='line_1_14' title="bbox 659 1303 2216 1375; baseline 0.007 -24"><span class='ocrx_word' id='word_1_84' title='bbox 659 1314 836 1351; x_wconf 88' lang='lat' dir='ltr'><strong>smum</strong></span> <span class='ocrx_word' id='word_1_85' title='bbox 869 1309 1204 1368; x_wconf 81' lang='lat' dir='ltr'><strong>properaret,</strong></span> <span class='ocrx_word' id='word_1_86' title='bbox 1238 1312 1332 1355; x_wconf 89' lang='lat' dir='ltr'><strong>aut</strong></span> <span class='ocrx_word' id='word_1_87' title='bbox 1363 1303 1669 1372; x_wconf 82' lang='lat' dir='ltr'><strong>religiosam</strong></span> <span class='ocrx_word' id='word_1_88' title='bbox 1731 1305 1893 1358; x_wconf 89' lang='lat' dir='ltr'><strong>vitam</strong></span> <span class='ocrx_word' id='word_1_89' title='bbox 1930 1310 2216 1375; x_wconf 82' lang='lat' dir='ltr'><strong>profitere-</strong></span> 
     </span>
    </p>
   </div>
   <div class='ocr_carea' id='block_1_15' title="bbox 661 1391 2217 1462">
    <p class='ocr_par' dir='ltr' id='par_1_15' title="bbox 661 1391 2217 1462">
     <span class='ocr_line' id='line_1_15' title="bbox 661 1391 2217 1462; baseline 0.008 -21"><span class='ocrx_word' id='word_1_90' title='bbox 661 1398 749 1442; x_wconf 87' lang='lat' dir='ltr'><strong>tur</strong></span> <span class='ocrx_word' id='word_1_91' title='bbox 779 1407 794 1444; x_wconf 91' lang='lat'><strong>:</strong></span> <span class='ocrx_word' id='word_1_92' title='bbox 820 1391 912 1444; x_wconf 90' lang='lat' dir='ltr'><strong>sed</strong></span> <span class='ocrx_word' id='word_1_93' title='bbox 943 1393 1182 1462; x_wconf 88' lang='lat' dir='ltr'><strong>plerique</strong></span> <span class='ocrx_word' id='word_1_94' title='bbox 1207 1408 1394 1448; x_wconf 90' lang='lat' dir='ltr'><strong>omnes</strong></span> <span class='ocrx_word' id='word_1_95' title='bbox 1423 1409 1635 1449; x_wconf 85' lang='lat' dir='ltr'><strong>omnem</strong></span> <span class='ocrx_word' id='word_1_96' title='bbox 1667 1397 1828 1448; x_wconf 87' lang='lat' dir='ltr'><strong>vitam</strong></span> <span class='ocrx_word' id='word_1_97' title='bbox 1858 1413 2012 1451; x_wconf 90' lang='lat' dir='ltr'><strong>suam</strong></span> <span class='ocrx_word' id='word_1_98' title='bbox 2047 1399 2098 1452; x_wconf 90' lang='lat' dir='ltr'><strong>in</strong></span> <span class='ocrx_word' id='word_1_99' title='bbox 2122 1398 2217 1453; x_wconf 86' lang='lat' dir='ltr'><strong>lla-</strong></span> 
     </span>
    </p>
   </div>
   <div class='ocr_carea' id='block_1_16' title="bbox 658 1481 2212 1548">
    <p class='ocr_par' dir='ltr' id='par_1_16' title="bbox 658 1481 2212 1548">
     <span class='ocr_line' id='line_1_16' title="bbox 658 1481 2212 1548; baseline 0.008 -17"><span class='ocrx_word' id='word_1_100' title='bbox 658 1481 802 1548; x_wconf 83' lang='lat' dir='ltr'><strong>gitiis</strong></span> <span class='ocrx_word' id='word_1_101' title='bbox 834 1481 1155 1547; x_wconf 86' lang='lat' dir='ltr'><strong>detererent,</strong></span> <span class='ocrx_word' id='word_1_102' title='bbox 1184 1493 1234 1536; x_wconf 92' lang='lat' dir='ltr'><strong>et</strong></span> <span class='ocrx_word' id='word_1_103' title='bbox 1271 1485 1322 1537; x_wconf 93' lang='lat' dir='ltr'><strong>in</strong></span> <span class='ocrx_word' id='word_1_104' title='bbox 1358 1484 1503 1538; x_wconf 78' lang='lat' dir='ltr'><strong>fatali</strong></span> <span class='ocrx_word' id='word_1_105' title='bbox 1535 1485 1749 1540; x_wconf 89' lang='lat' dir='ltr'><strong>demum</strong></span> <span class='ocrx_word' id='word_1_106' title='bbox 1785 1487 1916 1541; x_wconf 91' lang='lat' dir='ltr'><strong>hora</strong></span> <span class='ocrx_word' id='word_1_107' title='bbox 1945 1488 2012 1541; x_wconf 87' lang='lat' dir='ltr'><strong>ad</strong></span> <span class='ocrx_word' id='word_1_108' title='bbox 2045 1491 2212 1545; x_wconf 64' lang='lat' dir='ltr'><strong>cccle-</strong></span> 
     </span>
    </p>
   </div>
   <div class='ocr_carea' id='block_1_17' title="bbox 658 1568 2216 1648">
    <p class='ocr_par' dir='ltr' id='par_1_17' title="bbox 658 1568 2216 1648">
     <span class='ocr_line' id='line_1_17' title="bbox 658 1568 2216 1648; baseline 0.009 -28"><span class='ocrx_word' id='word_1_109' title='bbox 658 1578 794 1621; x_wconf 85' lang='lat' dir='ltr'><strong>stem</strong></span> <span class='ocrx_word' id='word_1_110' title='bbox 844 1568 1181 1638; x_wconf 83' lang='lat' dir='ltr'><strong>baptismatis</strong></span> <span class='ocrx_word' id='word_1_111' title='bbox 1213 1570 1438 1635; x_wconf 88' lang='lat' dir='ltr'><strong>fontem,</strong></span> <span class='ocrx_word' id='word_1_112' title='bbox 1465 1581 1518 1626; x_wconf 92' lang='lat' dir='ltr'><strong>et</strong></span> <span class='ocrx_word' id='word_1_113' title='bbox 1562 1584 1904 1642; x_wconf 79' lang='lat' dir='ltr'><strong>peccatorum</strong></span> <span class='ocrx_word' id='word_1_114' title='bbox 1952 1579 2216 1648; x_wconf 80' lang='lat' dir='ltr'><strong>expiatio-</strong></span> 
     </span>
    </p>
   </div>
   <div class='ocr_carea' id='block_1_18' title="bbox 659 1658 2214 1736">
    <p class='ocr_par' dir='ltr' id='par_1_18' title="bbox 659 1658 2214 1736">
     <span class='ocr_line' id='line_1_18' title="bbox 659 1658 2214 1736; baseline 0.009 -28"><span class='ocrx_word' id='word_1_115' title='bbox 659 1673 780 1709; x_wconf 85' lang='lat' dir='ltr'><strong>nem</strong></span> <span class='ocrx_word' id='word_1_116' title='bbox 821 1658 1120 1713; x_wconf 84' lang='lat' dir='ltr'><strong>accederet.</strong></span> <span class='ocrx_word' id='word_1_117' title='bbox 1158 1658 1235 1712; x_wconf 87' lang='grc' dir='ltr'>Τιι</span> <span class='ocrx_word' id='word_1_118' title='bbox 1270 1676 1392 1715; x_wconf 89' lang='lat' dir='ltr'><strong>vere</strong></span> <span class='ocrx_word' id='word_1_119' title='bbox 1423 1661 1641 1731; x_wconf 89' lang='lat' dir='ltr'><strong>lugens,</strong></span> <span class='ocrx_word' id='word_1_120' title='bbox 1683 1661 1836 1734; x_wconf 67' lang='grc'><strong>142</strong></span> <span class='ocrx_word' id='word_1_121' title='bbox 1877 1679 2214 1736; x_wconf 80' lang='lat' dir='ltr'><strong>nequaquam</strong></span> 
     </span>
    </p>
   </div>
   <div class='ocr_carea' id='block_1_19' title="bbox 600 1749 2229 1824">
    <p class='ocr_par' dir='ltr' id='par_1_19' title="bbox 600 1749 2229 1824">
     <span class='ocr_line' id='line_1_19' title="bbox 600 1749 2229 1824; baseline 0.007 -24"><span class='ocrx_word' id='word_1_122' title='bbox 600 1797 613 1814; x_wconf 77' lang='grc'><strong>,</strong></span> <span class='ocrx_word' id='word_1_123' title='bbox 658 1749 909 1804; x_wconf 80' lang='lat' dir='ltr'><strong>admittas</strong></span> <span class='ocrx_word' id='word_1_124' title='bbox 938 1765 1127 1804; x_wconf 88' lang='lat' dir='ltr'><strong>canem</strong></span> <span class='ocrx_word' id='word_1_125' title='bbox 1187 1751 1335 1805; x_wconf 91' lang='lat' dir='ltr'><strong>illum</strong></span> <span class='ocrx_word' id='word_1_126' title='bbox 1369 1761 1683 1816; x_wconf 86' lang='lat' dir='ltr'><strong>tartareum,</strong></span> <span class='ocrx_word' id='word_1_127' title='bbox 1732 1755 1824 1824; x_wconf 85' lang='lat' dir='ltr'><strong>qui</strong></span> <span class='ocrx_word' id='word_1_128' title='bbox 1860 1749 2029 1811; x_wconf 85' lang='lat' dir='ltr'><strong>Deum</strong></span> <span class='ocrx_word' id='word_1_129' title='bbox 2061 1757 2229 1812; x_wconf 83' lang='lat' dir='ltr'><strong>beni-&#39;</strong></span> 
     </span>
    </p>
   </div>
   <div class='ocr_carea' id='block_1_20' title="bbox 657 1830 2214 1916">
    <p class='ocr_par' dir='ltr' id='par_1_20' title="bbox 657 1830 2214 1916">
     <span class='ocr_line' id='line_1_20' title="bbox 657 1830 2214 1916; baseline 0.007 -24"><span class='ocrx_word' id='word_1_130' title='bbox 657 1857 821 1907; x_wconf 80' lang='lat' dir='ltr'><strong>gnum</strong></span> <span class='ocrx_word' id='word_1_131' title='bbox 882 1851 935 1894; x_wconf 89' lang='lat' dir='ltr'><strong>et</strong></span> <span class='ocrx_word' id='word_1_132' title='bbox 974 1830 1291 1896; x_wconf 80' lang='lat' dir='ltr'><strong>clementem</strong></span> <span class='ocrx_word' id='word_1_133' title='bbox 1349 1857 1468 1898; x_wconf 81' lang='lat' dir='ltr'><strong>esse</strong></span> <span class='ocrx_word' id='word_1_134' title='bbox 1522 1845 1757 1913; x_wconf 78' lang='lat' dir='ltr'><strong>suggerit</strong></span> <span class='ocrx_word' id='word_1_135' title='bbox 1801 1846 1925 1916; x_wconf 90' lang='lat' dir='ltr'><strong>(nisi</strong></span> <span class='ocrx_word' id='word_1_136' title='bbox 1978 1864 2102 1902; x_wconf 91' lang='lat' dir='ltr'><strong>cum</strong></span> <span class='ocrx_word' id='word_1_137' title='bbox 2164 1858 2214 1903; x_wconf 86' lang='lat' dir='ltr'><strong>te</strong></span> 
     </span>
    </p>
   </div>
   <div class='ocr_carea' id='block_1_21' title="bbox 657 1933 2214 2008">
    <p class='ocr_par' dir='ltr' id='par_1_21' title="bbox 657 1933 2214 2008">
     <span class='ocr_line' id='line_1_21' title="bbox 657 1933 2214 2008; baseline 0.008 -24"><span class='ocrx_word' id='word_1_138' title='bbox 657 1933 825 1986; x_wconf 87' lang='lat' dir='ltr'><strong>sentis</strong></span> <span class='ocrx_word' id='word_1_139' title='bbox 877 1934 1059 1986; x_wconf 85' lang='lat' dir='ltr'><strong>ultima</strong></span> <span class='ocrx_word' id='word_1_140' title='bbox 1117 1950 1280 2002; x_wconf 84' lang='lat' dir='ltr'><strong>prope</strong></span> <span class='ocrx_word' id='word_1_141' title='bbox 1332 1935 1704 2004; x_wconf 83' lang='lat' dir='ltr'><strong>desperatione</strong></span> <span class='ocrx_word' id='word_1_142' title='bbox 1736 1938 2062 2008; x_wconf 75' lang='lat' dir='ltr'><strong>absorberi);</strong></span> <span class='ocrx_word' id='word_1_143' title='bbox 2112 1939 2214 1996; x_wconf 93' lang='lat' dir='ltr'><strong>hoc</strong></span> 
     </span>
    </p>
   </div>
   <div class='ocr_carea' id='block_1_22' title="bbox 654 2021 2214 2102">
    <p class='ocr_par' dir='ltr' id='par_1_22' title="bbox 654 2021 2214 2102">
     <span class='ocr_line' id='line_1_22' title="bbox 654 2021 2214 2102; baseline 0.01 -31"><span class='ocrx_word' id='word_1_144' title='bbox 654 2021 796 2073; x_wconf 86' lang='lat' dir='ltr'><strong>enim</strong></span> <span class='ocrx_word' id='word_1_145' title='bbox 824 2024 1003 2076; x_wconf 78' lang='lat' dir='ltr'><strong>sttldt&#39;l.</strong></span> <span class='ocrx_word' id='word_1_146' title='bbox 1036 2036 1107 2077; x_wconf 86' lang='grc' dir='ltr'>ιιιι</span> <span class='ocrx_word' id='word_1_147' title='bbox 1143 2025 1343 2077; x_wconf 89' lang='lat' dir='ltr'><strong>lnctutn</strong></span> <span class='ocrx_word' id='word_1_148' title='bbox 1369 2035 1422 2078; x_wconf 92' lang='lat' dir='ltr'><strong>et</strong></span> <span class='ocrx_word' id='word_1_149' title='bbox 1447 2029 1690 2082; x_wconf 89' lang='lat' dir='ltr'><strong>timorem</strong></span> <span class='ocrx_word' id='word_1_150' title='bbox 1718 2027 1949 2094; x_wconf 87' lang='lat' dir='ltr'><strong>Domini,</strong></span> <span class='ocrx_word' id='word_1_151' title='bbox 1979 2031 2072 2102; x_wconf 91' lang='lat' dir='ltr'><strong>qui</strong></span> <span class='ocrx_word' id='word_1_152' title='bbox 2123 2047 2214 2086; x_wconf 87' lang='lat' dir='ltr'><strong>ve-</strong></span> 
     </span>
    </p>
   </div>
   <div class='ocr_carea' id='block_1_23' title="bbox 657 2111 2211 2187">
    <p class='ocr_par' dir='ltr' id='par_1_23' title="bbox 657 2111 2211 2187">
     <span class='ocr_line' id='line_1_23' title="bbox 657 2111 2211 2187; baseline 0.012 -28"><span class='ocrx_word' id='word_1_153' title='bbox 657 2124 770 2160; x_wconf 83' lang='lat' dir='ltr'><strong>ram</strong></span> <span class='ocrx_word' id='word_1_154' title='bbox 804 2111 943 2177; x_wconf 86' lang='lat' dir='ltr'><strong>parit</strong></span> <span class='ocrx_word' id='word_1_155' title='bbox 993 2113 1334 2168; x_wconf 84' lang='lat' dir='ltr'><strong>securitatem</strong></span> <span class='ocrx_word' id='word_1_156' title='bbox 1368 2116 1464 2169; x_wconf 89' lang='lat' dir='ltr'><strong>abs</strong></span> <span class='ocrx_word' id='word_1_157' title='bbox 1485 2126 1535 2171; x_wconf 88' lang='lat' dir='ltr'><strong>te</strong></span> <span class='ocrx_word' id='word_1_158' title='bbox 1586 2119 1854 2174; x_wconf 78' lang='lat' dir='ltr'><strong>excludat.</strong></span> <span class='ocrx_word' id='word_1_159' title='bbox 1889 2121 1991 2187; x_wconf 85' lang='lat' dir='ltr'><strong>Qui</strong></span> <span class='ocrx_word' id='word_1_160' title='bbox 2022 2123 2211 2178; x_wconf 90' lang='lat' dir='ltr'><strong>mortis</strong></span> 
     </span>
    </p>
   </div>
   <div class='ocr_carea' id='block_1_24' title="bbox 652 2201 2209 2280">
    <p class='ocr_par' dir='ltr' id='par_1_24' title="bbox 652 2201 2209 2280">
     <span class='ocr_line' id='line_1_24' title="bbox 652 2201 2209 2280; baseline 0.011 -30"><span class='ocrx_word' id='word_1_161' title='bbox 652 2211 708 2251; x_wconf 92' lang='lat' dir='ltr'><strong>et</strong></span> <span class='ocrx_word' id='word_1_162' title='bbox 729 2201 953 2252; x_wconf 78' lang='lat' dir='ltr'><strong>extremi</strong></span> <span class='ocrx_word' id='word_1_163' title='bbox 982 2201 1169 2268; x_wconf 81' lang='lat' dir='ltr'><strong>jndicii</strong></span> <span class='ocrx_word' id='word_1_164' title='bbox 1221 2207 1534 2259; x_wconf 85' lang='lat' dir='ltr'><strong>memoriam</strong></span> <span class='ocrx_word' id='word_1_165' title='bbox 1569 2207 1620 2260; x_wconf 91' lang='lat' dir='ltr'><strong>in</strong></span> <span class='ocrx_word' id='word_1_166' title='bbox 1652 2224 1710 2262; x_wconf 89' lang='lat' dir='ltr'><strong>se</strong></span> <span class='ocrx_word' id='word_1_167' title='bbox 1742 2210 1857 2278; x_wconf 90' lang='lat' dir='ltr'><strong>ipso</strong></span> <span class='ocrx_word' id='word_1_168' title='bbox 1898 2222 2209 2280; x_wconf 87' lang='lat' dir='ltr'><strong>perpetuam</strong></span> 
     </span>
    </p>
   </div>
   <div class='ocr_carea' id='block_1_25' title="bbox 653 2289 2212 2370">
    <p class='ocr_par' dir='ltr' id='par_1_25' title="bbox 653 2289 2212 2370">
     <span class='ocr_line' id='line_1_25' title="bbox 653 2289 2212 2370; baseline 0.01 -29"><span class='ocrx_word' id='word_1_169' title='bbox 653 2289 764 2342; x_wconf 85' lang='lat' dir='ltr'><strong>vult</strong></span> <span class='ocrx_word' id='word_1_170' title='bbox 787 2292 947 2355; x_wconf 82' lang='lat' dir='ltr'><strong>alere,</strong></span> <span class='ocrx_word' id='word_1_171' title='bbox 966 2304 1018 2346; x_wconf 92' lang='lat' dir='ltr'><strong>et</strong></span> <span class='ocrx_word' id='word_1_172' title='bbox 1048 2295 1192 2348; x_wconf 88' lang='lat' dir='ltr'><strong>curis</strong></span> <span class='ocrx_word' id='word_1_173' title='bbox 1211 2295 1422 2348; x_wconf 90' lang='lat' dir='ltr'><strong>interim</strong></span> <span class='ocrx_word' id='word_1_174' title='bbox 1457 2297 1700 2366; x_wconf 76' lang='lat' dir='ltr'><strong>profanis</strong></span> <span class='ocrx_word' id='word_1_175' title='bbox 1725 2315 1783 2353; x_wconf 90' lang='lat' dir='ltr'><strong>se</strong></span> <span class='ocrx_word' id='word_1_176' title='bbox 1809 2298 2058 2370; x_wconf 85' lang='lat' dir='ltr'><strong>occupat,</strong></span> <span class='ocrx_word' id='word_1_177' title='bbox 2090 2319 2212 2370; x_wconf 89' lang='lat' dir='ltr'><strong>per-</strong></span> 
     </span>
    </p>
   </div>
   <div class='ocr_carea' id='block_1_26' title="bbox 653 2382 2208 2454">
    <p class='ocr_par' dir='ltr' id='par_1_26' title="bbox 653 2382 2208 2454">
     <span class='ocr_line' id='line_1_26' title="bbox 653 2382 2208 2454; baseline 0.008 -19"><span class='ocrx_word' id='word_1_178' title='bbox 653 2383 777 2436; x_wconf 91' lang='lat' dir='ltr'><strong>inde</strong></span> <span class='ocrx_word' id='word_1_179' title='bbox 809 2382 955 2447; x_wconf 88' lang='lat' dir='ltr'><strong>facit,</strong></span> <span class='ocrx_word' id='word_1_180' title='bbox 989 2395 1150 2453; x_wconf 87' lang='lat' dir='ltr'><strong>atque</strong></span> <span class='ocrx_word' id='word_1_181' title='bbox 1180 2386 1224 2440; x_wconf 88' lang='lat' dir='ltr'><strong>is</strong></span> <span class='ocrx_word' id='word_1_182' title='bbox 1249 2387 1340 2454; x_wconf 90' lang='lat' dir='ltr'><strong>qui</strong></span> <span class='ocrx_word' id='word_1_183' title='bbox 1367 2397 1479 2440; x_wconf 83' lang='lat' dir='ltr'><strong>vutt</strong></span> <span class='ocrx_word' id='word_1_184' title='bbox 1507 2391 1697 2444; x_wconf 87' lang='lat' dir='ltr'><strong>vinctis</strong></span> <span class='ocrx_word' id='word_1_185' title='bbox 1730 2391 1976 2446; x_wconf 87' lang='lat' dir='ltr'><strong>manibus</strong></span> <span class='ocrx_word' id='word_1_186' title='bbox 2001 2402 2208 2448; x_wconf 90' lang='lat' dir='ltr'><strong>natare.</strong></span> 
     </span>
    </p>
   </div>
   <div class='ocr_carea' id='block_1_27' title="bbox 655 2474 2210 2552">
    <p class='ocr_par' dir='ltr' id='par_1_27' title="bbox 655 2474 2210 2552">
     <span class='ocr_line' id='line_1_27' title="bbox 655 2474 2210 2552; baseline 0.007 -26"><span class='ocrx_word' id='word_1_187' title='bbox 655 2474 788 2528; x_wconf 77' lang='lat' dir='ltr'><strong>Vera</strong></span> <span class='ocrx_word' id='word_1_188' title='bbox 818 2485 995 2530; x_wconf 89' lang='lat' dir='ltr'><strong>autem</strong></span> <span class='ocrx_word' id='word_1_189' title='bbox 1029 2477 1216 2531; x_wconf 91' lang='lat' dir='ltr'><strong>mortis</strong></span> <span class='ocrx_word' id='word_1_190' title='bbox 1251 2488 1302 2531; x_wconf 90' lang='lat' dir='ltr'><strong>et</strong></span> <span class='ocrx_word' id='word_1_191' title='bbox 1334 2480 1519 2532; x_wconf 75' lang='lat' dir='ltr'><strong>ellieax</strong></span> <span class='ocrx_word' id='word_1_192' title='bbox 1579 2481 1855 2536; x_wconf 87' lang='lat' dir='ltr'><strong>meditatio</strong></span> <span class='ocrx_word' id='word_1_193' title='bbox 1877 2484 2055 2552; x_wconf 80' lang='lat' dir='ltr'><strong>gulam</strong></span> <span class='ocrx_word' id='word_1_194' title='bbox 2091 2498 2210 2537; x_wconf 86' lang='lat' dir='ltr'><strong>om-</strong></span> 
     </span>
    </p>
   </div>
   <div class='ocr_carea' id='block_1_28' title="bbox 649 2566 2208 2639">
    <p class='ocr_par' dir='ltr' id='par_1_28' title="bbox 649 2566 2208 2639">
     <span class='ocr_line' id='line_1_28' title="bbox 649 2566 2208 2639; baseline 0.007 -22"><span class='ocrx_word' id='word_1_195' title='bbox 649 2566 783 2617; x_wconf 92' lang='lat' dir='ltr'><strong>nino</strong></span> <span class='ocrx_word' id='word_1_196' title='bbox 815 2574 1005 2631; x_wconf 85' lang='lat' dir='ltr'><strong>necat;</strong></span> <span class='ocrx_word' id='word_1_197' title='bbox 1051 2568 1176 2636; x_wconf 85' lang='lat' dir='ltr'><strong>gula</strong></span> <span class='ocrx_word' id='word_1_198' title='bbox 1199 2576 1378 2622; x_wconf 90' lang='lat' dir='ltr'><strong>autem</strong></span> <span class='ocrx_word' id='word_1_199' title='bbox 1423 2570 1581 2635; x_wconf 81' lang='lat' dir='ltr'><strong>victa,</strong></span> <span class='ocrx_word' id='word_1_200' title='bbox 1609 2571 1790 2639; x_wconf 81' lang='lat' dir='ltr'><strong>jaceat</strong></span> <span class='ocrx_word' id='word_1_201' title='bbox 1840 2573 2019 2627; x_wconf 86' lang='lat' dir='ltr'><strong>omnia</strong></span> <span class='ocrx_word' id='word_1_202' title='bbox 2049 2575 2208 2628; x_wconf 92' lang='lat' dir='ltr'><strong>simul</strong></span> 
     </span>
    </p>
   </div>
   <div class='ocr_carea' id='block_1_29' title="bbox 651 2656 2208 2733">
    <p class='ocr_par' dir='ltr' id='par_1_29' title="bbox 651 2656 2208 2733">
     <span class='ocr_line' id='line_1_29' title="bbox 651 2656 2208 2733; baseline 0.006 -26"><span class='ocrx_word' id='word_1_203' title='bbox 651 2657 780 2709; x_wconf 89' lang='lat' dir='ltr'><strong>vitia</strong></span> <span class='ocrx_word' id='word_1_204' title='bbox 800 2657 960 2710; x_wconf 87' lang='lat' dir='ltr'><strong>victa.</strong></span> <span class='ocrx_word' id='word_1_205' title='bbox 976 2656 1170 2714; x_wconf 84' lang='lat' dir='ltr'><strong>Cordis</strong></span> <span class='ocrx_word' id='word_1_206' title='bbox 1187 2668 1375 2728; x_wconf 82' lang='lat' dir='ltr'><strong>stupor</strong></span> <span class='ocrx_word' id='word_1_207' title='bbox 1389 2670 1620 2714; x_wconf 88' lang='lat' dir='ltr'><strong>mentem</strong></span> <span class='ocrx_word' id='word_1_208' title='bbox 1643 2673 1876 2716; x_wconf 68' lang='lat' dir='ltr'><strong>excaecat</strong></span> <span class='ocrx_word' id='word_1_209' title='bbox 1892 2681 1905 2727; x_wconf 92' lang='lat'><strong>;</strong></span> <span class='ocrx_word' id='word_1_210' title='bbox 1933 2664 2085 2733; x_wconf 86' lang='lat' dir='ltr'><strong>copia</strong></span> <span class='ocrx_word' id='word_1_211' title='bbox 2102 2665 2208 2719; x_wconf 86' lang='lat' dir='ltr'><strong>cibi</strong></span> 
     </span>
    </p>
   </div>
   <div class='ocr_carea' id='block_1_30' title="bbox 649 2746 2208 2824">
    <p class='ocr_par' dir='ltr' id='par_1_30' title="bbox 649 2746 2208 2824">
     <span class='ocr_line' id='line_1_30' title="bbox 649 2746 2208 2824; baseline 0.006 -26"><span class='ocrx_word' id='word_1_212' title='bbox 649 2746 853 2802; x_wconf 87' lang='lat' dir='ltr'><strong>fontem</strong></span> <span class='ocrx_word' id='word_1_213' title='bbox 905 2749 1263 2819; x_wconf 78' lang='lat' dir='ltr'><strong>laerymarnm</strong></span> <span class='ocrx_word' id='word_1_214' title='bbox 1316 2751 1583 2804; x_wconf 76' lang='lat' dir='ltr'><strong>exhaurit.</strong></span> <span class='ocrx_word' id='word_1_215' title='bbox 1624 2751 1756 2806; x_wconf 80' lang='lat' dir='ltr'><strong>Sitis</strong></span> <span class='ocrx_word' id='word_1_216' title='bbox 1807 2762 1860 2806; x_wconf 91' lang='lat' dir='ltr'><strong>et</strong></span> <span class='ocrx_word' id='word_1_217' title='bbox 1886 2754 2079 2824; x_wconf 66' lang='lat' dir='ltr'><strong>vigiliae</strong></span> <span class='ocrx_word' id='word_1_218' title='bbox 2112 2770 2208 2811; x_wconf 87' lang='lat' dir='ltr'><strong>cor</strong></span> 
     </span>
    </p>
   </div>
   <div class='ocr_carea' id='block_1_31' title="bbox 647 2838 2210 2914">
    <p class='ocr_par' dir='ltr' id='par_1_31' title="bbox 647 2838 2210 2914">
     <span class='ocr_line' id='line_1_31' title="bbox 647 2838 2210 2914; baseline 0.008 -25"><span class='ocrx_word' id='word_1_219' title='bbox 647 2838 920 2906; x_wconf 87' lang='lat' dir='ltr'><strong>allligunt;</strong></span> <span class='ocrx_word' id='word_1_220' title='bbox 948 2855 1012 2892; x_wconf 77' lang='lat' dir='ltr'><strong>ex</strong></span> <span class='ocrx_word' id='word_1_221' title='bbox 1036 2840 1230 2895; x_wconf 89' lang='lat' dir='ltr'><strong>alllicto</strong></span> <span class='ocrx_word' id='word_1_222' title='bbox 1252 2841 1414 2896; x_wconf 89' lang='lat' dir='ltr'><strong>corde</strong></span> <span class='ocrx_word' id='word_1_223' title='bbox 1438 2843 1689 2896; x_wconf 87' lang='lat' dir='ltr'><strong>resiliunt</strong></span> <span class='ocrx_word' id='word_1_224' title='bbox 1707 2859 1880 2914; x_wconf 66' lang='lat' dir='ltr'><strong>aquae.</strong></span> <span class='ocrx_word' id='word_1_225' title='bbox 1910 2845 2052 2900; x_wconf 86' lang='lat' dir='ltr'><strong>Dura</strong></span> <span class='ocrx_word' id='word_1_226' title='bbox 2080 2855 2210 2902; x_wconf 91' lang='lat' dir='ltr'><strong>sunt</strong></span> 
     </span>
    </p>
   </div>
   <div class='ocr_carea' id='block_1_32' title="bbox 648 2930 2203 3006">
    <p class='ocr_par' dir='ltr' id='par_1_32' title="bbox 648 2930 2203 3006">
     <span class='ocr_line' id='line_1_32' title="bbox 648 2930 2203 3006; baseline 0.01 -25"><span class='ocrx_word' id='word_1_227' title='bbox 648 2930 928 2998; x_wconf 78' lang='lat' dir='ltr'><strong>hzee,qu:e</strong></span> <span class='ocrx_word' id='word_1_228' title='bbox 955 2931 1212 3000; x_wconf 81' lang='lat' dir='ltr'><strong>diximus,</strong></span> <span class='ocrx_word' id='word_1_229' title='bbox 1253 2934 1459 3003; x_wconf 77' lang='lat' dir='ltr'><strong>gulosis</strong></span> <span class='ocrx_word' id='word_1_230' title='bbox 1506 2942 1559 2990; x_wconf 74' lang='lat' dir='ltr'><strong>et</strong></span> <span class='ocrx_word' id='word_1_231' title='bbox 1604 2938 1775 2992; x_wconf 85' lang='lat' dir='ltr'><strong>ventri</strong></span> <span class='ocrx_word' id='word_1_232' title='bbox 1823 2938 2203 3006; x_wconf 83' lang='lat' dir='ltr'><strong>servientibus,</strong></span> 
     </span>
    </p>
   </div>
   <div class='ocr_carea' id='block_1_33' title="bbox 649 3021 2204 3086">
    <p class='ocr_par' dir='ltr' id='par_1_33' title="bbox 649 3021 2204 3086">
     <span class='ocr_line' id='line_1_33' title="bbox 649 3021 2204 3086; baseline 0.008 -12"><span class='ocrx_word' id='word_1_233' title='bbox 649 3021 910 3078; x_wconf 77' lang='lat' dir='ltr'><strong>inertibus</strong></span> <span class='ocrx_word' id='word_1_234' title='bbox 938 3036 1116 3080; x_wconf 92' lang='lat' dir='ltr'><strong>autem</strong></span> <span class='ocrx_word' id='word_1_235' title='bbox 1139 3027 1491 3081; x_wconf 88' lang='lat' dir='ltr'><strong>incredibilia.</strong></span> <span class='ocrx_word' id='word_1_236' title='bbox 1524 3028 1595 3082; x_wconf 80' lang='lat' dir='ltr'><strong>At</strong></span> <span class='ocrx_word' id='word_1_237' title='bbox 1628 3029 1710 3082; x_wconf 87' lang='lat' dir='ltr'><strong>vir</strong></span> <span class='ocrx_word' id='word_1_238' title='bbox 1733 3031 2064 3085; x_wconf 81' lang='lat' dir='ltr'><strong>exercitatus</strong></span> <span class='ocrx_word' id='word_1_239' title='bbox 2092 3032 2204 3086; x_wconf 57' lang='lat' dir='ltr'><strong>haec</strong></span> 
     </span>
    </p>
   </div>
   <div class='ocr_carea' id='block_1_34' title="bbox 643 3115 2202 3190">
    <p class='ocr_par' dir='ltr' id='par_1_34' title="bbox 643 3115 2202 3190">
     <span class='ocr_line' id='line_1_34' title="bbox 643 3115 2202 3190; baseline 0.006 -25"><span class='ocrx_word' id='word_1_240' title='bbox 643 3115 894 3170; x_wconf 88' lang='lat' dir='ltr'><strong>alacriter</strong></span> <span class='ocrx_word' id='word_1_241' title='bbox 926 3117 1287 3185; x_wconf 85' lang='lat' dir='ltr'><strong>aggredietur,</strong></span> <span class='ocrx_word' id='word_1_242' title='bbox 1302 3127 1357 3173; x_wconf 90' lang='lat' dir='ltr'><strong>et</strong></span> <span class='ocrx_word' id='word_1_243' title='bbox 1381 3134 1483 3172; x_wconf 92' lang='lat' dir='ltr'><strong>usu</strong></span> <span class='ocrx_word' id='word_1_244' title='bbox 1510 3119 1701 3173; x_wconf 90' lang='lat' dir='ltr'><strong>doctus</strong></span> <span class='ocrx_word' id='word_1_245' title='bbox 1734 3119 1927 3173; x_wconf 87' lang='lat' dir='ltr'><strong>ridebit</strong></span> <span class='ocrx_word' id='word_1_246' title='bbox 1947 3135 2107 3190; x_wconf 87' lang='lat' dir='ltr'><strong>super</strong></span> <span class='ocrx_word' id='word_1_247' title='bbox 2127 3121 2202 3175; x_wconf 88' lang='lat' dir='ltr'><strong>rei</strong></span> 
     </span>
    </p>
   </div>
   <div class='ocr_carea' id='block_1_35' title="bbox 644 3205 2204 3278">
    <p class='ocr_par' dir='ltr' id='par_1_35' title="bbox 644 3205 2204 3278">
     <span class='ocr_line' id='line_1_35' title="bbox 644 3205 2204 3278; baseline 0.004 -20"><span class='ocrx_word' id='word_1_248' title='bbox 644 3205 920 3260; x_wconf 71' lang='lat' dir='ltr'><strong>facilitate.</strong></span> <span class='ocrx_word' id='word_1_249' title='bbox 950 3207 1048 3273; x_wconf 87' lang='lat' dir='ltr'><strong>Qtti</strong></span> <span class='ocrx_word' id='word_1_250' title='bbox 1077 3223 1200 3263; x_wconf 89' lang='lat' dir='ltr'><strong>vero</strong></span> <span class='ocrx_word' id='word_1_251' title='bbox 1225 3209 1293 3264; x_wconf 91' lang='lat' dir='ltr'><strong>de</strong></span> <span class='ocrx_word' id='word_1_252' title='bbox 1324 3210 1408 3263; x_wconf 91' lang='lat' dir='ltr'><strong>his</strong></span> <span class='ocrx_word' id='word_1_253' title='bbox 1431 3210 1666 3278; x_wconf 86' lang='lat' dir='ltr'><strong>inquiret</strong></span> <span class='ocrx_word' id='word_1_254' title='bbox 1689 3219 1744 3264; x_wconf 91' lang='lat' dir='ltr'><strong>et</strong></span> <span class='ocrx_word' id='word_1_255' title='bbox 1769 3210 2086 3278; x_wconf 86' lang='lat' dir='ltr'><strong>disputabit,</strong></span> <span class='ocrx_word' id='word_1_256' title='bbox 2127 3212 2204 3265; x_wconf 92' lang='lat' dir='ltr'><strong>nil</strong></span> 
     </span>
    </p>
   </div>
   <div class='ocr_carea' id='block_1_36' title="bbox 646 3297 2204 3364">
    <p class='ocr_par' dir='ltr' id='par_1_36' title="bbox 646 3297 2204 3364">
     <span class='ocr_line' id='line_1_36' title="bbox 646 3297 2204 3364; baseline 0.005 -16"><span class='ocrx_word' id='word_1_257' title='bbox 646 3297 748 3349; x_wconf 88' lang='lat' dir='ltr'><strong>nisi</strong></span> <span class='ocrx_word' id='word_1_258' title='bbox 783 3298 1052 3350; x_wconf 83' lang='lat' dir='ltr'><strong>tristitiam</strong></span> <span class='ocrx_word' id='word_1_259' title='bbox 1090 3298 1302 3352; x_wconf 85' lang='lat' dir='ltr'><strong>referet.</strong></span> <span class='ocrx_word' id='word_1_260' title='bbox 1334 3297 1804 3364; x_wconf 82' lang='lat' dir='ltr'><strong>Quemadmodum</strong></span> <span class='ocrx_word' id='word_1_261' title='bbox 1847 3299 2034 3356; x_wconf 86' lang='lat' dir='ltr'><strong>Patres</strong></span> <span class='ocrx_word' id='word_1_262' title='bbox 2075 3301 2204 3356; x_wconf 87' lang='lat' dir='ltr'><strong>cha-</strong></span> 
     </span>
    </p>
   </div>
   <div class='ocr_carea' id='block_1_37' title="bbox 645 3380 2206 3453">
    <p class='ocr_par' dir='ltr' id='par_1_37' title="bbox 645 3380 2206 3453">
     <span class='ocr_line' id='line_1_37' title="bbox 645 3380 2206 3453; baseline 0.004 -22"><span class='ocrx_word' id='word_1_263' title='bbox 645 3381 862 3433; x_wconf 87' lang='lat' dir='ltr'><strong>ritatem</strong></span> <span class='ocrx_word' id='word_1_264' title='bbox 894 3380 1186 3448; x_wconf 80' lang='lat' dir='ltr'><strong>perfectam</strong></span> <span class='ocrx_word' id='word_1_265' title='bbox 1226 3381 1331 3435; x_wconf 90' lang='lat' dir='ltr'><strong>labi</strong></span> <span class='ocrx_word' id='word_1_266' title='bbox 1351 3396 1509 3449; x_wconf 90' lang='lat' dir='ltr'><strong>posse</strong></span> <span class='ocrx_word' id='word_1_267' title='bbox 1534 3389 1820 3450; x_wconf 79' lang='lat' dir='ltr'><strong>negarunt,</strong></span> <span class='ocrx_word' id='word_1_268' title='bbox 1853 3383 1933 3437; x_wconf 90' lang='lat' dir='ltr'><strong>sic</strong></span> <span class='ocrx_word' id='word_1_269' title='bbox 1950 3398 2052 3453; x_wconf 88' lang='lat' dir='ltr'><strong>ego</strong></span> <span class='ocrx_word' id='word_1_270' title='bbox 2083 3399 2206 3453; x_wconf 91' lang='lat' dir='ltr'><strong>per-</strong></span> 
     </span>
    </p>
   </div>
   <div class='ocr_carea' id='block_1_38' title="bbox 644 3467 2202 3540">
    <p class='ocr_par' dir='ltr' id='par_1_38' title="bbox 644 3467 2202 3540">
     <span class='ocr_line' id='line_1_38' title="bbox 644 3467 2202 3540; baseline 0.006 -20"><span class='ocrx_word' id='word_1_271' title='bbox 644 3467 842 3521; x_wconf 75' lang='lat' dir='ltr'><strong>fectum</strong></span> <span class='ocrx_word' id='word_1_272' title='bbox 887 3470 1078 3524; x_wconf 89' lang='lat' dir='ltr'><strong>mortis</strong></span> <span class='ocrx_word' id='word_1_273' title='bbox 1125 3485 1345 3526; x_wconf 90' lang='lat' dir='ltr'><strong>sensum</strong></span> <span class='ocrx_word' id='word_1_274' title='bbox 1389 3471 1597 3526; x_wconf 90' lang='lat' dir='ltr'><strong>timoris</strong></span> <span class='ocrx_word' id='word_1_275' title='bbox 1643 3481 1917 3540; x_wconf 82' lang='lat' dir='ltr'><strong>expertem</strong></span> <span class='ocrx_word' id='word_1_276' title='bbox 1969 3473 2202 3529; x_wconf 85' lang='lat' dir='ltr'><strong>affirmo.</strong></span> 
     </span>
    </p>
   </div>
   <div class='ocr_carea' id='block_1_39' title="bbox 644 3557 2202 3633">
    <p class='ocr_par' dir='ltr' id='par_1_39' title="bbox 644 3557 2202 3633">
     <span class='ocr_line' id='line_1_39' title="bbox 644 3557 2202 3633; baseline 0.004 -22"><span class='ocrx_word' id='word_1_277' title='bbox 644 3557 806 3612; x_wconf 86' lang='lat' dir='ltr'><strong>Multa</strong></span> <span class='ocrx_word' id='word_1_278' title='bbox 820 3571 948 3614; x_wconf 88' lang='lat' dir='ltr'><strong>sunt</strong></span> <span class='ocrx_word' id='word_1_279' title='bbox 969 3559 1245 3616; x_wconf 60' lang='lat' dir='ltr'><strong>industria:</strong></span> <span class='ocrx_word' id='word_1_280' title='bbox 1261 3561 1554 3633; x_wconf 79' lang='lat' dir='ltr'><strong>[practieae]</strong></span> <span class='ocrx_word' id='word_1_281' title='bbox 1570 3562 1765 3616; x_wconf 90' lang='lat' dir='ltr'><strong>mentis</strong></span> <span class='ocrx_word' id='word_1_282' title='bbox 1784 3576 1967 3631; x_wconf 88' lang='lat' dir='ltr'><strong>opera,</strong></span> <span class='ocrx_word' id='word_1_283' title='bbox 1979 3563 2202 3628; x_wconf 78' lang='lat' dir='ltr'><strong>amoris,</strong></span> 
     </span>
    </p>
   </div>
   <div class='ocr_carea' id='block_1_40' title="bbox 644 3649 2204 3718">
    <p class='ocr_par' dir='ltr' id='par_1_40' title="bbox 644 3649 2204 3718">
     <span class='ocr_line' id='line_1_40' title="bbox 644 3649 2204 3718; baseline 0.003 -16"><span class='ocrx_word' id='word_1_284' title='bbox 644 3650 888 3718; x_wconf 87' lang='lat' dir='ltr'><strong>inquam,</strong></span> <span class='ocrx_word' id='word_1_285' title='bbox 917 3649 1082 3704; x_wconf 89' lang='lat' dir='ltr'><strong>divini</strong></span> <span class='ocrx_word' id='word_1_286' title='bbox 1109 3653 1410 3714; x_wconf 85' lang='lat' dir='ltr'><strong>meditatio.</strong></span> <span class='ocrx_word' id='word_1_287' title='bbox 1429 3652 1624 3707; x_wconf 89' lang='lat' dir='ltr'><strong>mortis</strong></span> <span class='ocrx_word' id='word_1_288' title='bbox 1656 3651 1933 3717; x_wconf 89' lang='lat' dir='ltr'><strong>memoria,</strong></span> <span class='ocrx_word' id='word_1_289' title='bbox 1959 3652 2204 3706; x_wconf 87' lang='lat' dir='ltr'><strong>recorda-</strong></span> 
     </span>
    </p>
   </div>
   <div class='ocr_carea' id='block_1_41' title="bbox 645 3737 2202 3811">
    <p class='ocr_par' dir='ltr' id='par_1_41' title="bbox 645 3737 2202 3811">
     <span class='ocr_line' id='line_1_41' title="bbox 645 3737 2202 3811; baseline 0.004 -20"><span class='ocrx_word' id='word_1_290' title='bbox 645 3739 721 3791; x_wconf 92' lang='lat' dir='ltr'><strong>tio</strong></span> <span class='ocrx_word' id='word_1_291' title='bbox 748 3737 863 3802; x_wconf 89' lang='lat' dir='ltr'><strong>Dei,</strong></span> <span class='ocrx_word' id='word_1_292' title='bbox 921 3741 1071 3809; x_wconf 88' lang='lat' dir='ltr'><strong>regni</strong></span> <span class='ocrx_word' id='word_1_293' title='bbox 1141 3741 1379 3796; x_wconf 67' lang='lat' dir='ltr'><strong>caalestis</strong></span> <span class='ocrx_word' id='word_1_294' title='bbox 1451 3742 1876 3811; x_wconf 90' lang='lat' dir='ltr'><strong>contemplatio,</strong></span> <span class='ocrx_word' id='word_1_295' title='bbox 1943 3741 2202 3797; x_wconf 87' lang='lat' dir='ltr'><strong>memoria</strong></span> 
     </span>
    </p>
   </div>
   <div class='ocr_carea' id='block_1_42' title="bbox 641 3827 2199 3902">
    <p class='ocr_par' dir='ltr' id='par_1_42' title="bbox 641 3827 2199 3902">
     <span class='ocr_line' id='line_1_42' title="bbox 641 3827 2199 3902; baseline 0.003 -20"><span class='ocrx_word' id='word_1_296' title='bbox 641 3827 852 3882; x_wconf 88' lang='lat' dir='ltr'><strong>ardoris</strong></span> <span class='ocrx_word' id='word_1_297' title='bbox 882 3839 1190 3883; x_wconf 87' lang='lat' dir='ltr'><strong>sanctorum</strong></span> <span class='ocrx_word' id='word_1_298' title='bbox 1243 3841 1557 3902; x_wconf 80' lang='lat' dir='ltr'><strong>martyrum,</strong></span> <span class='ocrx_word' id='word_1_299' title='bbox 1619 3830 1878 3886; x_wconf 86' lang='lat' dir='ltr'><strong>memoria</strong></span> <span class='ocrx_word' id='word_1_300' title='bbox 1908 3829 2001 3885; x_wconf 89' lang='lat' dir='ltr'><strong>Dei</strong></span> <span class='ocrx_word' id='word_1_301' title='bbox 2054 3845 2199 3886; x_wconf 85' lang='lat' dir='ltr'><strong>sem-</strong></span> 
     </span>
    </p>
   </div>
   <div class='ocr_carea' id='block_1_43' title="bbox 642 3911 2198 3990">
    <p class='ocr_par' dir='ltr' id='par_1_43' title="bbox 642 3911 2198 3990">
     <span class='ocr_line' id='line_1_43' title="bbox 642 3911 2198 3990; baseline 0.004 -18"><span class='ocrx_word' id='word_1_302' title='bbox 642 3933 739 3987; x_wconf 86' lang='lat' dir='ltr'><strong>per</strong></span> <span class='ocrx_word' id='word_1_303' title='bbox 801 3921 1113 3988; x_wconf 74' lang='lat' dir='ltr'><strong>przescntis,</strong></span> <span class='ocrx_word' id='word_1_304' title='bbox 1160 3923 1616 3990; x_wconf 90' lang='lat' dir='ltr'><strong>quemadmodum</strong></span> <span class='ocrx_word' id='word_1_305' title='bbox 1675 3911 1760 3979; x_wconf 87' lang='lat' dir='ltr'><strong>ille</strong></span> <span class='ocrx_word' id='word_1_306' title='bbox 1812 3923 1942 3979; x_wconf 85' lang='lat' dir='ltr'><strong>dicit</strong></span> <span class='ocrx_word' id='word_1_307' title='bbox 1999 3941 2013 3977; x_wconf 90' lang='lat'><strong>:</strong></span> <span class='ocrx_word' id='word_1_308' title='bbox 2061 3923 2198 3978; x_wconf 84' lang='lat' dir='ltr'><strong>Pro-</strong></span> 
     </span>
    </p>
   </div>
   <div class='ocr_carea' id='block_1_44' title="bbox 643 4009 2195 4082">
    <p class='ocr_par' dir='ltr' id='par_1_44' title="bbox 643 4009 2195 4082">
     <span class='ocr_line' id='line_1_44' title="bbox 643 4009 2195 4082; baseline 0.001 -20"><span class='ocrx_word' id='word_1_309' title='bbox 643 4009 874 4062; x_wconf 74' lang='lat' dir='ltr'><strong>ridebam</strong></span> <span class='ocrx_word' id='word_1_310' title='bbox 931 4010 1210 4063; x_wconf 83' lang='lat' dir='ltr'><strong>Dominum</strong></span> <span class='ocrx_word' id='word_1_311' title='bbox 1257 4012 1333 4078; x_wconf 85' lang='lat' dir='ltr'><strong>(in</strong></span> <span class='ocrx_word' id='word_1_312' title='bbox 1379 4022 1652 4080; x_wconf 81' lang='lat' dir='ltr'><strong>conspectu</strong></span> <span class='ocrx_word' id='word_1_313' title='bbox 1699 4030 1809 4067; x_wconf 85' lang='lat' dir='ltr'><strong>meo</strong></span> <span class='ocrx_word' id='word_1_314' title='bbox 1840 4030 2038 4082; x_wconf 76' lang='lat' dir='ltr'><strong>semper</strong></span> <span class='ocrx_word' id='word_1_315' title='bbox 2089 4013 2195 4081; x_wconf 82' lang='lat'><strong>&#39;°);</strong></span> 
     </span>
    </p>
   </div>
   <div class='ocr_carea' id='block_1_45' title="bbox 641 4103 2195 4174">
    <p class='ocr_par' dir='ltr' id='par_1_45' title="bbox 641 4103 2195 4174">
     <span class='ocr_line' id='line_1_45' title="bbox 641 4103 2195 4174; baseline 0.001 -18"><span class='ocrx_word' id='word_1_316' title='bbox 641 4103 906 4156; x_wconf 87' lang='lat' dir='ltr'><strong>memoria</strong></span> <span class='ocrx_word' id='word_1_317' title='bbox 966 4105 1266 4158; x_wconf 60' lang='lat' dir='ltr'><strong>caelestium</strong></span> <span class='ocrx_word' id='word_1_318' title='bbox 1343 4112 1671 4174; x_wconf 88' lang='lat' dir='ltr'><strong>potestatum</strong></span> <span class='ocrx_word' id='word_1_319' title='bbox 1733 4114 1787 4158; x_wconf 90' lang='lat' dir='ltr'><strong>et</strong></span> <span class='ocrx_word' id='word_1_320' title='bbox 1843 4105 2195 4174; x_wconf 86' lang='lat' dir='ltr'><strong>angelorum,</strong></span> 
     </span>
    </p>
   </div>
   <div class='ocr_carea' id='block_1_46' title="bbox 641 4194 2197 4268">
    <p class='ocr_par' dir='ltr' id='par_1_46' title="bbox 641 4194 2197 4268">
     <span class='ocr_line' id='line_1_46' title="bbox 641 4194 2197 4268; baseline 0.001 -20"><span class='ocrx_word' id='word_1_321' title='bbox 641 4195 904 4248; x_wconf 87' lang='lat' dir='ltr'><strong>memoria</strong></span> <span class='ocrx_word' id='word_1_322' title='bbox 962 4196 1138 4250; x_wconf 75' lang='lat' dir='ltr'><strong>exitus</strong></span> <span class='ocrx_word' id='word_1_323' title='bbox 1192 4197 1422 4263; x_wconf 70' lang='lat' dir='ltr'><strong>animae,</strong></span> <span class='ocrx_word' id='word_1_324' title='bbox 1503 4211 1765 4251; x_wconf 92' lang='lat' dir='ltr'><strong>occursus</strong></span> <span class='ocrx_word' id='word_1_325' title='bbox 1837 4195 1901 4249; x_wconf 91' lang='lat' dir='ltr'><strong>ad</strong></span> <span class='ocrx_word' id='word_1_326' title='bbox 1962 4194 2197 4268; x_wconf 75' lang='lat' dir='ltr'><strong>tribunal</strong></span> 
     </span>
    </p>
   </div>
   <div class='ocr_carea' id='block_1_47' title="bbox 642 4274 2193 4353">
    <p class='ocr_par' dir='ltr' id='par_1_47' title="bbox 642 4274 2193 4353">
     <span class='ocr_line' id='line_1_47' title="bbox 642 4274 2193 4353; baseline 0.001 -17"><span class='ocrx_word' id='word_1_327' title='bbox 642 4274 770 4345; x_wconf 79' lang='lat' dir='ltr'><strong>Dei,</strong></span> <span class='ocrx_word' id='word_1_328' title='bbox 825 4284 1112 4353; x_wconf 87' lang='lat' dir='ltr'><strong>supplicii,</strong></span> <span class='ocrx_word' id='word_1_329' title='bbox 1168 4285 1369 4340; x_wconf 69' lang='lat' dir='ltr'><strong>ultimae</strong></span> <span class='ocrx_word' id='word_1_330' title='bbox 1455 4286 1737 4341; x_wconf 45' lang='lat' dir='ltr'><strong>sententia.</strong></span> <span class='ocrx_word' id='word_1_331' title='bbox 1800 4286 2193 4351; x_wconf 88' lang='lat' dir='ltr'><strong>pronuntiatio.</strong></span> 
     </span>
    </p>
   </div>
   <div class='ocr_carea' id='block_1_48' title="bbox 643 4372 2195 4445">
    <p class='ocr_par' dir='ltr' id='par_1_48' title="bbox 643 4372 2195 4445">
     <span class='ocr_line' id='line_1_48' title="bbox 643 4372 2195 4445; baseline 0.001 -20"><span class='ocrx_word' id='word_1_332' title='bbox 643 4372 797 4443; x_wconf 65' lang='grc'><strong>143</strong></span> <span class='ocrx_word' id='word_1_333' title='bbox 832 4376 872 4425; x_wconf 79' lang='grc' dir='ltr'>Α</span> <span class='ocrx_word' id='word_1_334' title='bbox 899 4375 1108 4445; x_wconf 87' lang='lat' dir='ltr'><strong>magnis</strong></span> <span class='ocrx_word' id='word_1_335' title='bbox 1142 4375 1426 4444; x_wconf 72' lang='lat' dir='ltr'><strong>cmpimus,</strong></span> <span class='ocrx_word' id='word_1_336' title='bbox 1455 4375 1508 4428; x_wconf 90' lang='lat' dir='ltr'><strong>in</strong></span> <span class='ocrx_word' id='word_1_337' title='bbox 1539 4375 1608 4428; x_wconf 92' lang='lat' dir='ltr'><strong>iis</strong></span> <span class='ocrx_word' id='word_1_338' title='bbox 1635 4390 1756 4442; x_wconf 80' lang='lat' dir='ltr'><strong>qua:</strong></span> <span class='ocrx_word' id='word_1_339' title='bbox 1781 4374 1964 4444; x_wconf 89' lang='lat' dir='ltr'><strong>lapsus</strong></span> <span class='ocrx_word' id='word_1_340' title='bbox 1991 4375 2195 4445; x_wconf 88' lang='lat' dir='ltr'><strong>peccati</strong></span> 
     </span>
    </p>
   </div>
   <div class='ocr_carea' id='block_1_49' title="bbox 637 4465 2266 4548">
    <p class='ocr_par' dir='ltr' id='par_1_49' title="bbox 637 4465 2266 4548">
     <span class='ocr_line' id='line_1_49' title="bbox 637 4465 2266 4548; baseline 0.003 -30"><span class='ocrx_word' id='word_1_341' title='bbox 637 4466 926 4521; x_wconf 78' lang='lat' dir='ltr'><strong>excludunt</strong></span> <span class='ocrx_word' id='word_1_342' title='bbox 965 4468 1221 4522; x_wconf 88' lang='lat' dir='ltr'><strong>liniimns.</strong></span> <span class='ocrx_word' id='word_1_343' title='bbox 1267 4465 1551 4538; x_wconf 71' lang='lat' dir='ltr'><strong>.Egyptius</strong></span> <span class='ocrx_word' id='word_1_344' title='bbox 1618 4466 1838 4536; x_wconf 90' lang='lat' dir='ltr'><strong>quidam</strong></span> <span class='ocrx_word' id='word_1_345' title='bbox 1904 4468 2191 4537; x_wconf 84' lang='lat' dir='ltr'><strong>religiosus</strong></span> <span class='ocrx_word' id='word_1_346' title='bbox 2223 4494 2266 4548; x_wconf 77' lang='grc' dir='ltr'><strong>ι)</strong></span> 
     </span>
    </p>
   </div>
   <div class='ocr_carea' id='block_1_50' title="bbox 638 4555 2188 4626">
    <p class='ocr_par' dir='ltr' id='par_1_50' title="bbox 638 4555 2188 4626">
     <span class='ocr_line' id='line_1_50' title="bbox 638 4555 2188 4626; baseline 0.003 -18"><span class='ocrx_word' id='word_1_347' title='bbox 638 4557 767 4610; x_wconf 85' lang='lat' dir='ltr'><strong>mihi</strong></span> <span class='ocrx_word' id='word_1_348' title='bbox 799 4556 927 4610; x_wconf 90' lang='lat' dir='ltr'><strong>olim</strong></span> <span class='ocrx_word' id='word_1_349' title='bbox 962 4557 1026 4609; x_wconf 86' lang='lat' dir='ltr'><strong>de</strong></span> <span class='ocrx_word' id='word_1_350' title='bbox 1059 4573 1120 4620; x_wconf 23' lang='lat' dir='ltr'><strong>,se</strong></span> <span class='ocrx_word' id='word_1_351' title='bbox 1143 4558 1605 4618; x_wconf 86' lang='lat' dir='ltr'><strong>commemoravit.</strong></span> <span class='ocrx_word' id='word_1_352' title='bbox 1640 4555 1782 4626; x_wconf 91' lang='lat' dir='ltr'><strong>quod</strong></span> <span class='ocrx_word' id='word_1_353' title='bbox 1809 4567 1930 4626; x_wconf 91' lang='lat' dir='ltr'><strong>post</strong></span> <span class='ocrx_word' id='word_1_354' title='bbox 1971 4557 2188 4613; x_wconf 80' lang='lat' dir='ltr'><strong>inﬁxam</strong></span> 
     </span>
    </p>
   </div>
   <div class='ocr_carea' id='block_1_51' title="bbox 635 4646 2189 4715">
    <p class='ocr_par' dir='ltr' id='par_1_51' title="bbox 635 4646 2189 4715">
     <span class='ocr_line' id='line_1_51' title="bbox 635 4646 2189 4715; baseline 0.003 -18"><span class='ocrx_word' id='word_1_355' title='bbox 635 4646 838 4710; x_wconf 88' lang='lat' dir='ltr'><strong>animo,</strong></span> <span class='ocrx_word' id='word_1_356' title='bbox 889 4647 1130 4714; x_wconf 85' lang='lat' dir='ltr'><strong>adeoque</strong></span> <span class='ocrx_word' id='word_1_357' title='bbox 1149 4659 1272 4699; x_wconf 89' lang='lat' dir='ltr'><strong>cum</strong></span> <span class='ocrx_word' id='word_1_358' title='bbox 1315 4661 1479 4700; x_wconf 90' lang='lat' dir='ltr'><strong>sensu</strong></span> <span class='ocrx_word' id='word_1_359' title='bbox 1511 4646 1828 4715; x_wconf 87' lang='lat' dir='ltr'><strong>impressam</strong></span> <span class='ocrx_word' id='word_1_360' title='bbox 1865 4646 2010 4698; x_wconf 90' lang='lat' dir='ltr'><strong>cordi</strong></span> <span class='ocrx_word' id='word_1_361' title='bbox 2044 4663 2189 4701; x_wconf 85' lang='lat' dir='ltr'><strong>mor-</strong></span> 
     </span>
    </p>
   </div>
   <div class='ocr_carea' id='block_1_52' title="bbox 634 4734 2190 4804">
    <p class='ocr_par' dir='ltr' id='par_1_52' title="bbox 634 4734 2190 4804">
     <span class='ocr_line' id='line_1_52' title="bbox 634 4734 2190 4804; baseline 0.001 -15"><span class='ocrx_word' id='word_1_362' title='bbox 634 4737 704 4790; x_wconf 92' lang='lat' dir='ltr'><strong>tis</strong></span> <span class='ocrx_word' id='word_1_363' title='bbox 739 4737 1051 4788; x_wconf 87' lang='lat' dir='ltr'><strong>memoriam</strong></span> <span class='ocrx_word' id='word_1_364' title='bbox 1090 4734 1318 4789; x_wconf 87' lang='lat' dir='ltr'><strong>voluerit</strong></span> <span class='ocrx_word' id='word_1_365' title='bbox 1350 4749 1417 4789; x_wconf 80' lang='lat' dir='ltr'><strong>ex</strong></span> <span class='ocrx_word' id='word_1_366' title='bbox 1445 4735 1648 4804; x_wconf 86' lang='lat' dir='ltr'><strong>objecta</strong></span> <span class='ocrx_word' id='word_1_367' title='bbox 1682 4734 2013 4790; x_wconf 87' lang='lat' dir='ltr'><strong>necessitatis</strong></span> <span class='ocrx_word' id='word_1_368' title='bbox 2037 4749 2190 4790; x_wconf 84' lang='lat' dir='ltr'><strong>occa-</strong></span> 
     </span>
    </p>
   </div>
   <div class='ocr_carea' id='block_1_53' title="bbox 634 4810 2182 4896">
    <p class='ocr_par' dir='ltr' id='par_1_53' title="bbox 634 4810 2182 4896">
     <span class='ocr_line' id='line_1_53' title="bbox 634 4810 2182 4896; baseline 0.001 -18"><span class='ocrx_word' id='word_1_369' title='bbox 634 4826 788 4878; x_wconf 87' lang='lat' dir='ltr'><strong>sione</strong></span> <span class='ocrx_word' id='word_1_370' title='bbox 827 4825 1071 4879; x_wconf 88' lang='lat' dir='ltr'><strong>nonnihil</strong></span> <span class='ocrx_word' id='word_1_371' title='bbox 1117 4810 1329 4895; x_wconf 84' lang='lat' dir='ltr'><strong>aliquid</strong></span> <span class='ocrx_word' id='word_1_372' title='bbox 1350 4825 1524 4878; x_wconf 89' lang='lat' dir='ltr'><strong>solatii</strong></span> <span class='ocrx_word' id='word_1_373' title='bbox 1581 4825 1692 4879; x_wconf 91' lang='lat' dir='ltr'><strong>luto</strong></span> <span class='ocrx_word' id='word_1_374' title='bbox 1722 4827 1966 4896; x_wconf 87' lang='lat' dir='ltr'><strong>corporis</strong></span> <span class='ocrx_word' id='word_1_375' title='bbox 2004 4826 2182 4879; x_wconf 87' lang='lat' dir='ltr'><strong>indul-</strong></span> 
     </span>
    </p>
   </div>
   <div class='ocr_carea' id='block_1_54' title="bbox 633 4910 2178 4986">
    <p class='ocr_par' dir='ltr' id='par_1_54' title="bbox 633 4910 2178 4986">
     <span class='ocr_line' id='line_1_54' title="bbox 633 4910 2178 4986; baseline 0.003 -21"><span class='ocrx_word' id='word_1_376' title='bbox 633 4910 778 4982; x_wconf 79' lang='lat' dir='ltr'><strong>gere,</strong></span> <span class='ocrx_word' id='word_1_377' title='bbox 817 4915 919 4968; x_wconf 87' lang='lat' dir='ltr'><strong>Sed</strong></span> <span class='ocrx_word' id='word_1_378' title='bbox 957 4930 1050 4984; x_wconf 90' lang='lat' dir='ltr'><strong>per</strong></span> <span class='ocrx_word' id='word_1_379' title='bbox 1086 4917 1401 4971; x_wconf 88' lang='lat' dir='ltr'><strong>memoriam</strong></span> <span class='ocrx_word' id='word_1_380' title='bbox 1444 4915 1655 4976; x_wconf 89' lang='lat' dir='ltr'><strong>mortis.</strong></span> <span class='ocrx_word' id='word_1_381' title='bbox 1695 4917 1887 4986; x_wconf 88' lang='lat' dir='ltr'><strong>inquit,</strong></span> <span class='ocrx_word' id='word_1_382' title='bbox 1925 4927 2178 4986; x_wconf 89' lang='lat' dir='ltr'><strong>tanquam</strong></span> 
     </span>
    </p>
   </div>
   <div class='ocr_carea' id='block_1_55' title="bbox 635 5007 2180 5078">
    <p class='ocr_par' dir='ltr' id='par_1_55' title="bbox 635 5007 2180 5078">
     <span class='ocr_line' id='line_1_55' title="bbox 635 5007 2180 5078; baseline 0.004 -20"><span class='ocrx_word' id='word_1_383' title='bbox 635 5007 702 5059; x_wconf 84' lang='lat' dir='ltr'><strong>ab</strong></span> <span class='ocrx_word' id='word_1_384' title='bbox 735 5007 916 5074; x_wconf 85' lang='lat' dir='ltr'><strong>judice</strong></span> <span class='ocrx_word' id='word_1_385' title='bbox 965 5007 1267 5077; x_wconf 89' lang='lat' dir='ltr'><strong>prohibitus</strong></span> <span class='ocrx_word' id='word_1_386' title='bbox 1300 5025 1439 5063; x_wconf 91' lang='lat' dir='ltr'><strong>sum.</strong></span> <span class='ocrx_word' id='word_1_387' title='bbox 1481 5009 1545 5062; x_wconf 88' lang='lat' dir='ltr'><strong>Et</strong></span> <span class='ocrx_word' id='word_1_388' title='bbox 1573 5008 1716 5078; x_wconf 89' lang='lat' dir='ltr'><strong>quod</strong></span> <span class='ocrx_word' id='word_1_389' title='bbox 1745 5010 2058 5064; x_wconf 86' lang='lat' dir='ltr'><strong>admirabile</strong></span> <span class='ocrx_word' id='word_1_390' title='bbox 2075 5019 2180 5075; x_wconf 90' lang='lat' dir='ltr'><strong>est,</strong></span> 
     </span>
    </p>
   </div>
   <div class='ocr_carea' id='block_1_56' title="bbox 632 5098 2180 5168">
    <p class='ocr_par' dir='ltr' id='par_1_56' title="bbox 632 5098 2180 5168">
     <span class='ocr_line' id='line_1_56' title="bbox 632 5098 2180 5168; baseline 0.003 -18"><span class='ocrx_word' id='word_1_391' title='bbox 632 5113 757 5150; x_wconf 90' lang='lat' dir='ltr'><strong>cum</strong></span> <span class='ocrx_word' id='word_1_392' title='bbox 788 5100 1104 5153; x_wconf 87' lang='lat' dir='ltr'><strong>memoriam</strong></span> <span class='ocrx_word' id='word_1_393' title='bbox 1135 5099 1427 5168; x_wconf 87' lang='lat' dir='ltr'><strong>mortis(ad</strong></span> <span class='ocrx_word' id='word_1_394' title='bbox 1448 5098 1950 5168; x_wconf 79' lang='lat' dir='ltr'><strong>horam)excludere</strong></span> <span class='ocrx_word' id='word_1_395' title='bbox 1971 5100 2180 5167; x_wconf 84' lang='lat' dir='ltr'><strong>vellem,</strong></span> 
     </span>
    </p>
   </div>
   <div class='ocr_carea' id='block_1_57' title="bbox 636 5189 2180 5261">
    <p class='ocr_par' dir='ltr' id='par_1_57' title="bbox 636 5189 2180 5261">
     <span class='ocr_line' id='line_1_57' title="bbox 636 5189 2180 5261; baseline 0.002 -19"><span class='ocrx_word' id='word_1_396' title='bbox 636 5207 742 5243; x_wconf 90' lang='lat' dir='ltr'><strong>nott</strong></span> <span class='ocrx_word' id='word_1_397' title='bbox 763 5190 932 5259; x_wconf 90' lang='lat' dir='ltr'><strong>potui.</strong></span> <span class='ocrx_word' id='word_1_398' title='bbox 966 5192 1116 5246; x_wconf 76' lang='lat' dir='ltr'><strong>Alius</strong></span> <span class='ocrx_word' id='word_1_399' title='bbox 1144 5192 1237 5261; x_wconf 88' lang='lat' dir='ltr'><strong>qui</strong></span> <span class='ocrx_word' id='word_1_400' title='bbox 1270 5190 1356 5245; x_wconf 92' lang='lat' dir='ltr'><strong>hic</strong></span> <span class='ocrx_word' id='word_1_401' title='bbox 1373 5190 1427 5244; x_wconf 92' lang='lat' dir='ltr'><strong>in</strong></span> <span class='ocrx_word' id='word_1_402' title='bbox 1448 5191 1566 5244; x_wconf 87' lang='lat' dir='ltr'><strong>loco</strong></span> <span class='ocrx_word' id='word_1_403' title='bbox 1581 5189 1752 5244; x_wconf 89' lang='lat' dir='ltr'><strong>Tholo</strong></span> <span class='ocrx_word' id='word_1_404' title='bbox 1775 5190 1918 5244; x_wconf 91' lang='lat' dir='ltr'><strong>dicto</strong></span> <span class='ocrx_word' id='word_1_405' title='bbox 1938 5190 2180 5260; x_wconf 88' lang='lat' dir='ltr'><strong>degebat,</strong></span> 
     </span>
    </p>
   </div>
   <div class='ocr_carea' id='block_1_58' title="bbox 559 5279 2179 5349">
    <p class='ocr_par' dir='ltr' id='par_1_58' title="bbox 559 5279 2179 5349">
     <span class='ocr_line' id='line_1_58' title="bbox 559 5279 2179 5349; baseline 0.002 -18"><span class='ocrx_word' id='word_1_406' title='bbox 559 5326 565 5331; x_wconf 88' lang='lat'><strong>.</strong></span> <span class='ocrx_word' id='word_1_407' title='bbox 631 5295 1004 5349; x_wconf 70' lang='lat' dir='ltr'><strong>saepenumero</strong></span> <span class='ocrx_word' id='word_1_408' title='bbox 1029 5295 1092 5334; x_wconf 78' lang='lat' dir='ltr'><strong>ex</strong></span> <span class='ocrx_word' id='word_1_409' title='bbox 1123 5280 1430 5349; x_wconf 85' lang='lat' dir='ltr'><strong>hujusmodi</strong></span> <span class='ocrx_word' id='word_1_410' title='bbox 1466 5280 1653 5334; x_wconf 88' lang='lat' dir='ltr'><strong>mortis</strong></span> <span class='ocrx_word' id='word_1_411' title='bbox 1674 5279 2103 5336; x_wconf 85' lang='lat' dir='ltr'><strong>consideratione</strong></span> <span class='ocrx_word' id='word_1_412' title='bbox 2147 5296 2179 5334; x_wconf 89' lang='lat' dir='ltr'><strong>a</strong></span> 
     </span>
    </p>
   </div>
   <div class='ocr_carea' id='block_1_59' title="bbox 633 5370 2181 5442">
    <p class='ocr_par' dir='ltr' id='par_1_59' title="bbox 633 5370 2181 5442">
     <span class='ocr_line' id='line_1_59' title="bbox 633 5370 2181 5442; baseline 0.003 -17"><span class='ocrx_word' id='word_1_413' title='bbox 633 5371 882 5426; x_wconf 88' lang='lat' dir='ltr'><strong>sensibus</strong></span> <span class='ocrx_word' id='word_1_414' title='bbox 916 5373 1169 5436; x_wconf 83' lang='lat' dir='ltr'><strong>excessit,</strong></span> <span class='ocrx_word' id='word_1_415' title='bbox 1198 5383 1253 5428; x_wconf 88' lang='lat' dir='ltr'><strong>et</strong></span> <span class='ocrx_word' id='word_1_416' title='bbox 1309 5370 1464 5442; x_wconf 88' lang='lat' dir='ltr'><strong>quasi</strong></span> <span class='ocrx_word' id='word_1_417' title='bbox 1539 5371 1779 5428; x_wconf 85' lang='lat' dir='ltr'><strong>defectus</strong></span> <span class='ocrx_word' id='word_1_418' title='bbox 1835 5372 2035 5440; x_wconf 86' lang='lat' dir='ltr'><strong>animo,</strong></span> <span class='ocrx_word' id='word_1_419' title='bbox 2088 5385 2181 5429; x_wconf 86' lang='lat' dir='ltr'><strong>aut</strong></span> 
     </span>
    </p>
   </div>
   <div class='ocr_carea' id='block_1_60' title="bbox 707 5485 1146 5551">
    <p class='ocr_par' dir='ltr' id='par_1_60' title="bbox 707 5485 1146 5551">
     <span class='ocr_line' id='line_1_60' title="bbox 707 5485 1146 5551; baseline 0.007 -12"><span class='ocrx_word' id='word_1_420' title='bbox 707 5490 750 5520; x_wconf 84' lang='grc'><strong>¹⁰</strong></span> <span class='ocrx_word' id='word_1_421' title='bbox 783 5485 925 5542; x_wconf 84' lang='lat' dir='ltr'><strong>Psal.</strong></span> <span class='ocrx_word' id='word_1_422' title='bbox 969 5504 1057 5551; x_wconf 67' lang='grc' dir='ltr'><strong>κν,</strong></span> <span class='ocrx_word' id='word_1_423' title='bbox 1095 5488 1146 5542; x_wconf 89' lang='lat'><strong>8.</strong></span> 
     </span>
    </p>
   </div>
   <div class='ocr_carea' id='block_1_61' title="bbox 703 5579 2181 5653">
    <p class='ocr_par' dir='ltr' id='par_1_61' title="bbox 703 5579 2181 5653">
     <span class='ocr_line' id='line_1_61' title="bbox 703 5579 2181 5653; baseline 0.003 -20"><span class='ocrx_word' id='word_1_424' title='bbox 703 5583 778 5646; x_wconf 74' lang='grc' dir='ltr'>(τι)</span> <span class='ocrx_word' id='word_1_425' title='bbox 818 5581 915 5636; x_wconf 83' lang='lat' dir='ltr'><strong>Ms.</strong></span> <span class='ocrx_word' id='word_1_426' title='bbox 951 5582 1179 5649; x_wconf 85' lang='grc' dir='ltr'>Κροτείν</span> <span class='ocrx_word' id='word_1_427' title='bbox 1218 5579 1320 5634; x_wconf 84' lang='lat' dir='ltr'><strong>Sed</strong></span> <span class='ocrx_word' id='word_1_428' title='bbox 1349 5581 1661 5635; x_wconf 85' lang='lat' dir='ltr'><strong>emendatus</strong></span> <span class='ocrx_word' id='word_1_429' title='bbox 1700 5583 1917 5653; x_wconf 83' lang='grc' dir='ltr'><strong>κρατεῖν</strong></span> <span class='ocrx_word' id='word_1_430' title='bbox 1941 5584 2036 5648; x_wconf 73' lang='grc' dir='ltr'><strong>τὰς</strong></span> <span class='ocrx_word' id='word_1_431' title='bbox 2081 5586 2181 5653; x_wconf 82' lang='grc' dir='ltr'>χεί-</span> 
     </span>
    </p>
   </div>
   <div class='ocr_carea' id='block_1_62' title="bbox 637 5653 2178 5726">
    <p class='ocr_par' dir='ltr' id='par_1_62' title="bbox 637 5653 2178 5726">
     <span class='ocr_line' id='line_1_62' title="bbox 637 5653 2178 5726; baseline 0.006 -26"><span class='ocrx_word' id='word_1_432' title='bbox 637 5668 754 5716; x_wconf 74' lang='grc' dir='ltr'>ρας.</span> <span class='ocrx_word' id='word_1_433' title='bbox 787 5653 1015 5726; x_wconf 71' lang='grc' dir='ltr'>κροτεῖν</span> <span class='ocrx_word' id='word_1_434' title='bbox 1057 5653 1152 5713; x_wconf 83' lang='grc' dir='ltr'><strong>τάς</strong></span> <span class='ocrx_word' id='word_1_435' title='bbox 1190 5653 1373 5726; x_wconf 79' lang='grc' dir='ltr'>χεῖρας</span> <span class='ocrx_word' id='word_1_436' title='bbox 1411 5662 1552 5705; x_wconf 80' lang='lat' dir='ltr'><strong>esset</strong></span> <span class='ocrx_word' id='word_1_437' title='bbox 1598 5668 1790 5708; x_wconf 89' lang='lat' dir='ltr'><strong>manus</strong></span> <span class='ocrx_word' id='word_1_438' title='bbox 1840 5655 2178 5726; x_wconf 86' lang='lat' dir='ltr'><strong>complodere</strong></span> 
     </span>
    </p>
   </div>
   <div class='ocr_carea' id='block_1_63' title="bbox 634 5720 1561 5792">
    <p class='ocr_par' dir='ltr' id='par_1_63' title="bbox 634 5720 1561 5792">
     <span class='ocr_line' id='line_1_63' title="bbox 634 5720 1561 5792; baseline -0.002 -16"><span class='ocrx_word' id='word_1_439' title='bbox 634 5737 727 5776; x_wconf 73' lang='lat' dir='ltr'><strong>seu</strong></span> <span class='ocrx_word' id='word_1_440' title='bbox 759 5720 1048 5792; x_wconf 80' lang='lat' dir='ltr'><strong>complosis</strong></span> <span class='ocrx_word' id='word_1_441' title='bbox 1075 5720 1333 5778; x_wconf 86' lang='lat' dir='ltr'><strong>manibus.</strong></span> <span class='ocrx_word' id='word_1_442' title='bbox 1356 5729 1561 5776; x_wconf 83' lang='lat' dir='ltr'><strong>natare.</strong></span> 
     </span>
    </p>
   </div>
   <div class='ocr_carea' id='block_1_64' title="bbox 2319 591 3868 671">
    <p class='ocr_par' dir='ltr' id='par_1_64' title="bbox 2319 591 3868 671">
     <span class='ocr_line' id='line_1_64' title="bbox 2319 591 3868 671; baseline 0.006 -28"><span class='ocrx_word' id='word_1_443' title='bbox 2319 593 2508 663; x_wconf 77' lang='grc' dir='ltr'>χρόνου</span> <span class='ocrx_word' id='word_1_444' title='bbox 2551 591 2632 663; x_wconf 83' lang='grc' dir='ltr'>τῷ</span> <span class='ocrx_word' id='word_1_445' title='bbox 2685 591 3045 663; x_wconf 74' lang='grc' dir='ltr'><strong>βαπτίσματι,</strong></span> <span class='ocrx_word' id='word_1_446' title='bbox 3099 594 3130 664; x_wconf 77' lang='grc' dir='ltr'>ἢ</span> <span class='ocrx_word' id='word_1_447' title='bbox 3177 597 3243 665; x_wconf 79' lang='grc' dir='ltr'>τῇ</span> <span class='ocrx_word' id='word_1_448' title='bbox 3305 597 3559 668; x_wconf 80' lang='grc' dir='ltr'>μοναδικῇ</span> <span class='ocrx_word' id='word_1_449' title='bbox 3615 599 3868 671; x_wconf 74' lang='grc' dir='ltr'><strong>πολιτείᾳ</strong></span> 
     </span>
    </p>
   </div>
   <div class='ocr_carea' id='block_1_65' title="bbox 2320 684 3866 761">
    <p class='ocr_par' dir='ltr' id='par_1_65' title="bbox 2320 684 3866 761">
     <span class='ocr_line' id='line_1_65' title="bbox 2320 684 3866 761; baseline 0.005 -25"><span class='ocrx_word' id='word_1_450' title='bbox 2320 684 2711 754; x_wconf 83' lang='grc' dir='ltr'>προσέτρεχεν·</span> <span class='ocrx_word' id='word_1_451' title='bbox 2766 685 2980 749; x_wconf 83' lang='grc' dir='ltr'>ἀπάσας</span> <span class='ocrx_word' id='word_1_452' title='bbox 3036 685 3094 738; x_wconf 77' lang='grc' dir='ltr'>δὲ</span> <span class='ocrx_word' id='word_1_453' title='bbox 3148 686 3247 749; x_wconf 80' lang='grc' dir='ltr'><strong>τὰς</strong></span> <span class='ocrx_word' id='word_1_454' title='bbox 3292 687 3483 741; x_wconf 76' lang='grc' dir='ltr'>ἑαυτοῦ</span> <span class='ocrx_word' id='word_1_455' title='bbox 3541 689 3760 761; x_wconf 77' lang='grc' dir='ltr'>ἡμέρας</span> <span class='ocrx_word' id='word_1_456' title='bbox 3807 692 3866 744; x_wconf 80' lang='grc' dir='ltr'>ὲν</span> 
     </span>
    </p>
   </div>
   <div class='ocr_carea' id='block_1_66' title="bbox 2317 775 3866 850">
    <p class='ocr_par' dir='ltr' id='par_1_66' title="bbox 2317 775 3866 850">
     <span class='ocr_line' id='line_1_66' title="bbox 2317 775 3866 850; baseline 0.005 -20"><span class='ocrx_word' id='word_1_457' title='bbox 2317 775 2567 846; x_wconf 86' lang='grc' dir='ltr'>ἀνομίαις</span> <span class='ocrx_word' id='word_1_458' title='bbox 2605 776 2888 849; x_wconf 84' lang='grc' dir='ltr'>διέτριϐεν,</span> <span class='ocrx_word' id='word_1_459' title='bbox 2936 781 3029 832; x_wconf 78' lang='grc' dir='ltr'>καὶ</span> <span class='ocrx_word' id='word_1_460' title='bbox 3078 781 3135 832; x_wconf 80' lang='grc' dir='ltr'>ὲν</span> <span class='ocrx_word' id='word_1_461' title='bbox 3180 779 3316 849; x_wconf 73' lang='grc' dir='ltr'>αὐτῇ</span> <span class='ocrx_word' id='word_1_462' title='bbox 3347 779 3445 850; x_wconf 84' lang='grc' dir='ltr'>τῆς</span> <span class='ocrx_word' id='word_1_463' title='bbox 3472 781 3655 848; x_wconf 79' lang='grc' dir='ltr'><strong>ἐξόδου</strong></span> <span class='ocrx_word' id='word_1_464' title='bbox 3683 785 3768 846; x_wconf 85' lang='grc' dir='ltr'><strong>είς</strong></span> <span class='ocrx_word' id='word_1_465' title='bbox 3803 783 3866 836; x_wconf 77' lang='grc' dir='ltr'>τὸ</span> 
     </span>
    </p>
   </div>
   <div class='ocr_carea' id='block_1_67' title="bbox 2319 868 3861 946">
    <p class='ocr_par' dir='ltr' id='par_1_67' title="bbox 2319 868 3861 946">
     <span class='ocr_line' id='line_1_67' title="bbox 2319 868 3861 946; baseline 0.006 -27"><span class='ocrx_word' id='word_1_466' title='bbox 2319 868 2599 937; x_wconf 83' lang='grc' dir='ltr'>βάπτισμα</span> <span class='ocrx_word' id='word_1_467' title='bbox 2633 870 2725 921; x_wconf 72' lang='grc' dir='ltr'>καὶ</span> <span class='ocrx_word' id='word_1_468' title='bbox 2760 870 2839 933; x_wconf 87' lang='grc' dir='ltr'><strong>είς</strong></span> <span class='ocrx_word' id='word_1_469' title='bbox 2883 869 2980 939; x_wconf 82' lang='grc' dir='ltr'>τὴν</span> <span class='ocrx_word' id='word_1_470' title='bbox 3024 871 3307 940; x_wconf 85' lang='grc' dir='ltr'>μετάνοιαν</span> <span class='ocrx_word' id='word_1_471' title='bbox 3335 875 3692 944; x_wconf 83' lang='grc' dir='ltr'>προσήρχιτο.</span> <span class='ocrx_word' id='word_1_472' title='bbox 3738 875 3861 946; x_wconf 80' lang='grc' dir='ltr'><strong>Μη-</strong></span> 
     </span>
    </p>
   </div>
   <div class='ocr_carea' id='block_1_68' title="bbox 2316 959 3862 1034">
    <p class='ocr_par' dir='ltr' id='par_1_68' title="bbox 2316 959 3862 1034">
     <span class='ocr_line' id='line_1_68' title="bbox 2316 959 3862 1034; baseline 0.004 -22"><span class='ocrx_word' id='word_1_473' title='bbox 2316 960 2506 1013; x_wconf 82' lang='grc' dir='ltr'>δέποτε</span> <span class='ocrx_word' id='word_1_474' title='bbox 2551 959 2759 1014; x_wconf 78' lang='grc' dir='ltr'><strong>πενθῶν</strong></span> <span class='ocrx_word' id='word_1_475' title='bbox 2800 960 3052 1033; x_wconf 77' lang='grc' dir='ltr'><strong>ἀποδέξῃ,</strong></span> <span class='ocrx_word' id='word_1_476' title='bbox 3101 963 3193 1015; x_wconf 77' lang='grc' dir='ltr'>τὸν</span> <span class='ocrx_word' id='word_1_477' title='bbox 3237 963 3372 1016; x_wconf 83' lang='grc' dir='ltr'><strong>κύνα</strong></span> <span class='ocrx_word' id='word_1_478' title='bbox 3413 965 3616 1019; x_wconf 74' lang='grc' dir='ltr'>ἐκεῖνον</span> <span class='ocrx_word' id='word_1_479' title='bbox 3646 966 3741 1020; x_wconf 71' lang='grc' dir='ltr'>τὸν</span> <span class='ocrx_word' id='word_1_480' title='bbox 3771 984 3862 1034; x_wconf 78' lang='grc' dir='ltr'>φι-</span> 
     </span>
    </p>
   </div>
   <div class='ocr_carea' id='block_1_69' title="bbox 2316 1050 3861 1129">
    <p class='ocr_par' dir='ltr' id='par_1_69' title="bbox 2316 1050 3861 1129">
     <span class='ocr_line' id='line_1_69' title="bbox 2316 1050 3861 1129; baseline 0.006 -26"><span class='ocrx_word' id='word_1_481' title='bbox 2316 1050 2630 1122; x_wconf 85' lang='grc' dir='ltr'>λάνθρωπόν</span> <span class='ocrx_word' id='word_1_482' title='bbox 2677 1069 2756 1104; x_wconf 87' lang='grc' dir='ltr'><strong>σοι</strong></span> <span class='ocrx_word' id='word_1_483' title='bbox 2803 1053 2892 1105; x_wconf 72' lang='grc' dir='ltr'>τὸν</span> <span class='ocrx_word' id='word_1_484' title='bbox 2921 1052 3051 1106; x_wconf 77' lang='grc' dir='ltr'>Θεὸν</span> <span class='ocrx_word' id='word_1_485' title='bbox 3099 1054 3487 1109; x_wconf 83' lang='grc' dir='ltr'>ὑποϐάλλοντα·</span> <span class='ocrx_word' id='word_1_486' title='bbox 3523 1057 3723 1122; x_wconf 76' lang='grc' dir='ltr'>σκοπὸς</span> <span class='ocrx_word' id='word_1_487' title='bbox 3754 1058 3861 1129; x_wconf 75' lang='grc' dir='ltr'><strong>γάρ</strong></span> 
     </span>
    </p>
   </div>
   <div class='ocr_carea' id='block_1_70' title="bbox 2315 1141 3860 1215">
    <p class='ocr_par' dir='ltr' id='par_1_70' title="bbox 2315 1141 3860 1215">
     <span class='ocr_line' id='line_1_70' title="bbox 2315 1141 3860 1215; baseline 0.001 -17"><span class='ocrx_word' id='word_1_488' title='bbox 2315 1143 2486 1212; x_wconf 79' lang='grc' dir='ltr'>αὐτῷ,</span> <span class='ocrx_word' id='word_1_489' title='bbox 2527 1141 2588 1194; x_wconf 81' lang='grc' dir='ltr'>τὸ</span> <span class='ocrx_word' id='word_1_490' title='bbox 2615 1142 2824 1208; x_wconf 79' lang='grc' dir='ltr'><strong>πένθος,</strong></span> <span class='ocrx_word' id='word_1_491' title='bbox 2867 1145 2962 1197; x_wconf 71' lang='grc' dir='ltr'>καὶ</span> <span class='ocrx_word' id='word_1_492' title='bbox 2995 1144 3086 1197; x_wconf 78' lang='grc' dir='ltr'>τὸν</span> <span class='ocrx_word' id='word_1_493' title='bbox 3122 1144 3282 1212; x_wconf 76' lang='grc' dir='ltr'>φόϐον</span> <span class='ocrx_word' id='word_1_494' title='bbox 3310 1147 3399 1201; x_wconf 79' lang='grc' dir='ltr'><strong>τὸν</strong></span> <span class='ocrx_word' id='word_1_495' title='bbox 3433 1146 3631 1215; x_wconf 64' lang='grc' dir='ltr'>ἄφοϐον</span> <span class='ocrx_word' id='word_1_496' title='bbox 3663 1148 3730 1200; x_wconf 86' lang='grc' dir='ltr'>ὲκ</span> <span class='ocrx_word' id='word_1_497' title='bbox 3767 1147 3860 1200; x_wconf 89' lang='grc' dir='ltr'><strong>σοῦ</strong></span> 
     </span>
    </p>
   </div>
   <div class='ocr_carea' id='block_1_71' title="bbox 2315 1233 3861 1311">
    <p class='ocr_par' dir='ltr' id='par_1_71' title="bbox 2315 1233 3861 1311">
     <span class='ocr_line' id='line_1_71' title="bbox 2315 1233 3861 1311; baseline 0.003 -25"><span class='ocrx_word' id='word_1_498' title='bbox 2315 1233 2666 1299; x_wconf 79' lang='grc' dir='ltr'>ὲξεὼσασθαι,</span> <span class='ocrx_word' id='word_1_499' title='bbox 2699 1236 2747 1286; x_wconf 89' lang='grc' dir='ltr'><strong>εί</strong></span> <span class='ocrx_word' id='word_1_500' title='bbox 2779 1237 2851 1306; x_wconf 82' lang='grc' dir='ltr'><strong>μή</strong></span> <span class='ocrx_word' id='word_1_501' title='bbox 2896 1253 2947 1288; x_wconf 91' lang='grc' dir='ltr'><strong>τι</strong></span> <span class='ocrx_word' id='word_1_502' title='bbox 2980 1236 3045 1289; x_wconf 84' lang='grc' dir='ltr'>ἂν</span> <span class='ocrx_word' id='word_1_503' title='bbox 3071 1236 3148 1299; x_wconf 84' lang='grc' dir='ltr'><strong>είς</strong></span> <span class='ocrx_word' id='word_1_504' title='bbox 3175 1236 3395 1307; x_wconf 81' lang='grc' dir='ltr'>βαθεῖαν</span> <span class='ocrx_word' id='word_1_505' title='bbox 3437 1238 3747 1307; x_wconf 81' lang='grc' dir='ltr'>ἀπόγνωσιν</span> <span class='ocrx_word' id='word_1_506' title='bbox 3779 1241 3861 1311; x_wconf 76' lang='grc' dir='ltr'><strong>ιδῃ</strong></span> 
     </span>
    </p>
   </div>
   <div class='ocr_carea' id='block_1_72' title="bbox 2315 1325 3861 1396">
    <p class='ocr_par' dir='ltr' id='par_1_72' title="bbox 2315 1325 3861 1396">
     <span class='ocr_line' id='line_1_72' title="bbox 2315 1325 3861 1396; baseline 0.001 -19"><span class='ocrx_word' id='word_1_507' title='bbox 2315 1325 2539 1379; x_wconf 85' lang='grc' dir='ltr'>σεαυτὸν</span> <span class='ocrx_word' id='word_1_508' title='bbox 2587 1326 3051 1396; x_wconf 76' lang='grc' dir='ltr'>κατασυρόμενονο</span> <span class='ocrx_word' id='word_1_509' title='bbox 3114 1327 3143 1380; x_wconf 86' lang='grc' dir='ltr'><strong>ό</strong></span> <span class='ocrx_word' id='word_1_510' title='bbox 3192 1327 3408 1396; x_wconf 78' lang='grc' dir='ltr'><strong>μνήμην</strong></span> <span class='ocrx_word' id='word_1_511' title='bbox 3452 1327 3718 1390; x_wconf 85' lang='grc' dir='ltr'>θανάτου,</span> <span class='ocrx_word' id='word_1_512' title='bbox 3768 1327 3861 1380; x_wconf 85' lang='grc' dir='ltr'>καὶ</span> 
     </span>
    </p>
   </div>
   <div class='ocr_carea' id='block_1_73' title="bbox 2314 1401 3862 1486">
    <p class='ocr_par' dir='ltr' id='par_1_73' title="bbox 2314 1401 3862 1486">
     <span class='ocr_line' id='line_1_73' title="bbox 2314 1401 3862 1486; baseline -0.001 -17"><span class='ocrx_word' id='word_1_513' title='bbox 2314 1417 2542 1486; x_wconf 85' lang='grc' dir='ltr'>κρίσεως</span> <span class='ocrx_word' id='word_1_514' title='bbox 2570 1414 2703 1468; x_wconf 85' lang='grc' dir='ltr'>Θεοῦ</span> <span class='ocrx_word' id='word_1_515' title='bbox 2731 1415 2788 1468; x_wconf 84' lang='grc' dir='ltr'>ὲν</span> <span class='ocrx_word' id='word_1_516' title='bbox 2832 1407 3006 1484; x_wconf 76' lang='grc' dir='ltr'>ἐαυτῷ</span> <span class='ocrx_word' id='word_1_517' title='bbox 3044 1414 3131 1468; x_wconf 82' lang='grc' dir='ltr'><strong>διὰ</strong></span> <span class='ocrx_word' id='word_1_518' title='bbox 3158 1401 3354 1478; x_wconf 77' lang='grc' dir='ltr'>παντὸς</span> <span class='ocrx_word' id='word_1_519' title='bbox 3395 1415 3638 1486; x_wconf 77' lang='grc' dir='ltr'><strong>κατέχειν</strong></span> <span class='ocrx_word' id='word_1_520' title='bbox 3671 1415 3862 1486; x_wconf 87' lang='grc' dir='ltr'><strong>βουλό⁶</strong></span> 
     </span>
    </p>
   </div>
   <div class='ocr_carea' id='block_1_74' title="bbox 2318 1503 3862 1578">
    <p class='ocr_par' dir='ltr' id='par_1_74' title="bbox 2318 1503 3862 1578">
     <span class='ocr_line' id='line_1_74' title="bbox 2318 1503 3862 1578; baseline -0.001 -20"><span class='ocrx_word' id='word_1_521' title='bbox 2318 1523 2497 1574; x_wconf 84' lang='grc' dir='ltr'>μενος,</span> <span class='ocrx_word' id='word_1_522' title='bbox 2521 1504 2614 1558; x_wconf 79' lang='grc' dir='ltr'>καὶ</span> <span class='ocrx_word' id='word_1_523' title='bbox 2641 1504 2881 1573; x_wconf 81' lang='grc' dir='ltr'>φροντίσι</span> <span class='ocrx_word' id='word_1_524' title='bbox 2905 1503 2997 1557; x_wconf 75' lang='grc' dir='ltr'><strong>καὶ</strong></span> <span class='ocrx_word' id='word_1_525' title='bbox 3024 1505 3417 1574; x_wconf 82' lang='grc' dir='ltr'>περισπασμοῖς</span> <span class='ocrx_word' id='word_1_526' title='bbox 3443 1503 3642 1578; x_wconf 77' lang='grc' dir='ltr'>ὑλικρῖς</span> <span class='ocrx_word' id='word_1_527' title='bbox 3669 1503 3862 1557; x_wconf 77' lang='grc' dir='ltr'>ἑαυτὸν</span> 
     </span>
    </p>
   </div>
   <div class='ocr_carea' id='block_1_75' title="bbox 2313 1594 3860 1666">
    <p class='ocr_par' dir='ltr' id='par_1_75' title="bbox 2313 1594 3860 1666">
     <span class='ocr_line' id='line_1_75' title="bbox 2313 1594 3860 1666; baseline -0.001 -16"><span class='ocrx_word' id='word_1_528' title='bbox 2313 1599 2570 1662; x_wconf 73' lang='grc' dir='ltr'>ἐκδιδοὺς,</span> <span class='ocrx_word' id='word_1_529' title='bbox 2615 1596 2796 1666; x_wconf 83' lang='grc' dir='ltr'>ὅμοιός</span> <span class='ocrx_word' id='word_1_530' title='bbox 2821 1597 2935 1650; x_wconf 80' lang='grc' dir='ltr'>ἐστι</span> <span class='ocrx_word' id='word_1_531' title='bbox 2961 1594 3038 1666; x_wconf 86' lang='grc' dir='ltr'>τῷ</span> <span class='ocrx_word' id='word_1_532' title='bbox 3077 1596 3378 1666; x_wconf 83' lang='grc' dir='ltr'>νηχομένῳ,</span> <span class='ocrx_word' id='word_1_533' title='bbox 3406 1595 3499 1649; x_wconf 79' lang='grc' dir='ltr'>καὶ</span> <span class='ocrx_word' id='word_1_534' title='bbox 3537 1596 3635 1658; x_wconf 65' lang='grc' dir='ltr'><strong>τὰς</strong></span> <span class='ocrx_word' id='word_1_535' title='bbox 3663 1594 3860 1649; x_wconf 79' lang='grc' dir='ltr'>ἑαυτοῦ</span> 
     </span>
    </p>
   </div>
   <div class='ocr_carea' id='block_1_76' title="bbox 2315 1673 3859 1760">
    <p class='ocr_par' dir='ltr' id='par_1_76' title="bbox 2315 1673 3859 1760">
     <span class='ocr_line' id='line_1_76' title="bbox 2315 1673 3859 1760; baseline -0.003 -18"><span class='ocrx_word' id='word_1_536' title='bbox 2315 1691 2498 1760; x_wconf 84' lang='grc' dir='ltr'>χεῖρας</span> <span class='ocrx_word' id='word_1_537' title='bbox 2565 1690 2784 1760; x_wconf 80' lang='grc' dir='ltr'>κρατεῖν</span> <span class='ocrx_word' id='word_1_538' title='bbox 2847 1688 2922 1750; x_wconf 78' lang='lat' dir='ltr'><strong>(al</strong></span> <span class='ocrx_word' id='word_1_539' title='bbox 2980 1686 3302 1758; x_wconf 82' lang='grc' dir='ltr'>βουλομένῳ.</span> <span class='ocrx_word' id='word_1_540' title='bbox 3358 1687 3561 1756; x_wconf 85' lang='grc' dir='ltr'>Μνήμη</span> <span class='ocrx_word' id='word_1_541' title='bbox 3627 1673 3859 1740; x_wconf 66' lang='grc' dir='ltr'>θανάτου</span> 
     </span>
    </p>
   </div>
   <div class='ocr_carea' id='block_1_77' title="bbox 2248 1776 3859 1880">
    <p class='ocr_par' dir='ltr' id='par_1_77' title="bbox 2248 1776 3859 1880">
     <span class='ocr_line' id='line_1_77' title="bbox 2248 1776 3859 1880; baseline -0.004 -45"><span class='ocrx_word' id='word_1_542' title='bbox 2248 1825 2288 1880; x_wconf 65' lang='grc' dir='ltr'><strong>Β</strong></span> <span class='ocrx_word' id='word_1_543' title='bbox 2315 1782 2544 1853; x_wconf 81' lang='grc' dir='ltr'>ἐναργὴς</span> <span class='ocrx_word' id='word_1_544' title='bbox 2571 1779 2861 1851; x_wconf 61' lang='grc' dir='ltr'>περιέκοψε</span> <span class='ocrx_word' id='word_1_545' title='bbox 2905 1779 3196 1880; x_wconf 74' lang='grc' dir='ltr'>βρώματα,</span> <span class='ocrx_word' id='word_1_546' title='bbox 3235 1777 3534 1880; x_wconf 63' lang='grc' dir='ltr'>βρωμάτων</span> <span class='ocrx_word' id='word_1_547' title='bbox 3549 1776 3636 1880; x_wconf 65' lang='grc' dir='ltr'><strong>-δὲ</strong></span> <span class='ocrx_word' id='word_1_548' title='bbox 3761 1795 3859 1880; x_wconf 73' lang='grc' dir='ltr'>τα-</span> 
     </span>
    </p>
   </div>
   <div class='ocr_carea' id='block_1_78' title="bbox 2315 1869 3859 1941">
    <p class='ocr_par' dir='ltr' id='par_1_78' title="bbox 2315 1869 3859 1941">
     <span class='ocr_line' id='line_1_78' title="bbox 2315 1869 3859 1941; baseline -0.003 -15"><span class='ocrx_word' id='word_1_549' title='bbox 2315 1874 2565 1926; x_wconf 84' lang='grc' dir='ltr'>πεινώσει</span> <span class='ocrx_word' id='word_1_550' title='bbox 2595 1873 2864 1924; x_wconf 77' lang='grc' dir='ltr'>κοπέντων</span> <span class='ocrx_word' id='word_1_551' title='bbox 2895 1870 3323 1941; x_wconf 84' lang='grc' dir='ltr'>συνεξεκόπησαν</span> <span class='ocrx_word' id='word_1_552' title='bbox 3351 1869 3496 1940; x_wconf 85' lang='grc' dir='ltr'>πάθη</span> <span class='ocrx_word' id='word_1_553' title='bbox 3527 1869 3626 1940; x_wconf 63' lang='grc' dir='ltr'><strong>ᾧ).</strong></span> <span class='ocrx_word' id='word_1_554' title='bbox 3675 1869 3859 1922; x_wconf 82' lang='grc' dir='ltr'>Ἀναλ-</span> 
     </span>
    </p>
   </div>
   <div class='ocr_carea' id='block_1_79' title="bbox 2311 1960 3859 2032">
    <p class='ocr_par' dir='ltr' id='par_1_79' title="bbox 2311 1960 3859 2032">
     <span class='ocr_line' id='line_1_79' title="bbox 2311 1960 3859 2032; baseline -0.003 -16"><span class='ocrx_word' id='word_1_555' title='bbox 2311 1963 2474 2031; x_wconf 88' lang='grc' dir='ltr'>γησία</span> <span class='ocrx_word' id='word_1_556' title='bbox 2499 1961 2720 2032; x_wconf 78' lang='grc' dir='ltr'>καρδίας</span> <span class='ocrx_word' id='word_1_557' title='bbox 2767 1961 3021 2032; x_wconf 82' lang='grc' dir='ltr'>ὲπώρωσε</span> <span class='ocrx_word' id='word_1_558' title='bbox 3050 1961 3194 2027; x_wconf 91' lang='grc' dir='ltr'>νοῦν,</span> <span class='ocrx_word' id='word_1_559' title='bbox 3227 1960 3525 2032; x_wconf 76' lang='grc' dir='ltr'>βρωμάτων</span> <span class='ocrx_word' id='word_1_560' title='bbox 3562 1961 3616 2013; x_wconf 83' lang='grc' dir='ltr'>δὲ</span> <span class='ocrx_word' id='word_1_561' title='bbox 3640 1960 3859 2030; x_wconf 77' lang='grc' dir='ltr'>Ιπλῆθος</span> 
     </span>
    </p>
   </div>
   <div class='ocr_carea' id='block_1_80' title="bbox 2309 2042 3856 2128">
    <p class='ocr_par' dir='ltr' id='par_1_80' title="bbox 2309 2042 3856 2128">
     <span class='ocr_line' id='line_1_80' title="bbox 2309 2042 3856 2128; baseline -0.005 -17"><span class='ocrx_word' id='word_1_562' title='bbox 2309 2042 2536 2128; x_wconf 70' lang='grc' dir='ltr'>ἐξήρανε</span> <span class='ocrx_word' id='word_1_563' title='bbox 2580 2057 2759 2126; x_wconf 86' lang='grc' dir='ltr'>πηγάς</span> <span class='ocrx_word' id='word_1_564' title='bbox 2779 2073 2793 2086; x_wconf 77' lang='grc' dir='ltr'><strong>ο</strong></span> <span class='ocrx_word' id='word_1_565' title='bbox 2831 2055 2959 2125; x_wconf 75' lang='grc' dir='ltr'>δίψα</span> <span class='ocrx_word' id='word_1_566' title='bbox 2988 2055 3081 2108; x_wconf 76' lang='grc' dir='ltr'>καὶ</span> <span class='ocrx_word' id='word_1_567' title='bbox 3106 2055 3377 2124; x_wconf 78' lang='grc' dir='ltr'>ἀγρυπνία</span> <span class='ocrx_word' id='word_1_568' title='bbox 3407 2052 3688 2122; x_wconf 76' lang='grc' dir='ltr'>ὲξὲθλιψαν</span> <span class='ocrx_word' id='word_1_569' title='bbox 3721 2068 3856 2122; x_wconf 76' lang='grc' dir='ltr'>καρο</span> 
     </span>
    </p>
   </div>
   <div class='ocr_carea' id='block_1_81' title="bbox 2308 2144 3853 2225">
    <p class='ocr_par' dir='ltr' id='par_1_81' title="bbox 2308 2144 3853 2225">
     <span class='ocr_line' id='line_1_81' title="bbox 2308 2144 3853 2225; baseline -0.005 -19"><span class='ocrx_word' id='word_1_570' title='bbox 2308 2153 2462 2206; x_wconf 85' lang='grc' dir='ltr'>δίαν·</span> <span class='ocrx_word' id='word_1_571' title='bbox 2499 2151 2719 2222; x_wconf 85' lang='grc' dir='ltr'>καρδίας</span> <span class='ocrx_word' id='word_1_572' title='bbox 2763 2152 2818 2204; x_wconf 73' lang='grc' dir='ltr'>δὲ</span> <span class='ocrx_word' id='word_1_573' title='bbox 2859 2149 3115 2225; x_wconf 81' lang='grc' dir='ltr'>θλιϐήσης</span> <span class='ocrx_word' id='word_1_574' title='bbox 3145 2148 3496 2218; x_wconf 87' lang='grc' dir='ltr'>ἀπεπήδησαν</span> <span class='ocrx_word' id='word_1_575' title='bbox 3539 2147 3708 2200; x_wconf 83' lang='grc' dir='ltr'>ῦδατα</span> <span class='ocrx_word' id='word_1_576' title='bbox 3754 2144 3853 2214; x_wconf 74' lang='grc'><strong>(4).</strong></span> 
     </span>
    </p>
   </div>
   <div class='ocr_carea' id='block_1_82' title="bbox 2310 2228 3855 2316">
    <p class='ocr_par' dir='ltr' id='par_1_82' title="bbox 2310 2228 3855 2316">
     <span class='ocr_line' id='line_1_82' title="bbox 2310 2228 3855 2316; baseline -0.006 -18"><span class='ocrx_word' id='word_1_577' title='bbox 2310 2244 2530 2316; x_wconf 73' lang='grc' dir='ltr'>Σκληρὰ</span> <span class='ocrx_word' id='word_1_578' title='bbox 2561 2244 2657 2314; x_wconf 82' lang='grc' dir='ltr'>μὲν</span> <span class='ocrx_word' id='word_1_579' title='bbox 2702 2242 3149 2312; x_wconf 80' lang='grc' dir='ltr'>γαστριμάργοις,</span> <span class='ocrx_word' id='word_1_580' title='bbox 3177 2241 3380 2295; x_wconf 82' lang='grc' dir='ltr'>ἄπιστα</span> <span class='ocrx_word' id='word_1_581' title='bbox 3401 2238 3456 2308; x_wconf 82' lang='grc' dir='ltr'>δὲ</span> <span class='ocrx_word' id='word_1_582' title='bbox 3495 2228 3762 2308; x_wconf 71' lang='grc' dir='ltr'>ῥαθύμοις</span> <span class='ocrx_word' id='word_1_583' title='bbox 3787 2234 3855 2289; x_wconf 83' lang='grc' dir='ltr'><strong>τά</strong></span> 
     </span>
    </p>
   </div>
   <div class='ocr_carea' id='block_1_83' title="bbox 2309 2327 3852 2408">
    <p class='ocr_par' dir='ltr' id='par_1_83' title="bbox 2309 2327 3852 2408">
     <span class='ocr_line' id='line_1_83' title="bbox 2309 2327 3852 2408; baseline -0.006 -19"><span class='ocrx_word' id='word_1_584' title='bbox 2309 2337 2592 2408; x_wconf 79' lang='grc' dir='ltr'>εἰρημένα.</span> <span class='ocrx_word' id='word_1_585' title='bbox 2629 2334 2790 2404; x_wconf 82' lang='grc' dir='ltr'>Ἀνὴρ</span> <span class='ocrx_word' id='word_1_586' title='bbox 2813 2333 2868 2386; x_wconf 82' lang='grc' dir='ltr'>δὲ</span> <span class='ocrx_word' id='word_1_587' title='bbox 2897 2332 3191 2401; x_wconf 73' lang='grc' dir='ltr'>πρακτικὸς</span> <span class='ocrx_word' id='word_1_588' title='bbox 3217 2331 3496 2400; x_wconf 80' lang='grc' dir='ltr'>δοκιμάσει</span> <span class='ocrx_word' id='word_1_589' title='bbox 3525 2327 3852 2399; x_wconf 80' lang='grc' dir='ltr'>προθύμως·</span> 
     </span>
    </p>
   </div>
   <div class='ocr_carea' id='block_1_84' title="bbox 2307 2419 3853 2499">
    <p class='ocr_par' dir='ltr' id='par_1_84' title="bbox 2307 2419 3853 2499">
     <span class='ocr_line' id='line_1_84' title="bbox 2307 2419 3853 2499; baseline -0.007 -18"><span class='ocrx_word' id='word_1_590' title='bbox 2307 2431 2336 2482; x_wconf 86' lang='grc' dir='ltr'><strong>ό</strong></span> <span class='ocrx_word' id='word_1_591' title='bbox 2374 2430 2537 2499; x_wconf 73' lang='grc' dir='ltr'>πείρᾳ</span> <span class='ocrx_word' id='word_1_592' title='bbox 2569 2425 2813 2496; x_wconf 83' lang='grc' dir='ltr'>εὑρηκὼς</span> <span class='ocrx_word' id='word_1_593' title='bbox 2857 2425 3103 2496; x_wconf 88' lang='grc' dir='ltr'>μηδιάσει</span> <span class='ocrx_word' id='word_1_594' title='bbox 3135 2425 3227 2477; x_wconf 76' lang='grc' dir='ltr'><strong>ἐπὶ</strong></span> <span class='ocrx_word' id='word_1_595' title='bbox 3253 2422 3461 2485; x_wconf 82' lang='grc' dir='ltr'>τούτοις</span> <span class='ocrx_word' id='word_1_596' title='bbox 3479 2436 3496 2453; x_wconf 77' lang='grc' dir='ltr'><strong>ο</strong></span> <span class='ocrx_word' id='word_1_597' title='bbox 3526 2422 3554 2473; x_wconf 84' lang='grc' dir='ltr'><strong>ό</strong></span> <span class='ocrx_word' id='word_1_598' title='bbox 3577 2420 3631 2473; x_wconf 77' lang='grc' dir='ltr'>δὲ</span> <span class='ocrx_word' id='word_1_599' title='bbox 3661 2419 3853 2488; x_wconf 81' lang='grc' dir='ltr'>ἐπιζη-</span> 
     </span>
    </p>
   </div>
   <div class='ocr_carea' id='block_1_85' title="bbox 2307 2509 3855 2588">
    <p class='ocr_par' dir='ltr' id='par_1_85' title="bbox 2307 2509 3855 2588">
     <span class='ocr_line' id='line_1_85' title="bbox 2307 2509 3855 2588; baseline -0.007 -15"><span class='ocrx_word' id='word_1_600' title='bbox 2307 2521 2433 2584; x_wconf 85' lang='grc' dir='ltr'><strong>τῶν,</strong></span> <span class='ocrx_word' id='word_1_601' title='bbox 2465 2518 2906 2588; x_wconf 77' lang='grc' dir='ltr'>σκυθρωπότερος</span> <span class='ocrx_word' id='word_1_602' title='bbox 2932 2516 3100 2570; x_wconf 83' lang='grc' dir='ltr'>εσται.</span> <span class='ocrx_word' id='word_1_603' title='bbox 3132 2515 3340 2584; x_wconf 83' lang='grc' dir='ltr'>Ὠσπερ</span> <span class='ocrx_word' id='word_1_604' title='bbox 3365 2512 3463 2583; x_wconf 76' lang='grc' dir='ltr'><strong>τήν</strong></span> <span class='ocrx_word' id='word_1_605' title='bbox 3491 2510 3701 2565; x_wconf 84' lang='grc' dir='ltr'>τελείαν</span> <span class='ocrx_word' id='word_1_606' title='bbox 3725 2509 3855 2578; x_wconf 85' lang='grc' dir='ltr'>ἀγά-</span> 
     </span>
    </p>
   </div>
   <div class='ocr_carea' id='block_1_86' title="bbox 2307 2591 3854 2681">
    <p class='ocr_par' dir='ltr' id='par_1_86' title="bbox 2307 2591 3854 2681">
     <span class='ocr_line' id='line_1_86' title="bbox 2307 2591 3854 2681; baseline -0.008 -18"><span class='ocrx_word' id='word_1_607' title='bbox 2307 2627 2416 2681; x_wconf 83' lang='grc' dir='ltr'><strong>πην</strong></span> <span class='ocrx_word' id='word_1_608' title='bbox 2437 2612 2485 2662; x_wconf 90' lang='grc' dir='ltr'>οἱ</span> <span class='ocrx_word' id='word_1_609' title='bbox 2507 2591 2744 2679; x_wconf 83' lang='grc' dir='ltr'>Πατέρες</span> <span class='ocrx_word' id='word_1_610' title='bbox 2765 2606 3009 2660; x_wconf 76' lang='grc' dir='ltr'>ἄπτωτον</span> <span class='ocrx_word' id='word_1_611' title='bbox 3029 2601 3162 2658; x_wconf 75' lang='grc' dir='ltr'>εἶναι</span> <span class='ocrx_word' id='word_1_612' title='bbox 3180 2604 3470 2674; x_wconf 73' lang='grc' dir='ltr'>ὁρίζονται,</span> <span class='ocrx_word' id='word_1_613' title='bbox 3491 2599 3660 2662; x_wconf 77' lang='grc' dir='ltr'>οὕτως</span> <span class='ocrx_word' id='word_1_614' title='bbox 3681 2599 3854 2667; x_wconf 72' lang='grc' dir='ltr'>ἔγωγε</span> 
     </span>
    </p>
   </div>
   <div class='ocr_carea' id='block_1_87' title="bbox 2305 2689 3852 2772">
    <p class='ocr_par' dir='ltr' id='par_1_87' title="bbox 2305 2689 3852 2772">
     <span class='ocr_line' id='line_1_87' title="bbox 2305 2689 3852 2772; baseline -0.006 -18"><span class='ocrx_word' id='word_1_615' title='bbox 2305 2702 2403 2772; x_wconf 80' lang='grc' dir='ltr'>τὴν</span> <span class='ocrx_word' id='word_1_616' title='bbox 2435 2701 2642 2754; x_wconf 87' lang='grc' dir='ltr'>τελείαν</span> <span class='ocrx_word' id='word_1_617' title='bbox 2667 2698 2758 2751; x_wconf 89' lang='grc' dir='ltr'><strong>τοῦ</strong></span> <span class='ocrx_word' id='word_1_618' title='bbox 2796 2698 3022 2751; x_wconf 90' lang='grc' dir='ltr'>θανάτου</span> <span class='ocrx_word' id='word_1_619' title='bbox 3057 2694 3302 2765; x_wconf 74' lang='grc' dir='ltr'>αἴσθησιν</span> <span class='ocrx_word' id='word_1_620' title='bbox 3334 2693 3532 2763; x_wconf 75' lang='grc' dir='ltr'>ἄφοϐον</span> <span class='ocrx_word' id='word_1_621' title='bbox 3554 2689 3852 2746; x_wconf 74' lang='grc' dir='ltr'>εἷναι-ἀπο-</span> 
     </span>
    </p>
   </div>
   <div class='ocr_carea' id='block_1_88' title="bbox 2306 2783 3850 2863">
    <p class='ocr_par' dir='ltr' id='par_1_88' title="bbox 2306 2783 3850 2863">
     <span class='ocr_line' id='line_1_88' title="bbox 2306 2783 3850 2863; baseline -0.007 -17"><span class='ocrx_word' id='word_1_622' title='bbox 2306 2794 2591 2863; x_wconf 81' lang='grc' dir='ltr'>φαίνομαι·</span> <span class='ocrx_word' id='word_1_623' title='bbox 2643 2791 2826 2844; x_wconf 60' lang='grc' dir='ltr'><strong>πολλαὶ⁵</strong></span> <span class='ocrx_word' id='word_1_624' title='bbox 2875 2790 2970 2861; x_wconf 81' lang='grc' dir='ltr'>μὲν</span> <span class='ocrx_word' id='word_1_625' title='bbox 3009 2787 3103 2844; x_wconf 89' lang='grc' dir='ltr'><strong>τοῦ</strong></span> <span class='ocrx_word' id='word_1_626' title='bbox 3150 2788 3266 2852; x_wconf 78' lang='grc' dir='ltr'>νοὸς</span> <span class='ocrx_word' id='word_1_627' title='bbox 3301 2787 3394 2841; x_wconf 88' lang='grc' dir='ltr'><strong>τοῦ</strong></span> <span class='ocrx_word' id='word_1_628' title='bbox 3445 2783 3752 2859; x_wconf 86' lang='grc' dir='ltr'>πρακτικοῦ</span> <span class='ocrx_word' id='word_1_629' title='bbox 3796 2783 3850 2836; x_wconf 77' lang='grc' dir='ltr'>αἱ</span> 
     </span>
    </p>
   </div>
   <div class='ocr_carea' id='block_1_89' title="bbox 2303 2875 3848 2957">
    <p class='ocr_par' dir='ltr' id='par_1_89' title="bbox 2303 2875 3848 2957">
     <span class='ocr_line' id='line_1_89' title="bbox 2303 2875 3848 2957; baseline -0.006 -19"><span class='ocrx_word' id='word_1_630' title='bbox 2303 2886 2556 2957; x_wconf 77' lang='grc' dir='ltr'>ἐργασίαι</span> <span class='ocrx_word' id='word_1_631' title='bbox 2579 2900 2595 2916; x_wconf 75' lang='grc' dir='ltr'><strong>ο</strong></span> <span class='ocrx_word' id='word_1_632' title='bbox 2643 2883 2784 2951; x_wconf 83' lang='grc' dir='ltr'>λέγω</span> <span class='ocrx_word' id='word_1_633' title='bbox 2815 2883 2870 2936; x_wconf 76' lang='grc' dir='ltr'>δὲ</span> <span class='ocrx_word' id='word_1_634' title='bbox 2911 2882 3085 2936; x_wconf 79' lang='grc' dir='ltr'>ἔννοια</span> <span class='ocrx_word' id='word_1_635' title='bbox 3113 2881 3350 2952; x_wconf 80' lang='grc' dir='ltr'>ἀγάπης,</span> <span class='ocrx_word' id='word_1_636' title='bbox 3380 2880 3479 2949; x_wconf 86' lang='grc' dir='ltr'>τῆς</span> <span class='ocrx_word' id='word_1_637' title='bbox 3524 2878 3660 2948; x_wconf 76' lang='grc' dir='ltr'>πρὸς</span> <span class='ocrx_word' id='word_1_638' title='bbox 3685 2875 3848 2931; x_wconf 67' lang='grc' dir='ltr'>Θεόψ</span> 
     </span>
    </p>
   </div>
   <div class='ocr_carea' id='block_1_90' title="bbox 2307 2970 3847 3050">
    <p class='ocr_par' dir='ltr' id='par_1_90' title="bbox 2307 2970 3847 3050">
     <span class='ocr_line' id='line_1_90' title="bbox 2307 2970 3847 3050; baseline -0.006 -17"><span class='ocrx_word' id='word_1_639' title='bbox 2307 2980 2524 3050; x_wconf 87' lang='grc' dir='ltr'>μνήμης</span> <span class='ocrx_word' id='word_1_640' title='bbox 2553 2977 2804 3040; x_wconf 81' lang='grc' dir='ltr'>θανάτου,</span> <span class='ocrx_word' id='word_1_641' title='bbox 2839 2977 3055 3048; x_wconf 77' lang='grc' dir='ltr'>μνήμης</span> <span class='ocrx_word' id='word_1_642' title='bbox 3102 2974 3258 3035; x_wconf 88' lang='grc' dir='ltr'>Θεοῦ.</span> <span class='ocrx_word' id='word_1_643' title='bbox 3290 2975 3507 3045; x_wconf 79' lang='grc' dir='ltr'>μνήμης</span> <span class='ocrx_word' id='word_1_644' title='bbox 3553 2970 3847 3042; x_wconf 84' lang='grc' dir='ltr'>βασιλείας,</span> 
     </span>
    </p>
   </div>
   <div class='ocr_carea' id='block_1_91' title="bbox 2303 3059 3847 3143">
    <p class='ocr_par' dir='ltr' id='par_1_91' title="bbox 2303 3059 3847 3143">
     <span class='ocr_line' id='line_1_91' title="bbox 2303 3059 3847 3143; baseline -0.008 -20"><span class='ocrx_word' id='word_1_645' title='bbox 2303 3071 2465 3143; x_wconf 80' lang='grc' dir='ltr'>ζήλου</span> <span class='ocrx_word' id='word_1_646' title='bbox 2494 3069 2600 3124; x_wconf 89' lang='grc' dir='ltr'>τῶν</span> <span class='ocrx_word' id='word_1_647' title='bbox 2626 3071 2793 3138; x_wconf 85' lang='grc' dir='ltr'>ἁγίων</span> <span class='ocrx_word' id='word_1_648' title='bbox 2822 3068 3136 3142; x_wconf 85' lang='grc' dir='ltr'>μαρτύρων,</span> <span class='ocrx_word' id='word_1_649' title='bbox 3166 3066 3380 3136; x_wconf 80' lang='grc' dir='ltr'>μνήμης</span> <span class='ocrx_word' id='word_1_650' title='bbox 3410 3061 3572 3117; x_wconf 80' lang='grc' dir='ltr'>αὑτοῦ</span> <span class='ocrx_word' id='word_1_651' title='bbox 3595 3060 3693 3114; x_wconf 86' lang='grc' dir='ltr'><strong>τοῦ</strong></span> <span class='ocrx_word' id='word_1_652' title='bbox 3715 3059 3847 3118; x_wconf 84' lang='grc' dir='ltr'>Θεοῦ</span> 
     </span>
    </p>
   </div>
   <div class='ocr_carea' id='block_1_92' title="bbox 2231 3156 3846 3235">
    <p class='ocr_par' dir='ltr' id='par_1_92' title="bbox 2231 3156 3846 3235">
     <span class='ocr_line' id='line_1_92' title="bbox 2231 3156 3846 3235; baseline -0.006 -16"><span class='ocrx_word' id='word_1_653' title='bbox 2231 3156 2272 3214; x_wconf 84' lang='lat' dir='ltr'><strong>C</strong></span> <span class='ocrx_word' id='word_1_654' title='bbox 2306 3165 2588 3235; x_wconf 89' lang='grc' dir='ltr'>παρόντος,</span> <span class='ocrx_word' id='word_1_655' title='bbox 2619 3162 2758 3218; x_wconf 87' lang='grc' dir='ltr'><strong>κατά</strong></span> <span class='ocrx_word' id='word_1_656' title='bbox 2789 3163 2877 3217; x_wconf 82' lang='grc' dir='ltr'>τὸν</span> <span class='ocrx_word' id='word_1_657' title='bbox 2909 3161 3127 3215; x_wconf 82' lang='grc' dir='ltr'>είπόντα</span> <span class='ocrx_word' id='word_1_658' title='bbox 3146 3177 3162 3193; x_wconf 84' lang='grc'>⁶</span> <span class='ocrx_word' id='word_1_659' title='bbox 3193 3159 3554 3230; x_wconf 74' lang='grc' dir='ltr'>Προωρώμην</span> <span class='ocrx_word' id='word_1_660' title='bbox 3587 3157 3699 3212; x_wconf 81' lang='grc' dir='ltr'><strong>τὸν</strong></span> <span class='ocrx_word' id='word_1_661' title='bbox 3735 3157 3846 3211; x_wconf 63' lang='lat' dir='ltr'><strong>K13-</strong></span> 
     </span>
    </p>
   </div>
   <div class='ocr_carea' id='block_1_93' title="bbox 2297 3248 3846 3328">
    <p class='ocr_par' dir='ltr' id='par_1_93' title="bbox 2297 3248 3846 3328">
     <span class='ocr_line' id='line_1_93' title="bbox 2297 3248 3846 3328; baseline -0.006 -18"><span class='ocrx_word' id='word_1_662' title='bbox 2297 3276 2454 3328; x_wconf 82' lang='grc' dir='ltr'>ριον.</span> <span class='ocrx_word' id='word_1_663' title='bbox 2487 3258 2718 3328; x_wconf 83' lang='grc' dir='ltr'>Μνήμης</span> <span class='ocrx_word' id='word_1_664' title='bbox 2749 3256 2917 3324; x_wconf 85' lang='grc' dir='ltr'>ἁγίων</span> <span class='ocrx_word' id='word_1_665' title='bbox 2942 3254 3035 3308; x_wconf 77' lang='grc' dir='ltr'>καὶ</span> <span class='ocrx_word' id='word_1_666' title='bbox 3063 3251 3262 3328; x_wconf 86' lang='grc' dir='ltr'>νοερῶν</span> <span class='ocrx_word' id='word_1_667' title='bbox 3288 3251 3592 3321; x_wconf 73' lang='grc' dir='ltr'>δυνάμεωνο</span> <span class='ocrx_word' id='word_1_668' title='bbox 3625 3248 3846 3320; x_wconf 86' lang='grc' dir='ltr'>μνήμης</span> 
     </span>
    </p>
   </div>
   <div class='ocr_carea' id='block_1_94' title="bbox 2303 3336 3846 3413">
    <p class='ocr_par' dir='ltr' id='par_1_94' title="bbox 2303 3336 3846 3413">
     <span class='ocr_line' id='line_1_94' title="bbox 2303 3336 3846 3413; baseline -0.007 -15"><span class='ocrx_word' id='word_1_669' title='bbox 2303 3343 2506 3410; x_wconf 77' lang='grc' dir='ltr'>ἐξόδου,</span> <span class='ocrx_word' id='word_1_670' title='bbox 2561 3343 2934 3413; x_wconf 85' lang='grc' dir='ltr'>ἀπαντήσεως,</span> <span class='ocrx_word' id='word_1_671' title='bbox 2995 3339 3290 3404; x_wconf 78' lang='grc' dir='ltr'>κολάσεως,</span> <span class='ocrx_word' id='word_1_672' title='bbox 3349 3338 3692 3407; x_wconf 68' lang='grc' dir='ltr'>ἀποφάσεως.</span> <span class='ocrx_word' id='word_1_673' title='bbox 3761 3336 3846 3389; x_wconf 82' lang='grc' dir='ltr'>Ἐν</span> 
     </span>
    </p>
   </div>
   <div class='ocr_carea' id='block_1_95' title="bbox 2306 3425 3843 3508">
    <p class='ocr_par' dir='ltr' id='par_1_95' title="bbox 2306 3425 3843 3508">
     <span class='ocr_line' id='line_1_95' title="bbox 2306 3425 3843 3508; baseline -0.008 -18"><span class='ocrx_word' id='word_1_674' title='bbox 2306 3436 2563 3508; x_wconf 90' lang='grc' dir='ltr'>μεγάλοις</span> <span class='ocrx_word' id='word_1_675' title='bbox 2610 3435 2709 3506; x_wconf 79' lang='grc' dir='ltr'>μὲν</span> <span class='ocrx_word' id='word_1_676' title='bbox 2753 3433 3056 3504; x_wconf 72' lang='grc' dir='ltr'>ἠρξάμεθα,</span> <span class='ocrx_word' id='word_1_677' title='bbox 3093 3430 3425 3493; x_wconf 85' lang='grc' dir='ltr'>ἀναπτώτοις</span> <span class='ocrx_word' id='word_1_678' title='bbox 3461 3429 3520 3483; x_wconf 79' lang='grc' dir='ltr'>δὲ</span> <span class='ocrx_word' id='word_1_679' title='bbox 3552 3425 3843 3498; x_wconf 82' lang='grc' dir='ltr'>κατελήξα-</span> 
     </span>
    </p>
   </div>
   <div class='ocr_carea' id='block_1_96' title="bbox 2306 3512 3844 3596">
    <p class='ocr_par' dir='ltr' id='par_1_96' title="bbox 2306 3512 3844 3596">
     <span class='ocr_line' id='line_1_96' title="bbox 2306 3512 3844 3596; baseline -0.007 -18"><span class='ocrx_word' id='word_1_680' title='bbox 2306 3542 2425 3596; x_wconf 88' lang='grc' dir='ltr'>μεν.</span> <span class='ocrx_word' id='word_1_681' title='bbox 2468 3512 2773 3594; x_wconf 77' lang='grc' dir='ltr'>Διηγήσατό</span> <span class='ocrx_word' id='word_1_682' title='bbox 2819 3521 2910 3592; x_wconf 90' lang='grc' dir='ltr'><strong>μοί</strong></span> <span class='ocrx_word' id='word_1_683' title='bbox 2961 3537 3089 3574; x_wconf 88' lang='grc' dir='ltr'>ποτε</span> <span class='ocrx_word' id='word_1_684' title='bbox 3131 3519 3424 3587; x_wconf 79' lang='grc' dir='ltr'>Αἰγύπτιος</span> <span class='ocrx_word' id='word_1_685' title='bbox 3476 3517 3729 3589; x_wconf 78' lang='grc' dir='ltr'>μοναχδς,</span> <span class='ocrx_word' id='word_1_686' title='bbox 3771 3514 3844 3578; x_wconf 83' lang='grc' dir='ltr'><strong>ὡς</strong></span> 
     </span>
    </p>
   </div>
   <div class='ocr_carea' id='block_1_97' title="bbox 2300 3605 3843 3685">
    <p class='ocr_par' dir='ltr' id='par_1_97' title="bbox 2300 3605 3843 3685">
     <span class='ocr_line' id='line_1_97' title="bbox 2300 3605 3843 3685; baseline -0.008 -17"><span class='ocrx_word' id='word_1_687' title='bbox 2300 3616 2384 3668; x_wconf 83' lang='grc' dir='ltr'>ὅτι</span> <span class='ocrx_word' id='word_1_688' title='bbox 2427 3613 2564 3685; x_wconf 86' lang='grc' dir='ltr'><strong>μετά</strong></span> <span class='ocrx_word' id='word_1_689' title='bbox 2593 3613 2692 3683; x_wconf 81' lang='grc' dir='ltr'>τὴν</span> <span class='ocrx_word' id='word_1_690' title='bbox 2719 3614 2777 3666; x_wconf 84' lang='grc' dir='ltr'>ὲν</span> <span class='ocrx_word' id='word_1_691' title='bbox 2805 3612 3048 3683; x_wconf 83' lang='grc' dir='ltr'>αἰσθήσει</span> <span class='ocrx_word' id='word_1_692' title='bbox 3079 3610 3307 3683; x_wconf 88' lang='grc' dir='ltr'>καρδίας</span> <span class='ocrx_word' id='word_1_693' title='bbox 3350 3608 3449 3680; x_wconf 85' lang='grc' dir='ltr'>τῆς</span> <span class='ocrx_word' id='word_1_694' title='bbox 3476 3606 3566 3660; x_wconf 88' lang='grc' dir='ltr'><strong>τοῦ</strong></span> <span class='ocrx_word' id='word_1_695' title='bbox 3615 3605 3843 3658; x_wconf 85' lang='grc' dir='ltr'>θανάτου</span> 
     </span>
    </p>
   </div>
   <div class='ocr_carea' id='block_1_98' title="bbox 2305 3697 3842 3777">
    <p class='ocr_par' dir='ltr' id='par_1_98' title="bbox 2305 3697 3842 3777">
     <span class='ocr_line' id='line_1_98' title="bbox 2305 3697 3842 3777; baseline -0.005 -19"><span class='ocrx_word' id='word_1_696' title='bbox 2305 3707 2524 3777; x_wconf 78' lang='grc' dir='ltr'>μνήμης</span> <span class='ocrx_word' id='word_1_697' title='bbox 2556 3706 2843 3773; x_wconf 89' lang='grc' dir='ltr'>παγίωσιν,</span> <span class='ocrx_word' id='word_1_698' title='bbox 2877 3703 3197 3775; x_wconf 77' lang='grc' dir='ltr'>θελήσαντάς</span> <span class='ocrx_word' id='word_1_699' title='bbox 3242 3718 3344 3772; x_wconf 89' lang='grc' dir='ltr'><strong>μου</strong></span> <span class='ocrx_word' id='word_1_700' title='bbox 3385 3700 3575 3771; x_wconf 85' lang='grc' dir='ltr'>χρείας</span> <span class='ocrx_word' id='word_1_701' title='bbox 3607 3697 3842 3753; x_wconf 83' lang='grc' dir='ltr'>καταλα·</span> 
     </span>
    </p>
   </div>
   <div class='ocr_carea' id='block_1_99' title="bbox 2300 3790 3843 3870">
    <p class='ocr_par' dir='ltr' id='par_1_99' title="bbox 2300 3790 3843 3870">
     <span class='ocr_line' id='line_1_99' title="bbox 2300 3790 3843 3870; baseline -0.006 -18"><span class='ocrx_word' id='word_1_702' title='bbox 2300 3799 2498 3869; x_wconf 90' lang='grc' dir='ltr'>ϐούσης</span> <span class='ocrx_word' id='word_1_703' title='bbox 2525 3799 2719 3870; x_wconf 85' lang='grc' dir='ltr'>μικρὸν</span> <span class='ocrx_word' id='word_1_704' title='bbox 2750 3799 2840 3852; x_wconf 77' lang='grc' dir='ltr'><strong>τὸν</strong></span> <span class='ocrx_word' id='word_1_705' title='bbox 2873 3797 3038 3869; x_wconf 82' lang='grc' dir='ltr'>πηλὸν</span> <span class='ocrx_word' id='word_1_706' title='bbox 3067 3796 3143 3864; x_wconf 73' lang='grc' dir='ltr'><strong>(ὅ)</strong></span> <span class='ocrx_word' id='word_1_707' title='bbox 3173 3791 3692 3863; x_wconf 86' lang='grc' dir='ltr'>παραμυθήσασθαι,</span> <span class='ocrx_word' id='word_1_708' title='bbox 3742 3790 3843 3842; x_wconf 79' lang='grc' dir='ltr'>ὑπο</span> 
     </span>
    </p>
   </div>
   <div class='ocr_carea' id='block_1_100' title="bbox 2297 3879 3841 3961">
    <p class='ocr_par' dir='ltr' id='par_1_100' title="bbox 2297 3879 3841 3961">
     <span class='ocr_line' id='line_1_100' title="bbox 2297 3879 3841 3961; baseline -0.008 -17"><span class='ocrx_word' id='word_1_709' title='bbox 2297 3891 2395 3961; x_wconf 80' lang='grc' dir='ltr'><strong>τῆς</strong></span> <span class='ocrx_word' id='word_1_710' title='bbox 2447 3891 2686 3961; x_wconf 89' lang='grc' dir='ltr'>μνήμης,</span> <span class='ocrx_word' id='word_1_711' title='bbox 2729 3889 2804 3953; x_wconf 82' lang='grc' dir='ltr'>ὡς</span> <span class='ocrx_word' id='word_1_712' title='bbox 2834 3888 2936 3942; x_wconf 81' lang='grc' dir='ltr'><strong>ὑπὸ</strong></span> <span class='ocrx_word' id='word_1_713' title='bbox 2967 3885 3217 3940; x_wconf 83' lang='grc' dir='ltr'>δικαστοῦ</span> <span class='ocrx_word' id='word_1_714' title='bbox 3264 3885 3598 3954; x_wconf 84' lang='grc' dir='ltr'>κεκώλυμαι.</span> <span class='ocrx_word' id='word_1_715' title='bbox 3643 3882 3749 3936; x_wconf 74' lang='grc' dir='ltr'><strong>Καὶ</strong></span> <span class='ocrx_word' id='word_1_716' title='bbox 3784 3879 3841 3933; x_wconf 76' lang='grc' dir='ltr'><strong>τὸ</strong></span> 
     </span>
    </p>
   </div>
   <div class='ocr_carea' id='block_1_101' title="bbox 2299 3971 3840 4052">
    <p class='ocr_par' dir='ltr' id='par_1_101' title="bbox 2299 3971 3840 4052">
     <span class='ocr_line' id='line_1_101' title="bbox 2299 3971 3840 4052; baseline -0.008 -15"><span class='ocrx_word' id='word_1_717' title='bbox 2299 3981 2627 4052; x_wconf 73' lang='grc' dir='ltr'>θαυμαστὸν,</span> <span class='ocrx_word' id='word_1_718' title='bbox 2650 3982 2840 4050; x_wconf 85' lang='grc' dir='ltr'>ὅτιπερ</span> <span class='ocrx_word' id='word_1_719' title='bbox 2869 3978 2961 4031; x_wconf 79' lang='grc' dir='ltr'>καὶ</span> <span class='ocrx_word' id='word_1_720' title='bbox 2987 3977 3262 4048; x_wconf 77' lang='grc' dir='ltr'>βουληθεὶς</span> <span class='ocrx_word' id='word_1_721' title='bbox 3281 3977 3378 4030; x_wconf 83' lang='grc' dir='ltr'>οὐκ</span> <span class='ocrx_word' id='word_1_722' title='bbox 3397 3974 3670 4046; x_wconf 77' lang='grc' dir='ltr'>ἠδυνήθην</span> <span class='ocrx_word' id='word_1_723' title='bbox 3693 3971 3840 4027; x_wconf 77' lang='grc' dir='ltr'>ἀκώ-</span> 
     </span>
    </p>
   </div>
   <div class='ocr_carea' id='block_1_102' title="bbox 2299 4063 3837 4142">
    <p class='ocr_par' dir='ltr' id='par_1_102' title="bbox 2299 4063 3837 4142">
     <span class='ocr_line' id='line_1_102' title="bbox 2299 4063 3837 4142; baseline -0.007 -15"><span class='ocrx_word' id='word_1_724' title='bbox 2299 4074 2526 4129; x_wconf 75' lang='grc' dir='ltr'>σασθαιο</span> <span class='ocrx_word' id='word_1_725' title='bbox 2561 4072 2744 4142; x_wconf 70' lang='grc' dir='ltr'>ἕτερός</span> <span class='ocrx_word' id='word_1_726' title='bbox 2787 4088 2869 4133; x_wconf 88' lang='grc' dir='ltr'><strong>τις</strong></span> <span class='ocrx_word' id='word_1_727' title='bbox 2903 4071 3065 4124; x_wconf 84' lang='grc' dir='ltr'>οἰκῶν</span> <span class='ocrx_word' id='word_1_728' title='bbox 3095 4067 3327 4123; x_wconf 80' lang='grc' dir='ltr'>ἐνταῦθα</span> <span class='ocrx_word' id='word_1_729' title='bbox 3353 4067 3411 4120; x_wconf 81' lang='grc' dir='ltr'>ὲν</span> <span class='ocrx_word' id='word_1_730' title='bbox 3446 4065 3526 4137; x_wconf 82' lang='grc' dir='ltr'>τῷ</span> <span class='ocrx_word' id='word_1_731' title='bbox 3568 4063 3837 4135; x_wconf 83' lang='grc' dir='ltr'>λεγομένῳ</span> 
     </span>
    </p>
   </div>
   <div class='ocr_carea' id='block_1_103' title="bbox 2295 4152 3835 4235">
    <p class='ocr_par' dir='ltr' id='par_1_103' title="bbox 2295 4152 3835 4235">
     <span class='ocr_line' id='line_1_103' title="bbox 2295 4152 3835 4235; baseline -0.01 -17"><span class='ocrx_word' id='word_1_732' title='bbox 2295 4165 2442 4235; x_wconf 80' lang='grc' dir='ltr'>Θολῷ</span> <span class='ocrx_word' id='word_1_733' title='bbox 2471 4165 2641 4234; x_wconf 87' lang='grc' dir='ltr'>τόπῳ,</span> <span class='ocrx_word' id='word_1_734' title='bbox 2675 4160 2932 4226; x_wconf 76' lang='grc' dir='ltr'>πολλάκις</span> <span class='ocrx_word' id='word_1_735' title='bbox 2975 4163 3040 4214; x_wconf 81' lang='grc' dir='ltr'>ἐκ</span> <span class='ocrx_word' id='word_1_736' title='bbox 3068 4160 3167 4229; x_wconf 80' lang='grc' dir='ltr'><strong>τῆς</strong></span> <span class='ocrx_word' id='word_1_737' title='bbox 3201 4156 3452 4228; x_wconf 84' lang='grc' dir='ltr'>τοιαύτης</span> <span class='ocrx_word' id='word_1_738' title='bbox 3496 4157 3703 4218; x_wconf 77' lang='grc' dir='ltr'>ἑννοίας</span> <span class='ocrx_word' id='word_1_739' title='bbox 3729 4152 3835 4218; x_wconf 67' lang='lat' dir='ltr'><strong>eg:-</strong></span> 
     </span>
    </p>
   </div>
   <div class='ocr_carea' id='block_1_104' title="bbox 2298 4245 3835 4323">
    <p class='ocr_par' dir='ltr' id='par_1_104' title="bbox 2298 4245 3835 4323">
     <span class='ocr_line' id='line_1_104' title="bbox 2298 4245 3835 4323; baseline -0.007 -13"><span class='ocrx_word' id='word_1_740' title='bbox 2298 4274 2480 4321; x_wconf 89' lang='grc' dir='ltr'>στατο,</span> <span class='ocrx_word' id='word_1_741' title='bbox 2526 4257 2620 4309; x_wconf 77' lang='grc' dir='ltr'>καὶ</span> <span class='ocrx_word' id='word_1_742' title='bbox 2649 4256 2724 4320; x_wconf 86' lang='grc' dir='ltr'>ὡς</span> <span class='ocrx_word' id='word_1_743' title='bbox 2769 4254 3195 4323; x_wconf 81' lang='grc' dir='ltr'>ὀλιγοθυμήσας,</span> <span class='ocrx_word' id='word_1_744' title='bbox 3231 4251 3264 4322; x_wconf 76' lang='grc' dir='ltr'>ἢ</span> <span class='ocrx_word' id='word_1_745' title='bbox 3309 4251 3402 4304; x_wconf 77' lang='grc' dir='ltr'>καὶ</span> <span class='ocrx_word' id='word_1_746' title='bbox 3447 4245 3835 4319; x_wconf 81' lang='grc' dir='ltr'>ὲπιληπτιάσας</span> 
     </span>
    </p>
   </div>
   <div class='ocr_carea' id='block_1_105' title="bbox 2297 4335 3834 4420">
    <p class='ocr_par' dir='ltr' id='par_1_105' title="bbox 2297 4335 3834 4420">
     <span class='ocr_line' id='line_1_105' title="bbox 2297 4335 3834 4420; baseline -0.01 -16"><span class='ocrx_word' id='word_1_747' title='bbox 2297 4341 2447 4420; x_wconf 83' lang='grc' dir='ltr'><strong>παρά</strong></span> <span class='ocrx_word' id='word_1_748' title='bbox 2494 4348 2600 4402; x_wconf 88' lang='grc' dir='ltr'><strong>τῶν</strong></span> <span class='ocrx_word' id='word_1_749' title='bbox 2646 4345 3042 4418; x_wconf 84' lang='grc' dir='ltr'>εὑρισκομένων</span> <span class='ocrx_word' id='word_1_750' title='bbox 3085 4342 3356 4413; x_wconf 69' lang='grc' dir='ltr'>ἀδελφῶν,</span> <span class='ocrx_word' id='word_1_751' title='bbox 3405 4341 3606 4401; x_wconf 74' lang='grc' dir='ltr'>ἄπνους</span> <span class='ocrx_word' id='word_1_752' title='bbox 3654 4335 3834 4408; x_wconf 74' lang='grc' dir='ltr'>σχεδὸν</span> 
     </span>
    </p>
   </div>
   <div class='ocr_carea' id='block_1_106' title="bbox 2297 4426 3832 4505">
    <p class='ocr_par' dir='ltr' id='par_1_106' title="bbox 2297 4426 3832 4505">
     <span class='ocr_line' id='line_1_106' title="bbox 2297 4426 3832 4505; baseline -0.009 -14"><span class='ocrx_word' id='word_1_753' title='bbox 2297 4439 2640 4504; x_wconf 79' lang='grc' dir='ltr'>ἐϐαστάζετο.</span> <span class='ocrx_word' id='word_1_754' title='bbox 2677 4437 2749 4489; x_wconf 85' lang='grc' dir='ltr'><strong>Οὐ</strong></span> <span class='ocrx_word' id='word_1_755' title='bbox 2801 4434 3060 4505; x_wconf 86' lang='grc' dir='ltr'>σιωπήσω</span> <span class='ocrx_word' id='word_1_756' title='bbox 3110 4450 3192 4486; x_wconf 93' lang='grc' dir='ltr'><strong>σοι</strong></span> <span class='ocrx_word' id='word_1_757' title='bbox 3240 4430 3426 4486; x_wconf 78' lang='grc' dir='ltr'>καὶτὸ</span> <span class='ocrx_word' id='word_1_758' title='bbox 3473 4426 3566 4482; x_wconf 88' lang='grc' dir='ltr'><strong>τοῦ</strong></span> <span class='ocrx_word' id='word_1_759' title='bbox 3614 4426 3832 4498; x_wconf 76' lang='grc' dir='ltr'>ἡσυχίου</span> 
     </span>
    </p>
   </div>
   <div class='ocr_carea' id='block_1_107' title="bbox 2294 4512 3832 4601">
    <p class='ocr_par' dir='ltr' id='par_1_107' title="bbox 2294 4512 3832 4601">
     <span class='ocr_line' id='line_1_107' title="bbox 2294 4512 3832 4601; baseline -0.01 -16"><span class='ocrx_word' id='word_1_760' title='bbox 2294 4531 2389 4584; x_wconf 89' lang='grc' dir='ltr'><strong>τοῦ</strong></span> <span class='ocrx_word' id='word_1_761' title='bbox 2433 4528 2749 4601; x_wconf 83' lang='grc' dir='ltr'>Χωρηϐίτου</span> <span class='ocrx_word' id='word_1_762' title='bbox 2779 4526 2852 4596; x_wconf 83' lang='lat' dir='ltr'><strong>(b)</strong></span> <span class='ocrx_word' id='word_1_763' title='bbox 2884 4527 3120 4596; x_wconf 81' lang='grc' dir='ltr'>σημᾶναι</span> <span class='ocrx_word' id='word_1_764' title='bbox 3154 4524 3416 4593; x_wconf 86' lang='grc' dir='ltr'>διήγημα.</span> <span class='ocrx_word' id='word_1_765' title='bbox 3451 4512 3619 4583; x_wconf 78' lang='grc' dir='ltr'>Οὗτος</span> <span class='ocrx_word' id='word_1_766' title='bbox 3648 4519 3736 4572; x_wconf 82' lang='grc' dir='ltr'>ἀεὶ</span> <span class='ocrx_word' id='word_1_767' title='bbox 3774 4520 3832 4571; x_wconf 75' lang='grc' dir='ltr'>ἐν</span> 
     </span>
    </p>
   </div>
   <div class='ocr_carea' id='block_1_108' title="bbox 2294 4609 3870 4694">
    <p class='ocr_par' dir='ltr' id='par_1_108' title="bbox 2294 4609 3870 4694">
     <span class='ocr_line' id='line_1_108' title="bbox 2294 4609 3870 4694; baseline -0.008 -19"><span class='ocrx_word' id='word_1_768' title='bbox 2294 4622 2441 4693; x_wconf 78' lang='grc' dir='ltr'>πάσῃ</span> <span class='ocrx_word' id='word_1_769' title='bbox 2474 4618 2699 4690; x_wconf 77' lang='grc' dir='ltr'>ἀμελείᾳ</span> <span class='ocrx_word' id='word_1_770' title='bbox 2723 4617 2978 4689; x_wconf 85' lang='grc' dir='ltr'>διέτριϐε,</span> <span class='ocrx_word' id='word_1_771' title='bbox 3008 4617 3106 4684; x_wconf 80' lang='grc' dir='ltr'>τῆς</span> <span class='ocrx_word' id='word_1_772' title='bbox 3135 4611 3327 4668; x_wconf 82' lang='grc' dir='ltr'>ἑαυτοῦ</span> <span class='ocrx_word' id='word_1_773' title='bbox 3359 4611 3534 4684; x_wconf 77' lang='grc' dir='ltr'>ψυχῆς</span> <span class='ocrx_word' id='word_1_774' title='bbox 3560 4611 3621 4664; x_wconf 83' lang='grc' dir='ltr'>τὸ</span> <span class='ocrx_word' id='word_1_775' title='bbox 3657 4609 3830 4680; x_wconf 83' lang='grc' dir='ltr'>παρά·-</span> <span class='ocrx_word' id='word_1_776' title='bbox 3863 4683 3870 4694; x_wconf 34' lang='grc' dir='ltr'><strong><em>Ι</em></strong></span> 
     </span>
    </p>
   </div>
   <div class='ocr_carea' id='block_1_109' title="bbox 2292 4698 3828 4782">
    <p class='ocr_par' dir='ltr' id='par_1_109' title="bbox 2292 4698 3828 4782">
     <span class='ocr_line' id='line_1_109' title="bbox 2292 4698 3828 4782; baseline -0.008 -16"><span class='ocrx_word' id='word_1_777' title='bbox 2292 4731 2400 4766; x_wconf 82' lang='grc' dir='ltr'><strong>παν</strong></span> <span class='ocrx_word' id='word_1_778' title='bbox 2422 4712 2496 4782; x_wconf 82' lang='grc' dir='ltr'>μὴ</span> <span class='ocrx_word' id='word_1_779' title='bbox 2517 4709 2831 4778; x_wconf 80' lang='grc' dir='ltr'>ποιούμενος</span> <span class='ocrx_word' id='word_1_780' title='bbox 2857 4705 3168 4778; x_wconf 77' lang='grc' dir='ltr'>ἐπιμέλειαν</span> <span class='ocrx_word' id='word_1_781' title='bbox 3186 4719 3201 4735; x_wconf 82' lang='grc'><strong><em>⁸</em></strong></span> <span class='ocrx_word' id='word_1_782' title='bbox 3225 4703 3527 4776; x_wconf 84' lang='grc' dir='ltr'>ἀσθενήσας</span> <span class='ocrx_word' id='word_1_783' title='bbox 3551 4698 3646 4756; x_wconf 73' lang='grc' dir='ltr'>οὖν</span> <span class='ocrx_word' id='word_1_784' title='bbox 3673 4700 3828 4771; x_wconf 74' lang='grc' dir='ltr'>ἐσχά-</span> 
     </span>
    </p>
   </div>
   <div class='ocr_carea' id='block_1_110' title="bbox 2289 4792 3828 4871">
    <p class='ocr_par' dir='ltr' id='par_1_110' title="bbox 2289 4792 3828 4871">
     <span class='ocr_line' id='line_1_110' title="bbox 2289 4792 3828 4871; baseline -0.008 -13"><span class='ocrx_word' id='word_1_785' title='bbox 2289 4821 2397 4868; x_wconf 83' lang='grc' dir='ltr'><strong>τως</strong></span> <span class='ocrx_word' id='word_1_786' title='bbox 2426 4801 2518 4856; x_wconf 88' lang='grc' dir='ltr'><strong>τοῦ</strong></span> <span class='ocrx_word' id='word_1_787' title='bbox 2545 4801 2813 4871; x_wconf 81' lang='grc' dir='ltr'>σώματος,</span> <span class='ocrx_word' id='word_1_788' title='bbox 2841 4800 2917 4862; x_wconf 87' lang='grc' dir='ltr'>ὠς</span> <span class='ocrx_word' id='word_1_789' title='bbox 2946 4797 3038 4850; x_wconf 73' lang='grc' dir='ltr'><strong>ἐπὶ</strong></span> <span class='ocrx_word' id='word_1_790' title='bbox 3069 4797 3216 4868; x_wconf 82' lang='grc' dir='ltr'>ὥραν</span> <span class='ocrx_word' id='word_1_791' title='bbox 3245 4797 3372 4868; x_wconf 89' lang='grc' dir='ltr'>μίαν</span> <span class='ocrx_word' id='word_1_792' title='bbox 3394 4794 3632 4866; x_wconf 82' lang='grc' dir='ltr'>ἀκριϐῶς</span> <span class='ocrx_word' id='word_1_793' title='bbox 3661 4792 3828 4860; x_wconf 63' lang='lat' dir='ltr'><strong>egeat;-</strong></span> 
     </span>
    </p>
   </div>
   <div class='ocr_carea' id='block_1_111' title="bbox 2287 4900 3826 4982">
    <p class='ocr_par' dir='ltr' id='par_1_111' title="bbox 2287 4900 3826 4982">
     <span class='ocr_line' id='line_1_111' title="bbox 2287 4900 3826 4982; baseline -0.005 -18"><span class='ocrx_word' id='word_1_794' title='bbox 2287 4927 2462 4982; x_wconf 87' lang='grc' dir='ltr'><strong>μησε⁹</strong></span> <span class='ocrx_word' id='word_1_795' title='bbox 2497 4909 2591 4963; x_wconf 62' lang='grc' dir='ltr'><strong>καί⁸</strong></span> <span class='ocrx_word' id='word_1_796' title='bbox 2637 4911 2717 4974; x_wconf 84' lang='grc' dir='ltr'><strong>είς</strong></span> <span class='ocrx_word' id='word_1_797' title='bbox 2758 4907 2918 4962; x_wconf 80' lang='grc' dir='ltr'>αὑτὸν</span> <span class='ocrx_word' id='word_1_798' title='bbox 2947 4905 3251 4960; x_wconf 73' lang='grc' dir='ltr'>ἐπανελθὼν</span> <span class='ocrx_word' id='word_1_799' title='bbox 3277 4906 3514 4960; x_wconf 81' lang='grc' dir='ltr'>δυσωπεῖ</span> <span class='ocrx_word' id='word_1_800' title='bbox 3547 4905 3649 4976; x_wconf 78' lang='grc' dir='ltr'>μὲν</span> <span class='ocrx_word' id='word_1_801' title='bbox 3689 4900 3826 4972; x_wconf 71' lang='grc' dir='ltr'><strong>ἡμᾶς</strong></span> 
     </span>
    </p>
   </div>
   <div class='ocr_carea' id='block_1_112' title="bbox 2287 5002 3822 5082">
    <p class='ocr_par' dir='ltr' id='par_1_112' title="bbox 2287 5002 3822 5082">
     <span class='ocr_line' id='line_1_112' title="bbox 2287 5002 3822 5082; baseline -0.001 -15"><span class='ocrx_word' id='word_1_802' title='bbox 2287 5015 2494 5076; x_wconf 82' lang='grc' dir='ltr'>πάντας</span> <span class='ocrx_word' id='word_1_803' title='bbox 2541 5013 2740 5075; x_wconf 82' lang='grc' dir='ltr'>εὐθέως</span> <span class='ocrx_word' id='word_1_804' title='bbox 2787 5010 3154 5082; x_wconf 85' lang='grc' dir='ltr'>ἀναχωρῆσαι.</span> <span class='ocrx_word' id='word_1_805' title='bbox 3213 5007 3323 5063; x_wconf 79' lang='grc' dir='ltr'><strong>Καὶ</strong></span> <span class='ocrx_word' id='word_1_806' title='bbox 3369 5006 3468 5077; x_wconf 79' lang='grc' dir='ltr'>τὴν</span> <span class='ocrx_word' id='word_1_807' title='bbox 3515 5007 3684 5078; x_wconf 79' lang='grc' dir='ltr'>θύραν</span> <span class='ocrx_word' id='word_1_808' title='bbox 3729 5002 3822 5072; x_wconf 81' lang='grc' dir='ltr'><strong>τῆς</strong></span> 
     </span>
    </p>
   </div>
   <div class='ocr_carea' id='block_1_113' title="bbox 2285 5095 3822 5175">
    <p class='ocr_par' dir='ltr' id='par_1_113' title="bbox 2285 5095 3822 5175">
     <span class='ocr_line' id='line_1_113' title="bbox 2285 5095 3822 5175; baseline -0.009 -15"><span class='ocrx_word' id='word_1_809' title='bbox 2285 5107 2477 5175; x_wconf 85' lang='grc' dir='ltr'>κέλλης</span> <span class='ocrx_word' id='word_1_810' title='bbox 2505 5105 2922 5175; x_wconf 85' lang='grc' dir='ltr'>ἀνοικοδομήσας</span> <span class='ocrx_word' id='word_1_811' title='bbox 2949 5103 3160 5173; x_wconf 82' lang='grc' dir='ltr'>ἔμεινεν</span> <span class='ocrx_word' id='word_1_812' title='bbox 3191 5100 3335 5154; x_wconf 75' lang='grc' dir='ltr'>ἔνδον</span> <span class='ocrx_word' id='word_1_813' title='bbox 3372 5101 3595 5172; x_wconf 85' lang='grc' dir='ltr'>χρόνους</span> <span class='ocrx_word' id='word_1_814' title='bbox 3621 5097 3712 5151; x_wconf 87' lang='grc' dir='ltr'><strong>δύο</strong></span> <span class='ocrx_word' id='word_1_815' title='bbox 3736 5095 3822 5148; x_wconf 77' lang='grc' dir='ltr'>καὶ</span> 
     </span>
    </p>
   </div>
   <div class='ocr_carea' id='block_1_114' title="bbox 2286 5186 3819 5266">
    <p class='ocr_par' dir='ltr' id='par_1_114' title="bbox 2286 5186 3819 5266">
     <span class='ocr_line' id='line_1_114' title="bbox 2286 5186 3819 5266; baseline -0.005 -18"><span class='ocrx_word' id='word_1_816' title='bbox 2286 5195 2420 5250; x_wconf 87' lang='grc' dir='ltr'>δέκα</span> <span class='ocrx_word' id='word_1_817' title='bbox 2456 5196 2642 5266; x_wconf 80' lang='grc' dir='ltr'>μηδενὶ</span> <span class='ocrx_word' id='word_1_818' title='bbox 2673 5195 2732 5249; x_wconf 85' lang='grc' dir='ltr'>τὸ</span> <span class='ocrx_word' id='word_1_819' title='bbox 2769 5196 3026 5265; x_wconf 82' lang='grc' dir='ltr'>παράπαν</span> <span class='ocrx_word' id='word_1_820' title='bbox 3061 5189 3488 5262; x_wconf 85' lang='grc' dir='ltr'>συντετυχηκὼς,</span> <span class='ocrx_word' id='word_1_821' title='bbox 3517 5189 3580 5242; x_wconf 82' lang='grc' dir='ltr'>οὗ</span> <span class='ocrx_word' id='word_1_822' title='bbox 3616 5186 3819 5258; x_wconf 84' lang='grc' dir='ltr'>μικρὸν,</span> 
     </span>
    </p>
   </div>
   <div class='ocr_carea' id='block_1_115' title="bbox 2283 5278 3820 5356">
    <p class='ocr_par' dir='ltr' id='par_1_115' title="bbox 2283 5278 3820 5356">
     <span class='ocr_line' id='line_1_115' title="bbox 2283 5278 3820 5356; baseline -0.005 -18"><span class='ocrx_word' id='word_1_823' title='bbox 2283 5287 2345 5338; x_wconf 88' lang='grc' dir='ltr'>οὺ</span> <span class='ocrx_word' id='word_1_824' title='bbox 2382 5286 2553 5355; x_wconf 86' lang='grc' dir='ltr'>μέγαν</span> <span class='ocrx_word' id='word_1_825' title='bbox 2581 5287 2756 5354; x_wconf 89' lang='grc' dir='ltr'>λόγον,</span> <span class='ocrx_word' id='word_1_826' title='bbox 2790 5286 2886 5356; x_wconf 77' lang='grc' dir='ltr'>οὐχ</span> <span class='ocrx_word' id='word_1_827' title='bbox 2915 5285 3099 5355; x_wconf 78' lang='grc' dir='ltr'>ἑτέρου</span> <span class='ocrx_word' id='word_1_828' title='bbox 3128 5281 3291 5348; x_wconf 75' lang='grc' dir='ltr'>τινὸς,</span> <span class='ocrx_word' id='word_1_829' title='bbox 3320 5282 3434 5336; x_wconf 81' lang='grc' dir='ltr'>ἀλλ’</span> <span class='ocrx_word' id='word_1_830' title='bbox 3463 5281 3497 5351; x_wconf 80' lang='grc' dir='ltr'>ἢ</span> <span class='ocrx_word' id='word_1_831' title='bbox 3540 5281 3702 5350; x_wconf 76' lang='grc' dir='ltr'>ἄρτου</span> <span class='ocrx_word' id='word_1_832' title='bbox 3733 5278 3820 5332; x_wconf 77' lang='grc' dir='ltr'>καὶ</span> 
     </span>
    </p>
   </div>
   <div class='ocr_carea' id='block_1_116' title="bbox 2286 5372 3816 5448">
    <p class='ocr_par' dir='ltr' id='par_1_116' title="bbox 2286 5372 3816 5448">
     <span class='ocr_line' id='line_1_116' title="bbox 2286 5372 3816 5448; baseline -0.001 -20"><span class='ocrx_word' id='word_1_833' title='bbox 2286 5375 2474 5442; x_wconf 83' lang='grc' dir='ltr'>ὓδατος</span> <span class='ocrx_word' id='word_1_834' title='bbox 2499 5377 2930 5448; x_wconf 50' lang='grc' dir='ltr'>ἀπογευόμενος)</span> <span class='ocrx_word' id='word_1_835' title='bbox 2966 5375 3122 5446; x_wconf 86' lang='grc' dir='ltr'>μόνον</span> <span class='ocrx_word' id='word_1_836' title='bbox 3152 5376 3210 5429; x_wconf 86' lang='grc' dir='ltr'>δὲ</span> <span class='ocrx_word' id='word_1_837' title='bbox 3243 5375 3546 5447; x_wconf 86' lang='grc' dir='ltr'>καθήμενος</span> <span class='ocrx_word' id='word_1_838' title='bbox 3572 5374 3666 5429; x_wconf 85' lang='grc' dir='ltr'>καὶ</span> <span class='ocrx_word' id='word_1_839' title='bbox 3688 5372 3816 5445; x_wconf 71' lang='grc' dir='ltr'>πρὸς</span> 
     </span>
    </p>
   </div>
   <div class='ocr_carea' id='block_1_117' title="bbox 2353 5574 3808 5659">
    <p class='ocr_par' dir='ltr' id='par_1_117' title="bbox 2353 5574 3808 5659">
     <span class='ocr_line' id='line_1_117' title="bbox 2353 5574 3808 5659; baseline 0.002 -20"><span class='ocrx_word' id='word_1_840' title='bbox 2353 5587 2430 5656; x_wconf 82' lang='lat' dir='ltr'><strong>(b)</strong></span> <span class='ocrx_word' id='word_1_841' title='bbox 2465 5586 2682 5643; x_wconf 84' lang='lat' dir='ltr'><strong>Dubites</strong></span> <span class='ocrx_word' id='word_1_842' title='bbox 2711 5603 2780 5645; x_wconf 80' lang='lat' dir='ltr'><strong>an</strong></span> <span class='ocrx_word' id='word_1_843' title='bbox 2806 5586 2876 5646; x_wconf 92' lang='lat' dir='ltr'><strong>sit</strong></span> <span class='ocrx_word' id='word_1_844' title='bbox 2902 5586 2989 5645; x_wconf 85' lang='lat' dir='ltr'><strong>hic</strong></span> <span class='ocrx_word' id='word_1_845' title='bbox 3021 5586 3299 5659; x_wconf 80' lang='lat' dir='ltr'><strong>preprium</strong></span> <span class='ocrx_word' id='word_1_846' title='bbox 3330 5598 3524 5641; x_wconf 84' lang='lat' dir='ltr'><strong>nomen</strong></span> <span class='ocrx_word' id='word_1_847' title='bbox 3548 5574 3808 5652; x_wconf 68' lang='lat' dir='ltr'><strong>Besycbii.</strong></span> 
     </span>
    </p>
   </div>
   <div class='ocr_carea' id='block_1_118' title="bbox 2280 5672 3215 5714">
    <p class='ocr_par' dir='ltr' id='par_1_118' title="bbox 2280 5672 3215 5714">
     <span class='ocr_line' id='line_1_118' title="bbox 2280 5672 3215 5714; baseline 0.004 -3"><span class='ocrx_word' id='word_1_848' title='bbox 2280 5672 2348 5713; x_wconf 90' lang='lat' dir='ltr'><strong>an</strong></span> <span class='ocrx_word' id='word_1_849' title='bbox 2377 5672 2683 5714; x_wconf 87' lang='lat' dir='ltr'><strong>commune.</strong></span> <span class='ocrx_word' id='word_1_850' title='bbox 3212 5687 3215 5689; x_wconf 84' lang='lat'>&#39;</span> 
     </span>
    </p>
   </div>
  </div>
