4050 6338
159 402 258 464 797

1158 416 1381 478 SCALA
1413 420 1784 481 PARADISI.
1815 446 1884 460 -·
1909 426 2214 491 GRADUS
2251 434 2348 494 VI.

3278 447 3381 506 798

159 512 192 564 ἃ
211 512 453 585 ἑώρακεν
482 517 540 571 ἐν
569 520 635 589 τῇ
659 519 912 574 ἐκστάσει
943 523 1252 596 ἐξηστηκὼς
1279 529 1499 593 σύννους
1529 530 1713 596 οὕτως,

1819 551 2012 593 morbo
2035 545 2292 597 comtttad
2343 544 2595 617 agitatus,
2627 565 2659 604 ιι
2722 549 2977 608 fratribus
3035 553 3300 617 inventus,
3329 565 3384 608 et

159 604 231 666 ὡς
262 607 528 677 μηδέποτε
552 610 642 664 ἐπὶ
671 613 873 684 Κυρίου
904 617 980 683 (a)
1006 617 1066 669 τὸ
1092 617 1219 672 ῐδιον
1239 615 1367 689 ἦθος
1393 621 1710 689 ἀλλοιώσας,

157 693 269 744 ἀλλ’
299 693 486 760 ἔκνους
510 699 616 762 ἀεὶ,
641 701 732 754 καὶ
755 702 961 773 δάκρυα
991 705 1165 775 θερμά
1187 707 1422 780 ἀψοφητὶ
1449 711 1568 764 καθ’
1591 713 1712 766 ὅλου

159 788 536 855 προχεόμενος.
573 789 700 843 Ὀτε
727 792 783 845 δέ
814 794 1041 863 ἧμελλεν
1066 795 1335 867 τελευτᾷν,
1370 800 1714 871 άναφράξαν-

156 872 242 940 τες
273 879 374 949 τὴν
404 879 570 950 θύραν
621 882 1060 955 εἰσεληλύθαμεν,
1094 887 1185 939 καὶ
1235 888 1403 942 πολλὰ
1451 891 1707 963 δυσωπή-

159 985 369 1032 σαντες,
427 970 581 1024 τοῦτο
630 974 722 1026 καὶ
773 976 932 1044 μόνον
978 980 1103 1047 παρ’
1149 978 1310 1032 αὐτοῦ
1361 982 1707 1052 ἀκηκόαμεν·

159 1058 588 1129 Συγχωρήσατεο
643 1064 813 1129 οὐδεὶς
871 1067 1084 1135 μνήμην
1144 1069 1373 1123 θανάτου
1439 1072 1709 1138 ἐγνωκὼς,

157 1147 443 1214 δυνήσεται
476 1150 786 1221 άμαρτῆσαί
816 1169 962 1206 ποτε.
1007 1155 1196 1224 Ἡμεῖς
1241 1158 1295 1211 δὲ
1329 1160 1710 1230 ἐθαμϐούμεοα

156 1238 243 1290 τὸν
271 1238 445 1302 οὕτως
473 1241 661 1311 πρώην
693 1243 868 1313 ἀμελῆ
899 1245 1153 1314 ὁρῶντες,
1186 1248 1356 1312 οὕτως
1390 1251 1581 1322 ἀθρόον
1613 1271 1711 1322 με-

155 1332 581 1400 ταμορφωθέντα
623 1334 721 1403 τὴν
777 1335 1046 1405 μακαρίαν
1085 1338 1365 1395 ἀλλοίωσιν
1416 1343 1509 1395 καὶ
1547 1332 1724 1414 μετα-ι’

142 1421 440 1491 μόρφωσιν
459 1438 472 1452 ·
505 1423 769 1492 θάψαντες
797 1425 852 1478 δέ
875 1427 1036 1480 αὑτὸν
1061 1429 1220 1492 ὁσίως
1259 1431 1315 1482 ἐν
1342 1432 1418 1502 τῷ
1447 1451 1710 1505 κοιμητη-

158 1513 256 1584 ρίῳ
287 1513 368 1584 τῷ
395 1514 620 1584 πλησίον
647 1514 741 1569 τοῦ
769 1516 1004 1586 κάστρου
1023 1536 1037 1548 ⁸
1074 1520 1192 1588 μεθ’
1219 1524 1430 1592 ἡμέραν
1459 1526 1713 1596 ἐπιζητή-

159 1621 349 1668 σαντες
389 1608 450 1658 τὸ
495 1608 650 1675 ἆγιον
691 1607 853 1662 αὑτοῦ
885 1609 1149 1679 λείψανον,
1180 1615 1275 1682 οὐχ
1306 1614 1537 1684 εὕρομεν
1559 1635 1571 1646 ·
1617 1619 1711 1672 τοῦ

155 1693 361 1765 Κυρίου
395 1695 488 1748 καὶ
518 1698 574 1749 ἐν
605 1696 777 1768 τούτῳ
806 1698 904 1768 τὴν
931 1703 1406 1774 μεμεριμνημένην
1437 1705 1596 1759 αὐτοῦ
1619 1709 1712 1760 καὶ

155 1785 465 1849 ἀξιέπαινον
497 1788 781 1856 μετάνοιαν
807 1789 1330 1862 πληροφορήσαντος,
1361 1796 1565 1858 πάντας
1588 1799 1712 1861 τοὺς

157 1877 528 1948 βουλομένους,
567 1879 659 1932 καὶ
705 1881 841 1950 μετὰ
892 1882 1088 1954 πολλὴν
1127 1886 1382 1953 ἀμέλειαν
1418 1888 1711 1958 διορθώσα-
1744 1869 1784 1924 Β

158 1968 276 2020 σθαι
309 1968 387 2038 (6)
410 1986 423 1999 ·
457 1969 643 2042 ῶσπερ
672 1972 771 2042 τὴν
816 1973 1049 2027 ἄϐυσσον
1076 1975 1365 2044 ἀπέρατον,
1401 1981 1542 2042 τινὲς
1575 1977 1711 2035 εἶναι

154 2061 424 2130 ὁρίζονται
439 2077 454 2091 ο
469 2062 629 2115 τόπον
645 2062 750 2134 γάρ
767 2064 936 2135 αὐτὴν
957 2063 1208 2117 καλοῦσιν
1222 2068 1363 2120 auso
1373 2086 1587 2138 μαντον.
1609 2072 1709 2125 Οὖ-

155 2154 306 2222 τωςῄ
337 2152 431 2205 τοῦ
462 2152 688 2206 Θανάτου
730 2155 902 2208 ἔννοια
929 2155 1196 2226 ἄφθαρτον
1225 2159 1314 2210 καὶ
1365 2159 1460 2229 τὴν
1489 2161 1713 2228 ἁγνείαν

157 2245 355 2314 καὶτὴν
375 2246 635 2316 ἐργασίαν
651 2248 927 2316 κέκτηται.
945 2246 1260 2302 Βεϐαιοῦται
1279 2250 1335 2302 δέ
1353 2250 1412 2302 τὸ
1427 2252 1473 2303 εί
1481 2269 1544 2321 ρη
1553 2253 1710 2320 μένον

155 2336 183 2387 ό
204 2337 597 2407 προειρημένος
621 2338 944 2408 ὄσιος.Φόϐῳ
963 2337 1124 2406 φόϐον
1143 2339 1400 2410 διηνεκῶς
1419 2342 1469 2393 οἱ
1486 2343 1710 2396 τοιοῦτοι

157 2430 682 2500 προσλαμϐάνοντες,
710 2432 772 2485 οὐ
804 2434 1064 2485 παύονται
1091 2433 1249 2504 ἄχρις
1292 2433 1358 2488 ἂν
1388 2437 1480 2488 καὶ
1511 2435 1647 2507 αὕτη
1676 2439 1710 2508 ἠ

156 2521 259 2574 τῶν
289 2522 494 2576 ὀστέων
541 2523 886 2594 ἐκδαπανηθῇ
929 2523 1172 2594 δύναμις.
1222 2525 1403 2596 Δῶρον
1442 2527 1576 2580 Θεοῦ
1617 2531 1711 2582 καὶ

155 2615 311 2669 τοῦτο
344 2603 483 2687 μετὰ
525 2619 740 2672 πάντων
771 2619 988 2688 ἀγαθῶν
1019 2614 1154 2673 εἶναι
1187 2621 1410 2684 ἑαυτοὺς
1442 2622 1712 2692 πληροφο-

161 2709 444 2778 ρήσωμεν·
492 2711 616 2763 ἐπεί
670 2728 788 2774 πως
836 2711 1093 2775 πολλάκις
1138 2712 1231 2765 καὶ
1277 2713 1335 2766 ἐν
1378 2714 1558 2776 αὺτοῖς
1601 2717 1710 2777 τοῖς

163 2803 403 2871 μνήμασι
424 2805 874 2876 παραγενόμενοι,
894 2805 1182 2875 άδάκρυτοί
1204 2823 1346 2868 τινες
1365 2807 1458 2860 καὶ
1487 2807 1710 2876 σκληροὶ

159 2892 512 2964 διαμένομεν⁹
537 2895 693 2957 ἐκτὸς
719 2896 776 2948 δὲ
795 2895 898 2966 τῆς
924 2896 1173 2966 τοιαύτης
1202 2896 1433 2966 θεωρίας
1462 2898 1710 2952 πλειστά-

160 3002 243 3048 κις
281 2986 764 3056 καταωσσὼμεθα.
823 2986 882 3040 Ὀ
933 2985 1145 3040 πάντων
1191 2989 1500 3056 νεκρωθεὶς,
1557 2982 1708 3050 οὗτος

161 3076 386 3130 θανάτου
416 3078 814 3149 ἐμνημόνευσεν
832 3093 848 3109 ⁶
879 3079 907 3130 ὁ
935 3079 992 3132 δὲ
1020 3077 1097 3130 ἐτι
1130 3079 1391 3146 σχετικδς,
1416 3079 1477 3131 οὑ
1515 3080 1707 3148 σχολά-

1815 643 1983 698 prope
2033 633 2301 688 exanimis
2363 649 2675 706 reportatus
2718 651 2820 695 est.
2876 642 2992 697 Non
3049 645 3380 699 committam

1813 720 1944 787 quin
1983 722 2074 776 tibi
2107 725 2266 778 etiam
2298 727 2523 782 solitarii
2582 730 2724 786 illius
2745 733 3046 789 Chorebitaa
3076 736 3381 790 factumex-

1815 825 2032 878 ponam.
2071 813 2168 868 llic
2199 817 2474 884 prioribus
2507 823 2686 887 annis,
2720 825 2958 892 neglecta
2990 842 3211 895 prorsus
3266 829 3381 880 ani-

1813 916 1915 956 mae
1960 920 2086 958 cura
2118 916 2171 960 et
2199 909 2397 970 salute.
2430 913 2481 965 in
2511 928 2721 967 summa
2754 917 2872 970 vita:
2903 918 3179 986 religiose
3210 920 3378 987 negli-

1814 993 1989 1058 gentia
2030 998 2359 1054 versabatur.
2403 999 2640 1056 Tandem
2675 1006 2822 1073 gravi
2882 1008 3109 1061 alllictus
3163 1012 3376 1070 morbo,

1812 1097 1934 1137 cum
1965 1085 2031 1139 ad
2058 1098 2296 1143 extrema
2340 1107 2508 1161 prope
2533 1095 2784 1160 venisset,
2811 1097 2877 1151 ad
2902 1099 3063 1154 unius
3085 1100 3226 1153 horae
3253 1116 3376 1168 spa—

1813 1181 1944 1234 tium
1975 1182 2082 1236 vita
2107 1185 2328 1240 omnino
2361 1189 2590 1244 cessisse
2619 1190 2920 1246 videbatur.
2948 1191 3052 1247 Sed
3085 1194 3174 1247 ubi
3204 1195 3268 1247 ad
3322 1211 3380 1250 se
3435 1210 3438 1214 ‘

1813 1273 1990 1337 rediit,
2018 1277 2224 1345 rogavit
2250 1293 2352 1332 nos
2383 1295 2573 1336 omnes
2603 1282 2680 1335 uti
2731 1286 3132 1353 quamprimum
3189 1302 3377 1342 omnes

1811 1364 1879 1416 ab
1910 1364 1999 1418 illo
2045 1368 2435 1424 recederemus.
2466 1370 2767 1443 Statimque
2798 1374 2944 1428 cellae
2977 1389 3092 1429 sua:
3151 1375 3376 1444 januam
3413 1371 3418 1378 ⁷

1811 1454 2100 1522 obstruxit,
2133 1459 2436 1529 mansitque
2466 1461 2539 1516 ita
2572 1463 2814 1518 inclusus
2845 1480 3016 1520 annos
3041 1476 3181 1522 totos
3237 1469 3378 1521 duo-

1811 1543 2008 1607 decim,
2039 1545 2249 1601 nullum
2279 1549 2500 1602 verbum
2541 1566 2665 1604 cum
2699 1552 2810 1606 ullo
2846 1554 3080 1620 locutus,
3141 1556 3378 1626 nihilque

1812 1645 2004 1702 praater
2051 1651 2246 1706 aquam
2286 1649 2340 1693 et
2368 1655 2562 1710 panem
2615 1645 2882 1713 gustabat.
2917 1646 3020 1703 Sed
3073 1650 3259 1703 eodem
3323 1651 3375 1704 in

1813 1723 1929 1778 loco
1970 1728 2249 1795 sessitans,
2281 1745 2342 1784 ea
2376 1747 2497 1799 qua?
2529 1733 2580 1786 in
2610 1750 2832 1789 excessu
2867 1738 3076 1792 viderat
3107 1740 3179 1793 ita
3228 1742 3374 1808 cogi-

1813 1817 2087 1872 tabundus
2121 1821 2449 1887 revolvebat,
2475 1834 2536 1878 ut
2568 1842 2846 1896 nunquam
2879 1831 3079 1898 proprii
3133 1833 3373 1900 corporis

1814 1917 2011 1963 statum
2047 1921 2100 1965 et
2132 1913 2375 1967 habitum
2429 1925 2684 1981 mutaret,
2715 1919 2808 1972 sed
2861 1936 3073 1990 semper
3114 1925 3374 1977 attonitus

1812 2008 1866 2051 et
1893 2001 2036 2053 velut
2065 2001 2130 2054 ab
2168 2003 2418 2057 sensibus
2447 2017 2730 2071 avocatus,
2763 2009 2980 2078 altoque
3017 2013 3231 2066 silentio
3284 2015 3376 2067 de-

1814 2088 1952 2144 ﬁxus
1996 2091 2290 2147 calentibus
2335 2093 2592 2164 lacrymis
2628 2099 2998 2154 mandaretur.
3054 2101 3187 2154 Cum
3248 2117 3378 2158 vero

1808 2179 1919 2249 jam
1957 2183 2030 2235 illi
2062 2198 2209 2238 mors
2239 2185 2562 2249 immineret,
2626 2188 2783 2259 1“
2840 2198 2951 2244 tu'm
3006 2207 3106 2246 nos
3161 2193 3374 2247 effracta

1806 2271 1973 2339 janua
2005 2274 2251 2343 ingressi,
2279 2278 2553 2345 multaque
2587 2281 2784 2346 precati
2842 2281 2942 2335 hoc
2975 2278 3139 2334 unam
3179 2294 3230 2336 et
3285 2301 3376 2336 so-

1811 2360 1920 2414 lum
1970 2364 2038 2416 ab
2073 2365 2164 2417 illo
2218 2367 2578 2422 extorsimus:
2633 2369 2912 2437 Ignoscite,
2973 2373 3161 2440 inquit,
3219 2389 3378 2427 nemo

1811 2450 1903 2519 qui
1928 2454 2118 2507 mortis
2142 2457 2457 2509 memoriam
2488 2458 2669 2510 animo
2706 2459 2960 2522 inﬁxerit,
2987 2477 3222 2530 unquam
3255 2479 3377 2531 pec-

1812 2556 1936 2595 care
1969 2544 2183 2612 poterit.
2215 2544 2336 2607 Quo
2361 2560 2462 2600 nos
2494 2563 2757 2616 responso
2807 2552 3038 2617 perculsi
3094 2553 3376 2620 obstupui-

1813 2647 1955 2697 mus,
1991 2632 2240 2687 admirati
2291 2645 2402 2687 tam
2446 2637 2702 2701 subitam,
2736 2649 2789 2693 et
2819 2640 3029 2694 beatam
3083 2643 3204 2695 vita)
3263 2659 3377 2697 mo-

1813 2738 2041 2792 rumque
2073 2725 2422 2780 mutationem
2455 2737 2508 2781 et
2537 2731 3023 2799 metamorpliosin,
3067 2733 3159 2801 qui
3217 2746 3374 2788 antea

1820 2814 1992 2884 ipsius
2025 2815 2403 2884 negligentiam
2439 2832 2785 2874 noveramus.
2820 2821 2990 2885 Quem
3017 2839 3138 2876 cum
3163 2823 3216 2877 in
3261 2841 3376 2879 caa-

1813 2903 2057 2968 meterio,
2077 2905 2218 2972 quod
2247 2916 2428 2959 castro
2457 2908 2763 2974 proximum
2799 2919 2935 2973 erat,
2959 2909 3364 2980 sepelisscmus,

1812 2992 2071 3062 postridie
2096 2994 2394 3050 revisentes
2449 3005 2698 3050 sanctum
2731 2999 2851 3067 ejus
2875 3015 3073 3070 corpus
3099 3003 3150 3055 in
3191 3005 3376 3072 sepul—

1812 3099 1908 3138 cro
1936 3100 2046 3138 non
2087 3086 2321 3154 amplius
2361 3087 2690 3153 invenimus,
2727 3087 2957 3143 Domino
2983 3092 3144 3144 simul
3179 3093 3230 3144 in
3271 3093 3377 3146 hoc

161 3183 240 3220 σει
274 3169 450 3238 ἐαυτῷ
477 3168 854 3231 άντεπίϐουλος
885 3166 979 3220 ῶν.
1011 3167 1100 3238 Μὴ
1141 3168 1257 3221 θέλε
1289 3169 1364 3237 (7)
1390 3171 1592 3231 πάντας
1621 3170 1707 3221 διὰ

1811 3190 1996 3229 omnes
2024 3175 2272 3240 docente,
2325 3176 2417 3245 qui
2448 3187 2568 3245 post
2603 3179 2816 3248 longam
2879 3182 3041 3234 etiam
3093 3185 3377 3250 praeteritae

161 3258 311 3331 λόγον
336 3261 693 3332 πληροφορεῖν
723 3261 820 3332 τὴν
851 3259 984 3329 πρὸς
1007 3260 1199 3321 αὐτοὺς
1226 3261 1443 3330 ἀγάπην
1465 3275 1479 3290 ⁸
1510 3261 1707 3329 μᾶλλον

159 3353 214 3407 δὲ
239 3354 372 3407 Θεὸν
409 3353 562 3408 αίτοῦ
587 3352 785 3421 ταύτην
814 3352 993 3412 αὐτοῖς
1020 3351 1271 3421 ἀρρήτως
1301 3351 1593 3420 ἐμφανίσαι
1615 3368 1629 3382 ο
1660 3353 1708 3403 εί

160 3447 214 3501 δέ
241 3447 337 3518 μὴ,
378 3447 476 3500 οὐκ
503 3445 781 3516 ἐξαρκέσει
816 3461 896 3497 σοι
929 3445 956 3497 ὁ
985 3443 1170 3513 χρόνος
1201 3443 1334 3512 πρὸς
1375 3444 1584 3513 σχέσεις
1615 3444 1708 3497 καὶ

161 3540 468 3607 κατάνυξιν.
508 3539 599 3608 Μὴ
626 3535 838 3601 ἀπατῶ,
869 3535 1040 3605 ἄφρον
1068 3535 1290 3604 ἐργάτα,
1319 3535 1491 3604 χρόνῳ
1520 3535 1708 3607 χρόνον

122 3653 125 3655 ·
160 3629 535 3701 ἀναπληροῦν
565 3630 625 3681 οὐ
653 3630 760 3699 γὰρ
781 3626 998 3697 ἐξαρκεῖ
1021 3628 1053 3696 ἠ
1075 3626 1256 3696 ἡμέρα
1279 3627 1395 3679 οὐδὲ
1423 3627 1482 3678 τὸ
1511 3627 1707 3695 ἑαυτῆς

161 3722 317 3791 χρέος
361 3721 440 3791 τῷ
485 3720 722 3786 Δεσπότῃ
754 3717 1050 3779 ἀνελλιπῶς
1079 3716 1391 3786 πληρῶσαι·
1432 3717 1582 3786 παρὰ
1618 3718 1710 3770 άν-

161 3811 396 3881 θρὼποις
442 3811 544 3862 οὐκ
587 3809 722 3871 ἐστι,
761 3809 943 3876 φησὶν,
993 3807 1093 3859 οὐκ
1139 3806 1255 3858 ἐστι
1301 3807 1399 3876 τὴν
1441 3808 1710 3860 ἐνστῶσαν

162 3901 370 3970 ἡμέραν
421 3897 656 3959 εὐσεϐῶς
698 3896 968 3959 διεξιέναι,
1021 3896 1070 3947 εί
1127 3896 1202 3966 μὴ
1255 3896 1427 3965 αὐτὴν
1479 3897 1710 3966 ἐσχάτην

161 3991 359 4054 παντὸς
383 3989 479 4042 τοῦ
515 3989 627 4058 βίου
658 3986 1016 4056 λογισώμεθα.
1052 3987 1160 4039 Καὶ
1190 3985 1372 4055 Θαῦμα
1401 3987 1566 4050 ὅντως
1593 3987 1708 4051 πῶς

163 4083 250 4136 καὶ
287 4081 547 4151 Ἔλληνές
592 4096 644 4132 τι
675 4077 910 4131 τοιοῦτον
939 4077 1285 4146 ἐφθέγξαντο,
1321 4076 1442 4129 ἐπεὶ
1484 4077 1577 4129 καὶ
1615 4094 1705 4146 φι-

164 4175 412 4244 λοσοφίαν
436 4173 588 4226 τοῦτο
619 4166 759 4224 εἶναι
783 4170 1069 4240 ὁρίζονται,
1107 4168 1334 4240 μελέτην
1363 4167 1613 4222 θανάτου.

1811 3266 1934 3319 vita:
1960 3265 2340 3329 cessationem,
2372 3275 2427 3321 et
2484 3269 2864 3338 negligentiam
2912 3272 2976 3324 ad
3019 3271 3224 3342 frugem
3292 3290 3376 3328 re-

1753 3401 1768 3411 .
1813 3357 1999 3421 deunt,
2027 3366 2234 3426 gratam
2267 3358 2370 3413 sibi
2405 3357 2576 3414 fuisse
2611 3359 2796 3428 hujus.
2856 3362 3098 3431 adeoque
3132 3366 3374 3418 Omnium

1810 3459 1930 3502 esse
1961 3455 2263 3499 accuratam
2311 3455 2365 3499 et
2393 3446 2715 3501 laudabilem
2743 3451 3137 3518 paenitentiam.
3178 3451 3377 3517 Quem-

1811 3533 2098 3588 admodum
2143 3545 2271 3589 sunt
2325 3537 2423 3605 qui
2498 3538 2756 3608 abyssum
2809 3555 3071 3609 aquarum
3135 3545 3376 3598 altitudi-

1812 3638 1935 3678 nem
1967 3624 2118 3678 vadis
2167 3636 2437 3679 carentem
2495 3627 2795 3694 deliniunt;
2842 3630 3020 3683 locum
3051 3634 3195 3685 enim
3225 3634 3376 3688 illum

1814 3716 2086 3784 appellant
2115 3717 2234 3770 sine
2264 3719 2414 3772 vadis
2440 3718 2633 3790 [fundo
2661 3721 2954 3792 carentem]
2999 3742 3014 3785 ;
3050 3725 3131 3778 sic
3189 3727 3380 3780 mortis

1815 3805 2092 3859 meditatio
2121 3807 2427 3862 castitatem
2462 3819 2742 3872 aeternam,
2776 3820 2830 3864 et
2855 3812 3182 3878 reliquarum
3208 3825 3379 3866 νιι-ιιιο

1815 3903 1930 3950 tum
1961 3899 2397 3953 exercitationem
2429 3900 2535 3954 ﬁne
2577 3910 2848 3955 carentem
2881 3904 3156 3969 possidet:
3233 3907 3377 3973 quod

1814 3985 2017 4040 dictum
2049 3997 2270 4042 sanctus
2309 3988 2397 4042 ille
2427 4004 2586 4056 quem
2618 3990 2781 4043 modo
2832 3990 3043 4046 laudavi
3072 3993 3375 4049 conﬁrmat.

1811 4072 1946 4127 Nam
1977 4075 2030 4128 hi
2076 4077 2211 4130 tales
2261 4077 2508 4131 timorem
2545 4080 2740 4133 timore
2770 4089 2970 4149 augent
2998 4081 3236 4149 assidue,
3280 4099 3379 4138 nec

1813 4176 2030 4222 cessant
2096 4170 2285 4224 abhac
2334 4172 2741 4235 exercitatione,
2800 4173 2970 4228 donec
3043 4175 3205 4230 etiam
3251 4191 3377 4231 ossa

165 4269 500 4324 exhauriant.
569 4264 861 4320 Enimvero
896 4274 950 4319 et
1009 4264 1113 4320 hoc
1165 4279 1380 4334 quoque
1430 4263 1524 4319 Dei
1576 4263 1896 4318 beneficium
1931 4278 2052 4318 esse
2085 4265 2225 4319 inter
2266 4267 2370 4320 alia
2436 4267 2554 4336 ejus
2617 4268 2896 4323 innumera
2964 4271 3104 4327 bona
3152 4269 3380 4342 penitus

164 4362 316 4417 nobis
359 4357 777 4431 persuadeamus
806 4357 1019 4425 quando
1040 4357 1236 4427 saepius
1262 4358 1467 4426 experti
1497 4373 1705 4413 sumus.
1747 4355 1882 4410 Cum
1954 4359 2163 4414 ossaria
2236 4361 2465 4429 ingressi
2517 4362 2720 4414 nullam
2789 4364 3042 4434 lacrymat
3095 4376 3299 4435 guttam
3347 4387 3378 4424 a

163 4456 336 4518 nobis,
411 4461 666 4522 tanquam
725 4449 914 4506 ferreis
966 4450 1250 4520 impetrare
1287 4452 1647 4523 [extorquere]
1683 4453 1979 4522 potuimus,
2014 4468 2137 4508 cum
2197 4463 2376 4509 tamen
2407 4450 2587 4510 'extra'
2644 4459 3014 4526 sepulcrorum
3066 4461 3375 4533 huiusmodi

163 4545 662 4617 contemplationem
692 4543 983 4612 saepissime
1011 4543 1067 4596 in
1122 4543 1344 4607 luctum,
1374 4553 1428 4600 et
1486 4545 1751 4615 lacrymas
1791 4546 2086 4600 solvamur.
2120 4547 2220 4612 Qui
2258 4547 2500 4603 omnium
2533 4566 2712 4605 rerum
2745 4554 2936 4608 aﬁectu
2967 4554 3252 4610 defunctus
3293 4567 3379 4612 est

166 4636 251 4695 hic
273 4652 400 4692 vere
451 4637 640 4692 mortis
697 4633 1012 4690 memoriam
1086 4633 1398 4702 complexus
1457 4645 1558 4692 est.
1623 4635 1777 4707 15.5
1816 4638 1917 4702 Qui
1945 4639 2121 4693 adhuc
2151 4653 2330 4693 rerum
2357 4640 2639 4696 desideriis
2680 4652 2912 4706 tenetur,
2955 4646 3069 4715 ipse
3116 4660 3222 4698 non
3253 4658 3376 4719 ces—

167 4741 250 4787 sat
307 4747 433 4788 esse
465 4731 550 4786 sui
623 4731 794 4800 ipsius
842 4728 1138 4783 insidiator.
1180 4724 1301 4779 Noli
1332 4729 1467 4784 velle
1529 4719 1783 4792 omnibus
1821 4731 2069 4786 allectum
2098 4742 2252 4786 tuum
2292 4734 2495 4788 amoris
2517 4749 2643 4803 erga
2689 4737 2808 4792 illos
2841 4737 3114 4792 declarare
3161 4735 3395 4810 verbis;'

168 4823 330 4880 Deum
365 4824 545 4894 potius
567 4837 724 4891 roga,
756 4831 815 4876 ut
844 4821 956 4890 ipse
983 4832 1179 4872 arcano
1209 4830 1317 4885 quo
1344 4827 1520 4890 potest
1548 4821 1708 4877 modo
1749 4831 1868 4876 tuas
1932 4838 2058 4892 erga
2111 4825 2544 4894 alterum‘partes
2569 4827 2807 4895 impleat.
2830 4827 2983 4892 Quod
3018 4828 3121 4882 nisi
3162 4827 3372 4886 feceris.

168 4933 269 4972 non
318 4918 487 4973 ullum
531 4917 623 4972 tibi
676 4926 885 4984 tempus
951 4911 1178 4969 sufﬁciet
1228 4910 1296 4965 ad
1347 4914 1734 4969 ostendendum
1800 4917 2041 4969 animum
2099 4925 2251 4969 tuum
2293 4932 2422 4985 erga
2467 4919 2624 4982 alios,
2673 4927 2729 4973 et
2778 4921 2845 4972 ad
2899 4922 3372 4990 compunctionem

169 5009 330 5063 animi
356 5007 724 5063 excitandum.
750 5005 827 5061 Ne
852 5005 1056 5071 fallare,
1117 5001 1309 5060 stolide
1343 5007 1692 5071 mercenarie,
1733 5017 1944 5077 tempus
1992 5016 2234 5075 tempore
2287 5009 2598 5063 redimendo
2631 5027 2644 5063 :
2675 5026 2775 5066 nec
2801 5014 2946 5067 enim
3016 5028 3116 5068 suo
3177 5015 3372 5086 cuique

168 5093 345 5149 debito
372 5095 522 5165 operi
559 5109 658 5150 sua
679 5095 792 5149 dies
824 5094 1036 5158 suﬁicit,
1068 5101 1126 5146 ut
1185 5091 1314 5144 illud
1349 5089 1458 5145 Deo
1521 5093 1785 5165 integrum
1825 5096 2148 5165 plenumque
2180 5107 2609 5165 repraesentetur.
2647 5099 2787 5155 Fieri
2837 5117 2943 5156 non
2979 5115 3173 5174 potest,
3197 5107 3373 5176 inquit

168 5197 458 5252 nonnemo,
505 5203 614 5242 non
651 5195 826 5256 potest
868 5187 982 5243 ﬁeri
1011 5187 1150 5241 inter
1208 5183 1503 5249 mortales,
1552 5196 1612 5240 ut
1669 5197 1983 5256 praesentem
2042 5187 2182 5242 diem
2229 5190 2362 5244 satis
2406 5191 2490 5258 pie
2565 5193 2929 5261 religioseque
2983 5197 3362 5265 transigamus,

173 5275 273 5330 nisi
313 5277 469 5332 illum
503 5263 680 5350 ipsum
725 5280 863 5334 diem
907 5279 1070 5334 totius
1135 5278 1254 5331 vitae
1311 5290 1619 5345 supremum
1693 5282 2045 5348 ultimumque
2120 5270 2518 5338 existimemus.
2590 5281 2656 5338 Et
2729 5299 2860 5338 sane
2917 5263 3208 5354 permirum
3261 5292 3364 5346 est,

175 5367 443 5432 quomodo
468 5378 523 5424 et
583 5371 775 5441 pagani
817 5371 1102 5440 scriptores
1137 5369 1210 5440 (b)
1248 5365 1450 5436 aliquid
1510 5367 1573 5424 id.
1604 5386 1778 5441 genus
1810 5372 2234 5442 pronuntiarint,
2274 5375 2369 5445 qui
2418 5376 2657 5431 studium
2723 5377 2999 5447 sapientiae
3046 5378 3180 5433 nihil
3219 5373 3366 5428 aliud

175 5465 289 5508 esse
322 5455 578 5510 dixerunt
633 5475 796 5528 quam
823 5459 1228 5515 meditationem
1265 5457 1472 5513 mortis.

244 5687 316 5761 ll)
363 5682 494 5761 ἰξτιι
529 5684 747 5761 ,Κυρίου
788 5689 1002 5761 _absunt
1045 5687 1100 5745 in
1149 5687 1461 5761 Augustauo
1503 5686 1708 5754 codice,
1756 5671 1768 5679 ’

1884 5685 1958 5760 (b_)
1985 5683 2157 5760 Plato.
2180 5684 2314 5745 Vide
2362 5685 2556 5744 Praelat
2620 5699 2858 5747 nostram
2887 5686 2953 5742 ad
2983 5685 3268 5760 Symagma
3295 5705 3363 5746 ac

185 5753 270 5812 sed
293 5753 343 5807 in
367 5751 491 5806 aliis
510 5751 759 5810 omnibus
787 5757 1053 5828 leguntur.

1815 5755 2169 5812 morientibus.
