4050 6338
690 304 794 367 ’199

1914 289 1974 349 ς.
1996 283 2308 350 JOANNIS
2339 285 2634 345 CLIMACI

3753 286 3870 346 δυο

759 413 862 480 Qui
926 420 1133 466 sextum
1172 408 1315 475 hunc
1359 403 1580 475 gradum
1609 402 1927 465 ascenderit,
1968 400 2262 466 deincepsl

2392 395 2557 465 Ἔκτη
2584 395 2856 456 ἀνάὀασις·
2882 395 2910 447 ό
2926 393 3143 456 ἀναϐας,
3167 411 3225 447 ου
3251 412 3323 464 μη
3348 394 3529 448 Λοιπὸν
3554 395 3869 466 ἀμαρτηπι

692 522 798 562 non
843 501 1079 572 peccabit
1108 503 1363 567 unquam.
1409 514 1428 547 ι
1474 494 1765 549 Memorare
1796 493 2085 550 novissima
2115 500 2227 556 tua,

694 604 747 650 et
766 595 817 647 in
844 602 1097 647 aeternum
1127 602 1230 642 non
1253 584 1499 655 peccabis
1526 582 1620 635 η.»

1038 715 1319 774 SCHOLIA
1349 717 1438 771 AD
1479 713 1765 770 GBADUM
1793 713 1878 770 Vl.

1329 829 1400 882 De
1427 838 1613 881 morte.

1298 918 1543 974 Scholion
1578 918 1629 975 1.

766 1016 847 1072 Ex
879 1014 1069 1069 mortis
1092 1011 1350 1066 memoria
1382 1011 1464 1065 hae
1506 1018 1619 1064 tres
1647 1008 1873 1062 virtutes
1908 1007 2178 1062 exsistunt
2208 1024 2231 1060 τ

701 1088 878 1163 nudus
907 1106 975 1159 ab
995 1103 1241 1158 omnibus
1284 1102 1446 1157 rebus
1495 1100 1849 1170 praesentibus
1874 1098 2116 1164 affectus,
2145 1113 2235 1179 as:

700 1201 857 1256 sidua
882 1197 1074 1259 oratio,
1106 1202 1159 1249 et
1194 1194 1389 1248 mentis
1414 1191 1677 1247 custodia.

1306 1282 1550 1338 Scholion
1578 1283 1632 1336 2.

772 1376 974 1441 Mortis,
1006 1373 1199 1445 inquit,
1219 1373 1579 1429 consideratio
1608 1372 1730 1427 illos
1751 1372 1843 1443 qui
1862 1371 1963 1427 sub
1993 1370 2239 1441 religiosa

704 1467 985 1536 disciplina
1001 1465 1206 1531 vivunt,
1225 1462 1397 1518 reddit
1415 1464 1661 1517 laborum
1686 1463 1964 1532 patientes,
1982 1459 2243 1531 eﬂicitque

707 1567 767 1613 ut
798 1556 1106 1627 ignominiis
1146 1555 1316 1625 magis
1368 1553 1701 1608 delectentur
1745 1570 1759 1606 :
1807 1551 2060 1607 solitariis
2115 1566 2244 1607 vero

712 1647 867 1719 146
888 1663 1101 1703 omnem
1131 1661 1308 1700 rerum
1343 1645 1698 1699 humanarum
1739 1658 1923 1698 curam
1952 1643 2139 1699 eximit
2185 1650 2246 1698 ut

709 1743 836 1797 solis
872 1739 1117 1809 precibus
1148 1745 1200 1792 et
1226 1736 1658 1791 meditationibus
1694 1744 1903 1791 vacent.

1260 1828 1505 1883 Scholion
1536 1820 1700 1882 aliud.

779 1918 1124 1973 Anachoreta:
1173 1917 1263 1985 qui
1330 1931 1386 1969 se
1445 1916 1646 1969 mundo
1689 1915 2023 1977 abdicarunt,
2070 1928 2253 1968 amore

712 2008 1038 2080 paupertatis
1076 2015 1128 2061 et
1164 2007 1389 2075 propriae
1434 2005 1721 2059 voluntatis
1749 2003 1958 2058 excidio
1989 2002 2250 2068 destituti,

712 2103 838 2155 dum
873 2100 922 2153 in
952 2099 1063 2167 ipsa
1094 2096 1283 2151 mortis
1326 2095 1674 2150 meditatione
1717 2102 2016 2159 versantur,
2046 2102 2253 2163 pertur-

712 2192 826 2246 bari
859 2191 1051 2245 solent.
1669 2198 1679 2207 '

1263 2278 1509 2333 Scholion
1541 2278 1707 2339 aliud.

789 2370 941 2440 Apud
974 2369 1094 2425 illos
1122 2368 1337 2438 quidem
1362 2369 1451 2439 qui
1473 2370 1527 2422 in
1549 2369 1739 2423 mediis
1776 2367 2052 2423 hominum
2082 2368 2256 2425 turbis

718 2462 924 2524 vivunt,
967 2467 1111 2514 creat
1160 2458 1371 2513 labores
1425 2467 1479 2516 et
1528 2468 1887 2527 nugamenta,
1935 2470 2029 2513 aut
2084 2460 2259 2527 potius

718 2552 1107 2623 ignominiosae
1128 2552 1425 2620 voluptates
1455 2570 1467 2604 :
1498 2552 1639 2620 apud
1670 2552 1790 2606 illos
1834 2567 1959 2605 vero
1987 2553 2081 2616 qui
2109 2560 2262 2605 extra

721 2637 1008 2690 tumultum
1049 2638 1271 2706 degunt,
1320 2651 1571 2706 curarum
1626 2636 1976 2704 abjectionem
2018 2638 2181 2707 parit,
2209 2645 2263 2692 et

625 2737 629 2741 '
720 2726 967 2780 assiduas
1002 2739 1185 2794 preces
1242 2734 1296 2779 et
1332 2726 1527 2780 mentis
1571 2727 1911 2781 custodiam:
1947 2736 2040 2781 aut
2124 2727 2262 2796 apud

722 2816 1017 2871 monachos
1049 2815 1186 2870 inter
1210 2815 1413 2870 medias
1460 2816 1645 2870 mundi
1687 2816 1870 2871 turbas
1916 2816 2260 2885 negligenter,

722 2923 823 2963 nec
861 2906 1157 2963 secundum
1184 2907 1346 2961 Deum
1366 2907 1623 2973 viventes,
1653 2907 1865 2964 labores
1884 2908 2100 2979 quidem
2124 2910 2265 2979 parit

2327 487 2473 539 ποτέ.
2508 506 2527 536 ‹
2566 486 3035 557 ’Υπερμιμνήσκου
3073 485 3140 537 τά
3165 485 3363 555 ἔσχατά
3392 504 3503 551 σου,
3541 486 3635 539 καὶ
3659 488 3737 549 εἰς
3768 486 3871 537 τὸν

2327 578 2496 632 αίῶνα
2524 579 2584 631 οὐ
2612 579 2685 649 μὴ
2709 579 2975 650 ἁμάρτῃς.
3006 598 3024 631 ι

2700 713 2943 766 ΣΧΟΛΙΑ
2991 712 3096 765 ΕΙΣ
3130 712 3351 766 ΛΟΓΟΝ
3385 715 3474 780 ς’.

2866 828 3000 895 Περὶ
3034 826 3307 883 θανάτου.

2910 920 3162 987 Σχόλιον
3193 926 3263 975 α’.

2415 1008 2507 1063 Ἐκ
2547 1011 2646 1079 τῆς
2690 1010 2905 1079 μνήμης
2933 1010 3156 1063 θανάτου
3189 1009 3479 1077 γεννῶνται
3517 1014 3663 1081 τρεῖς
3704 1003 3873 1065 αὗται

2333 1098 2542 1170 ἀρεταὶ,
2572 1099 2604 1167 ή
2632 1098 3018 1167 ἀπροσπάθεια,
3050 1100 3082 1168 ή
3109 1099 3442 1163 ἀδιάλειπτος
3463 1101 3751 1170 προσευχὴ,
3780 1100 3878 1155 καὶ

2335 1190 2369 1260 η
2390 1188 2481 1242 τοῦ
2508 1188 2623 1252 νοὸς
2652 1188 2883 1259 φυλακή.

2935 1282 3182 1357 Σχρλιον
3210 1281 3274 1351 β’.

2392 1370 2478 1424 ηἮ
2522 1370 2612 1424 τοῦ
2648 1370 2895 1437 Θανάτου,
2935 1374 3114 1442 φησὶν,
3147 1374 3322 1439 ἔννοια
3370 1374 3493 1437 τοὺς
3537 1375 3594 1427 ὲν
3625 1374 3878 1444 ὑποταγῇ

2338 1462 2664 1532 φερεπόνσυς
2699 1466 2858 1528 ποιεῖ,
2888 1465 2978 1516 καὶ
3010 1465 3127 1527 ταῖς
3156 1464 3395 1534 ἀτιμίαις
3419 1465 3704 1535 ἡδομένους
3733 1466 3878 1534 μᾶλ-

2337 1551 2446 1616 λον,
2496 1553 2621 1616 τοὺς
2669 1553 2724 1604 δὲ
2768 1553 2829 1604 ὲν
2880 1554 3071 1624 ήσυχίᾳ
3125 1554 3456 1623 ἀφρόντιδας,
3490 1556 3580 1608 καὶ
3629 1556 3766 1627 μόνῃ
3809 1558 3880 1627 τῇ

2277 1716 2324 1776 Β
2342 1644 2494 1715 εὐχῇ,
2519 1646 2613 1698 καὶ
2640 1646 2705 1715 τῇ
2730 1646 2995 1715 προσευχῇ
3024 1644 3371 1713 σχολάζοντας
3395 1645 3500 1701 ἀεί.
3556 1716 3563 1722 '

2890 1828 2935 1879 Σ
2936 1827 3141 1893 χόλων
3168 1823 3341 1878 ἄλλο.

2418 1916 2540 1978 Τοῖς
2558 1916 2929 1987 ἀναχωρήσασι
2957 1916 3051 1986 μὲν
3070 1914 3162 1968 τοῦ
3184 1914 3405 1984 κόσμου,
3430 1913 3503 1983 μή
3523 1911 3885 1983 κτησαμένοις

2350 2008 2487 2078 ἀκτη
2495 2008 2743 2079 μοσύνην,
2762 2010 2853 2061 καὶ
2872 2008 3105 2078 ἐκκοπὴν
3125 2006 3249 2078 θελη
3256 2006 3457 2078 μάτων,
3478 2004 3697 2076 θόρυϐον
3716 2005 3887 2074 γεννᾷ

2351 2103 2410 2155 ὲν
2439 2104 2504 2171 τῇ
2538 2101 2722 2172 μνήμῃ
2744 2099 2836 2153 τοῦ
2866 2099 3109 2154 θανάτου.

2900 2278 3148 2347 Σχόλιον
3173 2276 3344 2330 ἄλλο.

2424 2373 2581 2445 Παρά
2632 2373 2729 2442 μὲν
2777 2372 2888 2432 τοῖς
2923 2371 2979 2423 ὲν
3023 2369 3168 2439 μέσῳ
3203 2367 3365 2437 γεννᾷ
3408 2366 3599 2427 πόνους
3644 2363 3740 2417 καὶ
3769 2362 3889 2415 ἀδο-

2355 2464 2591 2533 λεσχίας,
2628 2461 2822 2530 μᾶλλον
2847 2461 2903 2513 δὲ
2930 2459 3145 2529 ἀτιμίας
3174 2457 3457 2529 ήδύτητας·
3487 2456 3634 2526 παρά
3675 2456 3733 2508 δὲ
3777 2456 3892 2516 τοῖς

2357 2555 2508 2619 ἐκτὸς
2538 2552 2781 2624 θορύϐου,
2806 2551 3089 2622 φροντίδων
3116 2548 3386 2610 ἀπόθεσιν,
3411 2547 3502 2601 καὶ
3532 2547 3693 2617 εὐχὴν
3716 2547 3892 2615 διηνε·

2359 2646 2450 2716 κῆ,
2486 2645 2579 2699 καὶ
2607 2643 2724 2707 νοὸς
2760 2642 3017 2712 φυλακήν·
3046 2643 3207 2711 ήγουν
3228 2639 3374 2712 παρὰ
3402 2638 3499 2710 μὲν
3524 2642 3631 2701 τοῖς
3663 2639 3722 2702 ὲν
3746 2638 3893 2707 μέσῳ

2359 2738 2559 2807 κόσμου
2606 2737 2850 2806 μοναχοῖς
2899 2734 3110 2804 ἀμελῶς
3148 2732 3299 2797 ζῶσι,
3332 2731 3437 2806 ,καὶ
3469 2731 3540 2801 μή
3568 2731 3709 2783 κατά
3735 2729 3889 2787 Θεὸν.

2360 2827 2550 2891 πόνους
2582 2826 2680 2897 μὲν
2703 2827 2862 2895 γεννᾷ
2889 2826 3005 2894 ήτοι
3040 2824 3254 2886 κόπουςο
3277 2821 3553 2892 ματαίους,
3585 2821 3679 2874 καὶ
3710 2818 3889 2873 ἀδολε-

2363 2920 2534 2989 σχίας,
2572 2920 2689 2989 ήτοι
2719 2918 2905 2985 λόγους
2946 2915 3229 2985 ἀνωφελεῖς
3271 2915 3363 2968 καὶ
3407 2912 3755 2984 μωρολογίας,
3800 2909 3892 2961 καὶ

664 3062 677 3070 γ
725 3007 821 3053 aut
848 2998 1066 3053 inutiles
1104 2996 1514 3067 defatigationes
1536 3007 1589 3053 et
1621 3000 1954 3068 nugationes,
1986 3011 2078 3055 aut
2098 3001 2262 3055 inuti-

2363 3012 2625 3082 ήδύτητας
2675 3008 2911 3078 ἀτιμίας,
2948 3009 3112 3077 ἦγουν
3156 3004 3507 3075 ἀνηδομένους
3544 3003 3730 3071 ὥσπερ
3775 3001 3889 3060 ταῖς

725 3090 804 3147 les
830 3103 1104 3145 sermones
1129 3097 1182 3144 et
1207 3088 1534 3158 stultiloquia
1548 3098 1601 3145 et
1619 3090 1996 3146 delectationes
2014 3091 2261 3149 infames.

728 3173 2267 3267 ......I..'.'......apud

728 3270 847 3325 illos
877 3271 969 3341 qui
1018 3278 1169 3325 extra
1220 3269 1497 3325 hominum
1548 3281 1717 3352 cintus
1767 3272 1985 3343 degunt,
2017 3289 2267 3329 curarum

731 3361 1145 3427 abdicationem,
1173 3371 1227 3427 et
1252 3377 1434 3430 preces
1483 3358 1551 3415 et
1580 3362 1776 3417 mentis
1811 3364 2111 3432 custodiam
2139 3382 2155 3419 :
2186 3366 2271 3422 his

730 3452 875 3506 enim
905 3465 1047 3505 curae
1070 3458 1195 3505 sunt
1215 3460 1474 3519 praecepta
1496 3450 1694 3506 Christi
1726 3460 1779 3507 et
1805 3452 2008 3509 reditus
2035 3469 2129 3508 seu
2144 3469 2273 3510 con-

732 3542 907 3597 versio
928 3540 992 3594 ad
1013 3539 1180 3593 illum.
1264 3538 1267 3541 ’

1343 3628 1590 3683 Scholion
1611 3628 1658 3684 '5.

804 3717 1014 3775 Oblivio
1042 3719 1413 3774 mandatorum
1453 3718 1567 3783 Dei,
1600 3727 1653 3773 et
1703 3717 1855 3773 liberi
1910 3720 2117 3776 arbitrii
2154 3737 2273 3792 per—

733 3812 962 3867 versitas
977 3818 1069 3867 cer
1090 3821 1381 3876 excaecant,
1404 3818 1457 3865 et
1478 3812 1980 3882 mentemstupidam
1998 3813 2238 3870 emciunt
2258 3837 2271 3871 :

735 3904 879 3958 sivec
897 3912 1071 3968 ontra,
1104 3911 1333 3957 mentem
1364 3911 1655 3970 excaecant,
1686 3913 1741 3959 et
1768 3919 1863 3961 cor
1885 3906 2134 3962 insensile
2161 3910 2273 3963 sive
2308 3894 2309 3897 “

735 4006 955 4046 saxeum
996 3989 1241 4045 reddunt.

1341 4077 1583 4134 Scholion
1608 4080 1658 4135 Δ.

804 4166 937 4231 Quae
958 4166 1074 4221 aliis
1098 4176 1223 4220 sunt
1253 4166 1417 4220 ardua
1434 4176 1487 4220 et
1508 4166 1767 4234 difficilia,
1803 4169 1916 4225 haec
1943 4171 2107 4241 probe
2128 4187 2277 4227 exer-

741 4252 919 4305 citatis
945 4260 1071 4305 suut
1101 4252 1277 4320 gaudii
1302 4261 1357 4307 et
1382 4253 1599 4321 tripudii
1622 4271 1781 4311 causa
1815 4266 1867 4312 et
1897 4274 2026 4313 ansa
2052 4276 2065 4314 :
2095 4270 2276 4329 utpote

2357 3102 2603 3173 ’ἀτιμίαις
2636 3101 2730 3172 (a)°
2762 3099 2907 3170 παρά
2936 3098 2993 3151 δὲ
3023 3099 3131 3160 τοῖς
3163 3095 3315 3158 ἐκτὸς
3349 3092 3595 3163 θορύϐου,
3635 3090 3890 3144 ἀπόθεσιν

2365 3190 2653 3261 φροντίδων
2689 3188 2780 3243 καὶ
2822 3187 3002 3257 εὐχὴν,
3033 3186 3125 3240 καὶ
3156 3186 3271 3246 νοὸς
3301 3182 3561 3253 φυλακήν
3595 3178 3753 3250 ἔργον
3786 3178 3891 3247 γὰρ

2366 3281 2569 3343 τούτοις
2594 3282 2647 3333 αί
2667 3279 2874 3333 ἐντολαὶ
2904 3278 2996 3332 τοῦ
3028 3274 3257 3344 Χριστοῦ
3280 3274 3372 3328 καὶ
3389 3274 3424 3344 ή
3452 3271 3587 3342 πρὸς
3606 3269 3769 3323 αὐτὸν
3798 3269 3893 3320 ἑπ-

2368 3370 2571 3433 ἀνοδος.

2946 3629 3199 3699 Σχόλιον
3239 3636 3309 3698 γ’.

2438 3723 2586 3793 Λήθη
2612 3722 2718 3775 τῶν
2747 3722 2899 3775 θείων
2922 3720 3164 3787 ἐντολῶν,
3190 3722 3283 3775 καί
3307 3720 3631 3793 παρατραπή
3657 3719 3750 3773 τοῦ
3772 3719 3890 3775 αὑτ-

2370 3816 2609 3881 εξουσίου
2642 3814 2862 3885 καρδίαν
2890 3815 3312 3885 πεπωρωμένην,
3344 3813 3436 3869 καὶ
3456 3813 3891 3901 πῦηάλγητον

2369 3905 2781 3977 ἀπεργάζονται·
2834 3903 2869 3971 ἢ
2917 3903 2978 3956 τὸ
3028 3903 3278 3974 ἔμπαλιν,
3315 3904 3449 3959 νοῦν
3479 3902 3887 3975 πεταυρωμένον,

2371 3998 2463 4054 καὶ
2486 3998 2708 4068 καρδίαν
2734 3995 3049 4067 ἀνάλγητον.

2963 4088 3215 4140 Στόλων
3239 4086 3301 4140 δ’.

2963 4104 3215 4155 ι’χοκιον
3239 4104 3301 4140 ον.
3682 4140 3686 4146 λ

2436 4180 2521 4234 Τὰ
2543 4178 2745 4256 ἑτέροις
2767 4177 3019 4247 δυσχερῆ,
3047 4180 3155 4242 τοῖς
3182 4180 3320 4232 κατά
3355 4177 3549 4250 πρᾶξιν
3586 4170 3887 4244 εὐδοκιμοῦ-

2376 4284 2459 4321 σιν
2482 4266 2861 4335 ἀγαλλιάσεως,
2897 4266 2987 4319 καὶ
3010 4265 3264 4337 θυμηδίας
3296 4266 3444 4321 αῐτια
3462 4265 3718 4333 γίνονται·
3748 4260 3888 4330 εὐχέ-

740 4342 833 4410 qui
861 4340 962 4395 sibi
1003 4338 1308 4393 facilitatem
1357 4354 1461 4393 usu
1517 4340 1633 4410 ipso
1659 4342 1711 4395 in
1748 4343 1831 4397 bis
1854 4354 2191 4412 pepererunt,
2219 4354 2262 4399 cl

2373 4376 2521 4431 ρειαν
2567 4359 2630 4409 ὲκ
2681 4356 2867 4426 πείρας
2921 4355 3053 4426 πρὸς
3106 4354 3274 4409 ταῦτα
3317 4352 3630 4421 κτωμένοις,
3674 4350 3767 4403 καὶ
3815 4352 3885 4409 είς

742 4449 838 4503 per
870 4447 931 4487 ea
958 4431 1022 4486 ad
1052 4428 1427 4500 perfectionem
1451 4429 1807 4496 profecerunt.
1831 4432 2126 4500 Imperfecti
2150 4450 2277 4488 vero

741 4538 848 4577 non
881 4524 997 4576 sine
1052 4518 1235 4574 labore
1279 4516 1407 4571 talia
1441 4518 1728 4587 attingunt,
1787 4520 1835 4575 si
1886 4529 2061 4575 tamen
2114 4523 2277 4577 attin-

739 4619 891 4682 gunL

841 4705 847 4714 '
1348 4694 1597 4753 Scholion
1624 4696 1673 4752 5.

808 4789 976 4856 Adeo,
1010 4788 1203 4858 inquit,
1233 4786 1421 4841 habuit
1456 4785 1772 4841 familiarem
1804 4790 2111 4845 memoriam
2135 4808 2273 4848 mor-

744 4877 813 4931 tis
842 4879 1137 4933 monachus
1161 4877 1248 4932 hic
1263 4875 1565 4947 Egyptius,
1590 4874 1659 4930 de
1685 4870 1791 4945 quo
1825 4883 2157 4949 memoravit,
2188 4894 2266 4948 ut,

743 4966 901 5021 etiam
924 4966 1206 5020 multorum
1236 4966 1438 5020 dierum
1477 4965 1620 5020 fame
1644 4978 1883 5038 urgente,
1918 4984 2023 5024 non
2039 4975 2271 5042 potuerit

745 5063 922 5106 tamen
942 5056 1249 5107 memoriam
1284 5052 1565 5122 mortisab
1596 5069 1673 5116 se,
1708 5058 1953 5124 quamvis
1971 5061 2150 5129 vellet,
2179 5079 2266 5120 re-

745 5140 958 5212 pellere,
984 5138 1092 5192 imo
1120 5153 1246 5194 vero
1279 5140 1393 5195 haec
1419 5140 1613 5195 famem
1644 5142 1811 5211 ipsam
1826 5145 2069 5217 depulit.‘

813 5309 856 5340 “
892 5304 1057 5360 Eccli.
1087 5320 1185 5367 am,
1216 5304 1305 5358 40.

812 5425 890 5494 (α)
925 5424 1100 5496 Locus
1132 5431 1419 5496 corruptus
1467 5430 1558 5496 aut
1602 5423 1735 5496 mihi
1792 5442 1897 5483 non
1948 5431 2263 5496 intellectus.

743 5491 923 5577 ωερε
948 5491 1862 5577 δενηεξομένοεςεεγεῖςεᾲεςμεαιςνμιίεί
1916 5500 2055 5577 es“
2102 5491 2267 5577 te“

854 5559 1196 5640 ἀνηδομένοις
1226 5559 1413 5629 ὥσπερ
1435 5559 1854 5640 ςταῖςράτιμίαις,
1889 5559 2000 5624 sive
2030 5559 2262 5633 non'ab;

785 5628 1029 5712 dmn'tes'
1089 5639 1339 5702 tauquam
1386 5628 1466 5684 ab
1520 5628 1808 5687 infamibus
1840 5628 1960 5692 ’scu
1998 5628 2265 5712 turpibus

2378 4446 2654 4519 προκοπὴν
2698 4446 3024 4517 τελειότητος
3056 4445 3365 4515 φθάνουσιν.
3398 4443 3461 4494 Ol
3484 4440 3529 4493 δ’
3565 4439 3646 4492 ἔτι
3695 4438 3887 4502 ἀτελεῖς

2378 4541 2526 4610 κόπῳ
2547 4538 2715 4593 ταῦτα
2748 4537 3111 4610 μετέρχονται,
3132 4536 3240 4589 κάν
3265 4531 3644 4603 μετέρχωνται.
3750 4535 3760 4597 γ’

2957 4708 3005 4761 Σ
3004 4705 3210 4774 χόλισν
3253 4706 3315 4755 ε’.

2444 4799 2738 4869 Τοσαύτην,
2772 4797 2951 4868 φησιν,
2984 4795 3137 4863 ἔσχεν
3182 4791 3387 4844 ἔνοικον
3554 4788 3769 4859 μνήμην
3799 4786 3880 4840 τοῦ

2369 4891 2593 4945 θανάτου
2620 4893 2651 4944 ὁ
2674 4890 2855 4961 ῥηθεὶς
2880 4883 3166 4954 Δίγύπτιος
3189 4880 3436 4952 μοναχδς,
3456 4881 3536 4934 ὅτι
3564 4879 3655 4934 καὶ
3674 4878 3774 4933 ὑπὸ
3797 4875 3881 4948 τῆς

2366 4980 2705 5052 πολυημέρου
2743 4979 2929 5046 πείνης
2952 4970 3404 5041 ἀναγκαζόμενος,
3425 4969 3524 5021 οὐκ
3546 4967 3773 5053 ἠδυνήθη
3793 4968 3878 5036 τὴν

2369 5074 2583 5143 μνήμην
2610 5070 2703 5131 τοῦ
2724 5069 2948 5123 θανάτου
2977 5063 3036 5128 ἑξ
3059 5062 3221 5117 αὑτοῦ
3245 5059 3449 5143 διῶξαι,
3481 5062 3677 5132 καίπερ
3703 5061 3875 5134 βουλη-

2366 5141 2493 5228 θείςέ
2524 5164 2656 5219 ἀλλὰ
2686 5161 2880 5234 μᾶλλον
2908 5157 3043 5227 αὕτη
3070 5154 3171 5227 τήν
3194 5157 3378 5211 πεῖναν
3403 5141 3635 5221 ἐδίωξεν.

2370 5448 2509 5518 apud
2542 5446 2853 5503 monachos.
2877 5440 3075 5521 Nempe
3102 5454 3207 5521 non
3237 5438 3604 5521 abhorrentes,
3626 5438 3868 5521 ἀνηδοεεέτ

2369 5510 2499 5583 νόις,
2544 5512 2981 5582 nou,respoudet
3011 5510 3210 5565 Grecis
3250 5513 3399 5585 παρά
3452 5516 3563 5578 τοῖς
3590 5510 3865 5585 ἥμοναχοις

2370 5586 2708 5645 scribendum
2737 5597 2864 5651 ergo
2892 5579 3248 5652 ἀνηδομένοις.
3871 5579 3878 5591 ‘
