4050 6338
144 459 239 524 801
1126 454 1370 514 ‘SCALA
1396 448 1767 513 PARADISI.
1796 474 1862 484 -
1893 450 2196 512 GRADUS
2234 452 2362 513 VII.
3234 448 3339 510 802

752 572 1006 641 Σχόλιον
1035 573 1084 635 ς’
1094 610 1106 622 .

2408 565 2651 621 Scholion
2680 563 2733 619 6.

213 666 444 737 Ὠσπερ,
501 663 688 736 φησὶν,
747 664 1050 735 ἀμέτρητον
1097 660 1189 713 καὶ
1230 656 1605 727 ἀκατάληπτον
1631 654 1693 708 τὸ

1860 653 2340 723 Quemadmodum,
2386 659 2580 728 inquit,
2613 659 2873 711 immensa
2928 662 2983 709 et
3034 653 3339 720 incompre-

144 759 306 828 βάθος
358 757 460 827 τῆς
512 756 804 825 Θαλάσσης,
861 755 999 808 οὕτω
1054 753 1147 805 καὶ
1190 753 1251 803 τὸ
1284 750 1433 811 τέλος
1475 748 1693 817 ἁγνείας

1799 739 1957 794 hensa
1988 742 2152 795 maris
2182 752 2266 797 est
2303 743 2556 805 altitudo.
2614 744 2687 798 ita
2749 742 2874 796 linis
2926 748 3089 795 casta:
3145 737 3342 792 mentis

141 826 423 919 ἀφθαστον
449 848 545 919 (ο)·
581 849 822 902 τουτέστι
857 846 1003 907 τέλος
1036 843 1110 914 μὴ
1152 842 1273 913 ἔχον
1305 840 1453 911 παρά
1492 842 1602 902 τοῖς
1636 838 1692 890 ὲν

1799 843 1947 898 quem
1980 833 2288 900 assequaris
2313 834 2490 887 nullus
2520 843 2622 895 est,
2652 834 2752 886 hoc
2781 839 2883 897 est,
2916 832 3020 885 line
3040 843 3185 883 caret
3202 826 3341 896 apud

142 918 390 1011 αίσθήσει
421 918 647 1010 καρδίας
676 939 771 1009 τὴν
804 938 1021 1009 μνήμην
1045 933 1138 988 τοῦ
1168 933 1394 986 θανάτου
1423 928 1691 999 κεκτημέ-

1799 931 1883 972 eos
1910 920 2003 988 qui
2027 920 2079 973 in
2110 937 2268 977 sensu
2298 924 2475 979 cordis
2500 925 2690 979 mortis
2712 924 2811 978 sibi
2835 922 3147 976 memoriam
3182 918 3341 990 147

142 1048 267 1096 νοις.
288 1006 599 1086 ⁷Ἀδύνατον
647 1006 753 1101 γὰρ
804 1006 1085 1099 ἀνσρωπον
1112 1024 1360 1079 ταπεινὸν
1398 1022 1490 1077 καὶ
1521 1022 1693 1091 διηνε-

1799 1007 2194 1077 impresserunt.
2234 1010 2371 1067 Fieri
2399 1015 2598 1084 quippe
2620 1016 2764 1068 nulla
2810 1014 3016 1067 ratione
3048 1020 3240 1078 potest.
3280 1017 3341 1063 ut

139 1124 249 1187 κῶς
270 1122 367 1177 τοῦ
400 1124 628 1177 θανάτου
659 1120 1059 1193 μνημονεύοντα
1091 1118 1260 1170 εἰπεῖν
1288 1131 1418 1168 ποτε
1443 1114 1692 1183 φαρισαῖ-

1799 1094 1952 1151 homo
1995 1096 2284 1165 demissus,
2336 1104 2428 1172 qui
2467 1115 2690 1158 mortem
2730 1102 2943 1157 assidua
2993 1101 3339 1154 meditatione

141 1186 271 1276 κῶς,
297 1214 381 1266 ὅτι
407 1186 917 1283 Πὲφθακατδτὲλος
936 1211 1031 1279 τῆς
1060 1207 1295 1278 ἁγνείας,
1325 1203 1583 1265 τουτέστι,
1609 1198 1694 1253 τέ·-

1799 1186 2031 1251 revolvit,
2054 1202 2176 1242 cum
2214 1190 2483 1247 Pharisaao
2512 1206 2748 1260 unquam
2771 1190 2943 1243 dicat:
2966 1187 3150 1241 Finem
3177 1187 3342 1241 casti:

142 1303 283 1366 λειος
324 1277 591 1374 ἐγενόμην
620 1305 677 1356 ὲν
712 1277 1055 1373 καθαρότητι·
1089 1302 1118 1352 ὁ
1144 1297 1252 1369 γάρ
1279 1286 1499 1350 τοιαῦτα
1523 1290 1693 1359 λέγων

1799 1277 1916 1332 tatis
1956 1277 2126 1347 attigi,
2176 1279 2279 1335 hoc
2322 1293 2424 1347 est,
2472 1280 2762 1352 perfectam
2828 1282 3112 1350 puritatem
3164 1277 3339 1333 :nain

140 1396 237 1449 οὐκ
269 1396 338 1449 ἂν
360 1366 447 1465 εἴη
477 1366 747 1458 ταπεινὸς,
776 1366 869 1447 καί
902 1366 1180 1463 συμϐαίνει
1220 1366 1523 1457 θαυμαστὸν
1547 1381 1692 1450 γίνεσο

1799 1366 1916 1421 talia
1946 1366 2037 1436 qui
2077 1368 2227 1435 dicit,
2262 1385 2603 1442 nequaquam
2641 1371 2862 1424 humilis
2900 1376 3003 1432 est,
3041 1376 3095 1422 et
3132 1366 3332 1436 permi-

144 1486 284 1549 σθαι,
330 1486 483 1556 παρά
521 1485 619 1555 μὲν
648 1484 742 1537 τοῦ
784 1484 1147 1553 τολμήσαντος
1177 1478 1331 1533 τοῦτο
1361 1476 1551 1538 εἰπεῖν,
1584 1471 1690 1526 οὐδ’

1799 1469 1910 1509 rum
1940 1455 2108 1512 videri
2134 1468 2311 1528 potest
2332 1461 2435 1516 hoc
2455 1463 2671 1531 quidem
2698 1460 2766 1513 ab
2806 1474 2871 1513 eo
2898 1458 3005 1513 dici
3038 1471 3219 1527 posse.
3250 1455 3344 1524 qui

144 1578 334 1647 ἄκροις
381 1550 659 1638 δακτιὶλοις
707 1550 1045 1642 ἐφάπτεσθαι·
1082 1571 1179 1642 τὴν
1208 1567 1490 1624 ἀπάθειαψ
1523 1560 1693 1625 πάθος

1799 1560 1967 1614 neque
1993 1550 2251 1605 extremis
2273 1550 2456 1621 digitis
2480 1566 2660 1606 veram
2696 1550 2862 1605 animi
2900 1550 3344 1619 tranquillitatem

143 1642 246 1737 γὰρ
278 1668 313 1736 ὴ
338 1664 611 1729 κενοδοξία
644 1650 1037 1733 χαλεπώτερονο
1067 1659 1217 1730 παρά
1240 1656 1295 1709 δὲ
1323 1654 1414 1707 τοῦ
1442 1647 1691 1705 ταπεινοῦ

1799 1642 2024 1711 attigerit
2080 1652 2240 1716 (vana
2287 1650 2485 1721 quippe
2546 1651 2712 1722 gloria
2779 1659 2862 1705 est
2914 1650 3052 1703 inter
3100 1649 3345 1718 graviora

149 1756 479 1824 ἐφάπτεσθαι
508 1755 604 1825 μὲν
634 1756 711 1817 είς
732 1754 907 1822 κόροψ
937 1753 1001 1819 τῇ
1026 1749 1081 1802 δὲ
1110 1745 1427 1800 ταπεινώσει
1454 1739 1693 1793 ἐλλείπε-

1799 1739 2056 1797 malorum
2084 1744 2366 1803 aﬂ‘ectuum
2395 1749 2578 1818 vitia);
2605 1749 2672 1803 ab
2702 1748 3028 1803 ltumilivero
3045 1746 3171 1810 dici,
3201 1744 3348 1815 quod

149 1848 285 1899 σθαι·
318 1846 463 1899 ὥστε
490 1842 647 1908 εῖναι,
673 1845 774 1896 κάν
793 1845 902 1904 τοῖς
924 1841 1062 1918 δυσὶ,
1092 1837 1169 1908 τῷ
1195 1853 1254 1889 τε
1273 1829 1514 1900 ταπεινῷ
1535 1826 1612 1897 τῷ
1632 1842 1692 1912 τε

1799 1824 1936 1882 illam
1965 1835 2309 1900 purissimam
2340 1838 2697 1907 integritatem
2725 1847 3002 1892 assecutus
3034 1836 3122 1898 sit,
3151 1845 3233 1889 est
3257 1833 3350 1886 de-

149 1939 406 2009 κενοᾶἇξῳ
425 1939 519 2010 τὴν
543 1938 781 2005 ἀγνειαν,
809 1934 1202 2004 ἀκατάληπτον.
1231 1944 1255 1974 ἰ

1799 1921 2039 1979 stilutum
2061 1941 2181 1982 esse
2211 1930 2530 1995 humilitate,
2550 1932 2683 1986 adeo
2706 1944 2763 1985 ut
2784 1932 3003 2001 intelligi
3031 1946 3135 1985 non
3155 1929 3345 2000 possit,

146 2030 420 2101 quomodo
441 2032 495 2085 in
515 2029 727 2084 duobus
752 2028 895 2082 hisce
919 2026 1147 2096 perfecta
1172 2022 1390 2079 castitas
1414 2019 1503 2085 sit,
1521 2016 1576 2071 in
1597 2010 1807 2078 humili,
1834 2013 2074 2086 inquam,
2093 2029 2143 2075 et
2163 2024 2415 2092 superbo,
2433 2039 2528 2079 seu
2548 2040 2697 2078 vana:
2723 2025 2905 2095 gloriae
2928 2024 3107 2078 studio
3140 2022 3343 2077 dedito.

751 2120 1005 2188 Σχόλιον
1032 2118 1097 2181 ζ’.

2410 2114 2654 2169 Scholion
2679 2116 2728 2169 7.

211 2212 287 2265 Τὸ
311 2211 403 2265 διά
434 2210 605 2280 λόγων
634 2210 993 2282 πληροφορεῖν
1013 2208 1109 2279 τὴν
1142 2207 1222 2270 είς
1241 2206 1443 2269 πάντας
1472 2201 1695 2270 ἀγάπην

1865 2197 2052 2277 Verbis
2082 2204 2217 2259 velle
2239 2213 2485 2261 testatam
2510 2224 2635 2277 erga
2664 2223 2852 2262 omnes
2893 2205 3208 2261 charitatem
3262 2200 3343 2255 fa-

145 2302 405 2358 δύσκολδν
433 2302 569 2367 ἔστι,
600 2300 697 2355 καὶ
730 2301 850 2353 λίαν
876 2298 1192 2366 ἀπόϐλητον·
1222 2296 1283 2349 τὸ
1318 2295 1374 2348 δὲ
1403 2294 1467 2346 δι’
1498 2293 1691 2364 ἔργων,

1799 2301 1913 2344 cere
1942 2300 1994 2345 et
2016 2307 2173 2363 grave
2199 2302 2252 2349 et
2275 2296 2431 2365 plane
2462 2297 2827 2350 damnandum
2852 2304 2967 2360 est;
2998 2292 3151 2347 iactis
3169 2303 3344 2345 autem

147 2392 241 2447 καὶ
273 2391 516 2455 εὔκολον,
562 2391 656 2444 καὶ
704 2391 881 2462 ῥᾴδιον
919 2390 1053 2450 λίαν,
1089 2387 1166 2458 τῷ
1197 2386 1473 2439 σπεύδοντι
1500 2399 1694 2453 κατορ-

1799 2385 1845 2431 et
1872 2377 2159 2435 admodum
2179 2380 2331 2437 lacile
2360 2391 2413 2437 et
2434 2393 2738 2453 promptum
2758 2393 2841 2437 est
2862 2382 2935 2435 illi
2962 2381 3051 2450 qui
3077 2381 3142 2433 ad
3168 2394 3346 2433 veram

150 2483 319 2537 ϐῶσαι
362 2483 461 2553 τὴν
494 2483 710 2552 ἀρετήν’
747 2483 842 2535 καὶ
876 2478 1009 2545 πῶς,
1036 2479 1284 2533 ἄκουσον.
1339 2475 1567 2546 Ἐπῆλθὲ
1611 2492 1695 2540 τις

1799 2465 2049 2533 virtutem
2072 2471 2425 2525 exercendam
2466 2471 2670 2540 aspirat
2714 2487 2727 2523 :
2760 2479 2813 2523 et
2845 2466 3115 2538 quomodo
3153 2464 3349 2535 (possit

149 2573 389 2643 ὑϐρίζων
420 2572 563 2643 με,ῆ
594 2572 687 2625 καὶ
709 2571 904 2643 δαίρων
934 2586 1021 2642 με·
1057 2570 1151 2624 saw
1174 2566 1267 2624 οὖν
1302 2568 1463 2637 λέγω,
1498 2567 1696 2638 καίπερ

1799 2555 1901 2610 hoc
1930 2556 2068 2626 ﬁeri)
2088 2560 2239 2613 audi.
2294 2558 2446 2615 Venit
2473 2560 2668 2630 aliquis
2696 2560 2786 2628 qui
2834 2574 2927 2629 me
2964 2556 3345 2617 calumniatur.

150 2665 311 2722 αὐτὸν
335 2665 627 2735 δυνάμενος
651 2660 973 2733 ἀμύνασθαι,
1000 2661 1073 2733 μὴ
1095 2661 1389 2732 ἀμύνομαι,
1422 2659 1556 2714 ἀλλά
1573 2659 1697 2713 τού-

1799 2648 2065 2702 autetiam
2096 2650 2363 2715 verberat,
2388 2651 2605 2721 quando
2631 2664 2759 2718 ergo
2781 2647 2943 2718 (apud
2972 2647 3077 2713 me)
3111 2644 3299 2697 dixero
3327 2659 3342 2696 :

151 2758 363 2812 ναντίον
383 2756 748 2826 γονοπετήσω,
782 2753 1159 2824 παρακαλέσω,
1194 2752 1565 2823 καταφιλήσω,
1592 2769 1694 2821 χα-

1799 2736 1907 2791 Etsi
1941 2753 2027 2791 me
2048 2738 2321 2794 vindicare
2376 2754 2622 2810 possum,
2672 2752 2778 2791 non
2814 2735 3095 2789 vindicabo
3143 2742 3341 2794 tamen,

154 2823 498 2921 piaottat'oi;
534 2823 785 2916 δύναμαι,
814 2823 969 2915 δῆλόν
1002 2847 1114 2897 ἐστι
1144 2846 1325 2909 πᾶσιν,
1354 2846 1429 2907 ὡς
1467 2843 1526 2907 ἐξ
1554 2844 1694 2911 ἀγά-

1799 2827 1885 2881 sed
1917 2828 2093 2896 potius
2125 2838 2335 2892 contra,
2374 2844 2545 2899 genua
2575 2842 2789 2899 ponam,
2814 2823 3161 2895 deprecabor,
3186 2836 3345 2876 oscu-

151 2914 256 3014 πης
274 2914 457 2995 ταῦτα
490 2914 784 3011 πεποίηκαο
820 2914 990 2993 καὶτὸ
1014 2940 1110 3009 μὲν
1138 2939 1203 2991 δι’
1230 2940 1404 3009 ἔργων
1426 2938 1613 3003 οὕτως,
1637 2937 1697 2991 τδ
1793 2917 1967 2983 labor:
2027 2919 2368 3014 Erallﬂcabor
2420 2919 2831 3014 (lgibuscunque
2849 3005 2862 3014 _
2885 2914 3061 3014 ῐξιθάίε
3105 2922 3337 3014 potero}

150 3000 321 3091 δίδιά
344 3036 515 3105 λόγων
536 3036 651 3099 πῶς
670 3000 733 3090 ἀν
750 3035 977 3104 γένοιτο.
996 3000 1118 3087 Ἐὰν
1138 3036 1243 3104 γὰρ
1260 3000 1696 3106 ’προσευχόμενος

1799 3016 1997 3062 eertum
2028 3017 2081 3062 et
2105 3007 2309 3062 clarum
2334 3008 2583 3062 omnibus
2608 3016 2689 3061 est
2722 3005 2864 3076 quod
2901 3004 3015 3057 hac
3062 3016 3128 3055 ex
3159 3000 3344 3055 chari-

152 3089 337 3198 πᾶσιν,
380 3089 599 3201 ἀγαπᾷν
632 3089 844 3193 ἀὐτοὺς
870 3129 1029 3198 λέγω,
1073 3089 1232 3196 κόλαέ
1268 3089 1556 3201 φάνοῦμΙάι,
1605 3089 1697 3185 καλ.

1799 3103 1904 3151 tate
1928 3096 2143 3153 fecerint
2173 3114 2186 3150 :
2221 3106 2274 3151 et
2299 3096 2518 3166 quidem
2576 3093 2731 3149 factis
2763 3093 2999 3149 Charitas
3048 3090 3122 3143 ita
3150 3089 3339 3159 proba-

1799 3190 1883 3201 ι...Δ
1939 3182 2159 3201 ΔΜΑμημ-
2199 3192 2365 3201 --4-ᾉ,
2397 3199 2451 3201 _--
2478 3182 2567 3201 ,IJA
2610 3181 2867 3201 _-_-_.--J_
2900 3180 3026 3201 n-.0
3055 3176 3262 3201 Πολ-2...
3298 3176 3336 3201 .2

160 3176 337 3198 .-ς-νυ,
382 3176 595 3203 -.---τ-
651 3176 1029 3198 -ν---ι--ηη
1075 3176 1232 3196 πυτ-ι
1273 3176 1429 3199 γ--ν-
1481 3176 1556 3195 ω,
1606 3176 1697 3185 "—-

152 3226 646 3298 ἀνθρωπάρεσκος,
721 3224 1182 3293 ψευδεπίπλαστον
1253 3176 1697 3296 ὲπιτηδέυόμενος

1799 3190 1901 3236 tur.
1926 3182 2164 3237 Alterum
2195 3192 2372 3237 autem
2396 3182 2572 3238 verbis
2602 3181 2873 3252 quomodo
2900 3180 3026 3234 (iet?
3055 3176 3266 3232 Etenim
3291 3176 3339 3232 si

1799 3272 2044 3298 nm..:l...-
2067 3273 2199 3298 ιυυυι
2226 3273 2490 3298 ..-Αριιηλιι
2552 3281 2719 3298 a..-n.._
2771 3287 2856 3298 ...Α
2908 3272 3053 3298 ξ-ιιηη.
3106 3269 3323 3298 ΑιΙζηΛ-ιι

153 3269 350 3389 ἀρετὴν
374 3359 389 3384 ,
421 3269 537 3371 ι’καὶ
586 3269 754 3382 δάξαὶ
800 3316 957 3387 κενὴν
1010 3317 1075 3369 ἐκ
1122 3318 1306 3370 τούτου
1365 3269 1696 3389 θηρώμενοςῖ

1799 3272 2046 3327 omnibus
2066 3273 2200 3327 bene
2226 3273 2493 3341 precando
2552 3281 2719 3327 tester
2771 3287 2857 3326 me
2908 3272 3056 3340 ipsos
3105 3269 3346 3339 diligere,

1799 3362 2044 3389 ..Δηιιιιηιι
2066 3362 2286 3389 ..ξι-ΙΛιεΑ-
2328 3372 2373 3389 ,ιο
2401 3364 2487 3389 -.-ε
2516 3363 2820 3389 1......ζη21η-..η
2841 3362 3081 3389 nonAn-..“
3117 3361 3323 3389 n'nnnnn

526 3361 885 3432 f,__';‘“_'__';‘_'
900 3361 1102 3432 '11,";
1113 3361 1353 3432 ςξχζη,
1369 3361 1697 3432 ’ςςςζξξςςζζ
1798 3362 2044 3416 adulator
2066 3362 2305 3429 videbor,
2325 3372 2379 3418 et
2398 3364 2490 3432 qui
2516 3363 2823 3417 hominibus
2840 3362 3082 3416 studeam
3117 3361 3345 3428 placere,

155 3408 465 3479 Παρακαλει
496 3406 587 3461 οὖν
626 3410 655 3461 ὁ
698 3406 898 3477 πατὴρ,
932 3406 1005 3477 μὴ
1057 3406 1143 3458 διά
1183 3406 1353 3475 λόγων
1382 3406 1697 3471 σπουδάζειν

1799 3406 2033 3416 --.η-,ν-
2077 3406 2305 3429 ....-.....,
2327 3406 2379 3418 ν.
2399 3406 2490 3432 .,...
2516 3406 2822 3417 ..ν........,..-
2840 3406 3082 3416 --.ην-η.
3117 3406 3345 3428 ..κ---η

1799 3451 1997 3520 quique
2047 3449 2245 3520 ﬁngam
2279 3465 2365 3505 me
2413 3452 2666 3504 virtutem
2719 3449 2916 3513 colere,
2949 3457 3002 3501 et
3034 3448 3157 3501 inde
3181 3461 3350 3501 vener

153 3500 249 3570 τὴν
275 3501 496 3570 ἀγάπην
525 3499 939 3562 ἐπιδείκνυσθαι,
994 3498 1127 3552 ἀλλὰ
1179 3498 1242 3551 δι’
1271 3498 1464 3568 ἔργων,
1516 3498 1613 3569 τὴν
1640 3499 1697 3553 δὲ

154 3523 249 3570 ’ῗῖίν
275 3523 496 3570 αγαπην
525 3523 939 3562 επιοεικνυσυαι,
994 3523 1127 3552 arma
1179 3523 1228 3551 οι
1271 3523 1464 3568 εργων,
1516 3523 1613 3569 την
1640 3523 1697 3553 οε

154 3589 289 3660 πρὸς
317 3590 449 3642 Θεὸν
495 3590 733 3661 ἀγάπην,
764 3589 831 3643 δι’
863 3591 1202 3662 ἀμφοτέρων,
1254 3592 1347 3643 καὶ
1407 3590 1584 3644 πλεῖον
1610 3592 1697 3647 διά

1801 3540 2113 3613 popularem
2158 3554 2309 3594 vanae
2346 3540 2527 3610 gloriae
2560 3556 2767 3594 auram.
2802 3523 3049 3593 liortatut
3088 3552 3218 3604 ergo
3238 3538 3347 3591 Cli-

1802 3647 1983 3662 mnm...
2013 3632 2087 3662 ..ιὲ
2144 3631 2452 3662 δ’·ιᾹΔΛηιηῤ
2489 3646 2724 3662 amni-om
2765 3639 3005 3662 nnclnnm
3060 3645 3182 3662 ωηο
3216 3628 3346 3662 alin.

719 3630 733 3653 ’
764 3628 838 3695 ”.
863 3628 1202 3700 *τ’τῖ’“”¹“ῖ”;⁹
1256 3628 1355 3700 ’ξ“’,
1413 3628 1699 3700 ’”“⁵’Ῐ’,”’“
1802 3647 1987 3687 macus
2013 3632 2089 3686 uti
2144 3631 2455 3687 Studeamus
2488 3646 2726 3685 amorem
2765 3639 3007 3685 nostrum
3059 3645 3185 3700 erga
3215 3628 3350 3683 alios

1802 3738 1909 3777 non
1934 3721 2132 3786 verbis,
2192 3721 2287 3778 sed
2340 3721 2496 3776 factis
2572 3722 3137 3792 demonstrarezerga
3180 3719 3346 3776 Deum

533 3812 1698 3897 ξξρξῖζᾎῒξιξλῖᾟνξξίς
1800 3828 1927 3867 vero
1966 3812 2208 3883 utrisque
2256 3822 2311 3868 et
2368 3814 2546 3868 verbis
2596 3824 2650 3868 et
2685 3812 2864 3879 factis,
2911 3815 3087 3868 verbis
3131 3815 3346 3883 quidem

157 3880 255 3933 σῃς
286 3862 699 3937 [κατορθώσεις]
732 3864 949 3934 ἀρετάς·
975 3867 1095 3919 ἐπεὶ
1116 3867 1208 3920 ὲάν
1232 3870 1295 3921 ὲκ
1319 3868 1488 3937 λόγων
1521 3869 1696 3940 μόνων

1814 3862 1921 3867 ---ν
1972 3862 2206 3883 _-_-_1_-
2261 3862 2308 3868 --
2382 3862 2543 3868 .-__-_
2601 3862 2649 3868 _-
2686 3862 2864 3879 __--_-,
2924 3862 3085 3868 .____-
3136 3862 3346 3883 γαπ--

1800 3904 2028 3972 amplius
2058 3913 2110 3958 et
2132 3904 2421 3973 prolixius;
2467 3913 2843 3972 argumentum
2880 3912 2964 3959 est
3000 3905 3142 3957 enim
3172 3905 3349 3960 chari-

154 3956 250 4027 την
294 3955 433 4027 πρὸς
482 3956 798 4027 ἀνθρώπους
844 3959 1061 4029 ἀγάπην
1106 3961 1406 4032 σπουδάζῃς
1440 3962 1695 4027 ὲκτελεῑν,

1799 3997 1923 4051 tatis
1958 4009 2080 4063 erga
2102 3992 2266 4048 Deum
2298 3994 2513 4048 assidua
2538 3995 2774 4062 precatio
2806 4010 2821 4047 :
2859 3994 2936 4048 sic
2958 3994 3100 4047 enim
3138 4004 3344 4047 utram-

156 4048 261 4102 οὐδ’
284 4049 315 4101 ὁ
337 4047 438 4117 τῆς
470 4047 615 4120 ζωῆς
640 4066 732 4103 σου
768 4050 956 4121 χρόνος
997 4052 1139 4117 ἄπας
1176 4053 1395 4123 ἀρκέσει
1436 4071 1517 4107 σοι
1564 4056 1697 4125 πρὸς

1799 4100 1900 4155 que
1926 4082 2200 4141 exercebis
2226 4082 2501 4136 virtutem.
2519 4080 2652 4135 Nam
2683 4082 2729 4134 si
2758 4095 2993 4135 alnorem
3017 4094 3139 4147 erga
3166 4078 3343 4133 homi-

157 4142 371 4213 σχέσεις
395 4143 494 4196 καὶ⁷
519 4140 825 4210 κατάνυξιν.

154 3682 345 3751 λόγων.
376 3684 605 3753 Σημεῖον
645 3685 751 3754 γὰρ
779 3683 879 3756 τῆς
912 3685 1045 3755 πρὸς
1073 3685 1232 3739 αὑτὸν
1256 3686 1494 3757 ἀγάπης,
1523 3688 1556 3757 ἡ
1579 3686 1698 3756 διη-

154 3773 313 3845 νεκὴς
344 3778 637 3846 προσευχὴ.
663 3774 846 3839 Οὕτως
866 3775 973 3847 γάρ
1006 3777 1071 3830 ἂν
1092 3777 1401 3849 ἀμφοτέρας
1426 3779 1698 3850 κατορθώο

1796 4191 1892 4231 nes
1926 4176 2054 4231 solis
2084 4175 2263 4228 verbis
2282 4173 2553 4229 declarare
2570 4182 2624 4225 et
2648 4186 2893 4225 exercere
2911 4168 3213 4231 conaberis,
3232 4185 3341 4224 non

1800 4265 2032 4322 sufﬁciet
2070 4264 2161 4320 tibi
2214 4264 2379 4317 totius
2421 4262 2543 4315 vitae
2585 4270 2688 4314 tuae
2735 4259 2994 4313 decursus
3023 4256 3087 4311 ad
3122 4257 3342 4312 alfectus
3429 4326 3433 4330 _

1804 4364 1924 4409 tuos
1954 4362 2008 4407 et
2023 4367 2139 4407 com
2147 4352 2489 4421 punctionem
2515 4345 2993 4417 comprobandam.

1484 4472 3332 4502 __________________________

790 4537 1003 4595 ΛΟΓΟΣ
1028 4542 1100 4598 Z’.

2154 4550 2160 4555 ’
2363 4554 2637 4610 GRADUS
2662 4551 2769 4607 Vll.

468 4647 605 4736 Περί
631 4648 735 4703 τοῦ
756 4654 1073 4719 χαροποιοῦ
1108 4654 1378 4725 πένθους.

2048 4664 2205 4736 ιω
2238 4664 2308 4717 De
2336 4664 2478 4716 luctu
2525 4665 2616 4732 qui
2660 4665 2909 4733 gaudium
2938 4678 3098 4721 creat.

222 4733 429 4839 l'lévOo;
474 4735 618 4839 κατά
667 4736 797 4791 Θεὸν
838 4740 951 4793 ἐστι
990 4741 1373 4818 σκυθρωπότης
1408 4747 1583 4818 ψυχῆς
1609 4752 1693 4805 Ev-

1866 4733 2283 4812 Luctusﬂex'Deo
2323 4754 2444 4821 pius
2485 4762 2568 4807 est
2602 4754 2848 4823 quaedam
2891 4759 3084 4813 animae
3128 4759 3343 4814 tristitia

156 4824 359 4881 ωδύνου
388 4824 615 4893 καρδίας
644 4826 899 4896 διάθεσις,
919 4830 1003 4884 ἀεὶ
1026 4831 1085 4885 τὸ
1112 4832 1410 4904 διψώμενον
1435 4838 1693 4908 ὲμμανῶς

1799 4859 1849 4905 et
1878 4849 2105 4903 dolentis
2130 4845 2308 4901 cordis
2332 4844 2561 4912 affectio,
2598 4864 2718 4916 qua:
2752 4864 2963 4920 semper
2995 4851 3046 4905 id
3078 4851 3220 4919 quod
3250 4866 3341 4903 ar-

158 4915 414 4987 ζητοῦσα·
454 4915 550 4968 καὶ
599 4918 660 4968 ὲν
702 4921 767 4989 τῇ
813 4920 997 4973 τούτου
1039 4923 1298 4994 ἀποτυχίᾳ
1334 4926 1582 4997 spat-dvo»;
1616 4930 1696 4984 δι-

1799 4938 2106 4993 dentissime
2138 4936 2270 4998 sitit,
2308 4938 2537 5004 quaerit;
2571 4915 2680 5008 quo
2728 4915 3050 5003 dum-caret,
3076 4915 3342 4993 laboriose

156 5012 393 5073 ώκουσα,
419 5010 515 5062 καὶ
541 5007 763 5064 ὄπισθεν
805 5012 992 5091 τούτου
1024 5015 1053 5067 ὀ
1089 5015 1327 5087 δυνηρῶς
1353 5018 1696 5084 ὀλολύζουσα.

1799 5028 1848 5084 id
1881 5030 2053 5096 ipsum
2085 5028 2457 5095 persequitur,
2503 5039 2557 5083 et
2591 5007 2720 5085 cum
2761 5031 2965 5084 ululatu
3002 5037 3057 5083 et
3091 5028 3345 5084 lamentis

157 5100 230 5157 ’Ἦ
251 5103 447 5165 οὕτως’
469 5098 664 5164 πένθος
692 5101 808 5155 ἐστὶ
836 5101 1055 5185 κέντρον
1078 5107 1301 5178 χρύσεον
1319 5108 1492 5180 ψυχῆς
1515 5113 1696 5185 πάσης

1799 5135 1825 5174 a
1846 5127 1995 5185 tergo
2032 5116 2155 5169 dum
2185 5114 2338 5187 fugit,
2370 5118 2644 5173 inclamat.
2695 5120 2803 5173 Aut
2855 5120 3028 5173 luctus
3044 5126 3125 5171 est
3145 5132 3344 5176 aureus

156 5194 550 5271 προσηλώσειικ
578 5193 671 5248 καὶ
695 5196 925 5266 σχέσεως
953 5202 1253 5271 γυμνωθὲν·
1276 5204 1369 5256 καὶ
1395 5205 1454 5257 ἐν
1478 5206 1695 5263 ἐπισκο-

1799 5211 1985 5265 οηὶιηαξ
2005 5209 2275 5277 stimulus,
2328 5212 2420 5281 qui
2464 5211 2731 5280 lugentem
2755 5210 2897 5263 omni
2931 5224 3111 5263 rerum
3145 5211 3341 5268 buma-

158 5290 231 5358 πῇ
295 5287 523 5359 καρδίας
575 5284 679 5340 ὑπὸ
726 5286 824 5358 τῆς
878 5290 1027 5354 ὁσίας
1082 5292 1256 5365 λύπης
1324 5298 1690 5367 καταπηχθέν.

1799 5314 1985 5355 narum
2028 5313 2187 5354 sensu
2228 5310 2281 5354 et
2304 5301 2493 5355 all‘ectu
2527 5302 2673 5355 exuit
2705 5309 2756 5353 et
2789 5301 2975 5365 nudat,
3002 5310 3055 5355 et
3079 5317 3145 5357 ex
3193 5307 3339 5359 luctu

156 5378 459 5444 Κατάνυξίς
489 5379 634 5431 ἐστιν
658 5376 876 5442 ἀένναος
901 5383 1192 5448 συνειδότος
1225 5384 1567 5457 βασανισμὸς,
1604 5392 1691 5446 διὰ

1799 5393 1846 5446 in
1870 5390 2106 5461 vigiliam
2150 5402 2204 5447 et
2231 5395 2529 5448 custodiam
2584 5392 2764 5446 cordis
2809 5392 3001 5464 afﬁgit.
3063 5398 3338 5465 Compun-

155 5470 342 5538 νοερᾶς
387 5470 791 5545 ἐξαγορεύσεως
834 5469 930 5540 τὴν
974 5471 1231 5544 ἀνάψυξιν
1266 5476 1356 5530 τοῦ
1394 5478 1562 5549 πυρὸς
1591 5481 1692 5551 τῆς

1799 5481 1897 5537 ctio
1916 5481 2096 5551 (quam
2110 5483 2341 5553 religiosi
2366 5498 2465 5539 suo
2493 5483 2707 5538 nomine
2741 5486 3027 5556 appellant)
3045 5496 3337 5541 estaterua

155 5559 378 5630 καρδίας
413 5562 944 5633 πραγματευόμενος.
985 5562 1389 5638 Ἑξομολόγησίς
1418 5569 1532 5622 ἐστι
1555 5570 1687 5644 λήθη

1799 5572 2133 5627 conscientiae
2162 5574 2399 5635 alnictio,
2433 5588 2553 5642 qua:
2583 5589 2675 5643 per
2732 5575 2995 5631 internam
3043 5576 3339 5631 confessio-

157 5650 387 5717 φύσεως,
420 5650 575 5723 εἴπερ
604 5651 923 5707 ἐπελάϐετό
954 5668 1040 5719 τις
1066 5654 1172 5708 τοῦ
1200 5656 1409 5726 φαγεῖν
1448 5658 1552 5711 τὸν
1590 5661 1691 5728 ἀρ-

1799 5678 1911 5718 nem
1965 5665 2211 5720 ardorem
2281 5665 2458 5720 cordis
2516 5677 2669 5736 grato
2728 5668 3004 5740 refrigerio
3057 5677 3333 5737 temperat.

156 5758 257 5794 τοι·
281 5740 489 5795 αὑτοῦ.
522 5743 794 5799 Μετάνοιά
821 5745 964 5797 ἐστιν
1006 5742 1256 5809 ἀθλιπτος
1299 5748 1547 5817 στέρησις
1585 5751 1688 5805 πά-

1799 5752 2068 5811 Confessio
2123 5766 2207 5812 est
2250 5755 2447 5812 oblivio
2498 5766 2740 5826 naturae,
2793 5760 3008 5829 quando
3066 5772 3161 5827 per
3212 5772 3333 5813 eam

222 5877 296 5946 (α)
350 5875 484 5929 ’Δπὸ
522 5876 615 5931 σοὗ
646 5878 831 5947 φθάνω
858 5879 1145 5950 ἀφθαστον,
1180 5882 1320 5949 quod
1349 5898 1455 5939 non
1491 5884 1664 5953 possis
1686 5886 1917 5955 assequi.
