4050 6338
662 506 770 569 803

1911 504 1966 559 ἓ.
1993 497 2308 562 JOANNIS
2338 495 2635 554 CLIMACI

3786 494 3898 555 8M

661 614 856 665 )blitus
875 621 953 663 est
985 624 1250 661 comedere
1281 624 1465 677 panem
1493 625 1643 660 suum
1676 609 1741 659 “.
1788 607 2109 661 Pmtiitcntia
2137 616 2218 659 est

2324 619 2417 672 σης
2454 603 2850 671 παρακλήσεως
2887 599 3220 670 σωματικῆς.
3255 599 3375 653 Τῶν
3411 601 3509 670 μὲν
3542 603 3886 670 προκοπτόν·

659 710 774 753 ireta
813 699 990 751 omnis
1043 699 1293 751 humanze
1334 698 1725 752 consolationis
1752 698 2042 751 abdicatio.
2085 697 2216 750 Pro-

658 793 830 858 prium
877 791 928 842 in
986 789 1140 842 beato
1181 789 1325 861 luctu
1383 789 1710 856 prolicientis
1743 799 1846 855 cst,
1879 790 1981 844 cibi
2015 799 2218 858 tempe-

659 883 850 941 rantia,
878 889 932 933 et
954 879 1063 932 oris
1119 879 1429 941 silentium;
1485 893 1674 932 eorum
1711 881 1802 948 qni
1833 879 1942 949 jam
1979 879 2218 949 profece-

660 980 790 1023 runt
813 971 1054 1033 victoria,
1079 980 1234 1023 meet
1259 970 1574 1037 injuriarum
1603 971 1836 1035 oblivio;
1859 970 2219 1040 perfecturum

660 1076 786 1115 vero
843 1076 1032 1114 sensus
1073 1076 1195 1115 vere
1257 1061 1516 1124 humilis,
1580 1063 2027 1116 contumeliarum
2082 1062 2219 1126 silis,

661 1151 1007 1204 alllictionum
1033 1151 1423 1204 contrariarum
1461 1161 1666 1204 natura:
1699 1150 1999 1204 voluntaria
2033 1152 2221 1215 fames,

663 1245 1002 1311 pecrantium
1062 1258 1166 1295 non
1229 1243 1402 1296 solum
1467 1243 1610 1295 nulla
1664 1243 2066 1305 condemnatio,
2130 1244 2221 1296 sed

662 1347 826 1400 Supra
891 1347 1050 1400 quam
1099 1342 1288 1384 natura
1350 1332 1486 1393 fert,
1542 1331 1961 1385 commiseratio.
2014 1331 2224 1399 Appro-

664 1422 826 1475 bandi
862 1422 1052 1489 primi;
1089 1422 1340 1475 laudandi
1372 1422 1592 1475 secundi
1621 1438 1634 1486 ;
1669 1421 1807 1474 beati
1844 1423 2097 1489 postremi
2124 1423 2218 1489 qui

661 1514 912 1567 esuriunt
967 1512 1307 1576 aﬂlictiones,
1355 1522 1410 1567 et
1461 1513 1656 1565 sitiunt
1683 1513 2056 1575 centuniclias,
2087 1529 2226 1582 quo-

664 1605 806 1656 niam
851 1605 949 1671 ipsi
979 1604 1363 1656 saturabnntur
1391 1605 1510 1656 cibo
1532 1605 1860 1671 inexplebili.
1886 1604 1986 1668 Qui
2006 1619 2225 1672 compos

665 1695 841 1750 luctus
873 1695 1048 1748 factus
1074 1711 1155 1758 es,
1202 1704 1401 1764 quanta
1436 1708 1586 1764 potes
1607 1697 1654 1747 vi
1679 1697 1845 1750 retine
1867 1697 2043 1749 illum:
2093 1697 2228 1750 solet

663 1787 805 1839 enim
827 1789 1134 1856 priusquam
1148 1789 1354 1841 radices
1371 1791 1421 1839 in
1439 1789 1620 1840 animo
1632 1787 1918 1856 egit,facile
1938 1804 2028 1858 per
2043 1790 2227 1844 turbas

670 1876 827 1946 149
854 1892 1014 1933 curas
1042 1878 1284 1946 corporis
1317 1887 1371 1931 et
1405 1879 1730 1945 voluptates,
1765 1880 2058 1947 praesertim
2102 1893 2228 1932 vero

666 1983 760 2035 per
783 1971 1124 2022 inunodicam
1149 1971 1545 2038 loquacitatem,
1575 1980 1625 2024 et
1663 1971 1940 2024 scnrrilem
1961 1971 2226 2025 levitatem

665 2077 731 2114 ac
773 2061 1143 2128 petulantiam,
1207 2072 1459 2131 tanquam
1521 2080 1642 2116 cera
1703 2063 1769 2116 ab
1842 2063 1961 2132 igne
2009 2063 2227 2117 dissolvi

665 2161 722 2204 et
750 2166 1084 2206 evanescere.
1115 2151 1244 2206 Post
1281 2155 1542 2221 baptisma
1581 2155 1847 2221 pOtClIllOI‘
1891 2154 2226 2222 baptismate,

667 2241 713 2294 si
747 2241 816 2294 ita
855 2241 934 2297 fas
981 2244 1148 2309 loqui,
1204 2242 1322 2295 fons
1379 2253 1462 2295 est
1522 2242 1902 2312 lacrymarum.
1951 2244 2221 2314 Baptisma

665 2335 862 2400 quippe
918 2343 1124 2403 tantum
1184 2336 1479 2401 praeteritas
1533 2348 1873 2404 peccatorum
1917 2339 2105 2391 sordes
2141 2354 2225 2393 re-

667 2436 877 2494 purgat,
927 2426 1101 2480 luctus
1161 2437 1339 2480 autem
1398 2444 1564 2482 noxas
1591 2439 1708 2498 post
1741 2430 2065 2498 baptismum
2092 2446 2224 2485 eon-

666 2523 867 2568 tractas
911 2514 1086 2567 diluit.
1120 2513 1388 2583 Baptisma
1418 2532 1524 2582 quo
1559 2516 1793 2570 infantes
1833 2518 1985 2570 tincti
2012 2533 2220 2579 smnus,

665 2619 854 2658 omnes
873 2617 1051 2673 postea
1079 2591 1507 2675 inquinavitnus;
1532 2623 1624 2675 per
1644 2609 1843 2661 fontem
1865 2618 2039 2660 autem
2062 2611 2227 2678 laet-y-

669 2696 975 2765 marutn(a)
1003 2696 1164 2749 etiam
1199 2695 1523 2762 baptismum
1549 2711 1648 2750 suo
1672 2698 1834 2752 nitori
1869 2699 2224 2762 restituimus,

665 2800 826 2855 quem
862 2788 907 2840 si
961 2787 1378 2856 benignissimus
1438 2785 1579 2841 Deus
1630 2789 1832 2842 homini
1879 2789 2096 2858 largitus
2120 2804 2226 2842 non

665 2888 834 2942 esset,
898 2877 1006 2930 rari
1060 2878 1347 2933 admodum
1391 2889 1484 2932 aut
1517 2882 1765 2949 perpauci
1791 2880 2016 2933 salutem
2039 2895 2240 2955 consea

667 2979 980 3039 querentur.
1005 2968 1247 3024 Gemitus
1280 2983 1332 3026 et
1358 2972 1589 3025 alllictus
1619 2987 1849 3025 Inmrore
1875 2973 2090 3026 anitnns
2121 2971 2225 3024 ela-

671 3071 821 3114 mant
874 3059 941 3113 ad
987 3059 1294 3115 Dominum.
1350 3061 1626 3132 Lacrymae
1673 3077 1738 3115 ex
1786 3064 1975 3115 timore
2014 3062 2223 3116 Domini

672 3150 906 3220 profusa:
966 3151 1192 3219 supplici
1249 3153 1518 3222 legatione
1567 3153 1901 3222 funguntur:
1951 3169 2015 3206 ex
2047 3154 2224 3206 divina

669 3259 798 3297 vero
832 3243 1096 3298 charitate
1131 3244 1492 3299 redundantes
1520 3260 1705 3314 preces
1731 3255 1942 3299 nostras
1969 3245 2076 3299 Deo
2104 3262 2224 3313 gra-
2252 3269 2293 3326 ο

666 3343 753 3388 tas
797 3333 964 3388 fuisse
1007 3334 1314 3388 ostendunt.
1354 3335 1412 3388 Si
1445 3336 1578 3388 nihil
1609 3336 1741 3391 adeo
1775 3336 1982 3406 adjutat
2006 3337 2222 3390 humili-

669 3433 853 3489 tatem,
888 3440 1048 3495 quam
1089 3425 1265 3480 luctus
1301 3425 1513 3490 animae,
1561 3437 1770 3481 certum
1813 3439 1894 3482 est
1923 3429 2054 3481 nihil
2085 3429 2220 3482 adeo

669 3518 745 3572 illi
779 3516 1050 3572 adversari
1080 3533 1243 3586 quant
1287 3516 1479 3571 risum.
1506 3515 1776 3582 Quantum
1825 3529 1976 3586 potes
2010 3518 2223 3572 custodi

670 3612 879 3664 beatam
927 3617 1127 3664 sanctae
1174 3611 1608 3679 compunctionis
1671 3611 1944 3665 tristitiam
1993 3626 2110 3680 qua:
2134 3626 2223 3663 ve-

669 3714 792 3754 rum
841 3700 978 3767 parit
1025 3698 1296 3764 gaudium.
1348 3698 1424 3753 Ne
1463 3716 1646 3755 cesses
1683 3710 1733 3754 te
1773 3701 1825 3754 ia
1863 3716 1925 3754 ea
1951 3714 2224 3761 exercere,

668 3791 848 3861 quoad
879 3799 928 3842 te
949 3788 1162 3841 Christo
1199 3790 1506 3863 sublimem,
1532 3799 1586 3844 et
1629 3791 1696 3844 ah
1743 3791 1905 3859 hujus
1934 3792 2055 3844 vita:
2092 3805 2225 3843 con-

671 3875 829 3944 tagiis
868 3874 1128 3927 intactum
1175 3875 1348 3930 sistat.
1394 3874 1502 3930 Nec
1540 3877 1772 3932 desistas
1824 3894 2060 3948 unquam
2094 3881 2224 3948 quin

670 3967 779 4020 tnis
812 3966 1016 4020 intimis
1065 3967 1316 4021 sensibus
1361 3966 1661 4037 imprimas,
1694 3984 1757 4023 ac
1782 3978 1958 4023 mente
1981 3980 2225 4038 penetres

669 4056 807 4126 ignis
852 4055 1227 4110 obscurissimi
1269 4056 1634 4112 dehiscentem
1689 4059 1741 4111 in
1778 4058 2098 4112 immensum
2129 4073 2220 4112 voc

670 4149 927 4216 ragiuetn,
953 4148 1198 4202 crudeles
1228 4148 1532 4212 carnitices,
1556 4149 1792 4217 judicem
1831 4150 2219 4205 immisericor-

668 4240 791 4293 dem
850 4249 903 4292 et
947 4238 1347 4302 inexorabilem,
1413 4239 1683 4294 inﬁnitum
1745 4242 1977 4296 Incendii
2030 4241 2223 4297 inferni

667 4335 858 4396 chaos,
899 4331 1375 4385 subterraneorum
1415 4338 1468 4384 et
1499 4329 1922 4384 formidabilium
1954 4333 2222 4399 locorum,

667 4440 723 4481 et
754 4426 996 4479 hiatuum
1050 4423 1437 4478 altissimorum
1463 4422 1880 4492 angustissimos
1911 4422 2222 4490 descensus,

666 4529 722 4572 et
758 4507 961 4571 horum
1009 4517 1254 4572 omnium
1296 4521 1360 4570 ac
1396 4513 1768 4584 hujuscemodi
1813 4514 2075 4567 malorum
2112 4513 2221 4567 for-

2316 709 2423 744 των
2460 693 2537 744 ἔτι
2579 696 2636 744 ὲν
2667 692 2742 762 τῷ
2777 693 3028 762 μακαρίῳ
3079 692 3259 744 πένθει
3290 693 3483 762 ἰδίωμα
3515 693 3550 762 ἡ
3587 693 3900 762 ἐγκράτεια

2317 780 2411 832 καὶ
2451 781 2625 850 σιωπὴ
2688 780 2795 833 τῶν
2839 781 3075 850 χειλέων*
3105 780 3210 831 τῶν
3234 781 3290 832 δὲ
3317 781 3728 850 προκοψάντων,
3758 782 3901 850 ἀορ-

2318 872 2502 941 γησία,
2530 873 2620 924 καὶ
2647 871 3038 942 ἀμνησικακία·
3068 871 3173 925 τῶν
3206 871 3596 925 τελειωθέντων
3622 887 3889 925 ταπεινο-

2320 964 2582 1034 φροσύνῃ,
2626 963 2860 1033 ἀτιμιῶν
2906 963 3054 1033 δίψα,
3109 963 3337 1031 θλίψεων
3388 965 3656 1017 ἀκουσίων
3723 966 3898 1015 πεῖνα

2323 1056 2588 1117 ἑκούσιος,
2617 1054 2982 1126 ἀκατακρισία
3007 1054 3446 1125 ἁμαρτανόντων,
3472 1053 3548 1124 (1)
3571 1054 3898 1124 συμπάθεια

2323 1148 2461 1215 ὑπὲρ
2511 1147 2757 1217 δύναμινο
2799 1147 3112 1201 ἀπώεκτέοι
3157 1147 3206 1200 οἱ
3251 1146 3478 1217 πρῶτοι,
3522 1147 3896 1211 ἀξιεπαίνετοι

2322 1242 2370 1290 οἱ
2405 1239 2666 1308 δεύτεροι·
2709 1241 2966 1310 μακάριοι
3011 1239 3067 1292 δὲ
3121 1242 3169 1292 oi
3208 1239 3498 1302 πεινῶντες
3543 1239 3741 1310 θλίψιν,
3796 1241 3893 1292 καὶ

2323 1330 2584 1398 διψῶντες
2615 1331 2858 1399 ἀτιμίαν,
2890 1333 2970 1384 ὅτι
3018 1330 3172 1383 αὐτοὶ⁷
3213 1330 3627 1400 κορεσθήσονται
3672 1334 3896 1400 τροφῆς

2325 1423 2642 1492 ἀκορέστου.
2676 1423 2908 1491 Κρατῶν
2938 1421 3164 1485 πένθους
3189 1423 3333 1494 πασῃ
3369 1405 3512 1492 ίσχύῖ
3539 1425 3752 1492 κράτει·
3783 1424 3897 1494 πρὸ

2325 1517 2433 1584 γὰρ
2488 1515 2754 1584 ποιήσεως
2805 1515 3156 1594 ειύαφαίρετον
3192 1513 3309 1567 λίαν
3349 1511 3486 1581 εἶναι
3529 1516 3762 1584 πέφυκε·
3799 1517 3898 1567 καὶ

2327 1603 2433 1656 ἀπὸ
2464 1604 2704 1673 θορύϐων
2739 1603 2838 1657 καὶέ
2855 1604 3146 1676 φροντίδων
3179 1605 3504 1674 σωματικῶν
3529 1606 3620 1658 καὶ
3651 1605 3895 1676 τρυφῆς,

2329 1695 2419 1747 καὶ
2449 1695 2682 1764 μάλιστα
2711 1696 2790 1766 (2)
2816 1697 3136 1765 πολυλογίας
3166 1698 3258 1751 καὶ
3280 1697 3670 1766 ε’ύτραπελείας
3694 1697 3899 1767 ῶσπερ

2327 1787 2496 1854 κηρὸς
2538 1786 2646 1838 ἀπὸ
2676 1789 2846 1857 πυρὸς
2875 1788 3110 1858 εὐχερῶς
3143 1787 3510 1859 διαλυόμενον.
3553 1790 3628 1858 (3)
3666 1789 3898 1852 Μείξων

2328 1874 2422 1926 τοῦ
2470 1875 2840 1946 βαπτίσματος
2892 1878 3028 1947 μετά
3073 1877 3132 1929 τὸ
3157 1876 3437 1948 βάπτισμα
3480 1877 3589 1930 τῶν
3633 1878 3898 1949 δακρύων

2330 1965 2477 2035 πηγὴ
2505 1966 2859 2036 καθέστηκεν,
2901 1970 2948 2022 εί
2989 1971 3081 2021 καὶ
3113 1968 3381 2040 τολμηρόν
3410 1967 3528 2021 ἐστί
3559 1985 3676 2032 πως
3711 1970 3780 2022 τὸ
3803 1971 3897 2022 λε-

2328 2058 2575 2123 γόμενον
2599 2059 2732 2111 διότι
2764 2063 2938 2113 ἐκεῖνο
2967 2062 3064 2129 μὲν
3089 2061 3196 2114 τῶν
3234 2061 3639 2132 προγεγονότων
3667 2065 3726 2114 ἐν
3759 2065 3898 2134 ἡμῖν

2329 2146 2513 2199 κακῶν
2544 2148 2658 2200 ἐστι
2689 2148 3072 2220 καθαρτήριον·
3103 2152 3257 2204 τοῦτο
3293 2152 3349 2204 δὲ
3382 2151 3490 2204 τῶν
3527 2154 3890 2222 μεταγεγονό-

2327 2258 2454 2305 των,
2485 2231 2704 2295 κάκεῖνο
2745 2243 2844 2312 μὲν
2873 2245 3053 2314 νήπιοι
3084 2243 3472 2315 λαμϐάνοντες,
3508 2247 3728 2310 πάντες,
3759 2247 3896 2315 ἐμο-

2328 2332 2562 2403 λύναμεν
2581 2349 2594 2361 ’
2630 2334 2718 2388 διὰ
2746 2335 2934 2389 τούτου
2959 2336 3016 2388 δὲ
3047 2337 3263 2389 κάκεῖνο
3292 2332 3766 2410 ἀνακαθαίρομενέ
3784 2339 3815 2392 ὃ
3841 2341 3893 2391 εἰ

2332 2424 2403 2493 μὴ
2432 2425 2697 2496 δεδώρητο
2731 2427 3127 2496 φιλανθρώπως
3160 2427 3222 2480 ὲκ
3249 2426 3384 2480 Θεοῦ
3417 2431 3536 2490 τοῖςν
3553 2427 3891 2502 ἀνθρώποις,

2329 2516 2540 2567 σπάνιοι
2569 2515 2732 2578 ὅντως
2768 2518 2862 2570 καὶ
2889 2516 3197 2588 δυσεύρετοι
3241 2517 3292 2569 οἱ
3323 2517 3639 2585 σωζόμενοι.
3675 2520 3741 2572 Ol
3789 2522 3895 2590 μὲν

2329 2604 2638 2672 στεναγμοὶ,
2677 2605 2770 2656 καὶ
2798 2608 2830 2674 ἡ
2873 2608 3141 2676 κατήφεια
3168 2605 3329 2675 βοῶσι
3378 2608 3513 2677 πρὸς
3552 2607 3782 2680 Κύριον.
3810 2611 3897 2663 Τὰ

2327 2694 2382 2746 δὲ
2405 2695 2468 2746 ἐκ
2493 2695 2655 2764 φόϐου
2683 2696 2891 2766 δάκρυα
2921 2696 3297 2768 πρεσϐεύουσισ
3319 2696 3388 2751 τὰ
3411 2698 3465 2751 δὲ
3487 2698 3585 2768 τῆς
3611 2701 3897 2767 παναγίας

2327 2780 2567 2851 ἀγάπης,
2599 2782 2696 2852 τὴν
2726 2783 2933 2836 ἱκεσίαν
2963 2772 3375 2855 προσδεχθείσαν
3399 2787 3527 2856 ἡμῖν
3562 2788 3898 2857 ἐμφανίζου-

2328 2889 2430 2924 σιν.
2482 2875 2544 2928 Εί
2585 2875 2735 2928 οὐδὲν
2781 2876 2856 2946 (4)
2902 2875 3040 2930 οὕτω
3087 2880 3153 2948 τῇ
3195 2878 3660 2952 ταπεινοφροσύνῃ
3705 2879 3788 2942 ὡς
3829 2881 3897 2934 τὸ

2327 2966 2520 3029 πένθος
2547 2969 2882 3038 συνέρχεται,
2907 2969 3057 3025 οὐδὲν
3093 2960 3308 3036 πάντως
3336 2973 3472 3045 αὐτῇ
3508 2973 3584 3038 ὡς
3619 2976 3649 3028 ό
3683 2974 3763 3044 (5)
3795 2975 3897 3044 γέ-

2326 3057 2430 3120 λως
2466 3058 2812 3131 ἀνθέστηκεν.
2840 3063 3098 3133 Κατέχων
3127 3065 3322 3135 κάτεχε
3351 3067 3450 3135 τὴν
3483 3067 3764 3138 μακαρίαν
3793 3068 3896 3140 τῆς

2325 3149 2474 3210 ὁσίας
2497 3151 2834 3215 κατανύξεως
2869 3155 3241 3225 χαρμολύπην·
3275 3157 3371 3208 καὶ
3397 3157 3472 3226 μὴ
3493 3156 3676 3227 παύσῃ
3703 3158 3811 3229 τῆς
3835 3161 3897 3211 ὲν

2327 3239 2460 3309 αὐτῇ
2486 3242 2766 3309 ἐργασίας,
2797 3243 2954 3312 ἄχρις
2978 3237 3039 3296 οὗ
3083 3246 3371 3315 μετάρσιον
3403 3249 3468 3300 ὲκ
3497 3248 3604 3301 τῶν
3635 3249 3895 3303 ἐντεῦθεν

2325 3330 2402 3398 τῷ
2456 3333 2673 3403 Χριστῷ
2721 3335 2954 3405 καθαρὸν
2999 3340 3321 3410 παραστήσῃ
3371 3355 3451 3392 σε·
3493 3342 3789 3396 ἀνατυπῶν
3833 3346 3895 3397 ὲν

2326 3424 2503 3494 ἐαυτῷ
2556 3427 2630 3497 μὴ
2677 3428 2862 3502 παύσῃ
2909 3431 3002 3485 καὶ
3050 3431 3333 3502 διερευνῶν
3391 3433 3561 3504 πυρὸς
3607 3438 3893 3490 σκοτεινοῦ

2325 3515 2580 3570 ἄϐυσσον·
2615 3521 2706 3572 καὶ
2751 3522 2984 3585 ἀνελεείς
3023 3524 3316 3596 ὑπηρέτας,
3350 3527 3648 3598 ἀσυμπαθῆ
3691 3532 3894 3601 κριτὴν

2325 3609 2418 3659 καὶ
2464 3610 2866 3681 ἀσυγχώρητον,
2914 3613 3060 3682 χάοςη
3098 3632 3154 3668 τε
3205 3617 3480 3687 ἀπέρατον
3531 3620 3894 3690 καταχθονίου

2324 3699 2539 3768 φλογὸς,
2571 3704 2664 3754 καὶ
2709 3702 2996 3770 ὑπογείων,
3026 3705 3119 3756 καὶ⁵
3155 3706 3397 3778 φοϐερῶν
3432 3707 3632 3772 τόπων,
3664 3711 3758 3763 καὶ
3789 3729 3894 3782 χα-

2328 3791 2548 3858 σμάτων
2576 3791 2936 3860 τεθλιμμένας
2975 3794 3322 3860 καταϐάσεις,
3366 3797 3462 3851 καὶ
3496 3798 3603 3854 τῶν
3623 3801 3893 3855 τοιούτων

2326 3881 2542 3933 πάντων
2573 3882 2804 3942 εἰκόνας·
2834 3886 2981 3948 ὅπως
3004 3885 3082 3956 τῷ
3109 3885 3287 3958 πολλῷ
3311 3889 3502 3961 τρόμῳ
3527 3891 3827 3962 στυφθείσα
3855 3895 3892 3967 ἠ

2324 3971 2703 4041 ἐνυπάρχουσα
2745 3975 2900 4045 ήμῶν
2954 3979 3019 4048 τῇ
3060 3977 3204 4051 ψυχῇ
3251 3979 3476 4049 λαγνεία
3527 3983 3771 4056 συναφθῇ
3818 3989 3890 4058 τῇ

2323 4062 2581 4134 ἀφθάρτῳ
2634 4065 2823 4136 ἁγνείᾳ
2865 4069 2960 4122 καὶ
3008 4073 3184 4139 φωτὸς
3235 4071 3398 4126 ἀΰλου
3460 4076 3629 4146 πυρὸς
3682 4080 3892 4143 παντὸς

2323 4151 2486 4204 πλέον
2521 4154 2933 4222 ἀποστίλϐοντος
2957 4159 3015 4212 ὲν
3045 4159 3180 4230 αὐτῇ
3209 4160 3426 4232 δέξηται
3450 4161 3702 4233 [πένθους
3724 4165 3889 4232 δεξα-

2327 4244 2483 4315 μένη]
2531 4245 2628 4316 τὴν
2671 4250 2986 4317 ἐμφάνειαν·
3037 4251 3193 4321 στῆθι
3249 4253 3308 4306 ὲν
3362 4257 3664 4327 προσευχῆς
3699 4258 3887 4329 δεήσει

2325 4336 2640 4407 σύντρομος,
2674 4341 2749 4409 ὡς
2779 4342 3064 4406 καταδικος
3101 4346 3495 4418 περιστάμενος
3520 4349 3772 4420 δικαστῇ,
3798 4351 3888 4403 ἵνα

2322 4427 2401 4498 τῷ
2433 4429 2589 4492 ἐκτὸς
2617 4432 2766 4497 εἴδει,
2798 4434 2890 4487 καὶ
2917 4435 2995 4503 τῷ
3025 4435 3172 4500 ἐντὸς
3200 4439 3319 4510 ἤθει
3353 4442 3690 4510 κατασϐέσῃς
3710 4439 3887 4512 θυμὸν

2323 4517 2526 4572 δικαίου
2559 4522 2762 4592 κριτοῦ.
2790 4525 2864 4576 Οὐ
2894 4524 3002 4595 γὰρ
3031 4526 3185 4597 φέρει
3213 4529 3484 4600 ύπερορᾷν
3510 4531 3685 4600 ψυχὴν
3704 4535 3888 4603 χήραν

670 4622 786 4662 nias
818 4616 870 4661 et
903 4609 1183 4677 imagines,
1219 4616 1276 4662 ut
1309 4606 1510 4676 ingenti
1541 4615 1746 4660 terrore
1776 4607 2020 4673 perculsa
2062 4606 2218 4676 150

2324 4612 2638 4675 κατωδύνως
2672 4614 2820 4686 αύτῷ
2852 4620 3274 4693 περισταμένην,
3297 4623 3391 4676 καὶ
3418 4623 3619 4686 κόπους
3653 4625 3730 4694 τῷ
3752 4627 3884 4682 ἀκό-

667 4699 849 4751 anima
906 4708 1088 4751 nostra
1125 4700 1176 4752 in
1225 4698 1493 4753 luxuriam
1531 4710 1701 4766 prona
1754 4695 2113 4749 inﬂammetur
2141 4701 2220 4750 in-

667 4797 917 4855 corrupta
951 4787 1213 4852 castitate,
1249 4798 1301 4841 et
1332 4788 1536 4842 lumine
1574 4787 1842 4856 spirituali
1871 4789 2012 4856 quod
2041 4805 2102 4842 ex
2135 4789 2221 4842 lu-

667 4888 757 4933 ctu
807 4879 1052 4948 suscipit,
1106 4878 1275 4950 magis
1324 4878 1642 4943 illustretur,
1690 4895 1854 4947 quam
1884 4880 2075 4946 quovis
2103 4881 2223 4948 igne

665 4970 1012 5038 quantumvis
1040 4969 1215 5024 claros
1248 4970 1313 5024 de
1337 4983 1396 5024 se
1425 4968 1605 5022 radios
1628 4978 1930 5037 spargente.
1954 4969 2087 5023 Dum
2126 4977 2220 5024 das

667 5077 886 5133 operam
941 5063 1207 5128 precibus,
1271 5072 1350 5115 sta
1392 5075 1574 5115 coram
1607 5059 1790 5129 judice
1839 5061 2218 5117 tremebundus

667 5166 775 5205 non
807 5166 964 5205 secus
1000 5164 1063 5202 ac
1104 5165 1246 5213 reus,
1289 5161 1347 5204 ut
1382 5151 1572 5204 humili
1603 5151 1850 5220 corporis
1897 5161 2036 5206 statu
2065 5153 2215 5217 foris,

654 5252 720 5304 {et
741 5242 907 5295 animi
933 5241 1115 5295 habitu
1154 5241 1294 5295 intus
1318 5241 1450 5310 justi
1475 5243 1672 5310 iudicis
1712 5244 1847 5297 iram
1883 5244 2214 5315 exstinguas.

667 5333 784 5387 Non
814 5333 955 5388 enim
982 5343 1155 5402 potest
1181 5333 1268 5386 ille
1302 5335 1558 5399 animam,
1585 5345 1842 5405 tanquam
1873 5335 2088 5392 viduam
2117 5340 2217 5392 do-

665 5426 837 5480 lenter
883 5438 1063 5477 coram
1115 5441 1173 5479 se
1221 5433 1472 5491 stantem,
1505 5434 1557 5479 et
1600 5426 1922 5494 importune,
1970 5429 2216 5496 quamvis

665 5516 782 5584 ipse
831 5513 1198 5585 infatigabilis,
1257 5516 1506 5585 precibus
1564 5514 1874 5585 fatigantem
1919 5516 2210 5587 despicere.

663 5606 769 5674 Qui
803 5607 947 5662 luctu
978 5607 1334 5677 Iacrymarum
1369 5609 1624 5663 interiore
1655 5611 1912 5678 tangitur,
1940 5609 2063 5666 huic
2092 5612 2212 5681 qui-

737 5787 778 5818 "
808 5783 949 5838 Psal.
971 5800 1044 5847 ct,
1074 5785 1125 5837 5.

733 5908 812 5976 (ιι)
838 5901 1171 5960 Poenitentia:
1208 5902 1550 5976 baptismum.

2323 4719 2409 4772 πῳ
2436 4707 2802 4774 παρέχουσαν.
2837 4709 2904 4764 Εἰ
2936 4728 3018 4775 τις
3046 4713 3275 4784 δάκρυον
3318 4713 3548 4783 ψυχικὸν
3589 4716 3879 4789 ἐκτήσατο,

2320 4795 2492 4868 τούτῳ
2540 4800 2647 4861 πᾶς
2683 4799 2846 4866 τόπος
2880 4805 2961 4868 είς
2991 4805 3183 4868 πένθος
3223 4805 3493 4875 ἁρμόδιος.
3525 4809 3590 4862 Et
3623 4809 3681 4863 δὲ
3715 4812 3883 4880 μόνον

2319 4886 2407 4939 διὰ
2437 4887 2531 4940 τοῦ
2559 4889 2714 4954 ἐκτὸς
2752 4893 3061 4964 ἐργάζεται,
3085 4897 3212 4960 τοὺς
3237 4897 3436 4961 τόπους
3475 4903 3569 4956 καὶ
3599 4903 3720 4964 τοὺς
3749 4906 3880 4972 e96-

2322 4995 2454 5043 πους
2477 4980 2766 5049 διακρίνων
2792 4987 2853 5039 ού
2888 4986 2965 5056 μὴ
3003 4986 3285 5041 παύσεται.
3327 4989 3412 5055 Ὠς
3439 4993 3469 5046 ό
3500 4995 3882 5064 κεκρυμμένος

2323 5068 2609 5140 θησαυρὸς,
2654 5074 2746 5126 τοῦ
2793 5077 2879 5129 ἐπ’
2900 5077 3102 5147 ἀγορᾶς
3137 5083 3495 5153 προκειμένου
3539 5083 3882 5155 ἀσυλώτερος

2321 5162 2673 5231 καθέστηκεν,
2702 5168 2842 5220 οὕτω
2871 5171 2963 5222 καὶ
2977 5169 3047 5223 τὰ
3071 5171 3430 5244 προλεχθέντα
3459 5177 3756 5247 νοήσωμεν.
3784 5180 3878 5252 Μὴ

2324 5251 2474 5318 γίνου
2506 5253 2638 5307 ώσεὶ
2681 5259 2906 5326 νεκροὺς
2952 5259 3234 5330 θάψαντες,
3271 5267 3400 5320 ποτὲ
3431 5266 3534 5335 μὲν
3572 5266 3662 5320 ἐπ’
3689 5251 3876 5334 αὐτοῖς

2326 5341 2662 5412 θρηνοῦντες,
2693 5341 2821 5400 ποτὲ
2851 5347 2906 5401 δὲ
2938 5350 3237 5417 δι’·αὐτοὺς
3275 5357 3683 5426 μεθυσκόμενον
3737 5359 3876 5415 ἀλλὰ

2325 5432 2480 5499 γενοῦ
2508 5434 2580 5497 ώς
2607 5439 2654 5488 οἱ
2685 5439 2742 5489 ὲν
2769 5440 3047 5507 μετάλλοις
3073 5443 3301 5515 δέσμιοι,
3335 5445 3456 5499 καθ’
3477 5446 3622 5518 ὥραν
3643 5447 3747 5502 ὑπὸ
3777 5451 3875 5520 δη-

2327 5522 2464 5590 μίων
2511 5528 2909 5598 μαστιζόμενοι·
2957 5533 2985 5584 ό
3035 5536 3164 5589 ποτὲ
3209 5538 3308 5608 μὲν
3365 5537 3592 5604 πενθῶν,
3641 5541 3772 5594 ποτὲ
3817 5543 3874 5596 δὲ

2321 5613 2555 5688 τρυφῶν,
2591 5623 2680 5674 καὶ
2716 5624 3026 5696 γελειάζων,
3056 5630 3239 5701 ὅμοιός
3270 5630 3386 5683 ἐστι
3415 5630 3494 5702 τῷ
3526 5633 3658 5704 μετὰ
3699 5637 3871 5704 ἄρτου
