4050 6338
194 456 283 517 ωδ
1164 416 1389 515 sem
1423 450 1796 513 PARADISI.
1825 477 1894 488 —
1932 451 2236 513 (manus
2262 451 2393 513 vn.

3268 450 3371 513 806

188 567 267 621 τὸν
283 532 405 620 κύνα
425 566 523 636 τῆς
546 567 853 640 φιληδονίας
872 534 1159 635 λίθάζοντι,
1182 572 1238 633 ὃς
1262 571 1338 640 τῷ
1361 571 1459 640 μὲν
1479 569 1715 638 σχήματι

1822 568 1899 621 vis
1941 568 2239 625 locusest
2305 566 2371 620 ad
2441 564 2642 619 luctum
2712 572 3069 633 opportunus.
3135 562 3235 618 Cui
3295 564 3372 617 la-

189 658 349 711 τοῡτον
375 657 573 711 διώκειο
613 659 691 730 τῷ
720 659 777 713 δέ
820 660 1102 730 πράγματι
1139 661 1489 732 παρεδρεύειν
1531 660 1716 713 τοῦτον

189 746 544 818 προτρέπεται.
597 748 753 802 Γίνου
811 750 1033 815 σύννους
1092 731 1520 822 ἀφιλένδεικτος,
1582 753 1716 821 πρὸς

189 835 273 904 τὴν
303 834 485 888 ἐαυτοῦ
518 836 745 906 καρδίαν
782 838 1106 909 ἐξεστηκὼς.
1146 841 1427 894 Δεδοίκασι
1458 839 1567 910 γὰρ
1590 838 1716 892 σύν-

188 942 315 979 νοιαν
358 928 405 978 οί
448 926 719 1003 δαίμονες,
745 928 821 993 ὡς
855 931 905 981 οἱ
946 930 1176 985 κλέπται
1213 934 1337 995 τοὺς
1378 934 1562 993 κύνας.
1604 931 1716 983 Ούκ

187 1013 313 1067 ἔστιν
339 1016 484 1085 ἡμῖν,
518 1009 565 1069 ὦ
602 1012 767 1083 οὗτοι,
821 1018 1052 1074 ἐνταῦθα
1095 1022 1129 1090 ἡ
1181 1020 1275 1073 τοῦ
1303 1021 1479 1090 γάμου
1504 1020 1712 1090 κλῆσις,

185 1105 269 1157 ούκ
298 1105 455 1168 ἐστιν,
489 1106 716 1161 οὔκουν
753 1108 969 1173 πάντως
1012 1110 1070 1164 δὲ
1109 1113 1188 1173 είς
1227 1112 1419 1174 πένθος
1454 1112 1658 1164 ἑαυτῶν
1689 1113 1717 1164 ὁ

186 1196 395 1261 καλέσας
429 1200 575 1270 ἡμᾶς
616 1202 844 1255 ἐνταῦθα
884 1203 1126 1257 ἐκάλεσε.
1162 1204 1314 1267 Τινὲς
1354 1204 1429 1274 (8)
1459 1203 1717 1273 δακρύον-

184 1305 278 1352 τες,
312 1290 469 1359 μηδὲν
496 1293 559 1345 τὸ
601 1295 861 1366 παράπαν
900 1295 959 1347 ἐν
992 1294 1069 1365 τῷ
1106 1297 1282 1367 καιρῷ
1333 1296 1411 1366 τῷ
1461 1297 1717 1367 μακαρίῳ

184 1379 462 1449 λογίζεσθαι
488 1384 715 1447 ἑαυτοὺς
743 1385 983 1455 ἀκαίρως
1009 1384 1303 1455 βιάζονται,
1335 1387 1409 1457 μὴ
1440 1387 1717 1456 λογιζόμε-

184 1489 270 1538 νοι,
299 1474 373 1527 ὅτι
396 1474 629 1546 δάκρυον
662 1478 930 1532 ἀνέννοιον
954 1480 1147 1547 ἀλόγου
1174 1478 1385 1548 φύσεως
1422 1479 1569 1543 ἴδιον,
1623 1479 1717 1533 καὶ

183 1564 233 1616 ού
263 1564 467 1637 λογικῆς
486 1582 501 1596 ⁸
536 1566 612 1635 (9)
635 1567 879 1639 γέννημα
907 1570 1122 1623 ἐννοιῶν
1152 1569 1383 1640 δάκρυον
1404 1587 1416 1600 ·
1453 1570 1633 1640 πατὴρ
1660 1571 1717 1624 δὲ

184 1653 361 1717 ἐννοίας
382 1656 637 1726 λογισμὸς
670 1660 764 1711 καὶ
783 1659 924 1722 νοῦς.
948 1660 1183 1714 Γινέσθω
1214 1677 1297 1712 σοι
1321 1662 1353 1731 ή
1382 1662 1440 1713 ἐν
1469 1664 1535 1730 τῇ
1563 1660 1718 1733 κλίνῃ

184 1762 262 1798 σου
284 1747 553 1811 άνάκλισις
584 1752 685 1820 τῆς
709 1752 768 1803 ἐν
802 1751 879 1821 τῷ
914 1753 1068 1821 τάφῳ
1094 1768 1186 1804 σου
1216 1752 1583 1815 κατακλίσεως
1620 1752 1718 1805 τύ-

184 1854 288 1902 πος,
321 1841 407 1893 καὶ
428 1836 588 1910 ἦττον
609 1841 894 1905 ὑπνὼσεις.
920 1843 1029 1895 Καὶ
1074 1844 1210 1913 αὐτή
1257 1861 1338 1896 σοι
1374 1847 1407 1913 ἡ
1448 1846 1545 1914 τῆς
1580 1851 1715 1914 τραὲ

182 1927 330 1999 πέζης
357 1909 668 1993 ἀπόλαυσις,
700 1932 796 2001 τῆς
818 1931 923 1985 τῶν
944 1909 1238 2003 σκωλήκων
1264 1909 1484 1987 ἐκείνων
1502 1909 1512 1914 τ
1528 1909 1716 2005 όδυ-νη-
1748 1909 1790 1964 Β

185 2020 269 2087 ρᾶς
308 2020 578 2090 τραπέζης
618 2022 858 2089 γενέσθω
898 2024 1199 2093 ἀνάμνησις
1221 2042 1234 2054 ·
1271 2026 1365 2079 καὶ
1400 2021 1560 2097 ἧττον
1584 2042 1715 2095 τρυ-

181 2109 386 2174 φήσεις·
410 2108 543 2177 μηὸὲ
588 2109 683 2161 τοῦ
719 2110 880 2161 ποτοῦ
918 2110 1011 2162 τοῦ
1058 2110 1243 2174 ὕδατος
1292 2114 1716 2181 μεταλαμϐάνων

182 2196 267 2265 τῆς
306 2197 458 2268 δίψης
497 2199 598 2268 τῆς
636 2200 833 2268 φλογὸς
878 2202 1090 2272 ἐκείνης
1141 2204 1546 2275 ἁμνημονήσεις
1569 2222 1583 2235 ο
1623 2207 1717 2259 καὶ

182 2288 374 2352 πάντως
400 2289 558 2361 βιάσῃ
586 2292 684 2361 τὴν
714 2292 893 2361 φύσιν.
933 2293 1055 2345 Ἐπὶ
1075 2294 1131 2346 δὲ
1153 2298 1216 2364 τῇ
1241 2295 1335 2347 τοῦ
1365 2297 1716 2350 ἐπιστατοῦν-

181 2396 258 2442 τος
288 2382 409 2451 ημῖν
439 2384 643 2453 ἐντίμῳ
663 2384 855 2455 ἀτιμίᾳ
878 2386 970 2438 καὶ
1003 2385 1307 2455 ἐπιπλήξει,
1342 2389 1435 2440 καὶ
1470 2388 1716 2460 ἐπιτιμία

180 2469 266 2540 τῆς
286 2473 372 2525 τοῦ
399 2461 584 2543 κρικῦ
612 2475 847 2544 φοϐερᾶς
880 2476 1217 2546 ὲννοηθῶμεν
1246 2479 1569 2546 ἀποφάσεως
1591 2496 1604 2509 ⁸
1627 2482 1718 2533 κα)⁸

183 2563 377 2624 πάντως
412 2565 507 2635 τὴν
554 2566 1011 2637 ἐπισπειρομένην
1061 2567 1252 2635 ἄλογον
1296 2568 1471 2639 λύπην
1504 2572 1599 2623 καὶ
1628 2588 1718 2623 πι-

183 2654 608 2735 κρίανιπραότητι
634 2659 726 2710 καί
760 2658 1021 2727 ὑπομονῇ,
1044 2657 1117 2721 ὡς
1137 2659 1194 2711 ἐν
1212 2660 1448 2730 διστόμῳ
1477 2662 1719 2733 μαχαίρᾳ

180 2749 598 2819 κατασφάξομεν.
643 2750 851 2818 Χρόνῳ
907 2748 1248 2808 σπανίζεται
1293 2752 1607 2817 θάλασσα,
1643 2754 1718 2815 ὦς

184 2853 329 2907 φησιν
359 2840 387 2889 ὁ
430 2840 567 2904 Ἰὼϐ,
603 2843 696 2895 καὶ
726 2845 899 2913 χρόνῳ
941 2844 1033 2896 καὶ
1066 2844 1307 2915 ὑπομονῇ
1356 2846 1493 2897 κατὰ
1528 2848 1720 2917 μικρὸν

181 2928 241 2980 τά
270 2931 523 3001 εἰρημένα
569 2935 631 2985 ἐν
683 2936 816 3002 ἡμῖν
852 2934 1199 3003 προσγίνεται
1252 2937 1346 2989 καὶ
1397 2937 1717 2993 τελειοῦται.

183 3019 341 3090 Πυρὸς
383 3022 598 3074 αἰωνίου
649 3025 836 3093 μνήμη
879 3025 999 3077 καθ’
1033 3025 1269 3095 ἑσπέραν
1300 3031 1720 3100 συγκοιμηθήτω

185 3125 275 3175 σοι,
290 3110 383 3163 καὶ
406 3111 787 3181 συναναστήτω
821 3127 933 3164 σοι·
966 3114 1059 3165 καὶ
1080 3112 1140 3165 ού
1172 3115 1246 3182 μή
1273 3129 1365 3165 σου
1398 3114 1638 3184 ῥᾳθυμία
1663 3119 1721 3168 ἐν

182 3198 345 3269 καιρῷ
378 3199 694 3270 ψαλμῳδίας
731 3202 992 3273 κυριεύσῃ
1028 3202 1176 3256 ποτέ.
1203 3204 1450 3257 Πεισάτω
1484 3222 1542 3256 σε
1585 3206 1719 3275 πρὸς
1746 3254 1789 3311 c

183 3291 423 3361 ἐργασίαν
472 3293 719 3356 πένθους,
754 3293 858 3347 κᾶν
889 3294 1021 3346 αὐτό
1051 3311 1144 3347 σου
1171 3295 1229 3347 τὸ
1256 3294 1476 3365 ἔνδυμα.
1514 3297 1719 3361 Πάντες

183 3378 281 3450 γάρ
309 3383 357 3435 οί
392 3384 612 3454 νεκροὺς
664 3384 1003 3456 θρηνοῦντες,
1046 3386 1246 3456 μέλανα
1288 3386 1718 3457 περιϐάλλονται.

182 3472 241 3526 El
288 3474 380 3544 μὲν
409 3476 468 3527 ού
500 3476 733 3539 πενθεῖς,
761 3476 848 3529 διά
873 3475 1029 3529 τοῦτο
1059 3477 1241 3530 πένθει
1268 3493 1282 3507 θ
1323 3479 1371 3529 εί
1404 3478 1460 3531 δὲ
1486 3478 1720 3543 πενθεῖς,

184 3565 263 3618 διὰ
304 3566 456 3621 τοῦτο
481 3567 666 3639 θρήνει
722 3568 943 3636 μᾶλλον,
972 3569 1053 3622 ὅτι
1087 3569 1144 3635 ἐξ
1183 3570 1380 3622 άπόνου
1405 3570 1609 3636 τάξεως
1644 3571 1723 3633 είς

183 3657 423 3712 ἐπίπονον
471 3660 662 3714 ἐαυτὸν
708 3662 1019 3731 κατήγαγες
1059 3661 1144 3715 διὰ
1172 3662 1282 3714 τῶν
1313 3660 1422 3714 σῶν
1454 3662 1725 3731 πταισμά-

142 3776 145 3779 -
184 3764 309 3802 ww
352 3750 593 3821 κρίνεται
647 3753 863 3815 πάντως
908 3752 1057 3821 παρὰ
1086 3752 1162 3822 τῷ
1212 3751 1363 3823 καλῷ
1410 3754 1504 3806 καὶ
1533 3753 1726 3823 δικαίῳ

182 3837 330 3906 ἡμῶν
356 3843 534 3911 κριτῇ,
558 3842 634 3903 ὡς
658 3842 723 3894 ἐν
752 3841 947 3904 ἅπασι,
976 3828 1069 3896 καὶ
1096 3844 1154 3894 ἐν
1175 3846 1287 3905 τοῖς
1314 3842 1545 3913 δάκρυσι
1568 3844 1600 3912 η
1628 3845 1725 3915 τῆς

183 3925 387 3993 φύσεως
420 3927 667 3998 δύναμις.
705 3926 857 4001 Εἶδον
883 3929 990 3998 γὰρ
1034 3930 1234 3999 μικρὰς
1266 3932 1525 3997 σταγόνας
1571 3931 1727 4000 δίκην

186 4015 401 4086 αἵματος
433 4018 569 4088 μετὰ
621 4019 782 4072 πόνου
814 4020 1179 4089 προχεομένας
1199 4036 1211 4049 ’
1246 4022 1339 4073 καὶ
1367 4018 1505 4074 εἶδον
1546 4023 1727 4093 πηγὰς

184 4108 387 4173 ἀπόνως
422 4108 809 4178 προχεομένας,
844 4108 1045 4177 καίπερ
1066 4107 1239 4177 ἔγωγε
1275 4110 1413 4163 κατὰ
1440 4111 1531 4163 τὸν
1567 4114 1727 4166 πόνον

184 4198 396 4268 μᾶλλον,
450 4199 543 4252 καὶ
590 4200 653 4251 οὐ
701 4198 840 4252 κατὰ
883 4198 943 4251 τὸ
964 4198 1195 4270 δάκρυον
1238 4200 1363 4263 τοὺς
1422 4199 1727 4270 κάμνοντας

184 4290 391 4361 ἐκριναο
442 4286 595 4360 οἶμαι
626 4290 683 4344 δὲ
719 4291 813 4343 καὶ
850 4292 881 4344 ὁ
902 4290 1050 4353 Θεός.
1097 4291 1207 4362 σύχ
1242 4291 1317 4362 (α)
1347 4292 1573 4362 ἁρμόζει
1602 4310 1728 4346 πεν-

187 4378 328 4435 θοῦσι
352 4382 613 4450 θεολογία·
642 4380 879 4434 διαλύειν
899 4381 1009 4452 γὰρ
1045 4382 1224 4435 αὐτῶν
1252 4381 1313 4434 τὸ
1338 4381 1530 4446 πένθος
1555 4383 1726 4452 πέφυ-

187 4491 291 4530 κεν.
329 4476 389 4529 '0
413 4475 507 4545 μὲν
544 4474 653 4543 γὰρ
679 4471 757 4542 τῷ
784 4474 874 4525 ἐπὶ
914 4472 1103 4544 θρόνου
1141 4473 1433 4544 καθημένῳ
1474 4474 1727 4527 διδασκα-

1816 673 2013 729 crymze
2049 674 2111 713 ex
2146 660 2315 713 oculis
2363 658 2623 712 duntaxat
2672 658 2917 725 corporis
2958 657 3149 719 linunt,
3193 657 3239 710 is
3267 670 3372 709 non

1816 748 2027 803 desinet
2064 750 2328 803 rationem
2404 750 2665 812 locorum,
2713 757 2766 801 et
2821 763 3033 802 morum
3093 747 3372 800 hominum

1815 840 2121 903 observare.
2179 839 2641 904 Quemadmodum
2707 839 2997 893 tltesattrus
3068 824 3397 893 teconditus

1816 932 1995 985 minus
2042 931 2183 985 l‘nrto
2251 940 2417 1001 patet,
2475 946 2637 999 quam
2693 931 2868 998 is-qui
2904 929 2954 983 in
3001 926 3215 998 publico
3260 930 3374 982 foro

1815 1033 2028 1077 cxslat:
2063 1023 2135 1076 ita
2178 1022 2397 1089 perinde
2449 1021 2514 1074 de
2564 1022 2732 1084 luctu,
2768 1031 2822 1075 et
2867 1010 3121 1091 laerymis
3146 1021 3377 1074 occultis

1816 1123 1869 1167 et
1894 1114 2093 1182 apertis
2120 1113 2458 1180 cogitandum
2494 1120 2595 1163 est.
2626 1110 2770 1163 Cave
2798 1126 2864 1162 ne
2894 1108 3124 1161 imiteris
3152 1123 3247 1160 eos
3280 1108 3374 1176 qui

1817 1216 2059 1258 mortuos
2085 1204 2372 1271 scpelinnt,
2393 1202 2482 1269 qtti
2511 1217 2655 1253 nunc
2686 1201 2869 1268 lugent
2888 1199 3192 1254 defunctos.
3229 1214 3375 1251 nunc

1819 1308 2038 1365 propter
2078 1296 2195 1348 illos
2240 1295 2304 1347 ad
2346 1293 2738 1346 cbrietatent'se
2773 1292 3122 1360 ingttrgitant.
3155 1291 3245 1343 sed
3279 1304 3376 1343 co-
3424 1330 3428 1334 .

1818 1388 1925 1457 gita
1950 1397 1999 1439 te
2029 1387 2079 1439 iu
2113 1386 2346 1438 latomiis
2370 1385 2507 1436 inter
2533 1385 2740 1436 vinctos
2782 1383 2995 1451 degere,
3018 1384 3111 1452 qui
3146 1382 3377 1449 singulis

1819 1480 1966 1533 horis
2001 1479 2069 1532 ab
2104 1477 2383 1532 lictoribus
2418 1477 2597 1545 ﬂagris
2627 1476 2923 1530 caeduntur.
2959 1473 3060 1540 Qui
3095 1490 3235 1527 nunc
3260 1473 3379 1541 qui-

1816 1566 1936 1619 dem
1984 1566 2143 1634 luget,
2202 1580 2343 1617 nunc
2396 1580 2529 1617 vero
2555 1578 2613 1618 se
2658 1565 2709 1617 in
2744 1564 2967 1617 delicias
2992 1572 3047 1616 et
3080 1563 3247 1616 risum
3275 1561 3379 1614 dil-

1817 1658 2011 1721 fundit,
2048 1657 2267 1726 perinde
2292 1643 2421 1711 l'acit
2457 1666 2619 1726 atque
2648 1658 2714 1719 is,
2744 1656 2833 1725 qui
2867 1671 3055 1709 canem
3094 1656 3377 1709 lascivien-

1817 1759 1923 1805 tem
1967 1766 2064 1819 pro
2107 1751 2299 1819 lapide.
2348 1765 2495 1818 pane
2536 1751 2685 1817 pi-tit,
2735 1749 2826 1818 qui
2873 1748 3020 1801 illum
3053 1748 3105 1801 in
3138 1749 3376 1816 speciem

1818 1843 2030 1910 quidem
2092 1841 2258 1910 abigit
2315 1851 2366 1894 et
2423 1842 2785 1909 persequitur,
2843 1840 3020 1908 rcipsa
3060 1854 3191 1892 vero
3224 1840 3289 1892 ad
3321 1854 3379 1893 se

1820 1934 2008 1987 invitat
2040 1943 2093 1986 et
2126 1933 2373 1987 advocat.
2408 1933 2633 1986 Attende
2676 1933 2768 2001 qui
2810 1932 2983 1999 luges,
3014 1942 3067 1985 et
3095 1932 3170 1987 sis
3202 1934 3379 1984 omnis

1816 2024 2193 2078 ostentationis
2236 2023 2618 2091 hostis,-atque
2644 2032 2789 2077 totus
2814 2023 2865 2076 in
2894 2024 3071 2077 cordis
3095 2024 3168 2077 tui
3196 2034 3378 2076 custo-

1816 2108 1960 2161 diam
2010 2110 2281 2175 abreptus.
2341 2105 2633 2175 lielttgiunt
2670 2106 2815 2159 ettitn
2865 2116 3118 2172 attentos,
3166 2108 3379 2176 sibique

1816 2198 2051 2267 intentos
2093 2200 2520 2259 cacodannoncs,
2568 2212 2673 2249 non
2717 2212 2874 2249 secus
2914 2206 3073 2265 atque
3120 2198 3374 2250 nocturni

1816 2302 2152 2359 grassatores
2179 2292 2368 2343 timent
2402 2304 2584 2343 canes.
2610 2288 2654 2341 Ο
2688 2289 2868 2350 amici,
2906 2304 3012 2342 non
3057 2305 3246 2343 sumus
3274 2291 3380 2343 huc

1816 2384 1881 2435 ad
1909 2384 2126 2450 nuptias
2170 2384 2366 2443 vocati,
2415 2381 2699 2450 151mm
2737 2396 2946 2442 sumus,
2990 2382 3081 2433 sed
3156 2384 3381 2433 omnino

1816 2472 1895 2525 ad
1940 2473 2201 2542 lugendus
2250 2488 2348 2525 nos
2397 2473 2544 2539 ipsos
2592 2471 2696 2524 huc
2745 2486 2773 2524 a
2816 2470 2924 2523 Deo
2958 2472 3131 2525 vocati
3167 2488 3377 2525 sumus.

1816 2560 2045 2626 Quidam
2073 2561 2201 2614 dum
2247 2563 2297 2614 in
2330 2562 2596 2631 lacrymas
2634 2570 2780 2625 eunt,
2809 2561 2861 2614 iu
2898 2562 2989 2614 illo
3016 2563 3178 2617 beato
3208 2564 3380 2633 lacry-

1818 2666 2026 2705 marum
2058 2660 2197 2705 statu
2255 2666 2470 2704 omnem
2514 2651 2612 2705 abs
2658 2668 2718 2705 se
2756 2654 3137 2721 cogitationem
3162 2657 3378 2723 pervim

1816 2742 2129 2806 excludunt,
2168 2742 2336 2811 ignari
2364 2742 2629 2811 lacrymas
2647 2744 2763 2797 sine
2792 2760 2958 2799 sensu
2989 2745 3376 2813 cogitationum

1818 2832 2065 2904 profusas
2097 2834 2533 2902 (crocodilorum)
2550 2845 2601 2887 et
2627 2835 2938 2889 animalium
2962 2838 3173 2891 ratione
3192 2854 3379 2892 caren-

1819 2928 1954 2981 tium
2008 2926 2251 2996 proprias
2306 2941 2445 2989 esse,
2496 2941 2600 2979 non
2659 2926 2961 2980 hominum.
2995 2927 3378 2998 Lacrymarum
3430 2960 3433 2965 ν

1820 3021 1943 3075 fons
1972 3020 2054 3074 est
2080 3021 2355 3089 cogitatio,
2370 3020 2751 3090 cogitationum
2785 3037 3000 3090 parens,
3032 3038 3183 3077 mens
3208 3034 3261 3076 et
3283 3040 3374 3076 ra-
3462 3066 3469 3067 κ

1822 3112 1914 3164 tio.
1976 3109 2202 3175 Quando
2251 3110 2400 3162 vadis
2423 3110 2689 3173 cubitum,
2726 3111 2797 3165 sit
2822 3111 2915 3164 tibi
2944 3112 3058 3178 ipse
3078 3113 3292 3166 cubitus
3326 3114 3380 3166 in

1822 3202 2019 3257 lectulo
2046 3212 2159 3265 tuo,
2203 3200 2373 3254 forma
2405 3201 2625 3255 habitus
2663 3202 2908 3269 corporis
2941 3204 2993 3255 in
3024 3204 3271 3272 sepulcro
3288 3205 3377 3273 ja-

1821 3294 2012 3356 centis,
2070 3302 2125 3346 et
2175 3294 2355 3347 minus
2402 3292 2665 3346 dormies.
2714 3291 2851 3346 Cum
2906 3294 2972 3346 ad
3026 3308 3265 3348 mensam
3288 3312 3380 3349 ac-

1821 3389 2053 3453 cumbis,
2085 3387 2154 3442 sit
2177 3387 2271 3441 tibi
2304 3387 2417 3456 ipsa
2450 3388 2758 3441 eotfl‘cstura
2797 3388 3006 3443 acerba:
3043 3389 3186 3445 illius
3228 3406 3378 3444 mcu-

1822 3496 1895 3536 sa:
1923 3480 2247 3541 recordatio,
2299 3493 2420 3533 cum
2470 3494 2683 3532 vermes
2706 3479 2760 3532 in
2801 3482 3051 3548 sepulcro
3078 3481 3374 3550 depascen-

1824 3583 1912 3628 tur
1955 3584 2105 3627 artus
2143 3580 2286 3632 tuos.
2327 3580 2380 3625 et
2417 3571 2598 3625 minus
2633 3571 2924 3639 voluptatis
2959 3573 3160 3641 capies.
3196 3574 3381 3643 Neque

1823 3680 1946 3722 cum
1986 3678 2179 3734 aquam
2215 3663 2477 3733 gustabis,
2508 3661 2846 3716 Oblivisceris
2891 3663 3011 3718 sitis
3051 3664 3193 3719 illius
3219 3682 3378 3736 quam

1824 3756 2060 3809 damnati
2120 3755 2172 3809 itt
2216 3753 2429 3807 ﬂamma
2469 3754 2766 3823 patiuntur,
2807 3763 2860 3807 et
2907 3755 3131 3809 omnino
3174 3766 3381 3821 natura:

1826 3848 1932 3902 vim
1977 3847 2195 3903 inti-res.
2247 3844 2304 3900 In
2350 3845 2676 3901 contumelia
2727 3854 2906 3900 autem
2947 3846 3099 3915 plena
3130 3848 3376 3913 honoris,

1824 3950 1879 3995 et
1918 3922 2311 4009 objurgatione,
2357 3948 2410 3992 et
2448 3936 2678 4006 irrogata
2715 3951 2745 3991 a
2772 3936 2999 4004 praeside
3031 3952 3191 4005 paena
3221 3953 3377 3991 reco-

1825 4029 2057 4098 gitemus
2105 4027 2438 4081 tremendam
2485 4025 2627 4078 illam
2662 4024 2861 4094 judicis
2890 4028 3213 4080 sententiam
3254 4027 3375 4094 (Ιιν,

1826 4119 2097 4173 maledicti
2129 4118 2231 4187 "),
2256 4126 2309 4171 et
2334 4130 2558 4185 prorsus
2591 4115 2821 4169 inlusam
2860 4117 3043 4171 animo
3075 4127 3266 4187 praeter
3290 4134 3377 4173 ra-

1827 4210 2025 4264 tionem
2056 4206 2392 4270 maestitiam,
2438 4216 2692 4277 tanquam
2716 4208 2935 4277 anclpiti
2971 4212 3235 4266 machaera
3261 4228 3345 4265 tua

1825 4309 2021 4354 etatam
2063 4314 2157 4368 per
2202 4298 2689 4362 mansuetudinem,
2728 4308 2793 4353 et-
2826 4301 3139 4369 patientiam
3176 4303 3379 4357 delebi-

1827 4405 1966 4444 mus.
2020 4388 2267 4458 Tempore
2322 4390 2539 4443 rarescit
2573 4406 2737 4455 mare,
2771 4391 2847 4444 uti
2888 4390 2992 4446 Job
3030 4401 3259 4449 testatur
3292 4394 3377 4459 “;

1828 4496 1979 4535 mora
2014 4480 2139 4534 item
2169 4496 2261 4535 seu
2290 4492 2529 4551 tempore
2563 4496 2657 4551 per
2694 4484 3007 4552 patientiam
3042 4486 3243 4540 sensim
3268 4486 3378 4549 illa,

188 4564 313 4635 λικῷ
340 4566 543 4620 ἔοικεν·
569 4568 598 4618 ὁ
626 4566 703 4628 δὲ,
742 4562 820 4634 τῷ
854 4564 946 4616 ἐπὶ
977 4564 1206 4635 κοπρίας
1241 4566 1338 4618 καὶ
1376 4569 1579 4621 σάκκου
1612 4568 1724 4621 δια-

1828 4586 1947 4640 qna:
1987 4572 2128 4625 dicta
2168 4581 2295 4626 sunt
2345 4572 2397 4625 in
2429 4571 2583 4627 nobis
2604 4574 2892 4640 exsistunt,
2919 4586 2971 4630 et
3006 4577 3377 4645 perﬁciuntur.

186 4657 429 4728 τρίϐοντι.
460 4658 570 4712 Καὶ
597 4656 750 4710 τοῦτό
774 4657 941 4717 ἐστιν,
965 4654 1041 4717 ὡς
1065 4655 1241 4724 οἶμαι,
1262 4658 1398 4729 ὅπερ
1423 4661 1515 4713 καὶ
1543 4661 1724 4728 Δαυῖδ,

187 4748 234 4801 εί
263 4751 351 4802 καὶ
372 4750 682 4812 διδάσκαλος
705 4749 799 4803 καὶ
826 4748 985 4816 σοφὸς
1018 4748 1278 4818 ὑπῆρχεν,
1299 4750 1459 4819 ἡνίκα
1492 4752 1726 4817 ἐπένθει,
1764 4806 1769 4811 .

186 4842 313 4914 πρὸς
359 4847 481 4907 τοὺς
518 4841 834 4914 ἐρωτῶντας
862 4840 1226 4910 ἀπεκρίνατο·
1275 4838 1409 4907 Πῶς
1460 4838 1588 4910 ᾆσω
1614 4846 1729 4913 τὴν

187 4930 340 4999 ᾠδὴν
379 4935 595 5003 Κυρίου
625 4933 722 4986 ἐπὶ
769 4932 881 5003 γῆς
930 4930 1283 5000 ἁλλοτρίας;
1315 4931 1502 5001 ἤγουν,
1547 4936 1728 5005 ἐμπα-

189 5022 346 5088 θείας.
368 5026 474 5081 καὶ
493 5026 589 5078 ἐπὶ
614 5028 715 5095 τῆς
737 5025 983 5088 κτίσεως,
1011 5023 1104 5076 καὶ
1136 5021 1225 5073 ἐπὶ
1251 5021 1348 5090 τῆς
1386 5026 1724 5091 κατανύξεως

189 5111 327 5167 ἐστιν
359 5117 465 5186 (10)
504 5115 852 5184 αὐτοκίνητος
906 5114 1001 5167 καὶ
1051 5110 1434 5183 ἐτεροκίνητος.
1486 5111 1652 5166 Ὅταν
1690 5118 1725 5187 ἡ

188 5201 347 5274 ψυχὴ,
368 5207 458 5259 καὶ
484 5206 641 5277 ὑμῶν
680 5204 758 5275 μὴ
798 5206 1163 5265 σπευσάντων,
1193 5198 1327 5271 μηδὲ
1348 5202 1726 5271 ἐπιτηδευσάνο

189 5309 290 5348 των
334 5296 645 5368 δακρυώδης
698 5296 791 5349 καὶ
826 5277 1094 5367 κάθυγρος
1152 5294 1245 5349 καὶ
1293 5293 1430 5363 ὴπία
1480 5294 1726 5371 γένηται,

191 5381 488 5453 δράμωμεν,
509 5390 539 5441 ό
568 5390 676 5456 γὰρ
707 5386 903 5458 Κύριος
935 5388 1181 5458 ἀκλήτως
1207 5384 1426 5455 ἐλήλυθε
1446 5401 1459 5414 ·
1492 5385 1727 5455 σπόγγον

192 5474 316 5542 ἡμῖν
362 5476 531 5540 διδοὺς
570 5478 744 5547 λύπης
778 5477 1072 5547 θεοφιλοῦς,
1103 5480 1196 5532 καὶ
1238 5476 1376 5547 ὓδωρ
1416 5474 1728 5543 ἀναψύξεως

194 5563 429 5636 δακρύων
480 5566 747 5622 θεοσεϐῶν
793 5567 927 5636 πρὸς
972 5568 1069 5639 τὴν
1115 5566 1383 5637 ἰξάλειψιν
1411 5563 1517 5619 τῶν
1556 5566 1614 5617 έν
1648 5566 1727 5637 τῷ

259 5715 302 5737 ι’
326 5705 508 5759 Matth.
535 5722 663 5775 xxv,
692 5710 782 5775 41,
858 5714 903 5741 ⁸⁸
929 5709 1055 5774 Job,
1090 5723 1202 5773 τιν,
1228 5710 1318 5765 tl.

1830 4663 2151 4733 Sempiterni
2184 4665 2477 4719 inferorum
2510 4666 2740 4721 incendii
2786 4669 3045 4723 memoria
3081 4681 3254 4725 tecum
3285 4686 3378 4723 ve-

1827 4758 1970 4830 speri
2022 4757 2394 4827 proﬁciscatur
2432 4758 2708 4821 cubitum,
2746 4768 3033 4829 tecumque
3061 4776 3217 4814 mane
3242 4774 3375 4815 con-

1828 4852 2038 4914 surgat,
2065 4855 2120 4899 et
2148 4859 2420 4913 nunquam
2452 4854 2504 4900 te
2531 4846 2905 4901 somnolentia.
2924 4858 2977 4901 et
2996 4849 3380 4917 pigritiatem-

1827 4953 1956 5008 pore
2001 4950 2220 5007 precum
2271 4944 2325 4989 et
2368 4920 2696 5003 psalmorum
2731 4936 3126 5015 recitandorutn
3149 4931 3381 5008 oecupa-

1832 5024 1929 5076 bit.
1989 5020 2177 5073 Cultus
2236 5019 2349 5087 ipse
2382 5019 2638 5085 corporis
2665 5028 2719 5074 et
2739 5022 2905 5075 vestis
2937 5031 3027 5076 tua
3054 5024 3302 5094 religiosa
3330 5038 3382 5080 te

1831 5114 1897 5168 ad
1946 5110 2152 5165 luctum
2188 5110 2404 5164 excitet.
2438 5110 2593 5180 152
2624 5110 2821 5167 Omnes
2844 5113 3043 5183 quippe
3064 5118 3156 5185 qui
3190 5116 3381 5173 funera

1832 5204 2033 5271 lugent,
2073 5201 2256 5269 pullati
2295 5200 2569 5257 incedunt.
2595 5204 2748 5269 Quod
2774 5206 2828 5272 {si
2857 5205 3040 5276 lugere
3074 5223 3179 5262 non
3207 5219 3379 5279 potes,

1835 5294 1935 5347 hoc
1968 5293 2144 5361 ipsum
2170 5292 2329 5362 lnge;
2359 5294 2402 5348 si
2440 5296 2609 5365 luges,
2637 5297 2737 5352 hoc
2767 5299 2937 5369 magis
2970 5299 3109 5369 luge,
3140 5301 3283 5371 quod
3313 5316 3378 5354 ex

1834 5394 1977 5440 statu
2023 5383 2204 5454 quieto
2236 5384 2303 5438 ad
2340 5401 2704 5443 aerumnosum
2732 5389 2875 5445 hunc
2904 5406 2999 5461 per
3031 5404 3121 5446 tua
3163 5402 3378 5461 peccata

1836 5476 2062 5542 teipsunt
2125 5474 2405 5545 deieceris.
2463 5476 2700 5548 Respicit
2757 5483 2981 5535 omnino
3033 5483 3267 5551 optimus
3324 5489 3379 5533 et

1834 5566 2180 5636 aequissimus
2233 5568 2399 5637 judex
2447 5579 2650 5635 noster,
2672 5580 2733 5624 ut
2762 5570 2815 5625 in
2856 5573 3063 5628 caeteris
3095 5571 3370 5635 omnibus,

258 5798 335 5881 (α)
391 5796 541 5881 Hunc
598 5800 777 5881 locum
820 5817 1100 5881 perperam
1162 5800 1419 5859 intellexit
1470 5798 1713 5868 Gerson;
1758 5800 1960 5881 entissa
1998 5803 2141 5861 enim
2176 5806 2461 5877 negatione
2519 5802 2848 5865 contrarium
2911 5803 3118 5862 auctori
3148 5817 3366 5860 sensum

200 5877 380 5925 contra
401 5876 629 5925 mentem
664 5870 833 5941 ipsius
856 5870 1099 5942 protulit.
1168 5918 1171 5921 ν
1242 5926 1267 5935 ν,
