4050 6338
619 464 726 528 807

1842 456 1902 514 S.
1928 453 2244 515 JOANNIS
2279 453 2581 518 CLIMACI

3712 464 3829 528 808

618 580 694 627 Ita
730 577 787 626 ot
829 571 884 624 in
917 569 1067 625 luctu
1105 577 1159 622 et
1191 566 1466 638 lacrymis.
1509 563 1815 619 facultatem
1852 574 2056 618 natura:
2079 578 2167 616 no-

2272 565 2441 640 χάρτη
2469 569 2838 638 πταισμάτων,
2862 570 3093 638 φύλαξον
3111 575 3311 646 ταύτην
3336 575 3412 638 ὡς
3435 578 3604 648 κόρην
3622 577 3834 647 ὀφθαλ-

619 671 762 714 ειικσε.
804 660 921 725 Vidi
953 657 1269 729 perexiguas
1294 658 1653 726 lacrymarum
1683 666 1861 725 guttas
1900 656 2168 709 laboriose

620 753 788 805 instar
829 749 1110 820 sanguinis
1160 756 1464 819 protrusas,
1499 755 1552 800 et
1573 745 1680 800 vidi
1721 745 1894 800 fontes
1916 747 2170 816 lacryma-

618 857 738 896 rum
795 841 912 896 sine
965 834 1148 895 labore
1189 839 1458 910 profusos,
1504 845 1558 893 et
1599 839 1940 908 pronuntiavi
1988 854 2170 894 secun-

619 931 745 984 dum
778 930 1108 984 laborantem
1138 926 1330 998 magis,
1360 941 1518 996 quam
1552 925 1830 996 profusius
1873 927 2170 998 lacryman-

618 1032 748 1085 tem,
782 1036 880 1076 nec
903 1021 1054 1075 aliter
1083 1021 1152 1075 ab
1187 1019 1295 1075 Deo
1320 1019 1570 1075 existimo
1591 1019 1842 1089 iudicari.
1883 1017 2004 1074 Non
2038 1034 2169 1074 con-

618 1112 766 1166 venit
827 1111 1135 1180 lugentibus
1186 1111 1252 1165 de
1292 1109 1454 1164 rebus
1484 1108 1608 1164 altis
1637 1118 1691 1164 et
1725 1109 2034 1179 theologicis
2063 1117 2171 1162 tra-

619 1203 786 1257 ctatio
824 1218 918 1256 seu
949 1200 1230 1270 cogitatio,
1279 1200 1577 1270 exstinguit
1605 1199 1746 1252 enim
1777 1199 2001 1253 luctum.
2037 1197 2169 1253 Nam

619 1292 713 1362 qui
768 1291 1070 1360 theologica
1108 1290 1328 1360 cogitat,
1354 1289 1547 1343 similis
1578 1297 1660 1343 est
1689 1288 1762 1342 illi
1788 1291 1880 1358 qui
1912 1290 1962 1343 in
1997 1291 2172 1343 cathe-

620 1383 717 1438 dra
738 1398 859 1438 cum
888 1397 1102 1451 pompa,
1125 1393 1178 1436 et
1203 1382 1432 1436 docendi
1482 1381 1802 1437 auctoritate
1826 1381 2051 1436 residet:
2077 1383 2170 1452 qui

620 1482 800 1528 autem
832 1472 991 1543 luget,
1021 1472 1117 1537 illi,
1137 1472 1229 1541 qui
1254 1473 1306 1524 in
1346 1470 1703 1540 sterquilinio.
1729 1471 1926 1536 cilicio,
1943 1481 1996 1526 et
2013 1486 2172 1527 sacco

621 1563 873 1618 sordibus
924 1573 1190 1618 versatur.
1232 1561 1299 1614 Et
1340 1562 1440 1616 hoc
1485 1571 1588 1626 est,
1616 1563 1691 1616 uti
1727 1579 1870 1626 reor,
1893 1563 2037 1632 quod
2065 1563 2167 1617 Da-

622 1651 712 1706 vid
746 1651 1094 1720 quantumvis
1121 1658 1314 1703 caetera
1358 1649 1572 1711 doctus.
1610 1661 1666 1705 et
1696 1649 1910 1718 sapiens
1937 1651 2169 1704 interro-

623 1742 868 1812 ganlibus
919 1741 1216 1811 respondit,
1276 1757 1397 1795 cum
1447 1742 1684 1812 lugeret:
1734 1741 2001 1807 Quomodo
2041 1762 2168 1798 can-

624 1830 742 1885 tabo
791 1833 1054 1886 canticum
1095 1830 1302 1884 Domini
1350 1832 1404 1884 in
1430 1842 1572 1885 terra
1601 1834 1774 1886 aliena
1804 1834 1892 1887 "1'
1926 1835 2030 1888 hoc
2059 1845 2164 1898 est,

620 1921 765 1974 vitiis
811 1919 1062 1974 obnoxia.
1130 1917 1589 1984 Quemadmodum
1634 1921 1685 1974 in
1733 1937 1912 1976 rerum
1947 1931 2161 1986 natura,

619 2009 725 2064 alia
767 2023 862 2078 per
905 2023 964 2062 se
1019 2015 1324 2072 moventur,
1377 2008 1483 2062 alia
1529 2009 1598 2062 ab
1624 2010 1744 2064 aliis
1785 2010 2172 2080 impelluntur;

621 2101 692 2155 ita
731 2101 977 2171 lacryma:
1007 2113 1072 2152 ex
1111 2101 1524 2167 compunctione
1547 2100 1630 2154 vel
1649 2111 1836 2170 sponte
1877 2100 2171 2170 proﬂuunt,

618 2191 700 2244 vel
742 2191 922 2246 studio
963 2198 1020 2244 et
1084 2189 1269 2244 labore
1319 2190 1648 2252 eliciuntur.
1707 2190 1932 2256 Quando
1993 2191 2172 2245 anima

619 2289 843 2344 nostra,
891 2281 1048 2355 nobis
1112 2296 1219 2334 non
1248 2311 1259 2350 δ
1289 2280 1536 2335 sollicitis
1603 2295 1777 2350 neque
1831 2280 2173 2336 allaboranti-

619 2372 739 2436 bus,
771 2387 936 2440 perse
961 2372 1016 2426 in
1045 2372 1311 2442 lacrymas
1345 2379 1400 2426 ct
1418 2371 1622 2426 luctum
1651 2372 1886 2426 resoluta
1916 2371 2171 2434 mitescit,

620 2471 735 2514 tum
763 2476 887 2515 vero
911 2461 1235 2516 currendum
1249 2473 1330 2534 est
1358 2479 1371 2515 :
1403 2460 1666 2516 Dominus
1724 2464 1864 2516 enim
1895 2462 2173 2536 invocatus

623 2551 752 2624 [non
791 2552 1038 2625 vocatus]
1102 2547 1335 2618 advenit,
1390 2563 1450 2608 ut
1499 2555 1777 2622 Spongiam
1838 2553 1992 2608 nobis
2049 2569 2173 2622 gra-

621 2656 690 2700 tae
745 2644 853 2700 Deo
918 2646 1149 2700 tristitia:
1222 2646 1497 2716 porrigat,
1581 2653 1635 2699 et
1699 2644 1901 2699 fontem
1966 2646 2173 2715 aperiat

620 2733 912 2802 refrigerii,
970 2735 1327 2804 lacrymarum
1392 2744 1700 2790 sanctarum
1767 2733 1833 2787 ad
1885 2733 2170 2788 delendum

625 2823 780 2894 153
817 2825 1233 2893 cbirOgrapbum
1283 2834 1624 2893 peccatorum
1679 2833 2023 2889 nostrorum;
2071 2840 2169 2879 cu-

621 2918 759 2971 stodi
795 2917 940 2980 hunc
967 2928 1221 2984 tanquam
1249 2916 1506 2985 pupillam
1530 2916 1692 2979 oculi,
1722 2916 1901 2984 quoad
1925 2916 2168 2980 recedat;

624 3021 818 3074 magna
847 3005 992 3060 enim
1022 3014 1107 3060 est
1133 3006 1215 3059 vis
1243 3006 1412 3069 illius,
1453 3019 1574 3074 qua:
1616 3005 1772 3076 longe
1799 3005 1963 3058 vincit
1998 3005 2170 3067 illum.

623 3111 785 3164 quem
833 3095 1028 3162 labore,
1059 3104 1114 3149 et
1163 3095 1342 3150 studio
1377 3105 1564 3149 nostro
1603 3093 1780 3164 adepti
1820 3109 2030 3150 sumus.
2066 3095 2174 3150 Ne-

2273 657 2376 724 μοῦ
2407 661 2562 727 ἄχρις
2591 654 2651 713 οὗ
2708 663 3031 736 ὑποχωρήσῃ
3051 681 3064 694 ’
3092 667 3256 738 πολλὴ
3297 669 3404 737 γὰρ
3434 670 3468 738 ἠ
3505 669 3660 738 ἰσχὺς
3695 672 3834 724 τούο

2269 765 2383 812 του,
2413 749 2551 821 ὑπὲρ
2695 751 2787 805 τοῦ
2807 752 2864 817 ἐξ
2890 753 3158 822 ἡμετέρας
3188 756 3418 825 σπουδῆς
3448 757 3542 810 καὶ
3576 759 3829 822 ἐπινοίας

2269 841 2728 910 προσγινομένουυ
2785 843 2880 914 οὐχ
2923 844 3010 896 ὅτε
3063 844 3175 915 (ll)
3213 845 3456 914 βούλεται
3504 849 3533 900 ὁ
3584 848 3829 913 πενθῶν,

2268 921 2423 994 οὗτος
2450 931 2640 994 κάλλος
2665 931 2906 1000 πέφθακε
2927 934 3180 998 πένθους·
3204 934 3318 988 ἀλλ’
3341 938 3370 988 ὁ
3395 937 3453 988 ὲν
3479 931 3561 1000 οἷς
3581 937 3676 990 ἐὰν
3695 937 3830 1005 βούο

2268 1021 2445 1092 ληταιο
2474 1025 2564 1077 καὶ
2583 1024 2700 1077 οὐδὲ
2721 1025 2778 1076 ἐν
2805 1019 2885 1087 οἷς
2907 1025 2972 1080 ἂν
3001 1026 3272 1096 βούληται,
3298 1026 3412 1080 ἀλλ’
3428 1028 3456 1080 ὁ
3489 1027 3665 1091 καθὼς
3683 1027 3831 1091 Θεὸς

2272 1112 2537 1182 βούλεται.
2560 1115 2822 1182 Πολλάκις
2853 1116 2932 1187 τῷ
2960 1117 3099 1172 κατὰ
3131 1118 3263 1172 Θεὸν
3289 1118 3470 1173 πένθει
3507 1120 3568 1172 τὸ
3599 1120 3696 1188 τῆς
3722 1135 3829 1171 κε-

2269 1205 2505 1270 νοδοξίας
2566 1209 2894 1279 ἁχαρίτωτον
2954 1207 3030 1278 (a)
3091 1209 3460 1279 συμπλέκεται
3557 1209 3825 1280 δάκρυον.

2269 1295 2438 1349 Τοῦτο
2458 1296 2514 1348 δὲ
2538 1297 2770 1368 δοκίμως
2786 1301 2882 1353 καὶ
2902 1299 3136 1363 εὐσεϐῶς
3165 1300 3598 1369 ὲπιγνωσὸμεθα,
3616 1302 3830 1354 ὁπόταν

2269 1385 2592 1451 πενθοῦντας
2645 1391 2736 1442 καὶ
2794 1393 3255 1461 πονηρευομένους
3309 1392 3534 1454 ἑαυτοὺς
3597 1391 3825 1460 ἴδωμεν.

2268 1479 2576 1543 Κατάνυξις
2621 1482 2781 1550 κυρία
2833 1483 3001 1545 ἐστὶν,
3036 1481 3434 1552 ἁμετεῶριστος
3452 1482 3610 1552 ὀδύνη
3637 1481 3830 1552 ψυχῆς

2273 1573 2538 1642 μηδεμίαν
2585 1576 2746 1645 ἑαυτῇ
2783 1575 3124 1646 παρηγορίαν
3173 1575 3505 1646 παρέχουσα,
3547 1575 3712 1644 μόνην
3759 1573 3828 1627 δὲ

2267 1665 2365 1732 τὴν
2409 1665 2604 1734 ἑαυτῆς
2651 1666 2902 1718 ἀνάλυσιν
2951 1666 3073 1719 καθ’
3099 1667 3243 1740 ὥραν
3290 1668 3686 1737 φανταζομένη,
3719 1666 3830 1719 καὶ

2268 1754 2367 1824 τὴν
2417 1755 2510 1807 τοῦ
2557 1755 2668 1824 (12)
2717 1757 3151 1827 παρακαλοῦντος
3191 1757 3322 1811 Θεοῦ
3366 1759 3492 1820 τοὺς
3533 1760 3832 1823 ταπεινοὺς

2273 1846 2534 1915 μοναχοὺς
2557 1847 2889 1919 παράκλησιν
2909 1849 2983 1912 ὡς
3004 1848 3142 1920 ὕδωρ
3167 1849 3371 1920 ψυχρὸν
3395 1849 3824 1920 προσδεχομένη.

2276 1934 2429 1988 Ὅσοι
2451 1938 2508 1988 ὲν
2545 1937 2786 2003 αἰσθήσει
2833 1939 3056 2009 καρδίας
3091 1940 3279 2002 πένθος
3327 1942 3639 2009 ἐκτήσαντο,
3673 1936 3830 1995 οὗτοι

2275 2028 2369 2078 καὶ
2392 2027 2559 2096 αὐτὴν
2584 2027 2677 2099 τὴν
2698 2029 2902 2082 ἑαυτῶν
2932 2029 3076 2101 ζωὴν
3115 2031 3408 2102 ἐμίσησαν·
3438 2030 3499 2083 τὸ
3528 2029 3585 2083 δὲ
3609 2031 3831 2084 ἑαυτῶν

2275 2116 2454 2187 σῶμα,
2485 2117 2561 2181 ὡς
2584 2119 2772 2189 ἐχθρὸν
2821 2122 3265 2192 ἀπεστράφησαν.
3330 2122 3557 2176 Ὀπόταν
3601 2123 3659 2174 έν
3701 2125 3832 2186 τοῖς

2273 2207 2412 2260 κατὰ
2440 2208 2569 2260 Θεὸν
2602 2209 2814 2262 πενθεῖν
2849 2211 3092 2265 δοκοῦσιν
3121 2211 3286 2282 ὀργὴν
3324 2213 3416 2266 καὶ
3443 2211 3833 2283 ὑπερηφανίαν

2273 2298 2617 2368 θεασώμεθα,
2643 2300 2845 2354 τούτων
2877 2301 2942 2354 τὰ
2975 2301 3180 2373 δάκρυα
3204 2303 3418 2355 ἐναντία
3453 2301 3829 2371 λογισώμεθαο

2271 2390 2420 2443 Ποία
2448 2389 2555 2458 γὰρ
2584 2393 2858 2446 κοινωνία
2906 2392 3052 2461 φωτὶ
3097 2393 3246 2462 πρὸς
3274 2397 3531 2494 (moros;
3569 2394 3833 2463 Γέννημα

2275 2481 2373 2550 μὲν
2400 2481 2784 2554 νενοθευμένης
2817 2483 3178 2549 κατανύξεως,
3201 2485 3395 2551 οῐησις,
3428 2481 3832 2552 ἐπαινουμένης

2269 2572 2326 2625 δὲ
2357 2573 2734 2644 παράκλησιςο
2769 2572 2956 2644 ὥσπερ
3003 2575 3341 2644 ἀναιρετικὸν
3385 2574 3444 2644 τὸ
3491 2572 3600 2639 πῦρ
3645 2571 3831 2626 καλά-

2273 2683 2398 2736 μης,
2425 2665 2566 2718 οὕτω
2594 2665 2654 2718 τὸ
2694 2666 2924 2736 δάκρυον
2975 2665 3032 2719 τὸ
3065 2665 3225 2733 ἁγνὸν
3251 2665 3446 2727 παντὸς
3472 2663 3828 2733 φαινομένου,

2271 2760 2366 2812 καὶ
2419 2757 2704 2828 νοουμένου
2753 2757 2962 2829 ρύπου.-
3007 2756 3064 2810 '0
3092 2759 3218 2826 περὶ
3251 2757 3354 2810 τῶν
3377 2753 3623 2826 δακρύων
3661 2754 3833 2822 λόγος

2271 2849 2421 2919 παρὰ
2449 2850 2660 2912 πολλοῖς
2698 2851 2804 2902 τῶν
2831 2849 3087 2920 Πατέρων
3109 2849 3378 2909 σκοτεινός
3402 2864 3484 2915 τις
3506 2846 3598 2899 καὶ
3627 2845 3829 2899 δυσεύ-

2275 2935 2445 3007 ρετος,
2483 2943 2538 2992 ὲν
2570 2943 2680 3004 τοῖς
2715 2942 3088 3008 είσαγωγικοίς
3121 2939 3352 3010 μάλιστα
3390 2933 3524 2991 εἶναι
3555 2937 3830 3008 ὁρίζεται,

2273 3031 2366 3082 καὶ
2388 3031 2452 3082 ὲκ
2468 3030 2674 3083 πολλῶν
2696 3030 2789 3083 καὶ
2810 3030 3074 3100 διαφόρων
3095 3029 3305 3100 τρόπων
3327 3027 3493 3082 ταῦτα
3517 3025 3829 3080 τίκτεσθαι.

2273 3121 2429 3189 Λέγω
2452 3121 2517 3192 δὴ
2546 3125 2608 3175 ὲκ
2643 3122 2874 3189 φύσεως,
2901 3124 2964 3174 ὲκ
2998 3121 3151 3184 Θεοῦ,
3181 3120 3507 3189 “nouom;
3536 3118 3793 3181 ἐναντίας
3813 3133 3831 3149 ’

624 3201 896 3256 quaquam
933 3186 1022 3240 ille
1053 3201 1232 3240 veram
1283 3185 1461 3241 luctus
1503 3186 1728 3256 gratiam
1762 3195 2040 3248 assecutus
2068 3195 2171 3251 est,

2273 3211 2333 3276 ἐξ
2357 3185 2576 3265 έπαινου
2585 3185 2768 3283 μένης,
2793 3214 2855 3265 ὲκ
2876 3210 3196 3278 κενοδοξίας,
3220 3213 3284 3265 ὲκ
3307 3185 3579 3281 πορνείας.
3607 3209 3669 3273 ἐξ
3685 3209 3836 3276 ἁγά-

623 3277 716 3346 qui
748 3277 890 3346 luget
913 3277 1130 3347 quando
1160 3277 1295 3343 vult,
1321 3277 1413 3332 sed
1446 3277 1539 3348 qui
1569 3276 1711 3348 luget
1743 3293 1862 3347 quae
1900 3278 2038 3344 vult;
2074 3294 2173 3334 nec

624 3359 834 3417 tantum
858 3379 980 3433 quae
1015 3365 1162 3426 vult",
1193 3365 1287 3420 sed
1318 3365 1410 3434 qui
1436 3365 1582 3438 luget
1613 3376 1668 3421 ut
1699 3367 1837 3422 Deus
1860 3369 1991 3423 vult.
2020 3368 2172 3440 Saepe

624 3452 793 3506 luctui
830 3468 957 3508 vero
992 3455 1289 3509 miscentur
1316 3455 1504 3510 invisae
1550 3454 1660 3510 Deo
1697 3471 1847 3511 vanae
1877 3457 2061 3529 gloria
2089 3459 2170 3513 la-

627 3556 843 3611 crymaa,
875 3544 1020 3613 quod
1049 3545 1273 3599 solerter
1300 3553 1357 3600 et
1383 3545 1466 3614 pie
1496 3545 1900 3613 observabimus
1931 3558 1986 3602 et
2013 3549 2172 3603 intel-

626 3630 878 3700 ligemus,
929 3636 1147 3702 quando
1195 3650 1296 3689 nos
1337 3636 1623 3706 lacrymari
1649 3674 1665 3700 ,
1701 3647 1781 3690 et
1833 3647 2007 3692 tamen
2043 3639 2172 3692 vitia

629 3735 738 3775 non
787 3723 1076 3776 emendare
1117 3725 1466 3780 senserimus.
1510 3725 1650 3779 Vera
1703 3727 2057 3796 compunctio
2091 3739 2175 3782 est

628 3812 780 3867 dolor
809 3813 999 3868 animae
1031 3816 1178 3870 omni
1210 3831 1401 3869 carens
1430 3815 1594 3869 animi
1637 3815 1888 3883 elatione,
1918 3817 2009 3886 qui
2050 3816 2173 3871 nul—

629 3905 734 3958 lam
762 3905 862 3958 sibi
895 3914 1113 3974 praestat
1154 3907 1618 3971 consolationem,
1659 3907 1752 3968 sed
1783 3909 2033 3963 omnibus
2056 3924 2172 3963 mo-

627 3995 823 4049 mentis
851 3995 1226 4064 migrationem
1251 4011 1282 4052 e
1305 3999 1411 4052 vita
1443 3997 1553 4054 sibi
1586 3998 1655 4052 ob
1685 3998 1870 4054 oculos
1901 4000 2172 4070 proponit,

627 4095 682 4140 et
725 4088 1146 4167 consolationem
1206 4103 1238 4143 a
1283 4087 1390 4143 Deo
1440 4090 1532 4159 qui
1585 4089 1815 4144 humiles
1863 4091 2174 4146 consolatur

629 4177 943 4242 monachos,
973 4177 1388 4232 veluti-affusam
1421 4179 1664 4249 frigidam
1694 4188 2019 4248 exspectant.
2043 4181 2174 4248 Qui-

627 4280 839 4334 cunque
867 4281 1052 4319 verum
1078 4282 1143 4320 ex
1169 4267 1346 4320 cordis
1374 4282 1536 4322 sensu
1565 4269 1766 4323 luctum
1798 4273 2170 4339 possederunt,

630 4356 707 4409 illi
760 4359 921 4411 vitam
977 4371 1192 4426 quoque
1247 4372 1444 4423 suam,
1508 4366 1763 4427 tanquam
1814 4373 2169 4415 aerumnosam

631 4448 913 4512 quamdam
952 4449 1195 4502 omnium
1237 4448 1594 4518 lacrymarum
1634 4457 1690 4500 et
1716 4447 1962 4502 dolorum
1989 4449 2175 4504 conci-

633 4534 890 4590 liatricem
938 4538 1188 4602 oderunt,
1237 4551 1540 4606 corpusque
1591 4551 1750 4592 suum
1780 4535 1926 4590 velut
1961 4537 2169 4591 hostem
2201 4528 2248 4584 Β

635 4633 976 4679 aversantur.~
1018 4627 1241 4692 Quando
1268 4629 1322 4688 in
1352 4628 1419 4682 iis
1447 4627 1539 4697 qui
1569 4626 1672 4684 sibi
1719 4639 1844 4681 vere
1877 4625 2170 4682 secundum

636 4729 804 4780 Deum
839 4737 1020 4796 lugere
1047 4733 1314 4796 videntur,
1349 4747 1482 4786 iram
1525 4741 1580 4788 et
1619 4733 1927 4802 superbiam
1955 4741 2172 4789 notave-

637 4831 831 4900 rimua,
852 4831 1048 4887 borum
1073 4841 1335 4903 tacrymas
1357 4852 1695 4908 nequaquam
1719 4853 1975 4901 sinceras,
2001 4851 2174 4906 neque

637 4939 704 4977 ex
733 4939 857 4976 vera
889 4923 1299 4991 compunctione
1329 4925 1596 4994 profectas
1637 4929 2012 5000 cogitabimus.
2043 4927 2201 4994 Quc-

638 5015 775 5066 enim
805 5014 1207 5067 communicatio
1240 5012 1370 5068 lucis
1399 5015 1465 5068 ad
1497 5018 1729 5074 tenebras
1753 5020 1829 5075 “i
1857 5017 1992 5076 Vera
2026 5034 2176 5074 com-

641 5105 858 5173 punctio
886 5102 1328 5170 consolationem,
1378 5105 1509 5160 falsa
1560 5118 1614 5164 et
1661 5112 1843 5180 spuria
1889 5111 2176 5167 elationem

642 5195 807 5248 animi
851 5197 1009 5264 parit.
1040 5194 1504 5262 Quemadmodum
1539 5198 1678 5267 ignis
1717 5202 1966 5272 stipulam
2010 5203 2178 5271 depa-

641 5286 830 5348 scitur,
879 5287 949 5340 ita
983 5287 1235 5358 laerymae
1262 5287 1484 5342 sincera
1517 5289 1772 5359 quidquid
1807 5293 2045 5347 sordium
2092 5292 2174 5345 vel

637 5383 858 5445 apparet
899 5376 979 5430 vel
1023 5391 1130 5432 non
1159 5385 1400 5448 apparet,
1431 5377 1656 5451 abluunt
1686 5392 1739 5436 et
1778 5383 1974 5439 delent.
2017 5383 2175 5440 Ratio

639 5466 864 5522 docendi
891 5475 948 5520 et
969 5466 1276 5536 disputandi
1302 5467 1368 5523 de
1388 5468 1641 5538 lacrymis
1664 5472 1932 5544 plerisque
1950 5475 2174 5530 Patrum

641 5556 984 5626 perobscura,
1022 5566 1076 5611 et
1105 5557 1432 5627 perdiﬂlcilis
1463 5555 1621 5628 154
1645 5573 1763 5615 esse
1787 5563 2014 5632 videtur,
2041 5580 2178 5636 pra:-

715 5687 905 5741 "l’sal.
926 5700 1144 5748 cxxxvr.
1177 5687 1232 5740 ι.
1305 5686 1348 5718 ⁸⁸
1367 5686 1409 5740 ll
1437 5685 1561 5740 Cor.
1593 5702 1665 5750 vi,
1696 5661 1782 5743 ΗΣ

2275 3319 2402 3372 πης.
2433 3303 2508 3354 ἐκ»
2528 3303 2742 3372 μνήμης
2773 3302 3024 3366 θανάτου,
3064 3303 3158 3357 καὶ⁹
3184 3303 3382 3372 ἑτέρων
3414 3301 3622 3355 πολλῶν
3643 3318 3658 3331 ·
3692 3301 3834 3363 τοὺς

2270 3393 2327 3446 δὲ
2353 3393 2553 3446 τούτων
2574 3393 2826 3446 ἁπάντων
2848 3395 3079 3464 τρόπους
3099 3393 3246 3464 φόϐῳ
3265 3391 3400 3445 Θεοῦ
3426 3391 3832 3460 γυμνάσαντες,

2270 3482 2338 3535 τὰ
2368 3483 2464 3553 τῆς
2492 3483 2763 3553 ἡμετέρας
2789 3483 3093 3546 ἀναλύσεως
3129 3482 3344 3551 καθαρὰ
3371 3483 3463 3533 καὶ
3495 3481 3654 3534 ἄδολα
3691 3481 3834 3532 totu-

2268 3576 2380 3635 τοῖς
2409 3573 2888 3644 περιποιησώμεθα
2925 3573 3166 3642 δάκρυα·
3203 3572 3264 3624 οὐ
3310 3572 3419 3640 γάρ
3463 3572 3608 3622 ἐστιν
3636 3572 3694 3622 ιν
3720 3572 3833 3623 αὑ-

2271 3667 2384 3726 τοῖς
2412 3662 2583 3733 κλοπὴ
2615 3662 2648 3733 ἢ
2681 3665 2873 3731 οῐησις.
2913 3662 3192 3734 Κὰθαρσις
3229 3661 3287 3714 δὲ
3330 3661 3532 3730 μᾶλλον
3559 3660 3657 3714 καὶ
3680 3661 3832 3728 ἁγά-

2272 3769 2380 3821 πης
2405 3753 2502 3822 τῆς
2535 3754 2614 3815 εἰς
2641 3751 2772 3804 Θεὸν
2794 3754 3097 3823 προσκοπὴ,
3122 3753 3215 3806 καὶ
3243 3752 3512 3824 ἁμαρτίας
3540 3752 3831 3818 έκπλυσις.

2271 3843 2366 3921 καὶ
2391 3842 2576 3895 παθῶν
2601 3842 2852 3898 ἀπάθεια.
2877 3842 2949 3896 Τὸ
2975 3844 3071 3914 μὲν
3096 3844 3204 3915 γὰρ
3221 3845 3280 3908 ὲξ
3307 3844 3524 3912 ἀγαθῶν
3554 3844 3832 3914 ἄρξασθαι

2271 3931 2364 3986 τοῦ
2399 3932 2622 3996 πένθους
2643 3932 2910 4004 δακρύων,
2940 3935 3031 3988 καὶ
3067 3937 3143 3998 είς
3175 3937 3384 4006 πονηρὰ
3411 3936 3734 4008 καταλῆξαι,
3762 3939 3832 3990 οὐ

2273 4022 2475 4094 θαῦμα.
2505 4025 2578 4076 Τὸ
2598 4024 2654 4077 δὲ
2685 4024 2742 4092 ἐξ
2779 4018 3082 4096 ἐναντίωνῆ
3107 4026 3348 4094 φυσικῶν
3374 4029 3452 4088 εἰς
3477 4030 3833 4096 πνευματικά

2275 4115 2720 4186 μετεγκεντρίσαι
2753 4115 3094 4180 ἀξιέπαινον
3148 4115 3308 4169 τοῦτο
3336 4117 3394 4169 δὲ
3436 4117 3497 4168 τὸ
3530 4117 3831 4187 πρόδλημα

2271 4208 2320 4260 οἱ
2351 4209 2478 4278 περὶ
2517 4209 2616 4280 τὴν
2650 4208 2952 4271 κενοδοξίαν
3004 4207 3312 4278 enipeus);
3345 4208 3579 4278 ἔχοντες,
3633 4207 3832 4275 σαφῶς

2272 4298 2605 4352 ἐπίστανται.
2658 4299 2748 4370 Μὴ
2789 4298 3007 4352 πίστευε
3060 4301 3179 4360 σαῖς
3222 4303 3423 4368 πηγαῖς
3471 4299 3579 4369 πρὸ
3607 4297 3829 4361 τελείας

2272 4388 2590 4456 καθάρσεως
2608 4403 2621 4416 ·
2653 4389 2712 4440 οὐ
2745 4387 2852 4456 γὰρ
2873 4387 2986 4456 ἔχει
3005 4387 3183 4442 πίστιν
3211 4385 3351 4453 οῐνος
3379 4389 3581 4451 εὐθέως
3608 4390 3676 4441 ὲκ
3710 4387 3831 4441 τῶν

2273 4475 2447 4544 ληνῶν
2475 4465 2866 4546 ἐγκλειόμενος.
2899 4476 3025 4531 Ὀτι
3053 4479 3150 4546 μὲν
3193 4479 3404 4533 ἅπαντα
3432 4478 3500 4531 τὰ
3525 4475 3669 4530 κατὰ
3687 4476 3830 4530 Θεὸν
3894 4520 3905 4530 .

2273 4565 2429 4635 ἡμῶν
2479 4565 2684 4636 δάκρυα
2719 4566 2982 4639 ὠφέλημα
3003 4612 3018 4634 ,
3047 4572 3075 4623 ό
3105 4570 3397 4637 ἀντιλέγων
3425 4565 3629 4629 οὐδείς’
3657 4566 3744 4629 τίς
3767 4567 3831 4623 δι

2274 4657 2341 4708 ὲκ
2363 4656 2564 4710 τούτων
2590 4661 2979 4731 προσ-γινομένη
3008 4661 3207 4729 ὄνησις,
3237 4645 3295 4713 ἂν
3326 4656 3501 4728 καιρῷ
3526 4657 3623 4726 τῆς
3643 4657 3829 4722 ἐξόδου

2277 4747 2610 4818 γνωσόμεθα.
2651 4751 2863 4813 ι”Οστις
2909 4753 2966 4804 ὲν
3005 4751 3192 4803 πένθει
3241 4749 3478 4818 διηνεκεῖ
3523 4747 3664 4802 κατὰ
3691 4749 3834 4804 Θεὸν

2279 4838 2586 4908 πορεύεται,
2607 4833 2760 4904 οὗτος
2782 4841 2891 4911 (15)
2915 4840 3035 4894 καθ’
3058 4840 3267 4910 ἡμέραν
3286 4837 3556 4908 ἑορτάζων
3574 4840 3633 4893 οὐ
3659 4844 3833 4895 παύε-

2272 4946 2379 4983 ται.
2411 4931 2507 4993 ’ος
2555 4931 2878 5002 σωματικῶς
2927 4929 3194 5000 ἑορτάζων
3218 4928 3280 4982 οὐ
3332 4928 3584 4995 παύεται,
3637 4930 3832 4987 τοῦτον

2277 5020 2466 5085 πένθος
2504 5023 2718 5076 αἰώνιον
2754 5021 2934 5091 μέλλει
2979 5018 3333 5090 διαδέχεσθαι.
3362 5020 3477 5073 Οὐκ
3503 5019 3620 5073 εστι
3655 5038 3834 5077 κατα-

2276 5111 2444 5177 δίκοις
2474 5115 2530 5166 ὲν
2585 5114 2794 5182 φυλακῇ
2841 5109 3105 5181 χαρμονη,
3141 5111 3236 5163 καὶ
3279 5111 3379 5164 οὐκ
3414 5110 3530 5164 ἐστι
3571 5119 3831 5185 μοναχοῐς

2279 5203 2548 5274 ἀληθινοῖς
2576 5205 2667 5257 ἐπὶ
2695 5203 2799 5273 τῆς
2827 5202 3005 5271 ἑορτή.
3033 5201 3143 5254 Καὶ
3173 5200 3302 5264 ἴσως
3331 5201 3418 5254 διὰ
3437 5201 3595 5258 τοῦτο
3617 5203 3830 5272 ἐκεῖνος

2279 5295 2308 5345 ό
2337 5293 2686 5354 καλλίπενθος
2723 5288 2988 5351 στενάζων
3015 5286 3230 5355 ῐλεγεν·
3288 5288 3572 5358 Ἔξάγατσ
3607 5286 3680 5343 ἐκ
3711 5309 3829 5360 φυ-

2280 5381 2474 5449 λακῆς
2500 5369 2614 5449 τὴν
2649 5377 2858 5450 ψυχήν
2887 5394 3026 5445 μου,
3068 5375 3161 5429 τοῦ
3187 5375 3606 5448 ἀγαλλιασθῆναι
3640 5379 3831 5435 λοιπὸν

2279 5473 2336 5525 ὲν
2365 5473 2439 5543 τῷ
2465 5474 2686 5545 ἀρρήτῳ
2707 5468 2842 5539 φωτί
2863 5483 2977 5520 σου.
3003 5466 3165 5520 Γενοῦ
3194 5467 3270 5531 ὡς
3290 5466 3538 5536 βασιλεὺς
3569 5471 3629 5525 ὲν
3655 5475 3725 5544 τῇ
3756 5477 3828 5545 σῇ

2281 5565 2495 5636 καρδίᾳ,
2554 5563 2754 5634 ὑψηλὸς
2806 5562 2863 5614 ὲν
2897 5557 3220 5612 ταπεινώσει
3257 5560 3580 5632 καθήμενος,
3607 5565 3706 5618 καὶ
3729 5581 3829 5619 κε-

717 5778 800 5863 (τι)Δ
825 5778 1182 5863 ᾋχαρὶξτωτον
1198 5779 1265 5863 al)
1299 5779 1569 5863 αχάριτος,
1588 5780 1999 5863 ᾁχαριτώτερος,
2026 5790 2173 5858 ἀχαρι

2272 5805 2444 5858 τατος,
2502 5803 2553 5847 et
2621 5805 2714 5861 per
2746 5803 3018 5859 syncopen
3076 5789 3426 5861 ἀχαρίτωτος,
3459 5793 3636 5849 'sicut-
3664 5791 3825 5863 πρῶ.

649 5859 735 5909 τος
754 5857 806 5903 et
831 5849 951 5931 alia.
967 5849 1170 5904 Dicitur
1223 5849 1531 5918 ἀχάριστος,
1553 5859 1605 5904 ct
1634 5849 1904 5920 ἀχάριτοςζ
