4050 6338
0 2707 47 2738 lx.

0 2808 45 2848 ’ἳιί

19 2917 46 2958 ,4⁸

21 3011 45 3022 ιι

19 3035 44 3048 *ι

15 3067 44 3080 ιι

13 3093 44 3108 9η

17 3117 46 3150 ιο

41 3141 46 3150 ι

17 3303 45 3366 ἱ

11 3381 45 3454 Ξ

11 3459 44 3524 ει,

9 3527 45 3644 ξι

13 3745 45 3788 ’ἕ

3351 91 3382 110 ὀ

3519 125 3534 140 α.
3597 135 3648 149 .A.

3787 153 3858 179 ..θ’
3885 157 3972 179 ,έ-,θ

684 427 778 491 811
1894 429 1954 486 S.
1991 425 2239 487 JOANN

2347 423 2648 511 cuum
3809 426 3914 490 διε

685 547 866 601 citatis
895 554 1094 601 statum
1131 547 1246 601 sine
1273 547 1375 600 hoc
1404 536 1644 601 secundo
1675 544 1741 599 ad
1772 559 1928 601 suam
1958 542 2239 613 perfectio-

2350 556 2448 610 μεν
2473 553 2487 568 ⁶
2526 536 2752 594 οἷστισιν
2781 542 2841 594 οὐ
2886 543 3166 596 πείθεσθαι
3193 544 3312 596 ’δείο
3347 544 3542 614 μᾶλλον
3589 545 3644 598 δὲ
3682 546 3910 600 τούναν-

682 651 808 690 nem
833 635 1162 705 pervenisse.
1191 633 1442 704 Vidiego
1473 645 1748 704 rogatores
1777 644 1831 688 et
1853 631 2245 687 inverecundos

683 726 945 804 quosdam
975 726 1253 781 mendicos
1299 742 1422 780 cum
1469 727 1691 799 urbanis
1737 736 1790 782 et
1839 726 2028 782 facetis
2068 725 2246 780 verbis

681 835 864 889 regum
894 834 1112 888 quoque
1140 818 1354 874 animos
1380 817 1447 872 ad
1465 818 1898 873 misericordiam
1925 827 1981 872 et
2019 816 2244 872 commi-

683 913 1008 966 seraliouem
1057 909 1216 981 156
1263 911 1446 965 statim
1488 909 1839 964 innectereut.
1871 906 1994 963 Vidi
2037 907 2105 962 de
2141 905 2246 961 alia

683 1003 1054 1056 mendicorum
1087 1003 1310 1055 natione
1340 1000 1477 1054 alios
1513 1000 1772 1053 virtutum
1815 1009 2035 1068 egentes
2058 1037 2074 1061 ,
2116 998 2241 1066 qui,

681 1110 787 1147 non
822 1093 1141 1164 compositis
1172 1093 1240 1147 ad
1270 1091 1630 1147 urbanitatem
1658 1089 1867 1155 verbis,
1919 1089 2010 1143 sed
2061 1088 2245 1142 humi-

681 1186 823 1240 libus
859 1185 1185 1254 quibusdam
1217 1194 1378 1252 atque
1409 1182 1684 1247 demissis,
1725 1179 2081 1236 subobscuris
2105 1193 2245 1249 quo-

680 1293 784 1345 que
812 1286 866 1331 et
887 1277 1090 1342 dubiis,
1113 1290 1180 1330 ex
1201 1276 1309 1329 alto
1329 1285 1383 1328 et
1403 1273 1562 1342 quasi
1585 1272 2001 1341 desperabundo
2029 1280 2247 1342 pectore

681 1369 744 1419 :ul
784 1367 1058 1422 caelestem
1103 1381 1282 1436 regem
1336 1365 1647 1434 importune
1693 1372 1747 1418 et
1793 1363 2011 1419 assidue
2054 1364 2246 1418 clami-

681 1465 876 1521 tantes,
917 1455 970 1509 vi
1027 1445 1427 1525 quodammodo
1481 1468 1581 1507 sua
1631 1453 1778 1508 illius
1823 1461 2093 1517 naturam,
2127 1466 2248 1521 qua:

679 1547 827 1600 nulla
867 1546 1004 1601 alias
1040 1547 1249 1602 ratione
1297 1546 1417 1616 cogi
1453 1553 1651 1615 potest,
1696 1545 1762 1599 ad
1811 1544 2245 1599 commiseratio-

679 1654 803 1691 nem
854 1648 908 1692 et
946 1637 1378 1693 misericordiam
1411 1636 1772 1692 inllectebant.
1819 1637 1922 1702 Qui
1971 1651 2036 1690 ex
2073 1636 2243 1705 gratia

680 1731 1040 1797 lacrymarum
1088 1741 1312 1781 suarum
1359 1727 1542 1779 animo
1580 1727 1830 1791 inﬂatur,
1879 1725 2122 1794 aliosque
2162 1725 2243 1778 la-

678 1817 880 1887 crymis
920 1816 1161 1870 delectos
1194 1815 1436 1877 damnat,
1489 1815 1780 1884 persimilis
1822 1824 1903 1868 est
1929 1815 2026 1879 illi,
2057 1814 2149 1883 qui
2176 1815 2242 1866 ab

677 1923 802 1976 rege
833 1922 932 1961 suo
959 1908 1092 1975 petit
1127 1921 1276 1960 arma
1302 1906 1566 1960 adversus
1593 1905 1801 1960 hostem
1831 1921 2012 1966 suum.
2043 1905 2242 1974 quibus

673 2000 867 2054 deinde
897 1999 1137 2068 seipsum
1172 1997 1477 2052 interﬁciat.
1514 1993 1632 2050 Non
1665 1996 1872 2066 indiget
1905 1995 2046 2050 Deus
2071 1996 2242 2066 lacry-

674 2091 781 2144 mis
825 2090 1069 2154 nostris,
1119 2103 1294 2158 neque
1348 2089 1524 2157 placet
1580 2089 1655 2140 illi
1722 2088 1900 2142 luctus
1951 2102 2015 2140 ex
2065 2086 2242 2141 cordis

675 2195 875 2250 angore
905 2179 1202 2249 profectus,
1236 2179 1330 2233 sed
1363 2179 1546 2248 potius
1572 2179 1688 2232 vult
1717 2178 1991 2232 hominem
2025 2192 2090 2230 ex
2114 2177 2242 2230 cha—

674 2271 833 2324 ritate
870 2284 1001 2340 erga
1046 2269 1224 2338 ipsum
1270 2269 1470 2340 gaudio
1525 2269 1802 2324 exsultare
1855 2269 1908 2322 in
1960 2268 2144 2322 animo
2191 2278 2244 2322 et

676 2360 871 2414 ridere.
901 2357 1053 2415 Tolle
1091 2369 1398 2429 peccatum,
1447 2370 1502 2414 et
1544 2376 1650 2412 non
1694 2359 1798 2412 erit
1845 2375 1943 2412 cur
1973 2359 2241 2428 lacrymas

673 2467 737 2504 ex
783 2452 956 2504 oculis
1014 2450 1260 2520 corporis
1314 2449 1531 2504 fundas.
1581 2449 1718 2515 Quid
1775 2465 1913 2517 opus
1957 2459 2040 2503 est
2095 2459 2240 2502 eata-

674 2543 955 2611 plasmate,
1006 2541 1097 2593 ubi
1140 2541 1348 2595 nullum
1385 2552 1467 2594 est
1495 2541 1730 2595 vulnus?
1776 2538 2062 2609 Nunquam
2095 2541 2238 2593 Ada-

675 2645 797 2680 mus
836 2638 1128 2698 antequam
1172 2639 1422 2697 peccaret
1468 2630 1800 2700 lucrymatus
1847 2639 1949 2693 est,
1996 2645 2094 2684 nec
2123 2640 2242 2698 post

674 2723 1149 2786 resurrectionem,
1184 2722 1388 2775 abolito
1419 2731 1660 2790 peccato,
1693 2722 1946 2790 deinceps
1967 2737 2104 2791 opus
2139 2724 2241 2776 erit

673 2815 926 2883 lacryinis
975 2831 989 2866 :
1039 2812 1265 2878 Quando
1304 2830 1404 2866 non
1446 2816 1544 2866 erit
1588 2814 1817 2882 amplius
1867 2831 2028 2883 neque
2087 2815 2239 2866 dolor

673 2918 834 2970 neque
892 2902 1103 2964 luctus,
1170 2917 1330 2971 neque
1381 2902 1598 2952 tristitia
1641 2911 1690 2953 et
1741 2901 1965 2970 gemitus
1997 2900 2058 2952 ¹⁹.
2117 2900 2239 2955 .Vidi

674 2994 728 3043 in
782 2991 902 3043 aliis
949 2989 1220 3043 delectum
1267 2990 1446 3044 luctus
1479 2991 1726 3059 quamvis
1765 2991 1818 3042 in
1849 2990 1997 3058 luctu
2025 3000 2238 3055 essent,

2348 634 2680 695 τίονποιεῖν.
2731 635 2870 702 Ἐγὼ
2897 636 2952 687 δὲ
2991 635 3084 688 καὶ
3115 636 3281 706 αὐτὴν
3309 637 3405 708 τὴν
3435 639 3533 708 τῆς
3563 639 3912 704 κατανύξεως
4005 634 4012 662 ¹

2347 726 2606 797 ποιότητα
2655 727 2849 778 ἐννοῶν
2901 727 3221 797 ἐξίσταμαι·
3277 729 3394 792 πῶς
3440 730 3497 782 δὲ
3542 731 3758 797 πένθος,
3815 733 3910 786 καὶ

2345 818 2488 886 λύπη
2525 818 2790 889 λεγομένη
2818 813 2914 888 τῆν
2947 819 3120 890 χαρὰν
3151 823 3242 872 καὶ
3263 820 3360 890 τὴν
3395 821 3731 893 εύσροσύνην
3760 824 3906 878 ἔνδος

2346 909 2436 962 θεν
2473 907 2660 978 ὥσπερ
2718 907 3016 980 μελικηρίῳ
3065 909 3562 981 συμπεπλεγμένην
3617 913 3902 981 κέκτηται.

2345 1003 2412 1055 Τί
2437 1003 2492 1056 δὲ
2515 1005 2578 1056 ἐκ
2598 1003 2786 1054 τούτου
2807 1001 3142 1072 μανθάνομεν
3161 1018 3176 1066 ;
3203 1003 3326 1055 Ὀτι
3350 1003 3549 1074 κυρίως
3570 1003 3681 1073 (ιθ)
3698 1005 3905 1074 Κυρίου

2345 1093 2516 1166 δῶρον
2551 1095 2584 1164 ἡ
2613 1092 2832 1164 τοιαύτη
2866 1093 3156 1158 κατάνυξις
3189 1093 3558 1163 καθέστηκενο
3610 1095 3714 1148 οὐκ
3759 1095 3906 1146 ἑστιν

2345 1189 2402 1241 ὲν
2429 1191 2496 1260 τῇ
2526 1189 2670 1258 ψυχῇ
2705 1188 2823 1240 τότε
2842 1187 3098 1258 ἀνήδονος
3123 1187 3306 1258 ἡδονὴ,
3325 1187 3418 1241 τοῦ
3443 1187 3578 1240 Θεοῦ
3603 1187 3904 1260 λεληθότως

2347 1277 2787 1349 παρακαλοῦντος
2837 1278 2964 1341 τοὺς
3021 1277 3513 1346 συντεθλασμένους
3547 1279 3614 1349 τῇ
3657 1277 3900 1348 καρδίᾳο

2347 1372 2481 1442 πρὸς
2526 1369 2582 1424 δὲ
2629 1362 2798 1434 ὅντως
2836 1370 3064 1434 πένθους
3093 1369 3510 1439 ὲναργεστάτου,
3563 1368 3658 1422 καὶ
3711 1368 3904 1440 ὀδύνης

2345 1461 2666 1532 ὀνησιφόρον
2727 1461 2984 1515 ὑπόθεσιν
3024 1459 3350 1529 ἀκούσωμεν
3401 1457 3755 1530 ψυχωφελοῦς
3810 1461 3905 1513 καὶ

2345 1553 2706 1607 ὲλεεινοτάτου
2721 1552 2879 1624 διηγή
2889 1569 3072 1623 ματος.
3091 1551 3357 1622 Στέφανός
3377 1567 3459 1611 τις
3469 1549 3631 1604 οἰκῶν
3650 1551 3901 1615 ἐνταῦθα,

2344 1645 2436 1698 τὸν
2460 1643 2726 1715 ὲρημικδν
2752 1645 2846 1696 καὶ
2878 1633 3110 1714 ἡσύχιον
3127 1643 3506 1715 ἀσπαζόμενος
3536 1643 3647 1715 βίον
3681 1643 3903 1715 χρόνους

2345 1754 2404 1789 τε
2459 1737 2675 1801 ἱκανοὺς
2714 1738 2772 1790 ἐν
2806 1737 3064 1807 μοναδικῇ
3099 1735 3383 1806 διατρίψας
3429 1736 3757 1807 παλαίστρᾳ,
3805 1753 3902 1805 νη-

2327 1827 2552 1891 ’στείαις
2585 1846 2641 1882 τε
2671 1829 2904 1898 μάλιστα
2944 1830 3038 1880 καὶ
3066 1827 3296 1898 δάκρυσι
3321 1821 3900 1898 κατακεκοσμημένος,

2344 1922 2438 1972 καὶ
2487 1920 2693 1988 ἑτέροις
2731 1919 2956 1988 ἀγαθοῖς
2986 1919 3419 1990 πλεονεκτήμασι
3447 1919 3905 1991 περιηνθισμὲνος

2345 2009 2624 2079 ὑπάρχων,
2675 2010 2940 2078 ἐκέκτητο
2969 2010 3068 2078 τὴν
3109 2009 3300 2062 minati
3339 2007 3476 2078 πρὸς
3504 1999 3579 2078 τῇ
3605 2005 3902 2060 καταϐάσει

2341 2100 2435 2153 τοῦ
2463 2099 2619 2166 ἁγίου
2657 2101 2751 2152 καὶ
2772 2099 2998 2152 θεόπτου
3021 2100 3171 2170 ἡλίου
3201 2100 3260 2151 ὲν
3285 2099 3362 2168 τῷ
3392 2097 3531 2169 ἁγίῳ
3553 2097 3726 2167 τούτῳ
3747 2098 3826 2167 δρ-
3850 2083 3900 2148 ι’·

2341 2185 2496 2254 οὗτός
2539 2207 2621 2255 τε,
2667 2186 2818 2254 οὗτος
2871 2194 2900 2244 ὁ
2931 2190 3172 2260 ἀοίδιμος
3221 2190 3516 2260 κατείληφε
3549 2189 3736 2260 σκοπῷ
3765 2208 3830 2260 πί
3847 2205 3902 2250 ος

2344 2283 2544 2336 σκοπὸν
2563 2282 2951 2352 ὲνεργεστέρας
2979 2283 3072 2334 καὶ
3103 2282 3420 2351 στενοτέρας
3441 2321 3458 2345 ,
3498 2283 3592 2335 καὶ
3641 2281 3902 2335 ἐπιπόνου

2345 2374 2653 2442 μετανοίας,
2688 2374 2778 2424 τὸν
2825 2373 2988 2426 τόπον
3018 2373 3127 2426 τῶν
3155 2373 3547 2443 ἀναχωρητῶν,
3577 2356 3666 2426 τὸν
3705 2371 3902 2425 καλού-

2345 2480 2502 2533 μενον
2530 2461 2735 2534 Σίδδην,
2766 2462 3080 2532 πεποιηκώς
3110 2479 3169 2515 τε
3197 2464 3373 2514 ἐκεῖσε
3408 2464 3464 2515 ἐν
3493 2463 3786 2530 στενοτάτη
3811 2460 3904 2512 καὶ

2341 2552 2744 2625 ἐπιτεταγμένῃ
2761 2552 2941 2622 διαίτῃ
2978 2554 3202 2622 χρόνους
3231 2552 3403 2612 τινὰς,
3428 2551 3548 2602 ἐπεὶ
3577 2549 3902 2620 ἀπαράκλη-

2338 2663 2428 2710 τος
2454 2648 2482 2699 ὁ
2505 2645 2671 2708 τύπος
2700 2645 2794 2698 καλ⁸
2827 2645 3007 2714 πάσης
3031 2643 3314 2714 ἀνθρώπου
3352 2643 3525 2696 διόδου
3556 2641 3902 2704 ἀνεπίϐατος,

2338 2741 2417 2808 ὡς
2439 2739 2625 2809 ἔτυχεν
2653 2738 2720 2791 ἂν
2743 2738 2852 2792 ἀπὸ
2878 2738 3248 2807 ἑϐδομήκοντα
3280 2737 3472 2806 μιλίων
3506 2736 3599 2790 τοῦ
3639 2737 3902 2804 κάστρου,

2340 2831 2622 2901 ἀνέρχεται
2651 2829 2777 2900 περὶ
2815 2829 2884 2882 τὰ
2912 2829 3103 2882 ἑαυτοῦ
3130 2829 3328 2899 ἔσχατα
3352 2829 3410 2882 ἐν
3454 2828 3531 2898 τῷ
3559 2828 3674 2898 ίδίῳ
3705 2828 3904 2898 κελλίῳ

2341 2924 2398 2976 ὲν
2427 2925 2490 2993 τῇ
2522 2923 2654 2993 ἀγίᾳ
2687 2925 2896 2993 κορυφῇ
2929 2924 2958 2975 ὁ
2999 2924 3197 2993 γέρων.
3247 2917 3370 2992 Εἶχε
3423 2921 3478 2973 δὲ
3515 2923 3630 2974 ἐκεῖ
3684 2922 3780 2973 καὶ⁵
3811 2919 3904 2972 δύο

2344 3013 2589 3084 μαθητὰς
2633 3013 3021 3076 Παλαιστινοὺς
3073 3011 3318 3077 εὐλαϐεῖς
3351 3013 3521 3066 πάνυ·
3561 3015 3610 3066 οἳ
3640 3013 3736 3066 καὶ
3773 3011 3903 3080 ἐφύο

674 3080 768 3134 sed
795 3081 1017 3150 perinde
1060 3079 1234 3134 affecti
1265 3095 1417 3133 erant
1460 3096 1524 3134 ac
1571 3081 1616 3134 si
1663 3078 1815 3134 luctu
1860 3097 1956 3136 seu
1985 3082 2238 3152 lacrymis

2340 3078 2529 3158 λαττον
2551 3105 2609 3157 τὸ
2635 3103 2839 3158 κελλίον
2881 3104 2972 3158 τοῦ
2996 3105 3266 3173 γέροντος.
3321 3105 3557 3174 Ποιήσας
3586 3099 3680 3156 οὖν
3716 3078 3901 3171 ὀλίγας

671 3179 942 3227 carerent.
977 3171 1081 3225 Sed
1116 3171 1167 3225 hi
1202 3187 1297 3242 per
1323 3172 1554 3226 nobilem
1577 3174 1895 3228 charitatetn
1923 3182 2075 3228 extra
2099 3189 2235 3243 pra:-

2340 3197 2547 3266 ἠμέρας
2579 3199 2608 3249 ὁ
2637 3195 2814 3265 γέρων
2835 3171 3394 3259 ἀσθενεῖ-ἀσθένειαν,
3425 3171 3485 3249 ἐν
3514 3188 3550 3266 ᾖ
3587 3194 3682 3246 καὶ
3713 3195 3901 3246 ἔπιτε-

673 3265 876 3342 ιΙοηυηι
906 3263 1208 3332 periculum
1236 3263 1289 3317 in
1314 3271 1431 3317 tuto
1457 3264 1735 3318 constituti
1767 3274 1914 3320 sunt.
1939 3265 2084 3320 Et-hi
2109 3266 2236 3321 sunt

2340 3263 2558 3356 λειῶθη.
2587 3263 2822 3356 Πρὸ-οὖν
2852 3290 2981 3356 μιᾶς
3007 3288 3222 3357 ἡμέρας
3253 3288 3347 3342 τοῦ
3373 3263 3654 3352 ἀναλύσαι,
3684 3284 3898 3351 ἐξίστα-

672 3337 738 3408 de
770 3355 968 3424 quibus
1009 3355 1215 3409 dictum
1257 3363 1359 3419 est,
1391 3354 1644 3408 Dominus
1671 3348 1944 3410 illuminat
1983 3373 2145 3411 ceco:
2167 3358 2234 3413 '9.

676 3446 828 3514 Saepe
859 3460 958 3499 usu
988 3446 1137 3498 venit
1166 3446 1242 3500 uti
1271 3445 1532 3500 leviculos
1570 3447 1821 3517 lacrymze
1847 3463 1952 3501 non
1987 3461 2112 3502 raro
2139 3462 2235 3502 ex-

675 3536 886 3596 tollant,
923 3551 1042 3603 qua:
1075 3535 1181 3590 illis
1219 3536 1421 3590 idcirco
1454 3537 1863 3602 subtrahuntur,
1894 3539 1986 3608 qui
2013 3537 2238 3607 proinde

677 3625 834 3694 157
868 3623 997 3677 dum
1028 3626 1127 3679 has
1157 3613 1489 3689 desiderant,
1523 3629 1731 3698 seipsos
1751 3628 1998 3696 a‘igunt
2020 3637 2074 3681 et
2091 3626 2239 3680 dam-

675 3726 828 3777 nant,
859 3713 1253 3783 gemitibusque
1297 3724 1351 3768 et
1403 3729 1658 3789 nicerore,
1705 3715 1976 3781 etganimi
2028 3715 2235 3779 dolore,

673 3809 888 3873 altaque
921 3805 1135 3858 tristitia
1169 3813 1220 3857 et
1249 3805 1518 3859 anxietate
1550 3819 1607 3860 se
1633 3805 1896 3884 cruciant,
1942 3820 2066 3874 qua:
2117 3820 2239 3860 om-

673 3899 761 3952 nia
789 3898 993 3966 absque
1044 3897 1285 3966 periculo
1343 3897 1594 3964 lugentis,
1638 3896 1816 3950 locum
1872 3897 2236 3967 lacrymarum

673 3993 943 4058 supplent,
969 3990 1216 4060 quamvis
1245 3989 1345 4057 ipsi
1375 3989 1507 4041 nillil
1551 3989 1673 4042 inde
1697 3988 1942 4044 utilitatis
1967 4004 2026 4044 se
2047 4005 2237 4059 capere

671 4082 1003 4134 existiment.
1058 4081 1187 4133 Illud
1245 4082 1406 4134 etiam
1469 4081 1808 4151 observando
1865 4080 2234 4149 deprehende-

2336 3395 2426 3432 ται
2452 3378 2529 3449 τῷ
2567 3377 2648 3430 νοῒ
2674 3381 2769 3432 καὶ
2795 3379 2904 3431 τῶν
2930 3379 3223 3448 ὀφθαλμῶν
3266 3379 3626 3449 ἀνεῳγμένων
3654 3376 3900 3430 κατενόει

2337 3471 2417 3532 είς
2448 3469 2516 3520 τὰ
2551 3469 2720 3533 δέξια,
2757 3470 2961 3532 καὶιείς
3004 3469 3071 3522 τὰ
3104 3470 3366 3539 ἀριστερά
3399 3470 3499 3538 τῆς
3549 3469 3739 3540 κλίνης
3761 3487 3777 3502 ο
3807 3467 3900 3522 καὶ

2336 3556 2412 3619 ὡς
2442 3556 2547 3607 ὑπό
2565 3572 2725 3607 τινων
2753 3556 3222 3626 λογοθετούμενυς,
3247 3556 3399 3624 ἔλεγε
3429 3556 3644 3610 πάντων
3673 3558 3898 3609 ἀκουόν-

2337 3664 2444 3700 των
2464 3647 2572 3699 τῶν
2598 3645 3032 3716 περιισταμένων,
3066 3646 3194 3699 ποτὲ
3225 3647 3354 3716 μέν·
3386 3647 3516 3710 Ναὶ,
3549 3646 3740 3712 ὅντως,
3763 3647 3897 3717 ἀλγή-

2339 3739 2478 3801 θεια,
2504 3737 2615 3790 ἀλλ’
2641 3739 2938 3808 ὲνήστευσα
2971 3737 3255 3801 τοσούτους
3275 3737 3497 3810 χρόνους
3513 3737 3652 3808 ὑπὲρ
3670 3739 3863 3792 τούτου
3881 3754 3892 3765 ⁸

2339 3822 2455 3880 εἶτα
2487 3828 2646 3882 πάλιν
2670 3843 2685 3857 ο
2711 3827 2866 3897 Οὐχὶ,
2889 3817 3058 3891 ὅντως
3083 3827 3366 3896 ψεύδεσθε,
3393 3827 3550 3882 τοῦτο
3577 3829 3678 3882 οὐκ
3710 3830 3897 3898 ἐποίη-

2338 3935 2405 3972 σα
2427 3936 2441 3951 ’
2466 3920 2558 3972 καὶ
2587 3919 2744 3972 πάλιν
2768 3937 2780 3950 ·
2812 3919 2939 3982 Ναὶ,
2974 3918 3186 3982 ἀληθῶς
3213 3919 3397 3995 τοῦτο,
3412 3920 3499 3972 ναί
3518 3935 3533 3950 ·
3558 3919 3672 3974 ἀλλ’
3696 3921 3892 3973 ἔκλαυ-

2338 4028 2438 4079 σα,
2501 4011 2634 4066 ἀλλὰ
2703 4010 3029 4082 διηκόνησαο
3055 4031 3065 4078 ι
3095 4011 3190 4064 καὶ
3245 4006 3436 4064 πάλιν·
3508 4012 3640 4082 Οὐχὶ
3668 4051 3684 4074 ,
3757 4012 3892 4075 ὅλως

2336 4102 2688 4174 κατηγορεῖτέ
2746 4119 2867 4172 μου.
2927 4101 3085 4153 Ἔστι
3133 4101 3190 4152 δὲ
3242 4101 3330 4154 ὅτε
3393 4101 3472 4166 εἷς
3528 4118 3651 4156 τινα
3703 4100 3886 4169 ἔλεγε·

672 4187 794 4225 mus
829 4187 948 4226 nos
1000 4173 1068 4224 ab
1124 4171 1256 4240 ipsis
1308 4171 1644 4225 daemonibus
1687 4172 2050 4242 Lamarulento
2120 4175 2233 4228 risu

2340 4171 2906 4264 Nan—diqetbcpvai'
2951 4192 3048 4245 καὶ
3094 4193 3428 4263 πρὸς-,τοῦτο
3467 4195 3521 4248 τί
3567 4196 3744 4248 σίπεῖν
3792 4195 3890 4246 οὐκ

669 4263 844 4333 excipi
891 4273 944 4316 et
984 4263 1186 4324 deludi,
1243 4277 1367 4316 cum
1405 4263 1527 4317 cibo
1578 4264 1818 4345 satiatos.
1853 4265 2001 4320 luctu
2057 4275 2112 4322 et
2157 4268 2234 4320 la-

2340 4280 2480 4336 οἷδαο
2514 4263 2676 4351 ὲντῷ
2701 4279 2820 4351 Θεῷ
2849 4283 2996 4334 ἐστιν
3028 4281 3194 4346 ἔλεος.
3227 4283 3336 4336 Καὶ
3362 4278 3429 4353 ἦν
3463 4281 3680 4352 ἀληθῶς
3711 4280 3886 4350 θέαμα

671 4354 864 4421 crymis
921 4353 1204 4418 inundant,
1232 4361 1287 4406 et
1332 4353 1764 4434 contrajejunos
1789 4355 1958 4410 duros
2016 4366 2071 4411 et
2122 4358 2232 4411 ari-

2340 4373 2557 4445 φρικτὸν
2588 4374 2682 4426 καὶ
2724 4371 2970 4444 φοϐερὸν,
3007 4373 3235 4444 ἀόρατον
3267 4354 3359 4426 καὶ
3391 4372 3779 4443 ἀσυγχώρητον
3805 4371 3888 4422 λο-

671 4445 772 4494 dos
798 4444 1046 4506 reddunt,
1077 4453 1135 4496 ut
1167 4443 1369 4512 spuriis
1399 4444 1651 4514 lacrymis
1682 4445 1826 4500 illusi
1857 4463 1957 4502 nos
2022 4449 2233 4506 deliciis

2340 4443 2580 4530 γοθέσιον
2594 4460 2734 4532 ἧκα).
2767 4459 2827 4513 τὸ
2849 4443 3237 4532 φοϐερώτερον,
3260 4462 3344 4515 ὅτι
3374 4463 3468 4516 καὶ
3501 4461 3538 4514 ἃ
3572 4461 3673 4512 οὐκ
3699 4459 3884 4527 ἑποίη-
3914 4457 3921 4464 ’

671 4540 727 4584 et
774 4530 1133 4600 voluptatibus
1166 4535 1406 4590 omnium
1434 4535 1686 4589 vitiorum
1745 4536 2010 4624 ministris
2067 4539 2231 4593 deda-

2340 4524 2416 4614 σε,
2448 4527 2784 4623 κατηγόρουν
2815 4524 3001 4608 αύτοῖλ
3033 4524 3225 4621 Βαδαὶ,
3254 4557 3282 4608 ὁ
3308 4553 3618 4625 ἡσυχαστὴς
3639 4552 3735 4605 καὶ
3762 4553 3818 4604 ἀν
3830 4524 3886 4604 α·-

671 4636 826 4675 xnus:
855 4624 1051 4690 quibus
1095 4627 1243 4681 nullo
1276 4629 1438 4702 modo
1466 4628 1764 4683 cedendum
1819 4638 1923 4694 est,
1975 4632 2069 4684 sed
2135 4647 2232 4700 po-

2340 4643 2582 4715 χωρητὴς
2609 4645 2790 4714 ἔλεγεν
2814 4646 2892 4711 είς
2917 4664 3040 4702 τινα
3067 4646 3172 4702 τῶν
3192 4624 3382 4699 ἑαυτοῦ
3414 4643 3789 4712 πταισμάτων,
3805 4644 3882 4696 δτι

673 4713 782 4767 tius
835 4716 1102 4768 contraria
1167 4721 1347 4772 omnia
1387 4716 1669 4792 facienda.
1723 4719 1838 4790 Ego
1886 4737 2050 4790 porro
2105 4737 2232 4777 cum

2340 4713 2478 4804 Πρὸς
2499 4713 2668 4789 ταῦτα
2699 4713 2871 4790 εἰπεῖν
2903 4738 3004 4790 οὐκ
3045 4733 3182 4801 οἶδα,
3208 4735 3348 4804 ἔχων
3390 4749 3492 4785 που
3533 4731 3721 4784 λοιπὸν
3758 4733 3884 4801 περὶ

673 4804 1101 4875 eompunctionis
1192 4819 1437 4865 naturam
1513 4813 1820 4879 considero,
1881 4813 2228 4884 obstupesco,

2340 4830 2398 4882 τὰ
2424 4832 2828 4902 τεσσαράκοντα
2855 4832 2950 4901 ἔτη
2982 4833 3232 4902 μοναχδς,
3253 4831 3346 4883 καὶ
3373 4810 3511 4898 ἔχων
3540 4829 3600 4882 τὸ
3632 4828 3878 4898 δάκρυιιν.

671 4899 947 4967 quomodo
979 4899 1155 4953 luctus
1182 4910 1234 4952 et
1293 4903 1508 4958 tristitia
1562 4907 1818 4974 gaudium
1873 4917 1928 4961 et
1992 4906 2229 4960 laetitiam

2340 4922 2400 4973 Οί
2431 4939 2539 4992 μοι,
2655 4941 2765 4994 μοι,
2799 4923 2899 4976 ποῦ
3028 4899 3151 4976 τότε
3179 4924 3213 4991 ἠ
3258 4921 3353 4974 τοῦ
3397 4919 3658 4990 Ἰεζεκιὴλ
3704 4918 3880 4990 φωνὴ,

670 5000 929 5061 tanquam
977 4990 1099 5045 favo
1146 4991 1327 5044 mellis
1379 4993 1640 5051 inclusam
1693 5000 2027 5053 contineant.
2092 4998 2232 5065 Quid

2340 4990 2578 5086 ἵναῖείπη
2601 4990 2749 5085 ἐπρὸς
2777 4990 2993 5076 αὐτοὺς,
3025 5014 3108 5066 ὅτι
3259 5005 3308 5078 ᾧ
3335 5011 3486 5080 εὕρω
3508 5024 3603 5072 σε,
3630 5010 3701 5063 ἐν
3730 5008 3883 5074 αὐιτῷ

673 5097 837 5150 porro
866 5098 932 5138 ex
973 5083 1075 5135 hoc
1102 5081 1420 5137 discendum
1443 5085 1466 5136 ?
1493 5085 1808 5156 Hujusmodi
1835 5091 2039 5144 luctum
2067 5101 2122 5145 et
2151 5092 2230 5143 la-

673 5187 890 5241 crymas
921 5187 1106 5226 verum
1140 5180 1194 5226 et
1235 5172 1504 5227 sincerum
1530 5192 1649 5232 esse
1695 5181 1898 5236 donum
1940 5182 2053 5238 Dei.
2114 5181 2229 5236 Non

670 5263 832 5318 estin
865 5264 1045 5316 anima
1082 5272 1213 5316 tunc
1239 5262 1328 5315 illa
1363 5265 1609 5332 voluptas
1659 5271 1776 5327 sine
1821 5275 1964 5329 dulci
2032 5289 2228 5329 οοηεο-

675 5357 895 5420 latione,
934 5352 1044 5408 Deo
1077 5369 1275 5410 arcane
1298 5355 1524 5432 amictae
1561 5361 1726 5417 corde
1745 5373 1801 5420 et
1828 5368 2097 5424 contritas
2126 5383 2235 5424 crte.

673 5446 794 5502 lesti
827 5443 1022 5516 gaudio
1051 5445 1438 5512 permulcente.
1456 5445 1541 5507 Ad,
1571 5462 1946 5516 argumentum
1976 5473 2104 5511 vero
2127 5459 2232 5512 hoc

671 5537 741 5590 de
769 5549 898 5589 vero
924 5543 979 5588 et
1030 5531 1402 5588 efﬁcacissima
1441 5531 1868 5606 [evidentissima
1893 5528 2224 5603 certissimo.

675 5625 801 5698 que}
855 5627 1027 5690 luctu,
1062 5625 1289 5694 utilique
1309 5625 1494 5680 dolore
1525 5626 1655 5681 facit
1697 5631 1952 5692 salutaris
2010 5640 2225 5707 animae,

747 5800 790 5832 υ
816 5801 982 5872 Apoc.
1007 5819 1121 5876 xxi,
1158 5804 1211 5860 4.
1290 5805 1337 5838 ’θ
1359 5805 1501 5862 Psal.
1530 5819 1685 5872 (ζειν,
1723 5805 1777 5859 8.
1851 5813 1864 5820 ‘

2335 5099 2433 5157 καὶ
2461 5107 2639 5174 κρινῶ
2665 5122 2761 5168 σε,
2796 5105 2967 5158 εἶπεν
2988 5107 3020 5156 ό
3044 5104 3206 5168 Θεός.
3233 5105 3439 5164 Ὄντως
3468 5101 3621 5155 οὐδὲν
3647 5102 3814 5156 τοιοῦιι
3829 5120 3884 5155 ον

2334 5197 2506 5249 εἰπεῖν
2550 5197 2817 5266 ἠδυνήθη·
2866 5196 3012 5256 τίνος
3055 5193 3212 5263 χάριν
3259 5190 3384 5257 δόξα
3428 5191 3509 5261 τῷ
3555 5191 3705 5262 μόνῳ
3731 5191 3882 5262 γινῦ-

2337 5303 2543 5339 σκοντι·
2575 5289 2718 5351 τινὲς
2742 5287 2800 5340 δέ
2832 5303 2944 5355 μοι,
2969 5285 3046 5346 ὡς
3076 5285 3171 5337 sui.
3201 5284 3406 5352 Κυρίου
3429 5273 3775 5355 διηγήσαντο,
3805 5286 3881 5338 ἑιτι

2335 5379 2430 5430 καὶ
2451 5379 2728 5452 λεοπάρδῳ
2750 5377 2860 5432 ἀπὸ
2887 5377 3069 5448 χειρὸς
3092 5377 3394 5449 παρέϐαλεν
3415 5377 3498 5441 είς
3521 5379 3620 5450 τὴν
3647 5381 3812 5456 ἔρημα
3829 5394 3877 5436 ν’

2336 5467 2427 5521 καὶ
2453 5469 2595 5523 οὕτω
2628 5468 3098 5537 λογοθετούμενος,
3141 5468 3232 5523 τοῦ
3298 5468 3545 5542 σώματος
3590 5477 3812 5550 ἐχωρίσε
3829 5496 3879 5549 η,

2333 5556 2384 5608 τί
2426 5560 2486 5612 τὸ
2533 5563 2724 5629 κρῖμα,
2764 5558 2891 5630 ﬂeo
2932 5559 3121 5630 πέρας,
3152 5561 3186 5632 ἢ
3213 5563 3482 5646 ἀπόφασις
3524 5573 3714 5640 αὐτοῦ,
3760 5577 3794 5647 ἦ
3829 5577 3881 5630 τὸ

2331 5648 2480 5712 τέλος
2528 5650 2621 5703 τοῦ
2671 5647 2979 5716 λογοθεσὶου
3032 5650 3330 5723 κατάδηλον
3360 5656 3438 5729 μὴ
3498 5666 3810 5736 ποιησάμενι
3830 5681 3878 5727 ς.
