4050 6338
196 485 287 545 81ἷί

1168 480 1420 564 ,δρΑιιΑ
1453 476 2218 541 l‘.\RADlsl.—-i‘.lt.\l)US
2253 485 2378 543 \‘ll.

3276 491 3375 554 8H

194 597 525 668 (l7)"931:sp
557 598 702 666 χήρα
731 595 817 648 τὸν
845 595 1034 664 ἑαυτῆς
1066 595 1231 666 ἄνδρα
1263 593 1628 658 ἀποϐαλοῦσα,
1655 595 1740 644 καὶ

1845 593 1936 643 sed
1971 607 2190 660 prorsus
2221 595 2571 650 lamentabilis
2605 598 2850 662 historia,
2885 616 3046 670 quam
3076 590 3374 659 audiamus.

200 688 453 757 μονογενῆ
483 688 606 740 υἱὸν
624 688 930 757 κεκτημένη
957 686 1090 754 μετά
1106 685 1326 755 Κύριον,
1359 687 1561 738 ἐκεῖνον
1581 685 1736 754 μόνον

193 777 534 848 παραμυθίαν
581 778 878 848 κέκτηταιο
925 777 1064 830 οὓτω
1108 778 1202 830 καὶ
1248 777 1426 846 ψυχῆς
1469 776 1734 848 πεσούσης

194 872 284 924 οὐκ
323 872 439 923 ἐστι
477 871 800 940 παραμυθία
829 888 910 934 τις
943 871 1103 940 ἑτέρα
1131 871 1187 921 ἐν
1221 870 1396 939 καιρῷ
1435 869 1634 933 ἐξόδου,
1662 868 1736 929 ὡς

192 965 235 1014 οἱ
262 962 419 1014 κόποι
447 959 540 1014 τοῦ
573 951 788 1031 λαιμοῦ,
812 963 910 1024 καὶ⁴
934 961 992 1013 τὸ
1013 962 1258 1032 δάκρυον.
1294 961 1368 1014 Οὐ
1401 962 1605 1031 μελῳδή
1616 979 1734 1013 σου-

195 1070 270 1104 σιν
303 1055 353 1105 οξ
397 1052 628 1108 τοιοῦτοί
671 1071 823 1116 ποτε,
859 1052 996 1104 ὀὐδὲ
1039 1053 1392 1116 ἀλαλάζουσιν
1437 1055 1493 1105 ἐν
1552 1053 1736 1123 ὖμνοις

192 1143 318 1209 πρὸς
352 1145 581 1207 ἑαυτούς
601 1161 615 1175 ·
656 1143 957 1211 λυμαντικὰ
998 1143 1102 1215 γὰρ
1131 1139 1199 1218 τὰ
1231 1144 1453 1196 τοιαῦτα
1484 1144 1577 1196 τοῦ
1611 1144 1739 1196 πέν-

193 1235 309 1300 θους
351 1237 774 1311 καθεστήκασιν.
810 1226 906 1290 Ἂν
929 1237 1029 1304 ,διά
1075 1238 1276 1291 τούτων
1315 1237 1738 1308 ,προσκαλεῖσθαι

191 1329 316 1382 αὐτὸ
348 1329 699 1402 ἐπιτηδεύῃς,
738 1330 818 1381 ἔτι
864 1329 1054 1401 πόρῤω
1095 1330 1204 1382 ἀπό
1232 1319 1330 1393 σου,
1379 1331 1647 1399 ἀφέστηκε
1679 1330 1738 1382 τὸ

193 1421 346 1490 ἔργον
365 1441 382 1454 ·
408 1421 601 1484 πένθος
622 1421 730 1492 γάρ
757 1422 902 1474 ἐστιν
924 1421 1295 1504 πεςποιωμένον
1317 1420 1535 1490 ἄλγημα
1549 1421 1739 1490 ψυχῆς

193 1513 438 1584 ἐμπύρου
467 1514 580 1586 (a)°
619 1514 924 1584 πρόδρομον
959 1508 1032 1567 ἐν’
1063 1515 1274 1577 πολλοῖς
1318 1515 1416 1583 τῆς
1466 1514 1738 1583 μακαρίας

195 1604 459 1667 ἀπαθείας
502 1605 563 1658 τὸ
622 1604 815 1669 πένθος
861 1605 1087 1673 γέγονε,
1144 1605 1602 1675 προευτρεπίσαν,
1645 1608 1740 1660 καὶ

196 1695 570 1767 προσαριῖωαν,
598 1697 690 1750 καὶ
713 1690 991 1750 ἀναλῶσαν
1017 1695 1112 1766 τὴν
1131 1697 1283 1766 ὕλην.
1316 1694 1619 1766 Διηγήσατό
1649 1698 1738 1765 μοί

193 1803 267 1850 τις
293 1785 486 1840 τούτου
516 1788 609 1840 τοῦ
647 1787 808 1841 καλοῦ
838 1789 1073 1859 ἐργάτης
1102 1789 1338 1856 δόκιμος,
1375 1789 1456 1841 δτι
1480 1805 1604 1857 περ,
1637 1805 1740 1856 φη-

195 1877 293 1938 σὶν,
324 1875 697 1946 ἐπιτηδεύοντί
737 1893 831 1946 μοι
864 1875 1120 1944 πολλάκις
1167 1875 1297 1945 πρὸς
1341 1873 1662 1938 κενοδοξίαν,
1702 1874 1733 1944 ἦ

189 1968 374 2038 ὀργὴν,
403 1969 434 2036 ἦ
465 1954 699 2036 ξάστρδς
733 1967 891 2034 κόρον
937 1965 1283 2035 ἐκφέρεσθαι,
1315 1966 1342 2017 ὁ
1374 1961 1467 2017 τοῦ
1507 1964 1736 2027 πένθους

192 2057 386 2109 ἐσωθεν
414 2056 810 2126 διεμαρτύρατό
845 2072 932 2124 μοι
967 2054 1241 2123 λογισμὸς,
1276 2053 1367 2106 καί
1403 2063 1565 2121 φησι·
1604 2074 1622 2104 ι
1646 2052 1733 2121 Μὴ

191 2146 557 2218 κενοδοξῆσῃς,
600 2146 692 2197 ἐπὶ
725 2145 988 2216 ἀναχωρῶ
1023 2157 1137 2206 σου,
1165 2144 1364 2213 ὁμοίως
1391 2146 1480 2196 καὶ
1514 2145 1605 2195 ἐπὶ
1629 2144 1737 2196 τῶν

193 2237 358 2288 ἄλλων
388 2236 595 2290 παθῶν.
614 2237 752 2305 Ἐγὼ
772 2237 828 2290 δὲ
856 2237 990 2308 πρὸς
1021 2238 1087 2290 αὖ
1099 2238 1180 2289 τὸν
1200 2237 1384 2304 ἔλεγον
1404 2254 1415 2266 ·
1439 2238 1510 2288 Οὐ
1538 2238 1610 2307 μή
1642 2254 1732 2288 σου

191 2327 518 2396 παρακούσω
546 2327 696 2387 ποτὲ,
733 2326 890 2398 ἄχρις
913 2319 971 2380 οὗ
1005 2325 1083 2396 τῷ
1112 2323 1329 2398 Χριστῷ
1356 2326 1730 2394 παραστήσῃς.

204 2415 468 2479 Ἀϐυσσος
509 2417 608 2486 μὲν
651 2417 874 2479 πένθους
914 2416 1253 2485 παράκλησιν
1309 2415 1564 2469 ἐθεάσατο
1601 2415 1731 2482 (ίὸὶ,

191 2506 494 2578 καθαρότης
521 2508 578 2562 δὲ
609 2506 838 2576 καρδίας
864 2507 1080 2570 ἐδέξατο
1110 2506 1391 2575 έλλαμψιν.
1434 2507 1595 2558 Ἕλλα
1607 2507 1736 2575 μ’ζιίς

191 2593 332 2646 ἐστιν
381 2596 618 2666 apem;
675 2595 942 2664 ἐνέργεια,
977 2594 1238 2663 νοουμένη
1274 2594 1565 2660 ἀγνώστως
1589 2637 1602 2658 ,
1645 2597 1736 2646 καὶ

191 2685 436 2754 ὁρωμένη
468 2686 714 2758 ἀοράτως
737 2703 750 2716 ⁸
787 2685 1131 2756 παράκλησίς
1173 2689 1318 2739 ἐστιν
1344 2685 1603 2740 ἐνωδύνου
1636 2686 1736 2754 ψυ-

193 2776 287 2843 χῆς
323 2775 607 2845 ἀνάψυξις.
645 2779 838 2844 νηπίου
871 2778 1026 2848 δίκην
1063 2781 1118 2833 ἐν
1162 2779 1322 2848 ἑαυτῇ
1349 2777 1421 2847 (ιι)
1457 2775 1733 2844 κλαυθμη-

195 2866 477 2936 ριζομένης
519 2869 632 2936 ἅμα
675 2870 769 2920 καὶ
805 2868 1040 2938 φαιδρῶς
1091 2867 1396 2937 μειδιώσης.
1435 2866 1736 2934 Ἀντίληψίς

196 2957 306 3006 ἐστι
332 2956 508 3025 ψυχῆς
551 2957 863 3022 ἀνανέωσις,
891 2958 1303 3025 καταπεσούσης
1327 2957 1492 3026 λύπη,
1515 2957 1573 3010 τὸ
1610 2957 1736 3009 ἐνώ-

193 3044 339 3098 δυνον
387 3047 620 3117 δάκρυον
659 3048 738 3108 εἰς
783 3047 1046 3099 ἀνῶυνον
1078 3047 1394 3115 θαυμασίως
1440 3048 1736 3115 μεταποιή-

198 3126 352 3190 σασα.
391 3139 611 3208 Δάκρυα
644 3137 823 3202 ἐξόδου
851 3137 1115 3191 ἀπέτεκον
1149 3136 1310 3205 φόϐον
1331 3151 1346 3164 ο
1373 3135 1535 3204 φόϐου
1564 3137 1620 3187 δὲ
1653 3154 1738 3186 τε-

1838 679 2142 750 Stephauus
2170 687 2437 754 quispiam
2485 688 2569 741 hic
2590 688 2832 758 degebat,
2889 693 2980 760 qui
3039 695 3162 747 vita“:
3211 710 3380 764 genus

1836 773 2132 828 solitarium
2162 786 2215 830 et
2263 779 2506 846 quietum
2549 789 2784 834 sectatus
2812 781 2952 836 haud
2983 798 3183 852 paucos
3209 800 3381 840 annos

1837 865 1888 916 in
1921 867 2165 934 palm-stra
2193 869 2314 922 vita:
2363 872 2431 924 ab
2465 872 2611 924 onitii
2637 875 2892 927 societate
2923 873 3155 930 humana
3199 891 3380 931 secre-

1837 963 1903 1007 tae
1953 959 2204 1022 traduxit,
2228 960 2419 1028 jejunii
2469 971 2523 1016 ct
2569 963 2928 1034 lacrymarum
2992 967 3163 1035 gratia
3220 982 3380 1022 exor-

1839 1056 2016 1113 natus,
2057 1052 2283 1118 aliisque
2336 1054 2603 1121 praeclaris
2658 1056 3054 1111 virtutibus.....
3111 1059 3381 1113 excellens

1837 1137 2155 1208 llorensquc.
2196 1137 2355 1212 158
2381 1142 2477 1197 llic
2508 1143 2753 1198 cellulam
2783 1145 2973 1199 ﬁxerat
3028 1147 3096 1218 ad
3143 1148 3379 1202 radicem

1838 1231 2006 1283 sancti
2066 1233 2262 1286 montis
2291 1235 2454 1294 illius,
2486 1235 2669 1303 inquo
2701 1236 2843 1290 Elias
2874 1237 3160 1305 prophetes
3212 1237 3380 1294 Deum

1837 1320 1966 1372 olim
2016 1331 2301 1389 spectarat.
2347 1322 2461 1389 Hic,
2496 1325 2732 1393 inquam,
2767 1327 3169 1383 laudatissimus
3203 1334 3283 1383 vir
3313 1330 3382 1383 ad

1839 1413 2093 1481 majorem
2115 1423 2167 1468 et
2228 1396 2524 1484 graviorem
2562 1417 3070 1489 laboriosioremque
3123 1422 3382 1490 pamiten-

1839 1504 1965 1557 tiam
1997 1505 2274 1575 agendam,
2307 1507 2538 1562 secessit
2591 1507 2643 1560 in
2683 1508 2856 1562 locum
2910 1511 3378 1574 anachoretarum,

1837 1609 1996 1662 quem
2027 1595 2208 1649 dixere
2254 1594 2480 1661 Siddim,
2514 1600 2602 1652 ubi
2635 1614 2757 1653 cum
2797 1599 3002 1668 aliquot
3023 1616 3198 1657 annos
3224 1602 3277 1656 in
3299 1617 3384 1658 se-

1839 1683 2140 1750 verissima,
2185 1702 2344 1755 quam
2393 1687 2507 1756 ipse
2535 1685 2636 1744 sibi
2691 1692 3106 1760 przescripserat,
3170 1693 3384 1748 vivendi

1839 1778 2046 1831 ratione
2071 1779 2417 1848 transcgisset
2445 1780 2582 1847 (erat
2607 1783 2751 1836 enim
2800 1783 2950 1838 locus
2997 1785 3304 1842 inaccessus
3331 1797 3385 1842 et

1840 1869 1972 1921 adeo
2007 1884 2182 1939 asper,
2255 1879 2311 1923 ut
2363 1871 2559 1925 nullam
2615 1873 2906 1929 humanam
2957 1877 3379 1932 consolationem

1839 1960 2160 2022 admitteret,
2190 1960 2530 2030 distabatque
2555 1971 2733 2017 castro
2791 1965 3108 2021 milliaribus
3177 1977 3387 2036 septua-

1836 2050 2023 2116 ginta),
2078 2049 2179 2102 sub
2235 2059 2536 2105 extremum
2604 2052 2724 2106 vitm
2771 2062 2982 2122 tempus
3036 2056 3104 2109 ad
3153 2057 3382 2124 priorem

1837 2153 1987 2190 suam
2038 2152 2322 2217 regressus
2360 2147 2443 2193 est
2480 2139 2692 2203 cellam,
2723 2155 2883 2208 quam
2928 2140 2981 2193 in
3015 2151 3201 2195 sancto
3259 2141 3385 2194 Elia:

1838 2241 2016 2283 triente
2047 2239 2297 2299 posuerat
2326 2246 2487 2285 senex
2518 2250 2531 2284 :
2564 2231 2652 2285 ubi
2680 2231 2816 2285 duos
2843 2247 2906 2286 ex
2967 2231 3248 2286 Palaestina
3297 2235 3383 2288 di-

1837 2320 2074 2390 scipulo's
2113 2323 2262 2376 valde
2290 2324 2405 2392 pios
2438 2336 2490 2376 ct
2517 2324 2792 2393 religiosos
2819 2323 3066 2385 habebat,
3097 2324 3187 2392 qui
3247 2323 3383 2377 inte—

1838 2414 1960 2474 rim,
1999 2413 2122 2465 dum
2178 2415 2408 2476 abesset,
2453 2415 2618 2483 ipsius
2681 2416 2918 2468 casulam
2980 2414 3378 2469 custodiebant.

1839 2500 2031 2559 Paucis
2063 2505 2183 2557 inde
2213 2513 2333 2572 post
2361 2505 2556 2558 diebus'
2601 2521 2761 2573 quam
2813 2506 3066 2569 redierat,
3138 2506 3190 2559 in
3253 2507 3382 2559 leta-

1838 2595 1940 2647 lem
1997 2595 2241 2648 morbum
2274 2610 2382 2662 qun
2425 2603 2478 2646 et
2501 2595 2751 2657 decessit,
2793 2595 2994 2650 incidit.
3045 2592 3221 2651 Pridie
3255 2612 3383 2664 ergo

1836 2685 1954 2753 ejus
1988 2685 2093 2737 dici
2123 2699 2284 2753 quam
2315 2694 2635 2744 moreretur,
2667 2697 2884 2754 repente
2912 2696 3089 2742 mente
3129 2697 3383 2744 avocatus

1837 2793 1866 2828 a
1914 2776 2179 2840 sensibus,
2214 2777 2384 2830 oculis
2422 2785 2597 2829 tamen
2645 2793 2788 2832 nunc
2819 2779 2895 2839 ad,
2931 2780 3174 2833 dextrum
3217 2781 3384 2833 lectu-

1839 2865 1874 2918 li
1925 2867 2008 2919 sui
2042 2866 2199 2928 latus,
2253 2881 2396 2918 nunc
2455 2867 2519 2918 ad
2572 2867 2848 2921 sinistrum
2916 2867 3382 2935 circumspiciebat

1839 2956 2060 3024 perinde
2089 2955 2243 3025 quasi
2307 2956 2374 3008 ab
2401 2956 2722 3025 quibusdam
2753 2957 2873 3009 vitae
2901 2971 3012 3009 suae
3037 2957 3267 3010 rationes
3298 2971 3383 3008 re-

1851 3060 2182 3118 posceretur,
2235 3051 2695 3118 respondebatquc
2763 3050 3099 3104 audientibus
3153 3051 3380 3114 cunctis,

1840 3142 1931 3209 qui
1984 3142 2419 3202 circumstabant,
2457 3142 2522 3194 iis
2578 3143 2664 3210 qni
2719 3151 2836 3194 acta
2866 3141 2982 3207 ejus
3041 3141 3104 3193 ad
3160 3155 3382 3193 examen

199 3231 378 3294 κοντος
415 3231 664 3300 ἀφοϐίαν,
710 3229 948 3298 ἐπιφαίει
982 3229 1143 3300 χαρὰ,
1172 3231 1345 3300 χαρᾶς
1382 3229 1437 3281 δὲ
1466 3227 1734 3296 ἀκαταλὴ-

1841 3235 2122 3296 rocahant,
2159 3249 2299 3287 nunc
2319 3235 2532 3303 quidem
2566 3252 2576 3284 :
2616 3236 2776 3292 Sane.
2840 3249 2983 3296 vere,
3015 3233 3110 3287 feci
3144 3233 3263 3294 hoc,
3292 3236 3385 3286 sed

196 3340 320 3376 κτου
354 3323 593 3392 ληξάσης
625 3323 723 3391 τῆς
757 3322 908 3384 ὁσίας
934 3323 1173 3391 ἀγάπης,
1212 3319 1444 3373 ἀνέτειλε
1470 3319 1530 3372 τὸ
1561 3318 1737 3381 ἄνθος.

210 3414 430 3467 Ἀπὸθου
460 3413 570 3480 (l9)
618 3411 691 3476 ὡς
737 3413 835 3464 οὐκ
885 3413 1031 3477 ἄξιος
1081 3414 1139 3463 ἐν
1171 3413 1315 3479 χειρὶ
1365 3409 1740 3470 ταπεινώσεως

197 3501 565 3571 ἐπιδημοῦσαν
599 3501 792 3571 χαρὰν,
826 3502 912 3554 ἵνα
945 3502 1018 3571 μὴ
1057 3491 1457 3569 εύπαράδεκτος
1488 3498 1582 3563 ὢν,
1618 3499 1743 3570 δέξῃ

196 3595 355 3648 λύκον
397 3594 518 3647 ἀντὶ
546 3595 825 3662 ποιμένος.
859 3591 951 3662 Μὴ
992 3593 1292 3661 πρόστρεχε
1343 3590 1543 3660 θεωρίᾳ
1583 3592 1641 3643 ἐν
1681 3590 1740 3640 οὐ

197 3683 372 3756 καιρῷ
400 3683 654 3751 θεωρίας,
686 3685 772 3737 ἵνα
813 3700 906 3736 σου
949 3682 1039 3736 τοῦ
1089 3682 1313 3744 κάλλους
1341 3681 1441 3751 τῆς
1481 3678 1743 3733 ταπεινώ-

200 3792 332 3838 σεως
362 3775 776 3844 καταδιώξηται,
803 3777 895 3828 καὶ
926 3773 1316 3844 καταλήψηται,
1350 3774 1440 3826 καὶ
1467 3774 1546 3835 εἰς
1576 3764 1746 3825 αίῶνσῖ

199 3865 408 3919 αἰώνων
460 3865 854 3936 συναςθήσεταί
894 3883 974 3918 σοι
1029 3867 1085 3917 ἐν
1132 3867 1386 3932 πανάγνῳ
1425 3867 1603 3933 γάμῳ.
1659 3864 1745 3914 Ἐν

198 3959 389 4027 ἀρχαῖς
433 3958 530 4026 μὲν
560 3952 756 4019 αὐταῖς
786 3958 1060 4026 γνωρίζων
1092 3958 1121 4007 ὁ
1154 3959 1342 4025 νήπιος
1369 3958 1459 4008 τὸν
1511 3957 1741 4023 πατέρα,

198 4050 367 4117 χαρᾶς
398 4047 517 4107 ὅλος
565 4046 994 4116 πεπληρωμένος
1026 4045 1268 4112 γίνεται·
1298 4047 1486 4099 τούτου
1518 4047 1573 4097 δὲ
1609 4047 1744 4115 πρὸς

198 4137 384 4206 χρόνον
421 4135 781 4204 οἰκονομικῶς
821 4134 1243 4205 ἀποδημούντος,
1275 4131 1391 4187 εἶτα
1422 4136 1584 4186 πάλιν
1630 4137 1745 4184 ἐπι-

197 4228 510 4298 δημοῦντος,
543 4228 715 4297 χαρᾶς
741 4229 770 4280 ὁ
800 4227 927 4290 παῖς
948 4227 1044 4279 καὶ
1074 4225 1248 4292 λύπης
1278 4226 1578 4293 ἀνάμεστος
1603 4223 1744 4290 γίνε-

198 4337 280 4373 ται
300 4336 314 4349 ·
348 4319 525 4388 χαρᾶς
560 4318 679 4385 μὲν,
708 4317 783 4378 ὡς
805 4317 891 4369 τὸν
917 4316 1240 4386 ποθούμενον
1274 4315 1424 4369 ἰδών·
1456 4313 1630 4382 λύπης
1663 4315 1744 4376 δέ,

198 4411 282 4464 διά
311 4412 414 4482 τὴν
438 4408 531 4461 τοῦ
550 4408 801 4460 τοσούτου
837 4407 1024 4478 χρόνου
1053 4405 1146 4460 τοῦ
1179 4406 1340 4459 καλοῦ
1375 4406 1598 4469 κάλλους
1622 4405 1746 4458 στέ-

200 4535 375 4586 ρησιν.
419 4515 662 4586 Κρύπτει
709 4514 886 4583 μήτηρ
923 4512 1120 4579 ἑαυτὴν
1141 4511 1254 4581 (20)
1290 4511 1380 4565 τοῦ
1418 4513 1630 4581 νηπίου,
1655 4513 1768 4564 καὶ.

1844 3322 1946 3376 hoc
1982 3323 2234 3377 delictum
2289 3333 2366 3377 tot
2434 3340 2698 3377 annorqu
2727 3325 2947 3393 jejuniis
2974 3326 3214 3392 cxpiavi:
3246 3339 3387 3376 nunc

1843 3429 2008 3468 vero:
2041 3413 2152 3468 lloc
2183 3430 2286 3468 non
2318 3413 2438 3475 feci,
2484 3431 2608 3468 vere
2657 3417 2950 3469 mentimini
2999 3431 3255 3468 rursum:
3312 3414 3385 3467 Ita

1844 3503 2080 3570 profecto
2123 3504 2224 3556 hoc
2264 3520 2370 3557 non
2411 3518 2546 3570 nego
2577 3521 2606 3556 a
2669 3520 2753 3557 me
2798 3505 3016 3564 factum.
3084 3505 3174 3557 sed
3255 3504 3384 3556 illud

1844 3594 2092 3663 lacrymis
2143 3594 2309 3646 delevi
2342 3593 2568 3661 aliisque
2605 3594 2705 3661 piis
2761 3595 3077 3647 ministeriis
3132 3610 3386 3664 compen—

1846 3687 1980 3739 savi.
2037 3683 2272 3739 Deinde:
2311 3681 2420 3737 lmo
2478 3686 2614 3738 falso
2685 3700 2769 3738 me
2824 3685 3044 3738 omnino
3099 3687 3383 3741 accusatis.

1847 3777 2145 3845 Aliquando
2217 3785 2394 3829 tamen
2445 3776 2654 3830 diccbat
2710 3776 2774 3829 ad
2828 3776 3086 3844 quasdam
3150 3777 3386 3844 objectas

1845 3869 2028 3937 culpas
2061 3887 2073 3920 :
2114 3866 2270 3938 159
2307 3867 2498 3922 Fateor
2535 3883 2620 3922 me
2649 3866 2860 3931 fecisse,
2897 3883 2993 3920 nec
3034 3867 3203 3920 habeo
3243 3869 3385 3934 quod

1847 3959 1931 4011 hic
1955 3974 2202 4011 excusem
2242 3968 2333 4012 aut
2362 3958 2711 4026 respondeam
2743 3977 2755 4010 :
2786 3967 3030 4026 superest
3056 3967 3232 4010 tamen
3264 3974 3388 4025 spes

1845 4048 1896 4098 in
1921 4048 2282 4100 misericordia
2307 4048 2414 4102 Dei.
2443 4047 2836 4099 Eteratrevera
2871 4048 3239 4114 spectaculum
3279 4057 3380 4098 tre~

1844 4138 2096 4190 mendum
2129 4147 2182 4190 et
2213 4136 2566 4197 formidabile.
2592 4136 3381 4208 judiciumqueinaspectahih-,

1844 4229 1935 4281 sed
1966 4244 2185 4297 prorsus
2236 4229 2351 4283 sine
2379 4230 2530 4282 venia
2560 4231 2954 4299 gravissimum.
2996 4233 3060 4286 Et
3087 4234 3228 4300 quod
3273 4230 3384 4283 for-

1845 4321 2150 4375 midabilius
2174 4321 2489 4381 erat,etiam
2538 4321 2627 4374 illa
2667 4323 3012 4385 accusabant,
3085 4339 3202 4392 quae
3244 4341 3384 4377 nun-

1845 4428 2004 4481 quam
2044 4411 2257 4466 feeerat.
2299 4411 2484 4481 Papae!
2526 4413 2653 4481 quid
2710 4413 2830 4476 hoc,
2903 4428 2935 4465 o
2976 4415 3190 4481 superi!
3225 4413 3386 4468 homo

1847 4498 2165 4558 anachoreta
2199 4504 2252 4556 in
2284 4504 2569 4557 solitudine
2619 4513 2864 4558 versatus
2895 4504 3122 4556 subinde
3155 4507 3389 4574 negabat

196 4603 387 4657 τούτου
423 4602 680 4665 ἐνοδύνως
706 4598 1088 4670 ἐπιζητοῦντος
1129 4601 1295 4669 αὐτὴν
1321 4602 1523 4673 ὁρῶσα,
1549 4603 1740 4671 τέρπε-

1848 4609 1906 4648 se
1934 4593 2132 4648 habere
2162 4593 2304 4662 quod
2343 4594 2690 4661 responderet
2745 4593 2808 4644 ad
2867 4604 3080 4659 peccata
3131 4595 3383 4664 objecta:

197 4711 307 4759 ται,
329 4693 677 4758 παιδεύουσα,
697 4692 825 4745 αὐτὸ
843 4688 1102 4761 διηνεκῶς
1125 4691 1553 4758 προσκολλᾶσθαι
1574 4693 1712 4762 αὐτῇ
1728 4709 1742 4721 ’

200 4784 294 4836 καὶ
328 4784 393 4835 τὸ
427 4779 646 4852 φίλτρον
674 4781 836 4836 αὑτοῦ
864 4781 924 4834 τὸ
948 4781 1082 4852 πρὸς
1110 4781 1306 4850 ἑαυτὴν
1340 4781 1582 4852 σφοδρῶς
1611 4784 1745 4837 ἀνα-

201 4871 491 4940 φλέγουσα.
534 4871 588 4924 '0
618 4866 775 4941 ἔχων·
809 4867 928 4927 ὦτα
966 4872 1229 4934 ἀκούειν,
1263 4871 1547 4937 ἀκουέτω,
1585 4877 1745 4945 φησὶν

199 4967 228 5017 ὁ
253 4966 478 5036 Κύριος·
520 4962 596 5014 οὗ
625 4966 950 5034 μεριμνήσει
996 4966 1026 5017 ὀ
1055 4963 1153 5034 τὴν
1190 4962 1463 5030 ἀπόφασιν
1510 4965 1744 5035 εἰληφὼς

200 5043 610 5116 κατάδικοςτάς
628 5051 867 5123 θεάτρων
889 5054 1178 5126 διοικήσεις
1195 5071 1211 5086 ο
1237 5054 1330 5107 καὶ
1353 5055 1414 5106 οὐ
1441 5057 1514 5125 μὴ
1537 5059 1747 5128 προσχῇ

202 5147 232 5198 δ
264 5142 777 5250 temtari”:
809 5138 1068 5250 τρυφω
1105 5146 1322 5250 “En-ﬁ
1357 5147 1578 5250 erat
1625 5148 1748 5212 δευ-

205 5237 355 5308 χολὶᾳ
402 5235 552 5291 ποτέ.
598 5233 796 5298 Πένθος
837 5237 954 5291 ἐστὶ
986 5233 1342 5309 ⁸πεποιωμένη
1383 5236 1562 5308 ὀδύνη
1591 5259 1750 5308 μετα-

204 5331 430 5402 νοούσης
470 5328 664 5400 ψυχῆς,
696 5325 818 5380 καθ’
861 5328 1072 5397 ἡμέραν
1117 5328 1306 5392 ὀδύνας
1326 5328 1560 5390 ’ὀδύναις
1583 5347 1750 5400 προσ-

205 5419 435 5485 τιθεῖσα,
480 5421 556 5484 ὡς
586 5422 620 5490 ἠ
648 5419 903 5473 τίκτουσα
947 5420 1322 5474 καὶιόδύνουσα
1357 5419 1488 5488 (ει).
1537 5422 1750 5488 Δίκαιος

205 5512 298 5562 καὶ
332 5512 482 5573 ὅσιος
536 5514 566 5564 ὁ
615 5509 847 5581 Κύριος·
895 5509 989 5562 καὶ
1037 5511 1130 5563 τὸν
1165 5497 1314 5583 ’λόγῳ
1374 5511 1712 5582 ἡσυχάζοντα
1733 5556 1748 5580 ,

205 5598 373 5670 ὶξόγῳι
421 5600 798 5655 κατανύσσων⁶
860 5601 953 5654 καὶ
1006 5589 1107 5654 ’τδν
1171 5602 1314 5673 λόγῳ
1364 5603 1752 5673 ,ὑποτασσόμε-

284 5734 330 5764 ¹¹
351 5732 675 5798 Εῑεοιιίγιι,
694 5735 748 5789 8.

277 5848 354 5916 (a)
379 5843 812 5901 Camaldulenais
845 5847 971 5916 legit
995 5847 1166 5916 ψυχῆς
1190 5847 1480 5917 ἐμπείρου,
1513 5847 1602 5917 sed
1634 5863 1752 5900 om-

211 5932 302 5974 nes
331 5917 534 5974 chartae
564 5928 716 5982 mea,
750 5922 801 5970 et
822 5915 1140 5972 membrana:
1188 5915 1379 5971 habent
1409 5915 1672 5985 ἐμπύρου,
1702 5919 1752 5973 id

1844 4696 1898 4742 et
1953 4685 2037 4739 hic
2095 4684 2442 4756 quadraginta
2501 4685 2643 4750 ipsos
2691 4697 2861 4736 annos
2924 4686 3168 4740 monachi
3225 4689 3385 4742 vitam

1845 4788 2048 4848 egerat,
2083 4787 2136 4831 et
2191 4778 2539 4843 lacrymarum
2605 4773 2842 4829 fontibus
2885 4777 3208 4832 abundabat.
3275 4779 3387 4833 lleu

1848 4869 1998 4931 mihi,
2031 4869 2328 4933 iterumque
2372 4865 2473 4918 heu
2540 4865 2740 4920 misero
2796 4868 2948 4932 mihi,
3006 4871 3092 4921 ubi
3150 4885 3248 4922 vox
3299 4871 3386 4922 illa

1849 4958 2160 5021 Ezechielis,
2218 4966 2276 5009 ut
2298 4957 2441 5010 dicat
2467 4957 2534 5010 ad
2561 4957 2750 5026 ipsos:
2793 4957 2860 5011 In
2887 4976 2986 5027 quo
3024 4973 3070 5012 te
3120 4969 3258 5011 statu
3303 4962 3385 5012 iu-

1847 5066 2046 5114 venero,
2077 5050 2130 5101 in
2167 5050 2275 5115 ipso
2295 5048 2544 5115 judicabo
2574 5059 2640 5112 te,
2673 5049 2799 5102 dicit
2855 5049 3102 5102 Dominus
3150 5051 3230 5101 M?
3281 5051 3387 5104 Re-

1847 5139 1982 5197 vera
2009 5142 2144 5206 nihil
2211 5141 2399 5193 horum
2463 5148 2589 5196 tunc
2629 5143 2806 5196 dicere
2857 5143 3042 5208 potuit.
3108 5141 3389 5198 Enimvero

1848 5235 2013 5306 gloria
2053 5235 2157 5288 Deo
2200 5234 2298 5288 soli
2348 5249 2670 5290 arcanorum
2703 5235 2983 5305 coguitori.
3016 5232 3184 5288 Fuere
3229 5253 3387 5305 porro

1849 5328 1938 5396 qui
2013 5325 2162 5390 mihi,
2210 5325 2436 5378 Domino
2477 5336 2632 5386 teste,
2693 5335 2877 5380 sancte
2926 5323 3258 5391 aﬂirmarint,
3322 5330 3388 5380 ab

1850 5417 2008 5485 hujus
2065 5430 2223 5469 manu
2253 5414 2380 5468 dum
2404 5417 2454 5468 in
2490 5416 2776 5469 solitudine
2827 5424 3147 5477 versaretur,
3184 5416 3382 5484 leopar-

1850 5511 1975 5563 dum
2011 5507 2176 5560 fuisse
2209 5516 2456 5574 pastum:
2504 5508 2588 5560 hic
2620 5515 2798 5560 tamen
2828 5504 2942 5572 ipse
2964 5509 3276 5575 asperrimis
3301 5522 3384 5558 ra-

1807 5664 1820 5676 ο
1852 5605 2058 5659 tionum
2109 5601 2229 5653 vitae
2279 5599 2621 5653 exactoribus
2685 5597 2817 5650 adeo
2869 5600 3188 5666 exagitatus,
3236 5599 3305 5651 ita
3355 5613 3384 5649 e

1857 5856 1937 5904 est
1974 5847 2211 5908 incensa,
2244 5859 2433 5911 nempe
2464 5857 2645 5898 amore
2671 5843 2870 5898 divino.

1931 5917 2001 5986 (ὁ)
2035 5915 2106 5970 lla
2141 5916 2461 5971 membranae
2495 5913 2727 5985 antiqua:
2757 5916 2952 5969 charta:
2983 5912 3067 5966 hic
3099 5913 3384 5968 mendosa.
