4050 6338
186 425 287 489 817
990 425 1001 434 ’
1203 432 1426 490 SCALA
1460 431 1733 490 PARADI

1868 455 1934 466 -
1966 432 2270 490 υιιλυυδ
2298 432 2420 488 \‘II.
3310 429 3409 488 δικ

183 543 541 597 obedientiam
589 543 847 610 subjecit,
897 542 1134 611 quotidie
1180 544 1462 596 exhilarat.
1507 543 1607 608 Qui
1641 559 1745 596 non
1787 552 2104 595 alterutrum
2168 559 2230 595 et
2303 543 2386 595 his
2427 542 2640 593 modum
2683 542 2890 594 sincere
2932 542 3323 609 (-imipleetitnr,
3366 545 3408 595 is

177 648 312 687 vero
349 633 493 688 luctu
520 634 806 688 destitutus
836 645 932 688 est.
987 635 1152 704 Ahige
1194 635 1290 689 abs
1332 643 1382 688 te
1410 649 1598 688 canem
1641 634 2030 700 desperationis
2067 634 2224 704 162
2268 635 2358 701 qui
2400 634 2494 686 tibi
2539 635 2590 685 in
2633 649 2824 686 suumn
2867 634 3009 684 luctu
3046 632 3208 684 lleum
3244 632 3406 686 inele-

182 736 452 789 mentem,
487 727 742 779 immitem
778 735 831 779 et
864 726 1251 793 implacabilem
1324 726 1474 794 fingit
1511 736 1564 779 et
1608 725 1844 793 subjicit.
1912 723 2040 778 Nam
2083 726 2171 778 ubi
2239 725 2484 778 ruindcm
2555 724 2834 791 diligi-nter
2873 724 3241 775 observaveris
3267 763 3280 782 ,
3315 725 3407 776 de-

180 817 482 884 prehendes
533 817 602 869 ab
645 817 833 869 eodem
884 831 1018 869 cane
1057 816 1148 869 tibi
1198 825 1321 870 ante
1369 825 1732 883 perpetratum
1773 826 2048 883 pecvatum
2119 818 2367 868 (‘lllltthlll
2403 814 2565 868 llemn
2636 814 2947 881 benignum,
2981 814 3407 870 misericordem.

179 914 232 956 et
257 905 326 957 ad
349 907 560 960 veniam
591 906 800 961 facilem
842 909 1079 976 promitti
1130 920 1184 962 et
1245 909 1545 975 praedicari.
1593 909 1919 962 Exercitatio
1965 909 2288 979 [meditatio]
2327 908 2462 976 parit
2525 901 2923 964 assiduitatem,
2956 907 3245 959 assiduitas
3273 905 3406 958 desi-

184 999 264 1052 nit
286 999 340 1052 in
369 1015 525 1054 usum
575 1010 630 1055 et
657 1001 987 1065 facultatem,
1047 1018 1165 1071 quae
1193 1001 1280 1056 ubi
1318 1003 1371 1055 in
1400 1019 1560 1056 sensu
1597 1003 1805 1056 radices
1843 1004 1969 1070 egit.
2009 1017 2112 1054 non
2145 1001 2304 1055 facile
2336 1002 2555 1053 tollitur.
2593 1001 3002 1066 Qualiaeuuque
3030 999 3248 1051 demum
3285 997 3404 1050 vit:e

181 1089 360 1142 studia
406 1093 749 1161 quantunnis
787 1093 1015 1147 illustria
1056 1109 1379 1163 sequamur,
1411 1095 1454 1148 si
1499 1095 1743 1150 internus
1781 1096 1945 1148 animi
1971 1096 2121 1149 dolor
2143 1105 2195 1148 ct
2225 1109 2418 1149 sensus
2443 1093 2600 1153 desit,
2628 1091 2825 1144 frustra
2893 1107 3100 1152 sumus,
3169 1091 3408 1159 nihilque

183 1185 416 1254 agimus.
448 1183 678 1240 Necesse
709 1191 791 1240 est
817 1187 960 1240 enim
989 1229 1002 1250 ,
1042 1202 1263 1242 necesse
1291 1189 1544 1250 onmiuo,
1607 1199 1666 1242 ut
1725 1189 1796 1242 ita
1841 1190 2029 1261 loquar
2055 1229 2068 1250 ,
2113 1189 2222 1251 uti,
2271 1188 2580 1256 quicunque
2616 1185 2956 1254 baptismatis
3002 1185 3146 1238 fonte
3198 1185 3404 1238 lustrati

180 1287 736 1350 Sumus,rursumque
769 1291 949 1350 postea
976 1282 1118 1336 vitiis
1151 1282 1438 1351 inquinati,
1472 1283 1595 1352 igne
1651 1283 1832 1338 cordis
1884 1299 2156 1352 nunquam
2218 1283 2536 1351 elanguerite
2559 1321 2573 1342 ,
2619 1289 2671 1333 et
2700 1279 2819 1332 oleo
2860 1280 3246 1333 misericordi-.c
3319 1280 3408 1333 Dei

182 1371 354 1438 picem
422 1374 671 1428 vitiorum
719 1391 748 1430 e
789 1375 1037 1431 manibus
1109 1375 1502 1445 alistergatiaus.
1551 1374 1670 1430 Vidi
1712 1392 1811 1447 ego
1847 1377 2109 1447 quosdam
2153 1377 2220 1431 ad
2265 1390 2578 1451 supremum
2609 1377 2784 1428 luctas
2809 1374 3033 1443 gradum
3065 1374 3406 1432 asceudiSse.

181 1465 273 1527 Qui
318 1481 429 1534 prae
461 1469 625 1522 animi
656 1469 840 1524 dolore
877 1482 928 1524 et
969 1472 1164 1524 alllicto
1228 1472 1389 1525 corde
1423 1485 1665 1525 cruorem
1707 1487 1773 1526 ex
1813 1486 1909 1525 ore
1940 1472 2261 1526 eruetabant
2286 1508 2302 1531 ,
2335 1476 2389 1523 et
2437 1485 2644 1522 memor
2672 1467 2748 1520 fui
2815 1467 3080 1521 dicentis:
3123 1464 3408 1520 Percussus

183 1577 296 1619 sum
328 1572 387 1614 ut
418 1563 624 1629 fenum,
655 1576 703 1618 et
737 1569 945 1619 exaruit
976 1583 1066 1619 cor
1090 1583 1258 1620 meum
1289 1567 1354 1620 ”.
1388 1565 1662 1636 Lacrymte
1715 1583 1778 1622 ex
1821 1567 2015 1621 timore
2055 1566 2142 1619 Dei
2171 1566 2419 1636 profecta:
2448 1564 2500 1617 in
2531 1580 2587 1618 se
2619 1564 2746 1634 ipsa:
2770 1575 2968 1616 metum
3027 1574 3076 1614 et
3110 1562 3408 1616 custodiam

182 1654 358 1707 cordis
411 1654 624 1711 habent.
676 1656 808 1723 Qua:
851 1674 977 1712 vero
1013 1673 1076 1712 ex
1127 1658 1387 1712 cliaritate
1427 1659 1740 1727 profluunt,
1812 1667 1936 1713 ante
1969 1660 2257 1728 perfectam
2289 1657 2606 1712 charilatem
2649 1667 2855 1725 partam
2887 1656 2956 1709 ab
2990 1654 3261 1708 nonnullis
3328 1656 3406 1706 l'a-

183 1745 281 1797 cile
315 1748 664 1812 amittuntur,
726 1749 827 1803 nisi
869 1747 1124 1808 fortasse,
1162 1751 1302 1819 ignis
1337 1751 1426 1804 ille
1495 1758 1696 1804 aeterna
1760 1749 2020 1804 memoria
2069 1750 2387 1803 recolendus
2415 1747 2595 1817 aperis
2635 1757 2874 1816 tempore
2915 1761 3006 1798 cor
3039 1744 3403 1798 inllauunarit.

182 1839 245 1892 Et
273 1840 473 1895 mirum
503 1843 646 1897 dictu
678 1855 760 1898 est
783 1884 799 1909 ,
864 1845 1136 1913 quomodo
1193 1860 1403 1914 semper
1451 1847 1502 1900 id
1535 1847 1676 1915 quod
1711 1845 1968 1900 humilius
2019 1853 2099 1899 est
2128 1854 2183 1898 et
2239 1843 2500 1912 abiectius
2523 1883 2536 1902 ,
2563 1858 2664 1896 suo
2697 1843 2817 1895 loco
2847 1841 3092 1895 securius
3129 1849 3182 1893 et
3211 1839 3409 1892 certius
3440 1905 3443 1912 ι

182 1931 265 1983 sit.
303 1929 442 1984 Sunt
481 1948 566 1988 res
621 1950 742 2003 quae
800 1935 1156 2006 lacrymarum
1192 1936 1366 1992 fontes
1401 1939 1453 1992 in
1489 1939 1645 1992 nobis
1682 1939 2050 1992 exhauriunt:
2093 1934 2246 2007 163
2279 1946 2407 1990 sunt
2465 1935 2590 1989 item
2631 1935 2750 1988 alia:
2793 1949 2914 2002 qua:
2949 1934 3000 1986 in
3062 1934 3193 2001 ipsis
3257 1931 3409 1983 fonti-

181 2025 279 2078 bus
309 2028 481 2081 lutum
509 2038 562 2082 et
590 2030 786 2084 bestias
824 2033 1058 2100 pariunt.
1091 2032 1162 2085 Ex
1224 2033 1506 2087 occasione
1568 2034 1803 2102 priorum
1848 2033 1944 2086 Lot
1991 2034 2252 2086 incestum
2307 2045 2429 2084 cum
2467 2030 2681 2083 tiliahus
2721 2028 2834 2082 suis
2871 2028 3160 2081 commisit.
3189 2026 3282 2092 10b
3310 2040 3406 2095 po-

180 2123 440 2179 steriores
467 2124 681 2181 Lucifer
715 2142 744 2180 e
769 2128 908 2180 cielo
940 2129 1253 2182 deturbatus
1275 2138 1374 2184 est.
1411 2127 1741 2184 Incredibilis
1779 2137 1862 2181 est
1893 2127 2130 2181 hostium
2177 2135 2483 2179 nostrorum
2511 2123 2736 2185 malitia,
2759 2121 2848 2190 qui
2890 2122 3146 2174 virtutum
3199 2135 3409 2173 semen-

180 2229 284 2274 tem
327 2216 382 2269 in
425 2219 553 2272 vilia
596 2230 948 2282 convertunt,
998 2232 1052 2274 et
1095 2237 1155 2276 ea
1204 2239 1323 2291 qua-
1379 2223 1732 2276 humilitatem
1773 2231 1988 2284 creant,
2038 2221 2092 2274 in
2137 2219 2445 2289 superbiam
2489 2218 2802 2293 depravant.
2891 2216 3080 2270 Solent
3113 2231 3218 2266 non
3285 2229 3408 2266 raro

179 2312 304 2375 ipsa:
333 2308 728 2365 domiciliorum
764 2323 1073 2368 nostrorum
1101 2316 1256 2369 sedes
1279 2354 1292 2375 ,
1325 2323 1382 2380 et
1422 2316 1534 2369 loca
1575 2316 1748 2369 oculis
1782 2315 2023 2382 subjecta
2067 2329 2167 2369 nos
2207 2314 2273 2366 ad
2323 2312 2798 2381 compunctionem
2842 2325 3139 2382 provocare
3164 2353 3176 2371 ,
3215 2327 3401 2378 quem-

183 2400 468 2454 admodum
531 2403 728 2457 docent
781 2403 958 2469 Jesus,
992 2417 1045 2460 ct
1106 2405 1268 2469 Elias,
1301 2417 1352 2461 et
1411 2406 1680 2473 Joannes,
1715 2408 1806 2477 qui
1843 2408 1896 2462 in
1930 2407 2062 2462 solis
2098 2408 2231 2462 locis
2271 2409 2410 2476 apud
2464 2408 2784 2476 semetipsos
2831 2407 3081 2476 precibus
3125 2411 3404 2456 vacarunt.

184 2487 299 2542 \"idi
341 2500 396 2544 et
437 2492 491 2544 in
542 2494 732 2548 mediis
771 2496 994 2551 urbibus
1037 2507 1090 2551 ct
1139 2499 1416 2553 hominum
1466 2500 1636 2552 turbis
1675 2515 1738 2552 ac
1773 2500 1996 2567 strepitu
2057 2513 2442 2566 nonnunquam
2474 2497 2740 2566 religiosis
2768 2497 2898 2550 viris
2957 2496 3201 2564 prosilire
3235 2495 3404 2560 Iacry-

184 2594 321 2644 mas,
355 2579 415 2635 u't
449 2584 549 2639 hac
570 2587 774 2640 ratione
798 2587 999 2642 inducti
1023 2590 1396 2644 existimemus
1431 2591 1637 2644 nullum
1676 2606 1771 2643 nos
1819 2605 1882 2643 ex
1913 2604 2014 2642 usu
2042 2587 2320 2640 hominum
2347 2597 2399 2640 et
2420 2586 2748 2640 tumultuum
2790 2586 3167 2639 detrimentum
3192 2597 3402 2648 capere.

185 2667 421 2739 adeoque
452 2671 678 2728 libenter
715 2677 852 2730 inter
884 2678 1128 2734 homines
1142 2689 1195 2734 et
1218 2680 1401 2735 turbas
1435 2696 1713 2734 versemur
1742 2697 1755 2732 :
1785 2678 1871 2731 hic
1895 2679 2043 2754 enim.
2069 2677 2188 2730 linis
2214 2687 2296 2731 est
2333 2677 2698 2744 improborum
2724 2676 3027 2729 damonum
3067 2677 3161 2742 (ut
3187 2673 3404 2727 trahant

189 2775 282 2814 nos
308 2763 375 2815 ad
407 2765 686 2835 saeculum)
718 2782 859 2836 saepe
885 2770 1108 2824 verbum
1139 2772 1359 2824 unicum
1389 2789 1603 2826 omnem
1631 2772 1796 2825 animi
1832 2771 2033 2824 luctum
2063 2769 2320 2823 exstinxit
2354 2787 2364 2821 :
2404 2767 2496 2822 sed
2530 2767 2772 2820 miraculi
2805 2767 2972 2820 instar
3017 2777 3100 2820 est
3130 2804 3143 2824 ,
3186 2764 3228 2816 si
3276 2780 3395 2844 ver—

187 2849 312 2903 bum
335 2853 498 2906 etiam
527 2871 716 2916 unum,
741 2857 941 2912 luctum
973 2861 1201 2916 reduxit.
1236 2861 1607 2932 Nequaquam,
1643 2863 1823 2923 amici,
1860 2862 1911 2914 iu
1951 2876 2172 2916 excessu
2208 2862 2402 2913 animm
2434 2859 2833 2918 accusabimur,
2875 2859 3018 2928 quod
3059 2858 3203 2909 nulla
3236 2857 3400 2908 mira-

188 2942 302 2995 cala
325 2947 736 3011 patraverimus,
765 2957 856 3002 aut
875 2949 942 3003 de
975 2951 1136 3006 rebus
1154 2951 1348 3007 divinis
1379 2953 1748 3024 theoIOgoruni
1773 2952 1934 3006 modo
1955 2967 2062 3006 non
2097 2962 2251 3006 acute
2279 2951 2758 3019 disputavcrimus,
2788 2960 2878 3002 aut
2908 2951 2959 3002 in
2992 2947 3402 3016 contemplatio-

189 3053 307 3092 ncm
325 3054 432 3093 non
461 3040 664 3110 abrepti
693 3045 954 3098 luerimtu
979 3063 992 3098 :
1026 3045 1118 3100 sed
1147 3057 1294 3100 certo
1324 3049 1584 3102 rationem
1607 3048 1880 3109 dabimus,
1901 3044 2044 3113 quod
2066 3062 2170 3100 non
2200 3049 2536 3102 continenter
2563 3057 2780 3115 peccata
2804 3057 2985 3100 nostra
3003 3044 3394 3098 deﬂevcrimus.
3452 3054 3459 3058 ·

255 3135 419 3198 Βάσις
449 3137 652 3207 ὲὸὃόμη
674 3155 686 3169 ·
713 3139 741 3191 ὁ
778 3140 1030 3205 ἀξιωθεὶς
1061 3145 1225 3215 κάμοὶ
1254 3143 1516 3213 βοηθείτω
1536 3161 1548 3172 ·
1577 3144 1735 3206 αὐτὸς

1913 3141 2087 3210 Atque
2121 3143 2208 3194 hic
2240 3152 2323 3195 est
2355 3143 2617 3211 septimus
2644 3144 2842 3213 gradus
2867 3183 2881 3205 ,
2916 3156 3074 3209 quem
3115 3141 3203 3209 qui
3239 3155 3397 3207 snpe-

191 3224 293 3294 τὰρ
324 3225 422 3295 ἢδη
473 3227 822 3300 βεῧοήθηται,
868 3230 957 3283 διὰ
983 3231 1077 3284 τοῦ
1123 3233 1346 3304 ἑϐδόμου
1386 3231 1597 3302 βαθμοῦ
1643 3233 1735 3295 τὰς

1841 3231 2017 3294 t'avit,
2063 3240 2116 3284 et
2156 3232 2286 3284 mihi
2326 3247 2516 3285 manus
2549 3233 2824 3301 porrigat,
2864 3231 3315 3300 quemadmodum
3350 3242 3400 3284 i-t

189 3317 279 3371 τοῦ
308 3319 506 3383 αἰῶνος
536 3320 726 3374 τούτου
757 3322 975 3392 κηλίδας
1006 3326 1426 3396 ἀπονιψάμενος.

1843 3325 1954 3391 ipse
1981 3324 2199 3391 adjutus
2234 3323 2378 3376 labes
2409 3324 2529 3376 vitae
2563 3324 2842 3391 praesentis
2883 3323 3152 3376 abstersit.

580 3476 829 3530 :xoau
869 3469 974 3532 Et:
1011 3463 1230 3562 Attt‘oN
1271 3484 1342 3536 κν,
1701 3512 1709 3524 .
2048 3478 2204 3549 ιθίι
2265 3478 2551 3532 senem
2613 3480 2700 3533 an
2753 3479 3036 3560 cuinon
3097 3479 3204 3534 vn.

746 3613 879 3679 Περὶ
908 3614 1183 3694 πέλ-ρους.

1982 3660 1983 3663 η
2492 3617 2560 3670 De
2589 3619 2753 3670 luctu.

789 3729 1045 3793 Σχόλιον
1077 3736 1148 3781 a’.

2457 3733 2706 3785 Scholion
2744 3733 2790 3784 l.

253 3810 439 3880 Τούτῳ
471 3812 652 3864 πολλοὶ
678 3815 1048 3884 ἀπατηθέντας
1072 3819 1242 3883 ἀδεῶς
1272 3823 1368 3887 τὴν
1398 3825 1741 3894 συμπάθειαν

189 3905 292 3962 τοῖς
321 3905 727 3973 ἁμαρτάνουσιν
758 3904 1046 3973 ἐπάγουσι,
1076 3905 1158 3974 οἷς
1193 3913 1252 3963 οὐ
1293 3915 1397 3982 χρὴ
1434 3916 1733 3969 πείθεσθαι.

196 3989 351 4059 ’Λλλη
399 3991 508 4060 γὰρ
564 3991 865 4063 ὴὲνταῦθα
919 3997 1232 4065 συμπάθεια
1283 4001 1420 4072 ὑπὲρ
1474 4003 1734 4073 δύναμιν·

194 4080 530 4148 συμπάθειαν
561 4081 668 4153 γάρ
703 4101 882 4154 φαμεν
926 4087 1120 4151 πένθος
1151 4092 1290 4146 κατὰ
1318 4091 1492 4164 ψυχὴν
1526 4095 1737 4164 ἐγγινό-

195 4187 366 4236 μενον,
427 4173 521 4224 καὶ
568 4173 707 4245 ὑπὲρ
758 4176 852 4230 τοῦ
898 4179 1261 4249 ἀγαπωμένου
1317 4186 1735 4256 περτιθέμενον·

192 4263 329 4315 ἔστιν
357 4265 445 4316 ὅτε
475 4265 568 4316 καὶ
604 4265 734 4336 παρ’
765 4269 944 4335 ἀξίαν.
977 4274 1200 4342 Προνοεῖ
1239 4277 1339 4347 μὲν
1384 4280 1489 4349 γάρ
1515 4297 1594 4343 τις
1647 4282 1737 4334 τοῦ

192 4355 546 4424 ἀγαπωμένου
578 4359 898 4426 συμπαθῶς,
933 4362 1075 4416 (bats
1122 4368 1281 4420 αὑτὸν
1333 4372 1468 4438 μήτε
1515 4372 1737 4436 ἀδικεῖν,

1911 3823 2024 3878 lloc
2052 3825 2205 3878 multi
2235 3823 2462 3890 decepti,
2489 3834 2690 3875 ten-ere
2715 3822 3240 3875 eotnmiscratiouem
3271 3838 3393 3888 erga

1838 3916 2214 3985 delinquentes
2258 3914 2613 3967 adhibendam
2674 3924 2903 3981 putant;
2959 3913 3048 3981 qui
3103 3929 3208 3965 non
3271 3927 3395 3967 sunt

1839 4006 2107 4060 audiendi.
2147 4005 2302 4059 Aliud
2355 4007 2497 4058 enim
2553 4005 2638 4059 hic
2692 4022 2858 4074 genus
2904 4006 3393 4060 eimnuiseratiouis

1838 4114 1958 4166 qua:
1987 4099 2128 4152 vires
2160 4107 2377 4167 superat
2405 4099 2827 4173 intelligendum.
2858 4100 3392 4152 (linnmism'ationem

1838 4192 1981 4245 enim
2004 4191 2235 4246 dicimus
2264 4192 2460 4246 luctum
2495 4193 2688 4245 aninne
2720 4192 2963 4253 insitum,
2998 4203 3048 4246 et
3082 4209 3178 4260 pro
3203 4192 3393 4243 dilecto

1838 4286 2171 4350 expositum,
2224 4285 2384 4338 etiam
2433 4285 2754 4352 quandoque
2802 4293 2995 4352 praeter
3047 4284 3296 4335 meritum
3339 4294 3393 4333 et

1839 4376 2174 4442 dignitatern.
2208 4375 2474 4444 I’rospicit
2513 4373 2744 4446 [cavet]
2777 4377 2916 4429 enim
2974 4373 3242 4441 quispiam
3319 4375 3390 4425 illi

195 4446 322 4512 μήτε
378 4446 712 4500 ἀδικεῖσθαι’
765 4451 794 4502 ὁ
830 4450 886 4504 δὲ
928 4454 1217 4522 ήδυπαθῶν
1250 4460 1586 4530 ἁμαρτάνει,
1647 4468 1735 4517 καὶ

1840 4484 1998 4536 quem
2037 4479 2182 4522 amat
2208 4484 2271 4522 ex
2306 4469 2497 4523 affectu
2516 4509 2530 4530 ,
2569 4477 2625 4519 ιιι
2651 4468 2826 4534 ipsum
2857 4467 2945 4531 qui
2978 4476 3163 4532 perrat
3183 4507 3195 4524 ,
3221 4481 3393 4532 neque

192 4536 448 4591 ἀδικεῖται
501 4541 836 4610 ἁσυμπαθῶς
858 4560 872 4572 ’
910 4545 1049 4615 ὑπὲρ
1094 4547 1320 4618 δύναμιν
1351 4552 1428 4613 δὲ,
1464 4555 1523 4606 τὸ
1549 4573 1736 4625 προτι-

193 4625 332 4680 θέναι
378 4632 480 4700 τὴν
523 4632 656 4685 ἰδίαν
689 4633 864 4706 ψυχὴν
916 4637 1052 4707 ὑπὲρ
1121 4643 1392 4710 σωτηρίαν
1437 4647 1527 4697 τοῦ
1583 4649 1735 4715 φίλου

193 4719 369 4780 αὑτοῦ,
399 4722 522 4792 οὐχὶ
551 4723 605 4775 δὲ
631 4725 764 4794 πρὸς
803 4726 1075 4780 ἀπώλειαν
1099 4745 1112 4758 ·
1148 4730 1244 4781 οὐκ
1275 4731 1388 4784 ἐδτι
1424 4735 1529 4804 γὰρ
1566 4739 1735 4808 ἁμαρ-

195 4807 430 4874 τήδλντα
477 4813 576 4881 τὴν
619 4814 892 4884 ἁμαρτίαν
929 4814 1235 4886 διαδρᾶναι,
1266 4820 1313 4870 εἰ
1349 4821 1424 4890 μὴ
1456 4822 1541 4875 διὰ
1577 4807 1736 4892 μετά,

198 4903 333 4960 voia;
362 4905 748 4974 προσηκούσης
779 4905 854 4975 τῷ
885 4907 1180 4976 σφάλματι.
1429 4917 1432 4926 “

446 5089 700 5154 Σχόλιον
735 5088 1030 5153 Θεοδώρου
1069 5089 1357 5154 Ἐδέσσης
1382 5092 1468 5153 β’.

261 5171 489 5242 Μακρὰν
515 5177 620 5228 ἀπὸ
643 5175 735 5228 σοῦ
755 5177 815 5228 τὸ
839 5177 1173 5248 πολύρρητον
1193 5179 1460 5232 ἁποδίωκε
1482 5184 1696 5254 πνεῦμα
1718 5205 1731 5217 ·

200 5261 251 5310 ὲν
277 5265 420 5334 αὐτῷ
437 5267 542 5336 γὰρ
563 5267 834 5335 ἔγκεινται
863 5271 1038 5323 πάντα
1057 5269 1126 5322 τὰ
1144 5270 1290 5322 δεινὰ
1318 5271 1485 5340 πάθη·
1515 5274 1662 5327 ἔνθεν
1679 5279 1738 5332 τὸ

202 5351 398 5418 ψεῦδος,
421 5359 629 5412 ἐκεῖθεν
651 5364 685 5430 ἡ
720 5363 998 5432 παρρησία
1017 5379 1032 5394 ο
1067 5362 1283 5416 ἄλλοθεν
1323 5364 1356 5432 ή
1385 5364 1732 5432 εὐτραπελία,

203 5437 227 5486 ὁ
253 5439 414 5502 γέλως
462 5445 802 5517 ὲτέρωθεν,ἡ
836 5450 1151 5513 καταλαλία,
1195 5453 1227 5520 ὴ
1269 5451 1520 5521 λοιδορία,
1553 5457 1584 5523 ὴ
1618 5460 1734 5510 αίσ.

205 5526 408 5594 γρότης,
448 5529 482 5597 ἡ
540 5535 868 5604 μωρολογία,
913 5539 1006 5592 καὶ
1061 5539 1383 5602 συνελόντως
1440 5543 1626 5609 φάναι,
1677 5549 1736 5600 τὸ

207 5617 494 5688 εἰρημένον,
532 5625 657 5678 Ὅτι
703 5630 770 5683 ἐκ
817 5634 1182 5702 πολυλογίας
1238 5635 1342 5687 οὐκ
1392 5635 1736 5703 ἐκὲεὐξετιιι

274 5795 482 5852 "'Psal.
511 5814 580 5864 e1,
615 5800 645 5856 5

1845 4559 2002 4613 laedat
2025 4598 2040 4620 ,
2075 4575 2247 4627 neque
2283 4559 2526 4611 lmdatur.
2561 4556 2663 4608 Sed
2698 4558 2788 4622 qui
2822 4557 3184 4624 voluptatibus
3220 4559 3391 4610 indul-

1820 4666 1973 4719 gens
2017 4658 2240 4719 peccat,
2289 4649 2404 4703 siue
2447 4648 2917 4702 commiseratione
2948 4649 3179 4703 ircditur.
3220 4651 3390 4718 Supra

1842 4745 1982 4796 vires
2009 4752 2182 4795 autem
2218 4744 2478 4796 humanas
2510 4751 2681 4803 amat,
2717 4742 2807 4810 qui
2844 4744 3082 4796 animam
3115 4755 3390 4810 suun'po-

1843 4835 1918 4885 nit
1943 4847 2037 4900 pro
2067 4833 2236 4885 salute
2261 4832 2416 4884 amici
2439 4832 2520 4883 sui
2542 4873 2554 4891 .
2581 4850 2684 4884 non
2715 4834 2780 4885 ad
2817 4833 2956 4887 illius
2989 4836 3208 4886 exitium
3239 4852 3251 4893 ;
3289 4851 3388 4886 ne-

1842 4938 1945 4990 que
1967 4921 2105 4975 enim
2135 4922 2224 4990 qui
2247 4922 2529 4992 delinquit,
2552 4925 2807 4979 delictum
2844 4928 3054 4979 abolere
3077 4935 3267 4993 potest.
3290 4927 3389 4978 nisi

1843 5028 1933 5081 per
1976 5013 2340 5080 patuitentiam
2403 5031 2608 5080 aequam
2651 5033 2768 5084 quae
2837 5018 3029 5070 delicto
3087 5019 3387 5084 respondet.

2173 5103 2416 5157 Scholion
2453 5106 2707 5159 Theodori
2747 5107 2992 5160 Edesseni
3022 5109 3074 5160 ‘2.

1914 5193 2102 5246 Procul
2142 5196 2238 5248 abs
2285 5207 2333 5249 te
2387 5200 2582 5267 repelle
2621 5202 2865 5267 spiritum
2919 5201 3256 5268 loquacitatis
3283 5240 3295 5259 ,
3338 5199 3386 5249 iu

1845 5301 1952 5353 quo
1983 5287 2214 5340 resident
2253 5290 2433 5342 omnia
2457 5290 2653 5343 atrocia
2689 5307 2879 5360 genera
2909 5292 3154 5344 vitiorum
3207 5310 3217 5340 :
3267 5290 3385 5340 hinc

1842 5377 2222 5445 mendacium,
2268 5380 2389 5434 inde
2434 5383 2598 5436 nimia
2646 5384 2860 5436 licentia
2890 5425 2904 5446 ,
2938 5385 3152 5437 aliunde
3191 5380 3381 5432 scurri-

1843 5467 1990 5528 litas,
2029 5468 2275 5537 utrinque
2318 5474 2488 5529 risus.
2520 5471 2872 5536 obtrectatio,
2917 5474 3246 5529 convicium,
3272 5476 3381 5518 :ur-

1844 5555 2162 5622 piloquimn,
2209 5560 2599 5628 stultiloquium
2627 5601 2641 5623 ,
2673 5572 2724 5614 et
2755 5573 2810 5614 ut
2840 5579 2944 5616 uno
2979 5561 3136 5614 verbo
3157 5559 3378 5621 coml’li“

1849 5653 1961 5698 t'tar
2020 5649 2160 5716 quod
2216 5652 2414 5706 dictum
2466 5663 2542 5707 est
2587 5673 2595 5704 :
2642 5655 2898 5717 Quoniam
2947 5668 3005 5705 ea
3059 5651 3384 5716 multiloquiu
