4050 6338
594 279 692 344 819

1823 286 1879 346 S.
1911 288 2223 349 JOANNIS
2268 292 2564 352 CLIMACI

3698 263 3829 358 δείλ’

592 414 695 451 non
721 396 994 466 e/Iugielur
1017 407 1280 462 peccatum
1317 396 1360 426 ’⁵
1407 396 1501 465 [in
1540 397 1865 468 multiloquio
1903 416 2006 453 non
2053 402 2147 455 dc-

2274 406 2522 474 ἱμαρτία.
2561 407 2724 478 Ἀνὴρ
2780 407 2838 458 δὲ
2899 407 3200 476 σιωπηλὸς,
3245 407 3430 477 θρόνος
3470 408 3809 480 αἰσθησεως,

594 484 692 538 eiit
709 485 1017 556 peccatum]
1050 506 1068 536 ο
1098 483 1187 537 Vir
1214 485 1509 540 taciturnus
1527 496 1608 540 est
1637 487 1789 542 sedes
1817 504 2005 544 sensus
2033 491 2146 545 sive

2274 499 2389 552 ὶλλά
2413 498 2510 552 καὶ
2535 498 2689 568 λόγον
2717 498 2916 554 διδόναι
2955 499 3080 567 περὶ
3111 499 3306 562 παντὸς
3333 498 3504 568 ἀργοῦ
3553 501 3767 571 ῥήματι
3785 520 3812 562 ς

595 575 907 644 sapientiae;
933 576 1064 645 quin
1110 585 1162 630 et
1197 576 1264 630 de
1309 577 1458 630 omni
1485 577 1659 633 otioso
1691 579 1850 634 verbo
1884 595 1984 635 nos
2030 581 2148 636 red-

595 664 803 718 dituros
831 665 1090 718 rationem
1124 663 1388 718 Dominus
1414 663 1700 720 aﬂlrmavit
1729 669 1796 722 ".

1171 753 1486 826 Synclelica:
1513 758 1568 811 3.

667 843 771 900 Ter
800 845 854 899 in
880 845 1043 899 vitam
1067 847 1278 900 edimur
1301 864 1316 900 :
1347 848 1582 916 primum
1603 862 1670 901 ex
1702 858 1852 905 utero
1873 891 1888 914 ,
1929 851 2064 904 alter
2091 859 2146 905 et

2249 591 2277 643 ὀ
2307 589 2508 660 Κύριος
2533 589 2747 662 ἔφησεν.

2639 767 2892 835 Σχόλιον
2911 766 3320 835 συγκλητικῆς
3343 765 3411 836 τ’.

2321 859 2515 928 Τρίτον
2543 858 2618 929 τῷ
2653 858 2751 928 βίῳ
2792 840 3122 926 σιἰκτόμεθα⁹
3155 850 3231 912 ὧν
3263 861 3296 929 ἡ
3323 857 3421 928 μὲν
3460 873 3557 927 μια
3587 858 3739 910 ἐστὶν
3767 859 3807 928 ἡ

600 938 792 990 tertius
842 937 1034 990 natalis
1075 953 1175 991 nos
1217 952 1249 993 ο
1297 947 1440 991 terra
1489 939 1544 991 in
1595 940 1789 994 coelum
1834 942 2150 1007 deducunt;

601 1025 816 1099 divinus
841 1025 1163 1094 baptismus,
1192 1041 1351 1095 quem
1381 1037 1435 1080 et
1467 1027 1694 1081 alterum
1730 1029 1783 1082 in
1813 1031 1978 1084 vitam
2010 1030 2153 1083 redi-

2252 953 2316 1003 ὲκ
2345 950 2577 1019 γαστρός
2595 965 2610 980 ·
2632 952 2686 1003 αἱ
2709 947 2767 1002 δὲ
2797 948 2979 1000 λοιπαὶ
3005 946 3118 1010 δύο,
3151 947 3215 998 ὲκ
3231 947 3334 1016 γῆς
3362 947 3507 1015 ἡμᾶς
3528 946 3609 1008 είς
3636 945 3808 1013 οὐρα-

2254 1041 2342 1092 νὸν
2365 1039 2656 1111 ἀνάγουσιν
2673 1055 2686 1069 ·
2721 1037 2862 1108 ήδιά
2895 1035 2986 1089 τοῦ
3013 1035 3155 1088 θείου
3187 1035 3574 1105 βαπτίσματος,
3599 1035 3666 1104 ἣν
3705 1036 3808 1087 καὶ

603 1125 715 1168 tum
746 1117 859 1170 sive
891 1115 1300 1184 παλιγγενεσίαν
1333 1118 1663 1186 appellamus
1704 1121 1856 1188 quasi
1883 1163 1898 1186 ,
1929 1123 2150 1175 alteram

2274 1129 2672 1197 ταλιγγενεσίαν
2690 1128 2981 1198 καλοῦμεν,
3011 1127 3106 1181 καὶ
3124 1128 3160 1195 ἠ
3181 1127 3245 1178 ὲκ
3281 1127 3588 1196 μετανοίας.

601 1207 977 1284 nativitatem,
1019 1220 1072 1262 et
1119 1209 1328 1262 tertiam
1380 1225 1501 1278 quae
1545 1225 1611 1264 ex
1659 1213 1969 1280 ptenitentia
2007 1214 2150 1266 exsi-

606 1297 717 1349 stit.

1115 1384 1300 1440 Sancti
1329 1385 1556 1442 Maximi
1589 1388 1643 1441 4.

2540 1391 2796 1458 Σχόλιον
2823 1388 2932 1442 τοῦ
2955 1388 3125 1457 ἁγίου
3146 1385 3418 1454 Μαξίμου
3439 1383 3530 1451 ὀπί
3576 1434 3579 1435 ,

675 1477 856 1530 Animi
883 1478 1174 1533 submissio
1199 1488 1282 1533 est
1311 1479 1525 1535 assidua
1543 1483 1716 1536 oratio
1752 1499 1874 1536 cum
1903 1483 2156 1553 lacrymis

2325 1481 2801 1550 Ταπεινοφροσύνη
2850 1481 3001 1534 ἐστὶν
3057 1478 3332 1549 προσευχὴ
3382 1474 3613 1544 συνεχὴς
3665 1474 3811 1542 μετὰ

609 1576 663 1620 et
696 1569 1076 1623 exercitatione
1103 1568 1322 1635 laboris;
1344 1583 1451 1639 qua
1488 1570 1616 1625 dum
1655 1573 1820 1626 Deum
1849 1588 2062 1642 semper
2099 1574 2153 1628 in

2274 1571 2528 1642 ῑακρύων,
2566 1572 2660 1625 καὶ
2710 1573 2907 1624 πόνου·
2949 1569 3088 1640 αὕτη
3126 1569 3235 1639 γὰρ
3273 1568 3367 1621 τὸν
3410 1566 3541 1654 θεὸν
3588 1566 3675 1619 ἀεὶ
3726 1567 3812 1626 εις

611 1659 870 1726 auxilium
921 1669 1073 1713 vocat
1115 1675 1222 1714 non
1265 1660 1394 1715 sinit
1446 1662 1813 1732 imprudenter
1831 1679 2154 1734 quemquam

2274 1663 2511 1732 Ξοήθειαν
2555 1662 2977 1731 ἐπικαλουμένη,
3020 1663 3101 1722 εἰς
3123 1661 3222 1730 τὴν
3253 1657 3388 1711 ίδίαν
3427 1657 3673 1726 δύναμιν,
3712 1658 3812 1729 καὶ

610 1766 708 1804 sua
738 1752 906 1820 ipsius
936 1751 1130 1805 virtute
1159 1761 1212 1805 et
1239 1752 1500 1820 sapientia
1529 1730 1637 1807 initi
1663 1793 1680 1816 .
1722 1730 1932 1825 sibique
1988 1730 2161 1826 praeti-

2274 1730 2452 1820 xo'piav
2472 1767 2486 1779 ·
2532 1750 2780 1820 ἀφρόνως
2803 1730 3023 1820 θαρρεῖν
3050 1749 3149 1801 οὒκ
3193 1749 3281 1818 ἐᾷ,
3309 1745 3430 1799 οὐδὲ
3461 1746 3636 1800 ἄλλων
3673 1761 3813 1797 κατ-

609 1842 756 1898 dere.
790 1841 995 1897 Virtute
1023 1851 1076 1896 et
1096 1843 1355 1912 sapientia
1382 1857 1490 1897 non
1521 1860 1641 1913 quae
1669 1855 1796 1899 sunt
1825 1847 2006 1915 gravia
2033 1849 2160 1901 vitia

613 1930 886 2001 superbiae
912 1933 1102 1987 morbo
1128 1934 1447 1989 laborantis.

807 2002 816 2013 ’
1208 2024 1362 2094 135
1374 2025 1552 2079 Aliud.

684 2110 882 2166 Luctus
903 2119 988 2167 est
1010 2127 1203 2168 sensus
1234 2113 1458 2168 acerbus
1495 2130 1560 2168 ex
1589 2131 1768 2170 rerum
1808 2117 2162 2186 jucundarum

617 2202 910 2271 privatione
937 2212 1114 2258 natus.

1148 2293 1338 2347 Basilii
1370 2294 1549 2366 Magni
1584 2297 1635 2350 5.

684 2386 738 2441 In
780 2388 948 2442 risum
995 2386 1340 2444 immodicum
1403 2399 1457 2443 et
1505 2389 1733 2446 effusum
1771 2406 2050 2462 erumpere
2087 2405 2169 2448 est

613 2476 1034 2550 intemperantia
1054 2466 1286 2547 signum,
1339 2488 1394 2533 et
1435 2480 1554 2548 ejus
1591 2481 1682 2549 qui
1738 2482 1970 2536 nondum
2004 2485 2168 2537 animi

617 2565 702 2619 sui
741 2574 1008 2622 tumorem
1045 2581 1142 2622 seu
1193 2569 1496 2636 superbiam
1547 2584 1732 2626 severa
1773 2573 1981 2627 ratione
2023 2588 2172 2627 com—

623 2655 881 2722 presserit
911 2673 924 2708 :
959 2656 1122 2709 animi
1151 2664 1325 2711 tamen
1350 2658 1456 2712 laeti
1481 2658 1819 2722 diﬂ'usionem
1858 2662 2068 2716 modico
2095 2664 2174 2717 le-

615 2745 780 2814 nique
793 2744 903 2800 risu
917 2745 1184 2800 declarare
1211 2761 1318 2800 non
1345 2748 1582 2810 dedecet,
1612 2759 1878 2818 quatenus
1892 2751 2015 2807 illud
2031 2753 2172 2820 quod

618 2836 876 2906 scriptum
917 2845 1023 2898 est,
1074 2838 1384 2897 ostendatur
1425 2856 1439 2892 :
1475 2837 1578 2893 Cor
1627 2841 1856 2910 gaudens
1911 2844 2173 2898 eahilarat

617 2926 882 2994 faciem".
926 2925 978 2978 In
1015 2937 1228 2997 apertos
1265 2938 1444 2984 autem
1486 2940 1538 2987 et
1583 2932 1843 2988 immanes
1883 2935 2175 2992 cachinnos

2260 1839 2601 1910 επαίρεσθαι,
2631 1839 2786 1892 ἅτινά
2831 1840 2945 1890 ἐστι
2997 1835 3205 1906 χαλεπά
3248 1836 3523 1905 νοσήματα
3569 1833 3664 1888 τοῦ
3706 1833 3813 1901 τῆς

2263 1935 2638 2008 ὑπερηφανίας
2660 1932 2888 1995 πάθους.

2933 2025 3130 2077 Ἄλλο.

2333 2119 2535 2180 Πένθος
2565 2118 2711 2169 ἐστὶν
2752 2114 3002 2185 αἴσθησίς
3039 2130 3122 2177 τις
3153 2092 3392 2182 ἁλγεινὴ,
3422 2109 3522 2181 τῆς
3561 2108 3671 2162 τῶν
3717 2109 3812 2162 εὐ-

2266 2209 2594 2281 φραινόντων
2617 2207 2939 2278 στερήσεως.

2472 2299 2732 2366 Σχόλιον
2763 2296 2870 2349 τοῦ
2892 2293 3156 2363 μεγάλου
3177 2292 3498 2346 Βασιλείου
3529 2289 3596 2344 ε’.

2335 2389 2410 2441 Τδ
2436 2388 2630 2456 γέλωτι
2673 2388 2900 2454 ἀκρατεῖ
2936 2385 3231 2454 κεχρῆσθαι
3261 2383 3352 2435 καὶ
3382 2380 3617 2451 ἀσχὲτῳ,
3641 2381 3818 2451 ἀκρα-

2271 2482 2387 2543 σίας
2426 2479 2670 2550 σημεῖον,
2692 2478 2786 2530 καὶ
2809 2475 2902 2529 τοῦ
2931 2477 3094 2546 μήπω
3120 2474 3334 2546 ἀκριϐεῖ
3357 2474 3498 2544 λόγῳ
3517 2473 3617 2542 τῆς
3635 2470 3818 2540 ψυχῆς

2271 2571 2334 2623 τὸ
2369 2569 2565 2638 χαῦνον
2608 2565 3051 2631 καταπιέζεσθαι.
3097 2567 3258 2636 ’Δχρι
3301 2559 3409 2634 γὰρ
3445 2564 3818 2634 μειδιάματος,

2273 2659 2500 2730 φαιδροῦ
2554 2659 2653 2729 τῆς
2689 2658 2864 2727 ψυχῆς
2916 2657 3014 2726 τὴν
3069 2655 3310 2726 διάχυσιν
3359 2655 3674 2722 ὑποφαίνειν
3715 2654 3822 2708 οὐκ

2273 2751 2538 2823 ἀπρεπὲς,
2571 2752 2693 2803 ὅσον
2737 2749 2903 2814 δεῖξαι
2941 2748 3097 2818 μόνον
3139 2749 3197 2800 τὸ
3229 2747 3639 2817 γεγραμμένον·
3678 2763 3821 2813 καρ-

2272 2844 2388 2906 δίας
2415 2841 2846 2914 εὐφραινομένης
2887 2840 3175 2909 πρόσωπον
3214 2837 3426 2890 θάλλειο
3475 2835 3821 2905 ἐγκατασχά-

2273 2936 2386 3001 ζειν
2415 2935 2474 2987 δὲ
2506 2936 2570 3003 τῇ
2606 2934 2777 3003 φωνῇ,
2811 2933 2904 2984 καὶ
2932 2928 3325 2999 ἀναὸρὰζεσθαι
3344 2927 3404 2980 τδ
3425 2927 3602 2996 σῶμα,
3635 2927 3696 2979 οὐ
3726 2924 3825 2978 τοῦ

612 3031 746 3074 voce
776 3031 1129 3087 prorumpere
1153 3028 1206 3072 et
1232 3033 1456 3089 corpore
1477 3023 1690 3076 concuti
1720 3033 1814 3076 aut
1847 3025 2170 3094 subsultare,

2275 3024 2703 3093 κατεσταλμένου
2729 3023 2826 3091 τὴν
2851 3017 3173 3090 ψυχὴν,οὑδὲ
3192 3017 3288 3071 τοῦ
3305 3017 3651 3088 περικρατῶς
3673 3015 3826 3086 ἔχον-

616 3124 724 3161 non
755 3116 838 3162 est
868 3109 985 3177 ejus
1021 3108 1114 3178 qui
1144 3109 1324 3167 animo
1364 3111 1500 3166 bene
1532 3117 1830 3183 composito
1866 3115 1956 3177 sit,
1983 3124 2176 3186 etpro-

620 3200 706 3262 bo,
727 3207 779 3252 et
803 3199 895 3267 qui
917 3213 975 3254 se
995 3200 1169 3268 ipsum
1200 3202 1253 3254 in
1282 3211 1542 3270 potestate
1587 3205 1797 3259 habeat.
1873 3205 2045 3271 Quam
2079 3223 2178 3261 no-

619 3299 787 3351 stram
809 3289 1124 3346 sententiam
1157 3291 1440 3348 conﬁrmat
1475 3293 1905 3362 sapientissimus
1925 3297 2176 3353 Salomon

617 3377 831 3445 quando
867 3376 941 3430 ait
976 3395 991 3431 :
1026 3375 1235 3433 Fatuus
1264 3381 1318 3432 iu
1376 3382 1487 3434 risu
1515 3383 1718 3436 (καίτοι
1755 3400 1928 3439 vocem
1970 3403 2120 3440 suam
2148 3406 2168 3453 ;

622 3468 703 3521 vir
730 3479 901 3520 autem
931 3467 1134 3537 sapiens
1158 3469 1243 3539 vix
1265 3469 1415 3522 tacite
1435 3469 1719 3523 subridebit
1730 3471 1798 3524 ".

614 3565 617 3567 '
1258 3556 1505 3632 Scholion
1529 3560 1580 3613 6.

690 3635 912 3700 Habitus
941 3645 1054 3699 sive
1077 3645 1212 3700 situs
1242 3647 1508 3715 precantis
1535 3656 1619 3702 est
1644 3640 1840 3724 attenta
1868 3665 2018 3705 mens
2058 3667 2178 3706 cum

621 3736 916 3790 reverentia
949 3744 1003 3789 et
1031 3736 1441 3804 eompunctione
1461 3747 1515 3792 et
1554 3739 1737 3793 dolore
1765 3741 1949 3806 animi,
1981 3741 2032 3796 in
2059 3758 2180 3797 con-

623 3822 864 3879 t'essione
887 3835 1227 3892 peccatorum
1249 3842 1373 3882 cum
1399 3829 1578 3884 tacitis
1624 3831 1925 3899 gemitibus.

1316 3915 1497 3970 Aliud.

693 4000 914 4056 Vinctus
940 4017 1155 4079 currere
1202 4018 1308 4057 non
1336 4014 1531 4072 potest,
1565 4023 1738 4076 neque
1765 4023 1919 4062 mens
1951 4010 2183 4066 obnoxia

622 4090 776 4144 malis
806 4077 1086 4147 aﬂectibusﬂ
1115 4089 1292 4143 videre
1318 4091 1610 4158 spiritualis
1650 4095 2181 4167 precationislocum;

625 4179 854 4234 trahitur
882 4180 1022 4234 enim
1042 4189 1094 4232 et
1114 4178 1492 4234 circumfertur
1535 4182 1948 4251 cogitationibus
1972 4193 2185 4251 pertur-

631 4267 923 4334 bationum,
959 4279 1013 4326 et
1045 4285 1309 4341 nusquam
1344 4271 1524 4340 quieta
1561 4280 1665 4326 est.

1019 4349 1025 4357 ’
1211 4361 1265 4414 ,11
1271 4364 1382 4415 arci
1411 4362 1578 4415 aliud.

698 4441 884 4500 Oratio
939 4458 1022 4502 est
1090 4452 1354 4507 abdicatio
1425 4454 1809 4524 cogitationum
1863 4453 2178 4523 (alienarum

630 4536 700 4590 ab
725 4538 1006 4604 oratione).
1394 4532 1408 4538 ’

1250 4631 1490 4688 Scholion
1522 4636 1573 4687 7.

699 4711 806 4769 Cor
867 4715 1224 4785 voluptatibus
1288 4723 1535 4779 delectari
1583 4726 1823 4788 solitum,
1869 4735 1950 4779 est
1994 4725 2186 4777 anima:

631 4817 816 4858 carcer
834 4813 887 4857 et
907 4814 1093 4859 catena
1122 4815 1354 4876 tempore
1376 4813 1550 4867 exitus
1574 4816 1685 4869 sive
1709 4816 1927 4870 mortis:
1951 4815 2186 4868 deditum

633 4894 905 4952 laboribus
925 4896 1095 4963 janua
1119 4908 1298 4966 aperta
1327 4901 1416 4968 (ad
1449 4905 1689 4970 coelum).
1774 4929 1776 4931 >

1329 4985 1506 5040 Aliud.

709 5078 788 5133 Ex
859 5082 1383 5149 amorevoluptatis
1434 5083 1672 5136 nascitur
1728 5088 2070 5156 negligentia.
2123 5103 2189 5140 ex

635 5171 958 5243 negligentia
974 5172 1198 5235 oblivio,
1216 5189 1391 5248 rerum
1417 5175 1560 5227 enim
1592 5177 1799 5230 utilium
1827 5180 2185 5248 cognitionem

640 5262 778 5315 Deus
804 5261 1057 5316 omnibus
1091 5247 1399 5329 impertivit.

773 5399 776 5402 .
1109 5348 1266 5401 Aliud
1289 5351 1457 5402 sancti
1489 5350 1730 5405 Maximi.

704 5437 808 5505 Qui
837 5441 1135 5510 voluptates
1202 5451 1464 5508 spernunt
1506 5443 1574 5495 ob
1624 5444 1865 5496 timorem
1904 5446 1954 5500 id
1982 5445 2186 5500 iaciunt

2278 3133 2367 3178 τος
2383 3113 2545 3169 αὐτοῦ
2562 3131 2578 3146 ο
2608 3113 2814 3183 βεϐαιοῖ
2830 3112 2886 3164 δὲ
2902 3111 2992 3163 τὸν
3009 3109 3164 3176 λόγον
3189 3110 3218 3162 ὁ
3239 3105 3542 3177 σοφώτατος
3562 3103 3825 3176 Σολομὼν

2280 3207 2485 3272 φήσας·
2517 3200 2723 3268 Μωρὸς
2745 3200 2814 3252 ἐν
2833 3197 3040 3267 γέλωτι
3067 3194 3294 3263 ἀνυψοῖ
3329 3193 3442 3261 τὴν
3472 3195 3680 3262 φωνὴν
3711 3196 3824 3248 σύ-

2281 3293 2386 3346 τοῦ
2407 3309 2422 3324 ⁶
2451 3291 2606 3359 ἀνὴρ
2637 3290 2705 3342 δὲ
2729 3287 2920 3357 σοφὸς
2945 3289 3123 3356 μόλις
3148 3283 3355 3356 ἡσυχῆ
3380 3283 3692 3354 μειδιάσει-

2780 3554 2793 3566 ‘
2869 3554 3121 3624 Σχόλιον
3160 3552 3235 3619 ς’.
3441 3603 3466 3625 ,

2352 3644 2522 3709 Ἦθός
2573 3647 2688 3697 ἐστι
2735 3645 3058 3715 προσευχῆς,
3095 3641 3309 3696 σύννοιά
3356 3641 3476 3712 μετ’
3519 3638 3828 3705 εὐλαϐείας,

2284 3737 2376 3790 καὶ
2404 3734 2762 3799 κατανύξεως,
2791 3727 2884 3786 καὶ
2911 3732 3102 3803 ὀδύνης
3135 3731 3330 3802 ψυχῆς,
3378 3731 3436 3785 ὲν
3477 3727 3828 3801 ἐξαγορεύσει

2284 3828 2636 3898 πταισμάτων
2663 3826 2797 3896 μετά
2821 3822 3139 3893 στεναγμῶν
3158 3821 3407 3893 ἀφώνων.

2956 3917 3154 3970 Ἄλλο.

2355 4008 2430 4059 Οὐ
2456 4006 2676 4059 δύναται
2714 4005 2989 4071 δεδεμένος
3017 4004 3264 4073 δραμεῖν,
3289 4002 3409 4056 οὐδὲ
3449 3999 3573 4064 νοῦς
3601 3999 3834 4053 πάθεσιν

2276 4096 2545 4166 ’δουλεύων
2571 4095 2874 4165 προσευχῆς
2899 4093 3269 4163 πνευματικῆς
3294 4093 3454 4147 τόπον
3489 4091 3616 4145 ίδεῖν
3635 4106 3652 4119 ·
3679 4089 3834 4143 ἕλκε-

2288 4181 2378 4240 ται
2403 4185 2512 4254 γὰρ
2534 4188 2626 4238 icui.
2654 4185 3004 4256 περιφέρεται
3034 4185 3096 4238 ὲκ
3120 4183 3215 4237 τοῦ
3235 4183 3514 4256 ἑμπαθοῦς
3537 4181 3834 4252 νοήματος,

2291 4279 2382 4330 καὶ
2403 4278 2498 4345 οὐχ
2517 4276 2728 4329 ἵσταται
2764 4275 3000 4339 ἀκλονος.
3493 4293 3500 4298 ·

2810 4369 2998 4423 Ἀλλο
3025 4368 3283 4436 Μάρκου.

2351 4461 2627 4533 Προσευχή
2653 4460 2800 4512 ἐστιν
2830 4458 3086 4522 ἀπόθεσις
3109 4458 3396 4527 νοήματος.

2869 4637 2916 4687 Σ
2919 4633 3128 4701 χόλιον
3175 4627 3238 4688 ζ’.

2353 4725 2634 4796 Φιλήδονος
2670 4724 2882 4794 καρδία,
2915 4719 3102 4789 εἱρκτὴ
3139 4720 3232 4771 καὶ
3264 4718 3448 4782 ἅλυσις
3485 4721 3551 4787 τῇ
3593 4717 3734 4788 ψυχῇ
3769 4721 3825 4772 ὲν

2285 4815 2456 4886 καιρῷ
2503 4813 2680 4878 ἐξόδου
2703 4833 2716 4844 ·
2761 4816 2794 4884 ἡ
2834 4812 2890 4865 δὲ
2927 4809 3229 4880 φιλόπονος,
3263 4807 3400 4879 θύρα
3430 4807 3580 4862 ἐστὶν
3617 4809 3822 4879 ἠνεῳγ-

2287 4903 2416 4972 μένη
2427 4942 2438 4954 .
3343 4919 3346 4922 ’

2448 5042 2449 5045 η
2961 4990 3156 5042 Ἄλλο.

2368 5085 2499 5138 Ἀπὸ
2524 5083 2831 5154 φιληδονίας
2858 5079 3100 5148 ἀμέλεια,
3138 5077 3234 5136 καὶ
3274 5076 3382 5130 ἀπὸ
3409 5077 3669 5146 ἀμελείας
3695 5079 3822 5150 λήθη

2287 5174 2666 5242 προσγίνεταιο
2695 5173 2805 5224 τῶν
2850 5167 3229 5238 συμφερόντων
3260 5166 3365 5237 γὰρ
3407 5165 3505 5238 τὴν
3556 5169 3753 5238 γνῶσιν
3797 5169 3826 5221 ὁ

2286 5260 2414 5324 Θεὸς
2436 5267 2567 5316 πᾶσι
2604 5261 2919 5333 δεδώρηται.
3804 5263 3806 5265 ’

2811 5351 2990 5404 Ἄλλο
3015 5348 3303 5416 Μαξίμου.
3835 5401 3842 5409 .

2364 5441 2426 5495 Oi
2452 5445 2559 5496 τῶν
2581 5443 2782 5512 ἡδονῶν
2817 5437 3295 5510 καταφρονοῦντες,
3321 5438 3354 5510 ἢ
3384 5439 3532 5510 φόὸῳ
3561 5455 3821 5512 καταφριο

640 5539 732 5584 aut
759 5545 926 5597 spem,
943 5541 1036 5585 aut
1061 5530 1439 5603 cognitionem,
1463 5541 1556 5586 aut
1571 5547 1809 5607 amorem
1833 5549 1956 5603 erga
1982 5535 2170 5592 Deum.

2278 5531 2446 5597 νοῦσι,
2479 5536 2512 5606 ἢ
2550 5534 2741 5597 ἑλπίδι,
2773 5534 2807 5604 ἢ
2829 5530 3044 5598 γνώσει,
3070 5531 3101 5601 ἢ
3131 5527 3194 5602 τῇ
3226 5532 3302 5596 εἰς
3327 5530 3459 5588 Θεὸν
3486 5532 3692 5604 ἀγάπῃ.

717 5662 1009 5738 "Prona,
1035 5668 1120 5728 19.
1193 5669 1238 5702 ³⁵
1265 5666 1450 5724 Matth.
1485 5683 1581 5734 xu,
1613 5667 1700 5722 36.
1774 5669 1820 5702 ³⁷
1838 5669 1993 5726 Prov.
2032 5688 2117 5742 xv,
2153 5671 2236 5725 15.
2311 5670 2539 5728 "Eccli.
2573 5687 2684 5739 xu,
2709 5669 2799 5726 9.5.
