  <div class='ocr_page' id='page_1' title='image "/cluster/home/n/w/nwhite01/storage/ocr_20150623/88/pst.000005712946/434.png"; bbox 0 0 4050 6338; ppageno 0'>
   <div class='ocr_carea' id='block_1_1' title="bbox 223 461 335 526">
    <p class='ocr_par' dir='ltr' id='par_1_1' title="bbox 223 461 335 526">
     <span class='ocr_line' id='line_1_1' title="bbox 223 461 335 526; baseline -0.018 1"><span class='ocrx_word' id='word_1_1' title='bbox 223 461 335 526; x_wconf 76' lang='lat'><strong>825</strong></span> 
     </span>
    </p>
   </div>
   <div class='ocr_carea' id='block_1_2' title="bbox 1241 413 2469 518">
    <p class='ocr_par' dir='ltr' id='par_1_2' title="bbox 1241 413 2469 518">
     <span class='ocr_line' id='line_1_2' title="bbox 1241 413 2469 518; baseline -0.004 -2"><span class='ocrx_word' id='word_1_2' title='bbox 1241 424 1470 518; x_wconf 72' lang='lat' dir='ltr'><strong>SCALA</strong></span> <span class='ocrx_word' id='word_1_3' title='bbox 1501 452 1874 517; x_wconf 60' lang='lat' dir='ltr'><strong>mnamsr.</strong></span> <span class='ocrx_word' id='word_1_4' title='bbox 1905 477 1975 490; x_wconf 91' lang='lat'><strong>—</strong></span> <span class='ocrx_word' id='word_1_5' title='bbox 2011 452 2314 514; x_wconf 82' lang='lat' dir='ltr'><strong>GRADUS</strong></span> <span class='ocrx_word' id='word_1_6' title='bbox 2338 413 2469 513; x_wconf 69' lang='lat' dir='ltr'><strong>v11.</strong></span> 
     </span>
    </p>
   </div>
   <div class='ocr_carea' id='block_1_3' title="bbox 3337 441 3450 505">
    <p class='ocr_par' dir='ltr' id='par_1_3' title="bbox 3337 441 3450 505">
     <span class='ocr_line' id='line_1_3' title="bbox 3337 441 3450 505; baseline -0.018 1"><span class='ocrx_word' id='word_1_7' title='bbox 3337 441 3450 505; x_wconf 75' lang='lat'><strong>826</strong></span> 
     </span>
    </p>
   </div>
   <div class='ocr_carea' id='block_1_4' title="bbox 226 557 1817 649">
    <p class='ocr_par' dir='ltr' id='par_1_4' title="bbox 226 571 1817 649">
     <span class='ocr_line' id='line_1_4' title="bbox 226 571 1817 649; baseline 0 -18"><span class='ocrx_word' id='word_1_8' title='bbox 226 580 467 649; x_wconf 70' lang='grc' dir='ltr'>ἑκάστην</span> <span class='ocrx_word' id='word_1_9' title='bbox 496 575 716 648; x_wconf 76' lang='grc' dir='ltr'>ἡμέραν</span> <span class='ocrx_word' id='word_1_10' title='bbox 769 575 861 630; x_wconf 78' lang='grc' dir='ltr'>καὶ</span> <span class='ocrx_word' id='word_1_11' title='bbox 915 572 1084 628; x_wconf 70' lang='grc' dir='ltr'>νύκτα</span> <span class='ocrx_word' id='word_1_12' title='bbox 1115 571 1212 626; x_wconf 90' lang='grc' dir='ltr'><strong>τοῦ</strong></span> <span class='ocrx_word' id='word_1_13' title='bbox 1261 572 1472 645; x_wconf 79' lang='grc' dir='ltr'><strong>κριτοῦ,</strong></span> <span class='ocrx_word' id='word_1_14' title='bbox 1517 572 1747 641; x_wconf 78' lang='grc' dir='ltr'><strong>λέγουσα</strong></span> <span class='ocrx_word' id='word_1_15' title='bbox 1769 586 1784 603; x_wconf 83' lang='grc'>⁶</span> <span class='ocrx_word' id='word_1_16' title='bbox 1815 625 1817 631; x_wconf 40' lang='grc' dir='ltr'><strong><em>λ</em></strong></span> 
     </span>
    </p>
   </div>
   <div class='ocr_carea' id='block_1_5' title="bbox 1923 557 3445 649">
    <p class='ocr_par' dir='ltr' id='par_1_5' title="bbox 1923 557 3445 636">
     <span class='ocr_line' id='line_1_5' title="bbox 1923 557 3445 636; baseline -0.007 -12"><span class='ocrx_word' id='word_1_17' title='bbox 1923 570 2065 625; x_wconf 72' lang='grc' dir='ltr'>,ιιιῑοο</span> <span class='ocrx_word' id='word_1_18' title='bbox 2096 571 2327 634; x_wconf 82' lang='lat' dir='ltr'><strong>vindice,</strong></span> <span class='ocrx_word' id='word_1_19' title='bbox 2355 565 2573 636; x_wconf 82' lang='lat' dir='ltr'><strong>quando</strong></span> <span class='ocrx_word' id='word_1_20' title='bbox 2601 577 2811 633; x_wconf 82' lang='lat' dir='ltr'><strong>semper</strong></span> <span class='ocrx_word' id='word_1_21' title='bbox 2841 562 3074 617; x_wconf 85' lang='lat' dir='ltr'><strong>clamat:</strong></span> <span class='ocrx_word' id='word_1_22' title='bbox 3104 557 3329 615; x_wconf 83' lang='lat' dir='ltr'><strong>Vindica</strong></span> <span class='ocrx_word' id='word_1_23' title='bbox 3359 571 3445 614; x_wconf 81' lang='lat' dir='ltr'><strong>tne</strong></span> 
     </span>
    </p>
   </div>
   <div class='ocr_carea' id='block_1_6' title="bbox 236 665 1356 741">
    <p class='ocr_par' dir='ltr' id='par_1_6' title="bbox 236 665 1356 741">
     <span class='ocr_line' id='line_1_6' title="bbox 236 665 1356 741; baseline -0.006 -16"><span class='ocrx_word' id='word_1_24' title='bbox 236 668 560 741; x_wconf 73' lang='grc' dir='ltr'>Ἐκδίκησόν</span> <span class='ocrx_word' id='word_1_25' title='bbox 591 684 660 738; x_wconf 72' lang='grc' dir='ltr'><strong>με</strong></span> <span class='ocrx_word' id='word_1_26' title='bbox 681 666 790 721; x_wconf 80' lang='grc' dir='ltr'>ἀπὸ</span> <span class='ocrx_word' id='word_1_27' title='bbox 811 665 905 719; x_wconf 88' lang='grc' dir='ltr'><strong>τοῦ</strong></span> <span class='ocrx_word' id='word_1_28' title='bbox 932 665 1202 719; x_wconf 73' lang='grc' dir='ltr'><strong>ἀντιδίκου</strong></span> <span class='ocrx_word' id='word_1_29' title='bbox 1233 681 1356 735; x_wconf 85' lang='grc' dir='ltr'>μου.</span> 
     </span>
    </p>
   </div>
   <div class='ocr_carea' id='block_1_7' title="bbox 718 757 1312 827">
    <p class='ocr_par' dir='ltr' id='par_1_7' title="bbox 718 757 1312 827">
     <span class='ocr_line' id='line_1_7' title="bbox 718 757 1312 827; baseline -0.005 -14"><span class='ocrx_word' id='word_1_30' title='bbox 718 761 766 813; x_wconf 85' lang='grc' dir='ltr'><strong><em>Σ</em></strong></span> <span class='ocrx_word' id='word_1_31' title='bbox 766 759 974 827; x_wconf 70' lang='grc' dir='ltr'>χόλιον</span> <span class='ocrx_word' id='word_1_32' title='bbox 1001 757 1203 811; x_wconf 77' lang='grc' dir='ltr'>Ἰσαὰκ</span> <span class='ocrx_word' id='word_1_33' title='bbox 1224 763 1312 825; x_wconf 87' lang='grc' dir='ltr'>ιη’.</span> 
     </span>
    </p>
   </div>
   <div class='ocr_carea' id='block_1_8' title="bbox 302 843 1786 921">
    <p class='ocr_par' dir='ltr' id='par_1_8' title="bbox 302 843 1786 921">
     <span class='ocr_line' id='line_1_8' title="bbox 302 843 1786 921; baseline -0.003 -17"><span class='ocrx_word' id='word_1_34' title='bbox 302 849 564 904; x_wconf 82' lang='grc' dir='ltr'>Γινώσκει</span> <span class='ocrx_word' id='word_1_35' title='bbox 589 849 868 921; x_wconf 70' lang='grc' dir='ltr'>ἄνθρωπος</span> <span class='ocrx_word' id='word_1_36' title='bbox 899 849 979 902; x_wconf 80' lang='grc' dir='ltr'>ὅτι</span> <span class='ocrx_word' id='word_1_37' title='bbox 1005 843 1169 920; x_wconf 75' lang='grc' dir='ltr'>ἦλθεν</span> <span class='ocrx_word' id='word_1_38' title='bbox 1197 849 1276 912; x_wconf 86' lang='grc' dir='ltr'><strong>είς</strong></span> <span class='ocrx_word' id='word_1_39' title='bbox 1309 847 1408 918; x_wconf 76' lang='grc' dir='ltr'>τὴν</span> <span class='ocrx_word' id='word_1_40' title='bbox 1440 845 1786 919; x_wconf 79' lang='grc' dir='ltr'><strong>καθαρότητα</strong></span> 
     </span>
    </p>
   </div>
   <div class='ocr_carea' id='block_1_9' title="bbox 224 937 1788 1012">
    <p class='ocr_par' dir='ltr' id='par_1_9' title="bbox 224 937 1788 1012">
     <span class='ocr_line' id='line_1_9' title="bbox 224 937 1788 1012; baseline -0.004 -17"><span class='ocrx_word' id='word_1_41' title='bbox 224 943 262 1012; x_wconf 83' lang='grc' dir='ltr'>ἡ</span> <span class='ocrx_word' id='word_1_42' title='bbox 301 941 497 1010; x_wconf 83' lang='grc' dir='ltr'>καρδία</span> <span class='ocrx_word' id='word_1_43' title='bbox 523 939 710 1006; x_wconf 81' lang='grc' dir='ltr'>αὑτοῦ,</span> <span class='ocrx_word' id='word_1_44' title='bbox 763 943 890 995; x_wconf 82' lang='grc' dir='ltr'>ὅταν</span> <span class='ocrx_word' id='word_1_45' title='bbox 938 940 1141 1004; x_wconf 82' lang='grc' dir='ltr'><strong>πάντας</strong></span> <span class='ocrx_word' id='word_1_46' title='bbox 1192 939 1391 1002; x_wconf 74' lang='grc' dir='ltr'>καλοὺς</span> <span class='ocrx_word' id='word_1_47' title='bbox 1438 937 1637 1012; x_wconf 79' lang='grc' dir='ltr'>θεωρῇ,</span> <span class='ocrx_word' id='word_1_48' title='bbox 1692 941 1788 992; x_wconf 78' lang='grc' dir='ltr'>καὶ</span> 
     </span>
    </p>
   </div>
   <div class='ocr_carea' id='block_1_10' title="bbox 226 1029 1787 1103">
    <p class='ocr_par' dir='ltr' id='par_1_10' title="bbox 226 1029 1787 1103">
     <span class='ocr_line' id='line_1_10' title="bbox 226 1029 1787 1103; baseline -0.002 -18"><span class='ocrx_word' id='word_1_49' title='bbox 226 1035 332 1103; x_wconf 76' lang='grc' dir='ltr'>οὐχ</span> <span class='ocrx_word' id='word_1_50' title='bbox 384 1033 577 1103; x_wconf 75' lang='grc' dir='ltr'>ὁρᾶται</span> <span class='ocrx_word' id='word_1_51' title='bbox 622 1049 706 1096; x_wconf 88' lang='grc' dir='ltr'><strong>τις</strong></span> <span class='ocrx_word' id='word_1_52' title='bbox 745 1029 896 1101; x_wconf 72' lang='grc' dir='ltr'>αὐτῷ</span> <span class='ocrx_word' id='word_1_53' title='bbox 941 1031 1312 1101; x_wconf 68' lang='grc' dir='ltr'>ἀκάθαρτος-ἢ</span> <span class='ocrx_word' id='word_1_54' title='bbox 1379 1029 1635 1103; x_wconf 69' lang='grc' dir='ltr'>βέϐηλοςο</span> <span class='ocrx_word' id='word_1_55' title='bbox 1665 1030 1787 1083; x_wconf 86' lang='grc' dir='ltr'>τότε</span> 
     </span>
    </p>
   </div>
   <div class='ocr_carea' id='block_1_11' title="bbox 230 1119 1789 1196">
    <p class='ocr_par' dir='ltr' id='par_1_11' title="bbox 230 1119 1789 1196">
     <span class='ocr_line' id='line_1_11' title="bbox 230 1119 1789 1196; baseline -0.003 -18"><span class='ocrx_word' id='word_1_56' title='bbox 230 1125 386 1178; x_wconf 72' lang='grc' dir='ltr'>ἐστὶν</span> <span class='ocrx_word' id='word_1_57' title='bbox 413 1123 628 1196; x_wconf 82' lang='grc' dir='ltr'>ἀληθῶς</span> <span class='ocrx_word' id='word_1_58' title='bbox 647 1121 885 1193; x_wconf 75' lang='grc' dir='ltr'>καθαρὸς</span> <span class='ocrx_word' id='word_1_59' title='bbox 909 1125 975 1194; x_wconf 85' lang='grc' dir='ltr'><strong>τῇ</strong></span> <span class='ocrx_word' id='word_1_60' title='bbox 1003 1123 1196 1193; x_wconf 74' lang='grc' dir='ltr'>καρδία</span> <span class='ocrx_word' id='word_1_61' title='bbox 1222 1142 1234 1152; x_wconf 91' lang='grc'>·</span> <span class='ocrx_word' id='word_1_62' title='bbox 1265 1121 1513 1194; x_wconf 29' lang='grc' dir='ltr'>πῶςηγάρ</span> <span class='ocrx_word' id='word_1_63' title='bbox 1550 1119 1789 1192; x_wconf 58' lang='grc' dir='ltr'>πληροῦν</span> 
     </span>
    </p>
   </div>
   <div class='ocr_carea' id='block_1_12' title="bbox 227 1213 1790 1285">
    <p class='ocr_par' dir='ltr' id='par_1_12' title="bbox 227 1213 1790 1285">
     <span class='ocr_line' id='line_1_12' title="bbox 227 1213 1790 1285; baseline -0.003 -17"><span class='ocrx_word' id='word_1_64' title='bbox 227 1233 325 1268; x_wconf 82' lang='grc' dir='ltr'><strong>ται</strong></span> <span class='ocrx_word' id='word_1_65' title='bbox 350 1218 381 1268; x_wconf 82' lang='grc' dir='ltr'>ὁ</span> <span class='ocrx_word' id='word_1_66' title='bbox 400 1215 554 1284; x_wconf 82' lang='grc' dir='ltr'>λόγος</span> <span class='ocrx_word' id='word_1_67' title='bbox 581 1213 675 1267; x_wconf 81' lang='grc' dir='ltr'><strong>τοῦ</strong></span> <span class='ocrx_word' id='word_1_68' title='bbox 719 1213 1042 1266; x_wconf 78' lang='grc' dir='ltr'>’Δποστόλου</span> <span class='ocrx_word' id='word_1_69' title='bbox 1073 1216 1102 1267; x_wconf 82' lang='grc' dir='ltr'><strong>ό</strong></span> <span class='ocrx_word' id='word_1_70' title='bbox 1142 1214 1385 1281; x_wconf 79' lang='grc' dir='ltr'>φάσκων.</span> <span class='ocrx_word' id='word_1_71' title='bbox 1427 1213 1790 1285; x_wconf 80' lang='grc' dir='ltr'><strong>ὑπερέχοντας</strong></span> 
     </span>
    </p>
   </div>
   <div class='ocr_carea' id='block_1_13' title="bbox 232 1301 1789 1376">
    <p class='ocr_par' dir='ltr' id='par_1_13' title="bbox 232 1301 1789 1376">
     <span class='ocr_line' id='line_1_13' title="bbox 232 1301 1789 1376; baseline -0.002 -16"><span class='ocrx_word' id='word_1_72' title='bbox 232 1305 418 1376; x_wconf 74' lang='grc' dir='ltr'>ἑαυτῷ</span> <span class='ocrx_word' id='word_1_73' title='bbox 473 1305 720 1374; x_wconf 79' lang='grc' dir='ltr'>ἡγεῖσθαι</span> <span class='ocrx_word' id='word_1_74' title='bbox 780 1305 983 1367; x_wconf 79' lang='grc' dir='ltr'>πάντας</span> <span class='ocrx_word' id='word_1_75' title='bbox 1035 1303 1096 1369; x_wconf 78' lang='grc' dir='ltr'><strong>ἐξ</strong></span> <span class='ocrx_word' id='word_1_76' title='bbox 1152 1301 1472 1375; x_wconf 71' lang='grc' dir='ltr'><strong>εἰλικρινοῦς</strong></span> <span class='ocrx_word' id='word_1_77' title='bbox 1541 1304 1789 1373; x_wconf 79' lang='grc' dir='ltr'>καρδίας,</span> 
     </span>
    </p>
   </div>
   <div class='ocr_carea' id='block_1_14' title="bbox 231 1393 1794 1468">
    <p class='ocr_par' dir='ltr' id='par_1_14' title="bbox 231 1393 1794 1468">
     <span class='ocr_line' id='line_1_14' title="bbox 231 1393 1794 1468; baseline -0.002 -18"><span class='ocrx_word' id='word_1_78' title='bbox 231 1397 334 1450; x_wconf 73' lang='grc' dir='ltr'><strong>ἐὰν</strong></span> <span class='ocrx_word' id='word_1_79' title='bbox 365 1396 438 1466; x_wconf 87' lang='grc' dir='ltr'>μή</span> <span class='ocrx_word' id='word_1_80' title='bbox 469 1411 598 1464; x_wconf 82' lang='grc' dir='ltr'>φασι</span> <span class='ocrx_word' id='word_1_81' title='bbox 624 1395 684 1448; x_wconf 80' lang='grc' dir='ltr'>τὸ</span> <span class='ocrx_word' id='word_1_82' title='bbox 705 1395 1012 1468; x_wconf 78' lang='grc' dir='ltr'>εἰρημένον,</span> <span class='ocrx_word' id='word_1_83' title='bbox 1041 1395 1123 1448; x_wconf 84' lang='grc' dir='ltr'>ὅτι</span> <span class='ocrx_word' id='word_1_84' title='bbox 1153 1397 1186 1449; x_wconf 84' lang='grc' dir='ltr'><strong>ό</strong></span> <span class='ocrx_word' id='word_1_85' title='bbox 1216 1394 1519 1464; x_wconf 66' lang='grc' dir='ltr'>ὀφθαλμὸς</span> <span class='ocrx_word' id='word_1_86' title='bbox 1539 1393 1794 1462; x_wconf 77' lang='grc' dir='ltr'>καθαρὸς</span> 
     </span>
    </p>
   </div>
   <div class='ocr_carea' id='block_1_15' title="bbox 233 1485 1383 1568">
    <p class='ocr_par' dir='ltr' id='par_1_15' title="bbox 233 1485 1383 1568">
     <span class='ocr_line' id='line_1_15' title="bbox 233 1485 1383 1568; baseline -0.01 -23"><span class='ocrx_word' id='word_1_87' title='bbox 233 1492 350 1568; x_wconf 76' lang='grc' dir='ltr'>οὐκ</span> <span class='ocrx_word' id='word_1_88' title='bbox 382 1486 588 1556; x_wconf 63' lang='grc' dir='ltr'>ὄψεται</span> <span class='ocrx_word' id='word_1_89' title='bbox 609 1485 878 1554; x_wconf 77' lang='grc' dir='ltr'>πονηρὰ;</span> <span class='ocrx_word' id='word_1_90' title='bbox 1338 1496 1343 1503; x_wconf 91' lang='grc'>·</span> <span class='ocrx_word' id='word_1_91' title='bbox 1380 1502 1383 1503; x_wconf 49' lang='grc' dir='ltr'><strong>ν</strong></span> 
     </span>
    </p>
   </div>
   <div class='ocr_carea' id='block_1_16' title="bbox 495 1576 1192 1646">
    <p class='ocr_par' dir='ltr' id='par_1_16' title="bbox 495 1576 1192 1646">
     <span class='ocr_line' id='line_1_16' title="bbox 495 1576 1192 1646; baseline -0.007 -12"><span class='ocrx_word' id='word_1_92' title='bbox 495 1632 498 1634; x_wconf 82' lang='lat'><strong>.</strong></span> <span class='ocrx_word' id='word_1_93' title='bbox 824 1577 1080 1646; x_wconf 66' lang='grc' dir='ltr'>Σχόλιον</span> <span class='ocrx_word' id='word_1_94' title='bbox 1108 1576 1192 1629; x_wconf 69' lang='grc' dir='ltr'>ιθο.</span> 
     </span>
    </p>
   </div>
   <div class='ocr_carea' id='block_1_17' title="bbox 320 1662 1796 1742">
    <p class='ocr_par' dir='ltr' id='par_1_17' title="bbox 320 1662 1796 1742">
     <span class='ocr_line' id='line_1_17' title="bbox 320 1662 1796 1742; baseline -0.006 -16"><span class='ocrx_word' id='word_1_95' title='bbox 320 1669 388 1726; x_wconf 83' lang='grc' dir='ltr'>Ἠ</span> <span class='ocrx_word' id='word_1_96' title='bbox 420 1662 729 1742; x_wconf 70' lang='grc' dir='ltr'>ἀδιάκριτος</span> <span class='ocrx_word' id='word_1_97' title='bbox 781 1668 980 1738; x_wconf 87' lang='grc' dir='ltr'>θεωρία</span> <span class='ocrx_word' id='word_1_98' title='bbox 1030 1666 1257 1729; x_wconf 78' lang='grc' dir='ltr'>πολλοὺς</span> <span class='ocrx_word' id='word_1_99' title='bbox 1288 1665 1442 1737; x_wconf 81' lang='grc' dir='ltr'>φέρει</span> <span class='ocrx_word' id='word_1_100' title='bbox 1483 1663 1758 1730; x_wconf 75' lang='grc' dir='ltr'>κινδύνους</span> <span class='ocrx_word' id='word_1_101' title='bbox 1779 1678 1796 1694; x_wconf 81' lang='grc'><strong>⁸</strong></span> 
     </span>
    </p>
   </div>
   <div class='ocr_carea' id='block_1_18' title="bbox 236 1754 1798 1834">
    <p class='ocr_par' dir='ltr' id='par_1_18' title="bbox 236 1754 1798 1834">
     <span class='ocr_line' id='line_1_18' title="bbox 236 1754 1798 1834; baseline -0.006 -17"><span class='ocrx_word' id='word_1_102' title='bbox 236 1764 338 1817; x_wconf 76' lang='grc' dir='ltr'>καὶ</span> <span class='ocrx_word' id='word_1_103' title='bbox 365 1762 476 1834; x_wconf 72' lang='grc' dir='ltr'><strong>γὰρ</strong></span> <span class='ocrx_word' id='word_1_104' title='bbox 505 1763 584 1828; x_wconf 81' lang='grc' dir='ltr'><strong>είς</strong></span> <span class='ocrx_word' id='word_1_105' title='bbox 609 1759 836 1830; x_wconf 82' lang='grc' dir='ltr'>ἄγγελον</span> <span class='ocrx_word' id='word_1_106' title='bbox 861 1759 1036 1828; x_wconf 73' lang='grc' dir='ltr'>φωτὸς</span> <span class='ocrx_word' id='word_1_107' title='bbox 1070 1756 1600 1828; x_wconf 79' lang='grc' dir='ltr'>μετασχηματίζεται</span> <span class='ocrx_word' id='word_1_108' title='bbox 1626 1755 1656 1807; x_wconf 89' lang='grc' dir='ltr'>ὁ</span> <span class='ocrx_word' id='word_1_109' title='bbox 1681 1754 1798 1809; x_wconf 61' lang='lat' dir='ltr'><strong>an.</strong></span> 
     </span>
    </p>
   </div>
   <div class='ocr_carea' id='block_1_19' title="bbox 237 1843 1802 1920">
    <p class='ocr_par' dir='ltr' id='par_1_19' title="bbox 237 1843 1802 1920">
     <span class='ocr_line' id='line_1_19' title="bbox 237 1843 1802 1920; baseline -0.006 -11"><span class='ocrx_word' id='word_1_110' title='bbox 237 1855 420 1919; x_wconf 72' lang='grc' dir='ltr'>ϐολος,</span> <span class='ocrx_word' id='word_1_111' title='bbox 446 1853 686 1917; x_wconf 73' lang='grc' dir='ltr'>καὶτοὺς</span> <span class='ocrx_word' id='word_1_112' title='bbox 714 1852 784 1905; x_wconf 77' lang='grc' dir='ltr'><strong>τά</strong></span> <span class='ocrx_word' id='word_1_113' title='bbox 813 1850 1021 1904; x_wconf 81' lang='grc' dir='ltr'>έαυτῶν</span> <span class='ocrx_word' id='word_1_114' title='bbox 1048 1849 1420 1920; x_wconf 79' lang='grc' dir='ltr'>ἀγνοήσαντας</span> <span class='ocrx_word' id='word_1_115' title='bbox 1445 1847 1638 1920; x_wconf 81' lang='grc' dir='ltr'>μέτρα,</span> <span class='ocrx_word' id='word_1_116' title='bbox 1672 1843 1802 1900; x_wconf 88' lang='grc' dir='ltr'>πολ-</span> 
     </span>
    </p>
   </div>
   <div class='ocr_carea' id='block_1_20' title="bbox 1888 662 2472 717">
    <p class='ocr_par' dir='ltr' id='par_1_20' title="bbox 1888 662 2472 717">
     <span class='ocr_line' id='line_1_20' title="bbox 1888 662 2472 717; baseline -0.01 0"><span class='ocrx_word' id='word_1_117' title='bbox 1888 663 1958 717; x_wconf 87' lang='lat' dir='ltr'><strong>ab</strong></span> <span class='ocrx_word' id='word_1_118' title='bbox 1984 662 2295 717; x_wconf 85' lang='lat' dir='ltr'><strong>adversario</strong></span> <span class='ocrx_word' id='word_1_119' title='bbox 2331 673 2472 713; x_wconf 88' lang='lat' dir='ltr'><strong>meo.</strong></span> 
     </span>
    </p>
   </div>
   <div class='ocr_carea' id='block_1_21' title="bbox 2088 743 2963 802">
    <p class='ocr_par' dir='ltr' id='par_1_21' title="bbox 2088 743 2963 802">
     <span class='ocr_line' id='line_1_21' title="bbox 2088 743 2963 802; baseline -0.006 2"><span class='ocrx_word' id='word_1_120' title='bbox 2088 747 2094 752; x_wconf 76' lang='grc'><em>’</em></span> <span class='ocrx_word' id='word_1_121' title='bbox 2367 745 2615 802; x_wconf 77' lang='lat' dir='ltr'><strong>Scholion</strong></span> <span class='ocrx_word' id='word_1_122' title='bbox 2653 744 2832 800; x_wconf 82' lang='lat' dir='ltr'><strong>Isaact&#39;</strong></span> <span class='ocrx_word' id='word_1_123' title='bbox 2874 743 2963 799; x_wconf 76' lang='grc'><strong>18.</strong></span> 
     </span>
    </p>
   </div>
   <div class='ocr_carea' id='block_1_22' title="bbox 1950 828 3450 906">
    <p class='ocr_par' dir='ltr' id='par_1_22' title="bbox 1950 828 3450 906">
     <span class='ocr_line' id='line_1_22' title="bbox 1950 828 3450 906; baseline -0.008 -12"><span class='ocrx_word' id='word_1_124' title='bbox 1950 839 2090 895; x_wconf 81' lang='lat' dir='ltr'><strong>Tum</strong></span> <span class='ocrx_word' id='word_1_125' title='bbox 2125 839 2290 896; x_wconf 84' lang='lat' dir='ltr'><strong>sentit</strong></span> <span class='ocrx_word' id='word_1_126' title='bbox 2322 841 2505 903; x_wconf 84' lang='lat' dir='ltr'><strong>homo,</strong></span> <span class='ocrx_word' id='word_1_127' title='bbox 2553 837 2698 906; x_wconf 90' lang='lat' dir='ltr'><strong>quod</strong></span> <span class='ocrx_word' id='word_1_128' title='bbox 2729 848 2883 889; x_wconf 89' lang='lat' dir='ltr'><strong>mens</strong></span> <span class='ocrx_word' id='word_1_129' title='bbox 2931 830 3102 902; x_wconf 78' lang='lat' dir='ltr'><strong>ipsius</strong></span> <span class='ocrx_word' id='word_1_130' title='bbox 3131 828 3450 884; x_wconf 73' lang='lat' dir='ltr'><strong>munditiem</strong></span> 
     </span>
    </p>
   </div>
   <div class='ocr_carea' id='block_1_23' title="bbox 1886 919 3451 996">
    <p class='ocr_par' dir='ltr' id='par_1_23' title="bbox 1886 919 3451 996">
     <span class='ocr_line' id='line_1_23' title="bbox 1886 919 3451 996; baseline -0.008 -12"><span class='ocrx_word' id='word_1_131' title='bbox 1886 929 2054 985; x_wconf 89' lang='lat' dir='ltr'><strong>animi</strong></span> <span class='ocrx_word' id='word_1_132' title='bbox 2099 938 2345 985; x_wconf 90' lang='lat' dir='ltr'><strong>assecuta</strong></span> <span class='ocrx_word' id='word_1_133' title='bbox 2377 928 2467 991; x_wconf 89' lang='lat' dir='ltr'><strong>sit,</strong></span> <span class='ocrx_word' id='word_1_134' title='bbox 2522 926 2740 996; x_wconf 79' lang='lat' dir='ltr'><strong>quando</strong></span> <span class='ocrx_word' id='word_1_135' title='bbox 2774 937 2965 978; x_wconf 87' lang='lat' dir='ltr'><strong>omnes</strong></span> <span class='ocrx_word' id='word_1_136' title='bbox 2993 919 3248 974; x_wconf 76' lang='lat' dir='ltr'><strong>mortales</strong></span> <span class='ocrx_word' id='word_1_137' title='bbox 3275 919 3451 973; x_wconf 84' lang='lat' dir='ltr'><strong>bonos</strong></span> 
     </span>
    </p>
   </div>
   <div class='ocr_carea' id='block_1_24' title="bbox 1889 1015 3452 1091">
    <p class='ocr_par' dir='ltr' id='par_1_24' title="bbox 1889 1015 3452 1091">
     <span class='ocr_line' id='line_1_24' title="bbox 1889 1015 3452 1091; baseline -0.009 -9"><span class='ocrx_word' id='word_1_138' title='bbox 1889 1025 2184 1091; x_wconf 73' lang='lat' dir='ltr'><strong>existimat,</strong></span> <span class='ocrx_word' id='word_1_139' title='bbox 2229 1039 2328 1080; x_wconf 86' lang='lat' dir='ltr'><strong>nec</strong></span> <span class='ocrx_word' id='word_1_140' title='bbox 2357 1024 2497 1079; x_wconf 89' lang='lat' dir='ltr'><strong>ullus</strong></span> <span class='ocrx_word' id='word_1_141' title='bbox 2535 1022 2611 1076; x_wconf 84' lang='lat' dir='ltr'><strong>illi</strong></span> <span class='ocrx_word' id='word_1_142' title='bbox 2662 1021 2916 1091; x_wconf 89' lang='lat' dir='ltr'><strong>impurus</strong></span> <span class='ocrx_word' id='word_1_143' title='bbox 2948 1029 3042 1074; x_wconf 84' lang='lat' dir='ltr'><strong>aut</strong></span> <span class='ocrx_word' id='word_1_144' title='bbox 3078 1015 3338 1088; x_wconf 78' lang='lat' dir='ltr'><strong>profanus</strong></span> <span class='ocrx_word' id='word_1_145' title='bbox 3366 1015 3452 1069; x_wconf 86' lang='lat' dir='ltr'><strong>vi-</strong></span> 
     </span>
    </p>
   </div>
   <div class='ocr_carea' id='block_1_25' title="bbox 1890 1106 3445 1175">
    <p class='ocr_par' dir='ltr' id='par_1_25' title="bbox 1890 1106 3445 1175">
     <span class='ocr_line' id='line_1_25' title="bbox 1890 1106 3445 1175; baseline -0.009 -2"><span class='ocrx_word' id='word_1_146' title='bbox 1890 1117 2081 1173; x_wconf 87' lang='lat' dir='ltr'><strong>detur:</strong></span> <span class='ocrx_word' id='word_1_147' title='bbox 2111 1126 2238 1171; x_wconf 89' lang='lat' dir='ltr'><strong>tunc</strong></span> <span class='ocrx_word' id='word_1_148' title='bbox 2261 1117 2404 1169; x_wconf 87' lang='lat' dir='ltr'><strong>enim</strong></span> <span class='ocrx_word' id='word_1_149' title='bbox 2429 1129 2555 1170; x_wconf 89' lang='lat' dir='ltr'><strong>vere</strong></span> <span class='ocrx_word' id='word_1_150' title='bbox 2577 1113 2811 1168; x_wconf 88' lang='lat' dir='ltr'><strong>mundus</strong></span> <span class='ocrx_word' id='word_1_151' title='bbox 2826 1120 2908 1166; x_wconf 88' lang='lat' dir='ltr'><strong>est</strong></span> <span class='ocrx_word' id='word_1_152' title='bbox 2933 1110 3120 1165; x_wconf 83' lang='lat' dir='ltr'><strong>corde.</strong></span> <span class='ocrx_word' id='word_1_153' title='bbox 3159 1106 3445 1175; x_wconf 84' lang='lat' dir='ltr'><strong>Quomodo</strong></span> 
     </span>
    </p>
   </div>
   <div class='ocr_carea' id='block_1_26' title="bbox 1890 1193 3457 1274">
    <p class='ocr_par' dir='ltr' id='par_1_26' title="bbox 1890 1193 3457 1274">
     <span class='ocr_line' id='line_1_26' title="bbox 1890 1193 3457 1274; baseline -0.008 -12"><span class='ocrx_word' id='word_1_154' title='bbox 1890 1207 2038 1262; x_wconf 87' lang='lat' dir='ltr'><strong>enim</strong></span> <span class='ocrx_word' id='word_1_155' title='bbox 2067 1205 2200 1260; x_wconf 87' lang='lat' dir='ltr'><strong>illud</strong></span> <span class='ocrx_word' id='word_1_156' title='bbox 2230 1203 2472 1274; x_wconf 86' lang='lat' dir='ltr'><strong>Apostoli</strong></span> <span class='ocrx_word' id='word_1_157' title='bbox 2532 1201 2812 1257; x_wconf 87' lang='lat' dir='ltr'><strong>oraculum</strong></span> <span class='ocrx_word' id='word_1_158' title='bbox 2861 1200 3190 1269; x_wconf 89' lang='lat' dir='ltr'><strong>implebitur,</strong></span> <span class='ocrx_word' id='word_1_159' title='bbox 3236 1193 3457 1267; x_wconf 86' lang='lat' dir='ltr'><strong>quando</strong></span> 
     </span>
    </p>
   </div>
   <div class='ocr_carea' id='block_1_27' title="bbox 1891 1286 3458 1362">
    <p class='ocr_par' dir='ltr' id='par_1_27' title="bbox 1891 1286 3458 1362">
     <span class='ocr_line' id='line_1_27' title="bbox 1891 1286 3458 1362; baseline -0.008 -12"><span class='ocrx_word' id='word_1_160' title='bbox 1891 1297 2068 1353; x_wconf 87' lang='lat' dir='ltr'><strong>dicit:</strong></span> <span class='ocrx_word' id='word_1_161' title='bbox 2108 1295 2296 1352; x_wconf 85' lang='lat' dir='ltr'><strong>Omnes</strong></span> <span class='ocrx_word' id='word_1_162' title='bbox 2342 1294 2448 1348; x_wconf 84' lang='lat' dir='ltr'><strong>sibi</strong></span> <span class='ocrx_word' id='word_1_163' title='bbox 2489 1295 2780 1362; x_wconf 78' lang='lat' dir='ltr'><strong>superiores</strong></span> <span class='ocrx_word' id='word_1_164' title='bbox 2811 1293 3028 1346; x_wconf 79' lang='lat' dir='ltr'><strong>invicem</strong></span> <span class='ocrx_word' id='word_1_165' title='bbox 3061 1291 3118 1342; x_wconf 87' lang='lat' dir='ltr'><strong>in</strong></span> <span class='ocrx_word' id='word_1_166' title='bbox 3156 1286 3458 1340; x_wconf 73' lang='lat' dir='ltr'><strong>humilitate</strong></span> 
     </span>
    </p>
   </div>
   <div class='ocr_carea' id='block_1_28' title="bbox 1862 1372 3463 1452">
    <p class='ocr_par' dir='ltr' id='par_1_28' title="bbox 1862 1372 3463 1452">
     <span class='ocr_line' id='line_1_28' title="bbox 1862 1372 3463 1452; baseline -0.007 -9"><span class='ocrx_word' id='word_1_167' title='bbox 1862 1390 2208 1443; x_wconf 81' lang='lat' dir='ltr'><strong>.arbitrantes</strong></span> <span class='ocrx_word' id='word_1_168' title='bbox 2235 1387 2300 1452; x_wconf 74' lang='grc'><strong>³⁸,</strong></span> <span class='ocrx_word' id='word_1_169' title='bbox 2351 1385 2394 1441; x_wconf 91' lang='lat' dir='ltr'><strong>si</strong></span> <span class='ocrx_word' id='word_1_170' title='bbox 2445 1401 2552 1438; x_wconf 89' lang='lat' dir='ltr'><strong>non</strong></span> <span class='ocrx_word' id='word_1_171' title='bbox 2611 1393 2665 1439; x_wconf 92' lang='lat' dir='ltr'><strong>et</strong></span> <span class='ocrx_word' id='word_1_172' title='bbox 2711 1383 2840 1437; x_wconf 91' lang='lat' dir='ltr'><strong>illud</strong></span> <span class='ocrx_word' id='word_1_173' title='bbox 2875 1383 3080 1437; x_wconf 90' lang='lat' dir='ltr'><strong>dictum</strong></span> <span class='ocrx_word' id='word_1_174' title='bbox 3115 1372 3463 1434; x_wconf 66' lang='lat' dir='ltr'><strong>attendatur:</strong></span> 
     </span>
    </p>
   </div>
   <div class='ocr_carea' id='block_1_29' title="bbox 1895 1473 3105 1553">
    <p class='ocr_par' dir='ltr' id='par_1_29' title="bbox 1895 1473 3105 1553">
     <span class='ocr_line' id='line_1_29' title="bbox 1895 1473 3105 1553; baseline -0.008 -17"><span class='ocrx_word' id='word_1_175' title='bbox 1895 1482 2041 1553; x_wconf 87' lang='lat' dir='ltr'><strong>quod</strong></span> <span class='ocrx_word' id='word_1_176' title='bbox 2070 1481 2250 1534; x_wconf 81' lang='lat' dir='ltr'><strong>oculus</strong></span> <span class='ocrx_word' id='word_1_177' title='bbox 2283 1495 2442 1544; x_wconf 83' lang='lat' dir='ltr'><strong>purus</strong></span> <span class='ocrx_word' id='word_1_178' title='bbox 2472 1477 2602 1532; x_wconf 80' lang='lat' dir='ltr'><strong>nihil</strong></span> <span class='ocrx_word' id='word_1_179' title='bbox 2628 1476 2755 1530; x_wconf 87' lang='lat' dir='ltr'><strong>mali</strong></span> <span class='ocrx_word' id='word_1_180' title='bbox 2780 1476 2997 1544; x_wconf 76' lang='lat' dir='ltr'><strong>aspiciet</strong></span> <span class='ocrx_word' id='word_1_181' title='bbox 3037 1473 3105 1527; x_wconf 88' lang='grc'><strong>³¹.</strong></span> 
     </span>
    </p>
   </div>
   <div class='ocr_carea' id='block_1_30' title="bbox 2497 1565 2872 1623">
    <p class='ocr_par' dir='ltr' id='par_1_30' title="bbox 2497 1565 2872 1623">
     <span class='ocr_line' id='line_1_30' title="bbox 2497 1565 2872 1623; baseline -0.008 0"><span class='ocrx_word' id='word_1_182' title='bbox 2497 1567 2744 1623; x_wconf 83' lang='lat' dir='ltr'><strong>Scholion</strong></span> <span class='ocrx_word' id='word_1_183' title='bbox 2789 1565 2872 1620; x_wconf 81' lang='lat' dir='ltr'><strong>l9.</strong></span> 
     </span>
    </p>
   </div>
   <div class='ocr_carea' id='block_1_31' title="bbox 1964 1652 3460 1734">
    <p class='ocr_par' dir='ltr' id='par_1_31' title="bbox 1964 1652 3460 1734">
     <span class='ocr_line' id='line_1_31' title="bbox 1964 1652 3460 1734; baseline -0.011 -16"><span class='ocrx_word' id='word_1_184' title='bbox 1964 1664 2274 1734; x_wconf 81' lang='lat' dir='ltr'><strong>lmportuna</strong></span> <span class='ocrx_word' id='word_1_185' title='bbox 2308 1677 2402 1716; x_wconf 91' lang='lat' dir='ltr'><strong>scu</strong></span> <span class='ocrx_word' id='word_1_186' title='bbox 2432 1659 2728 1717; x_wconf 86' lang='lat' dir='ltr'><strong>indiscreta</strong></span> <span class='ocrx_word' id='word_1_187' title='bbox 2750 1653 3133 1723; x_wconf 83' lang='lat' dir='ltr'><strong>contemplatio</strong></span> <span class='ocrx_word' id='word_1_188' title='bbox 3162 1652 3330 1705; x_wconf 89' lang='lat' dir='ltr'><strong>multa</strong></span> <span class='ocrx_word' id='word_1_189' title='bbox 3362 1664 3460 1719; x_wconf 91' lang='lat' dir='ltr'><strong>pa-</strong></span> 
     </span>
    </p>
   </div>
   <div class='ocr_carea' id='block_1_32' title="bbox 1899 1743 3580 1826">
    <p class='ocr_par' dir='ltr' id='par_1_32' title="bbox 1899 1743 3580 1826">
     <span class='ocr_line' id='line_1_32' title="bbox 1899 1743 3580 1826; baseline -0.013 -14"><span class='ocrx_word' id='word_1_190' title='bbox 1899 1757 1973 1813; x_wconf 90' lang='lat' dir='ltr'><strong>rit</strong></span> <span class='ocrx_word' id='word_1_191' title='bbox 1997 1755 2235 1826; x_wconf 88' lang='lat' dir='ltr'><strong>pericula</strong></span> <span class='ocrx_word' id='word_1_192' title='bbox 2267 1774 2280 1808; x_wconf 89' lang='lat'><strong>:</strong></span> <span class='ocrx_word' id='word_1_193' title='bbox 2310 1753 2560 1808; x_wconf 82' lang='lat' dir='ltr'><strong>diabolus</strong></span> <span class='ocrx_word' id='word_1_194' title='bbox 2593 1751 2736 1805; x_wconf 84' lang='lat' dir='ltr'><strong>enim</strong></span> <span class='ocrx_word' id='word_1_195' title='bbox 2795 1743 3144 1803; x_wconf 80' lang='lat' dir='ltr'><strong>transformat</strong></span> <span class='ocrx_word' id='word_1_196' title='bbox 3185 1758 3243 1797; x_wconf 90' lang='lat' dir='ltr'><strong>sc</strong></span> <span class='ocrx_word' id='word_1_197' title='bbox 3272 1743 3322 1795; x_wconf 91' lang='lat' dir='ltr'><strong>in</strong></span> <span class='ocrx_word' id='word_1_198' title='bbox 3363 1755 3463 1794; x_wconf 85' lang='lat' dir='ltr'><strong>an-</strong></span> <span class='ocrx_word' id='word_1_199' title='bbox 3577 1801 3580 1806; x_wconf 31' lang='grc' dir='ltr'>ι</span> 
     </span>
    </p>
   </div>
   <div class='ocr_carea' id='block_1_33' title="bbox 1905 1838 3464 1918">
    <p class='ocr_par' dir='ltr' id='par_1_33' title="bbox 1905 1838 3464 1918">
     <span class='ocr_line' id='line_1_33' title="bbox 1905 1838 3464 1918; baseline -0.012 -15"><span class='ocrx_word' id='word_1_200' title='bbox 1905 1846 2083 1918; x_wconf 74' lang='lat' dir='ltr'><strong>gelum</strong></span> <span class='ocrx_word' id='word_1_201' title='bbox 2121 1843 2279 1908; x_wconf 89' lang='lat' dir='ltr'><strong>lucis,</strong></span> <span class='ocrx_word' id='word_1_202' title='bbox 2314 1853 2368 1897; x_wconf 90' lang='lat' dir='ltr'><strong>et</strong></span> <span class='ocrx_word' id='word_1_203' title='bbox 2388 1856 2482 1896; x_wconf 83' lang='lat' dir='ltr'><strong>eos</strong></span> <span class='ocrx_word' id='word_1_204' title='bbox 2523 1840 2616 1910; x_wconf 90' lang='lat' dir='ltr'><strong>qui</strong></span> <span class='ocrx_word' id='word_1_205' title='bbox 2674 1838 2889 1894; x_wconf 88' lang='lat' dir='ltr'><strong>modum</strong></span> <span class='ocrx_word' id='word_1_206' title='bbox 2924 1847 2980 1889; x_wconf 86' lang='lat' dir='ltr'><strong>ct</strong></span> <span class='ocrx_word' id='word_1_207' title='bbox 3005 1847 3313 1889; x_wconf 83' lang='lat' dir='ltr'><strong>mensuram</strong></span> <span class='ocrx_word' id='word_1_208' title='bbox 3349 1844 3464 1886; x_wconf 71' lang='lat' dir='ltr'><strong>sua:</strong></span> 
     </span>
    </p>
   </div>
   <div class='ocr_carea' id='block_1_34' title="bbox 237 1906 1817 2016">
    <p class='ocr_par' dir='ltr' id='par_1_34' title="bbox 237 1906 1810 2016">
     <span class='ocr_line' id='line_1_34' title="bbox 237 1906 1810 2016; baseline -0.006 -16"><span class='ocrx_word' id='word_1_209' title='bbox 237 1906 633 2016; x_wconf 53' lang='grc' dir='ltr'><strong>λάᾴιξάτιατᾷ-</strong></span> <span class='ocrx_word' id='word_1_210' title='bbox 661 1906 743 1998; x_wconf 77' lang='grc' dir='ltr'><strong>διὸ</strong></span> <span class='ocrx_word' id='word_1_211' title='bbox 764 1943 858 1998; x_wconf 88' lang='grc' dir='ltr'><strong>καί</strong></span> <span class='ocrx_word' id='word_1_212' title='bbox 893 1959 977 2006; x_wconf 84' lang='grc' dir='ltr'><strong>τις</strong></span> <span class='ocrx_word' id='word_1_213' title='bbox 1012 1906 1216 2013; x_wconf 49' lang='grc' dir='ltr'>γέρων.</span> <span class='ocrx_word' id='word_1_214' title='bbox 1249 1906 1416 2010; x_wconf 68' lang='grc' dir='ltr'>φησίᾷ</span> <span class='ocrx_word' id='word_1_215' title='bbox 1440 1906 1478 1973; x_wconf 65' lang='grc' dir='ltr'><strong>ε’</strong></span> <span class='ocrx_word' id='word_1_216' title='bbox 1516 1906 1658 2008; x_wconf 44' lang='lat' dir='ltr'><strong>ea.</strong></span> <span class='ocrx_word' id='word_1_217' title='bbox 1678 1921 1681 1924; x_wconf 49' lang='grc'><em>⁴</em></span> <span class='ocrx_word' id='word_1_218' title='bbox 1699 1938 1810 1991; x_wconf 73' lang='grc' dir='ltr'><strong>τὸν</strong></span> 
     </span>
    </p>
   </div>
   <div class='ocr_carea' id='block_1_35' title="bbox 1923 1906 3467 2016">
    <p class='ocr_par' dir='ltr' id='par_1_35' title="bbox 1923 1906 3467 2013">
     <span class='ocr_line' id='line_1_35' title="bbox 1923 1906 3467 2013; baseline -0.014 -20"><span class='ocrx_word' id='word_1_219' title='bbox 1923 1906 2162 1993; x_wconf 69' lang='lat' dir='ltr'><strong>nesciunt</strong></span> <span class='ocrx_word' id='word_1_220' title='bbox 2200 1906 2601 2013; x_wconf 73' lang='lat' dir='ltr'><strong>irrrbecillitatis,</strong></span> <span class='ocrx_word' id='word_1_221' title='bbox 2639 1944 2780 2000; x_wconf 79' lang='lat' dir='ltr'><strong>saepe</strong></span> <span class='ocrx_word' id='word_1_222' title='bbox 2831 1928 2987 1981; x_wconf 84' lang='lat' dir='ltr'><strong>fallit.</strong></span> <span class='ocrx_word' id='word_1_223' title='bbox 3021 1925 3160 1980; x_wconf 86' lang='lat' dir='ltr'><strong>Hinc</strong></span> <span class='ocrx_word' id='word_1_224' title='bbox 3190 1924 3255 1978; x_wconf 90' lang='lat' dir='ltr'><strong>de</strong></span> <span class='ocrx_word' id='word_1_225' title='bbox 3289 1921 3467 1977; x_wconf 87' lang='lat' dir='ltr'><strong>senio-</strong></span> 
     </span>
    </p>
   </div>
   <div class='ocr_carea' id='block_1_36' title="bbox 239 2031 1245 2109">
    <p class='ocr_par' dir='ltr' id='par_1_36' title="bbox 239 2031 1245 2109">
     <span class='ocr_line' id='line_1_36' title="bbox 239 2031 1245 2109; baseline -0.008 -15"><span class='ocrx_word' id='word_1_226' title='bbox 239 2037 503 2109; x_wconf 74' lang='grc' dir='ltr'>Χριστὸν</span> <span class='ocrx_word' id='word_1_227' title='bbox 521 2036 778 2092; x_wconf 76' lang='grc' dir='ltr'>ἐνταῦθα</span> <span class='ocrx_word' id='word_1_228' title='bbox 811 2033 958 2089; x_wconf 75' lang='grc' dir='ltr'>ἰδεῖν</span> <span class='ocrx_word' id='word_1_229' title='bbox 978 2035 1050 2088; x_wconf 88' lang='grc' dir='ltr'>οὺ</span> <span class='ocrx_word' id='word_1_230' title='bbox 1076 2031 1245 2088; x_wconf 77' lang='grc' dir='ltr'>θέλω.</span> 
     </span>
    </p>
   </div>
   <div class='ocr_carea' id='block_1_37' title="bbox 842 2211 1197 2278">
    <p class='ocr_par' dir='ltr' id='par_1_37' title="bbox 842 2211 1197 2278">
     <span class='ocr_line' id='line_1_37' title="bbox 842 2211 1197 2278; baseline 0 -15"><span class='ocrx_word' id='word_1_231' title='bbox 842 2211 1092 2278; x_wconf 69' lang='grc' dir='ltr'>Σχόλιον</span> <span class='ocrx_word' id='word_1_232' title='bbox 1128 2214 1197 2263; x_wconf 86' lang='grc' dir='ltr'><strong>κ’.</strong></span> 
     </span>
    </p>
   </div>
   <div class='ocr_carea' id='block_1_38' title="bbox 317 2295 1813 2372">
    <p class='ocr_par' dir='ltr' id='par_1_38' title="bbox 317 2295 1813 2372">
     <span class='ocr_line' id='line_1_38' title="bbox 317 2295 1813 2372; baseline -0.004 -17"><span class='ocrx_word' id='word_1_233' title='bbox 317 2299 551 2372; x_wconf 74' lang='grc' dir='ltr'>Μητέρα</span> <span class='ocrx_word' id='word_1_234' title='bbox 568 2299 626 2354; x_wconf 79' lang='grc' dir='ltr'>δὲ</span> <span class='ocrx_word' id='word_1_235' title='bbox 655 2301 762 2354; x_wconf 85' lang='grc' dir='ltr'>νόει</span> <span class='ocrx_word' id='word_1_236' title='bbox 784 2301 887 2372; x_wconf 76' lang='grc' dir='ltr'>τὴν</span> <span class='ocrx_word' id='word_1_237' title='bbox 917 2299 1230 2372; x_wconf 80' lang='grc' dir='ltr'>ἀγαθότητα</span> <span class='ocrx_word' id='word_1_238' title='bbox 1260 2297 1394 2351; x_wconf 80' lang='grc' dir='ltr'>Θεοῦ</span> <span class='ocrx_word' id='word_1_239' title='bbox 1424 2298 1522 2366; x_wconf 83' lang='grc' dir='ltr'>τὴν</span> <span class='ocrx_word' id='word_1_240' title='bbox 1543 2295 1813 2367; x_wconf 78' lang='grc' dir='ltr'>ἔλλαμψιν</span> 
     </span>
    </p>
   </div>
   <div class='ocr_carea' id='block_1_39' title="bbox 242 2367 1812 2464">
    <p class='ocr_par' dir='ltr' id='par_1_39' title="bbox 242 2367 1812 2464">
     <span class='ocr_line' id='line_1_39' title="bbox 242 2367 1812 2464; baseline -0.005 -16"><span class='ocrx_word' id='word_1_241' title='bbox 242 2392 330 2464; x_wconf 81' lang='grc' dir='ltr'><strong>(α)</strong></span> <span class='ocrx_word' id='word_1_242' title='bbox 356 2367 456 2464; x_wconf 63' lang='grc' dir='ltr'><strong>την</strong></span> <span class='ocrx_word' id='word_1_243' title='bbox 477 2367 710 2464; x_wconf 78' lang='grc' dir='ltr'>θεωρίαν</span> <span class='ocrx_word' id='word_1_244' title='bbox 729 2408 743 2423; x_wconf 90' lang='grc'><strong>·</strong></span> <span class='ocrx_word' id='word_1_245' title='bbox 775 2367 978 2464; x_wconf 57' lang='grc' dir='ltr'><strong>νήπιον⁷</strong></span> <span class='ocrx_word' id='word_1_246' title='bbox 1009 2367 1064 2445; x_wconf 68' lang='grc' dir='ltr'><strong>δέ</strong></span> <span class='ocrx_word' id='word_1_247' title='bbox 1091 2367 1189 2454; x_wconf 76' lang='grc' dir='ltr'><strong>τάς</strong></span> <span class='ocrx_word' id='word_1_248' title='bbox 1233 2389 1453 2453; x_wconf 84' lang='grc' dir='ltr'>ὲλπίὸας</span> <span class='ocrx_word' id='word_1_249' title='bbox 1505 2387 1812 2461; x_wconf 80' lang='grc' dir='ltr'>προσευχὴν</span> 
     </span>
    </p>
   </div>
   <div class='ocr_carea' id='block_1_40' title="bbox 244 2471 1813 2554">
    <p class='ocr_par' dir='ltr' id='par_1_40' title="bbox 244 2471 1813 2554">
     <span class='ocr_line' id='line_1_40' title="bbox 244 2471 1813 2554; baseline -0.006 -16"><span class='ocrx_word' id='word_1_250' title='bbox 244 2482 534 2554; x_wconf 76' lang='grc' dir='ltr'>καθαρμὸν</span> <span class='ocrx_word' id='word_1_251' title='bbox 565 2480 796 2554; x_wconf 88' lang='grc' dir='ltr'>μοναχοῦ</span> <span class='ocrx_word' id='word_1_252' title='bbox 824 2481 919 2551; x_wconf 84' lang='lat' dir='ltr'><strong>(b).</strong></span> <span class='ocrx_word' id='word_1_253' title='bbox 960 2480 1248 2535; x_wconf 84' lang='grc' dir='ltr'>Ἐνὼδυνον</span> <span class='ocrx_word' id='word_1_254' title='bbox 1274 2480 1330 2532; x_wconf 74' lang='grc' dir='ltr'>δὲ</span> <span class='ocrx_word' id='word_1_255' title='bbox 1369 2479 1690 2549; x_wconf 68' lang='grc' dir='ltr'>ἐπιζήτησιν</span> <span class='ocrx_word' id='word_1_256' title='bbox 1716 2471 1813 2546; x_wconf 79' lang='grc' dir='ltr'>τὴν</span> 
     </span>
    </p>
   </div>
   <div class='ocr_carea' id='block_1_41' title="bbox 250 2569 1810 2648">
    <p class='ocr_par' dir='ltr' id='par_1_41' title="bbox 250 2569 1810 2648">
     <span class='ocr_line' id='line_1_41' title="bbox 250 2569 1810 2648; baseline -0.006 -18"><span class='ocrx_word' id='word_1_257' title='bbox 250 2575 394 2648; x_wconf 76' lang='grc' dir='ltr'>μετὰ</span> <span class='ocrx_word' id='word_1_258' title='bbox 415 2576 577 2629; x_wconf 88' lang='grc' dir='ltr'>πόνου</span> <span class='ocrx_word' id='word_1_259' title='bbox 613 2573 941 2645; x_wconf 75' lang='grc' dir='ltr'>τελουμένην</span> <span class='ocrx_word' id='word_1_260' title='bbox 991 2571 1154 2643; x_wconf 79' lang='grc' dir='ltr'>εὐχὴν</span> <span class='ocrx_word' id='word_1_261' title='bbox 1215 2572 1365 2641; x_wconf 74' lang='grc' dir='ltr'>παρὰ</span> <span class='ocrx_word' id='word_1_262' title='bbox 1421 2569 1517 2624; x_wconf 89' lang='grc' dir='ltr'><strong>τοῦ</strong></span> <span class='ocrx_word' id='word_1_263' title='bbox 1566 2569 1810 2622; x_wconf 80' lang='grc' dir='ltr'>τοιούτου</span> 
     </span>
    </p>
   </div>
   <div class='ocr_carea' id='block_1_42' title="bbox 246 2660 1812 2736">
    <p class='ocr_par' dir='ltr' id='par_1_42' title="bbox 246 2660 1812 2736">
     <span class='ocr_line' id='line_1_42' title="bbox 246 2660 1812 2736; baseline -0.005 -18"><span class='ocrx_word' id='word_1_264' title='bbox 246 2667 473 2736; x_wconf 81' lang='grc' dir='ltr'>νηπίου,</span> <span class='ocrx_word' id='word_1_265' title='bbox 501 2664 692 2736; x_wconf 77' lang='grc' dir='ltr'>τέρψιν</span> <span class='ocrx_word' id='word_1_266' title='bbox 713 2665 815 2735; x_wconf 80' lang='grc' dir='ltr'>τῆς</span> <span class='ocrx_word' id='word_1_267' title='bbox 840 2664 1136 2735; x_wconf 78' lang='grc' dir='ltr'>εἰρημένης</span> <span class='ocrx_word' id='word_1_268' title='bbox 1190 2662 1394 2733; x_wconf 84' lang='grc' dir='ltr'>μητρὸς</span> <span class='ocrx_word' id='word_1_269' title='bbox 1451 2660 1550 2732; x_wconf 84' lang='grc' dir='ltr'>τὴν</span> <span class='ocrx_word' id='word_1_270' title='bbox 1577 2660 1812 2731; x_wconf 74' lang='grc' dir='ltr'>ἔμμονον</span> 
     </span>
    </p>
   </div>
   <div class='ocr_carea' id='block_1_43' title="bbox 247 2751 1816 2828">
    <p class='ocr_par' dir='ltr' id='par_1_43' title="bbox 247 2751 1816 2828">
     <span class='ocr_line' id='line_1_43' title="bbox 247 2751 1816 2828; baseline -0.006 -18"><span class='ocrx_word' id='word_1_271' title='bbox 247 2757 349 2811; x_wconf 82' lang='grc' dir='ltr'><strong>τοῦ</strong></span> <span class='ocrx_word' id='word_1_272' title='bbox 375 2756 569 2828; x_wconf 83' lang='grc' dir='ltr'>νηπίου</span> <span class='ocrx_word' id='word_1_273' title='bbox 603 2755 855 2826; x_wconf 73' lang='grc' dir='ltr'>ζήτησιν,</span> <span class='ocrx_word' id='word_1_274' title='bbox 895 2755 1064 2825; x_wconf 58' lang='lat' dir='ltr'><strong>{now</strong></span> <span class='ocrx_word' id='word_1_275' title='bbox 1120 2754 1218 2825; x_wconf 83' lang='grc' dir='ltr'>τὴν</span> <span class='ocrx_word' id='word_1_276' title='bbox 1272 2753 1459 2824; x_wconf 83' lang='grc' dir='ltr'>δέησιν</span> <span class='ocrx_word' id='word_1_277' title='bbox 1489 2751 1590 2822; x_wconf 85' lang='grc' dir='ltr'>τῆς</span> <span class='ocrx_word' id='word_1_278' title='bbox 1635 2751 1816 2820; x_wconf 78' lang='grc' dir='ltr'>ἱκετηο</span> 
     </span>
    </p>
   </div>
   <div class='ocr_carea' id='block_1_44' title="bbox 251 2850 1657 2921">
    <p class='ocr_par' dir='ltr' id='par_1_44' title="bbox 251 2850 1657 2921">
     <span class='ocr_line' id='line_1_44' title="bbox 251 2850 1657 2921; baseline -0.01 -20"><span class='ocrx_word' id='word_1_279' title='bbox 251 2850 399 2921; x_wconf 85' lang='grc' dir='ltr'>ρίας.</span> <span class='ocrx_word' id='word_1_280' title='bbox 689 2905 698 2911; x_wconf 29' lang='grc' dir='ltr'><em>α</em></span> <span class='ocrx_word' id='word_1_281' title='bbox 1649 2866 1657 2873; x_wconf 92' lang='grc'><strong><em>-</em></strong></span> 
     </span>
    </p>
   </div>
   <div class='ocr_carea' id='block_1_45' title="bbox 816 2941 1335 3010">
    <p class='ocr_par' dir='ltr' id='par_1_45' title="bbox 816 2941 1335 3010">
     <span class='ocr_line' id='line_1_45' title="bbox 816 2941 1335 3010; baseline -0.008 -14"><span class='ocrx_word' id='word_1_282' title='bbox 816 2941 1074 3010; x_wconf 66' lang='grc' dir='ltr'>Σχόλιον</span> <span class='ocrx_word' id='word_1_283' title='bbox 1113 2944 1218 2994; x_wconf 85' lang='grc' dir='ltr'>κα’.</span> <span class='ocrx_word' id='word_1_284' title='bbox 1332 2973 1335 2976; x_wconf 96' lang='grc'><strong><em>-</em></strong></span> 
     </span>
    </p>
   </div>
   <div class='ocr_carea' id='block_1_46' title="bbox 326 3028 1820 3107">
    <p class='ocr_par' dir='ltr' id='par_1_46' title="bbox 326 3028 1820 3107">
     <span class='ocr_line' id='line_1_46' title="bbox 326 3028 1820 3107; baseline -0.004 -19"><span class='ocrx_word' id='word_1_285' title='bbox 326 3037 549 3097; x_wconf 80' lang='grc' dir='ltr'>Δίκαιος</span> <span class='ocrx_word' id='word_1_286' title='bbox 578 3033 784 3107; x_wconf 80' lang='grc' dir='ltr'>Κύριος</span> <span class='ocrx_word' id='word_1_287' title='bbox 799 3032 1023 3097; x_wconf 84' lang='grc' dir='ltr'>δικαίως</span> <span class='ocrx_word' id='word_1_288' title='bbox 1059 3031 1272 3102; x_wconf 77' lang='grc' dir='ltr'>ἑκάστῳ</span> <span class='ocrx_word' id='word_1_289' title='bbox 1297 3030 1397 3102; x_wconf 75' lang='grc' dir='ltr'>τὴν</span> <span class='ocrx_word' id='word_1_290' title='bbox 1425 3028 1673 3102; x_wconf 85' lang='grc' dir='ltr'>βοήθειαν</span> <span class='ocrx_word' id='word_1_291' title='bbox 1697 3031 1820 3084; x_wconf 83' lang='grc' dir='ltr'>ὲπι-</span> 
     </span>
    </p>
   </div>
   <div class='ocr_carea' id='block_1_47' title="bbox 208 3119 1820 3200">
    <p class='ocr_par' dir='ltr' id='par_1_47' title="bbox 208 3119 1820 3200">
     <span class='ocr_line' id='line_1_47' title="bbox 208 3119 1820 3200; baseline -0.006 -18"><span class='ocrx_word' id='word_1_292' title='bbox 208 3134 210 3136; x_wconf 83' lang='grc'><em>’</em></span> <span class='ocrx_word' id='word_1_293' title='bbox 253 3128 434 3200; x_wconf 85' lang='grc' dir='ltr'>νέμει,</span> <span class='ocrx_word' id='word_1_294' title='bbox 461 3127 539 3198; x_wconf 86' lang='grc' dir='ltr'>τῷ</span> <span class='ocrx_word' id='word_1_295' title='bbox 564 3145 624 3181; x_wconf 87' lang='grc' dir='ltr'><strong>τε</strong></span> <span class='ocrx_word' id='word_1_296' title='bbox 653 3125 976 3198; x_wconf 74' lang='grc' dir='ltr'>ἡσυχάζοντι</span> <span class='ocrx_word' id='word_1_297' title='bbox 1016 3125 1282 3195; x_wconf 78' lang='grc' dir='ltr'>νομίμως,</span> <span class='ocrx_word' id='word_1_298' title='bbox 1305 3124 1396 3177; x_wconf 78' lang='grc' dir='ltr'>καὶ</span> <span class='ocrx_word' id='word_1_299' title='bbox 1423 3123 1499 3186; x_wconf 84' lang='grc' dir='ltr'>ὡς</span> <span class='ocrx_word' id='word_1_300' title='bbox 1517 3123 1596 3186; x_wconf 81' lang='grc' dir='ltr'><strong>δεῖ</strong></span> <span class='ocrx_word' id='word_1_301' title='bbox 1618 3119 1820 3193; x_wconf 79' lang='grc' dir='ltr'>ἡσυχά-</span> 
     </span>
    </p>
   </div>
   <div class='ocr_carea' id='block_1_48' title="bbox 1907 2016 3468 2098">
    <p class='ocr_par' dir='ltr' id='par_1_48' title="bbox 1907 2016 3468 2098">
     <span class='ocr_line' id='line_1_48' title="bbox 1907 2016 3468 2098; baseline -0.014 -13"><span class='ocrx_word' id='word_1_302' title='bbox 1907 2031 2063 2085; x_wconf 85' lang='lat' dir='ltr'><strong>ribus</strong></span> <span class='ocrx_word' id='word_1_303' title='bbox 2089 2027 2303 2098; x_wconf 86' lang='lat' dir='ltr'><strong>quidam</strong></span> <span class='ocrx_word' id='word_1_304' title='bbox 2340 2023 2507 2079; x_wconf 72' lang='lat' dir='ltr'><strong>dixit:</strong></span> <span class='ocrx_word' id='word_1_305' title='bbox 2534 2021 2644 2092; x_wconf 81' lang='lat' dir='ltr'><strong>Ego</strong></span> <span class='ocrx_word' id='word_1_306' title='bbox 2689 2020 2960 2074; x_wconf 78' lang='lat' dir='ltr'><strong>Christum</strong></span> <span class='ocrx_word' id='word_1_307' title='bbox 3007 2017 3063 2069; x_wconf 90' lang='lat' dir='ltr'><strong>in</strong></span> <span class='ocrx_word' id='word_1_308' title='bbox 3092 2016 3191 2068; x_wconf 87' lang='lat' dir='ltr'><strong>hac</strong></span> <span class='ocrx_word' id='word_1_309' title='bbox 3216 2016 3321 2068; x_wconf 84' lang='lat' dir='ltr'><strong>vita</strong></span> <span class='ocrx_word' id='word_1_310' title='bbox 3362 2027 3468 2066; x_wconf 87' lang='lat' dir='ltr'><strong>non</strong></span> 
     </span>
    </p>
   </div>
   <div class='ocr_carea' id='block_1_49' title="bbox 1909 2118 2272 2191">
    <p class='ocr_par' dir='ltr' id='par_1_49' title="bbox 1909 2118 2272 2191">
     <span class='ocr_line' id='line_1_49' title="bbox 1909 2118 2272 2191; baseline -0.014 -16"><span class='ocrx_word' id='word_1_311' title='bbox 1909 2121 2059 2191; x_wconf 77' lang='lat' dir='ltr'><strong>cupio</strong></span> <span class='ocrx_word' id='word_1_312' title='bbox 2084 2118 2272 2174; x_wconf 79' lang='lat' dir='ltr'><strong>cidere.</strong></span> 
     </span>
    </p>
   </div>
   <div class='ocr_carea' id='block_1_50' title="bbox 2502 2201 3070 2261">
    <p class='ocr_par' dir='ltr' id='par_1_50' title="bbox 2502 2201 3070 2261">
     <span class='ocr_line' id='line_1_50' title="bbox 2502 2201 3070 2261; baseline -0.016 0"><span class='ocrx_word' id='word_1_313' title='bbox 2502 2203 2743 2261; x_wconf 82' lang='lat' dir='ltr'><strong>Scholion</strong></span> <span class='ocrx_word' id='word_1_314' title='bbox 2779 2201 2870 2256; x_wconf 71' lang='grc'><strong>20.</strong></span> <span class='ocrx_word' id='word_1_315' title='bbox 3063 2255 3070 2261; x_wconf 70' lang='grc'><strong>,</strong></span> 
     </span>
    </p>
   </div>
   <div class='ocr_carea' id='block_1_51' title="bbox 1983 2287 3479 2368">
    <p class='ocr_par' dir='ltr' id='par_1_51' title="bbox 1983 2287 3479 2368">
     <span class='ocr_line' id='line_1_51' title="bbox 1983 2287 3479 2368; baseline -0.012 -11"><span class='ocrx_word' id='word_1_316' title='bbox 1983 2301 2206 2356; x_wconf 78' lang='lat' dir='ltr'><strong>Matrem</strong></span> <span class='ocrx_word' id='word_1_317' title='bbox 2261 2298 2495 2368; x_wconf 67' lang='lat' dir='ltr'><strong>intellige</strong></span> <span class='ocrx_word' id='word_1_318' title='bbox 2547 2295 2640 2350; x_wconf 87' lang='lat' dir='ltr'><strong>Dei</strong></span> <span class='ocrx_word' id='word_1_319' title='bbox 2672 2294 2986 2356; x_wconf 87' lang='lat' dir='ltr'><strong>bonitatem,</strong></span> <span class='ocrx_word' id='word_1_320' title='bbox 3047 2287 3479 2361; x_wconf 84' lang='lat' dir='ltr'><strong>illustrationem</strong></span> 
     </span>
    </p>
   </div>
   <div class='ocr_carea' id='block_1_52' title="bbox 1913 2378 3469 2461">
    <p class='ocr_par' dir='ltr' id='par_1_52' title="bbox 1913 2378 3469 2461">
     <span class='ocr_line' id='line_1_52' title="bbox 1913 2378 3469 2461; baseline -0.015 -8"><span class='ocrx_word' id='word_1_321' title='bbox 1913 2406 1969 2453; x_wconf 88' lang='lat' dir='ltr'><strong>et</strong></span> <span class='ocrx_word' id='word_1_322' title='bbox 2024 2391 2571 2461; x_wconf 90' lang='lat' dir='ltr'><strong>contemplationem;</strong></span> <span class='ocrx_word' id='word_1_323' title='bbox 2621 2385 2905 2457; x_wconf 90' lang='lat' dir='ltr'><strong>parvulum</strong></span> <span class='ocrx_word' id='word_1_324' title='bbox 2960 2391 3139 2436; x_wconf 88' lang='lat' dir='ltr'><strong>autem</strong></span> <span class='ocrx_word' id='word_1_325' title='bbox 3214 2378 3469 2433; x_wconf 66' lang='lat' dir='ltr'><strong>infantem</strong></span> 
     </span>
    </p>
   </div>
   <div class='ocr_carea' id='block_1_53' title="bbox 1914 2469 3473 2558">
    <p class='ocr_par' dir='ltr' id='par_1_53' title="bbox 1914 2469 3473 2558">
     <span class='ocr_line' id='line_1_53' title="bbox 1914 2469 3473 2558; baseline -0.013 -16"><span class='ocrx_word' id='word_1_326' title='bbox 1914 2502 2064 2558; x_wconf 83' lang='lat' dir='ltr'><strong>spem</strong></span> <span class='ocrx_word' id='word_1_327' title='bbox 2117 2494 2171 2540; x_wconf 91' lang='lat' dir='ltr'><strong>et</strong></span> <span class='ocrx_word' id='word_1_328' title='bbox 2219 2481 2483 2538; x_wconf 89' lang='lat' dir='ltr'><strong>orationis</strong></span> <span class='ocrx_word' id='word_1_329' title='bbox 2532 2476 2850 2553; x_wconf 86' lang='lat' dir='ltr'><strong>munditiem</strong></span> <span class='ocrx_word' id='word_1_330' title='bbox 2905 2474 3202 2539; x_wconf 83' lang='lat' dir='ltr'><strong>monacho;</strong></span> <span class='ocrx_word' id='word_1_331' title='bbox 3256 2469 3473 2524; x_wconf 69' lang='lat' dir='ltr'><strong>anxiam</strong></span> 
     </span>
    </p>
   </div>
   <div class='ocr_carea' id='block_1_54' title="bbox 1915 2563 3471 2644">
    <p class='ocr_par' dir='ltr' id='par_1_54' title="bbox 1915 2563 3471 2644">
     <span class='ocr_line' id='line_1_54' title="bbox 1915 2563 3471 2644; baseline -0.013 -10"><span class='ocrx_word' id='word_1_332' title='bbox 1915 2588 2093 2634; x_wconf 87' lang='lat' dir='ltr'><strong>autem</strong></span> <span class='ocrx_word' id='word_1_333' title='bbox 2133 2575 2618 2644; x_wconf 76' lang='lat' dir='ltr'><strong>investigationem,</strong></span> <span class='ocrx_word' id='word_1_334' title='bbox 2648 2569 2831 2638; x_wconf 74' lang='lat' dir='ltr'><strong>accipe</strong></span> <span class='ocrx_word' id='word_1_335' title='bbox 2856 2581 3042 2639; x_wconf 81' lang='lat' dir='ltr'><strong>preces</strong></span> <span class='ocrx_word' id='word_1_336' title='bbox 3073 2580 3194 2621; x_wconf 90' lang='lat' dir='ltr'><strong>cum</strong></span> <span class='ocrx_word' id='word_1_337' title='bbox 3230 2563 3412 2617; x_wconf 86' lang='lat' dir='ltr'><strong>labore</strong></span> <span class='ocrx_word' id='word_1_338' title='bbox 3442 2577 3471 2614; x_wconf 88' lang='lat' dir='ltr'><strong>a</strong></span> 
     </span>
    </p>
   </div>
   <div class='ocr_carea' id='block_1_55' title="bbox 1915 2651 3472 2734">
    <p class='ocr_par' dir='ltr' id='par_1_55' title="bbox 1915 2651 3472 2734">
     <span class='ocr_line' id='line_1_55' title="bbox 1915 2651 3472 2734; baseline -0.013 -10"><span class='ocrx_word' id='word_1_339' title='bbox 1915 2670 2007 2724; x_wconf 84' lang='lat' dir='ltr'><strong>tali</strong></span> <span class='ocrx_word' id='word_1_340' title='bbox 2079 2667 2283 2724; x_wconf 77' lang='lat' dir='ltr'><strong>infante</strong></span> <span class='ocrx_word' id='word_1_341' title='bbox 2325 2665 2505 2734; x_wconf 81' lang='lat' dir='ltr'><strong>peragi</strong></span> <span class='ocrx_word' id='word_1_342' title='bbox 2556 2662 2790 2717; x_wconf 89' lang='lat' dir='ltr'><strong>solitas:</strong></span> <span class='ocrx_word' id='word_1_343' title='bbox 2823 2651 3236 2713; x_wconf 81' lang='lat' dir='ltr'><strong>delectationem</strong></span> <span class='ocrx_word' id='word_1_344' title='bbox 3293 2651 3472 2707; x_wconf 80' lang='lat' dir='ltr'><strong>autem</strong></span> 
     </span>
    </p>
   </div>
   <div class='ocr_carea' id='block_1_56' title="bbox 1915 2739 3477 2825">
    <p class='ocr_par' dir='ltr' id='par_1_56' title="bbox 1915 2739 3477 2825">
     <span class='ocr_line' id='line_1_56' title="bbox 1915 2739 3477 2825; baseline -0.013 -11"><span class='ocrx_word' id='word_1_345' title='bbox 1915 2757 2106 2814; x_wconf 87' lang='lat' dir='ltr'><strong>matris</strong></span> <span class='ocrx_word' id='word_1_346' title='bbox 2133 2752 2398 2825; x_wconf 83' lang='lat' dir='ltr'><strong>ejusmodi</strong></span> <span class='ocrx_word' id='word_1_347' title='bbox 2427 2757 2860 2822; x_wconf 82' lang='lat' dir='ltr'><strong>perseverantem</strong></span> <span class='ocrx_word' id='word_1_348' title='bbox 2888 2747 2940 2799; x_wconf 91' lang='lat' dir='ltr'><strong>in</strong></span> <span class='ocrx_word' id='word_1_349' title='bbox 2982 2742 3211 2814; x_wconf 83' lang='lat' dir='ltr'><strong>parvulo</strong></span> <span class='ocrx_word' id='word_1_350' title='bbox 3243 2739 3477 2810; x_wconf 80' lang='lat' dir='ltr'><strong>inquisi—</strong></span> 
     </span>
    </p>
   </div>
   <div class='ocr_carea' id='block_1_57' title="bbox 1919 2835 3156 2912">
    <p class='ocr_par' dir='ltr' id='par_1_57' title="bbox 1919 2835 3156 2912">
     <span class='ocr_line' id='line_1_57' title="bbox 1919 2835 3156 2912; baseline -0.016 -5"><span class='ocrx_word' id='word_1_351' title='bbox 1919 2852 2140 2912; x_wconf 90' lang='lat' dir='ltr'><strong>tionem,</strong></span> <span class='ocrx_word' id='word_1_352' title='bbox 2165 2847 2270 2902; x_wconf 85' lang='lat' dir='ltr'><strong>hoc</strong></span> <span class='ocrx_word' id='word_1_353' title='bbox 2300 2853 2406 2909; x_wconf 91' lang='lat' dir='ltr'><strong>est,</strong></span> <span class='ocrx_word' id='word_1_354' title='bbox 2432 2841 2725 2912; x_wconf 82' lang='lat' dir='ltr'><strong>supplicem</strong></span> <span class='ocrx_word' id='word_1_355' title='bbox 2761 2835 3156 2908; x_wconf 89' lang='lat' dir='ltr'><strong>precationem.</strong></span> 
     </span>
    </p>
   </div>
   <div class='ocr_carea' id='block_1_58' title="bbox 2501 2929 2878 2988">
    <p class='ocr_par' dir='ltr' id='par_1_58' title="bbox 2501 2929 2878 2988">
     <span class='ocr_line' id='line_1_58' title="bbox 2501 2929 2878 2988; baseline -0.011 0"><span class='ocrx_word' id='word_1_356' title='bbox 2501 2931 2747 2988; x_wconf 83' lang='lat' dir='ltr'><strong>Scholion</strong></span> <span class='ocrx_word' id='word_1_357' title='bbox 2785 2929 2850 2984; x_wconf 65' lang='lat' dir='ltr'><strong>Si</strong></span> <span class='ocrx_word' id='word_1_358' title='bbox 2863 2970 2878 2984; x_wconf 91' lang='lat'><strong>.</strong></span> 
     </span>
    </p>
   </div>
   <div class='ocr_carea' id='block_1_59' title="bbox 1988 3011 3530 3093">
    <p class='ocr_par' dir='ltr' id='par_1_59' title="bbox 1988 3011 3530 3093">
     <span class='ocr_line' id='line_1_59' title="bbox 1988 3011 3530 3093; baseline -0.012 -7"><span class='ocrx_word' id='word_1_359' title='bbox 1988 3030 2177 3088; x_wconf 75' lang='lat' dir='ltr'><strong>Justus</strong></span> <span class='ocrx_word' id='word_1_360' title='bbox 2228 3026 2492 3082; x_wconf 88' lang='lat' dir='ltr'><strong>Dominus</strong></span> <span class='ocrx_word' id='word_1_361' title='bbox 2523 3039 2675 3093; x_wconf 63' lang='lat' dir='ltr'><strong>atque</strong></span> <span class='ocrx_word' id='word_1_362' title='bbox 2713 3021 2944 3092; x_wconf 81' lang='lat' dir='ltr'><strong>singulis</strong></span> <span class='ocrx_word' id='word_1_363' title='bbox 2988 3016 3270 3073; x_wconf 78' lang='lat' dir='ltr'><strong>auxillium</strong></span> <span class='ocrx_word' id='word_1_364' title='bbox 3323 3011 3486 3084; x_wconf 71' lang='lat'><strong>169</strong></span> <span class='ocrx_word' id='word_1_365' title='bbox 3517 3039 3530 3049; x_wconf 83' lang='lat'><strong>-</strong></span> 
     </span>
    </p>
   </div>
   <div class='ocr_carea' id='block_1_60' title="bbox 1922 3105 3484 3195">
    <p class='ocr_par' dir='ltr' id='par_1_60' title="bbox 1922 3105 3484 3195">
     <span class='ocr_line' id='line_1_60' title="bbox 1922 3105 3484 3195; baseline -0.015 -14"><span class='ocrx_word' id='word_1_366' title='bbox 1922 3126 2253 3195; x_wconf 87' lang='lat' dir='ltr'><strong>impertitur;</strong></span> <span class='ocrx_word' id='word_1_367' title='bbox 2285 3118 2526 3175; x_wconf 86' lang='lat' dir='ltr'><strong>solitario</strong></span> <span class='ocrx_word' id='word_1_368' title='bbox 2564 3124 2623 3170; x_wconf 89' lang='lat' dir='ltr'><strong>ut</strong></span> <span class='ocrx_word' id='word_1_369' title='bbox 2649 3116 2805 3186; x_wconf 78' lang='lat' dir='ltr'><strong>decet</strong></span> <span class='ocrx_word' id='word_1_370' title='bbox 2841 3124 2898 3168; x_wconf 82' lang='lat' dir='ltr'><strong>et</strong></span> <span class='ocrx_word' id='word_1_371' title='bbox 2947 3120 3008 3166; x_wconf 90' lang='lat' dir='ltr'><strong>ut</strong></span> <span class='ocrx_word' id='word_1_372' title='bbox 3051 3117 3266 3179; x_wconf 87' lang='lat' dir='ltr'><strong>oportet</strong></span> <span class='ocrx_word' id='word_1_373' title='bbox 3293 3105 3484 3162; x_wconf 88' lang='lat' dir='ltr'><strong>solita-</strong></span> 
     </span>
    </p>
   </div>
   <div class='ocr_carea' id='block_1_61' title="bbox 257 3190 1817 3299">
    <p class='ocr_par' dir='ltr' id='par_1_61' title="bbox 257 3190 1817 3292">
     <span class='ocr_line' id='line_1_61' title="bbox 257 3190 1817 3292; baseline -0.007 -16"><span class='ocrx_word' id='word_1_374' title='bbox 257 3190 394 3288; x_wconf 70' lang='grc' dir='ltr'>ζειν,</span> <span class='ocrx_word' id='word_1_375' title='bbox 559 3220 638 3290; x_wconf 81' lang='grc' dir='ltr'>τῷ</span> <span class='ocrx_word' id='word_1_376' title='bbox 943 3190 1386 3286; x_wconf 27' lang='grc' dir='ltr'>ὑποτασῠσομένῳ.</span> <span class='ocrx_word' id='word_1_377' title='bbox 1435 3215 1609 3282; x_wconf 56' lang='grc' dir='ltr'>,Λέγει</span> <span class='ocrx_word' id='word_1_378' title='bbox 1641 3190 1754 3266; x_wconf 62' lang='grc' dir='ltr'><strong>⁷οὖν</strong></span> <span class='ocrx_word' id='word_1_379' title='bbox 1791 3214 1817 3265; x_wconf 82' lang='grc' dir='ltr'><em>ὀ</em></span> 
     </span>
    </p>
   </div>
   <div class='ocr_carea' id='block_1_62' title="bbox 1923 3190 3487 3299">
    <p class='ocr_par' dir='ltr' id='par_1_62' title="bbox 1924 3190 3487 3274">
     <span class='ocr_line' id='line_1_62' title="bbox 1924 3190 3487 3274; baseline -0.015 -11"><span class='ocrx_word' id='word_1_380' title='bbox 1924 3190 2066 3263; x_wconf 81' lang='lat' dir='ltr'><strong>rium</strong></span> <span class='ocrx_word' id='word_1_381' title='bbox 2090 3219 2268 3274; x_wconf 78' lang='lat' dir='ltr'><strong>agere,</strong></span> <span class='ocrx_word' id='word_1_382' title='bbox 2292 3213 2348 3257; x_wconf 90' lang='lat' dir='ltr'><strong>et</strong></span> <span class='ocrx_word' id='word_1_383' title='bbox 2375 3200 2451 3257; x_wconf 80' lang='lat' dir='ltr'><strong>illi</strong></span> <span class='ocrx_word' id='word_1_384' title='bbox 2477 3201 2572 3270; x_wconf 90' lang='lat' dir='ltr'><strong>qui</strong></span> <span class='ocrx_word' id='word_1_385' title='bbox 2610 3199 2764 3254; x_wconf 89' lang='lat' dir='ltr'><strong>alteri</strong></span> <span class='ocrx_word' id='word_1_386' title='bbox 2800 3197 2877 3267; x_wconf 91' lang='lat' dir='ltr'><strong>(in</strong></span> <span class='ocrx_word' id='word_1_387' title='bbox 2912 3194 3183 3261; x_wconf 69' lang='lat' dir='ltr'><strong>cmnobio)</strong></span> <span class='ocrx_word' id='word_1_388' title='bbox 3249 3190 3487 3260; x_wconf 77' lang='lat' dir='ltr'><strong>legitime</strong></span> 
     </span>
    </p>
   </div>
   <div class='ocr_carea' id='block_1_63' title="bbox 257 3303 1823 3384">
    <p class='ocr_par' dir='ltr' id='par_1_63' title="bbox 257 3303 1823 3384">
     <span class='ocr_line' id='line_1_63' title="bbox 257 3303 1823 3384; baseline -0.009 -15"><span class='ocrx_word' id='word_1_389' title='bbox 257 3315 468 3384; x_wconf 84' lang='grc' dir='ltr'>πατὴρ·</span> <span class='ocrx_word' id='word_1_390' title='bbox 503 3312 584 3366; x_wconf 79' lang='grc' dir='ltr'>ὅτι</span> <span class='ocrx_word' id='word_1_391' title='bbox 613 3313 642 3365; x_wconf 83' lang='grc' dir='ltr'>ὁ</span> <span class='ocrx_word' id='word_1_392' title='bbox 668 3310 925 3382; x_wconf 74' lang='grc' dir='ltr'>ἑκάτερον</span> <span class='ocrx_word' id='word_1_393' title='bbox 946 3307 1278 3379; x_wconf 84' lang='grc' dir='ltr'>τῶντρόπων</span> <span class='ocrx_word' id='word_1_394' title='bbox 1310 3304 1500 3369; x_wconf 88' lang='grc' dir='ltr'>ποιῶν,</span> <span class='ocrx_word' id='word_1_395' title='bbox 1524 3303 1823 3367; x_wconf 79' lang='grc' dir='ltr'>τουτέστιν,</span> 
     </span>
    </p>
   </div>
   <div class='ocr_carea' id='block_1_64' title="bbox 255 3392 1825 3475">
    <p class='ocr_par' dir='ltr' id='par_1_64' title="bbox 255 3392 1825 3475">
     <span class='ocr_line' id='line_1_64' title="bbox 255 3392 1825 3475; baseline -0.008 -17"><span class='ocrx_word' id='word_1_396' title='bbox 255 3407 371 3459; x_wconf 71' lang='grc' dir='ltr'>εἴτε</span> <span class='ocrx_word' id='word_1_397' title='bbox 398 3403 498 3475; x_wconf 78' lang='grc' dir='ltr'>τὴν</span> <span class='ocrx_word' id='word_1_398' title='bbox 527 3402 758 3475; x_wconf 72' lang='grc' dir='ltr'>ἡσυχίαν</span> <span class='ocrx_word' id='word_1_399' title='bbox 789 3399 1133 3473; x_wconf 83' lang='grc' dir='ltr'>μετέρχεται,</span> <span class='ocrx_word' id='word_1_400' title='bbox 1155 3397 1265 3451; x_wconf 71' lang='grc' dir='ltr'>εἴτε</span> <span class='ocrx_word' id='word_1_401' title='bbox 1289 3397 1389 3467; x_wconf 77' lang='grc' dir='ltr'>τὴν</span> <span class='ocrx_word' id='word_1_402' title='bbox 1417 3394 1713 3465; x_wconf 70' lang='grc' dir='ltr'>ὑποταγὴν,</span> <span class='ocrx_word' id='word_1_403' title='bbox 1731 3392 1825 3446; x_wconf 78' lang='grc' dir='ltr'><strong>ἰὰν</strong></span> 
     </span>
    </p>
   </div>
   <div class='ocr_carea' id='block_1_65' title="bbox 260 3482 1824 3570">
    <p class='ocr_par' dir='ltr' id='par_1_65' title="bbox 260 3482 1824 3570">
     <span class='ocr_line' id='line_1_65' title="bbox 260 3482 1824 3570; baseline -0.01 -17"><span class='ocrx_word' id='word_1_404' title='bbox 260 3499 364 3570; x_wconf 78' lang='grc' dir='ltr'>μὴ,</span> <span class='ocrx_word' id='word_1_405' title='bbox 380 3498 458 3562; x_wconf 82' lang='grc' dir='ltr'>ὡς</span> <span class='ocrx_word' id='word_1_406' title='bbox 479 3497 579 3559; x_wconf 82' lang='grc' dir='ltr'>δεῖ,</span> <span class='ocrx_word' id='word_1_407' title='bbox 595 3495 767 3549; x_wconf 89' lang='grc' dir='ltr'>ταῦτα</span> <span class='ocrx_word' id='word_1_408' title='bbox 784 3493 910 3564; x_wconf 84' lang='grc' dir='ltr'>μετέ</span> <span class='ocrx_word' id='word_1_409' title='bbox 917 3503 1168 3565; x_wconf 81' lang='grc' dir='ltr'>ρχωνται,</span> <span class='ocrx_word' id='word_1_410' title='bbox 1189 3485 1592 3559; x_wconf 67' lang='grc' dir='ltr'>ἀπηλλαγμένοι</span> <span class='ocrx_word' id='word_1_411' title='bbox 1609 3485 1716 3539; x_wconf 74' lang='grc' dir='ltr'>εἰσὶ</span> <span class='ocrx_word' id='word_1_412' title='bbox 1732 3482 1824 3540; x_wconf 88' lang='grc' dir='ltr'><strong>τοῦ</strong></span> 
     </span>
    </p>
   </div>
   <div class='ocr_carea' id='block_1_66' title="bbox 259 3576 1829 3661">
    <p class='ocr_par' dir='ltr' id='par_1_66' title="bbox 259 3576 1829 3661">
     <span class='ocr_line' id='line_1_66' title="bbox 259 3576 1829 3661; baseline -0.01 -16"><span class='ocrx_word' id='word_1_413' title='bbox 259 3587 634 3661; x_wconf 84' lang='grc' dir='ltr'>πνευματικοῦ</span> <span class='ocrx_word' id='word_1_414' title='bbox 654 3585 900 3651; x_wconf 79' lang='grc' dir='ltr'>πένθους,</span> <span class='ocrx_word' id='word_1_415' title='bbox 921 3585 1089 3656; x_wconf 76' lang='grc' dir='ltr'>ἡγουν</span> <span class='ocrx_word' id='word_1_416' title='bbox 1110 3583 1207 3655; x_wconf 76' lang='grc' dir='ltr'><strong>τῆς</strong></span> <span class='ocrx_word' id='word_1_417' title='bbox 1229 3578 1598 3644; x_wconf 78' lang='grc' dir='ltr'>κατανύξεωςο</span> <span class='ocrx_word' id='word_1_418' title='bbox 1621 3578 1716 3632; x_wconf 78' lang='grc' dir='ltr'>καὶ</span> <span class='ocrx_word' id='word_1_419' title='bbox 1739 3576 1829 3651; x_wconf 80' lang='grc' dir='ltr'>διὰ</span> 
     </span>
    </p>
   </div>
   <div class='ocr_carea' id='block_1_67' title="bbox 257 3667 1832 3748">
    <p class='ocr_par' dir='ltr' id='par_1_67' title="bbox 257 3667 1832 3748">
     <span class='ocr_line' id='line_1_67' title="bbox 257 3667 1832 3748; baseline -0.009 -13"><span class='ocrx_word' id='word_1_420' title='bbox 257 3682 421 3735; x_wconf 78' lang='grc' dir='ltr'>τοῦτο</span> <span class='ocrx_word' id='word_1_421' title='bbox 443 3677 654 3748; x_wconf 75' lang='grc' dir='ltr'>θρήνεον</span> <span class='ocrx_word' id='word_1_422' title='bbox 671 3676 776 3729; x_wconf 73' lang='grc' dir='ltr'>εἰσὶ</span> <span class='ocrx_word' id='word_1_423' title='bbox 791 3675 999 3729; x_wconf 82' lang='grc' dir='ltr'>πολλῶν</span> <span class='ocrx_word' id='word_1_424' title='bbox 1020 3675 1177 3740; x_wconf 76' lang='grc' dir='ltr'>ἄξιοιο</span> <span class='ocrx_word' id='word_1_425' title='bbox 1203 3671 1263 3725; x_wconf 79' lang='grc' dir='ltr'>τὸ</span> <span class='ocrx_word' id='word_1_426' title='bbox 1278 3669 1386 3742; x_wconf 83' lang='grc' dir='ltr'>γὰρ</span> <span class='ocrx_word' id='word_1_427' title='bbox 1407 3670 1506 3724; x_wconf 84' lang='grc' dir='ltr'>οὐκ</span> <span class='ocrx_word' id='word_1_428' title='bbox 1523 3667 1832 3733; x_wconf 81' lang='grc' dir='ltr'>ἀνόθευτον,</span> 
     </span>
    </p>
   </div>
   <div class='ocr_carea' id='block_1_68' title="bbox 258 3749 1830 3842">
    <p class='ocr_par' dir='ltr' id='par_1_68' title="bbox 258 3749 1830 3842">
     <span class='ocr_line' id='line_1_68' title="bbox 258 3749 1830 3842; baseline -0.006 -18"><span class='ocrx_word' id='word_1_429' title='bbox 258 3770 505 3842; x_wconf 69' lang='grc' dir='ltr'>δηλονότι</span> <span class='ocrx_word' id='word_1_430' title='bbox 530 3769 714 3830; x_wconf 86' lang='grc' dir='ltr'>κακῶς</span> <span class='ocrx_word' id='word_1_431' title='bbox 737 3766 1078 3834; x_wconf 79' lang='grc' dir='ltr'>γίνεται.Καὶ</span> <span class='ocrx_word' id='word_1_432' title='bbox 1109 3767 1182 3834; x_wconf 83' lang='grc' dir='ltr'>μή</span> <span class='ocrx_word' id='word_1_433' title='bbox 1203 3780 1264 3817; x_wconf 89' lang='grc' dir='ltr'><strong>σε</strong></span> <span class='ocrx_word' id='word_1_434' title='bbox 1287 3760 1494 3824; x_wconf 87' lang='grc' dir='ltr'>πλανῶ,</span> <span class='ocrx_word' id='word_1_435' title='bbox 1509 3754 1554 3814; x_wconf 80' lang='grc' dir='ltr'><strong>ὦ</strong></span> <span class='ocrx_word' id='word_1_436' title='bbox 1568 3749 1830 3832; x_wconf 68' lang='grc' dir='ltr'>ἀκροατάν</span> 
     </span>
    </p>
   </div>
   <div class='ocr_carea' id='block_1_69' title="bbox 1926 3283 3481 3372">
    <p class='ocr_par' dir='ltr' id='par_1_69' title="bbox 1926 3283 3481 3372">
     <span class='ocr_line' id='line_1_69' title="bbox 1926 3283 3481 3372; baseline -0.015 -17"><span class='ocrx_word' id='word_1_437' title='bbox 1926 3306 2096 3372; x_wconf 83' lang='lat' dir='ltr'><strong>paret.</strong></span> <span class='ocrx_word' id='word_1_438' title='bbox 2131 3295 2268 3351; x_wconf 83' lang='lat' dir='ltr'><strong>Dicit</strong></span> <span class='ocrx_word' id='word_1_439' title='bbox 2293 3308 2422 3363; x_wconf 78' lang='lat' dir='ltr'><strong>ergo</strong></span> <span class='ocrx_word' id='word_1_440' title='bbox 2472 3299 2644 3362; x_wconf 89' lang='lat' dir='ltr'><strong>pater,</strong></span> <span class='ocrx_word' id='word_1_441' title='bbox 2675 3289 2817 3357; x_wconf 90' lang='lat' dir='ltr'><strong>quod</strong></span> <span class='ocrx_word' id='word_1_442' title='bbox 2861 3287 3174 3366; x_wconf 85' lang='lat' dir='ltr'><strong>alterutram</strong></span> <span class='ocrx_word' id='word_1_443' title='bbox 3203 3283 3368 3336; x_wconf 89' lang='lat' dir='ltr'><strong>vitam</strong></span> <span class='ocrx_word' id='word_1_444' title='bbox 3393 3292 3481 3334; x_wconf 88' lang='lat' dir='ltr'><strong>se-</strong></span> 
     </span>
    </p>
   </div>
   <div class='ocr_carea' id='block_1_70' title="bbox 1929 3362 3489 3453">
    <p class='ocr_par' dir='ltr' id='par_1_70' title="bbox 1929 3362 3489 3453">
     <span class='ocr_line' id='line_1_70' title="bbox 1929 3362 3489 3453; baseline -0.014 -6"><span class='ocrx_word' id='word_1_445' title='bbox 1929 3400 2109 3453; x_wconf 89' lang='lat' dir='ltr'><strong>cutus,</strong></span> <span class='ocrx_word' id='word_1_446' title='bbox 2167 3388 2270 3441; x_wconf 83' lang='lat' dir='ltr'><strong>hoc</strong></span> <span class='ocrx_word' id='word_1_447' title='bbox 2318 3394 2420 3449; x_wconf 87' lang='lat' dir='ltr'><strong>est,</strong></span> <span class='ocrx_word' id='word_1_448' title='bbox 2454 3381 2568 3438; x_wconf 87' lang='lat' dir='ltr'><strong>sive</strong></span> <span class='ocrx_word' id='word_1_449' title='bbox 2599 3374 2900 3438; x_wconf 82' lang='lat' dir='ltr'><strong>solitariam</strong></span> <span class='ocrx_word' id='word_1_450' title='bbox 2932 3362 3188 3442; x_wconf 82' lang='lat' dir='ltr'><strong>sectetur,</strong></span> <span class='ocrx_word' id='word_1_451' title='bbox 3224 3375 3337 3430; x_wconf 88' lang='lat' dir='ltr'><strong>sive</strong></span> <span class='ocrx_word' id='word_1_452' title='bbox 3363 3373 3489 3427; x_wconf 87' lang='lat' dir='ltr'><strong>obe—</strong></span> 
     </span>
    </p>
   </div>
   <div class='ocr_carea' id='block_1_71' title="bbox 1931 3473 3491 3546">
    <p class='ocr_par' dir='ltr' id='par_1_71' title="bbox 1931 3473 3491 3546">
     <span class='ocr_line' id='line_1_71' title="bbox 1931 3473 3491 3546; baseline -0.013 -8"><span class='ocrx_word' id='word_1_453' title='bbox 1931 3482 2147 3538; x_wconf 72' lang='lat' dir='ltr'><strong>dientiae</strong></span> <span class='ocrx_word' id='word_1_454' title='bbox 2168 3494 2228 3535; x_wconf 87' lang='lat' dir='ltr'><strong>se</strong></span> <span class='ocrx_word' id='word_1_455' title='bbox 2254 3475 2527 3546; x_wconf 78' lang='lat' dir='ltr'><strong>subjiciat,</strong></span> <span class='ocrx_word' id='word_1_456' title='bbox 2566 3474 2614 3529; x_wconf 83' lang='lat' dir='ltr'><strong>si</strong></span> <span class='ocrx_word' id='word_1_457' title='bbox 2667 3487 2775 3527; x_wconf 90' lang='lat' dir='ltr'><strong>non</strong></span> <span class='ocrx_word' id='word_1_458' title='bbox 2807 3480 2865 3526; x_wconf 91' lang='lat' dir='ltr'><strong>ut</strong></span> <span class='ocrx_word' id='word_1_459' title='bbox 2889 3484 2989 3540; x_wconf 89' lang='lat' dir='ltr'><strong>par</strong></span> <span class='ocrx_word' id='word_1_460' title='bbox 3012 3477 3116 3534; x_wconf 89' lang='lat' dir='ltr'><strong>cst,</strong></span> <span class='ocrx_word' id='word_1_461' title='bbox 3153 3481 3312 3522; x_wconf 91' lang='lat' dir='ltr'><strong>suum</strong></span> <span class='ocrx_word' id='word_1_462' title='bbox 3343 3473 3491 3519; x_wconf 86' lang='lat' dir='ltr'><strong>uter-</strong></span> 
     </span>
    </p>
   </div>
   <div class='ocr_carea' id='block_1_72' title="bbox 1931 3557 3490 3648">
    <p class='ocr_par' dir='ltr' id='par_1_72' title="bbox 1931 3557 3490 3648">
     <span class='ocr_line' id='line_1_72' title="bbox 1931 3557 3490 3648; baseline -0.013 -18"><span class='ocrx_word' id='word_1_463' title='bbox 1931 3581 2039 3648; x_wconf 85' lang='lat' dir='ltr'><strong>‘que</strong></span> <span class='ocrx_word' id='word_1_464' title='bbox 2067 3581 2263 3627; x_wconf 81' lang='lat' dir='ltr'><strong>statum</strong></span> <span class='ocrx_word' id='word_1_465' title='bbox 2284 3569 2445 3632; x_wconf 86' lang='lat' dir='ltr'><strong>colat,</strong></span> <span class='ocrx_word' id='word_1_466' title='bbox 2477 3567 2636 3638; x_wconf 83' lang='lat' dir='ltr'><strong>eique</strong></span> <span class='ocrx_word' id='word_1_467' title='bbox 2667 3565 3053 3620; x_wconf 84' lang='lat' dir='ltr'><strong>convenienter</strong></span> <span class='ocrx_word' id='word_1_468' title='bbox 3095 3562 3260 3626; x_wconf 76' lang='lat' dir='ltr'><strong>vivat,</strong></span> <span class='ocrx_word' id='word_1_469' title='bbox 3306 3557 3490 3628; x_wconf 86' lang='lat' dir='ltr'><strong>repul-</strong></span> 
     </span>
    </p>
   </div>
   <div class='ocr_carea' id='block_1_73' title="bbox 1931 3653 3491 3736">
    <p class='ocr_par' dir='ltr' id='par_1_73' title="bbox 1931 3653 3491 3736">
     <span class='ocr_line' id='line_1_73' title="bbox 1931 3653 3491 3736; baseline -0.013 -14"><span class='ocrx_word' id='word_1_470' title='bbox 1931 3681 2026 3722; x_wconf 85' lang='lat' dir='ltr'><strong>sus</strong></span> <span class='ocrx_word' id='word_1_471' title='bbox 2061 3665 2133 3722; x_wconf 91' lang='lat' dir='ltr'><strong>sit</strong></span> <span class='ocrx_word' id='word_1_472' title='bbox 2168 3679 2198 3719; x_wconf 90' lang='lat' dir='ltr'><strong>a</strong></span> <span class='ocrx_word' id='word_1_473' title='bbox 2232 3660 2547 3734; x_wconf 88' lang='lat' dir='ltr'><strong>spirirituali</strong></span> <span class='ocrx_word' id='word_1_474' title='bbox 2587 3659 2736 3736; x_wconf 83' lang='lat' dir='ltr'><strong>luctu</strong></span> <span class='ocrx_word' id='word_1_475' title='bbox 2768 3667 2822 3714; x_wconf 90' lang='lat' dir='ltr'><strong>et</strong></span> <span class='ocrx_word' id='word_1_476' title='bbox 2860 3653 3296 3726; x_wconf 84' lang='lat' dir='ltr'><strong>compunetione,</strong></span> <span class='ocrx_word' id='word_1_477' title='bbox 3325 3657 3491 3716; x_wconf 86' lang='lat' dir='ltr'><strong>atque</strong></span> 
     </span>
    </p>
   </div>
   <div class='ocr_carea' id='block_1_74' title="bbox 1932 3737 3492 3825">
    <p class='ocr_par' dir='ltr' id='par_1_74' title="bbox 1932 3737 3492 3825">
     <span class='ocr_line' id='line_1_74' title="bbox 1932 3737 3492 3825; baseline -0.015 -9"><span class='ocrx_word' id='word_1_478' title='bbox 1932 3761 2034 3816; x_wconf 86' lang='lat' dir='ltr'><strong>hos</strong></span> <span class='ocrx_word' id='word_1_479' title='bbox 2057 3759 2240 3815; x_wconf 89' lang='lat' dir='ltr'><strong>multis</strong></span> <span class='ocrx_word' id='word_1_480' title='bbox 2271 3754 2524 3825; x_wconf 83' lang='lat' dir='ltr'><strong>lacrymis</strong></span> <span class='ocrx_word' id='word_1_481' title='bbox 2569 3737 2952 3821; x_wconf 84' lang='lat' dir='ltr'><strong>deplorandos.</strong></span> <span class='ocrx_word' id='word_1_482' title='bbox 3012 3746 3164 3812; x_wconf 84' lang='lat' dir='ltr'><strong>Quod</strong></span> <span class='ocrx_word' id='word_1_483' title='bbox 3196 3743 3339 3798; x_wconf 91' lang='lat' dir='ltr'><strong>enim</strong></span> <span class='ocrx_word' id='word_1_484' title='bbox 3375 3741 3492 3825; x_wconf 86' lang='lat' dir='ltr'><strong>sin-</strong></span> 
     </span>
    </p>
   </div>
   <div class='ocr_carea' id='block_1_75' title="bbox 258 3824 1817 3933">
    <p class='ocr_par' dir='ltr' id='par_1_75' title="bbox 258 3824 1817 3933">
     <span class='ocr_line' id='line_1_75' title="bbox 258 3824 1817 3933; baseline -0.012 -12"><span class='ocrx_word' id='word_1_485' title='bbox 258 3824 326 3921; x_wconf 72' lang='grc' dir='ltr'><strong>τό</strong></span> <span class='ocrx_word' id='word_1_486' title='bbox 346 3824 710 3933; x_wconf 43' lang='grc' dir='ltr'>’ἀπηλλάχθαι</span> <span class='ocrx_word' id='word_1_487' title='bbox 725 3824 820 3912; x_wconf 69' lang='grc' dir='ltr'><strong>τοῦ</strong></span> <span class='ocrx_word' id='word_1_488' title='bbox 847 3856 1094 3920; x_wconf 86' lang='grc' dir='ltr'>πένθους,</span> <span class='ocrx_word' id='word_1_489' title='bbox 1109 3824 1216 3908; x_wconf 50' lang='grc' dir='ltr'><strong>’ἐπὶ</strong></span> <span class='ocrx_word' id='word_1_490' title='bbox 1239 3853 1390 3924; x_wconf 77' lang='grc' dir='ltr'>καλῷ</span> <span class='ocrx_word' id='word_1_491' title='bbox 1408 3824 1698 3933; x_wconf 69' lang='grc' dir='ltr'>τεθεῖσθάν</span> <span class='ocrx_word' id='word_1_492' title='bbox 1715 3850 1817 3904; x_wconf 72' lang='grc' dir='ltr'>ἔπε’</span> 
     </span>
    </p>
   </div>
   <div class='ocr_carea' id='block_1_76' title="bbox 1923 3824 3493 3933">
    <p class='ocr_par' dir='ltr' id='par_1_76' title="bbox 1935 3824 3493 3899">
     <span class='ocr_line' id='line_1_76' title="bbox 1935 3824 3493 3899; baseline -0.015 0"><span class='ocrx_word' id='word_1_493' title='bbox 1935 3859 2120 3899; x_wconf 82' lang='lat' dir='ltr'><strong>cerunt</strong></span> <span class='ocrx_word' id='word_1_494' title='bbox 2151 3856 2258 3896; x_wconf 89' lang='lat' dir='ltr'><strong>non</strong></span> <span class='ocrx_word' id='word_1_495' title='bbox 2283 3849 2368 3895; x_wconf 84' lang='lat' dir='ltr'><strong>est</strong></span> <span class='ocrx_word' id='word_1_496' title='bbox 2387 3824 2523 3892; x_wconf 4' lang='lat' dir='ltr'><strong>dsine</strong></span> <span class='ocrx_word' id='word_1_497' title='bbox 2575 3832 2942 3890; x_wconf 87' lang='lat' dir='ltr'><strong>controversia</strong></span> <span class='ocrx_word' id='word_1_498' title='bbox 2987 3829 3226 3899; x_wconf 86' lang='lat' dir='ltr'><strong>spurium</strong></span> <span class='ocrx_word' id='word_1_499' title='bbox 3251 3833 3353 3886; x_wconf 86' lang='lat' dir='ltr'><strong>est,</strong></span> <span class='ocrx_word' id='word_1_500' title='bbox 3378 3824 3493 3877; x_wconf 88' lang='lat' dir='ltr'><strong>sive</strong></span> 
     </span>
    </p>
   </div>
   <div class='ocr_carea' id='block_1_77' title="bbox 259 3916 1817 4028">
    <p class='ocr_par' dir='ltr' id='par_1_77' title="bbox 259 3916 1817 4028">
     <span class='ocr_line' id='line_1_77' title="bbox 259 3916 1817 4028; baseline -0.012 -17"><span class='ocrx_word' id='word_1_501' title='bbox 395 3916 539 4015; x_wconf 68' lang='grc' dir='ltr'>ἅπας</span> <span class='ocrx_word' id='word_1_502' title='bbox 559 3916 740 4023; x_wconf 45' lang='grc' dir='ltr'>σῇχεδδν</span> <span class='ocrx_word' id='word_1_503' title='bbox 759 3949 912 4018; x_wconf 82' lang='grc' dir='ltr'>λόγος</span> <span class='ocrx_word' id='word_1_504' title='bbox 933 3964 1000 4002; x_wconf 85' lang='grc' dir='ltr'><strong>πε</strong></span> <span class='ocrx_word' id='word_1_505' title='bbox 1005 3916 1300 4019; x_wconf 38' lang='grc' dir='ltr'>ρὶ-πένθους</span> <span class='ocrx_word' id='word_1_506' title='bbox 1315 3916 1547 4016; x_wconf 68' lang='grc' dir='ltr'>είρηται,</span> <span class='ocrx_word' id='word_1_507' title='bbox 1571 3925 1667 3995; x_wconf 62' lang='grc' dir='ltr'>ὶὰν</span> <span class='ocrx_word' id='word_1_508' title='bbox 1677 3942 1817 4011; x_wconf 64' lang='lat' dir='ltr'><strong>np.qu</strong></span> 
     </span>
    </p>
   </div>
   <div class='ocr_carea' id='block_1_78' title="bbox 1923 3916 3496 4028">
    <p class='ocr_par' dir='ltr' id='par_1_78' title="bbox 1936 3916 3496 4028">
     <span class='ocr_line' id='line_1_78' title="bbox 1936 3916 3496 4005; baseline -0.014 -17"><span class='ocrx_word' id='word_1_509' title='bbox 1936 3932 2152 4005; x_wconf 89' lang='lat' dir='ltr'><strong>quando</strong></span> <span class='ocrx_word' id='word_1_510' title='bbox 2182 3929 2382 4000; x_wconf 90' lang='lat' dir='ltr'><strong>aliquid</strong></span> <span class='ocrx_word' id='word_1_511' title='bbox 2417 3942 2524 3981; x_wconf 92' lang='lat' dir='ltr'><strong>non</strong></span> <span class='ocrx_word' id='word_1_512' title='bbox 2581 3925 2639 3980; x_wconf 83' lang='lat' dir='ltr'><strong>iit</strong></span> <span class='ocrx_word' id='word_1_513' title='bbox 2667 3936 2727 3979; x_wconf 91' lang='lat' dir='ltr'><strong>ut</strong></span> <span class='ocrx_word' id='word_1_514' title='bbox 2748 3923 2862 3979; x_wconf 87' lang='lat' dir='ltr'><strong>lieri</strong></span> <span class='ocrx_word' id='word_1_515' title='bbox 2907 3928 3138 3991; x_wconf 84' lang='lat' dir='ltr'><strong>oportet,</strong></span> <span class='ocrx_word' id='word_1_516' title='bbox 3173 3916 3375 3971; x_wconf 88' lang='lat' dir='ltr'><strong>clarum</strong></span> <span class='ocrx_word' id='word_1_517' title='bbox 3410 3922 3496 3968; x_wconf 89' lang='lat' dir='ltr'><strong>est</strong></span> 
     </span>
     <span class='ocr_line' id='line_1_79' title="bbox 1942 4005 3457 4028; baseline -0.014 9"><span class='ocrx_word' id='word_1_518' title='bbox 2055 4025 2067 4028; x_wconf 91' lang='lat'><strong>-</strong></span> <span class='ocrx_word' id='word_1_519' title='bbox 2205 4022 2218 4028; x_wconf 90' lang='lat'><strong>-</strong></span> <span class='ocrx_word' id='word_1_520' title='bbox 2291 4021 2315 4028; x_wconf 80' lang='lat'><strong>-</strong></span> <span class='ocrx_word' id='word_1_521' title='bbox 2385 4020 2396 4028; x_wconf 93' lang='lat'><strong>.</strong></span> <span class='ocrx_word' id='word_1_522' title='bbox 2457 4018 2500 4028; x_wconf 90' lang='lat'><strong>-.</strong></span> <span class='ocrx_word' id='word_1_523' title='bbox 2598 4017 2682 4028; x_wconf 87' lang='lat'><strong>-..</strong></span> <span class='ocrx_word' id='word_1_524' title='bbox 2777 4025 2786 4028; x_wconf 93' lang='lat'>_</span> <span class='ocrx_word' id='word_1_525' title='bbox 3163 4005 3457 4028; x_wconf 17' lang='lat' dir='ltr'><strong>_.,.__.‘,m,</strong></span> 
     </span>
    </p>
   </div>
   <div class='ocr_carea' id='block_1_79' title="bbox 261 4031 1836 4118">
    <p class='ocr_par' dir='ltr' id='par_1_79' title="bbox 261 4031 1836 4118">
     <span class='ocr_line' id='line_1_80' title="bbox 261 4031 1836 4118; baseline -0.011 -17"><span class='ocrx_word' id='word_1_526' title='bbox 261 4044 572 4118; x_wconf 80' lang='grc' dir='ltr'>δεχώμεθα,</span> <span class='ocrx_word' id='word_1_527' title='bbox 617 4042 677 4096; x_wconf 82' lang='grc' dir='ltr'>τὸ</span> <span class='ocrx_word' id='word_1_528' title='bbox 722 4039 1065 4113; x_wconf 78' lang='grc' dir='ltr'>ἀπηλλάχθαι</span> <span class='ocrx_word' id='word_1_529' title='bbox 1108 4035 1223 4111; x_wconf 87' lang='grc' dir='ltr'>[τοῦ</span> <span class='ocrx_word' id='word_1_530' title='bbox 1274 4031 1547 4118; x_wconf 74' lang='grc' dir='ltr'>πένθους],</span> <span class='ocrx_word' id='word_1_531' title='bbox 1574 4031 1668 4086; x_wconf 81' lang='grc' dir='ltr'>τὸν</span> <span class='ocrx_word' id='word_1_532' title='bbox 1703 4034 1836 4102; x_wconf 81' lang='grc' dir='ltr'>ἠσυ-</span> 
     </span>
    </p>
   </div>
   <div class='ocr_carea' id='block_1_80' title="bbox 263 4108 1833 4210">
    <p class='ocr_par' dir='ltr' id='par_1_80' title="bbox 263 4108 1833 4210">
     <span class='ocr_line' id='line_1_81' title="bbox 263 4108 1833 4210; baseline -0.008 -19"><span class='ocrx_word' id='word_1_533' title='bbox 263 4136 502 4210; x_wconf 81' lang='grc' dir='ltr'>χαστὴν,</span> <span class='ocrx_word' id='word_1_534' title='bbox 538 4132 572 4204; x_wconf 81' lang='grc' dir='ltr'>ἢ</span> <span class='ocrx_word' id='word_1_535' title='bbox 601 4133 692 4186; x_wconf 74' lang='grc' dir='ltr'><strong>τὸν</strong></span> <span class='ocrx_word' id='word_1_536' title='bbox 744 4108 1128 4187; x_wconf 54' lang='grc' dir='ltr'>ὕποτακτικδν-</span> <span class='ocrx_word' id='word_1_537' title='bbox 1148 4128 1243 4183; x_wconf 89' lang='grc' dir='ltr'><strong>τοῦ</strong></span> <span class='ocrx_word' id='word_1_538' title='bbox 1273 4108 1522 4190; x_wconf 64' lang='grc' dir='ltr'>πένθους,</span> <span class='ocrx_word' id='word_1_539' title='bbox 1553 4122 1656 4190; x_wconf 74' lang='grc' dir='ltr'><strong>ἔξω</strong></span> <span class='ocrx_word' id='word_1_540' title='bbox 1706 4121 1833 4194; x_wconf 78' lang='grc' dir='ltr'>τρέ-</span> 
     </span>
    </p>
   </div>
   <div class='ocr_carea' id='block_1_81' title="bbox 263 4214 1837 4304">
    <p class='ocr_par' dir='ltr' id='par_1_81' title="bbox 263 4214 1837 4304">
     <span class='ocr_line' id='line_1_82' title="bbox 263 4214 1837 4304; baseline -0.009 -21"><span class='ocrx_word' id='word_1_541' title='bbox 263 4244 442 4304; x_wconf 82' lang='grc' dir='ltr'>χομεν</span> <span class='ocrx_word' id='word_1_542' title='bbox 477 4225 571 4279; x_wconf 88' lang='grc' dir='ltr'><strong>τοῦ</strong></span> <span class='ocrx_word' id='word_1_543' title='bbox 600 4223 869 4296; x_wconf 84' lang='grc' dir='ltr'>πατρικοῦ·</span> <span class='ocrx_word' id='word_1_544' title='bbox 893 4222 1115 4286; x_wconf 85' lang='grc' dir='ltr'>σκοποῦ,</span> <span class='ocrx_word' id='word_1_545' title='bbox 1141 4222 1233 4276; x_wconf 79' lang='grc' dir='ltr'>καὶ</span> <span class='ocrx_word' id='word_1_546' title='bbox 1287 4221 1406 4292; x_wconf 83' lang='grc' dir='ltr'>οὐχ,</span> <span class='ocrx_word' id='word_1_547' title='bbox 1447 4218 1524 4282; x_wconf 81' lang='grc' dir='ltr'>ὡς</span> <span class='ocrx_word' id='word_1_548' title='bbox 1554 4219 1654 4283; x_wconf 85' lang='grc' dir='ltr'>δεῖ,</span> <span class='ocrx_word' id='word_1_549' title='bbox 1688 4214 1837 4272; x_wconf 87' lang='grc' dir='ltr'>νοοῦ-</span> 
     </span>
    </p>
   </div>
   <div class='ocr_carea' id='block_1_82' title="bbox 269 4315 1443 4397">
    <p class='ocr_par' dir='ltr' id='par_1_82' title="bbox 269 4315 1443 4397">
     <span class='ocr_line' id='line_1_83' title="bbox 269 4315 1443 4397; baseline -0.01 -20"><span class='ocrx_word' id='word_1_550' title='bbox 269 4341 378 4397; x_wconf 83' lang='grc' dir='ltr'><strong>μεν</strong></span> <span class='ocrx_word' id='word_1_551' title='bbox 399 4339 417 4356; x_wconf 77' lang='grc' dir='ltr'><strong><em>ο</em></strong></span> <span class='ocrx_word' id='word_1_552' title='bbox 441 4320 534 4375; x_wconf 77' lang='grc' dir='ltr'>καὶ</span> <span class='ocrx_word' id='word_1_553' title='bbox 559 4317 648 4372; x_wconf 85' lang='grc' dir='ltr'><strong>διὰ</strong></span> <span class='ocrx_word' id='word_1_554' title='bbox 683 4315 838 4370; x_wconf 88' lang='grc' dir='ltr'>τοῦτο</span> <span class='ocrx_word' id='word_1_555' title='bbox 863 4316 1211 4387; x_wconf 83' lang='grc' dir='ltr'>προσεκτέον.</span> <span class='ocrx_word' id='word_1_556' title='bbox 1439 4317 1443 4320; x_wconf 81' lang='grc'><strong>’</strong></span> 
     </span>
    </p>
   </div>
   <div class='ocr_carea' id='block_1_83' title="bbox 1939 4005 3494 4084">
    <p class='ocr_par' dir='ltr' id='par_1_83' title="bbox 1939 4005 3494 4084">
     <span class='ocr_line' id='line_1_84' title="bbox 1939 4005 3494 4084; baseline -0.015 -4"><span class='ocrx_word' id='word_1_557' title='bbox 1939 4025 2070 4084; x_wconf 87' lang='lat' dir='ltr'><strong>illud</strong></span> <span class='ocrx_word' id='word_1_558' title='bbox 2116 4022 2253 4077; x_wconf 92' lang='lat' dir='ltr'><strong>male</strong></span> <span class='ocrx_word' id='word_1_559' title='bbox 2286 4020 2419 4076; x_wconf 79' lang='lat' dir='ltr'><strong>fieri.</strong></span> <span class='ocrx_word' id='word_1_560' title='bbox 2457 4018 2566 4074; x_wconf 89' lang='lat' dir='ltr'><strong>Nec</strong></span> <span class='ocrx_word' id='word_1_561' title='bbox 2597 4017 2723 4072; x_wconf 83' lang='lat' dir='ltr'><strong>fallo</strong></span> <span class='ocrx_word' id='word_1_562' title='bbox 2774 4025 2846 4078; x_wconf 84' lang='lat' dir='ltr'><strong>te,</strong></span> <span class='ocrx_word' id='word_1_563' title='bbox 2882 4013 3125 4078; x_wconf 88' lang='lat' dir='ltr'><strong>auditor,</strong></span> <span class='ocrx_word' id='word_1_564' title='bbox 3163 4008 3290 4063; x_wconf 91' lang='lat' dir='ltr'><strong>illud</strong></span> <span class='ocrx_word' id='word_1_565' title='bbox 3323 4005 3494 4060; x_wconf 78' lang='lat' dir='ltr'><strong>desti-</strong></span> 
     </span>
    </p>
   </div>
   <div class='ocr_carea' id='block_1_84' title="bbox 1940 4105 3497 4179">
    <p class='ocr_par' dir='ltr' id='par_1_84' title="bbox 1940 4105 3497 4179">
     <span class='ocr_line' id='line_1_85' title="bbox 1940 4105 3497 4179; baseline -0.015 -6"><span class='ocrx_word' id='word_1_566' title='bbox 1940 4127 2116 4174; x_wconf 89' lang='lat' dir='ltr'><strong>tutum</strong></span> <span class='ocrx_word' id='word_1_567' title='bbox 2137 4131 2256 4171; x_wconf 88' lang='lat' dir='ltr'><strong>esse</strong></span> <span class='ocrx_word' id='word_1_568' title='bbox 2285 4131 2314 4170; x_wconf 90' lang='lat' dir='ltr'><strong>a</strong></span> <span class='ocrx_word' id='word_1_569' title='bbox 2348 4114 2498 4169; x_wconf 80' lang='lat' dir='ltr'><strong>luctu</strong></span> <span class='ocrx_word' id='word_1_570' title='bbox 2527 4112 2581 4166; x_wconf 90' lang='lat' dir='ltr'><strong>in</strong></span> <span class='ocrx_word' id='word_1_571' title='bbox 2625 4111 2823 4165; x_wconf 86' lang='lat' dir='ltr'><strong>bonam</strong></span> <span class='ocrx_word' id='word_1_572' title='bbox 2873 4116 3080 4179; x_wconf 85' lang='lat' dir='ltr'><strong>partem</strong></span> <span class='ocrx_word' id='word_1_573' title='bbox 3132 4112 3408 4170; x_wconf 86' lang='lat' dir='ltr'><strong>acceptum</strong></span> <span class='ocrx_word' id='word_1_574' title='bbox 3439 4105 3497 4150; x_wconf 90' lang='lat' dir='ltr'><strong>et</strong></span> 
     </span>
    </p>
   </div>
   <div class='ocr_carea' id='block_1_85' title="bbox 1939 4188 3496 4284">
    <p class='ocr_par' dir='ltr' id='par_1_85' title="bbox 1939 4188 3496 4284">
     <span class='ocr_line' id='line_1_86' title="bbox 1939 4188 3496 4284; baseline -0.018 -16"><span class='ocrx_word' id='word_1_575' title='bbox 1939 4212 2176 4284; x_wconf 89' lang='lat' dir='ltr'><strong>positum</strong></span> <span class='ocrx_word' id='word_1_576' title='bbox 2205 4220 2325 4264; x_wconf 89' lang='lat' dir='ltr'><strong>esse</strong></span> <span class='ocrx_word' id='word_1_577' title='bbox 2353 4225 2368 4262; x_wconf 91' lang='lat'><strong>:</strong></span> <span class='ocrx_word' id='word_1_578' title='bbox 2404 4221 2529 4260; x_wconf 86' lang='lat' dir='ltr'><strong>nam</strong></span> <span class='ocrx_word' id='word_1_579' title='bbox 2564 4221 2686 4260; x_wconf 91' lang='lat' dir='ltr'><strong>cum</strong></span> <span class='ocrx_word' id='word_1_580' title='bbox 2717 4202 2896 4258; x_wconf 89' lang='lat' dir='ltr'><strong>omnis</strong></span> <span class='ocrx_word' id='word_1_581' title='bbox 2929 4197 3042 4253; x_wconf 82' lang='lat' dir='ltr'><strong>fere</strong></span> <span class='ocrx_word' id='word_1_582' title='bbox 3069 4194 3240 4250; x_wconf 88' lang='lat' dir='ltr'><strong>oratio</strong></span> <span class='ocrx_word' id='word_1_583' title='bbox 3281 4192 3358 4260; x_wconf 88' lang='lat' dir='ltr'><strong>(in</strong></span> <span class='ocrx_word' id='word_1_584' title='bbox 3388 4188 3496 4242; x_wconf 84' lang='lat' dir='ltr'><strong>hoc</strong></span> 
     </span>
    </p>
   </div>
   <div class='ocr_carea' id='block_1_86' title="bbox 1941 4281 3496 4373">
    <p class='ocr_par' dir='ltr' id='par_1_86' title="bbox 1941 4281 3496 4373">
     <span class='ocr_line' id='line_1_87' title="bbox 1941 4281 3496 4373; baseline -0.018 -14"><span class='ocrx_word' id='word_1_585' title='bbox 1941 4281 2174 4373; x_wconf 77' lang='lat' dir='ltr'><strong>septimo</strong></span> <span class='ocrx_word' id='word_1_586' title='bbox 2202 4298 2390 4371; x_wconf 80' lang='lat' dir='ltr'><strong>gradu)</strong></span> <span class='ocrx_word' id='word_1_587' title='bbox 2425 4297 2492 4352; x_wconf 91' lang='lat' dir='ltr'><strong>de</strong></span> <span class='ocrx_word' id='word_1_588' title='bbox 2512 4297 2660 4352; x_wconf 90' lang='lat' dir='ltr'><strong>luctu</strong></span> <span class='ocrx_word' id='word_1_589' title='bbox 2698 4296 2788 4357; x_wconf 89' lang='lat' dir='ltr'><strong>sit,</strong></span> <span class='ocrx_word' id='word_1_590' title='bbox 2830 4293 2876 4346; x_wconf 88' lang='lat' dir='ltr'><strong>si</strong></span> <span class='ocrx_word' id='word_1_591' title='bbox 2930 4304 3029 4344; x_wconf 89' lang='lat' dir='ltr'><strong>nos</strong></span> <span class='ocrx_word' id='word_1_592' title='bbox 3076 4284 3208 4340; x_wconf 94' lang='lat' dir='ltr'><strong>illud</strong></span> <span class='ocrx_word' id='word_1_593' title='bbox 3264 4281 3496 4337; x_wconf 84' lang='lat' dir='ltr'><strong>solutum</strong></span> 
     </span>
    </p>
   </div>
   <div class='ocr_carea' id='block_1_87' title="bbox 267 4374 3500 4486">
    <p class='ocr_par' dir='ltr' id='par_1_87' title="bbox 267 4374 3500 4486">
     <span class='ocr_line' id='line_1_88' title="bbox 267 4374 3500 4486; baseline -0.014 -14"><span class='ocrx_word' id='word_1_594' title='bbox 267 4374 371 4472; x_wconf 47' lang='lat' dir='ltr'><strong>seu</strong></span> <span class='ocrx_word' id='word_1_595' title='bbox 411 4413 720 4486; x_wconf 78' lang='lat' dir='ltr'><strong>destitutum</strong></span> <span class='ocrx_word' id='word_1_596' title='bbox 744 4410 1122 4469; x_wconf 85' lang='lat' dir='ltr'><strong>cssealuctu,</strong></span> <span class='ocrx_word' id='word_1_597' title='bbox 1179 4392 1254 4461; x_wconf 84' lang='lat' dir='ltr'><strong>ad</strong></span> <span class='ocrx_word' id='word_1_598' title='bbox 1317 4403 1617 4459; x_wconf 88' lang='lat' dir='ltr'><strong>solitarium</strong></span> <span class='ocrx_word' id='word_1_599' title='bbox 1652 4399 1736 4454; x_wconf 91' lang='lat' dir='ltr'><strong>vel</strong></span> <span class='ocrx_word' id='word_1_600' title='bbox 1801 4396 2140 4454; x_wconf 86' lang='lat' dir='ltr'><strong>obedientem</strong></span> <span class='ocrx_word' id='word_1_601' title='bbox 2197 4389 2657 4453; x_wconf 85' lang='lat' dir='ltr'><strong>transtulerimus,</strong></span> <span class='ocrx_word' id='word_1_602' title='bbox 2719 4394 2875 4439; x_wconf 77' lang='lat' dir='ltr'><strong>extra.</strong></span> <span class='ocrx_word' id='word_1_603' title='bbox 2924 4377 3257 4458; x_wconf 82' lang='lat' dir='ltr'><strong>prOpositum</strong></span> <span class='ocrx_word' id='word_1_604' title='bbox 3297 4390 3329 4430; x_wconf 84' lang='lat' dir='ltr'><strong>a</strong></span> <span class='ocrx_word' id='word_1_605' title='bbox 3389 4374 3500 4430; x_wconf 84' lang='lat' dir='ltr'><strong>Cli-</strong></span> 
     </span>
    </p>
   </div>
   <div class='ocr_carea' id='block_1_88' title="bbox 266 4455 3182 4576">
    <p class='ocr_par' dir='ltr' id='par_1_88' title="bbox 266 4455 3182 4576">
     <span class='ocr_line' id='line_1_89' title="bbox 266 4455 3182 4576; baseline -0.014 -11"><span class='ocrx_word' id='word_1_606' title='bbox 266 4524 436 4565; x_wconf 84' lang='lat' dir='ltr'><strong>maco</strong></span> <span class='ocrx_word' id='word_1_607' title='bbox 467 4520 691 4576; x_wconf 87' lang='lat' dir='ltr'><strong>scopum</strong></span> <span class='ocrx_word' id='word_1_608' title='bbox 726 4515 1112 4564; x_wconf 77' lang='lat' dir='ltr'><strong>excurremus;</strong></span> <span class='ocrx_word' id='word_1_609' title='bbox 1149 4511 1251 4552; x_wconf 89' lang='lat' dir='ltr'><strong>nec</strong></span> <span class='ocrx_word' id='word_1_610' title='bbox 1282 4507 1341 4552; x_wconf 91' lang='lat' dir='ltr'><strong>ut</strong></span> <span class='ocrx_word' id='word_1_611' title='bbox 1369 4505 1582 4566; x_wconf 89' lang='lat' dir='ltr'><strong>oportet</strong></span> <span class='ocrx_word' id='word_1_612' title='bbox 1612 4508 1725 4548; x_wconf 89' lang='lat' dir='ltr'><strong>rem</strong></span> <span class='ocrx_word' id='word_1_613' title='bbox 1757 4489 2154 4560; x_wconf 75' lang='lat' dir='ltr'><strong>intelligemus:</strong></span> <span class='ocrx_word' id='word_1_614' title='bbox 2189 4483 2415 4555; x_wconf 90' lang='lat' dir='ltr'><strong>proinde</strong></span> <span class='ocrx_word' id='word_1_615' title='bbox 2450 4477 2830 4537; x_wconf 88' lang='lat' dir='ltr'><strong>attendendum</strong></span> <span class='ocrx_word' id='word_1_616' title='bbox 2866 4483 2968 4529; x_wconf 88' lang='lat' dir='ltr'><strong>est.</strong></span> <span class='ocrx_word' id='word_1_617' title='bbox 3179 4455 3182 4458; x_wconf 47' lang='grc'><em>’</em></span> 
     </span>
    </p>
   </div>
   <div class='ocr_carea' id='block_1_89' title="bbox 872 4592 1242 4665">
    <p class='ocr_par' dir='ltr' id='par_1_89' title="bbox 872 4592 1242 4665">
     <span class='ocr_line' id='line_1_90' title="bbox 872 4592 1242 4665; baseline -0.014 -15"><span class='ocrx_word' id='word_1_618' title='bbox 872 4599 918 4650; x_wconf 83' lang='grc' dir='ltr'><strong><em>Σ</em></strong></span> <span class='ocrx_word' id='word_1_619' title='bbox 920 4596 1127 4665; x_wconf 73' lang='grc' dir='ltr'>χόλων</span> <span class='ocrx_word' id='word_1_620' title='bbox 1141 4592 1242 4646; x_wconf 77' lang='grc' dir='ltr'>κδ’.</span> 
     </span>
    </p>
   </div>
   <div class='ocr_carea' id='block_1_90' title="bbox 348 4678 1835 4760">
    <p class='ocr_par' dir='ltr' id='par_1_90' title="bbox 348 4678 1835 4760">
     <span class='ocr_line' id='line_1_91' title="bbox 348 4678 1835 4760; baseline -0.012 -12"><span class='ocrx_word' id='word_1_621' title='bbox 348 4692 474 4755; x_wconf 79' lang='grc' dir='ltr'>Τοῖς</span> <span class='ocrx_word' id='word_1_622' title='bbox 496 4693 553 4744; x_wconf 82' lang='grc' dir='ltr'>ὲν</span> <span class='ocrx_word' id='word_1_623' title='bbox 586 4689 662 4760; x_wconf 80' lang='grc' dir='ltr'>τῷ</span> <span class='ocrx_word' id='word_1_624' title='bbox 692 4689 876 4742; x_wconf 86' lang='grc' dir='ltr'>πένθει</span> <span class='ocrx_word' id='word_1_625' title='bbox 899 4687 1244 4756; x_wconf 81' lang='grc' dir='ltr'>ᾶσπλαγχνον</span> <span class='ocrx_word' id='word_1_626' title='bbox 1275 4683 1365 4737; x_wconf 84' lang='grc' dir='ltr'>τὸν</span> <span class='ocrx_word' id='word_1_627' title='bbox 1403 4681 1534 4735; x_wconf 84' lang='grc' dir='ltr'>Θεὸν</span> <span class='ocrx_word' id='word_1_628' title='bbox 1562 4681 1610 4733; x_wconf 80' lang='lat' dir='ltr'><strong>oi</strong></span> <span class='ocrx_word' id='word_1_629' title='bbox 1645 4678 1835 4749; x_wconf 81' lang='grc' dir='ltr'>δαίμο-</span> 
     </span>
    </p>
   </div>
   <div class='ocr_carea' id='block_1_91' title="bbox 266 4772 1836 4855">
    <p class='ocr_par' dir='ltr' id='par_1_91' title="bbox 266 4772 1836 4855">
     <span class='ocr_line' id='line_1_92' title="bbox 266 4772 1836 4855; baseline -0.012 -11"><span class='ocrx_word' id='word_1_630' title='bbox 266 4804 370 4850; x_wconf 81' lang='grc' dir='ltr'><strong>νες</strong></span> <span class='ocrx_word' id='word_1_631' title='bbox 398 4781 752 4855; x_wconf 77' lang='grc' dir='ltr'>,ὑποτίθενται</span> <span class='ocrx_word' id='word_1_632' title='bbox 813 4781 950 4854; x_wconf 72' lang='grc' dir='ltr'>πρὸς</span> <span class='ocrx_word' id='word_1_633' title='bbox 999 4779 1306 4847; x_wconf 83' lang='grc' dir='ltr'>ἀπόγνωσιν</span> <span class='ocrx_word' id='word_1_634' title='bbox 1346 4777 1470 4839; x_wconf 75' lang='grc' dir='ltr'>τοὺς</span> <span class='ocrx_word' id='word_1_635' title='bbox 1511 4772 1836 4838; x_wconf 84' lang='grc' dir='ltr'>πενθοῦντας</span> 
     </span>
    </p>
   </div>
   <div class='ocr_carea' id='block_1_92' title="bbox 268 4863 1834 4940">
    <p class='ocr_par' dir='ltr' id='par_1_92' title="bbox 268 4863 1834 4940">
     <span class='ocr_line' id='line_1_93' title="bbox 268 4863 1834 4940; baseline -0.011 -7"><span class='ocrx_word' id='word_1_636' title='bbox 268 4874 631 4934; x_wconf 77' lang='grc' dir='ltr'>κατασπάσαι</span> <span class='ocrx_word' id='word_1_637' title='bbox 695 4867 1029 4940; x_wconf 70' lang='grc' dir='ltr'>βουλόμενοι·</span> <span class='ocrx_word' id='word_1_638' title='bbox 1086 4868 1190 4939; x_wconf 86' lang='grc' dir='ltr'>πρὸ</span> <span class='ocrx_word' id='word_1_639' title='bbox 1243 4868 1300 4921; x_wconf 84' lang='grc' dir='ltr'>δὲ</span> <span class='ocrx_word' id='word_1_640' title='bbox 1356 4865 1461 4920; x_wconf 88' lang='grc' dir='ltr'><strong>τῶν</strong></span> <span class='ocrx_word' id='word_1_641' title='bbox 1525 4863 1834 4933; x_wconf 83' lang='grc' dir='ltr'>πτωμάτων</span> 
     </span>
    </p>
   </div>
   <div class='ocr_carea' id='block_1_93' title="bbox 267 4954 1836 5038">
    <p class='ocr_par' dir='ltr' id='par_1_93' title="bbox 267 4954 1836 5038">
     <span class='ocr_line' id='line_1_94' title="bbox 267 4954 1836 5038; baseline -0.01 -11"><span class='ocrx_word' id='word_1_642' title='bbox 267 4969 651 5038; x_wconf 73' lang='grc' dir='ltr'>εὔσπλαγχνον</span> <span class='ocrx_word' id='word_1_643' title='bbox 678 4962 837 5018; x_wconf 74' lang='grc' dir='ltr'>αὐτὸν</span> <span class='ocrx_word' id='word_1_644' title='bbox 870 4954 1169 5038; x_wconf 56' lang='grc' dir='ltr'>δεικῆὑουσι</span> <span class='ocrx_word' id='word_1_645' title='bbox 1200 4960 1439 5022; x_wconf 78' lang='grc' dir='ltr'>πιθανοῖς</span> <span class='ocrx_word' id='word_1_646' title='bbox 1470 4954 1836 5027; x_wconf 81' lang='grc' dir='ltr'>ἐπιτηδεύμα-</span> 
     </span>
    </p>
   </div>
   <div class='ocr_carea' id='block_1_94' title="bbox 257 5019 1595 5131">
    <p class='ocr_par' dir='ltr' id='par_1_94' title="bbox 257 5019 1595 5131">
     <span class='ocr_line' id='line_1_95' title="bbox 257 5019 1595 5131; baseline -0.011 -12"><span class='ocrx_word' id='word_1_647' title='bbox 257 5055 388 5130; x_wconf 44' lang='lat' dir='ltr'><strong>law,</strong></span> <span class='ocrx_word' id='word_1_648' title='bbox 411 5019 562 5125; x_wconf 68' lang='grc' dir='ltr'><strong>ὅπῶὲ</strong></span> <span class='ocrx_word' id='word_1_649' title='bbox 591 5057 728 5131; x_wconf 82' lang='grc' dir='ltr'>πρὸς</span> <span class='ocrx_word' id='word_1_650' title='bbox 759 5019 1027 5128; x_wconf 56' lang='grc' dir='ltr'>ἁμαρτίαέ</span> <span class='ocrx_word' id='word_1_651' title='bbox 1059 5019 1595 5127; x_wconf 78' lang='grc' dir='ltr'>κατακρημνίσωσιν.</span> 
     </span>
    </p>
   </div>
   <div class='ocr_carea' id='block_1_95' title="bbox 836 5230 1292 5288">
    <p class='ocr_par' dir='ltr' id='par_1_95' title="bbox 836 5230 1292 5288">
     <span class='ocr_line' id='line_1_96' title="bbox 836 5230 1292 5288; baseline -0.009 0"><span class='ocrx_word' id='word_1_652' title='bbox 836 5231 1024 5288; x_wconf 69' lang='grc' dir='ltr'><strong>Ἀλλο</strong></span> <span class='ocrx_word' id='word_1_653' title='bbox 1066 5230 1292 5286; x_wconf 82' lang='grc' dir='ltr'>Ἰσαάκ.</span> 
     </span>
    </p>
   </div>
   <div class='ocr_carea' id='block_1_96' title="bbox 283 5320 1843 5402">
    <p class='ocr_par' dir='ltr' id='par_1_96' title="bbox 283 5320 1843 5402">
     <span class='ocr_line' id='line_1_97' title="bbox 283 5320 1843 5402; baseline -0.007 -15"><span class='ocrx_word' id='word_1_654' title='bbox 283 5333 480 5402; x_wconf 78' lang='grc' dir='ltr'>Ἰκανὴ</span> <span class='ocrx_word' id='word_1_655' title='bbox 520 5335 552 5402; x_wconf 82' lang='grc' dir='ltr'><strong>ἡ</strong></span> <span class='ocrx_word' id='word_1_656' title='bbox 594 5331 741 5401; x_wconf 85' lang='grc' dir='ltr'>λύπη</span> <span class='ocrx_word' id='word_1_657' title='bbox 786 5331 884 5401; x_wconf 80' lang='grc' dir='ltr'>τῆς</span> <span class='ocrx_word' id='word_1_658' title='bbox 923 5325 1164 5388; x_wconf 83' lang='grc' dir='ltr'>διανοίας</span> <span class='ocrx_word' id='word_1_659' title='bbox 1201 5326 1325 5379; x_wconf 75' lang='grc' dir='ltr'>ἀντὶ</span> <span class='ocrx_word' id='word_1_660' title='bbox 1372 5323 1550 5394; x_wconf 87' lang='grc' dir='ltr'>πάσης</span> <span class='ocrx_word' id='word_1_661' title='bbox 1579 5320 1843 5393; x_wconf 74' lang='grc' dir='ltr'>ἐργασίας</span> 
     </span>
    </p>
   </div>
   <div class='ocr_carea' id='block_1_97' title="bbox 277 5413 1842 5500">
    <p class='ocr_par' dir='ltr' id='par_1_97' title="bbox 277 5413 1842 5500">
     <span class='ocr_line' id='line_1_98' title="bbox 277 5413 1842 5500; baseline -0.011 -18"><span class='ocrx_word' id='word_1_662' title='bbox 277 5427 624 5500; x_wconf 78' lang='grc' dir='ltr'>σωματικῆς-</span> <span class='ocrx_word' id='word_1_663' title='bbox 653 5429 684 5480; x_wconf 84' lang='grc' dir='ltr'><strong>ὀ</strong></span> <span class='ocrx_word' id='word_1_664' title='bbox 726 5425 836 5497; x_wconf 73' lang='grc' dir='ltr'>γὰρ</span> <span class='ocrx_word' id='word_1_665' title='bbox 885 5423 1038 5493; x_wconf 71' lang='grc' dir='ltr'>ἅγιος</span> <span class='ocrx_word' id='word_1_666' title='bbox 1089 5417 1384 5489; x_wconf 83' lang='grc' dir='ltr'>Γρηγόριος</span> <span class='ocrx_word' id='word_1_667' title='bbox 1421 5415 1606 5485; x_wconf 83' lang='grc' dir='ltr'>λέγει·</span> <span class='ocrx_word' id='word_1_668' title='bbox 1650 5432 1668 5464; x_wconf 85' lang='grc' dir='ltr'><strong>ι</strong></span> <span class='ocrx_word' id='word_1_669' title='bbox 1698 5413 1842 5476; x_wconf 68' lang='lat' dir='ltr'><strong>Nec;</strong></span> 
     </span>
    </p>
   </div>
   <div class='ocr_carea' id='block_1_98' title="bbox 361 5622 1286 5698">
    <p class='ocr_par' dir='ltr' id='par_1_98' title="bbox 361 5622 1286 5698">
     <span class='ocr_line' id='line_1_99' title="bbox 361 5622 1286 5698; baseline -0.01 -13"><span class='ocrx_word' id='word_1_670' title='bbox 361 5633 406 5666; x_wconf 77' lang='grc'><strong>³⁸</strong></span> <span class='ocrx_word' id='word_1_671' title='bbox 431 5629 664 5698; x_wconf 78' lang='lat' dir='ltr'><strong>Philipp.</strong></span> <span class='ocrx_word' id='word_1_672' title='bbox 694 5642 754 5691; x_wconf 88' lang='grc' dir='ltr'><strong>ιι,</strong></span> <span class='ocrx_word' id='word_1_673' title='bbox 784 5626 836 5682; x_wconf 81' lang='lat'><strong>&#39;5.</strong></span> <span class='ocrx_word' id='word_1_674' title='bbox 915 5627 957 5658; x_wconf 78' lang='grc'><strong>³⁸</strong></span> <span class='ocrx_word' id='word_1_675' title='bbox 996 5625 1101 5681; x_wconf 89' lang='lat' dir='ltr'><strong>Tit.</strong></span> <span class='ocrx_word' id='word_1_676' title='bbox 1140 5622 1286 5690; x_wconf 73' lang='grc'>1,15.</span> 
     </span>
    </p>
   </div>
   <div class='ocr_carea' id='block_1_99' title="bbox 363 5783 1282 5863">
    <p class='ocr_par' dir='ltr' id='par_1_99' title="bbox 363 5783 1282 5863">
     <span class='ocr_line' id='line_1_100' title="bbox 363 5783 1282 5863; baseline -0.01 -19"><span class='ocrx_word' id='word_1_677' title='bbox 363 5791 443 5863; x_wconf 77' lang='grc' dir='ltr'>(τι)</span> <span class='ocrx_word' id='word_1_678' title='bbox 467 5791 556 5863; x_wconf 74' lang='lat' dir='ltr'><strong>§ic</strong></span> <span class='ocrx_word' id='word_1_679' title='bbox 586 5787 778 5863; x_wconf 70' lang='lat' dir='ltr'><strong>Icgitur</strong></span> <span class='ocrx_word' id='word_1_680' title='bbox 803 5787 857 5841; x_wconf 90' lang='lat' dir='ltr'><strong>in</strong></span> <span class='ocrx_word' id='word_1_681' title='bbox 888 5788 996 5863; x_wconf 68' lang='lat' dir='ltr'><strong>lilia</strong></span> <span class='ocrx_word' id='word_1_682' title='bbox 1023 5783 1282 5863; x_wconf 57' lang='lat' dir='ltr'><strong>llrctcusi:</strong></span> 
     </span>
    </p>
   </div>
   <div class='ocr_carea' id='block_1_100' title="bbox 363 5845 1845 5932">
    <p class='ocr_par' dir='ltr' id='par_1_100' title="bbox 363 5845 1845 5932">
     <span class='ocr_line' id='line_1_101' title="bbox 363 5845 1845 5932; baseline -0.01 -15"><span class='ocrx_word' id='word_1_683' title='bbox 363 5845 609 5932; x_wconf 67' lang='lat' dir='ltr'><strong>MElias</strong></span> <span class='ocrx_word' id='word_1_684' title='bbox 630 5845 844 5920; x_wconf 64' lang='lat' dir='ltr'><strong>melius,</strong></span> <span class='ocrx_word' id='word_1_685' title='bbox 888 5859 977 5910; x_wconf 80' lang='grc' dir='ltr'>τὸν</span> <span class='ocrx_word' id='word_1_686' title='bbox 1025 5856 1101 5910; x_wconf 78' lang='grc' dir='ltr'>ἔτι</span> <span class='ocrx_word' id='word_1_687' title='bbox 1135 5853 1294 5924; x_wconf 79' lang='grc' dir='ltr'>ἀτελῆ</span> <span class='ocrx_word' id='word_1_688' title='bbox 1357 5851 1490 5920; x_wconf 72' lang='grc' dir='ltr'>πρὸς</span> <span class='ocrx_word' id='word_1_689' title='bbox 1544 5845 1845 5913; x_wconf 53' lang='grc' dir='ltr'>προσευχὴ]</span> 
     </span>
    </p>
   </div>
   <div class='ocr_carea' id='block_1_101' title="bbox 2529 4567 2897 4627">
    <p class='ocr_par' dir='ltr' id='par_1_101' title="bbox 2529 4567 2897 4627">
     <span class='ocr_line' id='line_1_102' title="bbox 2529 4567 2897 4627; baseline -0.016 0"><span class='ocrx_word' id='word_1_690' title='bbox 2529 4571 2770 4627; x_wconf 86' lang='lat' dir='ltr'><strong>Scholion</strong></span> <span class='ocrx_word' id='word_1_691' title='bbox 2807 4567 2897 4622; x_wconf 61' lang='grc' dir='ltr'><strong>τε.</strong></span> 
     </span>
    </p>
   </div>
   <div class='ocr_carea' id='block_1_102' title="bbox 2014 4653 3500 4741">
    <p class='ocr_par' dir='ltr' id='par_1_102' title="bbox 2014 4653 3500 4741">
     <span class='ocr_line' id='line_1_103' title="bbox 2014 4653 3500 4741; baseline -0.014 -17"><span class='ocrx_word' id='word_1_692' title='bbox 2014 4671 2107 4728; x_wconf 88' lang='lat' dir='ltr'><strong>His</strong></span> <span class='ocrx_word' id='word_1_693' title='bbox 2166 4671 2259 4741; x_wconf 89' lang='lat' dir='ltr'><strong>qui</strong></span> <span class='ocrx_word' id='word_1_694' title='bbox 2301 4670 2442 4738; x_wconf 88' lang='lat' dir='ltr'><strong>(post</strong></span> <span class='ocrx_word' id='word_1_695' title='bbox 2494 4670 2860 4736; x_wconf 86' lang='lat' dir='ltr'><strong>perpetratum</strong></span> <span class='ocrx_word' id='word_1_696' title='bbox 2922 4659 3226 4730; x_wconf 82' lang='lat' dir='ltr'><strong>peccatum)</strong></span> <span class='ocrx_word' id='word_1_697' title='bbox 3257 4656 3307 4709; x_wconf 88' lang='lat' dir='ltr'><strong>in</strong></span> <span class='ocrx_word' id='word_1_698' title='bbox 3350 4653 3500 4706; x_wconf 80' lang='lat' dir='ltr'><strong>luctu</strong></span> 
     </span>
    </p>
   </div>
   <div class='ocr_carea' id='block_1_103' title="bbox 1943 4745 3498 4828">
    <p class='ocr_par' dir='ltr' id='par_1_103' title="bbox 1943 4745 3498 4828">
     <span class='ocr_line' id='line_1_104' title="bbox 1943 4745 3498 4828; baseline -0.014 -9"><span class='ocrx_word' id='word_1_699' title='bbox 1943 4775 2248 4828; x_wconf 81' lang='lat' dir='ltr'><strong>versantur,</strong></span> <span class='ocrx_word' id='word_1_700' title='bbox 2295 4762 2563 4814; x_wconf 67' lang='lat' dir='ltr'><strong>daemones</strong></span> <span class='ocrx_word' id='word_1_701' title='bbox 2621 4756 2789 4810; x_wconf 89' lang='lat' dir='ltr'><strong>Deum</strong></span> <span class='ocrx_word' id='word_1_702' title='bbox 2821 4754 3082 4807; x_wconf 84' lang='lat' dir='ltr'><strong>immitem</strong></span> <span class='ocrx_word' id='word_1_703' title='bbox 3113 4759 3167 4804; x_wconf 84' lang='lat' dir='ltr'><strong>et</strong></span> <span class='ocrx_word' id='word_1_704' title='bbox 3193 4745 3498 4816; x_wconf 76' lang='lat' dir='ltr'><strong>inexorabi-</strong></span> 
     </span>
    </p>
   </div>
   <div class='ocr_carea' id='block_1_104' title="bbox 1942 4832 3497 4917">
    <p class='ocr_par' dir='ltr' id='par_1_104' title="bbox 1942 4832 3497 4917">
     <span class='ocr_line' id='line_1_105' title="bbox 1942 4832 3497 4917; baseline -0.014 -13"><span class='ocrx_word' id='word_1_705' title='bbox 1942 4851 2045 4906; x_wconf 91' lang='lat' dir='ltr'><strong>lem</strong></span> <span class='ocrx_word' id='word_1_706' title='bbox 2098 4843 2409 4917; x_wconf 84' lang='lat' dir='ltr'><strong>subjiciunt,</strong></span> <span class='ocrx_word' id='word_1_707' title='bbox 2447 4851 2507 4897; x_wconf 88' lang='grc' dir='ltr'><strong>ιιι</strong></span> <span class='ocrx_word' id='word_1_708' title='bbox 2535 4858 2628 4898; x_wconf 86' lang='lat' dir='ltr'><strong>eos</strong></span> <span class='ocrx_word' id='word_1_709' title='bbox 2676 4843 2741 4897; x_wconf 90' lang='lat' dir='ltr'><strong>ad</strong></span> <span class='ocrx_word' id='word_1_710' title='bbox 2791 4838 3219 4910; x_wconf 84' lang='lat' dir='ltr'><strong>desperationem</strong></span> <span class='ocrx_word' id='word_1_711' title='bbox 3257 4832 3497 4900; x_wconf 81' lang='lat' dir='ltr'><strong>adigant.</strong></span> 
     </span>
    </p>
   </div>
   <div class='ocr_carea' id='block_1_105' title="bbox 1943 4924 3496 4998">
    <p class='ocr_par' dir='ltr' id='par_1_105' title="bbox 1943 4924 3496 4998">
     <span class='ocr_line' id='line_1_106' title="bbox 1943 4924 3496 4998; baseline -0.013 0"><span class='ocrx_word' id='word_1_712' title='bbox 1943 4947 2080 4998; x_wconf 79' lang='lat' dir='ltr'><strong>Ante</strong></span> <span class='ocrx_word' id='word_1_713' title='bbox 2125 4939 2317 4996; x_wconf 87' lang='lat' dir='ltr'><strong>delicta</strong></span> <span class='ocrx_word' id='word_1_714' title='bbox 2360 4935 2763 4991; x_wconf 84' lang='lat' dir='ltr'><strong>misericordem</strong></span> <span class='ocrx_word' id='word_1_715' title='bbox 2799 4942 2855 4988; x_wconf 85' lang='lat' dir='ltr'><strong>et</strong></span> <span class='ocrx_word' id='word_1_716' title='bbox 2886 4933 3208 4987; x_wconf 85' lang='lat' dir='ltr'><strong>clementem</strong></span> <span class='ocrx_word' id='word_1_717' title='bbox 3239 4924 3496 4994; x_wconf 86' lang='lat' dir='ltr'><strong>probabi-</strong></span> 
     </span>
    </p>
   </div>
   <div class='ocr_carea' id='block_1_106' title="bbox 1943 5020 3502 5104">
    <p class='ocr_par' dir='ltr' id='par_1_106' title="bbox 1943 5020 3502 5104">
     <span class='ocr_line' id='line_1_107' title="bbox 1943 5020 3502 5104; baseline -0.016 -11"><span class='ocrx_word' id='word_1_718' title='bbox 1943 5039 2084 5092; x_wconf 86' lang='lat' dir='ltr'><strong>libus</strong></span> <span class='ocrx_word' id='word_1_719' title='bbox 2126 5031 2458 5104; x_wconf 70' lang='lat' dir='ltr'><strong>argumentis</strong></span> <span class='ocrx_word' id='word_1_720' title='bbox 2485 5028 2797 5090; x_wconf 88' lang='lat' dir='ltr'><strong>ostendunt,</strong></span> <span class='ocrx_word' id='word_1_721' title='bbox 2824 5034 2883 5081; x_wconf 89' lang='lat' dir='ltr'><strong>ut</strong></span> <span class='ocrx_word' id='word_1_722' title='bbox 2910 5023 3028 5076; x_wconf 86' lang='lat' dir='ltr'><strong>illos</strong></span> <span class='ocrx_word' id='word_1_723' title='bbox 3054 5020 3105 5072; x_wconf 89' lang='lat' dir='ltr'><strong>in</strong></span> <span class='ocrx_word' id='word_1_724' title='bbox 3127 5023 3342 5088; x_wconf 85' lang='lat' dir='ltr'><strong>peccata</strong></span> <span class='ocrx_word' id='word_1_725' title='bbox 3365 5032 3502 5086; x_wconf 70' lang='lat' dir='ltr'><strong>prac-</strong></span> 
     </span>
    </p>
   </div>
   <div class='ocr_carea' id='block_1_107' title="bbox 1944 5133 2186 5205">
    <p class='ocr_par' dir='ltr' id='par_1_107' title="bbox 1944 5133 2186 5205">
     <span class='ocr_line' id='line_1_108' title="bbox 1944 5133 2186 5205; baseline -0.029 -15"><span class='ocrx_word' id='word_1_726' title='bbox 1944 5133 2186 5205; x_wconf 86' lang='lat' dir='ltr'><strong>cipiteut.</strong></span> 
     </span>
    </p>
   </div>
   <div class='ocr_carea' id='block_1_108' title="bbox 2483 5209 2964 5272">
    <p class='ocr_par' dir='ltr' id='par_1_108' title="bbox 2483 5209 2964 5272">
     <span class='ocr_line' id='line_1_109' title="bbox 2483 5209 2964 5272; baseline -0.023 -1"><span class='ocrx_word' id='word_1_727' title='bbox 2483 5215 2729 5272; x_wconf 86' lang='lat' dir='ltr'><strong>Scholion</strong></span> <span class='ocrx_word' id='word_1_728' title='bbox 2768 5209 2964 5263; x_wconf 83' lang='lat' dir='ltr'><strong>Isaaci.</strong></span> 
     </span>
    </p>
   </div>
   <div class='ocr_carea' id='block_1_109' title="bbox 2015 5296 3497 5373">
    <p class='ocr_par' dir='ltr' id='par_1_109' title="bbox 2015 5296 3497 5373">
     <span class='ocr_line' id='line_1_110' title="bbox 2015 5296 3497 5373; baseline -0.013 -5"><span class='ocrx_word' id='word_1_729' title='bbox 2015 5312 2259 5368; x_wconf 89' lang='lat' dir='ltr'><strong>Tristitia</strong></span> <span class='ocrx_word' id='word_1_730' title='bbox 2283 5310 2481 5366; x_wconf 89' lang='lat' dir='ltr'><strong>mentis</strong></span> <span class='ocrx_word' id='word_1_731' title='bbox 2519 5317 2716 5362; x_wconf 70' lang='lat' dir='ltr'><strong>nostra:</strong></span> <span class='ocrx_word' id='word_1_732' title='bbox 2743 5301 2945 5373; x_wconf 77' lang='lat' dir='ltr'><strong>gratior</strong></span> <span class='ocrx_word' id='word_1_733' title='bbox 2966 5307 3046 5354; x_wconf 90' lang='lat' dir='ltr'><strong>est</strong></span> <span class='ocrx_word' id='word_1_734' title='bbox 3067 5298 3176 5354; x_wconf 88' lang='lat' dir='ltr'><strong>Deo</strong></span> <span class='ocrx_word' id='word_1_735' title='bbox 3201 5296 3348 5354; x_wconf 92' lang='lat' dir='ltr'><strong>omni</strong></span> <span class='ocrx_word' id='word_1_736' title='bbox 3375 5310 3497 5350; x_wconf 84' lang='lat' dir='ltr'><strong>cor-</strong></span> 
     </span>
    </p>
   </div>
   <div class='ocr_carea' id='block_1_110' title="bbox 1947 5388 3494 5480">
    <p class='ocr_par' dir='ltr' id='par_1_110' title="bbox 1947 5388 3494 5480">
     <span class='ocr_line' id='line_1_111' title="bbox 1947 5388 3494 5480; baseline -0.015 -18"><span class='ocrx_word' id='word_1_737' title='bbox 1947 5409 2094 5480; x_wconf 87' lang='lat' dir='ltr'><strong>poris</strong></span> <span class='ocrx_word' id='word_1_738' title='bbox 2125 5405 2380 5460; x_wconf 82' lang='lat' dir='ltr'><strong>actione:</strong></span> <span class='ocrx_word' id='word_1_739' title='bbox 2423 5409 2643 5457; x_wconf 85' lang='lat' dir='ltr'><strong>sauclus</strong></span> <span class='ocrx_word' id='word_1_740' title='bbox 2685 5396 2828 5451; x_wconf 87' lang='lat' dir='ltr'><strong>enim</strong></span> <span class='ocrx_word' id='word_1_741' title='bbox 2879 5391 3191 5462; x_wconf 82' lang='lat' dir='ltr'><strong>Gregorius,</strong></span> <span class='ocrx_word' id='word_1_742' title='bbox 3241 5388 3330 5459; x_wconf 91' lang='lat' dir='ltr'><strong>qui</strong></span> <span class='ocrx_word' id='word_1_743' title='bbox 3371 5402 3494 5441; x_wconf 87' lang='lat' dir='ltr'><strong>cum</strong></span> 
     </span>
    </p>
   </div>
   <div class='ocr_carea' id='block_1_111' title="bbox 1957 5749 3495 5840">
    <p class='ocr_par' dir='ltr' id='par_1_111' title="bbox 1957 5749 3495 5840">
     <span class='ocr_line' id='line_1_112' title="bbox 1957 5749 3495 5840; baseline -0.014 -17"><span class='ocrx_word' id='word_1_744' title='bbox 1957 5771 2218 5840; x_wconf 76' lang='grc' dir='ltr'>καθαράν.</span> <span class='ocrx_word' id='word_1_745' title='bbox 2254 5768 2516 5830; x_wconf 65' lang='lat' dir='ltr'><strong>Inhntem</strong></span> <span class='ocrx_word' id='word_1_746' title='bbox 2557 5775 2726 5840; x_wconf 62' lang='lat' dir='ltr'><strong>autem</strong></span> <span class='ocrx_word' id='word_1_747' title='bbox 2761 5752 3364 5840; x_wconf 40' lang='lat' dir='ltr'><strong>intelligelimpmfectum</strong></span> <span class='ocrx_word' id='word_1_748' title='bbox 3397 5749 3495 5803; x_wconf 81' lang='lat' dir='ltr'><strong>ad-</strong></span> 
     </span>
    </p>
   </div>
   <div class='ocr_carea' id='block_1_112' title="bbox 1955 5826 3126 5896">
    <p class='ocr_par' dir='ltr' id='par_1_112' title="bbox 1955 5826 3126 5896">
     <span class='ocr_line' id='line_1_113' title="bbox 1955 5826 3126 5896; baseline -0.011 -4"><span class='ocrx_word' id='word_1_749' title='bbox 1955 5833 2065 5895; x_wconf 74' lang='lat' dir='ltr'><strong>huc</strong></span> <span class='ocrx_word' id='word_1_750' title='bbox 2086 5826 2153 5895; x_wconf 81' lang='grc' dir='ltr'>ᾰά</span> <span class='ocrx_word' id='word_1_751' title='bbox 2182 5826 2434 5896; x_wconf 69' lang='lat' dir='ltr'><strong>orationis</strong></span> <span class='ocrx_word' id='word_1_752' title='bbox 2466 5835 2766 5891; x_wconf 77' lang='lat' dir='ltr'><strong>munditiem</strong></span> <span class='ocrx_word' id='word_1_753' title='bbox 2801 5826 3126 5884; x_wconf 64' lang='lat' dir='ltr'><strong>monac/nun.</strong></span> 
     </span>
    </p>
   </div>
  </div>
