4050 6338
593 337 657 397 21
1795 342 1854 399 s.
1891 335 2207 398 toitNNts
2243 338 2545 407 CLIMACI
2801 400 2804 402 .
3113 407 3116 410 .
3471 329 3486 359 ‘
3659 356 3787 412 δεδ

1141 629 1389 682 Scholion
1438 629 1528 684 25.

632 714 1010 786 Trisritiaquaa
1053 718 1145 771 diu
1183 721 1347 772 lueret
1399 720 1452 773 in
1495 720 1659 776 corde
1694 729 1748 774 et
1793 719 1847 774 in
1874 719 2114 775 habitum

565 820 716 860 versa
741 815 998 875 θειωδέτο
1029 809 1253 862 tollitur.

1151 896 1394 951 Scholion
1429 899 1519 953 9-6.

639 987 741 1039 Aut
775 986 827 1039 in
871 1002 1032 1058 opere
1061 985 1303 1042 faciendo
1342 991 1694 1054 extolluntur,
1717 999 1810 1046 aut
1837 989 1891 1044 in
1933 991 2119 1046 multi-

568 1076 752 1145 loquio
781 1085 1132 1132 contenmuut
1159 1079 1314 1133 alios.

1075 1209 1080 1213 -
1129 1171 1373 1226 Scholion
1403 1174 1567 1227 aliud.
1619 1195 1626 1201 ·
2067 1240 2071 1242 γ

641 1261 696 1316 lu
736 1263 1017 1330 prudentia
1052 1265 1184 1318 alios
1231 1273 1576 1318 contenmere
1626 1273 1679 1317 et
1708 1262 2014 1331 superbire;
2068 1262 2122 1316 in

575 1357 887 1411 fortitudine
925 1373 982 1411 se
1007 1358 1232 1425 jactare,
1272 1358 1324 1411 in
1353 1359 1704 1426 temperantia
1735 1367 1928 1411 nautas
1957 1369 2010 1412 et
2031 1373 2126 1412 vc-

573 1461 750 1504 ctorcs
782 1449 999 1515 imitari,
1028 1452 1079 1503 in
1117 1451 1328 1518 justitia
1353 1453 1590 1522 scipsum
1631 1454 1683 1507 in
1708 1453 1975 1508 similibus
2005 1454 2128 1508 vin-

2255 1477 2284 1513 ν
2309 1464 2376 1532 τῇ
2404 1461 2714 1534 δικαιοσύνῃ
2736 1460 2798 1514 τὸ
2825 1467 2934 1524 τοῖς
2953 1461 3208 1524 τοιούτοις
3227 1459 3416 1513 ἑαυτὸν
3448 1459 3698 1512 ἐκδικεῖν.

573 1544 772 1596 dicare.
2036 1553 2040 1557 ‘

1166 1632 1412 1688 Scholion
1442 1636 1530 1689 ‘25.

564 445 670 496 Deo
692 445 1013 512 coniunctus
1045 455 1147 508 est,
1179 447 1374 517 inqttit,
1417 458 1470 502 et
1500 461 1808 518 perseverat
1841 451 1893 502 iu
1920 451 2113 502 timore
2139 456 2154 505 Α

2255 454 2308 523 ἧς
2347 459 2567 529 χάριτός
2625 465 2770 515 ἐστιν
2814 466 2843 516 ό
2889 464 3326 534 σύγκεκραμέῖνος
3369 463 3443 531 τῷ
3486 460 3626 527 Θεῷ,
3671 461 3786 514 καὶ

559 548 612 587 ct
643 550 770 589 cura
795 536 981 605 judicii
1012 539 1152 606 ejus,
1180 549 1262 592 est
1300 540 1555 608 templum
1586 539 1770 610 gratiae
1789 539 1903 594 Dei.

2217 549 2487 619 διαμένων
2510 552 2570 605 ἐν
2594 552 2829 621 φροντίδι
2857 553 2956 622 τῆς
2987 554 3211 623 κρίσεως
3231 552 3413 606 αὑτοῦ.
3463 571 3482 604 r

2796 648 2840 696 Σ
2843 646 3050 712 χόλιον
3079 651 3184 712 κγ’.

2299 729 2362 782 Ἢ
2391 731 2644 800 ἐπίμονος
2676 731 2774 802 τῆς
2805 734 3026 804 καρδίας
3071 733 3214 804 λύπη
3252 750 3332 796 εις
3369 733 3484 797 ἕξιν
3515 731 3784 793 ἐλθοῦσα,

2226 818 2495 884 δυσκόλως
2530 822 2860 893 ἀφαιρεῖται.

2819 918 2863 968 Σ
2866 916 3071 983 χόλιον
3097 913 3190 969 κδ’.

2247 1015 2250 1019 ‘
2294 1004 2365 1056 Ἢ
2391 1004 2447 1055 ἐν
2478 1006 2543 1074 τῇ
2582 1005 2810 1076 ἐργασίᾳ
2837 1006 3168 1076 ἐπαίρονται.
3198 1006 3232 1076 ἦ
3279 1007 3338 1058 ἐν
3363 1007 3430 1076 τῇ
3476 1003 3788 1072 πολυλογίᾳ.

2222 1092 2630 1162 κατοφρυῶνται
2668 1095 2883 1164 ἐτέρων.
3322 1110 3324 1113 ’

2892 1186 3098 1239 Ἄλλο.

2307 1276 2395 1328 Ἐν
2423 1278 2488 1345 τῇ
2525 1255 2797 1345 φροντίσὲι
2824 1277 2885 1329 τὸ
2914 1277 3289 1347 ὑπερφρονεῖν,
3320 1277 3378 1328 ἐν
3405 1279 3471 1347 τῇ
3501 1275 3690 1345 ἀνδρίᾳ
3717 1274 3791 1325 τὸ

2226 1368 2609 1437 θρασύνεσθαι,
2633 1371 2690 1422 ἐν
2714 1372 2780 1440 τῇ
2818 1370 3136 1440 σωφροσύνῃ
3161 1369 3220 1421 τὸ
3234 1369 3303 1421 τά
3320 1369 3742 1437 ναύτουφρονεῖν
3766 1380 3787 1395 ⁸

2816 1643 2861 1692 Σ
2862 1641 3071 1707 χόλων
3104 1644 3200 1691 κε’.

648 1726 758 1781 lloc
783 1729 848 1782 ad
872 1729 990 1782 illos
1010 1730 1098 1798 qui
1128 1728 1387 1797 inexperti
1408 1729 1593 1781 dicunt
1621 1727 1748 1780 illud
1787 1726 2003 1795 vulgare
2032 1703 2129 1796 aiax

2303 1729 2444 1798 Πρὸς
2467 1729 2589 1792 τοὺς
2613 1729 2997 1790 ἀδασανίστους
3026 1728 3295 1794 λέγοντας,
3318 1727 3397 1779 to"
3421 1725 3570 1794 Οὐχό
3590 1725 3787 1784 τόπος,

580 1819 608 1868 ό
631 1817 810 1880 τόπος,
851 1818 961 1870 ἀλλ’
989 1822 1016 1871 ὁ
1042 1821 1259 1888 τρόπος,
1296 1833 1404 1871 non
1446 1817 1594 1870 locus
1618 1821 1714 1886 (α),
1745 1816 1837 1870 sed
1868 1830 2046 1872 mores
2078 1827 2133 1871 et

583 1910 690 1961 vita
721 1911 925 1963 faciunt
969 1922 1236 1966 sanctum.
1284 1908 1348 1961 lli
1380 1909 1552 1962 sciant
1581 1919 1634 1962 et
1661 1909 1956 1978 intelligant
1997 1925 2133 1978 quo-

585 2005 744 2056 modo
776 2006 925 2060 locus
969 2007 1129 2058 ctiant
1162 2021 1339 2060 mores
1381 2015 1536 2060 ornet
1567 2013 1620 2058 et
1677 2004 1842 2059 decus
1865 2005 2040 2070 addat,
2081 2015 2134 2061 et

588 2096 858 2164 l7onou
883 2097 1054 2150 solum
1081 2098 1286 2151 vivendi
1305 2078 1459 2162 ratio,
1484 2109 1538 2150 ut
1564 2099 1800 2150 nonnttlli
1825 2099 2134 2167 simpliciter

584 2187 800 2250 dicunt;
832 2189 925 2241 sed
951 2189 1100 2243 locus
1138 2199 1195 2242 ut
1225 2191 1515 2259 plurimum
1549 2190 1710 2245 etiam
1745 2205 1989 2258 magnam
2027 2191 2135 2244 vim

584 2288 637 2330 ct
677 2277 920 2333 virtutem
948 2281 1156 2334 alIcrat.

1269 2375 1449 2428 Aliud.

658 2464 792 2519 Tres
827 2476 952 2519 sunt
1002 2481 1109 2528 res,
1167 2484 1301 2535 quas
1342 2482 1481 2537 aegre
1519 2468 1619 2522 sibi
1651 2479 1928 2538 comparat
1954 2470 2136 2533 homo,

587 2570 814 2624 quaeque
857 2572 1047 2612 omnes
1088 2558 1312 2611 virtutes
1343 2559 1681 2621 custodiunt;
1712 2559 1980 2621 luctus,et
2013 2559 2141 2613 ﬂere

589 2656 804 2712 peccata
831 2662 950 2712 sua,
979 2657 1034 2702 et
1057 2661 1270 2716 semper
1301 2648 1370 2701 ob
1387 2648 1573 2701 oculos
1606 2662 1737 2700 suos
1767 2647 1962 2701 habere
1995 2663 2140 2702 mor-

589 2748 694 2790 ιειιι
723 2753 898 2791 suam.

2232 1821 2347 1873 ἀλλ’
2375 1824 2403 1873 ό
2427 1822 2626 1890 τρόπος
2644 1838 2656 1851 ο
2681 1821 2730 1873 οἵ
2763 1820 3207 1890 ἐπιστησάτωσαν
3253 1818 3409 1871 τοῦτο
3436 1818 3530 1870 καὶ
3552 1816 3787 1883 γνώτω-

2235 1901 2353 1978 ἇαν,
2390 1914 2508 1977 πῶς
2535 1893 2748 1966 δίδωσιν
2771 1915 2799 1966 ό
2823 1903 2983 1974 τόπος
3002 1911 3079 1980 τῷ
3101 1912 3283 1982 τρόπῳ
3307 1911 3368 1962 τὸ
3396 1909 3608 1972 κάλλος,
3640 1907 3795 1960 ὥστε

2231 2009 2328 2076 οὐχ
2356 2007 2596 2078 ότρόπος
2629 2007 2802 2074 μόνος,
2842 2005 2915 2067 ὥς
2948 2022 3089 2068 τινες
3127 2004 3310 2065 ἁπλῶς
3346 2004 3612 2070 λέγουσιν,
3646 1997 3798 2052 ἀλλὰ

2233 2101 2327 2152 καὶ
2359 2101 2386 2150 ὁ
2411 2099 2594 2164 τόπος,
2625 2098 2699 2160 ὡς
2725 2098 2815 2150 ἐπὶ
2836 2097 2895 2149 τὸ
2920 2097 3192 2162 πλεῖστον,
3213 2095 3282 2148 τὰ
3306 2094 3534 2164 μέγιστα
3557 2095 3635 2156 εἰς
3653 2094 3795 2162 ἀρε-

2234 2193 2333 2259 τῆς
2365 2191 2626 2261 ἐργασίαν
2664 2188 3042 2258 συμϐάλλεται.

2909 2368 3111 2419 ⁴Α.1.ίο.

2309 2459 2446 2527 Τρία
2473 2457 2592 2510 ἐστὶ
2616 2456 2929 2526 πράγματα,
2964 2453 2998 2506 ἀ
3023 2452 3291 2514 δυσκόλως
3321 2451 3512 2503 κτᾶται
3534 2449 3561 2500 ό
3577 2447 3800 2516 ἄνθρωο

2239 2567 2360 2611 πος,
2385 2550 2477 2602 καὶ
2503 2548 2641 2600 αὑτά
2672 2546 2928 2614 φυλάσσει
2947 2536 3123 2605 πᾶσας
3137 2542 3233 2604 τὰς
3251 2540 3446 2612 ἀρετάς
3460 2556 3476 2570 ο
3495 2539 3556 2590 τό
3571 2537 3799 2601 πένθος,

2238 2641 2299 2694 τὸ
2329 2640 2532 2692 κλαίειν
2553 2639 2644 2691 ἐπὶ
2664 2640 2783 2699 ταῖς
2797 2635 3087 2706 ἁμαρτίαις
3103 2633 3286 2695 αὑτοῦ,
3312 2633 3406 2684 καὶ
3428 2629 3490 2682 τὸ
3514 2629 3658 2699 ἔχειν
3685 2627 3799 2698 πέλε

2241 2731 2531 2800 ὀφθαλμῶν
2560 2729 2650 2780 τὸν
2685 2724 2879 2780 ἑαυτοῦ
2913 2725 3158 2780 θάνατον.

621 2828 3731 2861 W

1141 2895 1418 2951 GRADUS
1451 2895 1582 2949 VIII.

871 2991 942 3042 De
980 2992 1197 3056 t-ictoria
1225 2993 1338 3052 inc.
1370 3003 1416 3044 et
1451 2993 1863 3070 mansuetudine.

660 3080 1122 3144 Quemadmodum
1151 3082 1365 3136 llamma'
1391 3084 1559 3137 aﬂ‘usa
1601 3087 1802 3138 sensim
1827 3101 1987 3154 aqua,
2023 3097 2142 3142 tan-

2853 2901 3072 2954 ΛΟΓΟΣ
3093 2901 3174 2954 Η’.

2453 2993 2588 3061 Περὶ
2631 2993 2954 3062 ἁοργησιας
2994 2991 3068 3062 (b)
3108 2989 3204 3042 xui
3233 2987 3576 3057 πραότητος.

2313 3087 2518 3156 Ὠσπερ
2553 3085 2739 3146 ὓδατος
2759 3085 2817 3135 ἐν
2844 3082 3000 3152 φλογὶ
3037 3080 3176 3135 κατά
3205 3078 3397 3150 μικρὸν
3440 3074 3802 3147 προστιθεμέ-

593 3172 713 3223 dem
737 3171 960 3225 omnino
987 3174 1367 3242 exstinguitur,
1409 3174 1480 3228 ita
1510 3175 1759 3244 lacrymae
1787 3192 1816 3229 e
1842 3193 1969 3232 vero
1999 3179 2143 3233 luctu

2255 3179 2599 3242 νου,τελείως
2634 3178 2666 3246 ἡ
2709 3176 2839 3245 φλὸξ
2885 3173 3309 3238 ἀποσϐέννυται,
3375 3169 3517 3224 οὕτω
3566 3169 3662 3222 καὶ
3702 3164 3801 3220 τοῦ

596 3276 732 3319 uate
751 3275 920 3320 totum
954 3267 1047 3320 irae
1098 3268 1427 3333 incendium,
1461 3269 1731 3338 animique
1761 3269 1996 3326 furorem
2047 3289 2142 3342 op-

596 3357 834 3424 primunt
856 3366 910 3411 et
945 3358 1295 3428 exstinguunt
1327 3377 1340 3412 :
1373 3374 1599 3430 eamque
1631 3361 1700 3414 ob
1733 3376 1951 3417 causam
1976 3363 2158 3434 luctui,

599 3447 1064 3500 mansuetudinem
1094 3456 1145 3500 ct
1163 3447 1329 3501 animi
1358 3443 1631 3502 lenitatem
1650 3449 1990 3517 subiecimus.
2019 3451 2146 3508 Per-

601 3539 736 3589 I'ccta
773 3551 900 3607 ergo
945 3538 1038 3590 ira:
1085 3539 1306 3592 victoria
1339 3539 1471 3592 nihil
1494 3549 1574 3593 est
1609 3541 1774 3604 aliud,
1802 3556 1960 3610 quam
1997 3544 2148 3597 inex-

600 3622 804 3698 plebilis
829 3629 1133 3700 ignominiis
1154 3629 1271 3683 sitis
1301 3639 1356 3684 et
1378 3631 1724 3695 desiderium,
1757 3633 1830 3686 uti
1853 3643 2041 3687 contra
2093 3635 2147 3688 in

601 3716 963 3782 captatoribus
991 3729 1140 3767 vanae
1175 3713 1378 3783 glerim,
1423 3724 1505 3768 cst
1543 3715 1808 3768 immensa
1847 3715 2022 3770 laudis
2051 3732 2148 3770 cu-

603 3807 746 3875 pido.
779 3805 874 3860 Ira:
898 3808 1138 3860 vacuitas
1163 3816 1244 3862 cst
1263 3807 1484 3862 victoria
1505 3817 1762 3875 superatae
1790 3817 2010 3872 naturae,
2033 3825 2153 3878 quive.

606 3899 752 3952 nullo
779 3897 890 3967 jam
921 3897 1241 3966 iujuriarutn
1301 3913 1463 3950 sensu
1487 3907 1626 3951 tacta
1675 3914 1740 3952 ex
1763 3901 2152 3956 certaminibus

602 4001 657 4042 ct
688 3988 974 4043 sudoribus
1004 3988 1232 4042 exsistit.
1264 3986 1617 4042 Mansuetudo
1635 3997 1718 4041 est
1748 3989 2003 4044 immotus
2046 3993 2157 4045 ani-

606 4085 680 4140 mi
719 4095 911 4148 Status,
945 4085 1053 4153 ‘qui
1089 4085 1233 4138 nulla
1263 4086 1344 4139 vel
1390 4084 1715 4139 contumelia
1760 4087 1845 4140 vel
1897 4086 2053 4143 laude
2090 4088 2158 4144 de

605 4178 909 4234 constantia
929 4177 1190 4232 dimoveri
1217 4186 1414 4246 potest.
1455 4178 1690 4233 Primum
1754 4181 1968 4236 virtutis
1996 4182 2157 4251 hujus

607 4281 663 4323 et
703 4272 797 4323 irae
846 4269 1121 4324 vincenda:
1162 4265 1467 4323 tirocinium
1502 4279 1604 4334 est,
1643 4270 1780 4324 intra
1809 4271 1945 4326 labia
1993 4272 2161 4328 conti-

611 4375 740 4413 nere
766 4343 1051 4413 verborum
1073 4361 1354 4430 impetum,
1380 4360 1726 4428 quantumvis
1756 4377 1852 4414 cor
1873 4364 2160 4420 tumultue-

612 4463 717 4505 tur.
750 4449 1027 4504 l’rolectus
1059 4461 1110 4504 ct
1136 4451 1287 4519 quasi
1313 4450 1487 4505 media
1507 4450 1679 4505 virtus
1717 4460 1799 4505 est
1830 4460 2162 4510 tumultuan-

610 4545 746 4597 tium
778 4542 1160 4610 cugitatiOnum
1193 4541 1399 4596 sedatio
1428 4558 1552 4596 cum
1586 4543 1773 4614 exigua
1801 4544 1975 4600 adhuc
1995 4547 2160 4602 animi

613 4632 1034 4701 perturbatione.
1058 4629 1317 4686 Absoluta
1338 4633 1550 4686 demum
1573 4632 1665 4688 ira:
1686 4634 1907 4688 victoria
1929 4638 2164 4693 estinter

615 4725 928 4780 immanium
947 4725 1218 4778 turbinum
1233 4723 1389 4779 llatus
1408 4727 1691 4794 tranquilla
1703 4727 1866 4781 animi
1883 4730 2159 4786 serenitas.
2179 4799 2184 4806 1

691 4815 843 4884 171
887 4813 964 4868 Ira
995 4823 1077 4868 cst
1097 4815 1297 4869 ‘occulti
1339 4815 1448 4868 odii
1477 4816 1793 4882 recordatio,
1826 4820 1938 4874 sive
1963 4835 2166 4875 memo-

618 4906 698 4959 ria
718 4907 930 4974 injuriat
944 4921 1053 4958 um.
1082 4903 1160 4956 Ira
1175 4913 1258 4959 est
1279 4905 1601 4959 desiderium
1620 4905 1907 4980 ulciscendi
1933 4925 2056 4966 eum
2074 4915 2167 4981 qui

621 5008 718 5047 nos
769 4995 833 5047 ad
864 4994 1000 5048 iram
1051 4994 1311 5048 incitavit.
1341 4994 1512 5050 Furor
1537 5005 1620 5051 est
1650 4995 2022 5067 intempestiva
2053 5018 2174 5059 cor-

619 5084 703 5138 dis
733 5083 1102 5141 inllammatio.
1133 5085 1410 5140 Acerbitas
1449 5088 1613 5141 animi
1657 5104 1750 5143 seu
1772 5092 2072 5149 amaritudo
2095 5106 2178 5151 est

622 5190 813 5230 sensus
834 5190 927 5229 seu
956 5176 1175 5230 all‘cctus
1220 5177 1585 5232 amarulentus
1615 5180 1779 5233 animi
1813 5183 1956 5234 omni
1984 5187 2177 5254 gaudio

622 5275 674 5318 et
701 5265 1056 5320 delectatione
1093 5266 1403 5324 destitutus.
1436 5266 1515 5322 Ira
1545 5279 1626 5324 est
1644 5287 1810 5340 prona
1841 5287 2050 5329 morum
2079 5277 2176 5330 de—

700 5491 774 5559 (a)
805 5488 920 5543 Non
958 5491 1123 5546 fuisse
1154 5491 1360 5554 Romre,
1391 5495 1482 5550 sed
1519 5495 1699 5549 Roma:
1761 5506 1943 5551 sancte
1979 5501 2175 5555 vixisse

632 5569 716 5614 cst
742 5560 963 5637 aliquid.
995 5560 1228 5637 vestigia
1254 5562 1458 5637 Qhristi
1493 5567 1544 5618 itt
1571 5566 1727 5637 terris
1781 5565 1957 5620 relicta
2006 5569 2171 5637 pluri-

634 5645 750 5701 mos
782 5631 999 5701 trahunt
1031 5630 1470 5701 Hierosolymam.
1496 5645 1554 5689 ut
1584 5635 1893 5695 Lauretum,
1930 5638 1984 5689 S.
2007 5630 2170 5692 Jaco-

635 5699 736 5752 bus
769 5699 1342 5772 Compostellanusfin
1375 5702 1682 5767 Germania,
1716 5704 1938 5772 (Etinga
1968 5707 2166 5765 Monss.

579 5811 585 5816 .
635 5785 848 5825 etetuus
871 5769 1226 5830 Ilclvctioxum
1265 5773 1320 5826 S.
1347 5773 1468 5830 Sch.
1495 5772 1617 5830 libet
1635 5791 1854 5844 ψει-εις,
1880 5769 1980 5830 etc.

2243 3267 2493 3341 ἀληθινοῦ
2522 3268 2747 3328 πένθους
2775 3267 2835 3320 τὸ
2869 3265 3098 3336 δάκρυον
3133 3265 3312 3315 πᾶσαν
3347 3261 3445 3331 τὴν
3490 3259 3664 3328 φλόγα
3701 3255 3802 3310 τοῦ

2246 3360 2416 3429 θυμοῦ
2439 3359 2534 3411 καὶ
2565 3358 2843 3427 ὀξυχολίας
2865 3353 3208 3409 ἀποκτείνειν
3267 3353 3476 3418 πέφυκε
3497 3367 3511 3380 ’
3557 3348 3640 3402 διδ
3666 3347 3805 3400 αὐτὸ

2247 3451 2342 3504 καὶ
2387 3449 2691 3511 ἀκολούθως
2731 3447 3051 3520 τετάχαμεν.
3097 3442 3389 3512 Ἀοργησία
3432 3440 3609 3492 τοίνυν
3650 3436 3804 3489 ἐστὶν

2247 3542 2431 3610 ἔφεσις
2452 3540 2673 3608 ἀτιμίας
2701 3538 3014 3607 ἀκόρεστος,
3041 3534 3116 3597 ὡς
3147 3535 3204 3586 ἐν
3227 3535 3337 3595 τοῖς
3383 3531 3678 3593 κενοδόξοις
3711 3527 3805 3578 εὑ-

2251 3633 2460 3703 φημίας
2510 3630 2827 3700 ἀπέραντος.
2891 3625 3183 3698 Ἀοργησία
3232 3624 3349 3677 ἐστὶ
3395 3622 3608 3692 φύσεως
3637 3617 3802 3692 ἧττα,

2250 3726 2309 3776 ὲν
2334 3722 2704 3792 ἀναισθησίαις
2727 3719 2932 3791 ὕϐρεων
2957 3719 3016 3785 ἐξ
3038 3716 3258 3787 ἀγώνων
3273 3716 3367 3769 καὶ
3381 3715 3613 3786 ἱδρώτων
3637 3729 3807 3787 προσ·

2252 3813 2526 3884 γινομένη.
2581 3813 2826 3882 Πραότης
2869 3811 3014 3863 ἐστὶν
3041 3810 3292 3877 ἀκίνητος
3318 3806 3496 3876 ψυχῆς
3537 3805 3807 3858 κατάστα-

2255 3922 2360 3968 σις.
2393 3906 2448 3957 ὲν
2468 3905 2708 3974 ἀτιμίαις
2720 3903 2810 3955 καλ⁵
2830 3898 3388 3970 εὐφημίαιςῶσαύτως
3402 3897 3615 3966 ἔχουσα.
3635 3894 3807 3966 Ἀρχὴ

2259 3997 2355 4067 μὲν
2401 3993 2744 4066 ἀοργησίαις,
2776 3991 2954 4061 σιωπὴ
2996 3987 3214 4059 χειλέων
3240 3989 3297 4039 ὲν
3328 3989 3538 4057 ταραχῇ
3556 3984 3800 4055 καρδίας

2260 4088 2493 4158 μεσότης
2514 4086 2569 4138 δὲ
2595 4083 2769 4154 σιωπὴ
2793 4079 3068 4151 λογισμῶν
3092 4081 3150 4131 ἐν
3175 4077 3304 4148 ψιλῇ
3343 4080 3555 4147 ταραχῇ
3605 4074 3805 4144 ψυχῆς·

2254 4179 2403 4236 τέλος
2413 4179 2469 4230 δὲ
2483 4177 2800 4246 πεπηγμένη
2813 4172 3016 4242 γαλήνη
3029 4172 3085 4222 ὲν
3097 4172 3229 4241 πνοῇ
3243 4169 3455 4238 ἀνέμων
3465 4166 3807 4237 ἀκαθάρτων.

2271 4272 2435 4341 Ὀργὴ
2483 4272 2626 4322 ἐστιν
2664 4267 2738 4335 (ι)
2793 4265 3090 4332 ὑπόμνησις
3153 4256 3808 4341 κεκρυμμένουᾘμίσους,

2258 4339 2431 4425 ἤγουν
2449 4350 2825 4425 μνησικακίας.
2869 4349 3032 4419 Ὀργή
3077 4349 3222 4399 ἐστιν
3246 4342 3505 4411 ἐπιθυμία
3526 4339 3602 4412 (2)
3629 4339 3810 4396 κακῶ·

2263 4466 2398 4513 σεως
2439 4447 2533 4501 τοῦ
2568 4444 2974 4516 παροξύνοντος.
3011 4439 3286 4510 Ὀξυχολία
3309 4437 3454 4490 ἐστὶν
3469 4435 3654 4506 ἔξαψις
3677 4451 3786 4505 καρ

2263 4544 2378 4606 δίας
2429 4539 2668 4611 ἀχρόνως
2722 4537 2998 4606 γινομένη.
3064 4530 3265 4602 Πικρία
3349 4531 3495 4582 ἐστὶν
3566 4527 3812 4600 ὰνήδονος

2267 4635 2473 4705 κίνησις
2502 4635 2560 4684 ὲν
2584 4631 2726 4700 ψυχῇ
2780 4622 3183 4695 συγκαθημένη.
3235 4621 3413 4692 Θυμός
3442 4621 3588 4674 ἐστιν
3617 4619 3696 4689 (5)
3725 4617 3812 4670 εὖ·

2273 4724 2563 4795 μετάϐολος
2581 4721 2790 4790 κίνησις
2815 4715 2994 4786 ἠθῶν,⁵
3011 4713 3104 4767 καὶ
3121 4711 3298 4782 ψυχῆς
3319 4708 3691 4780 ἀσχημοσύνη.

2271 4792 2446 4882 ιρωτὸς
2489 4809 2744 4878 φανέντος
2801 4804 3072 4877 ὑποχωρεῖ
3119 4801 3180 4855 τὸ
3234 4802 3419 4863 σκότος
3437 4816 3453 4831 ο
3506 4797 3681 4860 οὕτως
3725 4792 3815 4848 καὶ

2270 4904 2330 4969 ἐξ
2368 4901 2542 4972 ὀσμῆς
2568 4897 2941 4958 ταπεινώσεως
2970 4895 3116 4947 πᾶσα
3153 4891 3344 4961 πικρία
3367 4890 3462 4943 καὶ
3495 4885 3663 4957 θυμὶλς
3703 4883 3816 4949 ἐξα-

2271 4997 2566 5066 φανὶζεται.
2593 4992 2745 5054 Τινὲς
2768 4986 3154 5058 εὐμετάϐλητοι
3179 4985 3243 5036 ὲκ
3271 4980 3442 5052 θυμοῦ
3465 4979 3812 5048 ὑπάρχοντες,

2271 5087 2484 5160 ἀμελῶς
2513 5086 2638 5155 περὶ
2687 5083 2784 5151 τὴν
2828 5079 3011 5133 τούτου
3037 5076 3329 5147 θεραπείαν
3377 5071 3471 5124 καὶ
3507 5069 3817 5139 ἐπιμέλειαν

2272 5183 2586 5246 διάκεινται,
2620 5180 2696 5249 μὴ
2738 5177 3039 5239 ἐννοοῦντες
3078 5176 3126 5227 οἱ
3149 5173 3376 5231 τάλανες
3402 5167 3497 5221 τοῦ
3530 5169 3772 5227 εἰπόντος
3793 5178 3816 5191 λ’

2283 5274 2354 5328 ἰι
2374 5272 2536 5340 ῥοπὴ
2595 5267 2701 5323 τοῦ
2737 5267 2923 5337 θυμοῦ
2951 5263 3155 5329 αὐτοῦ,
3177 5259 3401 5327 πτῶσις
3441 5255 3619 5322 αὐτῷ.
3671 5255 3816 5310 Ἐστι

2351 5503 2425 5569 (b)
2461 5500 2751 5570 ’Λοργησία
2786 5493 3388 5570 ιιιιιίιιίεῌὶηξτιιεςωεξία.
3421 5488 3495 5570 De
3519 5504 3585 5570 ea
3610 5482 3816 5570 scripsit

2280 5559 2610 5643 Ριιὶιξηιυιιύέ
2630 5559 2951 5643 singularem
2979 5564 3239 5643 libellum.
3269 5559 3814 5643 tzgt'poiii‘i‘gisugcrg;

2281 5643 2546 5709 pluribus,
2581 5629 2786 5693 Latinis
2808 5647 2862 5709 et
2908 5634 3133 5709 Graecis,
3193 5633 3245 5687 in
3284 5629 3455 5696 vitio;
3503 5629 3819 5684 Christianis

2280 5705 2491 5767 Summa
2519 5709 2708 5773 virtus,
2739 5718 2796 5763 ut
2841 5705 3133 5760 humilitas.

3803 6138 4050 6314 μιν
