4050 6338
183 409 274 473 82‘.)

1191 422 1414 480 SCALA
1459 422 1825 483 PARADISI.
1859 448 1924 464 -
1954 424 2255 483 GRMHIS
2282 427 2439 486 Vili.

3282 439 3386 498 830

182 528 379 595 κίνησις
406 525 573 595 μύλου
600 526 746 591 ὀξεῖα
774 531 831 580 ἐν
861 532 958 599 μιᾷ
987 533 1122 601 ῥοπῇ
1148 534 1284 602 ὑπὲρ
1303 536 1401 601 τὴν
1418 535 1509 587 τοῦ
1540 538 1703 607 ἑτέρω

1827 538 2087 605 pravatio,
2109 549 2161 592 et
2193 539 2506 595 deformitas
2553 536 2755 595 animi;
2786 543 2853 597 Ut
2883 545 2946 599 ad
2979 546 3109 601 solis
3137 561 3381 605 exortum

178 618 394 688 ἡμέραν,
438 620 584 671 σῖτον
625 619 823 688 ψυχῆς,
858 621 952 675 καὶ
998 623 1205 693 καρπὸν
1239 618 1599 695 συντρίϐουσα
1623 630 1715 681 καὶ

176 695 586 778 ἐξαφανίζουσαο
610 711 690 764 διὸ
706 714 1029 782 προσεκτέον
1047 717 1325 785 νουνεχῶς.
1353 719 1505 770 Ἐστι
1524 719 1715 787 φλογὸς

174 801 344 869 ἔξαψις
405 803 683 872 συντόμως
722 804 825 856 ὑπὸ
867 805 1091 876 σφοδροῦ
1131 808 1433 876 πνεύματος
1486 812 1713 862 ἀναπτο-

174 894 320 962 μένη,
364 893 458 945 καὶ
483 892 622 965 ὑπὲρ
673 896 842 964 φλόγα
894 897 1237 967 χρονίζουσαν
1279 901 1370 952 τδν
1415 900 1581 969 ἀγρὸν
1618 902 1714 969 τῆς

174 980 383 1047 καρδίας
408 982 832 1052 ἀνεμπιπρῶσα.
859 984 951 1035 καὶ
986 984 1341 1038 ἀπολλῦουσα.
1374 987 1506 1038 Οὐδὲ
1558 986 1713 1039 τοῦτο

171 1070 301 1138 ἡμᾶς
335 1068 614 1126 λανθάνειν
642 1072 861 1140 ὀφείλει,
889 1066 933 1126 ὦ
988 1074 1148 1142 φίλοι,
1191 1077 1271 1127 ὅτι
1306 1093 1406 1146 περ
1434 1079 1490 1127 ἐν
1542 1077 1714 1147 καιρῷ

170 1162 212 1212 οί
232 1163 447 1233 πονηροὶ
464 1162 714 1232 δαίμονες
741 1165 963 1227 ἑαυτοὺς
987 1167 1259 1235 συντόμως
1279 1166 1712 1232 ὑποστέλλουσιν,

172 1253 327 1315 ἵν’ὡς
376 1253 586 1323 μικρῶν
620 1254 730 1306 τῶν
782 1255 1028 1324 μεγάλων
1071 1255 1259 1315 παθῶν
1321 1256 1710 1325 ἀμελήσαντες,

172 1346 349 1398 ἀνίατα
381 1345 563 1398 λοιπὸν
600 1350 932 1416 νοσήσωμεν.
974 1347 1182 1412 Ὠσπερ
1231 1347 1376 1409 λίθος
1423 1347 1709 1415 ὀξῦγωνος,

170 1436 254 1487 καὶ
304 1437 606 1507 ἀπόκροτος
650 1438 857 1507 ἑτέροις
917 1437 1078 1500 λίθοις
1116 1439 1541 1506 συγκρουόμενος
1616 1441 1710 1490 καὶ

172 1526 586 1598 συνδαιρόμενος,
646 1528 862 1583 ἃπασαν
911 1528 1072 1581 αὐτοῦ
1136 1529 1232 1598 τὴν
1299 1529 1565 1596 όξῦγωνον
1617 1529 1711 1581 καὶ

169 1619 451 1689 ἀπόκροτον
477 1623 569 1673 καὶ
598 1622 828 1690 στερρὰν
857 1619 1136 1673 διάπλασιν
1179 1619 1579 1689 διαθρύπτεται,
1618 1620 1711 1670 καὶ

173 1710 563 1781 στρογγυλοειδῆ
585 1709 988 1778 ἀπεργάζεται·
1021 1708 1190 1772 οὕτως
1234 1710 1326 1762 καὶ
1373 1709 1515 1778 ψυχὴ
1564 1707 1710 1772 ὀξεῖα

170 1802 253 1853 καὶ
275 1802 547 1869 ἀπότομος
573 1798 985 1869 συμμιγνυμένη
1024 1800 1117 1851 καὶ
1160 1799 1512 1865 συνδιάγουσα
1549 1799 1709 1866 σκλη-

1818 628 2029 696 fugiunt
2073 630 2321 689 tenebrte.
2386 632 2455 684 ita
2486 632 2551 685 ad
2591 634 2809 687 odorem
2858 636 3176 692 humilitatis
3206 644 3386 697 011111ίὸ

1814 736 1877 773 ex
1909 721 2087 776 animo
2118 723 2387 776 evanescit
2434 724 2756 784 amaritudo,
2797 736 2848 778 et
2882 729 3241 797 exstinguitur
3276 732 3384 786 ira.

1816 809 2027 863 cundia.
2068 809 2295 875 Quidam
2349 827 2467 863 eum
2502 828 2568 865 ex
2603 813 2676 865 ira
2727 814 2883 867 facile
2914 828 3379 879 commoveantur,

1813 897 2018 950 itullum
2055 899 2181 952 huic
2232 900 2418 952 morbo
2464 914 2715 967 qumrunt
2769 905 3059 957 remedium
3093 916 3145 959 et
3173 924 3381 970 curam,

1814 990 1939 1040 dum
1970 987 2209 1044 infelices
2245 1006 2348 1043 uon
2384 993 2747 1047 meminerunt
2779 996 2905 1047 illud
2951 998 3181 1050 dicentis
3216 1019 3227 1051 :
3265 1000 3379 1050 .llo-

1815 1089 2041 1129 mentum
2071 1080 2267 1146 furoris
2288 1081 2421 1147 ejus,
2462 1083 2612 1134 ruina
2673 1092 2748 1135 est
2789 1084 2866 1135 illi
2895 1086 2958 1137 ³³.
3015 1087 3168 1138 (leler
3209 1090 3376 1140 eatilli

1816 1184 1910 1221 seu
1940 1169 2091 1221 molre
2119 1169 2168 1221 in
2211 1171 2394 1223 orbem
2420 1182 2597 1224 motus
2645 1188 2754 1224 uno
2800 1186 3073 1229 uiotnento
3121 1178 3239 1244 plus
3265 1179 3372 1230 l'ru-

1813 1259 1977 1310 tuenti
2003 1260 2194 1311 anima:
2225 1268 2277 1312 et
2302 1260 2508 1312 fructus
2531 1262 2827 1316 eou‘tcritet
2847 1265 3039 1330 perdit,
3072 1282 3234 1332 quam
3270 1278 3377 1319 tar-

1812 1348 1914 1402 dus
1943 1350 2080 1403 alius
2118 1360 2227 1402 toto
2254 1350 2358 1403 die.
2390 1352 2725 1420 Quapropter
2751 1370 3069 1423 Iuagquere
3107 1366 3159 1408 et
3209 1359 3379 1410 soler-

1812 1450 1893 1494 ter
1932 1441 2313 1493 attendemlum
2364 1452 2465 1496 est.
2514 1442 2605 1495 Est
2634 1446 2864 1497 llanuua:
2902 1446 3204 1499 im-endinin
3238 1451 3377 1515 quod

1812 1530 2110 1583 vehementi
2164 1532 2378 1584 turbine
2430 1542 2712 1585 ventorum
2754 1546 2993 1597 auettun,
3030 1537 3172 1589 brevi
3209 1547 3377 1590 totum

1812 1621 1991 1674 cordis
2021 1638 2208 1691 agrum
2243 1624 2473 1675 incendit
2503 1634 2554 1677 et
2586 1626 2777 1689 perdit,
2816 1642 2974 1694 quem
3022 1629 3198 1681 lentus
3246 1631 3380 1682 alias

1811 1713 1947 1777 ignis
1982 1714 2073 1767 diu
2105 1730 2211 1767 non
2233 1716 2641 1783 absumpsisset.
2668 1716 2768 1769 Sed
2817 1728 2865 1769 et
2900 1718 2999 1771 hoc
3030 1736 3122 1769 vos
3150 1738 3253 1772 non
3286 1738 3377 1775 ec-

1810 1804 1986 1867 larim,
2024 1806 2205 1869 amici,
2242 1821 2534 1859 consuesse
2586 1808 2859 1875 improbos
2900 1811 3121 1875 Spiritus
3152 1812 3215 1863 ad
3243 1822 3377 1863 tein-

171 1897 269 1963 ροίς
287 1910 415 1954 τισι,
430 1892 573 1946 δυεῖν
598 1892 822 1961 θάτερον
850 1890 1106 1960 ὑπομένει
1130 1906 1143 1919 ·
1173 1891 1203 1959 ἧ
1230 1892 1293 1943 ἐκ
1317 1890 1414 1967 τῆς
1430 1890 1701 1959 ὑπομονῆς

1806 1908 1901 1961 pus
1917 1910 1974 1946 se
1999 1910 2090 1962 per
2119 1905 2293 1948 astum
2329 1911 2357 1946 a
2386 1898 2676 1949 tentatione
2726 1908 3022 1965 opportune
3053 1898 3375 1953 subducere.

170 1985 222 2036 τὸ
274 1984 397 2037 [διον
447 1982 670 2053 τραῦμα
717 1981 1058 2052 θεραπεύσει,
1094 1980 1126 2049 ἦ
1156 1974 1553 2051 ὑηποχωρῆσασα
1607 1981 1701 2048 τὴν

172 2072 293 2125 ἰδίαν
331 2074 545 2135 πάντως
588 2070 869 2124 ἀσθένειαν
906 2070 1193 2139 γνωρίσει;
1240 2070 1337 2138 τῆς
1390 2072 1562 2138 φυγῆς
1605 2071 1699 2137 τῆς

167 2164 446 2235 δειλάνδρου
504 2164 703 2233 ταύτην
745 2163 900 2230 αὐτῇ,
934 2161 1118 2230 ὥσπερ
1170 2161 1426 2227 ἑσὸπτρον
1457 2177 1699 2229 φανερω-

170 2257 340 2315 55137.;-
393 2252 656 2323 Θυμώδης
703 2252 847 2317 ἐστὶν
914 2250 1263 2318 ἐπιληπτικὸς
1324 2250 1586 2315 ἑκούσιος,
1642 2252 1697 2317 ἐξ

169 2346 405 2399 ἀκουσίου
426 2344 767 2413 προλήψεως,
796 2340 1138 2411 καταῤῥηγνύ
1148 2358 1303 2410 μενος
1320 2342 1409 2394 καὶ
1435 2344 1698 2412 ρασσὸμε-

168 2457 261 2503 νος.
294 2441 452 2493 υῦδὲν
473 2438 615 2492 οὕτω
639 2441 749 2500 τοῖς
776 2436 1118 2506 μετανοοῦσιν
1138 2436 1402 2488 ἀνοίκειον
1435 2437 1509 2499 ὡς
1531 2436 1698 2506 θυμὸς

166 2522 568 2601 ταρασσόμενος,
599 2530 755 2598 εἰπερ
778 2531 811 2597 ἡ
841 2528 1138 2597 ἐπιστροφὴ
1160 2528 1357 2597 πολλῆς
1400 2528 1569 2581 δεῖται
1598 2532 1697 2599 τῆς

167 2622 542 2685 ταπεινώσεως.
584 2621 642 2673 'U
668 2620 724 2673 δὲ
753 2622 929 2688 πάσης
961 2620 1187 2687 οἰήσεως
1237 2620 1465 2689 ὑπάρχει
1494 2624 1698 2691 τεκμή-

172 2731 287 2781 ριον.
328 2713 389 2765 Et
441 2712 601 2764 τοῦτο
651 2711 729 2779 (4)
783 2711 907 2780 ὅρος
939 2710 1241 2780 ἀκροτάτης
1272 2712 1597 2780 πραότητος,
1638 2713 1698 2765 τὸ

170 2803 253 2855 καὶ
275 2803 531 2873 παρόντος
575 2801 669 2853 τοῦ
713 2799 1043 2870 ἐρεθίζοντος
1090 2800 1333 2869 γαληνῶς
1382 2807 1445 2872 τῇ
1504 2803 1697 2874 καρδίᾳ

169 2894 249 2945 καὶ
300 2891 650 2964 ἀγαπητικῶς
700 2890 835 2960 πρὸς
881 2890 1040 2943 αὐτὸν
1097 2891 1430 2955 διακεῖσθαι,
1487 2894 1697 2959 πάντως

167 2985 307 3038 τοῦτο
357 2986 481 3055 ὄρος
536 2982 835 3054 ἀκροτάτου
872 2980 1065 3051 θυμοῦ,
1110 2981 1170 3033 τὸ
1198 2983 1290 3034 καὶ
1338 2983 1458 3035 καθ’
1507 2984 1696 3037 ἑαυτὸν

167 3076 396 3143 διάγοντα
418 3074 594 3146 μόνον,
616 3074 792 3142 λόγοις
818 3073 909 3125 καὶ
964 3073 1199 3141 σχήμασι
1224 3073 1359 3141 πρὸς
1404 3074 1493 3126 τὸν
1526 3075 1697 3145 λυπή-

170 3184 320 3220 σιντα
354 3154 726 3236 διαμάχεσθαι,
762 3165 853 3217 καί
878 3163 1209 3234 θηριοῦσθαι.
1238 3164 1297 3215 Εἰ
1319 3164 1376 3216 τὸ
1401 3166 1613 3235 πνεῦμα
1638 3167 1697 3218 τὸ

168 3253 303 3319 ἅγιον
352 3255 537 3324 εἰρήνη
583 3252 759 3322 ψυχῆς
803 3252 894 3305 καὶ
940 3251 1196 3321 ὁρίζεται,
1232 3251 1328 3303 καὶ
1370 3253 1695 3325 ὑπάρχει·ἠ

167 3343 214 3395 δὲ
235 3344 383 3414 ὀργὴ,
410 3345 617 3414 ταραχὴ
668 3343 894 3413 καρδίας
937 3342 1032 3396 καὶ
1061 3342 1291 3411 ὑπάρχει
1320 3343 1413 3395 καὶ
1458 3344 1690 3412 λέγεται.

168 3436 267 3489 υὺκ
292 3432 381 3489 οὖν
403 3436 551 3489 οὐδὲν
577 3435 719 3489 οὕτω
745 3434 844 3505 τὴν
889 3432 1049 3486 αὐτοῦ
1101 3434 1401 3504 παρουσίαν
1440 3435 1497 3486 ὲν
1545 3437 1699 3505 ἡμῖν,

126 3572 129 3575 λ
165 3526 230 3586 ὼς
253 3526 415 3596 θυμὸς
439 3528 794 3597 ὑποτειχίζειν
821 3516 1048 3593 πέφυκε.

1806 1995 1863 2035 ut
1889 1986 2089 2038 sensim
2114 2000 2301 2053 magna
2345 1988 2472 2039 vitia
2526 1998 2780 2054 tauquam
2812 2004 2987 2056 parta
3021 1990 3371 2057 nrgligatnus,

1801 2086 1853 2126 et
1883 2076 1953 2127 ita
1991 2076 2040 2129 in
2090 2077 2306 2129 morbos
2360 2077 2523 2128 animi
2561 2078 2981 2133 ituluedieahiles
3043 2082 3368 2133 incidamus.

1803 2167 1889 2221 Uti
1952 2183 2137 2219 saxum
2197 2167 2370 2221 aeutis
2416 2169 2627 2234 angulis
2659 2184 2929 2235 asperum,
2987 2172 3028 2222 si
3080 2188 3201 2223 cum
3252 2173 3373 2225 aliis

1801 2259 1946 2312 saxis
1999 2259 2248 2327 conﬂigat
2295 2259 2704 2326 collidaturqm;
2775 2275 2987 2311 omnem
3044 2262 3369 2314 sab-brosau'.

1800 2350 2162 2419 asperitatem,
2199 2360 2518 2415 acutumque
2565 2351 2811 2403 duritiem
2845 2352 3025 2404 attritu
3074 2354 3287 2414 amittit,
3319 2362 3374 2407 cI.

1802 2441 2085 2495 rotundam
2116 2442 2361 2502 ellicitur,
2400 2440 2554 2509 172
2588 2443 2656 2493 ita
2698 2442 2909 2494 animus
2945 2459 3099 2509 asper
3139 2452 3189 2494 t-t
3215 2445 3373 2497 bilio-

1800 2548 1914 2593 sus,
1975 2532 2018 2585 si
2071 2547 2192 2585 eum
2236 2535 2441 2599 asperis
2507 2533 2737 2600 ingeniis
2792 2533 2935 2585 vivat
2980 2536 3261 2601 (legatque,
3306 2552 3367 2588 ex

1798 2623 2007 2675 duobus
2035 2622 2258 2675 alterum
2287 2623 2591 2675 necessario
2639 2624 2936 2689 perpetitur
2974 2641 2987 2675 :
3026 2635 3117 2676 aut
3148 2642 3241 2691 per
3274 2642 3368 2692 pa-

1797 2707 2033 2767 tientiam
2069 2713 2262 2765 vulnus
2288 2727 2445 2764 suum
2476 2713 2706 2774 curabit,
2738 2714 2891 2765 autsi
2924 2714 3135 2779 injuriis
3168 2714 3372 2769 fractus

1795 2803 1969 2867 cedat,
2016 2817 2167 2857 suam
2222 2802 2332 2870 ipse
2391 2802 2815 2855 imbecillitatem
2876 2813 3149 2870 agnoscet,
3206 2821 3370 2872 quam

1798 2896 2026 2949 imbellis
2060 2894 2183 2963 fuga
2215 2894 2288 2946 illi
2322 2894 2473 2962 quasi
2500 2894 2550 2945 iu
2576 2895 2793 2962 speculo
2836 2895 3098 2947 ostendet.
3134 2882 3371 2949 Furiosa-

1794 2987 1888 3040 irae
1916 2984 2184 3039 obnoxius
2223 3000 2318 3038 sua
2349 2985 2621 3037 voluntate
2649 2996 2729 3038 est
2757 2984 3089 3053 epileptieus,
3124 2987 3372 3053 quamvis

1796 3077 1996 3131 invitus
2022 3077 2208 3130 morbo
2232 3082 2546 3144 occupetur,
2590 3076 2811 3129 eliditur
2841 3085 3043 3137 tamen,
3100 3076 3372 3143 rumpitur

1795 3177 1847 3220 et
1875 3167 2035 3220 cadit.
2068 3165 2211 3219 Nihil
2244 3175 2349 3218 tam
2374 3166 2650 3219 inimicum
2674 3175 2757 3218 est
2788 3165 3175 3232 pmnitcntibus
3208 3181 3368 3231 quam

1801 3258 1967 3311 animi
1996 3256 2148 3309 furor
2175 3257 2267 3325 qui
2302 3265 2532 3308 mentem
2585 3257 2883 3323 perturbat,
2912 3255 3126 3323 quando
3167 3257 3271 3307 vita
3286 3271 3342 3308 re

1801 3349 1988 3417 ligiosa
2049 3361 2296 3412 magnam
2366 3343 2637 3397 desiderat
2710 3344 3149 3396 submis‘sionem.
3194 3342 3369 3396 Furor

1801 3448 1977 3489 autem
1996 3445 2077 3489 est
2094 3451 2298 3499 magum
2324 3434 2592 3506 [summat]
2620 3437 2881 3505 superbia:
2900 3437 3176 3489 iudicium.
3198 3436 3252 3487 Si
3270 3436 3371 3489 hoc

1801 3528 2040 3581 deliuitio
2073 3538 2128 3581 et
2156 3529 2368 3595 signum
2408 3538 2490 3582 cst
2510 3543 2739 3583 summa:
2789 3530 3217 3583 mansuetudinis
3245 3544 3368 3584 cum
3458 3548 3463 3553 '

167 3618 277 3687 quis
302 3628 560 3687 prasente
592 3632 657 3672 eo
691 3617 784 3687 qui
826 3633 923 3671 nos
954 3618 1209 3686 provocat
1244 3616 1310 3669 ad
1334 3616 1487 3680 iram,
1523 3634 1713 3673 sereno
1740 3630 1822 3673 est
1876 3620 2058 3680 corde,
2101 3628 2152 3672 et
2188 3630 2437 3673 amanter
2476 3635 2602 3689 erga
2633 3624 2881 3677 euunlem
2941 3622 3190 3684 aﬂieitur;
3220 3631 3369 3679 certe

167 3708 373 3762 extremi
427 3708 627 3763 furoris
682 3717 775 3763 est.
811 3718 1204 3775 argumentum,
1255 3724 1376 3761 cum
1411 3711 1536 3777 quis
1563 3712 1703 3779 apud
1744 3712 1981 3779 seipsum
2017 3727 2283 3776 seorsum,
2318 3726 2373 3766 et
2412 3714 2587 3767 solum
2628 3715 2825 3776 verbis,
2864 3724 2917 3766 et
2964 3713 3199 3777 gestibus
3245 3726 3368 3765 cum

168 3805 369 3859 absente
398 3819 429 3856 a
457 3818 568 3873 quo
617 3802 865 3857 molestia
907 3812 990 3856 est
1037 3802 1281 3864 allectus,
1338 3804 1603 3873 depugnat
1651 3814 1705 3859 et
1740 3806 2011 3860 eﬂ‘eratur.
2049 3806 2106 3859 Si
2155 3808 2391 3875 Spiritus
2440 3815 2663 3861 sanctus
2693 3822 2797 3875 pax
2832 3807 3045 3867 animm,
3079 3815 3132 3857 et
3172 3804 3369 3860 dicitur

168 3907 338 3962 etest;
367 3898 445 3952 ira
479 3912 628 3962 vero,
660 3895 838 3951 cordis
861 3897 1207 3964 perturbatio,
1241 3906 1399 3950 etest
1435 3908 1487 3951 et
1519 3900 1852 3968 appellatur;
1892 3901 2195 3955 necessario
2251 3902 2495 3969 sequitur
2532 3900 2669 3955 nihil
2703 3940 2718 3956 .
2763 3886 2779 3951 .7
2821 3939 2835 3953 .
2878 3940 2893 3954 .
2951 3902 3085 3955 adeo
3139 3900 3369 3970 Spiritus

170 3989 321 4041 sancti
366 3987 660 4055 praesentiae
710 4000 1005 4054 repugnare
1033 3987 1109 4055 (a)
1140 4001 1331 4054 aquam
1372 3987 1532 4039 iram.

228 4076 511 4147 Πάμπολλα
537 4076 634 4129 καὶ
653 4074 862 4145 χαλεπὰ
883 4076 1045 4129 αὐτοῦ
1076 4076 1144 4127 τά
1163 4078 1472 4145 γεννήματα
1498 4075 1692 4145 γνωρί-

170 4164 332 4232 ζοντες
346 4184 359 4198 ⁸
391 4168 485 4220 ’ἐνα
498 4168 592 4219 καὶ
616 4167 773 4235 μόνον
788 4166 1035 4220 ἀκούσιον
1054 4167 1334 4235 ἀπόγονον,
1349 4169 1397 4220 εἰ
1420 4167 1513 4220 καὶ
1524 4156 1695 4231 νόθον,

168 4260 298 4326 ὅμως
312 4258 488 4329 ὠφέλη
496 4276 592 4328 μον
602 4257 1001 4328 ἐπεγνώκαμεν.
1022 4256 1169 4313 Εἶδον
1182 4259 1256 4328 (5)
1276 4259 1514 4328 μανικῶς
1532 4256 1695 4325 ἐξαφ-

1866 4076 2096 4142 COpiosa
2124 4086 2177 4130 et
2203 4091 2447 4145 improoa
2479 4078 2695 4132 soboles
2721 4088 2804 4132 cst
2827 4079 2941 4143 ine,
2982 4085 3073 4135 sed
3100 4100 3239 4138 unus
3278 4101 3371 4139 ne-

1804 4178 1900 4233 pos
1941 4164 2187 4233 quamvis
2219 4164 2457 4233 spurius,
2488 4147 2540 4218 et
2573 4166 2697 4220 licet
2746 4166 2954 4230 nolens,
3010 4172 3154 4223 utilis
3189 4181 3368 4225 tamen

1804 4256 1979 4310 nobis.
1999 4257 2359 4310 Animadverti
2378 4258 2520 4311 enim
2551 4259 2839 4312 nonnullos
2856 4276 3068 4313 summo
3091 4261 3269 4315 furore
3288 4264 3367 4314 in-

171 4351 365 4417 θίντας,
396 4352 489 4406 καὶ¹
514 4352 613 4421 τὴν
641 4349 856 4420 χρονίαν
878 4350 971 4402 καὶ
1001 4350 1316 4403 ὲναπόθετον
1340 4349 1699 4420 μνησικακίαν

1805 4347 2104 4402 ﬂammatos
2130 4349 2439 4402 diuturnam
2471 4358 2523 4403 ct
2561 4349 2667 4403 alte
2696 4350 2982 4416 repositam
3028 4350 3233 4415 injuria:
3252 4366 3366 4404 mc-

172 4442 472 4509 ὲμίσαντας,
501 4444 594 4495 καὶ
626 4441 725 4502 διὰ,
745 4438 968 4504 πάθους,
1016 4440 1219 4502 πάθους
1257 4440 1696 4507 ἀπαλλαγέντας·

1805 4437 2027 4509 moriam
2058 4438 2406 4502 rcvomuisse,
2428 4446 2481 4491 et
2510 4452 2604 4503 per
2636 4437 2826 4490 vitium
2849 4450 2879 4489 ιι
2912 4438 3038 4489 vitio
3060 4438 3310 4493 liberatos
3338 4458 3352 4492 :

174 4503 287 4598 περὶ
310 4532 408 4601 τῆς
431 4503 643 4603 γρονίου
672 4529 843 4600 λύπης
869 4530 902 4600 ἢ
938 4529 1240 4599 μετάνοιαν,
1265 4530 1299 4600 ἢ
1325 4503 1697 4627 πληροφορίαν

1805 4505 1959 4598 173
1996 4544 2118 4582 cum
2164 4529 2210 4582 is
2241 4544 2270 4581 a
2314 4542 2423 4597 quo
2460 4526 2652 4581 oﬂ‘ensi
2700 4534 2877 4589 erant,
2902 4528 2983 4580 vel
3023 4526 3149 4581 facti
3184 4531 3265 4583 sui
3299 4548 3357 4585 se

173 4621 333 4675 ὲκτοῦ
372 4622 732 4693 λελυπηκότος
760 4620 1175 4689 κομισαμένους.
1208 4621 1316 4672 Καὶ
1358 4616 1495 4674 εἶδον
1526 4623 1589 4674 τὸ
1620 4624 1696 4691 (6)

1805 4622 2058 4689 poenitere
2088 4620 2308 4683 diceret,
2336 4618 2421 4671 vel
2450 4617 2559 4671 illis
2581 4618 2938 4682 satisfaceret,
2966 4622 3110 4675 unde
3136 4624 3204 4676 ab
3253 4625 3368 4677 diu-

172 4710 328 4764 δακεῖν
363 4714 885 4784 μακροθυμήσαντας
911 4710 1135 4777 ἀλόγως,
1167 4709 1257 4761 καλ⁸
1276 4710 1339 4761 ὲκ
1365 4710 1466 4780 τῆς
1488 4712 1697 4782 σιωπῆς

1805 4720 1956 4764 lurna
1998 4708 2161 4762 animi
2197 4708 2443 4766 molestia
2489 4718 2617 4761 sunt
2654 4712 2851 4762 curati.
2891 4710 3009 4763 Vidi
3056 4712 3214 4783 alios,
3274 4718 3365 4782 qui

177 4804 519 4873 μνησικακίαν
559 4803 705 4857 ἔνδον
736 4802 1119 4871 ἀποθεμένους,
1167 4800 1257 4852 καὶ
1287 4800 1395 4878 τῷν
1437 4803 1697 4870 μαινομέο

1805 4801 1851 4852 in
1883 4799 2115 4865 speciem
2146 4798 2343 4851 rationi
2378 4812 2603 4865 prorsus
2632 4800 2920 4854 adversam
2949 4802 3281 4858 simulabant
3310 4823 3369 4856 se

174 4908 266 4945 νων
288 4894 480 4964 μᾶλλον
499 4894 697 4957 αὐτοὺς
724 4893 1028 4955 ὲταλάνισα,
1053 4893 1128 4955 ὡς
1152 4891 1239 4944 διὰ
1262 4891 1487 4960 μέλανος
1520 4892 1581 4943 τὸ
1598 4892 1697 4960 τῆς

1805 4905 1891 4958 per
1923 4887 2194 4941 silentium
2226 4888 2490 4955 patienter
2517 4888 2659 4945 ferre
2684 4891 2961 4959 injuriam.
2992 4894 3151 4960 cujus
3187 4904 3366 4949 tamen

176 4986 476 5053 περιστερᾶς
505 4984 698 5037 λευκὸν
735 4984 1118 5050 ἀφανίσαντας.
1156 4980 1357 5048 Πολλῆς
1391 4981 1521 5049 ἡμῖν
1562 4983 1697 5051 πρὸς

1805 4973 2109 5028 memoriam
2161 4974 2375 5041 penitus
2432 4974 2486 5028 in
2543 4977 2728 5031 animo
2780 4979 2925 5032 intus
2988 4980 3362 5043 condiderant,

138 5074 147 5082 ’
175 5068 253 5120 τδν
277 5072 393 5139 ὅφιν
418 5073 498 5127 δεῖ
515 5073 703 5127 τοῦτον
731 5073 828 5142 τῆς
860 5073 1168 5142 ἐπιμελείας
1189 5088 1204 5102 ο
1249 5069 1344 5138 τὴν
1384 5068 1490 5137 γὰρ
1530 5070 1691 5136 φύσιν

1805 5080 1934 5135 quos
1960 5064 2208 5141 equidem
2244 5066 2420 5133 palam
2446 5066 2755 5122 furentibus
2776 5069 3071 5124 deteriores
3097 5070 3359 5140 judicavi,

176 5158 259 5209 καὶ
282 5161 457 5228 αὐτὸς,
486 5164 564 5227 ὠς
593 5163 688 5216 xci.
718 5162 747 5215 ὁ
782 5164 890 5215 τῶν
924 5162 1185 5232 σωμάτων
1211 5157 1568 5228 συνεργοῦσαν
1595 5161 1695 5213 αὺ-

1805 5168 1858 5210 ut
1895 5157 1984 5224 qui
2021 5155 2281 5211 columba:
2322 5159 2613 5213 candorem
2658 5170 2778 5213 atro
2806 5158 2912 5212 odii
2947 5160 3126 5213 colore
3164 5162 3362 5215 exstin-

176 5247 260 5317 τῷ.
287 5250 561 5321 κέκτηται.
614 5252 766 5307 Εἶδον
817 5252 1179 5322 ὀργισθέντας,
1219 5252 1310 5304 καὶ
1366 5251 1429 5303 ὲκ
1474 5251 1698 5321 πικρίας

1805 5245 1993 5300 xerint.
2049 5243 2240 5315 Magna
2280 5247 2544 5303 adversus
2596 5250 2743 5304 hunc
2794 5262 3097 5319 serpentem
3138 5267 3167 5304 a
3207 5251 3361 5303 nobis

178 5336 259 5403 τὴν
290 5340 489 5410 τροφὴν
515 5343 929 5413 ἀπωσαμένους,
958 5343 1049 5394 καὶ
1084 5342 1262 5411 μέντοι
1293 5339 1368 5391 ἰὸν
1398 5337 1460 5405 ίῷ
1486 5337 1573 5390 διὰ
1596 5340 1693 5407 τῆς

1805 5350 1925 5389 cura
1972 5334 2271 5391 adhibenda
2317 5348 2418 5392 est.
2470 5337 2645 5393 liabet
2675 5339 2820 5393 enim
2858 5342 2917 5395 et
2960 5343 3074 5409 ipse
3117 5353 3221 5391 non
3276 5353 3357 5389 se-

181 5425 353 5493 inou
381 5430 698 5499 ἐγκρατείας
740 5431 1146 5501 προσελάϐοντο.
1180 5431 1285 5483 Καὶ
1321 5426 1452 5480 εἶδον
1479 5428 1697 5495 ἐτέρους

1805 5442 1893 5481 cus
1951 5433 2113 5493 atque
2169 5427 2397 5493 luxuria:
2443 5431 2670 5499 spiritus
2716 5433 2956 5499 corporis
3009 5426 3353 5498 patrocinan-

179 5516 407 5587 ἀφορμῆς
438 5517 596 5584 δῆθεν
630 5520 849 5589 εὐλόγου
880 5522 975 5575 τοῦ
996 5521 1162 5591 θυμοῦ
1186 5518 1570 5591 δραξαμένους,
1600 5519 1692 5569 καὶ

1805 5525 1902 5570 tem
1946 5517 2048 5571 sibi
2086 5528 2354 5574 naturam.
2389 5520 2576 5575 Notavi
2629 5522 2793 5575 etiam
2825 5521 3086 5589 quosdam
3126 5517 3200 5569 ira
3228 5532 3352 5568 suc-

184 5608 569 5678 Υαστριμαργις.
587 5609 811 5674 ἑαυτοὺς
843 5612 1281 5681 μεθοδεύσαντας,
1316 5611 1408 5663 καὶ
1438 5612 1499 5661 ἐκ
1545 5608 1703 5676 $0023—

1805 5623 1991 5663 ccnsos
2034 5624 2099 5663 ex
2142 5606 2305 5665 animi
2357 5612 2723 5682 indignatione
2754 5630 2795 5664 a
2839 5610 2959 5665 cibo
3010 5606 3353 5670 abstinuisse,

241 5716 279 5746 "
308 5715 423 5771 Job.
452 5733 503 5778 v,
525 5719 578 5771 2.

244 5810 314 5875 (id
347 5809 689 5870 Brzsentiam
729 5828 931 5883 arcere,
978 5824 1030 5871 et
1072 5816 1367 5889 praepedite
1401 5812 1703 5884 ’Υποτειχίζ

1843 5816 1977 5869 tiam
2006 5832 2054 5883 pi
2071 5816 2342 5871 a'tluderc.
