4050 6338
197 437 296 502 825

1204 432 1431 495 SCALA
1464 430 1836 495 rammsr.
1868 455 1937 467 -—
1974 430 2277 492 camus
2301 391 2432 491 vir.

3300 420 3413 484 826

197 556 427 625 ἑκάστην
457 551 678 624 ἡμέραν
729 552 823 606 καὶ
877 549 1046 604 νῦκτα
1077 548 1175 602 τοῦ
1224 550 1434 622 κριτοῦ,
1480 550 1746 619 λέγουσα·

1882 549 2027 603 udice
2059 549 2289 612 vindice,
2317 544 2536 615 quando
2564 556 2773 612 semper
2803 541 3036 596 clamat:
3067 537 3290 594 Vindice
3322 551 3407 593 tne

206 644 521 717 Ἐκδίκησόν
552 660 623 714 με
644 642 750 697 άπὸ
772 642 866 696 τοῦ
894 641 1164 696 ἀντιδίκου
1195 658 1318 712 μου.

680 736 936 804 Σκόλιον
962 734 1164 789 Ἰσαάκ
1186 740 1274 802 ιη’.

259 825 525 879 Γινώσκει
550 826 830 898 ἄνθρωπος
860 826 940 879 ὅτι
967 820 1130 897 ἦλθεν
1159 827 1238 889 είς
1270 824 1369 895 τὴν
1402 823 1748 896 καθαρότητα

193 917 454 987 ηκαρδία
481 916 672 982 αὑτοῦ,
724 920 851 971 ὅταν
900 917 1103 981 πάντας
1154 916 1353 980 καλοὺς
1400 914 1599 989 θεωρῇ,
1654 919 1750 969 καὶ

194 1011 287 1078 οὐχ
338 1009 538 1079 δρᾶται
584 1026 668 1072 τις
707 1006 857 1078 αὐτῷ
903 1008 1274 1079 ἀκάθαρτοθῆ
1342 1006 1596 1081 βέϐηλοςε
1627 1008 1749 1060 τότε

197 1101 339 1154 ἐστὶν
366 1099 591 1171 ἀληθῶς
609 1098 847 1169 καθαρὸς
871 1102 936 1170 τῇ
965 1100 1157 1170 καρδίᾳ
1183 1118 1196 1129 ε
1227 1098 1474 1172 πῶςνγάρ
1512 1098 1751 1170 πληροῦ-

196 1208 280 1244 ται
305 1193 334 1243 δ
354 1191 515 1259 λόγος
542 1190 637 1243 τοῦ
682 1190 1003 1243 ’Δποστὸλου
1035 1193 1063 1244 ὁ
1104 1192 1347 1258 φάσκων,
1388 1191 1751 1262 ὑπερέχοντας

199 1281 370 1352 ἑαυτῷ
428 1281 682 1353 ἡγεῖσθαι
742 1281 945 1344 πάντας
997 1280 1057 1346 ἐξ
1113 1278 1433 1352 εἰλικρινοῦς
1502 1282 1750 1351 καρδίας,

200 1374 289 1425 ἐὰν
319 1372 391 1442 μή
423 1388 559 1440 φασι
586 1372 646 1425 τὸ
667 1372 974 1444 εἰρημένον,
1003 1372 1085 1425 ὅτι
1114 1374 1147 1426 ό
1177 1372 1481 1441 ὀφθαλμός
1501 1372 1756 1439 καθαρὸς

201 1467 304 1543 οὐκ
336 1462 550 1532 ὄψεται
570 1462 839 1531 πονηρὰ;
1299 1473 1304 1479 ·

452 1608 453 1611 η
786 1554 1041 1622 Σχόλιον
1070 1553 1153 1606 ιθο.

278 1645 341 1701 Ἥ
374 1648 691 1719 ἀδιάκριτος
743 1646 942 1715 θεωρία
991 1643 1218 1706 πολλοὺς
1250 1642 1403 1714 φέρει
1444 1642 1718 1707 κινδύνους
1740 1656 1757 1672 ·

205 1739 294 1791 καὶ
320 1738 430 1810 γὰρ
462 1740 544 1803 είς
570 1736 798 1805 ἄγγελον
822 1736 997 1803 φωτὸς
1031 1734 1561 1805 μετασχηματίζεται
1587 1733 1617 1785 ὁ
1642 1732 1759 1787 διά·

207 1830 374 1895 ϐολος,
400 1830 501 1884 καὶ
519 1830 646 1893 τοὺς
675 1829 744 1881 τά
773 1826 981 1880 ἑαυτῶν
1009 1826 1381 1897 ἀγνοήσαντας
1406 1824 1599 1897 μέτρα,
1633 1822 1763 1878 πολ-

1851 641 1921 695 ab
1947 640 2257 695 adversario
2294 651 2434 691 meo.

2052 724 2055 729 ’
2330 724 2577 781 Scholion
2615 722 2794 779 Isaaci
2837 721 2925 777 l8.

1913 817 2052 873 Tum
2086 818 2252 874 sentit
2285 820 2467 881 homo,
2515 816 2660 885 quod
2692 826 2845 868 mens
2893 809 3064 880 ipsius
3093 807 3412 863 munditiem

1849 908 2016 962 animi
2060 917 2307 963 assecuta
2339 906 2429 970 sit,
2484 904 2702 975 quando
2736 916 2927 956 onmes
2956 899 3210 954 mortales
3237 898 3413 952 bonos

1851 1004 2146 1069 existimat,
2191 1018 2290 1057 nec
2319 1003 2459 1057 ullus
2497 1001 2573 1054 illi
2624 1000 2877 1069 impurus
2910 1008 3003 1052 aut
3040 975 3300 1067 profanus
3328 995 3414 1047 vi-

1852 1095 2043 1151 detur:
2073 1105 2200 1149 tunc
2223 1095 2365 1147 enim
2390 1108 2517 1148 vere
2539 1092 2772 1146 mundus
2787 1100 2869 1145 est
2895 1089 3081 1144 corde.
3121 1085 3406 1154 Quomodo

1852 1185 1999 1240 enim
2028 1183 2161 1237 illud
2192 1182 2434 1252 Apostoli
2494 1180 2773 1235 oraculum
2823 1179 3151 1247 implebitur,
3198 1173 3418 1246 quando

1853 1274 2029 1331 dicit:
2070 1274 2257 1330 Omnes
2304 1273 2410 1326 sibi
2451 1274 2741 1341 superiores
2772 1272 2991 1324 invicem
3023 1270 3080 1321 in
3117 1265 3420 1320 humilitate

1823 1368 2169 1421 .arbitrantes
2197 1366 2262 1430 '°,
2313 1364 2356 1419 si
2408 1379 2513 1416 non
2572 1372 2626 1418 et
2673 1362 2800 1415 illud
2837 1362 3041 1416 dictum
3076 1352 3424 1414 attendatur:

1857 1460 2002 1530 quod
2032 1459 2212 1512 oculus
2244 1474 2403 1522 purus
2434 1455 2563 1510 nihil
2590 1455 2716 1508 mali
2741 1456 2958 1523 aspiciet
2998 1453 3066 1505 ³¹.

1882 1600 1891 1608 .
2459 1546 2705 1601 Scholion
2750 1544 2833 1598 l9.

1926 1642 2235 1712 lmportuna
2270 1655 2363 1695 seu
2393 1638 2688 1696 indiscreta
2711 1632 3094 1702 contemplatio
3123 1632 3290 1684 multa
3323 1644 3420 1698 pa-

1860 1735 1933 1791 rit
1958 1733 2196 1804 pericula
2228 1752 2240 1786 :
2272 1731 2521 1786 diabolus
2555 1730 2697 1784 enim
2756 1723 3104 1782 transformat
3145 1738 3204 1777 se
3232 1723 3283 1774 in
3324 1734 3423 1775 an-

1866 1824 2043 1895 gelum
2082 1821 2239 1886 lueis,
2275 1831 2328 1875 et
2348 1835 2443 1875 eos
2484 1819 2576 1889 qui
2636 1817 2849 1873 modum
2885 1826 2940 1869 ct
2966 1826 3272 1868 mensuram
3310 1824 3424 1865 sua:

206 1884 593 1992 litigant?
622 1884 704 1974 διὸ
725 1920 818 1975 καί
854 1936 938 1983 τις
974 1884 1176 1989 γέρων.
1210 1884 1376 1987 φησίν
1401 1884 1437 1950 ⁵⁷
1660 1916 1771 1969 τὸν

1882 1884 2123 1971 nesciunt
2161 1884 2561 1991 imbecillitatis,
2601 1923 2741 1978 saepe
2792 1907 2947 1961 fallit.
2982 1904 3120 1959 Hinc
3150 1904 3215 1957 de
3249 1901 3427 1957 senio-

209 2014 459 2085 Χριστὸν
480 2012 739 2068 ἐνταῦθα
772 2009 919 2065 ἰδεῖν
939 2012 1011 2065 οὺ
1037 2008 1207 2064 θέλω.

803 2187 1053 2255 Σχόλιον
1089 2191 1158 2240 κ’.

276 2276 510 2349 Μητέρα
528 2276 587 2330 δὲ
615 2278 722 2331 νόει
745 2277 847 2348 τὴν
878 2276 1190 2349 άγαθότητα
1221 2274 1355 2328 Θεοῦ
1384 2275 1482 2344 τὴν
1504 2272 1773 2345 ἔλλαμψιν

213 2368 290 2439 (α)
313 2344 410 2439 την
433 2344 670 2440 θεωρίαν
689 2385 703 2399 ο
736 2344 939 2440 νήπιον
969 2344 1025 2422 δέ
1052 2344 1149 2431 τάς
1194 2366 1413 2431 ἐλπίδας
1466 2365 1772 2438 προσευχὴν

214 2458 493 2530 καθαρμὸν
525 2457 755 2530 μοναχοῦ
784 2459 879 2527 (b).
920 2457 1208 2511 Ἐνὼδυνον
1234 2457 1290 2509 δὲ
1330 2456 1651 2527 ἐπιζήτησιν
1676 2449 1773 2523 τὴν

219 2552 350 2621 μετὰ
371 2553 537 2605 πόνου
573 2550 901 2621 τελουμένην
952 2548 1114 2620 εὐχὴν
1176 2549 1325 2618 παρὰ
1382 2547 1477 2601 τοῦ
1526 2547 1770 2599 τοιούτου

216 2642 429 2711 νηπίου,
459 2640 652 2712 τέρψιν
673 2641 772 2711 τῆς
800 2641 1096 2712 εἰρημένης
1150 2639 1353 2710 μητρὸς
1412 2638 1510 2709 τὴν
1537 2638 1772 2708 ἔμμονον

218 2732 307 2786 τοῦ
332 2732 529 2803 νηπίου
564 2731 815 2802 ζήτησιν,
855 2732 1023 2801 ἦγουν
1080 2731 1178 2801 τὴν
1233 2730 1419 2801 δέησιν
1449 2729 1550 2799 τῆς
1595 2729 1776 2797 ίκετη·

221 2825 355 2895 ριας.

776 2918 1033 2987 Σχόλιον
1073 2921 1178 2970 κα⁹.

287 3013 508 3074 Δίκαιος
539 3009 743 3083 Κύριος
758 3009 983 3074 δικαίως
1019 3008 1232 3078 ἑκάστῳ
1257 3007 1357 3079 τὴν
1386 3005 1633 3078 βοήθειαν
1657 3008 1779 3061 επι-

223 3103 391 3174 νέμει,
418 3104 498 3174 τῷ
524 3121 583 3157 τε
613 3102 935 3175 ἡσυχάζοντι
976 3102 1241 3171 νομίμως,
1266 3101 1356 3154 καὶ
1384 3100 1459 3163 ὡς
1478 3100 1555 3163 δεῖ
1578 3097 1779 3170 ἡσυχά-

1868 2009 2023 2063 ribus
2050 2005 2264 2076 quidam
2301 2002 2468 2057 dixit:
2495 2000 2605 2070 Ego
2649 1999 2920 2053 Christum
2968 1997 3024 2048 in
3053 1996 3151 2047 hac
3176 1996 3281 2047 vita
3323 2007 3428 2045 non

1869 2099 2020 2168 cupio
2044 2096 2232 2151 videre.

2463 2182 2704 2239 Scholion
2740 2181 2831 2235 20.
3024 2234 3031 2241 ,

1944 2280 2167 2335 Matrem
2222 2276 2455 2347 intelligo
2508 2274 2601 2329 Dei
2633 2273 2947 2335 bonitatem,
3008 2267 3439 2341 illustrationem

1873 2384 1929 2430 et
1985 2368 2532 2440 contemplationem;
2582 2364 2865 2435 parvulum
2920 2371 3099 2415 autem
3174 2358 3429 2412 infante-at

1874 2481 2024 2535 spem
2077 2472 2131 2518 et
2180 2460 2443 2516 orationis
2493 2455 2811 2531 munditiem
2864 2453 3162 2519 monacho;
3216 2449 3433 2504 atixiarii

1875 2566 2053 2611 autem
2092 2554 2578 2622 investigationem,
2609 2548 2792 2618 accipe
2816 2560 3002 2618 preces
3032 2560 3153 2600 cum
3190 2544 3371 2597 labore
3402 2557 3431 2593 a

1875 2649 1967 2702 tali
2039 2645 2243 2702 infante
2285 2643 2465 2713 peragi
2517 2642 2750 2696 solitas:
2783 2632 3195 2692 deleClationem
3253 2631 3432 2687 autem

1876 2736 2065 2792 matris
2092 2731 2357 2803 ejusmodi
2387 2736 2820 2801 perseverantem
2849 2726 2900 2778 in
2942 2721 3170 2793 parvulo
3203 2720 3437 2789 inquisi-

1878 2830 2099 2890 tionem,
2125 2825 2230 2879 hoc
2260 2832 2366 2887 est,
2392 2820 2686 2891 supplicem
2721 2815 3115 2887 precationem.

2461 2910 2707 2966 Scholion
2745 2908 2839 2963 21.

1948 3008 2136 3065 Justus
2188 3004 2451 3060 Dominus
2483 3018 2635 3071 reque
2673 3000 2904 3072 singulis
2948 2996 3230 3052 auxillium
3284 2990 3445 3063 169
3476 3018 3489 3028 ι

1881 3104 2212 3173 impertitur;
2244 3097 2485 3153 solitario
2524 3103 2582 3149 ut
2608 3095 2764 3164 decet
2801 3104 2857 3147 et
2908 3100 2967 3145 ut
3012 3096 3226 3158 oportet
3253 3085 3443 3141 solita-

226 3169 350 3262 ζειν,
518 3196 597 3266 τῷ
902 3169 1345 3263 ὑποτασσομένῳ.
1396 3192 1568 3259 ,Λέγει
1602 3169 1705 3244 οὖν
1751 3191 1777 3243 ό

1884 3169 2025 3241 rium
2049 3197 2227 3252 agere,
2252 3191 2306 3236 et
2334 3178 2410 3235 illi
2436 3180 2530 3248 qui
2570 3178 2723 3233 alteri
2760 3176 2837 3246 (in
2871 3174 3143 3241 coenobio)
3207 3169 3446 3240 legitime

226 3291 424 3360 πατὴρ·
460 3264 543 3342 ὅτι
628 3263 884 3358 ἑκάτερον
905 3285 1014 3337 τῶν
1026 3283 1238 3355 τρόπων
1270 3281 1460 3346 ποιῶν,
1483 3281 1777 3345 τουτέστιν,

1886 3284 2054 3349 paret.
2091 3274 2227 3328 Dicit
2253 3286 2381 3341 ergo
2431 3278 2603 3340 pater,
2635 3268 2776 3336 quod
2821 3267 3133 3345 alterutram
3163 3263 3327 3316 vitam
3352 3272 3440 3313 se-

226 3380 329 3432 είτε
357 3379 457 3451 τὴν
485 3378 717 3451 ἡσυχίαν
748 3376 1092 3449 μετέρχεται,
1114 3374 1224 3428 εἴτε
1249 3374 1349 3444 τὴν
1377 3372 1672 3442 ὑποταγὴν,
1690 3369 1784 3424 ἰὰν

230 3474 323 3543 μὴ,
340 3474 415 3538 ὡς
437 3473 539 3535 δεῖ,
555 3472 725 3525 ταῦτα
743 3470 869 3541 μετέ
877 3480 1127 3542 ρχωνται,
1149 3462 1551 3535 ἀπηλλαγμένοι
1569 3463 1675 3517 εἰσὶ
1692 3460 1784 3517 τοῦ

229 3563 592 3636 πνευματικοῦ
613 3562 859 3627 πένθους,
881 3561 1048 3633 ἤγουν
1069 3560 1166 3632 τῆς
1189 3556 1558 3621 κατανύξεως’
1581 3556 1675 3610 καὶ
1698 3553 1788 3627 διὰ

229 3658 379 3709 τοῦτο
402 3654 613 3724 θρήνων
630 3653 735 3706 εἰσὶ
750 3651 958 3705 πολλῶν
979 3652 1136 3717 ἄξιοι·
1162 3649 1222 3702 τὸ
1237 3647 1345 3720 γὰρ
1367 3648 1465 3701 οὐκ
1483 3644 1790 3710 ἀνόθευτον,

230 3747 465 3816 δηλονότι
488 3745 673 3806 κακῶς
697 3742 1037 3811 γίνεται.Καὶ
1068 3744 1140 3811 μή
1163 3758 1222 3794 σε
1246 3738 1452 3800 πλανῶ,
1469 3726 1789 3809 ὢάκροατάο

230 3840 291 3895 τὸ
316 3837 656 3909 ἀπηλλάχθαι
685 3834 779 3889 τοῦ
806 3832 1053 3897 πένθους,
1081 3834 1174 3885 ἐπὶ
1198 3831 1349 3901 καλῷ
1367 3829 1656 3909 τεθεῖσθαι’
1674 3828 1795 3881 ἐπεὶ

232 3931 335 4003 γάρ
355 3902 498 3992 ἄπας
518 3902 699 3999 σχεδὸν
718 3926 871 3995 λόγος
891 3924 1017 3995 περὶ
1032 3922 1258 3986 πένθους
1274 3920 1505 3993 εἴρηται,
1530 3902 1795 3989 ὶὰνημεϊς

234 4019 531 4092 δεχώμεθα,
576 4019 636 4072 τὸ
680 4016 1023 4089 ἀπηλλάχθαι
1067 4013 1182 4088 [τοῦ
1233 4009 1506 4092 πένθους],
1533 4009 1626 4064 τὸν
1662 4011 1795 4079 ἡσυ-

237 4085 460 4182 χᾴὲτῆν,
498 4109 530 4181 ἢ
561 4110 650 4162 τὸν
703 4085 1087 4163 ὑποτακτικὸν-
1107 4104 1201 4159 τοῦ
1232 4085 1480 4167 πένθους,
1512 4099 1615 4167 ἔξω
1664 4099 1791 4172 τρέ-

238 4220 399 4277 χομεν
434 4202 530 4255 τοῦ
558 4200 827 4271 πατρικοῦ
852 4198 1073 4262 σκοποῦ,
1100 4199 1191 4252 καὶ
1246 4198 1364 4268 οὐχ,
1407 4195 1481 4260 ὡς
1513 4196 1613 4261 δεῖ,
1646 4192 1795 4249 νοοῦ-

245 4315 338 4369 μεν
359 4315 375 4331 ·
398 4296 493 4351 καὶ
518 4293 607 4348 διὰ
641 4292 797 4346 τοῦτο
823 4292 1169 4364 προσεκτέον.

1888 3378 2068 3431 cutus,
2126 3366 2229 3419 hoc
2277 3372 2379 3427 est,
2414 3360 2526 3417 sive
2558 3352 2859 3416 solitariam
2892 3342 3147 3420 sectetur,
3184 3354 3296 3410 sive
3321 3353 3448 3407 obe-

1890 3460 2105 3515 dientiae
2127 3472 2186 3513 se
2213 3454 2486 3524 subjiciat,
2525 3453 2572 3508 si
2626 3466 2734 3505 non
2766 3459 2823 3504 ut
2848 3463 2948 3518 par
2971 3456 3075 3513 est,
3112 3460 3270 3501 suum
3302 3453 3449 3498 uter-

1890 3560 1997 3625 'que
2026 3559 2222 3605 statum
2244 3548 2404 3611 colat,
2436 3546 2595 3616 eique
2627 3544 3011 3598 convenienter
3055 3541 3218 3605 vivat,
3266 3536 3449 3608 repul-

1890 3660 1985 3700 sus
2020 3643 2092 3700 sit
2127 3658 2158 3697 a
2191 3638 2505 3712 spirirituali
2546 3638 2697 3717 luctu
2727 3646 2781 3692 et
2818 3633 3255 3705 compunctione,
3284 3637 3450 3697 atque

1891 3739 1993 3793 hos
2016 3737 2199 3793 multis
2231 3733 2482 3803 lacrymis
2529 3730 2911 3799 deplorandos.
2971 3725 3123 3791 Quod
3155 3723 3297 3777 enim
3334 3721 3451 3774 sin-

1894 3837 2079 3877 cerum
2110 3834 2217 3874 non
2242 3828 2326 3873 est
2366 3817 2481 3870 sine
2534 3811 2901 3868 controversia
2946 3808 3185 3878 spurium
3209 3812 3311 3866 est,
3337 3803 3451 3857 sive

1894 3910 2111 3982 quando
2141 3907 2340 3978 aliquid
2375 3921 2481 3960 non
2540 3904 2598 3959 lit
2627 3914 2685 3957 ut
2706 3902 2821 3957 lieri
2866 3907 3096 3970 oportet,
3131 3895 3334 3951 clarum
3369 3903 3455 3948 est

1898 4002 2028 4061 illud
2075 4000 2211 4055 male
2244 3998 2378 4053 ﬁeri.
2415 3997 2525 4052 Nec
2556 3996 2681 4050 fallo
2733 4003 2803 4057 te,
2840 3992 3082 4057 auditor,
3122 3988 3248 4042 illud
3281 3985 3453 4039 desu-

1899 4106 2074 4152 tutum
2095 4109 2214 4149 esse
2243 4109 2272 4147 a
2307 4093 2456 4147 luctu
2485 4090 2539 4145 in
2583 4090 2781 4144 bonam
2831 4095 3038 4158 partem
3091 4091 3366 4149 acccplum
3398 4086 3455 4129 et

1898 4190 2134 4262 positum
2164 4200 2283 4242 esse
2312 4203 2326 4241 :
2363 4200 2487 4238 nam
2522 4199 2644 4238 cum
2674 4180 2854 4236 omnis
2887 4175 2999 4231 fere
3028 4173 3198 4227 oratio
3239 4170 3315 4237 (in
3347 4167 3453 4221 hoc

1900 4260 2132 4351 septimo
2160 4276 2348 4349 gradu)
2383 4276 2449 4330 de
2470 4275 2618 4329 luctu
2656 4274 2746 4335 sit,
2788 4271 2833 4324 si
2888 4282 2987 4322 nos
3035 4264 3166 4318 illud
3222 4260 3454 4315 solutum

242 4405 330 4445 seu
370 4390 678 4445 destitutum
703 4387 1080 4445 essealuctu,
1144 4382 1212 4437 ad
1275 4381 1575 4436 solitarium
1610 4377 1694 4431 vel
1760 4374 2098 4431 obedientem
2155 4367 2615 4431 transtulerimus,
2676 4371 2827 4416 extra
2884 4356 3215 4437 propositum
3255 4370 3286 4409 a
3347 4353 3459 4409 Cli-

243 4499 393 4539 maco
424 4496 649 4552 scopum
684 4492 1071 4541 excurremus;
1108 4488 1209 4528 nec
1240 4484 1299 4529 ut
1327 4482 1540 4542 oportet
1570 4486 1683 4525 rem
1716 4468 2112 4537 intelligemus:
2147 4460 2372 4531 proinde
2408 4455 2787 4514 attendendum
2825 4462 2926 4507 est.
3136 4434 3139 4437 ’

830 4575 875 4627 Σ
878 4573 1084 4641 χόλων
1099 4569 1200 4623 κδ’.

310 4668 431 4732 Τοῖς
454 4669 512 4720 ὲν
544 4665 621 4736 τῷ
650 4666 834 4719 πένθει
856 4664 1201 4733 ἄσπλαγχνον
1233 4660 1323 4714 τὸν
1361 4658 1492 4712 Θεὸν
1521 4658 1568 4710 οἱ
1603 4655 1792 4727 δαίμο-

245 4779 328 4826 νες
356 4758 711 4829 ,ὑποτίθενται
772 4758 907 4830 πρὸς
957 4756 1263 4824 ἀπόγνωσιν
1304 4754 1428 4816 τοὺς
1469 4750 1793 4814 πενθοῦντας

246 4850 589 4906 κατασπάσαι
653 4846 986 4916 βουλόμενοι·
1044 4845 1148 4915 πρὸ
1200 4845 1257 4897 δὲ
1314 4842 1418 4896 τῶν
1483 4840 1791 4910 πτωμάτων

248 4943 608 5015 εῦσπλαγχνον
635 4939 794 4994 αὐτὸν
827 4930 1126 5015 δεικνὶύουσι
1158 4937 1396 4999 πιθανοῖς
1428 4931 1793 5004 ἐπιτηδεύμα-

238 5032 345 5105 ίσιν,
549 5034 686 5107 πρὸς
716 5010 984 5104 ἁμαρτίας
1016 5030 1552 5103 κατακρημνίσωσιν.

794 5208 981 5264 Ἀλλο
1024 5207 1248 5262 Ἰσαάκ.

259 5308 436 5378 Ἰκανὴ
478 5310 511 5379 ἡ
551 5308 698 5377 λύπη
743 5308 842 5377 τῆς
881 5302 1121 5365 διανοίας
1158 5303 1282 5356 ἀντὶ
1330 5301 1507 5370 πάσης
1535 5298 1800 5370 ἐργασίας

255 5403 581 5474 σωματικῆς·
611 5405 641 5457 ὁ
684 5401 793 5473 γάρ
842 5400 995 5469 άγιος
1046 5394 1341 5466 Γρηγόριος
1378 5393 1562 5463 λέγει·
1607 5410 1625 5441 ι
1655 5390 1799 5453 Ναὸς

324 5608 365 5639 ³ο
389 5605 621 5674 Philipp.
651 5619 711 5667 ιι,
741 5603 793 5658 5.
872 5604 914 5635 ιι
953 5586 1057 5658 Tn.
1097 5599 1242 5666 I,15.

328 5767 399 5837 (α)
424 5767 512 5820 Sir.
543 5764 735 5837 legitur
760 5764 812 5817 in
844 5765 952 5837 lilia
980 5760 1240 5837 ί-ΖιειειιξὶΣ

328 5822 800 5906 ibisiaasﬁiclius,
844 5836 933 5887 τὸν
981 5834 1058 5886 ἔτι
1091 5831 1251 5901 ἀτελῆ
1314 5828 1446 5897 πρὸς
1501 5822 1802 5890 προσευχὴν

2486 4549 2728 4605 Scholion
2766 4546 2855 4601 22.

1972 4648 2064 4704 His
2124 4648 2216 4717 qui
2259 4648 2400 4716 (post
2452 4648 2818 4713 perpetratum
2880 4639 3184 4707 peccatum)
3215 4636 3265 4687 in
3308 4633 3457 4685 lurm

1901 4752 2206 4805 versantur,
2253 4740 2521 4792 daemones
2578 4734 2746 4788 Deum
2779 4732 3039 4785 immitem
3070 4738 3125 4782 et
3152 4724 3455 4794 inexorabi-

1899 4828 2002 4884 lem
2056 4821 2367 4895 subjiciunt,
2405 4829 2464 4875 ut
2493 4836 2586 4877 eos
2634 4822 2698 4875 ad
2748 4816 3177 4888 desperationem
3214 4810 3454 4879 adigant.

1900 4925 2038 4975 Ante
2082 4917 2275 4974 delicta
2317 4914 2720 4969 misericordem
2757 4921 2812 4967 et
2843 4912 3165 4965 clementem
3198 4903 3453 4972 probabi-

1900 5016 2041 5069 libus
2084 5009 2415 5081 argumentis
2442 5006 2755 5069 osteudunt,
2782 5013 2839 5059 ut
2868 5002 2985 5055 illos
3011 4999 3062 5051 in
3085 5002 3299 5069 peccata
3322 5010 3459 5065 prae-

1901 5111 2143 5182 cipitent.

2440 5194 2686 5250 Scholion
2725 5188 2920 5242 lsaaci.

1972 5290 2216 5345 Tristitia
2241 5288 2438 5344 mentis
2477 5296 2673 5340 nostrae
2701 5280 2902 5351 gratior
2923 5287 3003 5333 est
3024 5277 3133 5333 Deo
3158 5275 3304 5333 omni
3332 5288 3453 5327 cor-

1904 5387 2051 5457 poris
2082 5384 2336 5437 actione:
2380 5387 2599 5435 sanctus
2642 5374 2785 5429 cnim
2837 5370 3148 5441 Gregorius,
3198 5366 3286 5437 qui
3326 5380 3449 5419 cum

1913 5748 2174 5818 καθαράν,
2210 5746 2473 5807 lnhntem
2513 5753 2681 5818 antem
2717 5731 3318 5818 intelligclimpm[celum
3353 5726 3449 5780 ad-

1912 5810 2021 5873 huc
2043 5805 2109 5873 (id
2139 5805 2390 5873 orationis
2424 5813 2723 5869 munditicm
2757 5805 3082 5863 monac/nun.
