4050 6338
187 404 280 467 8‘29
1190 413 1414 472 SCALA
1458 413 1825 474 PARADISL
1859 438 1924 455 -
1954 414 2255 474 GR.\I)IIS
2282 417 2439 475 \"lll.
2956 488 2961 493 ο
3282 427 3385 488 830

186 521 380 589 κίνησις
396 517 577 589 ’μύλου
602 519 746 583 ὀξεῖα
774 523 831 572 ἐν
862 525 958 591 μιᾷ
987 525 1123 593 ῥοπῇ
1148 525 1283 593 ὑπὲρ
1302 527 1401 592 τὴν
1418 527 1508 579 τοῦ
1539 530 1699 598 ὲτέροι

1827 529 2088 596 pravatio,
2109 540 2161 582 et
2193 530 2507 585 deformitas
2553 533 2736 584 animi.
2786 532 2852 587 Ut
2882 535 2946 587 ad
2979 535 3109 591 solis
3136 550 3381 594 exortum

182 612 395 682 ἡμέραν,
439 614 587 693 σῖτον
628 612 823 681 ψυχῆς,
859 614 953 667 καὶ
998 615 1205 685 καρπὸν
1238 600 1699 688 συντρίϐουσέκα

1818 619 2029 687 fugiunt
2073 620 2322 679 teucbrm,
2386 622 2455 674 ita
2486 622 2551 675 ad
2591 624 2809 677 odorem
2858 626 3176 681 humilitatis
3206 632 3386 685 omnis

181 703 589 772 ἑξαφανίζουσα·
612 704 691 756 διὸ
706 706 1030 774 προσεκτέον
1046 708 1325 777 νουνεχῶς.
1352 710 1505 762 Ἔστι
1524 710 1699 778 φλογὺς

1815 727 1877 763 ex
1909 712 2087 767 animo
2118 713 2388 766 evanescit
2435 714 2757 774 amaritudo,
2798 726 2848 768 et
2882 718 3241 787 exstinguitur
3275 720 3384 775 ira.

179 794 347 863 ἔξαψις
406 796 683 865 συντόμως
722 797 826 867 ὑπὸ
867 797 1092 868 σεροδροῢ
1131 799 1432 868 πνεύματος
1486 803 1699 853 ἀναπτο-

1816 800 2028 854 cundia.
2069 800 2296 866 Quidam
2349 817 2467 853 cum
2503 818 2568 854 ex
2603 802 2676 855 ira
2718 803 2883 856 facile
2914 816 3379 868 ronunovmmtur,

180 886 325 956 μένη,
366 887 460 938 καὶ
484 884 623 957 ὑπὲρ
674 888 864 957 φλόγα
894 889 1237 960 χρονίζουσαν
1280 892 1370 944 τὸν
1416 892 1582 961 ἀγρὸν
1618 892 1699 960 τῆς

1813 888 2018 941 'nullum
2056 889 2181 943 huic
2232 891 2419 943 morbo
2464 903 2715 958 quazrunt
2769 894 3060 946 remedium
3094 904 3145 947 et
3174 913 3382 959 curam,

178 973 384 1041 καρδίας
409 975 833 1044 ἀνεμπιπρῶσα,
859 976 952 1027 καὶ
986 976 1343 1030 ἀπολλύοντα.
1375 978 1507 1030 Οὐδὲ
1558 977 1699 1029 τοῦτ(

1814 981 1940 1031 dum
1971 979 2209 1035 infelices
2246 996 2348 1033 non
2384 982 2748 1036 meminerunt
2780 985 2906 1037 illud
2952 986 3181 1039 dicentis
3216 1007 3227 1039 :
3266 989 3379 1039 .ilo-

175 1063 306 1132 ἡμᾶς
340 1061 615 1118 λανθάνειν
644 1065 862 1133 ὀφείλει,
890 1059 934 1118 ὦ
989 1066 1149 1134 φίλοι,
1193 1068 1272 1118 ὅτι
1306 1084 1407 1137 περ
1435 1070 1491 1119 ἐν
1544 1068 1699 1138 καιριῖ

1816 1079 2042 1121 mentum
2071 1070 2268 1137 furoris
2289 1071 2421 1138 ejus,
2462 1072 2613 1123 ruina
2674 1082 2748 1125 est
2790 1073 2867 1125 illi
2896 1075 2960 1126 ³³.
3016 1076 3169 1127 (Ieler
3210 1080 3377 1129 eatilli

175 1155 217 1206 οι
238 1156 449 1226 πονηροὶ
466 1155 715 1225 δαίμονες
742 1157 964 1219 ἑαυτοὺς
988 1158 1260 1227 συντόμως
1280 1158 1699 1211 ὑποστέλλουσιν

1818 1174 1912 1212 seu
1941 1160 2092 1213 molre
2120 1160 2169 1211 in
2212 1161 2395 1213 orbem
2421 1172 2598 1214 motus
2646 1178 2755 1213 uno
2801 1175 3074 1218 momento
3122 1166 3240 1233 plus
3266 1167 3375 1218 I‘ru-

177 1246 235 1297 i'v'
262 1246 333 1309 ὼς
378 1246 587 1316 μικρῶν
621 1247 731 1299 τῶν
783 1247 1029 1317 μεγάλων
1072 1248 1260 1306 παθῶν
1323 1248 1699 1317 ἀμελήσαντες.

1815 1250 1978 1302 menti
2004 1250 2195 1301 anima:
2226 1257 2278 1302 et
2303 1249 2508 1302 fruetus
2532 1248 2828 1306 con‘teritet
2848 1254 3040 1320 perdit,
3073 1271 3234 1321 quam
3271 1267 3379 1308 lar-

176 1339 353 1391 ἀνίατα
383 1338 566 1391 λοιπὸν
602 1342 934 1409 νοσήσωμεν.
976 1340 1183 1403 Ὠσπερ
1232 1338 1378 1402 λίθος
1424 1339 1699 1407 ὀξύγωνος

1813 1339 1915 1393 dus
1944 1341 2080 1394 alius
2119 1350 2228 1393 toto
2256 1340 2359 1394 die.
2390 1342 2726 1410 Quapropter
2752 1360 3070 1412 magnopere
3108 1356 3160 1398 et
3209 1348 3380 1399 soler-

174 1429 261 1481 καὶ
310 1430 607 1500 ἀπόκροτος
652 1430 859 1500 ἑτέροις
919 1430 1079 1492 λίθοις
1118 1431 1542 1498 συγκρουόμενος
1618 1432 1699 1481 xui

1814 1441 1894 1485 ter
1933 1431 2315 1485 attendendum
2365 1442 2467 1486 est.
2515 1432 2605 1485 Est
2636 1436 2865 1487 ﬂamma:
2903 1435 3205 1488 inremlium
3239 1440 3378 1504 quod

175 1520 587 1591 συνδαιρόμενος,
647 1520 864 1576 ἃπασαν
912 1520 1073 1573 αὐτοῦ
1137 1520 1233 1590 τὴν
1302 1521 1566 1588 ὀξύγωνον
1618 1521 1699 1572 κατ

1814 1522 2112 1574 vehementi
2166 1522 2379 1575 turbine
2432 1532 2713 1575 ventorum
2756 1535 2995 1586 auctum,
3032 1526 3174 1578 brevi
3210 1537 3379 1579 totum

172 1612 453 1683 ἀπόκροτον
478 1616 570 1666 καὶ¹
600 1614 830 1682 στερρὰν
858 1612 1137 1665 διάπλασιν
1180 1610 1581 1682 διαθρύπτεται,
1620 1611 1699 1662 καῖ

1813 1612 1992 1665 cordis
2022 1628 2209 1681 agrum
2244 1614 2475 1666 incendit
2504 1602 2556 1666 et
2588 1615 2779 1679 perdit,
2817 1632 2976 1683 quem
3024 1618 3200 1669 lentus
3247 1620 3382 1671 alias

176 1703 564 1775 στρογγυλοειδῆ
587 1702 990 1770 ἀπεργάζεταιο
1023 1700 1191 1763 οὓτως
1236 1701 1328 1753 καὶ
1376 1700 1518 1769 ψυχὴ
1566 1699 1699 1763 ὀξεῖα

1813 1704 1949 1769 ignis
1984 1704 2074 1757 diu
2107 1720 2213 1758 nou
2234 1706 2642 1774 absumpsisset.
2669 1706 2770 1759 Sed
2819 1717 2866 1759 et
2902 1708 3001 1761 hoc
3032 1725 3123 1759 vos
3152 1726 3255 1761 non
3287 1726 3378 1763 re—

173 1795 258 1846 καὶ
280 1795 549 1862 ἀπότομος
574 1790 987 1861 συμμιγνυμένη
1027 1792 1120 1843 καὶ
1163 1790 1515 1857 συνδιάγουσα
1550 1790 1699 1857 σκλη‹

1812 1794 1987 1858 larim,
2026 1796 2207 1859 amici,
2244 1812 2535 1849 consuesse
2588 1799 2860 1865 improbos
2901 1801 3123 1864 spiritus
3154 1801 3216 1851 ad
3245 1812 3378 1852 tem-

174 1890 273 1956 ροίς
292 1885 575 1947 τισι.δυείν
600 1884 824 1954 θάτερον
852 1883 1108 1952 ὑπομένει
1132 1899 1146 1911 ·
1175 1882 1205 1951 ἦ
1232 1883 1295 1934 ἐκ
1319 1882 1416 1961 τῆς
1431 1881 1699 1950 ὑπομονῆς

1808 1900 1903 1952 pus
1920 1902 1976 1937 se
2000 1901 2092 1952 per
2120 1895 2294 1938 astum
2330 1901 2358 1937 a
2388 1888 2678 1939 tentatione
2728 1896 3024 1954 opportune
3055 1888 3376 1942 subducere.

172 1978 226 2030 τὺ
279 1977 400 2030 ἴδιον
450 1975 672 2046 τραῦμα
718 1973 1060 2045 θεραπεύσει,
1097 1972 1127 2040 ἦ
1158 1966 1555 2042 ὑποχωρῆσασα
1609 1972 1699 2039 τὴν

1808 1985 1865 2026 ut
1891 1976 2090 2028 sensim
2116 1991 2303 2044 magna
2347 1978 2473 2029 vitia
2528 1988 2782 2044 lztttqttztttt
2814 1993 2989 2046 paria
3023 1979 3373 2046 negligamus,

175 2066 297 2118 ἰδίαν
335 2067 548 2127 πάντως
591 2063 871 2117 ἀσθένειαν
909 2063 1196 2131 γνωρίσει;
1242 2061 1338 2129 τῆς
1393 2062 1564 2130 φυγῆς
1608 2062 1699 2129 τῆς

1806 2077 1853 2117 et
1885 2067 1954 2118 ita
1993 2066 2042 2119 in
2093 2067 2309 2119 morbos
2362 2068 2525 2118 animi
2562 2068 2982 2122 iuituedieahiles
3044 2072 3369 2122 incidamus.

170 2158 449 2227 δειλάνδρου
506 2156 705 2226 ταύτην
747 2155 902 2223 αὐτῇ,
936 2153 1120 2222 ὥσπερ
1171 2152 1429 2219 ἐσόπτρον
1459 2168 1699 2223 φανερω-

1806 2158 1892 2212 Uti
1954 2173 2140 2211 saxum
2200 2158 2373 2211 acutis
2418 2158 2629 2225 angulis
2662 2174 2932 2226 asperum,
2989 2161 3031 2212 si
3082 2176 3203 2213 cum
3254 2162 3375 2213 aliis

173 2250 343 2313 σάσης,
396 2244 658 2315 Θυμὼδης
705 2245 850 2307 ἐστὶν
917 2241 1266 2310 ἐπιληπτικὸς
1326 2241 1589 2304 ἑκούσιος,
1645 2244 1699 2308 ἐξ

1806 2250 1949 2303 saxis
2002 2248 2251 2318 conﬂigat
2297 2249 2707 2316 collidatur-que,
2778 2265 2990 2301 Olllllt‘.lll
3046 2251 3373 2303 salt-brosau:

172 2339 408 2392 ἀκουσίου
429 2336 770 2406 προλήψεως,
799 2332 1141 2403 καταρρηγνύ
1151 2350 1305 2402 μενος
1323 2334 1412 2385 καὶ
1438 2335 1699 2404 ρασςὸμε-

1806 2341 2165 2411 aSperitatcm,
2202 2351 2521 2406 ιιι-ιιιιιιιιοιιιιξ
2568 2341 2814 2393 duritiem
2848 2342 3028 2393 attritu
3077 2344 3290 2403 amittit,
3322 2351 3377 2396 et.

170 2451 266 2496 v0;.
300 2433 455 2486 υὺδὲν
477 2431 618 2484 οὕτω
642 2433 751 2492 τοῖς
778 2428 1121 2498 μετανοοῦσιν
1141 2428 1406 2480 ἀνοίκειον
1438 2428 1512 2490 ὡς
1534 2428 1699 2497 θυμὸς

1806 2433 2088 2486 rotundam
2119 2433 2364 2493 ellicitur,
2403 2431 2557 2499 172
2590 2433 2659 2483 ita
2701 2432 2913 2484 animus
2948 2448 3102 2499 asper
3142 2442 3192 2483 et
3218 2434 3376 2485 bilio.

170 2514 572 2595 ταρασσόμενος,
601 2522 757 2591 εἴπερ
781 2523 813 2589 ἡ
844 2520 1141 2589 ἐπιστροφὴ
1163 2519 1360 2589 πολλῆς
1403 2521 1569 2573 δεῖται
1601 2524 1699 2590 τῆς

1806 2540 1917 2585 sus,
1979 2523 2021 2576 si
2073 2538 2194 2576 eum
2239 2526 2444 2590 asperis
2510 2523 2740 2590 ingeniis
2795 2523 2938 2575 vivat
2982 2526 3265 2591 (legatque,
3308 2540 3371 2577 cx

169 2615 546 2677 ταπεινώσεως.
588 2614 645 2666 ὐ
671 2613 727 2665 δὲ
756 2614 933 2681 πάσης
964 2613 1190 2680 οἰήσεως
1240 2612 1468 2681 ὑπάρχει
1497 2616 1699 2682 τεκμή-

1806 2614 2011 2666 duobus
2038 2613 2261 2665 alterum
2290 2613 2595 2665 necessario
2642 2614 2940 2679 perpetitur
2978 2630 2989 2665 :
3029 2624 3121 2665 aut
3152 2631 3244 2681 per
3276 2631 3371 2681 pa-

174 2724 292 2775 ριον.
330 2706 393 2758 Εἰ
445 2704 604 2757 τοῦτο
654 2704 732 2772 (4)
786 2704 910 2772 ὄρος
942 2702 1244 2773 ἀκροτάτης
1275 2705 1601 2773 πραότητος,
1642 2705 1699 2756 τὸ

1806 2698 2037 2758 tientiam
2072 2703 2265 2757 vulnus
2291 2718 2448 2755 suum
2479 2703 2709 2763 curabit,
2741 2704 2894 2755 autsi
2927 2703 3138 2769 injuriis
3172 2703 3375 2757 irai-tus

172 2796 257 2849 καὶ
279 2796 534 2867 παρόντος
578 2794 672 2846 τοῦ
716 2792 1047 2863 ἐρεθίζοντος
1093 2792 1336 2861 γαληνῶς
1385 2798 1449 2865 τῇ
1508 2794 1699 2865 καρδίᾳ

1806 2794 1973 2858 cedat,
2020 2808 2171 2848 suam
2226 2792 2336 2860 ipse
2394 2792 2818 2844 imbecillitatem
2879 2802 3152 2860 agnoscet,
3210 2810 3373 2861 quam

171 2888 254 2939 καὶ
304 2884 653 2957 ἀγαπητικῶς
703 2883 839 2953 πρὸς
885 2882 1044 2934 αὐτὸν
1100 2883 1433 2947 διακεῖσθαι,
1490 2886 1699 2950 πάντως

1806 2886 2029 2940 imbellis
2064 2885 2185 2953 fuga
2218 2884 2291 2937 illi
2325 2884 2477 2952 quasi
2503 2884 2553 2935 iu
2579 2884 2796 2952 speculo
2840 2884 3101 2936 ostendet.
3138 2883 3375 2937 Furiosa‘

170 2978 312 3031 τοῦτο
361 2979 484 3048 ὄρος
539 2975 838 3047 ἀκροτάτου
876 2973 1069 3044 θυμοῦ,
1115 2973 1174 3025 τὺ
1201 2975 1293 3026 καὶ
1341 2974 1462 3027 καθ’
1511 2977 1699 3029 ἑαυτὸν

1806 2978 1893 3031 ira:
1920 2976 2188 3029 obnoxius
2226 2990 2323 3029 sua
2352 2976 2624 3027 voluntate
2653 2986 2732 3028 est
2761 2974 3092 3042 cpileptieus,
3127 2976 3376 3042 quamvis

170 3070 400 3137 διάγοντα
422 3067 598 3139 μόνον,
619 3067 796 3135 λόγοις
822 3065 913 3118 καὶ
968 3065 1203 3133 σχήμασι
1228 3065 1363 3133 πρὸς
1407 3066 1497 3117 τὸν
1530 3066 1699 3135 λυπή-

1806 3068 1999 3122 invitus
2025 3068 2211 3120 morbo
2235 3075 2549 3134 occupetur,
2596 3066 2815 3118 eliditur
2844 3074 3046 3127 tamen,
3103 3065 3375 3132 rumpitur

173 3177 324 3213 σαντα
358 3157 730 3229 διαμάχεσθαι,
766 3157 857 3209 καὶ
882 3155 1212 3226 θηριοῦσθαι.
1241 3156 1301 3206 Εἰ
1323 3156 1380 3208 τὸ
1405 3157 1617 3226 πνεῦμα
1642 3158 1699 3210 τὸ

1806 3168 1851 3210 et
1879 3158 2038 3210 cadit.
2071 3156 2214 3210 Nihil
2247 3166 2353 3208 tam
2378 3156 2653 3209 inimicum
2678 3164 2761 3207 est
2792 3155 3179 3221 pmnitentibus
3211 3170 3371 3221 quam

170 3234 307 3313 ἅγιον
355 3220 555 3317 είρῆνη
587 3220 763 3315 ψυχῆς
808 3244 898 3297 καὶ
937 3220 1199 3313 δρίζεται,
1236 3243 1331 3295 καὶ
1373 3220 1601 3313 {incipiat
1626 3249 1699 3316 ’ἡ

1806 3248 1970 3302 animi
2001 3247 2152 3300 furor
2178 3248 2271 3315 qui
2306 3255 2536 3298 mentem
2589 3220 2887 3313 perturbat,
2916 3244 3130 3312 quando
3170 3220 3275 3297 vita
3291 3260 3347 3297 re

170 3337 217 3388 δὲ
239 3337 387 3407 ὀργὴ,
414 3338 621 3407 ταραχὴ
672 3335 898 3405 καρδίας
942 3334 1036 3388 καὶ
1065 3334 1295 3403 ὑπάρχει
1324 3334 1418 3388 καὶ
1463 3336 1695 3403 λέγεται.

170 3429 271 3482 υὺκ
296 3425 385 3482 οὖν
407 3430 555 3482 οὐδὲν
582 3428 723 3481 οὕτω
750 3426 848 3497 τὴν
894 3423 1054 3478 αὐτοῦ
1106 3425 1405 3496 παρουσίαν
1444 3427 1501 3477 ὲν
1549 3428 1704 3497 ἡμῖν,

129 3566 132 3570 .
168 3519 234 3580 ὡς
257 3519 419 3589 θυμὸς
443 3520 799 3589 ὑποτειχίζειν
825 3518 1052 3585 πέφυκε.

1805 3339 1992 3408 ligiosa
2053 3352 2300 3403 magnam
2370 3333 2641 3387 desiderat
2713 3333 3153 3386 subniis‘siouem.
3198 3331 3373 3386 Furor

1805 3438 1981 3481 autem
2000 3436 2080 3481 est
2098 3441 2302 3491 magna!
2329 3424 2597 3495 [summai]
2624 3426 2885 3495 superbia:
2904 3426 3179 3478 iudicium.
3202 3424 3256 3477 Si
3274 3425 3375 3478 hoc

1805 3519 2045 3572 delinitio
2078 3529 2133 3572 et
2161 3520 2372 3587 signum
2412 3527 2495 3571 est
2515 3533 2742 3572 summa:
2793 3519 3221 3573 mansuetudinis
3250 3533 3373 3572 cum

170 3611 281 3681 quis
305 3620 565 3680 prasente
596 3625 662 3665 eo
696 3609 789 3679 qui
830 3625 928 3663 nos
958 3610 1214 3678 provocat
1249 3608 1315 3661 ad
1338 3608 1491 3672 iram,
1528 3625 1717 3664 sereno
1745 3621 1827 3665 est
1881 3610 2062 3671 corde,
2106 3619 2157 3663 et
2193 3619 2442 3663 amanter
2480 3625 2607 3679 erga
2638 3613 2886 3667 eunidcm
2945 3612 3194 3673 aliieitur;
3224 3620 3373 3668 certe

170 3702 378 3755 extremi
430 3693 632 3755 furoris
686 3709 780 3755 est
815 3710 1209 3767 argumentum,
1260 3715 1380 3753 cum
1416 3702 1540 3769 quis
1568 3703 1708 3771 apud
1749 3702 1986 3770 seipsum
2021 3718 2288 3766 seorsum,
2323 3716 2377 3756 et
2417 3704 2591 3757 solum
2632 3704 2829 3767 verbis,
2869 3713 2923 3756 et
2969 3702 3204 3766 gestibus
3250 3715 3373 3754 cum

171 3799 373 3852 absente
402 3812 432 3849 a
462 3810 573 3865 quo
622 3795 881 3863 molestia
912 3804 995 3848 est
1042 3794 1286 3857 allectus,
1342 3796 1608 3865 depugnat
1656 3805 1710 3850 et
1746 3797 2016 3851 efferatur.
2054 3797 2111 3850 Si
2160 3798 2395 3866 Spiritus
2445 3804 2668 3850 sanctius
2698 3812 2801 3865 pax
2837 3797 3050 3859 animm,
3084 3804 3137 3847 et
3176 3793 3375 3848 dicitur

170 3900 341 3955 etest;
372 3891 449 3945 ira
484 3904 633 3955 vero,
665 3888 843 3943 cordis
866 3878 1212 3957 perturbatio,
1246 3898 1299 3941 et
1322 3900 1404 3941 est
1439 3899 1492 3943 et
1523 3891 1857 3959 appellatur;
1896 3891 2200 3946 necessario
2255 3892 2501 3960 sequitur
2537 3890 2675 3944 nihil
2708 3929 2723 3946 .
2768 3930 2780 3941 .
2825 3929 2840 3942 .
2883 3930 2898 3944 .
2956 3891 3090 3944 adeo
3144 3888 3374 3958 Spiritus

172 3982 325 4035 smcti
370 3980 665 4049 praesentiae
715 3992 1011 4046 repugnare
1039 3979 1115 4047 (α)
1146 3992 1336 4046 aquam
1378 3978 1537 4031 iram.
2614 3970 2615 3973 “

231 4070 517 4141 Πάμπολλα
543 4069 639 4122 καὶ
660 4067 868 4138 χαλεπά
888 4067 1050 4121 αὐτοῦ
1082 4068 1149 4119 τὰ
1169 4070 1477 4137 γεννήματα
1504 4066 1698 4136 γνωρί-

172 4159 335 4226 ζοντες
349 4178 363 4192 ·
395 4162 491 4214 ’ἑνα
504 4161 598 4212 καὶ
622 4159 778 4229 μόνον
793 4159 1040 4212 ἀκούσιον
1059 4159 1340 4227 ἀπόγονον,
1354 4160 1403 4211 εἰ
1426 4158 1519 4211 καί⁹
1530 4147 1700 4222 νόθον,

171 4254 302 4320 ὅμως
316 4252 493 4322 ὼςρέλη
502 4269 597 4321 μον
607 4250 1006 4320 ἐπεγνώκαμεν.
1026 4248 1175 4304 Εἶδον
1187 4251 1262 4321 (ὅ)
1281 4249 1519 4320 μανικῶς
1538 4247 1700 4316 ἐξαφ-

1871 4066 2101 4133 Copiosa
2130 4076 2183 4121 et
2208 4072 2452 4135 improoa
2484 4067 2700 4122 soboles
2726 4077 2809 4122 est
2832 4069 2947 4133 iraa,
2988 4074 3077 4125 sed
3105 4088 3244 4127 unus
3284 4090 3376 4128 ne-

1808 4170 1906 4223 pos
1946 4155 2193 4223 quamvis
2224 4155 2462 4223 spurius,
2494 4137 2545 4208 et
2578 4156 2702 4209 licet
2751 4156 2960 4220 nolens,
3015 4161 3160 4212 utilis
3194 4170 3374 4214 tamen

1810 4247 1984 4301 nobis.
2004 4247 2365 4301 Animadverti
2383 4248 2526 4301 enim
2557 4249 2845 4302 nonnullos
2862 4266 3074 4303 summo
3097 4250 3275 4304 furore
3292 4253 3372 4303 iu-

173 4346 368 4412 θίντας,
398 4344 618 4413 καὶντὴν
646 4341 862 4413 χρονίαν
884 4343 977 4395 καὶ
1006 4342 1322 4395 ὲναπόθετον
1345 4340 1699 4411 μνησικακίαν

1810 4337 2110 4393 ﬂammatus
2136 4339 2446 4392 diuturnam
2476 4348 2529 4393 et
2567 4339 2673 4393 alte
2702 4340 2988 4406 repositam
3033 4339 3239 4404 injuria:
3258 4355 3371 4393 me-

174 4436 476 4503 ὲμέσαντας,
506 4436 600 4488 καὶ
632 4434 730 4495 διὰ,
751 4431 974 4496 πάθους,
1022 4432 1225 4494 πάθους
1263 4431 1669 4498 ἀπαλλαγέντας
1688 4447 1699 4461 ·

1806 4428 2033 4503 ξηοτίοηι
2063 4428 2412 4492 revomuisse,
2433 4436 2487 4481 et
2515 4442 2609 4494 per
2642 4426 2832 4479 vitium
2855 4436 2884 4479 a
2918 4428 3044 4478 vitio
3066 4427 3316 4482 liberatus
3344 4447 3357 4481 :

176 4493 290 4593 περὶ
314 4526 411 4596 τῆς
434 4493 649 4596 γρονίου
678 4493 850 4592 λυπης
875 4522 908 4591 ἢ
944 4493 1246 4591 μετάνοιαν,
1270 4522 1305 4591 ἢ
1330 4493 1699 4594 πληροφορίαν

1806 4494 1965 4588 173
2002 4535 2124 4573 cum
2170 4519 2216 4573 is
2247 4534 2276 4571 a
2320 4533 2429 4586 quo
2466 4493 2657 4571 οσοηεί
2706 4524 2882 4579 erant,
2908 4517 2989 4570 vel
3028 4516 3155 4570 facti
3190 4520 3270 4572 sui
3305 4537 3363 4574 se

175 4614 336 4669 ἑκτοῦ
375 4614 738 4685 ὴλυπηκότος
766 4612 1180 4681 κομισαμένους.
1213 4612 1322 4664 Καὶ
1363 4608 1501 4666 εἶδον
1532 4614 1595 4665 τὸ
1625 4614 1699 4682 (6)

1806 4612 2065 4679 paenitere
2094 4610 2315 4673 diceret,
2343 4608 2427 4662 vel
2456 4606 2565 4661 illis
2586 4608 2944 4672 satisfaceret,
2972 4611 3116 4664 unde
3142 4613 3210 4665 ab
3260 4614 3374 4665 diu-

174 4704 331 4758 δοκεῖν
366 4706 891 4777 μακροθυμήσαντας
917 4702 1141 4769 ἀλόγως,
1173 4700 1263 4753 καὶ
1282 4702 1346 4753 ὲκ
1371 4702 1472 4771 τῆς
1494 4704 1699 4773 σιωπῆς

1806 4711 1963 4754 tuma
2004 4699 2167 4753 animi
2204 4697 2450 4756 molestia
2495 4708 2623 4752 sunt
2660 4702 2857 4752 curati.
2896 4699 3015 4753 Vidi
3062 4701 3221 4772 alios,
3280 4706 3371 4771 qui

179 4798 525 4867 μνησικακίαν
565 4795 712 4849 ἔνδον
742 4795 1125 4863 ἀποθεμένους.
1173 4792 1263 4844 καὶ
1293 4792 1402 4873 τῶν
1443 4794 1699 4862 μαινομέ-

1806 4792 1857 4843 in
1890 4789 2121 4857 speciem
2152 4788 2349 4841 rationi
2384 4802 2609 4856 prorsus
2638 4790 2926 4843 adversam
2955 4792 3287 4847 simulabant
3317 4812 3375 4845 se

176 4903 268 4939 νων
290 4888 485 4958 μᾶλλον
505 4886 704 4949 αὐτοὺς
730 4886 1035 4947 ὲταλάνισα,
1060 4884 1134 4947 ὡς
1158 4883 1245 4935 διὰ
1268 4882 1493 4951 μέλανος
1526 4883 1587 4935 τὸ
1604 4883 1699 4951 τῆς

1806 4895 1897 4949 per
1929 4878 2201 4933 silentium
2233 4878 2497 4945 patienter
2523 4878 2665 4935 ferre
2690 4881 2967 4949 iniuriam,
2999 4882 3157 4950 cujus
3194 4893 3373 4937 tamen

178 4980 482 5047 περιστερᾶς
512 4976 704 5030 λευκὸν
741 4977 1125 5043 ἀφανίσαντας.
1162 4972 1363 5041 Πολλῆς
1397 4973 1527 5040 ἡμῖν
1568 4974 1699 5043 πρὸς

1806 4964 2115 5019 memoriam
2167 4965 2382 5031 penitus
2438 4965 2493 5019 in
2550 4967 2734 5021 animo
2786 4969 2932 5021 intus
2994 4969 3369 5032 condiderant,

140 5068 149 5077 '
176 5062 256 5114 τὸν
280 5066 396 5133 ὅφιν
421 5067 504 5120 δεῖ
522 5065 709 5120 τοῦτον
738 5066 835 5134 τῆς
866 5065 1175 5135 ἐπιμελείας
1195 5080 1210 5093 ·
1255 5061 1350 5130 τὴν
1390 5059 1497 5129 γὰρ
1536 5061 1698 5127 φύσιν

1806 5071 1941 5126 quos
1967 5054 2215 5126 equidem
2251 5056 2427 5124 palam
2453 5056 2761 5112 furentibus
2782 5059 3078 5113 deteriores
3104 5059 3366 5128 iudicavi,

178 5152 261 5203 καὶ
284 5155 461 5222 αὐτὸς,
493 5157 571 5219 ὡς
600 5155 695 5209 καὶ
725 5155 754 5207 ὀ
789 5156 896 5207 τῶν
931 5154 1192 5224 σωμάτιον
1218 5148 1575 5220 συνεργοῦσαν
1602 5152 1699 5205 αὐ-

1806 5158 1865 5201 ut
1901 5147 1992 5215 qui
2027 5146 2288 5201 columba:
2329 5149 2620 5203 candorem
2665 5159 2785 5203 atro
2813 5147 2919 5202 odii
2954 5149 3132 5203 colore
3170 5151 3368 5203 exstin-

178 5241 262 5311 τῷ.
289 5244 568 5315 κέκτηται.
620 5244 773 5299 Εἶδον
824 5244 1186 5315 ὀργισθέντας,
1225 5243 1317 5296 καὶ
1372 5243 1435 5295 ὲκ
1481 5242 1699 5313 πικρίας

1806 5236 2003 5291 χοι-ἰηιε
2056 5235 2247 5305 Magna
2287 5238 2551 5293 adversus
2604 5240 2751 5293 hunc
2800 5251 3104 5308 serpentem
3144 5256 3173 5293 a
3214 5240 3368 5292 nobis

179 5330 261 5398 τὴν
292 5333 495 5404 τροφὴν
522 5336 935 5405 ἀπωσαμένους,
965 5336 1056 5386 καὶ
1091 5334 1269 5403 μέντοι
1300 5331 1375 5383 ἰὸν
1405 5328 1467 5397 ἰῷ
1494 5329 1580 5381 διὰ
1604 5331 1699 5399 τῆς

1806 5342 1933 5380 cura
1979 5325 2279 5382 adhibenda
2324 5330 2426 5382 est.
2478 5327 2651 5383 liabet
2682 5328 2827 5383 enim
2865 5330 2924 5384 et‘
2967 5331 3082 5399 ipse
3124 5342 3228 5381 non
3283 5342 3365 5377 se-

182 5419 355 5487 ἀλόγου
383 5423 706 5492 ἐγκρατείας
748 5424 1153 5494 προσελάϐοντο.
1187 5422 1292 5475 Καὶ
1328 5417 1459 5472 εἶδον
1487 5419 1699 5486 ἐτέρους

1806 5407 1901 5471 cus
1959 5424 2120 5484 atque
2176 5418 2404 5485 luxuriae
2450 5421 2678 5489 spiritus
2723 5422 2963 5489 corporis
3015 5414 3360 5487 patrocinan-

180 5509 409 5581 ἀφορμῆς
439 5511 603 5578 δῆθεν
637 5513 857 5581 εὐλόγου
887 5514 983 5567 τοῦ
1003 5512 1170 5583 θυμοῦ
1193 5509 1578 5582 δραξαμένους,
1607 5510 1699 5560 καὶ

1806 5516 1909 5561 tem
1954 5507 2055 5561 sibi
2093 5518 2362 5565 naturam.
2396 5510 2584 5565 Notavi
2637 5512 2800 5565 etiam
2832 5510 3093 5579 quosdam
3133 5507 3207 5558 ira
3234 5520 3359 5556 sue-

185 5601 576 5672 γαστριμαργίᾳ
595 5602 818 5666 ἑαυτοὺς
851 5605 1289 5673 μεθοδεύσαντας,
1324 5602 1415 5655 καὶ
1446 5603 1507 5653 ἐκ
1552 5600 1699 5667 βοθύ-

1806 5613 1998 5654 eensos
2042 5615 2106 5653 ex
2150 5594 2313 5656 animi
2365 5602 2731 5672 indignatione
2761 5620 2803 5655 ~a
2846 5600 2967 5654 cibo
3017 5595 3361 5659 abstinuisse,

242 5710 280 5740 ³³
309 5709 425 5765 Job.
454 5728 508 5773 ν,
532 5712 585 5765 2.

244 5803 315 5869 (ιι)
348 5803 697 5864 Braesentiam
736 5821 938 5875 arcere,
985 5817 1037 5863 et
1080 5808 1375 5880 praepedite
1409 5804 1699 5875 ’Υποτίιχίέ

1806 5794 1821 5871 ,ν
1851 5807 1985 5859 tiam
2014 5823 2061 5874 pi
2078 5824 2138 5861 (τι
2155 5806 2350 5859 ludere.
