4050 6338
611 423 714 486 831
741 376 747 382 ά

1841 421 1900 480 S.
1933 420 2244 481 JOANNIS
2270 418 2568 479 CLIMACI

3699 410 3812 472 832

611 533 708 603 qui
727 531 795 585 ob
822 527 1245 599 intempestivam
1268 529 1647 585 abstinentiam
1671 545 1931 586 venenum
1952 545 2156 587 veneno

2267 547 2346 584 νου
2374 531 2453 593 είς
2483 527 2720 600 κρημνὸν
2755 524 3160 596 περιπεσόντας.
3201 522 3452 593 Ἐτέρους
3476 521 3536 574 δὲ
3571 520 3811 591 ἐχέφρο-

614 623 938 678 all'uderunt.
970 621 1116 676 Alios
1143 636 1360 692 quoque
1386 621 1665 677 observavi
1703 623 1812 692 (his
1834 621 2152 692 contrarios)

615 723 868 782 tanquam
882 711 1025 780 justa
1044 711 1124 765 ira
1135 720 1434 767 commotos
1457 727 1577 768 sese
1591 712 1727 782 gulae
1743 712 2032 777 dedidisse,
2055 713 2152 768 ad-

614 819 788 874 eoque
806 818 871 857 ex
887 803 1037 857 loves
1052 803 1104 856 in
1118 803 1471 873 praecipitium
1491 803 1760 859 incidisse.
1783 803 2020 873 Denique
2035 821 2176 886 spe-.

616 891 756 944 clavi
780 891 913 945 alios
925 890 1298 959 prudentiores
1316 890 1398 944 bis
1411 891 1502 960 qui
1522 901 1775 961 tanquam
1795 893 1944 963 probi
1967 893 2155 948 medici

619 993 908 1051 utrumque
928 990 1285 1049 temperantes
1318 981 1478 1035 veluti
1503 980 1675 1034 media
1697 981 1780 1035 via
1800 982 2155 1046 incesserunt,

619 1087 948 1142 magnasque
959 1071 1211 1124 utilitates
1223 1085 1286 1124 ex
1298 1070 1400 1125 hoc
1412 1078 1829 1138 temperamento
1841 1074 2158 1127 retulerunt.

619 1163 718 1219 Est
743 1178 864 1218 cum
891 1161 1153 1217 concinna
1174 1161 1378 1216 musica
1402 1159 1636 1214 furorem
1656 1163 1854 1230 optime
1874 1162 2042 1216 sedat.
2065 1162 2160 1216 Est

614 1269 757 1307 ettm-
793 1253 1129 1308 inconcinna
1177 1262 1232 1308 et
1276 1252 1660 1321 intempestiva:
1704 1253 1960 1309 miscetur
2006 1255 2159 1309 volu-

620 1353 777 1414 ptas:
810 1345 1007 1414 optime
1039 1343 1140 1398 hac
1184 1352 1416 1406 utemur,
1463 1343 1509 1398 si
1553 1352 1848 1416 temporum
1899 1344 2158 1399 rationem

623 1437 988 1492 habuerimus;
1034 1437 1170 1490 tium
1197 1435 1324 1494 olim
1357 1437 1422 1490 ad
1441 1436 1603 1491 cellas
1638 1438 1993 1507 quorumdam
2025 1453 2158 1492 ana-

619 1525 962 1579 choretarum
1008 1525 1078 1580 ob
1127 1526 1337 1594 negotia
1379 1526 1620 1594 quaedam
1667 1529 1993 1597 expedienda
2030 1529 2162 1585 loris

625 1615 957 1679 scssitarem,
1022 1615 1200 1670 audivi
1255 1616 1374 1670 illos
1429 1617 1573 1673 intus
1617 1633 1683 1673 cx
1737 1620 1902 1674 animi
1955 1623 2163 1676 acerbi-

624 1714 735 1758 tate
781 1714 835 1759 et
874 1704 1054 1759 furore
1089 1706 1194 1759 ritu
1241 1705 1511 1776 perdicum
1551 1708 1689 1777 apud
1735 1723 1795 1764 se
1844 1710 1993 1779 ipsos
2043 1726 2163 1780 per-

625 1805 924 1864 strepentes
959 1804 1014 1850 et
1047 1797 1400 1861 corrixantes,
1447 1806 1500 1853 et
1530 1798 1583 1851 in
1622 1797 1814 1854 faciem
1847 1800 1966 1869 ejus
1997 1819 2025 1854 a
2055 1816 2162 1869 quo

2253 635 2349 682 νας
2374 617 2655 688 τεθέαμαι,
2701 615 2774 679 ὡς
2802 614 2996 676 καλοὺς
3024 613 3238 683 ἰατροὺς
3267 610 3552 681 ἀμφότερα
3594 626 3808 677 συγκε-

2254 707 2543 778 ράσαντας,
2576 705 2669 759 καὶ
2702 706 2767 759 τά
2801 705 3027 774 μέγιστα
3051 705 3114 754 ὲκ
3140 702 3240 772 τῆς
3272 701 3584 772 συμμέτρου
3621 718 3808 772 παρα-

2252 796 2497 866 κλήσεως
2520 794 2914 864 ὠφεληθέντας.
2950 793 3084 846 [lore
3124 792 3224 862 μὲν
3259 794 3292 864 ἡ
3329 792 3560 863 μελῳδία
3588 791 3679 844 τὸν
3702 790 3806 844 θυ-

2256 886 2355 955 μὸν
2374 886 2604 956 άρίστως
2633 885 2855 951 διαλύει,
2889 887 2921 955 ή
2946 885 3255 955 σύμμετρος
3280 899 3292 912 ’
3324 884 3452 937 ποτε
3487 883 3544 936 δὲ
3571 886 3637 954 τῇ
3674 882 3805 952 φιλ-

2252 978 2436 1048 ηδονίᾳ
2470 979 2801 1049 συνέρχεται,
2829 977 2927 1047 ἦγε
2967 976 3199 1046 ἄμετρος
3239 975 3332 1028 καὶ
3379 975 3619 1046 ἄκαιρος.
3658 975 3805 1038 Τοὺς

2253 1063 2346 1120 οῦν
2409 1066 2628 1135 καιροὺς
2709 1064 3108 1131 κανονίζοντες,
3175 1060 3346 1124 οὕτως
3426 1059 3804 1131 ἐχρησάμεθα.

2259 1159 2503 1212 Ἤκουσα
2537 1155 2990 1226 παρακαθήμενος
3028 1153 3130 1218 ἔξω
3167 1154 3306 1207 κατά
3329 1142 3448 1206 τινα
3476 1152 3661 1221 χρείαν
3701 1152 3807 1205 ἀν-

2253 1247 2411 1319 δρῶν,
2434 1245 2825 1319 ἡσυχαζόντων,
2883 1246 2957 1308 ὼς
3015 1245 3280 1316 περδίκων
3324 1245 3382 1297 ἐν
3423 1246 3488 1313 τῇ
3530 1242 3692 1315 κέλ).ῃ
3729 1245 3804 1296 ὲκ

2256 1336 2473 1407 πικρίας
2516 1336 2608 1389 καὶ
2654 1335 2824 1406 θυμοῦ
2872 1336 2988 1390 καθ’
3031 1335 3253 1398 ἑαυτοὺς
3295 1333 3801 1404 κλοῦομαχούντων,

2255 1424 2331 1494 τῷ
2355 1424 2626 1496 προσώπῳ
2663 1425 2718 1478 δὲ
2749 1424 2824 1487 ὼς
2857 1425 3115 1495 παρόντος
3148 1422 3242 1476 τοῦ
3274 1422 3630 1495 λελυπηκότος
3670 1423 3805 1474 ἐπι-

2257 1515 2544 1587 πηδώντων
2576 1530 2589 1542 ·
2639 1509 2720 1578 οἷς
2768 1515 2941 1583 ἔγωγε
2986 1515 3046 1568 τὸ
3090 1513 3163 1585 μὴ
3209 1514 3510 1577 άπιδιάζειν
3555 1512 3803 1574 εὐσεϐῶς

2259 1605 2714 1676 ωμὸεσούλευκα,
2748 1605 2833 1658 ἴνα
2869 1605 2942 1676 μὴ
2980 1605 3038 1671 ἐξ
3079 1603 3379 1675 ἀνθρώπων
3416 1603 3663 1686 δαίμονες
3692 1620 3803 1655 κα-

2256 1693 2580 1748 τασταθῶσι.
2619 1694 2727 1747 Καὶ
2753 1693 3020 1762 τεθέαμαι
3061 1692 3221 1746 πάλιν
3258 1692 3482 1759 λάγνους
3528 1691 3620 1744 καὶ
3655 1689 3804 1760 βρω-

2262 1787 2451 1858 μὼδεις
2477 1787 2722 1858 καρδίας,
2757 1785 2962 1857 πράους
2989 1785 3134 1848 τινας
3162 1785 3254 1837 καὶ
3279 1783 3532 1848 κόλακας,
3561 1783 3652 1835 καὶ
3681 1781 3808 1850 φιλ-

625 1882 740 1936 Ιαεεί
798 1892 970 1949 erant,
1024 1893 1276 1954 tanquam
1323 1889 1600 1956 praesentis
1645 1888 1958 1954 iusilientes,
2010 1890 2167 1963 174

2267 1878 2538 1948 αδέλφους,
2563 1879 2654 1932 καὶ
2685 1875 3278 1947 φιλοκαλλιπροσώπους
3307 1875 3643 1944 ὑπάρχοντας
3663 1913 3677 1937 ,
3704 1871 3808 1935 οὓς

627 1974 826 2042 quibus
875 1989 974 2041 ego
1013 1974 1100 2043 pie
1136 1976 1321 2038 suasi,
1373 1985 1432 2029 ut
1473 1990 1503 2030 e
1538 1977 1826 2033 solitudine
1866 1979 1932 2032 ad
1981 1995 2165 2034 mona-

628 2060 794 2114 steria
850 2061 1160 2128 migrarent,
1218 2076 1284 2115 ne
1334 2075 1400 2115 ex
1443 2062 1749 2119 hominibus
1790 2065 1842 2120 in
1895 2066 2164 2122 daemones

509 2152 517 2159 ‘
629 2153 983 2200 verterentur.
1019 2144 1168 2210 Quos
1203 2157 1389 2201 contra
1437 2147 1677 2203 videbam
1718 2151 1907 2207 molles
1959 2161 2013 2205 et
2030 2151 2164 2220 gula

629 2234 862 2299 deditos,
897 2236 1230 2306 blandosque
1265 2237 1425 2293 simul
1465 2248 1520 2293 et
1546 2239 1867 2310 palpatores,
1911 2243 2166 2297 nimium-

605 2340 736 2394 que
782 2326 903 2381 aliis
941 2325 1254 2390 familiares.
1309 2329 1606 2398 comptulos
1641 2338 1695 2385 et
1735 2332 2010 2402 elegantia:
2047 2333 2169 2403 pul-

631 2417 1059 2487 cbritudinisque
1107 2418 1378 2474 studiosos
1416 2429 1469 2474 et
1504 2420 1697 2487 cultos,
1733 2423 1817 2479 his
1862 2435 2047 2479 auctor
2090 2424 2165 2479 fui

632 2514 693 2558 ut
748 2506 1090 2562 solitudinem
1147 2515 1407 2576 peterent,
1452 2518 1704 2580 tanquam
1762 2512 2036 2567 inimicam
2085 2514 2166 2569 lu-

631 2594 800 2648 xuriae
842 2605 896 2650 et
941 2596 1109 2666 gula,
1155 2604 1214 2651 ut
1261 2613 1396 2667 quas
1429 2607 1681 2669 tanquam
1737 2603 1992 2658 novacula
2048 2620 2168 2658 am-

633 2691 803 2751 putat,
851 2699 920 2738 ne
967 2699 1059 2754 per
1124 2686 1238 2741 haec
1295 2686 1424 2742 vitia
1484 2703 1549 2742 ex
1600 2688 1817 2744 homine
1857 2692 1910 2746 in
1967 2693 2168 2750 bestias

634 2773 942 2842 migrarent.
1005 2773 1106 2840 Qui
1169 2778 1306 2830 vero
1361 2791 1421 2831 se
1479 2780 1546 2831 ad
1615 2790 1903 2851 utrumque
1977 2784 2166 2839 vitium

634 2865 823 2935 (iram,
852 2866 1092 2935 inquam,
1129 2875 1182 2920 et
1217 2866 1532 2936 mollitiem)
1559 2884 1757 2942 pronos
1805 2872 2171 2928 lamentaban-

634 2967 740 3020 tur,
779 2956 877 3011 hos
907 2942 1128 3010 omnino
1169 2955 1342 3011 alieno
1380 2959 1620 3025 arbitrio,
1668 2977 1774 3015 non
1820 2978 1940 3028 suo,
1991 2966 2170 3022 vivere

632 3037 801 3107 volui,
861 3047 1138 3114 amiceque
1179 3041 1391 3100 illorum
1425 3047 1854 3107 moderatoribus
1904 3055 2168 3123 suggessi,

633 3132 712 3186 uti
751 3132 884 3188 ‘illos
936 3132 988 3187 in
1051 3142 1279 3201 utroque
1322 3133 1446 3188 vita:
1488 3144 1632 3190 statu
1679 3155 1820 3194 nunc
1856 3141 1920 3195 ad
1963 3153 2170 3214 tempus

635 3222 690 3276 in
719 3223 898 3292 quiete
927 3233 982 3279 et
1015 3223 1302 3294 solitudine
1327 3224 1673 3292 collocarent,
1715 3245 1857 3285 nunc
1891 3232 2030 3287 inter
2071 3204 2172 3288 do—
2197 3204 2239 3262 ο

636 3313 888 3368 mesticus
927 3325 1268 3371 exercerent:
1305 3319 1384 3374 sic
1410 3327 1586 3375 tamen
1613 3329 1672 3375 ut
1697 3323 1962 3392 'supremo
1993 3339 2174 3379 caeno-

635 3402 869 3458 biarchae
890 3407 1151 3462 cervicem
1171 3409 1383 3478 penitus
1407 3411 1794 3467 submitterem.
1821 3414 2004 3470 Solent
2031 3418 2172 3472 enim

637 3492 964 3561 voluptuarii
985 3503 1038 3550 et
1067 3495 1360 3567 eﬂ‘eminati
1391 3500 1617 3568 seipsos,
1649 3516 1746 3556 nec
1787 3517 1909 3558 raro
1949 3504 2176 3562 fortasse

635 3579 799 3633 etiam
845 3578 980 3634 alios
1017 3579 1119 3634 sibi
1161 3581 1401 3638 addictos
1428 3598 1798 3655 corrumpere:
1826 3587 2060 3645 furiosus
2078 3606 2173 3646 au-

639 3681 747 3723 tem
789 3678 843 3724 et
867 3669 1157 3725 iracundus
1187 3686 1328 3742 sape
1354 3681 1609 3744 tanquam
1636 3676 1793 3746 lupus
1825 3695 2034 3750 gregem
2055 3697 2174 3737 om-

637 3751 758 3812 nem
789 3759 1136 3827 perturbavit,
1162 3762 1560 3832 multorumque
1592 3765 1813 3823 aﬂlictas
1841 3770 2048 3826 animas
2075 3772 2174 3828 eli-

637 3849 729 3903 sit.
776 3847 894 3903 Non
946 3850 1060 3905 lev'e
1091 3851 1297 3906 crimen
1328 3839 1427 3906 est
1461 3854 1643 3912 cordis
1693 3859 1910 3913 oculum
1956 3876 2051 3930 per
2087 3861 2175 3916 lu-

636 3955 817 3994 rorem
874 3942 1214 4005 conturbare.
1277 3945 1728 4013 quemadmodum
1790 3941 2031 4016 testatur,
2081 3955 2174 4023 qui

637 4027 773 4079 dixit
811 4026 1113 4098 :Turbatus
1153 4041 1229 4084 est
1279 4049 1312 4085 α
1358 4033 1532 4102 furore
1568 4038 1744 4091 oculus
1793 4057 1934 4095 meus
1978 4042 2045 4107 ⁸³,
2081 4048 2172 4098 sed

639 4115 855 4185 gravius
886 4126 969 4171 est
1009 4119 1270 4187 impetum
1302 4123 1468 4177 animi
1498 4125 1678 4182 verbis
1719 4131 1960 4196 prodere.
1997 4131 2176 4202 Longe

638 4222 770 4259 vero
817 4209 1215 4280 gravissimum,
1255 4220 1309 4266 et
1346 4213 1468 4269 vita:
1511 4216 1792 4285 religiosae,
1836 4222 2087 4289 angelice
2122 4231 2177 4279 et

641 4297 836 4352 divina:
889 4314 1107 4367 prorsus
1151 4301 1384 4355 alienum
1435 4311 1488 4358 et
1543 4303 1818 4360 inimicum
1869 4312 1932 4363 ad
1985 4326 2176 4366 manus

640 4388 840 4440 venire.
889 4387 943 4442 Si
985 4387 1488 4446 festucamalterius
1523 4407 1718 4447 sanare
1755 4395 1856 4460 vis,
1903 4407 1996 4451 aut
2045 4401 2178 4455 velle

2259 1970 2356 2040 τὴν
2381 1968 2607 2040 ἡσυχίαν
2642 1969 2716 2032 ὡς
2747 1967 2924 2037 ξύριον
2957 1967 3292 2036 μισόλαγνον.
3327 1965 3420 2018 καὶ
3454 1963 3808 2033 μισόδρωμον

2263 2061 2498 2131 μετιέναι
2525 2058 2924 2131 παρεσκεύασα,
2958 2057 3044 2111 ἵνα
3066 2056 3139 2128 μὴ
3170 2059 3234 2110 ὲκ
3257 2056 3476 2125 λογικῆς
3505 2056 3582 2117 είς
3607 2053 3806 2121 ἄλογον

2262 2151 2422 2222 φύσιν
2454 2151 2697 2214 ἐλεεινῶς
2740 2150 3115 2220 μετατεθῶσιν.
3156 2149 3306 2201 Ἐπεὶ
3344 2147 3400 2200 δέ
3432 2148 3519 2218 μοί
3555 2163 3695 2208 τινες
3740 2146 3808 2199 ἐν

2261 2242 2584 2314 ἀμφοτέροις
2639 2242 2860 2304 ἑαυτοὺς
2899 2239 3081 2307 ελεγον
3120 2238 3403 2300 οίκτίπως
3436 2237 3762 2307 ἐκφέρεσθαι
3786 2274 3804 2302 ,

2262 2333 2481 2395 τούτους
2513 2333 2682 2401 ἔγωγε
2706 2333 2877 2402 πάντη
2905 2331 3257 2397 αὐτεξουσίως
3282 2327 3604 2400 πορεύεσθαι
3630 2327 3812 2381 κεκώ-

2263 2424 2418 2478 λυκα.
2449 2423 2570 2486 Τοῖς
2602 2424 2782 2493 μέντοι
2816 2422 2990 2475 αὐτῶν
3019 2421 3364 2474 ὲπιστατοῦσι
3393 2419 3550 2473 τοῦτο
3579 2418 3810 2488 φιλικῶς

2265 2513 2592 2584 ὑποθέμενος
2621 2531 2636 2545 ο
2672 2513 2799 2568 ποτὲ
2847 2513 2944 2584 μὲν
2987 2513 3166 2576 αὐτοῖς
3207 2511 3300 2565 τοῦ
3347 2511 3536 2583 χρόνου
3576 2507 3810 2579 ταύτην,
3850 2555 3859 2562 .

2265 2607 2393 2658 ποτὲ
2423 2606 2478 2659 δὲ
2504 2606 2714 2676 ἐκείνην
2742 2606 2839 2678 τὴν
2866 2604 3016 2670 τάξιν
3056 2603 3366 2674 ἐπιτρέπειν
3411 2598 3766 2672 μετέρχεσθαι
3794 2613 3811 2631 ⁸

2265 2697 2411 2766 ὅμως
2433 2696 2494 2748 τὸ
2535 2698 2643 2750 πᾶν
2691 2697 2767 2768 τῷ
2812 2695 3095 2768 κρατοῦντι
3140 2691 3240 2765 [τῷ
3282 2693 3460 2747 πάντα
3495 2690 3811 2763 κρατοῦντι,

2266 2788 2355 2841 τὸν
2379 2787 2574 2857 αὐχένα
2599 2788 2738 2853 δούς.
2782 2788 2838 2843 ’0
2867 2789 2964 2859 μὲν
2997 2787 3071 2860 (7)
3121 2785 3401 2856 φιλήδονος
3433 2783 3641 2847 ἑαυτὸν,
3665 2783 3811 2867 ¹ἴσως

2266 2877 2321 2930 δὲ
2349 2877 2442 2930 καὶ
2492 2878 2672 2951 ἕτερον
2715 2872 2808 2932 ἕνα
2861 2878 3193 2948 φιλομύστην
3249 2875 3412 2930 αὐτοῦ
3455 2874 3812 2945 λυμαίνεσθαι

2269 2965 2506 3035 πέφυκεν
2532 2985 2548 2998 ·
2582 2971 2610 3021 ὁ
2635 2969 2691 3021 δὲ
2722 2957 2972 3040 θυμώδης
2997 2967 3183 3040 ὥσπερ
3203 2967 3364 3044 λύκος
3391 2967 3571 3020 πᾶσαν
3602 2963 3812 3018 πολλά-

2269 3069 2355 3115 κις
2383 3051 2478 3124 τὴν
2518 3055 2749 3124 ποίμνην
2784 3047 3079 3128 διετάρτὶξε,
3120 3056 3212 3110 καὶ
3257 3055 3452 3120 πολλάς
3493 3055 3668 3126 ψυχάς
3710 3070 3814 3106 τα-

2270 3146 2533 3209 πεινώσας
2581 3146 2844 3217 διέθλιψε·
2882 3148 3110 3218 χαλεπὸν
3161 3150 3257 3218 μὲν
3307 3148 3399 3202 τὸν
3424 3147 3532 3218 τῆς
3580 3145 3814 3218 καρδίας

2271 3235 2540 3306 ὀφθαλμὸν
2592 3239 2657 3293 ὲκ
2711 3239 2881 3310 θυμοῦ
2924 3241 3171 3328 ταράξαι,
3221 3243 3360 3297 κατὰ
3413 3242 3502 3296 τδν
3547 3241 3811 3295 εἰπόντα·

2283 3329 2606 3398 Ἕταράχθη
2635 3331 2750 3384 ἀπὸ
2775 3333 2960 3402 θυμοῦ
2981 3337 3014 3389 ό
3041 3329 3346 3402 ὀφθαλμός
3368 3351 3488 3402 μου
3514 3350 3529 3365 ·
3563 3331 3815 3402 χαλεπώ-

2270 3433 2424 3487 τερον
2457 3418 2514 3470 δὲ
2549 3420 2607 3470 τὸ
2635 3420 2720 3496 διά
2753 3423 2971 3490 χειλέων
3019 3421 3118 3491 τὴν
3169 3422 3267 3490 τῆς
3312 3420 3491 3491 ψυχῆς
3516 3420 3688 3492 ὁρμὴν
3723 3421 3817 3474 bv—

2272 3503 2541 3581 δείξασθαι
2557 3522 2570 3535 ·
2609 3508 2670 3559 τὸ
2693 3507 2777 3560 διὰ
2802 3509 2997 3578 χειρῶν
3021 3508 3197 3578 πάντη
3223 3526 3322 3561 που
3360 3511 3462 3576 τῆς
3498 3507 3814 3579 μοναδικῆς,

2273 3595 2364 3646 καὶ
2386 3595 2693 3665 άγγελικῆς,
2719 3597 2808 3650 καὶ
2828 3596 3011 3669 θεῖκῆς
3039 3598 3312 3664 πολιτείας
3335 3598 3524 3671 ἐχθρὸν
3540 3599 3632 3654 καὶ
3651 3599 3814 3654 ἀλλό-

2272 3702 2438 3755 τριον.
2477 3686 2538 3740 Εἰ
2565 3687 2641 3756 (8)
2665 3690 2869 3758 κάρφος
2892 3691 3076 3762 ἑτέρου
3110 3691 3354 3748 ἰάσασθαι
3381 3692 3576 3759 θέλεις,
3613 3682 3816 3764 μᾶλλον

2273 3775 2330 3830 δὲ
2356 3776 2594 3846 νομίζεις
2625 3779 2699 3849 μὴ
2732 3781 2850 3833 ἀντὶ
2884 3781 3056 3853 μήλης
3092 3781 3232 3854 δοκῷ
3261 3781 3448 3844 τοῦτον
3486 3783 3813 3854 ἀποχρίσης,

2272 3864 2305 3934 ἢ
2330 3866 2639 3942 ἁποστύψῃς
2667 3884 2679 3898 ’
2707 3870 2858 3934 δοκὸς
2885 3871 3052 3943 βαρὺς
3077 3871 3249 3941 λόγος,
3275 3860 3530 3945 σχήματα
3553 3874 3774 3945 ἀπρεπῆ
3794 3889 3813 3905 ⁸

2271 3954 2334 4007 τὸ
2362 3955 2420 4008 δὲ
2466 3957 2650 4029 ἕτερον
2692 3961 2933 4032 ἐπιεικὴς
2961 3962 3289 4029 διδασκαλία,
3330 3965 3426 4018 καὶ
3459 3966 3817 4037 μακρόθυμκ

2273 4046 2536 4117 ἐπιτιμία.
2565 4051 2870 4120 Ἕλεγξον,
2913 4053 3094 4121 φησὶν,
3137 4053 3509 4124 ἐπιτίμησον,
3549 4055 3798 4122 παρακά-

2272 4141 2457 4192 λεσον
2473 4156 2486 4170 ’
2509 4141 2569 4193 οὐ
2597 4140 2775 4209 μέντοι
2800 4142 2892 4195 καὶ
2907 4142 3092 4204 τύψον.
3119 4143 3180 4196 Εἰ
3197 4143 3254 4196 δὲ
3281 4145 3377 4198 καὶ
3403 4147 3559 4200 τοῦτο
3576 4146 3680 4199 δέοι
3706 4145 3812 4217 (9),

2275 4229 2511 4291 σπανίως
2541 4231 2635 4282 καὶ
2676 4232 2737 4284 οὐ
2772 4231 2838 4283 δι’
2870 4230 3078 4287 ἑαυτοῦ.
3125 4233 3574 4306 Ἐπισκεψώμεθα
3604 4233 3696 4288 καὶ
3747 4236 3815 4288 ἑν

2274 4320 2385 4382 τοῖς
2413 4319 2620 4381 πολλοῖς
2645 4321 2750 4373 τῶν
2775 4319 3016 4386 θυμικῶν
3041 4324 3138 4394 τὴν
3165 4326 3468 4397 ἀγρυπνίαν
3496 4325 3791 4396 προθύμως
3797 4367 3813 4390 ν

2278 4408 2372 4461 καὶ
2397 4407 2492 4479 τὴν
2520 4412 2768 4480 νηστείαν
2799 4414 2892 4466 καὶ
2913 4416 3138 4485 ἡσυχίαν
3173 4414 3592 4486 ἐπιτελουμένην
3624 4415 3816 4469 θεασό-

640 4487 692 4530 te
718 4478 893 4544 potius
941 4481 1240 4546 arbitraris,
1301 4498 1431 4538 cave
1470 4499 1538 4538 ne
1584 4499 1680 4554 pro
1732 4489 1960 4554 scalpro,
2031 4493 2170 4557 trnb‘

642 4567 780 4589 La-
813 4569 1102 4589 .--με
1136 4573 1150 4589 .
1350 4582 1362 4589 .
1476 4577 1506 4589 -.
1623 4577 1636 4589 .
1868 4586 1875 4589 _
1971 4587 1978 4589 _
2084 4583 2093 4589 .

2281 4478 2678 4567 μεθαςΣκοπὸς
2703 4504 2808 4573 γάρ
2846 4478 2944 4576 τῷ*
2973 4478 3186 4576 δαίμονι
3226 4505 3324 4568 τάς
3366 4478 3668 4574 αύξητικάς
3711 4505 3811 4560 τοῦ

642 4567 782 4620 hanc
813 4569 1235 4639 175'deradas,
1275 4582 1369 4629 aut
1400 4577 1579 4645 potius
1605 4577 1797 4632 denses
1830 4586 1883 4631 et
1907 4583 2176 4635 retundas.

641 4651 811 4710 Trabs
856 4669 938 4711 est
987 4675 1173 4730 aspera
1211 4666 1567 4736 compellatio,
1625 4678 1679 4722 et
1729 4667 2037 4724 indecentes
2089 4687 2181 4739 ge-

640 4752 775 4797 stus.
807 4741 1123 4812 Scalpellum
1173 4764 1298 4805 vero
1349 4753 1575 4822 benigna
1628 4756 1890 4810 institutio
1939 4764 1992 4809 et
2040 4757 2179 4812 lenta

638 4834 883 4903 lenisque
913 4835 1252 4904 reprehensio
1286 4855 1378 4895 seu
1413 4844 1732 4915 obiurgatio.
1756 4848 1949 4917 Argue,
1982 4849 2175 4918 inquit,

638 4924 882 4990 increpa,
922 4922 1128 4977 obsecra
1152 4925 1217 4989 “,
1261 4928 1352 4982 sed
1380 4945 1448 4984 ne
1489 4934 1725 4989 verbera.
1781 4935 1934 5001 Quod
1994 4939 2038 4992 si
2097 4948 2174 4992 ta-

640 5027 764 5066 men
808 5013 859 5067 id
918 5029 1002 5069 res
1043 5015 1244 5085 exigat,
1291 5025 1346 5072 et
1393 5034 1516 5074 raro
1561 5024 1671 5087 ﬁat,
1723 5037 1778 5081 et
1831 5043 1934 5081 non
1976 5044 2071 5097 per
2124 5036 2176 5083 te

562 5175 566 5180 δ
640 5101 838 5170 ipsum.
897 5101 1119 5174 Sazpius‘
1165 5104 1218 5158 in
1264 5105 1556 5174 iracundis,
1611 5115 1700 5168 ubi
1765 5119 2172 5182 attenderimus,

559 5205 564 5208 ·
638 5201 942 5262 proruptum
993 5195 1060 5248 ad
1096 5195 1329 5264 vigilias,
1372 5198 1728 5267 jejunationes
1774 5219 1827 5263 et
1863 5210 2058 5277 quietis
2094 5211 2170 5264 sio

636 5282 886 5346 lentium,
939 5283 1172 5338 studium
1215 5287 1587 5354 perpiciemus.
1641 5289 1749 5348 Hac
1812 5298 2010 5367 quippe
2059 5307 2175 5353 arte

577 5441 582 5447 ἢ
637 5372 1021 5427 callidissimus
1041 5373 1208 5430 hostis
1224 5393 1317 5446 per
1333 5379 1562 5446 speciem
1592 5384 1914 5449 paenitentia:
1933 5400 1984 5443 et
2001 5390 2176 5444 luctus

638 5467 799 5527 auget
876 5459 1177 5524 materiam,
1225 5471 1278 5517 et
1316 5465 1550 5532 majores
1601 5467 1818 5536 subjicit
1865 5472 2006 5529 faces
2072 5474 2175 5530 ira-

641 5555 869 5610 cundiae.
938 5555 994 5610 Si
1051 5572 1192 5611 unus
1245 5559 1460 5629 aliquis,
1528 5563 1605 5615 uti
1648 5564 1843 5620 dictum
1895 5579 1996 5635 est,
2059 5582 2177 5626 tan-

641 5656 798 5710 quam
859 5648 1016 5718 lupus
1078 5658 1245 5704 totum
1306 5653 1614 5722 religiOsum
1673 5672 1878 5727 gregem
1938 5666 2177 5722 daemone

715 5759 757 5788 ³³
782 5761 921 5818 Psal.
949 5779 1022 5830 vr,
1054 5765 1106 5820 8.
1180 5736 1224 5798 3"
1247 5763 1288 5820 ll
1317 5765 1453 5820 Tim.
1491 5783 1559 5832 tv,
1596 5769 1648 5821 2.

2278 4588 2478 4652 πάθους
2514 4590 2660 4658 ὕλας,
2701 4596 2964 4673 προφάσει
3001 4597 3159 4668 δῆθεν
3193 4595 3499 4664 μετανοίας,
3543 4597 3635 4649 καὶ
3677 4597 3812 4649 πέν-

2278 4679 2400 4744 θους
2472 4683 2651 4747 αὐτοῖς
2706 4687 3072 4742 ὑποτίθεσθαι.
3120 4688 3183 4740 El
3233 4681 3310 4749 εἷς
3345 4686 3455 4755 (10)
3507 4686 3700 4761 λύκος,
3731 4689 3813 4753 ὡς

2274 4764 2601 4842 προέερημεν,
2645 4775 2862 4829 δύναται
2920 4775 3208 4846 ὲκταράξαι
3262 4776 3514 4845 ποίμνην,
3576 4777 3809 4847 δαίμονα

2278 4861 2527 4929 συνεργὸν
2567 4864 2913 4932 κεκτημένος,
2941 4864 3153 4926 πάντως
3195 4865 3285 4917 καὶ
3329 4862 3410 4928 εἷς
3438 4866 3661 4937 ἀδελφὸς
3713 4884 3811 4922 σο-

2277 4947 2538 5015 φώτατος,
2576 4952 2761 5023 ὥσπερ
2801 4952 2910 5021 (Η)
2942 4954 3104 5016 ἀσκὸς
3138 4957 3368 5026 χρηστὸς
3402 4957 3578 5012 ἐλαίου
3617 4961 3814 5028 μεστὸς

2275 5037 2335 5090 τὸ
2361 5039 2507 5110 κῦμα
2531 5043 2859 5114 παρενέγκαι
2899 5044 2992 5096 καὶ
3024 5045 3346 5114 γαληνιάσαι
3382 5050 3554 5101 ποιεῖν
3586 5050 3681 5121 τὴν
3717 5051 3811 5106 όλ-

2276 5129 2427 5196 κάόα,
2465 5133 2690 5200 ἄγγελον
2719 5133 2971 5204 συνεργὸν
3002 5137 3351 5206 κεκτημένος,
3389 5140 3529 5192 κατά
3549 5125 3809 5211 τδμὲγε-

2275 5219 2363 5283 θος
2389 5222 2481 5277 τοῦ
2519 5224 2778 5293 προτέρου
2821 5224 3099 5294 κρίματος,
3150 5223 3304 5291 οὗτος
3358 5231 3421 5282 ἐκ
3452 5230 3585 5284 Θεοῦ
3621 5233 3816 5302 μισθδν

2276 5313 2649 5382 κομισάμενος,
2690 5313 2782 5365 καὶ
2817 5312 2982 5376 τύπος
3023 5315 3285 5382 ὠφελείας
3327 5320 3465 5371 πᾶσι
3505 5322 3809 5390 γινόμενος.

2291 5399 2454 5472 Ἀρχὴ
2501 5405 2598 5472 τῆς
2650 5403 2921 5472 μακαρίας
2970 5405 3311 5470 ἀνεξικακίας
3359 5410 3414 5461 ὲν
3467 5413 3660 5482 πικρίᾳ
3714 5414 3814 5466 καὶ

2280 5490 2438 5564 ὀδύνῃ
2465 5495 2643 5562 ψυχῆς
2669 5495 2764 5555 τὰς
2797 5494 3012 5561 ἀτιμίας
3042 5498 3445 5566 καταδέχεσθαι.
3474 5503 3719 5570 Μεσότης
3750 5503 3813 5557 δὲ

2280 5581 2495 5646 ἀλύπως
2529 5588 2588 5638 ἐν
2612 5584 2829 5647 ταύταις
2870 5584 3164 5640 διακεῖσθαι
3206 5606 3217 5616 ·
3246 5593 3514 5656 τελείωσις
3543 5594 3621 5657 δὲ,
3655 5595 3815 5662 εἴπερ

2281 5673 2370 5725 καὶ
2394 5672 2559 5740 ἔστιν,
2584 5675 2656 5737 ὡς
2702 5674 2968 5744 εὐφημίας
2994 5677 3186 5742 ταύτας
3229 5681 3550 5750 λογίζεσθαι.
3586 5685 3819 5755 Χαίροις
