4050 6338
232 439 341 501 833

1184 439 1406 513 SCAIA
1441 424 1811 497 PARADISI.
1837 461 1905 471 —
1939 436 2240 498 GRADUS
2272 439 2433 499 VIII.

3329 448 3436 515 834

230 550 260 599 ὀ
292 544 568 615 πρότερος,
607 546 813 617 ἔρρωσο
839 546 868 598 ὑ
903 546 1169 618 δεύτερος,
1206 550 1467 619 μακάριος
1504 549 1560 599 ὲν
1590 550 1775 617 Κυρίῳ

1885 546 2154 614 adjutante
2184 536 2499 618 perturbare
2543 560 2741 620 potest,
2794 568 2892 608 cur
2945 569 3051 611 non
3087 556 3257 627 possit
3291 574 3434 616 unus

228 636 327 687 καὶ
361 636 607 703 ἁγαλλιῶ
630 638 658 688 ὁ
686 636 865 706 τρίτος
903 653 916 666 ⁸
951 636 1176 690 ἐλεεινὸν
1205 638 1314 709 (12)
1356 637 1786 707 ὲπεσημηνάμην

230 725 293 776 ἐν
334 724 569 793 ὀργίλοις
623 723 821 794 θέαμα,
862 724 921 789 ἐξ
976 727 1203 797 οἰήσεως
1249 726 1545 795 λεληθότως
1605 727 1786 787 αὐτοῖς

228 815 551 885 συμϐαῖνον,
600 814 948 893 ὀργιζόμενοι,
985 819 1091 886 γὰρ
1129 817 1220 869 διὰ
1264 818 1362 887 τὴν
1390 813 1578 890 ἧτταν,
1626 817 1785 869 πάλιν

227 906 529 975 ὠργίζοντο
557 924 570 937 ·
603 908 695 959 καὶ
727 906 975 977 πτώματι
1006 908 1201 976 πτῶμα
1231 908 1618 979 ὲκδιωκόμενον
1646 907 1785 978 ὁρῶν

228 997 570 1067 ἐθαύμαζον·
625 1000 718 1051 καὶ
757 999 1027 1069 ἁμαρτίαν
1084 1000 1329 1071 ἁμαρτία
1386 998 1784 1063 διεκδικοῦντας

225 1086 426 1154 ἠλέουν
452 1085 738 1155 θεώμενος,
772 1088 863 1139 καὶ
900 1087 1166 1157 δαιμόνων
1196 1088 1525 1159 πανουργίαν
1553 1088 1783 1158 ἐκπλητ-

225 1173 477 1244 τόμενος,
500 1179 597 1248 τῆς
626 1177 820 1230 ἑαυτοῦ
852 1176 996 1247 ζωῆς
1031 1178 1226 1248 μικροῦ
1259 1180 1367 1231 δεῖν
1389 1180 1780 1247 ἀπεγίνωσκον.

229 1267 305 1319 Εἴ
331 1283 413 1328 τις
443 1268 631 1321 ἑαυτὸν
666 1270 772 1321 άπὸ
815 1270 1043 1338 οἰήσεως
1072 1270 1166 1323 καὶ
1202 1270 1498 1339 ὀξυχολίας,
1520 1271 1783 1341 πονηρίας

225 1374 288 1409 τε
320 1360 412 1410 καὶ
439 1360 776 1431 ὑποκρίσεως
800 1361 1040 1431 εὐχερῶς
1067 1361 1377 1432 ἡττώμενον
1402 1363 1662 1426 θεάσοιτο,
1688 1364 1783 1416 καὶ

224 1446 404 1512 οὕτως
466 1451 565 1519 τὴν
608 1450 878 1521 μάχαιραν
908 1452 1013 1517 τῆς
1056 1452 1353 1523 πραότητος
1398 1454 1490 1507 καὶ
1532 1452 1782 1519 ἀνεξικα-

224 1539 357 1602 κίας
386 1540 634 1609 δίστομον
661 1541 780 1595 καθ’
808 1543 985 1596 αὑτῶν
1029 1543 1293 1612 ἐσκέψατο
1337 1545 1661 1609 σπάσασθαι,
1693 1539 1782 1598 οὑ·-

222 1648 323 1692 τος
347 1632 632 1701 πορευθεὶς
664 1633 1060 1705 παραγένηται,
1086 1635 1273 1707 ῶσπερ
1324 1638 1380 1688 ἐν
1407 1636 1643 1707 κναφείῳ
1681 1654 1783 1690 σω-

222 1724 445 1793 τηρίας,
470 1726 528 1776 ὲν
563 1725 771 1796 συνοδίᾳ
805 1725 1061 1795 ἀδελφῶν,
1093 1728 1184 1779 καὶ
1219 1726 1448 1796 μάλιστα
1483 1727 1783 1798 σκληροτάο

222 1830 357 1878 των,
390 1816 543 1887 εἴπερ
590 1816 724 1869 αὑτά
766 1817 980 1879 τελείως
1027 1818 1345 1890 ἐκδύσασθαι
1382 1818 1646 1889 βούλεται,
1698 1819 1783 1873 ἵνα

222 1906 408 1958 ἰκεὶσε
443 1907 501 1973 ἐξ
542 1906 747 1977 ὖΰρεων
789 1907 882 1958 καὶ
922 1907 1173 1977 ἀτιμιῶν,
1214 1909 1304 1961 καὶ
1332 1909 1637 1981 τρικυμιῶν
1675 1910 1781 1964 τῶν

222 1994 473 2062 ἀδελφῶν
504 1995 828 2065 τεινάμενος,
856 1996 949 2049 καὶ
978 1996 1175 2066 νοερῶς
1202 1999 1605 2071 τυπτόμενος,ἢ
1644 2001 1783 2070 τάχα

223 2102 334 2138 που
369 2085 461 2137 καὶ
498 2083 765 2155 αἰσθητῶς
800 2086 1071 2155 ξεόμενος.
1109 2089 1198 2140 καὶ
1226 2090 1549 2159 πατούμενος
1580 2091 1673 2144 καὶ
1692 2091 1785 2145 λαρ

223 2175 565 2243 κτιξόμενος.
592 2174 683 2227 τὸν
705 2174 874 2244 ρύπον
900 2176 989 2228 τὸν
1019 2178 1383 2247 ἐνυπάρχοντα
1407 2179 1565 2232 αὐτοῦ
1594 2182 1659 2251 τῇ
1700 2182 1783 2232 αἰ-

224 2266 419 2335 σθήσει
456 2265 556 2334 τῆς
590 2265 765 2337 ψυχῆς
799 2266 1078 2337 άποπλὺνῃ
1119 2284 1132 2298 ·
1174 2268 1307 2338 αὑτή
1352 2286 1409 2320 σε
1456 2269 1489 2340 η
1532 2268 1783 2338 δημώδης

223 2355 384 2427 φωνὴ
417 2356 653 2409 πεισάτω
703 2356 1022 2427 πλυντήριον
1076 2356 1164 2409 τὸν
1203 2357 1499 2428 ὀνειδισμὸν
1541 2359 1662 2423 τῶν,
1683 2360 1783 2429 τῆς

221 2446 409 2516 ψυχῆς
431 2446 619 2500 παθῶν
639 2446 993 2501 καθίστασθαι
1025 2464 1040 2478 ·
1078 2450 1208 2517 φασὶ
1240 2448 1347 2517 γάρ
1378 2466 1521 2512 τινες
1569 2450 1675 2503 τῶν
1722 2452 1781 2502 ὲν

224 2537 309 2607 τῷ
335 2537 524 2608 κόσμῳ
554 2538 712 2607 ηνίκα
738 2538 858 2591 τινὰ
893 2537 1030 2592 κατά
1062 2540 1345 2610 πρόσωπον
1377 2541 1597 2611 ἀτιμίας
1624 2560 1781 2613 περι-

225 2627 508 2688 ϐάλλουσι,
554 2628 893 2697 καυχώμενοι
934 2629 1065 2699 πρὸς
1104 2632 1338 2700 ἑτέρους,
1385 2632 1466 2684 ὃτι
1517 2634 1606 2686 τὸν
1637 2634 1781 2687 δεῖνα

223 2713 537 2769 ἀπέπλυνα.
590 2716 656 2767 'U
704 2732 758 2768 τι
813 2717 906 2769 καὶ
964 2716 1156 2786 ἀληθὲς
1206 2719 1559 2789 καθέστηκεν.
1614 2722 1780 2792 ’Δλλη

222 2804 380 2857 ἐστὶν
416 2807 451 2874 ἡ
478 2807 541 2857 ἐκ
582 2805 805 2869 πένθους
834 2809 892 2859 ἐν
934 2809 1043 2870 τοίς
1081 2810 1453 2876 είσαγωγικοῖς
1495 2811 1779 2880 άοργησία,

222 2896 323 2948 καὶ
352 2896 533 2965 ἑτέρα,
569 2898 601 2966 ἠ
631 2898 689 2949 ἐν
729 2900 841 2961 τοῖς
881 2897 1101 2961 τελείοις
1136 2900 1447 2970 ὑπάρχουσα
1492 2902 1744 2972 ἀκινησία
1765 2920 1779 2934 ο

223 2988 321 3040 καὶ
348 2989 382 3056 ή
415 2988 534 3057 μὲν,
581 2987 768 3060 ὥσπερ
808 2988 1008 3060 χαλινῷ
1046 3007 1149 3042 τινι
1182 2990 1257 3061 τῷ
1305 2992 1521 3063 δακρύῳ
1551 2993 1778 3049 δέδεται.

236 3066 408 3143 Ἡδὲ,
440 3078 625 3151 ὥσπερ
664 3080 784 3151 ὄφις
821 3082 923 3135 ὑπὸ
957 3082 1056 3152 τῆς
1100 3083 1381 3152 ἀπαθείας,
1418 3086 1493 3149 ὡς
1536 3086 1639 3138 ὑπὸ
1682 3104 1783 3157 μα-

222 3172 447 3243 χαίρας,
478 3172 865 3229 τεθανάτωται.
895 3176 1053 3246 Τρεῖς
1086 3176 1256 3245 ἔγωγε
1290 3178 1402 3247 (15)
1436 3178 1777 3249 ὁμοθυμαδὸν

222 3266 449 3338 ἑώρακα
499 3270 760 3339 μοναχῶς
800 3269 1193 3340 ἀτιμασθέντας
1225 3285 1239 3298 ·
1283 3270 1374 3322 καὶ
1422 3273 1450 3323 ὁ
1492 3271 1590 3340 μὲν
1635 3270 1783 3341 δέδηε

222 3376 362 3418 attat
387 3359 648 3431 [δέδηκτο,
683 3362 754 3414 al.
787 3361 1079 3432 δέδακται],
1116 3363 1208 3415 καὶ
1262 3362 1564 3431 ἐσιώπησεν
1596 3379 1611 3392 ·
1642 3364 1669 3415 ὁ
1724 3364 1781 3415 δὲ

224 3453 404 3525 ἐχάρη
430 3453 622 3507 ἑαυτοῦ
648 3455 827 3524 χάριν,
856 3454 1150 3524 λελύπηται
1177 3454 1232 3506 δὲ
1264 3455 1390 3525 περί
1416 3454 1513 3505 τοῦ
1547 3454 1783 3525 λοιδορή-

227 3561 427 3607 σαντος
453 3561 469 3575 ⁸
498 3546 526 3597 ὁ
553 3544 609 3598 δὲ
636 3546 815 3617 τρίτος
834 3544 931 3614 τὴν
969 3544 1059 3598 τοῦ
1090 3545 1314 3615 πλησίον
1356 3544 1553 3615 βλάϐην
1588 3548 1784 3598 ἀνατυ-

222 3634 420 3699 πώσας
452 3636 711 3707 ἐδάκρυσε
763 3635 979 3708 θερμῶς
999 3652 1013 3667 ·
1054 3636 1146 3689 καὶ
1189 3633 1257 3707 ἦν
1294 3635 1417 3689 ἰδεῖν
1456 3638 1641 3705 φόϐου,
1690 3638 1783 3691 καὶ

227 3728 452 3802 μισθοῦ,
479 3730 571 3783 καὶ
603 3731 821 3800 ἀγάπης
860 3730 1114 3800 ἐργάτας,
1145 3730 1353 3800 ’Ὠσπερ
1396 3732 1423 3783 ὁ
1451 3729 1559 3783 τῶν
1603 3731 1784 3800 σωμά⁹

224 3838 341 3877 των
372 3822 621 3891 πυρετὸς,
653 3816 731 3885 εἷς
780 3822 878 3891 μέν
919 3822 1055 3887 ἐστι,
1100 3821 1299 3884 πολλὰς
1321 3821 1395 3885 ,δὲ
1436 3824 1528 3875 καὶ
1558 3822 1621 3874 οὑ
1655 3823 1783 3892 μίαν

223 3912 331 3983 τῆς
374 3911 538 3965 αὐτοῦ
578 3910 776 3973 ζέσεως
823 3912 922 3981 την
965 3912 1216 3981 ἀφορμὴν
1251 3911 1513 3979 κέκτηται
1547 3926 1561 3939 °
1614 3911 1784 3973 οὑτως

226 4002 329 4061 καὶ
358 4005 391 4073 ἠ
411 4003 502 4056 τοῦ
530 4001 700 4072 θυμοῦ
731 4001 895 4065 ζέσις,
925 4002 1018 4053 καὶ
1060 4002 1289 4071 κίνησις,
1322 4004 1415 4053 καὶ
1444 4002 1549 4054 τῶν
1582 3999 1780 4052 λοιπῶν

226 4094 392 4169 ἡμῶν
434 4094 621 4147 παθῶν
670 4093 868 4157 πολλὰς
906 4094 1001 4147 καὶ
1040 4092 1324 4164 διαφόρους
1362 4092 1537 4154 αἰτίας
1587 4091 1781 4161 ἔχουσα

229 4185 616 4256 καθεστήκασι.
664 4186 753 4239 Διὸ
797 4186 889 4239 καὶ
926 4183 1181 4238 ἀδύνατον
1214 4182 1353 4237 κατὰ
1391 4182 1781 4252 τούτωνγμονο-

229 4279 452 4349 τρόπως
472 4277 773 4347 ὁρίσασθαι.
799 4277 1022 4347 Γνώμην
1050 4277 1103 4330 δὲ
1125 4276 1308 4347 δίδωμι
1335 4274 1533 4345 μᾶλλον
1569 4275 1627 4326 ὲν
1650 4272 1779 4326 ἐκά-

231 4388 367 4426 στου
399 4369 580 4422 λοιπὸν
625 4370 732 4422 τῶν
757 4371 1051 4422 νοσούντων
1096 4369 1542 4440 μεμεριμνημένῃ
1581 4366 1780 4437 σπουδῇ

228 4463 339 4530 τῆς
364 4460 598 4530 ἰατρείας
624 4459 722 4530 τὴν
754 4458 1043 4529 θεραπείαν
1073 4459 1363 4530 ἐπιζητεῖν.
1404 4458 1597 4530 Πρώτη
1640 4457 1683 4509 δ’
1714 4458 1781 4509 ἂν

223 4556 322 4623 ατη
358 4548 636 4624 θεραπεία,
670 4550 963 4619 τῆς.αὑτοῦ
1015 4550 1117 4619 ἁλγ

225 4642 464 4714 γνῶναι,
490 4643 576 4695 ἵνα
610 4642 707 4711 τῆς
737 4641 913 4703 αἰτίας
950 4639 1258 4708 εὑρεθείσης
1293 4640 1425 4707 πρὸς
1460 4638 1646 4707 αὑτὴν,
1692 4637 1786 4689 καί⁵

224 4736 341 4805 τὴν
365 4734 702 4803 ἑμπλαστρον
726 4736 789 4787 ἐκ
818 4730 1067 4803 προνοίας
1092 4728 1223 4781 Θεοῦ
1260 4730 1352 4781 καὶ
1379 4728 1577 4797 ἰατρῶν
1622 4743 1785 4779 πνευ-

229 4825 488 4900 ματικῶν
512 4824 757 4893 λήψεται,
783 4825 857 4887 ώς
885 4827 943 4878 ἐν
974 4821 1357 4890 ὑποδείγμασιν
1385 4821 1432 4870 οί
1476 4818 1785 4887 βουλόμενοι

223 4917 374 4991 ἡμῖν
415 4917 471 4967 ὲν
501 4914 688 4984 Κυρίῳ
720 4912 796 4977 εἰς
822 4914 882 4966 τὸ
910 4914 1089 4984 νοερὸν
1121 4914 1210 4966 καὶ
1250 4909 1680 4980 προϐεϐλημένον
1708 4909 1786 4962 δι-

225 5007 531 5079 καστήριον
557 5005 942 5079 συνεισελθεῖν,ἱ
967 5003 1463 5065 ωνεισελθὲτωσαν,
1512 5000 1606 5051 καὶ
1639 4999 1784 5068 ἀμυ-

222 5098 385 5173 δρῶς
413 5115 527 5161 πως
556 5097 682 5167 περί
712 5095 818 5148 τῶν
846 5092 1251 5173 προειρημένων
1295 5090 1477 5145 παθῶν
1516 5090 1550 5159 ἢ
1598 5090 1784 5142 αἰτιῶν

228 5158 641 5262 βασανίσωμενί
671 5158 1103 5254 Δεθήτω-
1136 5183 1303 5253 θυμὸς
1328 5182 1401 5242 ὠς
1427 5177 1685 5248 τύραννος
1728 5179 1785 5231 ἐν

227 5283 461 5350 δεσμοῖς
511 5278 827 5351 πραότητος,
871 5276 962 5328 καὶ
1008 5276 1336 5345 τυπτόμενος
1376 5269 1479 5324 ὑπὸ
1510 5266 1783 5342 μακροθυ-

232 5373 377 5445 μίας
405 5369 762 5443 ἐκσυρὸμενός
804 5384 862 5421 τε
890 5366 993 5419 ὑπὸ
1022 5366 1120 5433 τῆς
1148 5365 1305 5434 ἁγίας
1348 5363 1563 5431 ἀγάπης
1610 5360 1668 5412 ὲν
1711 5359 1789 5429 τῷ

232 5461 452 5535 βήματι
492 5461 662 5531 τούτῳ
704 5459 797 5512 τοῦ
833 5458 987 5526 λόγου
1021 5456 1300 5525 παραστὰς
1343 5454 1405 5505 τά
1450 5450 1789 5520 προσήκοντα

232 5548 596 5617 ιξεταζὲσθω.
649 5551 788 5619 Λέγε
831 5550 977 5619 ἡμῖν,
1009 5540 1055 5599 ὦ
1103 5545 1384 5615 παράφρον
1429 5542 1521 5594 καὶ
1566 5540 1787 5607 ἄσεμνε,

235 5644 349 5713 τήν
372 5658 432 5695 τε
454 5639 548 5694 τοῦ
575 5639 961 5713 γεγεννηκότος
993 5633 1098 5708 [σε]
1124 5633 1511 5704 προσηγορίαν»
1558 5629 1652 5681 καὶ
1694 5629 1792 5698 τῆς

236 5733 434 5796 κακῶς
462 5732 726 5802 τεκούσης
752 5749 810 5785 σε
836 5727 1233 5803 προσωνυμίαν,
1274 5726 1380 5780 τῶν
1411 5724 1517 5777 σῶν
1560 5736 1618 5774 τε
1664 5720 1792 5773 υίῶν

241 5824 346 5881 καὶ
377 5822 693 5891 θυγατέρων
727 5820 933 5893 μιαρῶν
976 5817 1345 5895 τά-ρνόματα·
1400 5810 1793 5890 commas,

1882 637 2079 706 aliquis
2128 653 2159 693 e
2216 641 2628 709 sapientissimis
2676 642 2897 698 fratrum
2956 661 3058 715 ope
3106 650 3276 703 sancti
3340 666 3435 703 an-

1882 726 2015 795 geli,
2091 736 2343 797 tanquam
2386 744 2481 783 vas
2536 731 2655 785 oleo
2704 733 2915 801 plenum
2970 736 3432 805 perturbationum

1881 816 2077 871 llurtus
2137 819 2349 884 sedare,
2406 836 2703 891 navemque
2754 825 2807 878 in
2848 841 3089 881 serenam
3131 830 3437 898 tranquilli-

1881 917 2043 961 tatem
2120 910 2395 975 reducere,
2445 913 2523 966 uti
2592 930 2691 983 pro
2755 916 2834 969 rei
2902 918 3267 989 magnitudine
3340 937 3435 976 ex-

1880 996 2113 1065 emplum
2188 999 2399 1054 virtutis
2440 1000 2852 1057 saluberrimum
2927 1005 3175 1059 omnibus
3238 1005 3434 1074 factus,

1882 1089 2161 1159 praemium
2213 1090 2665 1159 quemadmodum
2731 1095 2881 1164 prior
2921 1095 3180 1165 judicium
3226 1107 3277 1152 et
3318 1113 3436 1168 pm-

1881 1193 2027 1240 nam,
2071 1188 2324 1248 reportet.
2382 1180 2766 1237 Rudimentum
2815 1185 3051 1253 primum
3101 1187 3271 1240 beata:
3337 1201 3435 1255 pa-

1880 1270 2079 1324 tientiae
2135 1278 2235 1334 est,
2320 1274 2679 1329 contumelias
2746 1291 2868 1329 cum
2914 1275 3081 1329 animi
3134 1276 3436 1330 acerbitate

1880 1371 1934 1415 et
1987 1361 2171 1416 dolore
2222 1361 2471 1418 tolerare.
2523 1365 2578 1417 In
2631 1365 2803 1419 medio
2870 1377 3134 1431 versatur,
3182 1368 3273 1435 qui
3320 1367 3432 1436 jam

1881 1452 2098 1505 easdem
2152 1450 2494 1521 indignitates
2525 1453 2644 1508 sine
2694 1454 2937 1509 molestia
2984 1455 3148 1509 animi
3183 1455 3431 1509 sustinet.

1881 1540 1961 1593 Ad
2003 1556 2273 1595 summum
2314 1536 2659 1611 perfectionis
2697 1545 2921 1614 gradum
2961 1546 3220 1608 ascendit,
3269 1546 3313 1599 si
3354 1555 3435 1600 ta-

1882 1644 2002 1684 men
2032 1639 2134 1696 est,
2163 1630 2255 1700 qui
2280 1645 2515 1700 unquam
2554 1632 2815 1695 ascendit,
2850 1635 2942 1702 qui
2980 1635 3304 1705 ignominias
3336 1648 3434 1704 pro

1882 1720 2129 1775 laudibus
2167 1722 2282 1776 suis
2330 1722 2726 1792 interpretatur.
2762 1722 3004 1777 Gaudeat
3038 1724 3263 1792 primus,
3292 1724 3439 1778 vivat

1883 1811 2051 1883 [bene
2098 1812 2305 1884 valeat]
2350 1814 2501 1879 alter,
2544 1812 2664 1869 felix
2707 1823 2758 1869 et
2804 1814 2991 1869 beatus
3033 1816 3326 1883 triumphet
3379 1818 3435 1869 in

1888 1903 2117 1957 Domino
2146 1913 2472 1973 postremus.
2508 1903 2802 1960 Dolendum
2852 1906 3200 1959 animadverti
3232 1906 3285 1959 in
3328 1904 3437 1959 stoé

1889 1996 2161 2049 machosis
2202 1998 2590 2065 spectaculum,
2634 1996 2779 2066 quod
2831 1996 2936 2051 illis
2972 2011 3035 2051 ex
3066 2012 3266 2051 arcano
3295 2012 3432 2067 quo-

1887 2087 2009 2141 dam
2072 2075 2238 2140 animi
2291 2097 2503 2142 tumore
2550 2103 2650 2141 usu
2685 2088 2868 2141 venire
2912 2088 3068 2159 176
3104 2088 3260 2151 solet,
3311 2102 3435 2142 cum

1886 2176 2009 2229 victi
2061 2177 2128 2229 ab
2174 2177 2253 2229 ira
2300 2192 2358 2230 se
2404 2178 2577 2231 victos
2616 2178 2949 2241 irascuntur,
2987 2178 3283 2231 admiratus
3310 2193 3433 2232 cum

1886 2259 2119 2321 viderem
2175 2267 2319 2336 quod
2376 2268 2534 2319 ruina
2581 2266 2792 2319 ruinam
2837 2276 3272 2335 persequeretur,
3333 2269 3439 2321 mi-

1886 2363 2202 2423 seratusque
2274 2352 2546 2418 infelices,
2601 2355 2728 2406 dum
2800 2366 3095 2422 spectarem
3162 2355 3437 2423 quomodo

1885 2453 2163 2515 peccatum
2204 2455 2425 2513 peccato
2475 2444 2788 2513 plectereut,
2830 2443 3257 2512 obstupesceudo
3297 2460 3438 2499 sumo

1885 2548 2028 2591 mam
2091 2537 2392 2590 daemonum
2458 2534 2874 2605 improbitatem,
2926 2549 3049 2589 cum
3092 2551 3279 2604 parum
3339 2536 3436 2590 ab-
3478 2550 3495 2553 “

1886 2627 1988 2681 fuit
2030 2628 2159 2696 quin
2211 2626 2476 2696 ejusmodi
2519 2641 2670 2681 suam
2721 2625 2959 2695 ipsorum
3018 2626 3181 2681 vitam
3245 2627 3437 2696 despe-

1885 2726 2087 2770 rarent.
2138 2714 2195 2768 Si
2248 2715 2371 2785 quis
2414 2715 2483 2769 ab
2510 2713 2761 2783 superbia
2808 2723 2859 2769 et
2896 2714 3192 2778 iracundia,
3235 2715 3303 2769 ab
3338 2716 3438 2767 im-

1884 2806 2147 2876 probitate
2184 2814 2238 2857 et
2296 2804 2568 2874 hypocrisi
2619 2799 2779 2859 facile
2857 2819 2916 2858 se
2985 2806 3124 2858 vinci
3185 2806 3436 2872 senserit,

1882 2908 1936 2951 et
1990 2905 2176 2951 contra
2221 2895 2335 2948 haec
2389 2895 2515 2948 vitia
2566 2894 2853 2963 ancipitem
2909 2896 3339 2950 mansuetudinis
3381 2905 3438 2950 et

1886 2986 2154 3059 patientiae
2210 2986 2444 3054 gladium
2495 2984 2756 3055 stringere
2781 2984 3021 3050 molitur,
3062 2986 3435 3054 proﬁciscatur

1887 3080 1953 3133 ad
2000 3078 2303 3133 coenobium
2366 3076 2739 3144 religiosorum
2791 3076 3014 3129 fratrum
3068 3076 3341 3147 (tanquam
3369 3077 3435 3131 ad
3474 3146 3484 3161 l

1886 3170 2156 3227 officinam
2214 3170 2450 3238 aliquam
2478 3168 2767 3223 salutarem
2804 3168 3113 3239 fullonum),
3142 3171 3236 3224 sed
3285 3186 3436 3225 seve-

1883 3264 2244 3322 rissimorum,
2296 3261 2342 3315 si
2402 3261 2561 3314 modo
2623 3259 2855 3329 perfecte
2905 3275 3103 3316 exuere
3153 3263 3280 3315 vitia
3324 3273 3439 3317 stu-

1881 3352 1991 3414 drt,
2046 3362 2104 3405 ut
2146 3352 2276 3405 inibi
2317 3350 2680 3415 contumeliis,
2721 3351 3030 3420 ignominiis
3079 3360 3132 3404 et
3186 3352 3439 3407 decuma-

1882 3444 1967 3495 nis
1992 3442 2347 3495 tentalionum
2398 3441 2653 3495 fluctibus
2681 3442 2979 3511 expositus,
3029 3443 3267 3511 adeoque
3302 3458 3436 3496 con-

1881 3530 2034 3584 viciis
2089 3528 2456 3592 everberatus,
2509 3528 2619 3583 imo
2649 3543 2775 3582 vero
2824 3530 2985 3583 etiam
3028 3545 3212 3584 revera
3265 3546 3436 3598 quan-

1880 3623 2056 3693 doque
2104 3622 2346 3691 pulsatus
2420 3627 2474 3675 et
2556 3621 2859 3686 dedolatus,
2912 3622 3041 3691 quin
3106 3630 3160 3675 et
3216 3623 3436 3677 omnino

1882 3715 2139 3786 protritus
2192 3723 2246 3768 et
2292 3714 2530 3768 calcibus
2573 3714 2937 3783 proculcatus,
3001 3714 3188 3769 sordes
3242 3715 3437 3770 anima:

1882 3804 2129 3859 sensibus
2176 3803 2494 3857 inhaerentes
2550 3803 2738 3868 diluat,
2794 3814 2852 3858 ut
2912 3804 3024 3873 ipsa
3076 3820 3177 3858 vox
3232 3806 3435 3874 passim

1881 3906 2136 3962 usurpata
2163 3902 2215 3946 te
2239 3893 2429 3946 doceat
2469 3884 2667 3961 probra
2714 3902 2769 3946 et
2813 3894 3163 3947 contumelias
3210 3910 3331 3949 eSse
3356 3895 3437 3948 vi-

1881 3984 2075 4038 tiorum
2104 3984 2297 4037 anima:
2340 3982 2633 4035 lavacrum.
2686 3980 2777 4035 Sic
2828 3982 2972 4035 enim
3004 3984 3165 4050 vulgo
3195 3983 3433 4051 loquun-

1881 4083 1988 4137 tur,
2031 4074 2246 4142 quando
2284 4073 2468 4126 multis
2504 4071 2641 4126 alios
2676 4072 2930 4127 convicils
2970 4088 3149 4127 coram
3188 4083 3434 4135 onerant,

1880 4178 2050 4234 eaque
2079 4163 2145 4217 de
2189 4178 2247 4216 re
2274 4154 2413 4231 apud
2469 4163 2604 4217 alios
2652 4163 2949 4232 gloriantur
2973 4178 3032 4217 se
3065 4163 3206 4218 hunc
3255 4163 3435 4217 illum-

1880 4271 1944 4309 ve
1986 4254 2153 4324 probe
2206 4262 2360 4307 aceto
2411 4252 2715 4324 perfudisse
2763 4261 2818 4308 et
2865 4253 3120 4309 abluisse.
3173 4252 3330 4319 Quod
3380 4266 3436 4309 et

1881 4347 2221 4400 verissimum
2306 4353 2408 4399 est.
2454 4345 2574 4399 Alia
2623 4352 2708 4399 est
2761 4358 2882 4413 qua:
2935 4344 2987 4397 in
3046 4343 3309 4399 tironibus
3368 4360 3435 4400 ex

1885 4438 2009 4492 fletu
2073 4446 2126 4492 et
2203 4438 2416 4508 planctu
2466 4437 2738 4491 ’nascltur
2815 4435 3105 4490 iracundia:
3180 4434 3434 4504 victoria;

1120 4525 1300 4620 ηδόνος
1331 4550 1427 4618 τὴν
1456 4525 1633 4601 αἰτίαν
1661 4550 1781 4599 ἐπι-

1887 4528 1987 4581 alia
2038 4543 2156 4597 qua:
2211 4528 2263 4581 in
2293 4527 2405 4596 jam
2461 4525 2712 4596 perfectis
2743 4526 2955 4579 exsistit
2996 4526 3287 4580 immobilis
3322 4529 3440 4580 ani-

1888 4619 1959 4673 mi
2001 4620 2257 4673 adversus
2305 4618 2438 4671 iram
2489 4615 2815 4670 constantia.
2874 4613 2970 4668 Illa
3019 4617 3232 4670 rudium
3262 4619 3437 4691 lacry

1886 4710 1989 4764 mis
2022 4711 2175 4778 quasi
2210 4710 2360 4763 freno
2388 4714 2684 4771 coercetur,
2736 4708 2849 4761 haec
2874 4722 3001 4761 vero
3033 4717 3289 4779 tanquam
3320 4725 3435 4763 ser-

1887 4820 2017 4875 pens
2062 4820 2155 4873 per
2183 4804 2375 4856 animae
2405 4799 2847 4868 tranquillitatem
2879 4800 3006 4870 (jam
3071 4802 3140 4854 ab
3184 4799 3434 4854 omnibus

1888 4896 2169 4951 alfectibus
2230 4893 2476 4960 liberam)
2566 4891 2713 4947 velut
2801 4894 2977 4963 gladio
3042 4903 3273 4947 mactata
3328 4900 3430 4944 est.

1893 4986 2047 5055 177
2074 4982 2206 5036 Tres
2237 4995 2337 5050 ego
2362 4980 2634 5049 quondam
2666 4982 2827 5037 simul
2860 4982 3139 5052 religiosos
3170 4978 3273 5031 vidi
3300 4992 3432 5031 cou-

1889 5077 2123 5131 tumeliis
2168 5072 2426 5137 allectos,
2476 5087 2711 5142 quorum
2751 5076 2958 5143 primus
3005 5070 3172 5125 sensit
3218 5069 3433 5138 quidem

1892 5182 2153 5230 morsum,
2188 5166 2281 5219 sed
2305 5165 2547 5218 dolorem
2578 5165 2793 5220 silentio
2821 5162 3117 5232 oppressit;
3169 5160 3304 5214 alter
3335 5176 3435 5215 sua

1891 5259 2106 5330 quidem
2155 5268 2317 5309 causa
2364 5255 2664 5323 gaudebat,
2716 5253 2809 5309 sed
2846 5252 3016 5305 vicem
3057 5251 3435 5307 calumniantis

1894 5347 2148 5405 dolebat:
2184 5354 2492 5413 postremus
2519 5345 2739 5399 omnino
2772 5341 2857 5396 sui
2902 5342 3102 5396 oblitus
3134 5352 3335 5397 tantum
3360 5343 3436 5395 la—

1894 5453 2104 5509 crymas
2134 5446 2187 5491 et
2227 5434 2465 5490 calentes
2509 5434 2722 5504 quidem
2756 5447 2859 5501 pro
2901 5431 3234 5499 oll‘endente,
3281 5432 3435 5499 cujus

1895 5533 2147 5587 damnum
2197 5526 2431 5591 videbat,
2488 5542 2553 5581 ex
2601 5524 2863 5580 charitate
2909 5524 3281 5595 profundebat.
3334 5520 3434 5575 Ubi

1896 5619 2054 5677 simul
2086 5618 2237 5672 licuit
2273 5629 2518 5687 spectare
2554 5623 2661 5669 tres
2684 5614 2914 5669 eximios
2938 5615 3150 5670 virtutis
3186 5602 3445 5671 athletas,

1897 5711 2107 5767 timoris
2149 5710 2394 5776 inquam,
2436 5706 2696 5764 mercedis
2735 5718 2788 5761 et
2828 5707 3127 5762 cliaritatis.
3165 5702 3433 5769 Quemad-

1898 5802 2113 5862 modum
2165 5803 2216 5856 iu
2250 5801 2497 5857 humanis
2528 5797 2847 5869 corporibus
2878 5798 3042 5857 febris
3063 5795 3294 5867 .quidctn
3320 5811 3435 5856 tuta
