4050 6338
581 475 586 478 ’
666 496 766 554 s35

1912 488 1967 541 ὃ.
2000 483 2229 542 JtHNN
2247 484 2311 540 IS
2339 484 2449 541 CLI
2467 485 2632 542 .\I.\CI

3779 489 3886 548 836

2654 597 2678 608 ν

669 620 772 655 una
799 611 901 661 est,
939 601 1031 654 sed
1073 599 1270 652 multas
1305 600 1462 650 liabet
1504 597 1715 649 at'dotis
1755 610 1948 648 causas
1977 615 1989 648 :
2023 597 2098 648 sic.
2133 599 2223 648 ira'

2327 597 2458 648 ἀλλὰ
2493 599 2585 649 καὶ
2613 597 2719 647 τῶν
2766 598 3135 666 πολεμούντων
3175 600 3267 652 καὶ
3310 597 3782 652 ἁποκτεινούντων
3831 618 3885 652 σε

669 702 850 745 motus
883 701 936 744 et
971 684 1274 742 incendium
1307 689 1381 739 ttti
1412 688 1742 754 reliquoruttt
1771 686 2023 738 vitiorum
2051 687 2220 738 morbi

671 784 874 836 multus
901 791 954 837 et
975 782 1152 834 varias
1181 781 1416 849 origines
1450 779 1644 830 ltabent
1678 789 1727 829 et
1759 776 1960 830 fontes.
1994 775 2223 831 Proinde

667 876 781 928 fieri
816 890 918 926 non
952 882 1145 942 potest,
1183 884 1234 924 ιιι
1261 875 1323 924 de
1369 869 1595 937 singulis
1638 869 1910 937 sigillatim
1945 869 2223 936 praecipia-

667 982 809 1018 mus.
851 964 1170 1017 Consultant
1213 972 1391 1015 autem
1418 961 1522 1015 erit
1562 975 1658 1028 pro
1698 960 1925 1012 sollicita
1967 958 2227 1026 cujusque

667 1057 1040 1124 aegrotantium
1086 1070 1212 1108 cura
1246 1062 1606 1123 opportunam
1648 1053 1844 1120 cuique
1883 1051 2072 1105 morbo
2111 1066 2226 1104 me-

665 1146 906 1199 dicinam
933 1159 1194 1213 quatrere.
1224 1144 1465 1208 Quarum
1507 1142 1678 1210 prima
1708 1141 1797 1202 sit,
1833 1149 1892 1193 ιιι
1923 1139 2226 1193 alliietionis

669 1238 840 1304 ipsius
877 1251 1038 1288 causa
1089 1242 1467 1301 cognoscatur,
1518 1247 1626 1299 qua
1661 1231 1994 1298 deprehensa
2046 1239 2224 1300 aptum

665 1343 729 1377 ex
778 1327 955 1378 divina
1002 1324 1333 1393 providentia
1379 1334 1431 1376 et
1475 1321 1806 1374 medicorum
1856 1321 2224 1389 religiosorum

665 1433 796 1468 cura
825 1416 1176 1482 emplastrum
1209 1414 1441 1480 accipiat
1471 1430 1485 1465 :
1523 1423 1600 1475 ut,
1634 1413 1725 1480 qui
1760 1413 2006 1480 exemplo
2043 1422 2228 1466 nostro

2326 690 2422 747 τὰς
2451 688 2738 755 σημασίας.
2783 688 2841 738 ’0
2876 689 2929 741 δὲ
2967 691 3095 758 πρὸς
3130 691 3275 759 ἡμᾶς
3303 689 3733 759 ἀποκρινόμενος
3766 689 3887 740 ἕλε-

2327 795 2438 845 γεν.
2473 779 2535 830 .\‘.
2591 780 2688 846 ἐμὲ
2723 780 3044 847 γεννήσασαι
3083 780 3291 842 πολλαὶ,
3332 781 3425 833 καὶ
3467 781 3496 831 ὀ
3543 778 3675 848 ἐμὸς
3703 780 3887 846 πατὴρ

2329 871 2427 938 οὺχ
2459 863 2558 931 εἷς.
2588 871 2650 920 ΛΞ
2679 869 2732 920 δὲ
2771 871 3002 940 μητέρες
3043 888 3141 938 μου
3185 869 3457 934 κενοδοξία
3481 909 3497 934 ,
3533 870 3886 940 φιλαργυρία,

2331 961 2735 1029 γαστριμαργία
2757 978 2768 990 ”
2803 961 2916 1012 ἐστι
2963 961 3018 1012 δὲ
3057 961 3144 1014 ὅτε
3187 961 3280 1012 καὶ⁹
3319 962 3543 1030 πορνεία
3566 978 3579 990 ·
3603 962 3632 1012 ὁ
3663 961 3762 1028 ἐμὲ
3799 958 3890 1026 γε·

2333 1049 2606 1119 γεννηκὼς
2633 1053 3091 1121 προσηγορεύεται
3121 1052 3306 1118 τῦφος.
3362 1054 3426 1104 Ai
3457 1053 3514 1104 δὲ
3545 1052 3675 1121 ἐμαὶ
3720 1051 3889 1117 Θυγα-

2331 1141 2487 1208 τέρες
2539 1143 2913 1209 μνησικακίαι,
2957 1143 3131 1210 μίσος,
3175 1141 3364 1212 ἔχθρα,
3410 1141 3738 1209 δικαιολογία
3765 1157 3783 1171 °
3835 1143 3886 1193 αἱ

2335 1230 2466 1298 ἐμοῦ
2497 1230 2552 1282 δὲ
2595 1231 2873 1292 ἀντίδικοι,
2908 1233 2994 1299 ὑφ’
3031 1226 3102 1285 ὧν
3135 1233 3230 1286 νῦν
3285 1232 3604 1302 περιέχομαι
3641 1233 3884 1298 δέσμιος,

2333 1323 2388 1372 αἱ
2419 1321 2618 1373 τούτων
2655 1323 3041 1392 ἁντικεὲμεναι,
3080 1324 3348 1393 ἀοργητῖα
3391 1325 3483 1376 καὶ
3518 1324 3778 1392 πραότης.
3825 1323 3888 1373 ἸΙ

2332 1413 2386 1464 δὲ
2546 1413 2853 1478 ἐπίϐουλος,
2890 1417 3350 1484 ταπεινοφροσύνῃ
3396 1413 3884 1486 προσαγορεύεται.

670 1506 947 1557 nol-iscum
977 1505 1213 1569 cupiunt
1242 1505 1292 1554 in
1323 1501 1549 1554 Domino
1577 1501 1854 1569 spirituale
1885 1509 1937 1554 et
1967 1501 2229 1570 religiosis

668 1596 998 1662 propasitum
1032 1593 1219 1660 judicii
1273 1593 1504 1644 tribunal
1547 1591 1783 1660 ingredi,
1837 1590 2226 1658 ingrediantur,

665 1698 720 1737 et
747 1688 815 1739 de
843 1685 1124 1751 atfectjbus
1173 1695 1226 1738 et
1267 1685 1447 1738 causis
1487 1699 1647 1766 supra
1695 1684 2010 1737 memoratis
2045 1685 2229 1753 aliquo
2269 1681 2430 1740 modo
2464 1689 2725 1742 secretius
2754 1689 3046 1756 inquirant.
3077 1688 3354 1743 Vineiatur
3417 1706 3546 1760 ergo
3601 1692 3890 1745 iracundus

667 1776 882 1829 animus
912 1775 1072 1827 veluti
1119 1784 1380 1842 tyrannus
1424 1774 1652 1826 nexibus
1683 1773 2140 1838 mansuetudinis,
2177 1782 2231 1827 et
2267 1775 2685 1842 longanimitatis
2748 1777 2913 1849 ﬂagro
2944 1780 3219 1843 tundatur,
3295 1781 3536 1850 adeoque
3572 1797 3667 1850 per
3710 1782 3891 1835 eltart‘

677 1879 836 1921 latent
875 1879 1115 1923 sanctam
1146 1869 1209 1920 ad
1248 1867 1482 1920 tribunal
1516 1866 1742 1920 rationis
1774 1867 2017 1929 sistatur,
2049 1878 2209 1935 atque
2248 1868 2335 1922 illa
2359 1887 2476 1939 qua:
2501 1876 2865 1943 convenitper
2901 1876 3225 1944 qumstiones
3289 1887 3545 1946 rogetur:
3573 1878 3682 1946 Age
3743 1876 3888 1934 fatue

663 1971 718 2014 et
750 1962 1054 2030 impudens,
1083 1960 1178 2011 ede
1202 1959 1355 2010 nobis
1378 1958 1620 2024 parentis
1649 1957 1725 2010 ttti
1761 1972 1978 2021 nomen,
2009 1958 2304 2024 matrisque
2341 1969 2446 2013 tua:
2505 1978 2622 2030 qua:
2685 1973 2732 2016 te
2768 1964 3050 2018 infeliciter
3087 1966 3246 2034 178
3295 1969 3500 2033 genuit,
3563 1981 3883 2036 cognomen.

668 2069 767 2107 nec
801 2068 905 2105 non
934 2066 1141 2112 eorutn,
1171 2050 1261 2118 qni
1289 2065 1351 2102 ex
1386 2059 1434 2101 te
1469 2047 1578 2099 nati
1647 2059 1892 2114 namque
1956 2055 2101 2108 sunt,
2165 2048 2500 2116 itnpurorum
2527 2053 2814 2104 liberorum
2839 2056 3074 2106 nomina.
3099 2054 3208 2107 Iino
3235 2055 3398 2108 fatere
3421 2057 3581 2109 etiam
3633 2071 3662 2108 a
3690 2057 3888 2125 quibus

664 2146 1024 2214 qnaiibusque
1064 2141 1311 2194 h0stibus
1350 2139 1524 2207 possis
1588 2137 1885 2205 expugnari
1958 2146 2010 2188 et
2050 2139 2295 2190 mactari.
2337 2138 2414 2190 Ad
2448 2155 2566 2207 qua:
2618 2141 2704 2193 ille
2741 2160 2753 2192 :
2789 2144 2916 2206 Qua:
2955 2160 3038 2196 me
3065 2182 3079 2205 ,
3146 2145 3352 2212 inquit,
3406 2160 3655 2215 peperere
3708 2147 3886 2214 multa;

665 2251 812 2300 sunt,
839 2253 934 2290 nec
959 2249 1098 2289 unus
1123 2235 1253 2286 mihi
1282 2243 1430 2301 pater
1455 2241 1554 2285 est.
1583 2231 1882 2284 Genittices
1903 2240 2029 2283 sunt
2057 2231 2229 2284 inanis
2269 2233 2448 2299 gloriae
2510 2235 2769 2301 studium,
2833 2237 3077 2300 avaritia,
3108 2245 3251 2304 gula.
3280 2249 3331 2290 et
3358 2246 3478 2305 ante
3502 2240 3622 2293 inde
3645 2240 3889 2309 quando-

664 2349 770 2400 que
825 2329 1067 2382 nascitur
1120 2326 1471 2393 impudicitia.
1525 2324 1624 2389 Qui
1669 2340 1753 2376 ttte
1801 2323 2005 2375 creavit
2056 2332 2225 2390 pater,
2266 2325 2565 2392 appellatur
2601 2326 2792 2380 fastus.
2834 2326 2978 2380 Filia:
3043 2339 3185 2390 suttt,
3221 2329 3475 2381 memoria
3547 2338 3886 2398 acceptarum

664 2419 1240 2490 iujttriarutn,odium,
1275 2402 2006 2478 inimicitiae,contentiones.
2069 2415 2260 2468 llustes
2298 2427 2476 2469 autem
2545 2418 2669 2478 mei,
2724 2435 2751 2470 a
2803 2420 2998 2486 quibus
3046 2434 3184 2471 nune
3229 2419 3725 2483 vinctusdetiueor,
3757 2428 3888 2474 sunt

2333 1503 2426 1564 Τίς
2457 1503 2512 1555 δὲ
2539 1506 2566 1555 ὁ
2593 1504 2823 1566 τετοκὼς
2853 1505 3083 1574 ἐκείνην,
3124 1507 3182 1556 ἐν
3219 1505 3328 1574 ἰδίῳ
3354 1505 3528 1574 καιρῷ
3557 1504 3724 1574 αὐτὴν
3749 1507 3887 1574 ἐὲρω⁴

2280 1643 2282 1646 ,
2330 1595 2550 1662 τήσατε.
2854 1599 2859 1662 ε

666 2514 889 2564 virtutes
919 2510 1002 2562 his
1030 2508 1173 2560 vitiis
1254 2507 1559 2566 contrariae,

1637 2507 1728 2558 ira:
1798 2507 2136 2569 victoria,_et
2182 2509 2555 2564 mansnetmlo.
2610 2509 2739 2573 Quae
2783 2526 2907 2563 vero
2953 2512 3081 2563 tnihi
3113 2510 3336 2565 insidias
3389 2510 3559 2578 ponit,
3610 2510 3886 2571 humilitas

666 2606 988 2677 appellatur,
1018 2617 1180 2670 quam
1213 2603 1335 2669 quis
1386 2601 1632 2668 genuerit
1673 2601 1814 2652 illam
1854 2616 1953 2653 suo
1997 2600 2111 2652 loco
2147 2601 2486 2669 interrogate.

740 2698 794 2749 In
821 2707 1010 2749 octavo
1044 2693 1210 2760 gradu
1260 2707 1460 2744 corona
1509 2691 1940 2744 mansuetudinis
1982 2693 2084 2743 sita
2130 2702 2230 2743 est.
2267 2701 2306 2754 Β

664 2787 769 2852 Qui
797 2784 1014 2852 ingenio
1047 2782 1162 2834 tttiti
1205 2791 1380 2834 cst-ex
1428 2791 1639 2842 natura,
1692 2784 1920 2834 fortasse
1959 2781 2098 2848 illam
2135 2795 2224 2834 Cu-

667 2890 856 2931 ronam
891 2887 996 2926 non
1028 2872 1343 2940 assequitur
1374 2889 1385 2923 :
1422 2872 1522 2935 Qui
1567 2887 1693 2922 vero
1732 2872 1842 2923 suis
1892 2872 2024 2923 iram
2065 2875 2228 2922 sudo-

669 2968 818 3017 ribus
847 2964 990 3027 vicit,
1025 2962 1069 3015 is
1101 2964 1314 3015 demum
1348 2976 1472 3015 vere
1501 2977 1595 3029 per
1630 2962 1864 3030 reliquos
1902 2977 2089 3015 omnes
2115 2962 2224 3014 vir-

665 3068 837 3111 tutum
867 3056 1068 3122 gradus
1102 3055 1166 3106 ad
1209 3065 1458 3106 octavum
1494 3053 1665 3105 victor
1692 3055 1882 3108 evasit.

993 3185 1279 3243 SCIIOLIA
1316 3185 1406 3238 AD
1442 3185 1726 3256 GBADL‘M
1773 3186 1903 3239 VIII.

1210 3297 1282 3350 De
1321 3298 1535 3350 rictoriu
1573 3299 1608 3349 it
1623 3316 1686 3350 ιτ.

1062 3386 1311 3438 Scholion
1352 3383 1509 3436 Isaia:
1549 3387 1750 3437 abbatis
1794 3387 1840 3439 1.

738 3477 819 3532 Ira
842 3486 944 3543 est,
975 3477 1109 3530 velle
1132 3487 1277 3529 tuam
1303 3478 1633 3529 voluntatem
1661 3479 1794 3530 lieri.
1826 3478 1979 3532 Falsa
2003 3482 2223 3534 scientia

663 3583 768 3632 est,
799 3571 940 3623 velle
988 3569 1203 3630 dot-ere,
1237 3568 1465 3620 antamla
1513 3584 1632 3620 esse
1681 3569 1962 3622 cottttttoda
2019 3573 2221 3624 mundi.

665 3663 909 3728 Ahjectio
943 3658 1407 3730 [pusillanimitas]
1458 3661 1621 3711 animi
1668 3671 1749 3712 est
1799 3662 1958 3714 nimis
2003 3665 2221 3715 anxium

665 3767 783 3804 esse
810 3761 862 3803 et
887 3751 1201 3818 constringi,
1235 3751 1306 3803 uil
1337 3752 1470 3803 velle
1509 3749 1770 3813 sutlerre,
1816 3751 1888 3802 ttil
1928 3752 2087 3816 dare,
2130 3753 2220 3806 sed

664 3842 932 3912 accipere.

662 3946 666 3949 ·
1272 3930 1515 3984 Scholion
1555 3922 1604 3984 ἓ.

733 4022 815 4076 Ira
845 4033 961 4085 est,
1012 4022 1187 4075 subita
1217 4032 1269 4075 et
1297 4024 1768 4076 Vehetnentissinta
1799 4026 1964 4076 animi
2003 4038 2214 4092 perturo
2247 4035 2287 4092 (ζ

663 4114 852 4169 hatio:
894 4113 1090 4166 dititur
1130 4114 1271 4163 euint
1324 4114 1502 4165 fervor
1557 4130 1648 4166 seu
1699 4115 1859 4167 ardor
1909 4116 2115 4178 animi,
2166 4129 2217 4171 ct

662 4205 953 4258 commotio
976 4205 1233 4256 adversus
1255 4219 1400 4264 eum,
1426 4206 1517 4271 qui
1544 4202 1640 4256 nos
1662 4221 1754 4271 per
1779 4206 2027 4272 injuriant
2058 4207 2210 4271 laesit,

665 4295 825 4363 179
857 4306 948 4348 aut
978 4295 1168 4348 laedere
1205 4296 1503 4354 videbatur,
1551 4312 1669 4363 t|litL‘
1713 4298 1946 4351 animant
1993 4308 2100 4352 tota
2129 4299 2214 4352 die

661 4388 901 4449 infestat,
931 4397 982 4440 et
1015 4387 1286 4438 exulcerat
1317 4405 1327 4438 :
1360 4387 1450 4440 sed
1489 4388 1829 4453 potissimum
1859 4389 1996 4441 inter
2030 4404 2213 4456 preces

659 4479 912 4533 subducit
937 4478 1090 4531 nobis
1125 4487 1380 4540 mentem,
1410 4487 1463 4530 et
1489 4478 1608 4544 ejus
1633 4480 1724 4546 qui
1753 4496 1852 4533 nos
1877 4482 2214 4536 contristavit

658 4583 933 4639 aspectum
961 4581 1010 4623 et
1033 4570 1236 4622 \tllltiltl
1264 4585 1354 4637 per
1379 4570 1816 4638 imaginationem
1847 4584 2208 4637 t'eprmsetttat.

662 4663 783 4716 Hice
813 4677 935 4715 cum
989 4678 1137 4714 mora
1185 4663 1484 4726 invalescit,
1530 4661 1756 4714 vertitur
1807 4662 1858 4714 in
1911 4664 2116 4723 odium,
2163 4679 2215 4720 et

657 4769 752 4822 per
799 4763 1009 4806 noctem
1059 4767 1160 4804 nos
1209 4752 1424 4804 infestat
1465 4763 1518 4806 et
1562 4754 1856 4821 perturbat,
1897 4756 2216 4826 corporique

658 4848 834 4898 tabem
857 4854 908 4896 et
931 4843 1187 4912 pallorem
1217 4843 1472 4895 conciliat
1499 4853 1551 4896 et
1573 4848 1690 4910 (per
1715 4847 2010 4910 Somnium}
2029 4849 2213 4901 noxia-

2416 2694 2500 2744 Ἐν
2529 2693 2698 2762 ὀγδὸῳ
2720 2695 2824 2746 τινὶ
2853 2695 3041 2765 βαθμῷ
3069 2698 3096 2747 ὀ
3119 2697 3214 2766 τῆς
3243 2696 3539 2766 ἁοργησέας
3566 2698 3734 2748 κεῖται
3761 2699 3886 2747 στέ-

2329 2802 2513 2853 φανος,
2557 2787 2650 2837 καὶ
2697 2789 2724 2837 ὁ
2757 2787 2855 2854 μὲν
2888 2789 2949 2838 ἐκ
2991 2788 3201 2854 φύσεως
3230 2788 3432 2840 τούτων
3469 2787 3876 2857 περικείμενος,

2329 2878 2458 2938 ἴσως
2499 2878 2560 2930 ού
2605 2878 2908 2947 περίκειται
2957 2880 3142 2950 ἕτερον
3171 2897 3182 2907 ·
3233 2882 3262 2932 ὁ
3297 2880 3355 2932 δὲ
3395 2880 3456 2945 ἐξ
3507 2879 3756 2951 ἱδρώτων,
3803 2881 3884 2938 εἰς

2327 2971 2470 3026 ἅπαν
2503 2975 2627 3037 τοὺς
2663 2975 2804 3026 ὀκτὼ
2851 2975 3147 3045 νενίκηκεν.
3319 3035 3328 3078 ὶ

2730 3183 2973 3250 2mm
3006 3200 3109 3251 Et:
3139 3200 3360 3252 ΛΟΓΟΝ
3400 3201 3458 3252 H'

2838 3313 2972 3380 Περὶ
3019 3301 3363 3381 ἀοργησίαξ.

2799 3406 3052 3472 Σχόλιον
3095 3406 3316 3458 Ἰσαΐου
3347 3405 3414 3459 α’.

2411 3497 2573 3566 Ὀργὴ
2608 3499 2721 3548 ἐστι
2749 3495 2808 3548 τὸ
2837 3497 3008 3549 Οέλειν
3037 3497 3349 3565 προϐαίνειν
3398 3499 3457 3550 τὸ
3497 3499 3707 3570 Θὲλημά
3743 3517 3833 3553 σου
3864 3516 3873 3527 ·

2323 3587 2356 3654 ἡ
2389 3586 2752 3654 ψεύδογνωσία
2785 3588 2846 3639 τὸ
2890 3587 3060 3639 Θέλειν
3109 3588 3418 3653 διδάσκειν,
3472 3590 3534 3642 τὸ
3597 3592 3876 3660 ἀγαπῆσαι

2323 3679 2418 3744 τὴν
2462 3680 2647 3748 χρείαν
2687 3678 2778 3730 τοῦ
2813 3679 3013 3746 κόσμον
3043 3695 3054 3707 ·
3089 3680 3120 3746 ἡ
3171 3681 3502 3749 μικροψυχία
3552 3682 3613 3733 τὸ
3657 3684 3876 3749 συνέχει

2328 3767 2468 3830 σθαι,
2496 3770 2556 3820 τὸ
2582 3770 2652 3836 μὴ
2692 3756 3009 3836 βαστάζειν·
3051 3771 3109 3820 τὸ
3145 3769 3268 3838 [μὴ]
3307 3770 3508 3836 δοῦναι,
3551 3773 3641 3824 καὶ
3669 3771 3870 3824 λαϐεῖν.

2637 4012 2640 4019 1
2931 3947 3185 4014 Σχίλιίι·
3224 3945 3264 4014 β’

2403 4041 2463 4094 'II
2496 4043 2628 4111 ὀργὴ
2660 4042 2831 4106 πάθος
2877 4043 3020 4094 ἐστὶν
3056 4041 3328 4105 ὀξύτατον,
3373 4041 3543 4112 Θύμὸς
3573 4045 3684 4114 γὰρ
3723 4043 3873 4110 λέγε-

2322 4150 2408 4184 ται
2433 4130 2575 4194 ζέσις
2597 4133 2705 4183 ’καὶ
2737 4133 2943 4200 κίνησις
2967 4133 3102 4184 κατὰ
3124 4131 3214 4183 τοῦ
3243 4132 3580 4200 ἠδικηκότος,
3603 4135 3634 4203 ἢ
3657 4135 3869 4189 δοκοῦν-

2321 4241 2408 4276 τος
2447 4223 2780 4290 ἠδικηκέναι,
2818 4225 2936 4290 ἣτις
2970 4223 3303 4292 πανημέριον
3329 4224 3510 4294 ἁγριοῖ
3532 4226 3628 4295 τὴν
3656 4228 3826 4296 ψυχήν
3866 4247 3871 4251 '

2324 4315 2560 4382 μάλιστα
2593 4314 2648 4364 δὲ
2677 4317 2732 4366 ἐν
2757 4318 2872 4376 ταῖς
2901 4318 3221 4383 προσευχαῖς
3255 4318 3588 4383 συναρπάζει
3612 4319 3701 4372 τὸν
3727 4318 3865 4381 νοῦν,

2317 4402 2377 4453 τὸ
2409 4401 2499 4454 τοῦ
2548 4402 2906 4471 λελυπηκότος
2937 4403 3222 4470 πρόσωπον
3263 4405 3673 4475 ύπογράφουσα.
3728 4407 3866 4458 Ἐστὶ

2319 4493 2374 4546 δὲ
2406 4495 2743 4562 χρονίξούσα,
2775 4496 2864 4548 καὶ
2901 4493 3336 4567 μεταϐαλλομένη
3380 4499 3459 4560 εἰς
3508 4499 3668 4567 μῆνιν
3699 4515 3863 4568 ταρα-

2323 4585 2422 4653 χὰς
2453 4583 2664 4652 νύκτωρ
2719 4584 2966 4653 παρέχει,
3009 4583 3158 4653 τῆξίν
3205 4602 3263 4637 τε
3313 4584 3407 4637 τοῦ
3465 4584 3735 4655 σώματος,
3772 4591 3863 4640 καὶ

2321 4676 2620 4746 ὠχρότητα,
2647 4676 2737 4729 καὶ
2765 4676 2966 4746 Θηρίων
2993 4676 3209 4730 ἰοϐόλων
3232 4662 3532 4745 ἐπιδρομάς
3562 4692 3576 4706 ⁸
3610 4678 3775 4733 ταῦτα
3799 4680 3859 4732 δὲ

2319 4765 2556 4834 τέσσαρα
2581 4767 2719 4832 μετὰ
2743 4768 2843 4836 τὴν
2879 4765 3038 4836 μῆνιν
3067 4767 3440 4836 ’συμϐαίνοντα
3485 4767 3636 4839 εὖροι
3680 4772 3742 4824 ἄν
3775 4787 3858 4833 τις

2323 4843 2824 4922 παρακολονθοῦντα
2851 4857 3055 4911 πλεξοσι
3089 4857 3386 4926 λογισμοῖς.

659 4954 778 4992 rum
811 4938 1100 4991 bestiarum
1138 4937 1477 4992 incursiones
1519 4949 1684 4990 menti
1719 4929 1946 5007 ohjieit‘:
1979 4941 2092 4998 haec
2136 4955 2313 5000 autem
2371 4957 2632 5018 quatuor,
2679 4965 2797 5020 qua:
2844 4959 2966 5019 post
3008 4960 3321 5020 conceptum
3357 4952 3546 5007 odium
3613 4968 3706 5006 usu
3767 4965 3852 5004 re-

658 5035 836 5095 ttiunt,
875 5033 1238 5102 deprehendet
1279 5035 1401 5102 quis
1447 5035 1630 5089 multis
1667 5036 2089 5104 cogitationibus
2139 5041 2393 5097 comitata
2432 5043 2605 5112 sequi.

1262 5127 1506 5180 Scholion
1540 5130 1593 5184 3.

727 5216 1181 5272 Excandescentia
1229 5229 1311 5272 est
1367 5219 1546 5272 fervor
1593 5223 1706 5276 sive
1753 5222 2104 5280 inflammatio
2158 5236 2211 5280 et

653 5305 842 5376 ~vapor.
875 5323 969 5361 seu
1021 5309 1242 5376 spiritus
1279 5309 1372 5378 qui
1401 5324 1501 5363 nos
1527 5311 1592 5363 ad
1619 5313 1907 5367 vindictam
1935 5315 2000 5366 de
2027 5330 2091 5368 eo
2119 5331 2210 5369 su-

658 5397 904 5452 mendam
933 5399 1142 5462 incitat,
1173 5401 1263 5468 qui
1294 5416 1392 5454 nos
1416 5401 1634 5454 tristitia
1661 5415 1710 5457 et
1738 5405 1980 5460 molestia
2008 5407 2202 5465 aﬂ‘eeit.

657 5488 938 5555 Proprium
961 5499 1138 5542 autem
1161 5501 1243 5546 est
1268 5490 1428 5558 hujus
1446 5491 1688 5546 iracundi
1710 5496 1930 5550 allectus
1949 5496 2207 5552 adversus

656 5581 924 5633 dirutoncs
949 5585 1001 5632 et
1031 5581 1156 5634 vitia
1195 5581 1515 5650 ilepradiari.
2086 5594 2089 5596 ’

1099 5665 1155 5719 S.
1195 5668 1417 5721 Maximi
1452 5672 1682 5723 scltoliou
1716 5673 1766 5724 ti.

727 5754 887 5826 Equi
915 5755 996 5808 vir
1023 5762 1074 5810 et
1107 5757 1358 5824 patientis
1381 5759 1544 5811 animi
1576 5760 1754 5813 multa:
1785 5771 1866 5813 est
1892 5761 2206 5828 prudentia),

658 5849 782 5914 quia
817 5847 1076 5915 patienter
1123 5856 1444 5914 exspectans
1493 5853 1696 5914 omnia,
1742 5852 1969 5906 sUstiuct
2021 5866 2208 5907 omnes

2903 5141 2949 5191 Σ
2951 5140 3161 5207 χόλιον
3189 5146 3258 5208 γ’.

2385 5228 2560 5297 Θυμός
2589 5232 2700 5283 ἐστι
2724 5230 2869 5294 ζέσις
2900 5231 2932 5300 ἢ
2961 5229 3165 5298 ἔξαψις,
3198 5232 3292 5286 καὶ
3326 5229 3686 5300 ἀναθυμίασις
3721 5228 3850 5298 πρδς

2314 5331 2522 5389 αμύναν
2557 5321 2893 5393 παρορμῶσα
2917 5321 3010 5374 τοῦ
3043 5322 3377 5391 λυπήσαντος
3404 5339 3417 5352 ·
3449 5321 3619 5392 Θυμοῦ
3641 5321 3694 5374 δὲ
3723 5321 3849 5374 ἴδιον

2314 5411 2449 5479 πρὸς
2476 5412 2731 5481 δαίμονας
2760 5413 2853 5463 καὶ
2875 5413 3015 5483 παθη
3048 5413 3335 5482 μάχεσθαι.

2593 5671 2699 5725 Τοῦ
2735 5673 2902 5738 ἁγίου
2939 5672 3207 5737 Μαξίμου
3231 5672 3483 5738 σκόλιον
3513 5673 3575 5727 δ’.

2382 5763 2743 5832 Μακρόουμος
2766 5763 2902 5833 ἀνὴρ
2933 5764 3096 5825 πολὺς
3136 5764 3194 5814 ὲν
3233 5764 3512 5832 φρονήσει,
3562 5765 3642 5817 ὃτι
3680 5763 3845 5815 πάντα

2315 5857 2619 5925 περιμένων
2653 5855 2898 5926 ἀνέχεται
2928 5855 3034 5909 τῶν
3062 5853 3348 5923 λυπηρῶνυ
3381 5855 3438 5909 τὺ
3461 5855 3516 5910 δὲ
3557 5855 3702 5916 τέλος
3735 5848 3844 5921 ζωὴ
