4050 6338
597 393 705 459 839

1834 374 1893 433 S.
1924 370 2237 432 JOANNIS
2265 369 2567 429 CLIMACI

3704 375 3816 437 840

602 506 916 565 emendetur
948 502 1041 572 qui
1071 497 1331 570 peccavit,
1367 495 1451 550 vel
1486 503 1548 547 ut
1587 493 1677 547 alii
1701 499 1981 546 metuam:
2015 487 2158 558 quod

2282 488 2385 540 ιίαν
2418 486 2580 540 αὖτοῦ
2608 502 2619 512 ·
2653 484 2766 538 ἀλλ’
2808 486 2894 538 ῐνα
2934 485 3194 557 διορθωθῇ
3237 484 3543 555 ἄνθρωπος,
3583 484 3618 555 ἢ
3664 486 3817 544 ἄλλοι

607 603 655 656 si
699 596 982 668 castigatio
1025 606 1109 649 est
1150 590 1219 669 ab
1266 590 1368 644 hac
1414 586 1663 651 diversa,
1712 598 1820 640 non
1868 590 1951 640 est
1997 583 2187 669 casti-_

606 689 769 761 gatio.

1184 770 1244 826 S.
1281 769 1495 824 Antonii
1526 767 1581 823 9.

684 868 960 923 Adversus
996 870 1282 934 peccantes
1320 858 1659 915 irascendum
1699 871 1807 910 non
1834 862 1940 920 est,
1972 867 2164 922 quam-

609 958 695 1013 vis
731 956 924 1011 delicta
964 955 1032 1008 ab
1072 953 1207 1021 ipsis
1239 957 1541 1020 perpetrata
1572 947 1735 1018 digna
1781 953 1907 1000 sunt
1932 946 2166 1015 castiga-

610 1050 760 1103 tione
786 1066 799 1100 :
834 1045 928 1100 sed
960 1044 1336 1112 delinquentes
1362 1049 1581 1110 propter
1612 1038 1916 1108 aequitatem
1943 1034 2112 1106 ipsam
2135 1048 2167 1089 α

615 1137 774 1200 nobis
798 1133 1090 1191 reducendi
1117 1143 1171 1187 et
1206 1130 1487 1201 puniendi,
1530 1131 1576 1185 si
1612 1131 1686 1183 ita
1728 1144 1813 1183 res
1850 1127 2011 1193 l'erat,
2055 1126 2170 1182 sive

614 1244 711 1299 per
732 1242 833 1283 nos
863 1227 1032 1297 ipsos,
1058 1225 1171 1279 sive
1196 1238 1290 1292 per
1315 1221 1474 1277 alios.
1496 1220 1661 1277 Irasci
1688 1230 1868 1276 autem
1891 1228 1947 1275 et
1970 1233 2170 1275 excan-

614 1318 837 1373 descere
871 1330 977 1369 non
1006 1321 1237 1384 oportet,
1263 1313 1390 1384 quia
1426 1313 1505 1366 ira
1538 1312 1611 1365 nil
1640 1311 1741 1366 nisi
1777 1310 2089 1382 perturbate
2117 1318 2175 1365 et

616 1409 811 1464 vitiose
837 1407 980 1476 agit,
1013 1405 1147 1460 nihil
1168 1419 1298 1460 vero
1327 1419 1395 1458 ex
1416 1402 1621 1473 judicio
1653 1412 1707 1458 et
1740 1401 2010 1474 aequitate.
2037 1401 2169 1458 Pro-

618 1500 745 1554 inde
772 1514 870 1553 nec
905 1498 980 1563 illi
1012 1496 1274 1566 probandi
1310 1503 1457 1561 sunt,
1492 1496 1585 1566 qui
1629 1504 1825 1566 praeter
1861 1494 1954 1564 jus
1995 1503 2050 1549 et
2091 1493 2174 1550 fas

572 1648 582 1656 ,
616 1591 848 1646 aliorum
902 1589 1263 1654 miserentur,
1314 1596 1533 1657 propter
1576 1586 1861 1642 honestum
1903 1587 2077 1657 ipsum
2120 1593 2175 1641 et

615 1697 851 1752 aequum.
880 1679 1145 1735 Puniendi
1170 1687 1300 1735 sunt
1323 1678 1583 1749 improbi,
1620 1687 1671 1733 et
1711 1695 1816 1733 non
1855 1695 1920 1734 ex
1958 1678 2174 1749 proprio

620 1774 713 1829 irae
743 1781 797 1828 et
824 1772 1025 1841 impetu
1052 1777 1107 1825 et
1132 1768 1345 1825 aﬂ’ectu.

1212 1858 1457 1915 Scholion
1494 1858 1581 1914 10.
1993 1898 1995 1901 ι

691 1944 839 2001 Mitis
871 1954 926 1999 et
953 1944 1058 1999 sibi
1096 1945 1197 2014 ipsi
1236 1955 1290 1999 et
1330 1946 1452 1999 aliis
1492 1947 1614 2000 vitae
1658 1948 2095 2016 tranquillitatem
2124 1956 2180 2002 et

625 2035 966 2090 serenitatem
1009 2036 1178 2104 parit,
1227 2036 1305 2090 ira
1337 2051 1467 2090 vero
1513 2037 1667 2106 181
1721 2039 1916 2093 multos
1950 2040 2181 2094 reddidit

624 2126 831 2181 feroces
859 2134 911 2179 et
935 2122 1286 2181 Contumaces
1319 2129 1614 2196 praesertim
1659 2129 1964 2185 iracundos.

966 2218 981 2245 ί
1214 2214 1464 2269 Scholion
1513 2217 1593 2271 ll.

691 2307 851 2379 Lege,
893 2306 1091 2371 frater,
1142 2307 1327 2362 Basilii
1366 2307 1541 2379 Magni
1614 2307 1985 2364 Hexaemeron
2013 2350 2027 2373 ,
2069 2312 2181 2365 sive

622 2415 713 2454 ua:
760 2399 962 2451 dierum
999 2414 1158 2465 opus,
1209 2408 1264 2452 et
1326 2398 1399 2452 ibi
1455 2401 1690 2467 reperies
1758 2401 1885 2454 illud
1927 2403 2070 2471 quod
2114 2406 2180 2457 de

629 2489 747 2541 oleo
804 2486 881 2556 (a)
945 2493 1000 2539 et
1035 2485 1290 2539 ﬂuctibus
1337 2486 1659 2541 mirabiliter
1700 2489 2019 2557 explicatum
2078 2501 2177 2546 est.

628 2578 726 2633 Hic
771 2582 981 2655 autem,
1041 2586 1099 2629 ut
1148 2575 1401 2643 arbitror,
1439 2582 1631 2631 aucto’r
1682 2580 1840 2633 scala:
1880 2580 2104 2649 ﬁgurate
2128 2592 2182 2637 et

626 2667 957 2738 tropologice
1001 2666 1217 2735 accipit,
1259 2667 1405 2736 quod
1432 2667 1499 2721 de
1533 2669 1782 2723 saeviente
1833 2671 1966 2722 mari
2005 2671 2176 2725 dixit:

626 2777 690 2817 ac
722 2776 814 2831 per
845 2769 1018 2813 utrem
1064 2773 1283 2829 corpus,
1332 2774 1429 2829 per
1482 2759 1659 2815 oleum
1691 2763 2178 2828 mansuetudinem,

626 2868 723 2922 per
759 2850 955 2905 ﬂuctus
1008 2857 1303 2915 tumentes,
1363 2858 1629 2905 tumore'n
1662 2860 1715 2905 et
1743 2851 2029 2907 elationem
2062 2854 2180 2907 ani-

629 2945 726 3005 nii,
796 2941 1055 2996 saevitiam
1084 2954 1181 2995 seu
1220 2939 1523 3008 ferociam;
1575 2956 1669 3012 per
1706 2942 2033 3006 onerariam,
2077 2944 2184 2996 fra-

631 3040 766 3085 trem
816 3044 912 3084 seu
964 3028 1380 3084 contubernium
1456 3027 1834 3098 religiosorum
1900 3028 2180 3085 hominum

636 3118 909 3189 intelligit.
1140 3125 1146 3133 ‘
1232 3128 1245 3159 ἐ

1256 3205 1511 3287 Sgbolion
1539 3205 1622 3261 l2.

659 3308 662 3312 ‘
702 3298 877 3354 Iratus
928 3297 1028 3353 fuit
1077 3297 1248 3353 David
1315 3297 1574 3352 adversus
1637 3296 1846 3361 Nabal,
1906 3316 2006 3356 nec
2038 3304 2183 3371 quod

637 3391 808 3463 iratus
844 3387 978 3453 fuit,
1027 3386 1222 3441 iterum
1272 3386 1545 3461 irascitur,
1600 3388 1693 3441 sed
1740 3388 1940 3457 gratias
1979 3392 2088 3461 egit
2134 3404 2188 3447 et

637 3478 912 3534 benedixit
968 3478 1196 3549 Abigaili
1248 3477 1422 3546 (uxori
1454 3477 1593 3547 ejus)
1641 3493 1760 3547 qua:
1824 3493 2015 3535 manus
2070 3483 2187 3552 ejus

640 3567 670 3622 a
719 3568 979 3637 sanguine
1031 3566 1226 3633 liberat
1273 3566 1338 3617 ³⁸.
1386 3564 1479 3619 Est
1529 3581 1656 3634 ergo
1686 3582 1811 3620 cum
1856 3582 1921 3620 ex
1979 3581 2189 3637 pertur-

642 3658 857 3712 batione
907 3655 1106 3709 vitiosa
1159 3655 1240 3707 ira
1288 3650 1538 3716 exsistit,
1596 3666 1650 3708 et
1685 3664 1768 3709 est
1817 3659 2033 3724 quando
2074 3662 2192 3718 sine

643 3750 794 3802 vitio.
842 3747 939 3801 Est
987 3759 1111 3799 cum
1152 3744 1277 3813 quis
1340 3743 1581 3813 seipsum
1629 3737 2003 3813 reprehendit,
2049 3754 2191 3819 quod

558 3858 559 3871 π
644 3841 761 3893 sine
808 3836 886 3889 ira
918 3849 1031 3889 rem
1082 3833 1353 3904 gesserit:
1384 3841 1439 3887 et
1465 3841 1566 3896 est,
1612 3833 1705 3903 qui
1734 3833 1833 3889 sibi
1869 3834 1971 3905 ipsi
2003 3837 2195 3895 irasci—

2261 578 2567 648 φοόηθῶσιν
2600 593 2614 607 ’
2661 579 2693 648 ἡ
2735 577 2791 629 δὲ
2837 577 2913 647 μὴ
2941 576 3102 647 ὁμοία
3136 573 3267 637 οὖσα
3303 576 3492 648 ταύτῃ,
3545 577 3646 631 οὐκ
3697 577 3824 631 ἐστι

2260 669 2497 722 παιδεία.

2487 757 2742 825 Σκόλιον
2772 756 2877 811 τοῦ
2915 756 3086 824 ἁγίου
3137 756 3476 809 Ἀντωνίου.
3521 757 3586 809 θ’.

2345 850 2466 902 Ἑπὶ
2497 850 2608 911 τοῖς
2652 849 3054 919 ἁμαρτάνουσιν
3084 848 3143 900 οὐ
3177 848 3278 918 χρὴ
3324 847 3656 925 ὀργίζεσθαι,
3712 847 3825 901 κᾶν

2265 940 2580 1011 ἐγκλήματα
2623 935 2731 993 εἷεν
2762 939 2829 990 τὰ
2864 936 3114 1009 δρώμενα
3166 939 3293 1005 παρ’
3334 937 3513 989 αὐτῶν
3542 937 3825 998 κολάσεως

2266 1032 2394 1099 ἀξια
2430 1048 2444 1064 ³
2478 1029 2613 1083 ἀλλὰ
2636 1031 2757 1093 τοὺς
2788 1030 2887 1099 μὲν
2925 1027 3211 1090 πταίοντας
3232 1028 3317 1080 διὰ
3340 1028 3400 1080 τὸ
3436 1028 3641 1081 δίκαιον
3678 1027 3821 1079 αὐτὸ

2267 1124 2613 1193 ἐπιστρέφειν
2633 1121 2917 1192 ὀφείλομεν
2945 1134 2959 1148 ’
2988 1120 3080 1172 καὶ
3114 1118 3381 1182 κολάζειν,
3407 1120 3454 1171 εἰ
3479 1118 3619 1172 οὕτω
3641 1119 3821 1188 τύχοι,

2268 1216 2380 1271 εἴτε
2405 1217 2469 1269 δι’
2497 1215 2692 1280 αὐτῶν,
2719 1216 2826 1267 εἴτε
2854 1214 2919 1266 δι’
2950 1214 3149 1282 ἑτέρων
3169 1229 3182 1241 ·
3230 1210 3541 1281 ὀργίζεσθαι
3577 1212 3635 1264 δὲ
3662 1213 3694 1282 ἢ
3719 1211 3827 1264 θυ-

2273 1287 2503 1381 μοῦσθαι
2530 1310 2591 1362 οὐ
2624 1310 2726 1378 χρή
2751 1324 2765 1337 ·
2800 1307 2933 1360 διότι
2959 1307 2992 1375 ἠ
3032 1303 3166 1375 ὀργὴ
3188 1303 3329 1357 κατὰ
3357 1302 3526 1366 πάθος
3556 1305 3696 1355 ποιεῖ
3717 1303 3823 1371 μό-

2270 1421 2381 1471 νον,
2408 1404 2501 1457 καὶ
2530 1402 2591 1455 οὐ
2631 1400 2773 1455 κατὰ
2806 1398 3019 1469 κρίσιν,
3049 1396 3227 1450 καὶτὸ
3259 1396 3464 1448 δίκαιον
3484 1412 3498 1425 ·
3532 1396 3653 1448 ὅθεν
3698 1393 3827 1447 οὐδὲ

2270 1497 2396 1560 τοὺς
2416 1494 2565 1567 παρὰ
2590 1493 2649 1547 τὸ
2673 1492 2789 1545 δέον
2815 1486 3479 1557 ἐλεοῦνταςάποδέχεσθαι
3508 1487 3588 1540 δεῖ
3607 1505 3620 1517 ·
3650 1486 3738 1540 διὰ
3760 1484 3826 1538 δὲ

2272 1588 2334 1641 τδ
2360 1586 2521 1640 καλὸν
2543 1584 2695 1644 αὐτὸ.
2720 1584 2814 1636 καὶ
2843 1581 2903 1634 τὶ
2929 1581 3156 1643 δίκαιον,
3187 1578 3290 1649 χρὴ
3317 1577 3670 1648 τιμωρεῖσθαι
3694 1577 3827 1640 τοὺς

2275 1660 2561 1747 πονηροὺς,
2592 1674 2686 1726 καὶ¹
2712 1673 2773 1725 οὐ
2806 1670 2893 1724 διὰ
2915 1669 2976 1722 τὸ
3007 1670 3204 1722 οικείον
3233 1666 3403 1731 πάθος
3436 1667 3535 1738 τῆς
3561 1664 3749 1737 ὀργῆς.

2884 1850 2930 1900 Σ
2930 1848 3139 1916 χόλων
3166 1852 3216 1900 ι’.
3445 1906 3455 1914 ι

2358 1941 2418 1993 '0
2446 1942 2616 2010 πρᾶος
2640 1938 2813 2010 ἑαυτῷ
2832 1956 2913 2003 τε,
2946 1940 3040 1993 καὶ
3069 1942 3181 1999 τοῖς
3206 1938 3431 2009 πλησίον
3456 1938 3659 2008 γαλήνη
3687 1936 3832 1990 καθ-

2278 2032 2472 2100 έστηκε
2494 2032 2608 2101 βίου
2634 2048 2646 2061 ’
2674 2029 3029 2100 ὑποϐρυχίους
3048 2031 3106 2084 δὲ
3140 2031 3364 2093 πολλοὺς
3389 2029 3640 2098 ἐποίησεν
3660 2030 3696 2099 η
3731 2030 3835 2101 ὀρ-

2278 2123 2372 2194 γὴ,
2412 2124 2504 2176 καὶ
2530 2123 2633 2193 πρὸ
2662 2122 2768 2177 τῶν
2790 2122 2961 2177 ἄλλων
2993 2124 3117 2185 τοὺς
3146 2120 3549 2193 ὀργιζομένους.

2864 2215 3123 2281 Σχόλιον
3157 2217 3244 2265 ια’.

2362 2304 2675 2371 Ἃνάγνωθι,
2709 2303 2921 2371 ἀδελφὲ,
2953 2304 3050 2373 τὴν
3094 2303 3425 2372 Ἐξαήμερον
3454 2301 3545 2354 τοῦ
3593 2300 3837 2369 μεγάλου

2282 2394 2579 2459 Βασιλείου,
2606 2397 2699 2448 καὶ
2727 2396 2840 2448 ἐκεῖ
2869 2395 3117 2465 εὑρήσεις
3138 2395 3198 2446 τὸ
3226 2396 3352 2463 περὶ⁸
3384 2394 3476 2446 τοῦ
3504 2393 3703 2456 ἐλαίου,
3737 2394 3841 2446 καὶ

2279 2486 2387 2538 τῶν
2437 2486 2695 2555 κυμάτων
2723 2484 3041 2554 θαυμασίως
3070 2484 3422 2556 ὲξηγημένον.
3464 2483 3723 2539 Ἐνταῦθα
3749 2484 3838 2549 δὲ,

2281 2578 2354 2642 ὡς
2382 2574 2555 2647 οἶμαι,
2588 2580 2616 2631 ὁ
2642 2579 2741 2648 τῆς
2772 2578 3034 2648 κλίμακος
3066 2577 3463 2649 τροπολογικῶς
3502 2576 3840 2647 ἐκλαμϐάνει

2280 2670 2341 2723 τὸ
2362 2674 2488 2743 περὶ
2518 2674 2611 2741 τῆς
2637 2670 3018 2742 ἀγριαινούσης
3048 2670 3314 2740 θαλάσσης
3332 2687 3348 2701 ο
3374 2669 3540 2724 ἀσκὸν
3563 2669 3621 2723 es
3648 2668 3839 2739 σῶμα,

2281 2763 2458 2817 ἔλαιον
2503 2765 2603 2835 τὴν
2636 2765 2937 2836 πραότητα,
2968 2764 3184 2833 κύματα
3216 2764 3293 2816 κτὸ
3335 2764 3554 2834 οἴδημα,
3601 2763 3699 2815 καὶ
3735 2762 3843 2832 τὴν

2281 2857 2601 2928 ἀγριότητα,
2634 2858 2831 2913 ὁλκάδα
2872 2858 2961 2911 τὸν
2990 2856 3237 2927 ἀδελφὸν,
3288 2856 3322 2929 ἡ
3352 2857 3451 2929 τὴν
3502 2856 3845 2927 ἀδελφότητα

2284 2948 2554 3020 σημαίνει.

3716 3026 3751 3045 χ

2866 3215 3121 3282 Σχόλιον
3162 3215 3251 3271 ιύσ.
3553 3268 3556 3271 .
3632 3272 3649 3289 κ

2368 3302 2622 3375 Ὠργίσθη
2656 3305 2748 3359 ἐπὶ
2772 3304 2862 3359 τιν
2888 3307 3074 3361 Nason
3096 3306 3278 3373 Δαυῖδ,
3310 3308 3405 3377 και
3431 3310 3530 3381 οὐχ
3557 3311 3639 3365 ὅτι
3658 3294 3847 3381 “e971-

2288 3395 2414 3466 σθη,
2464 3397 2623 3452 πάλιν
2651 3398 2943 3468 ὠργίζετοο
2991 3399 3105 3453 ἀλλ’
3136 3400 3438 3471 εὐχαρίστει
3481 3405 3547 3474 τῇ
3588 3402 3849 3472 ’Δσιγαὶᾳ

2288 3486 2350 3553 ἐξ
2395 3489 2620 3558 αἵματος
2652 3489 2813 3543 αὑτοῦ
2851 3489 2951 3552 τὰς
2998 3494 3182 3562 χεῖρας
3209 3476 3507 3563 ῥυσαμένη.
3540 3484 3728 3547 Ἔστιν
3749 3490 3849 3547 οὖν

2291 3580 2350 3632 ὲν
2394 3583 2459 3649 τῇ
2503 3581 2638 3650 ὀργῇ
2685 3582 2824 3634 κατὰ
2866 3580 3037 3644 πάθος
3070 3580 3408 3651 ὀργίζεσθαιο
3458 3582 3552 3636 καὶ
3587 3582 3737 3636 ἔστιν
3784 3585 3849 3636 οὗ

2296 3670 2440 3724 κατὰ
2466 3671 2633 3733 πάθος
2652 3687 2668 3701 ⁸
2700 3672 2791 3723 καὶ
2821 3670 2937 3741 ἐστι
2965 3671 3273 3742 μέμφεσθαι
3306 3671 3496 3726 ἑαυτὸν
3524 3674 3604 3726 ὅτι
3627 3673 3691 3726 οὐ
3722 3675 3851 3728 κατ’

2295 3758 2466 3830 ὀργὴν
2489 3759 2770 3830 κινηθῆναι
2792 3759 3043 3833 ὡρμήθη.
3077 3761 3339 3834 Διάφορος
3368 3758 3462 3819 οὖν
3486 3765 3583 3836 τῆς
3609 3765 3786 3837 ὀργῆς
3816 3766 3852 3838 ἡ

2303 3847 2653 3919 μεταμέλεια,
2690 3849 2764 3912 ὡς
2793 3851 3059 3918 ἀναγνοὺς
3084 3851 3325 3929 μαθήσῃ,

643 3940 731 3982 tnr
761 3925 905 3996 quod
962 3932 1106 3979 totus
1149 3923 1203 3977 in
1242 3923 1379 3978 iram
1425 3925 1722 3980 exarserit:
1764 3934 1858 3981 aut
1919 3929 2062 3998 quod
2101 3931 2186 4005 im;

2282 3954 2302 3993 LI
2361 3940 2454 3994 ira:
2517 3940 2773 4011 abreptus
2836 3940 3019 3997 fuerit.
3084 3923 3240 4001 Varia
3268 3923 3352 4002 est
3390 3962 3519 4021 ergo
3563 3958 3623 4005 ut
3674 3950 3853 4006 lector

648 4018 928 4088 intelligat,
976 4017 1055 4071 ira
1097 4024 1152 4072 et
1187 4016 1485 4087 poenitudo.

1224 4128 1475 4183 Scholion
1511 4130 1599 4186 13.
1990 4188 1997 4194 _

713 4216 813 4273 Hic
858 4218 914 4272 in
956 4217 1137 4272 medio
1180 4218 1651 4287 perturbationum
1676 4223 1971 4279 certamine
2012 4241 2202 4283 versa—

648 4320 759 4371 tus,
792 4317 969 4363 tacere
1014 4308 1201 4363 didicit
1237 4328 1252 4365 :
1304 4311 1393 4366 ille
1420 4311 1644 4381 strepitu
1686 4314 2021 4375 vinculorum
2062 4317 2199 4373 allii-

651 4408 772 4452 ctus
814 4406 918 4463 est,
966 4398 1185 4466 perinde
1227 4401 1385 4470 quasi
1433 4402 1589 4456 alteri
1646 4404 1901 4458 seandalo
1958 4406 2196 4463 luisset:

655 4487 845 4541 tertius
914 4495 1244 4544 mactaturus
1303 4490 1504 4545 malum
1560 4488 1828 4555 aﬂectum,
1886 4506 1985 4561 pro
2026 4495 2199 4548 salute

656 4575 840 4628 fratris
896 4574 1040 4643 luget
1088 4575 1346 4630 charitate
1386 4579 1587 4634 illatam
1644 4579 1994 4647 ignominiam
2050 4563 2272 4635 coms”

653 4662 949 4743 pensando.
1011 4662 1278 4717 llle'vero
1334 4668 1496 4721 etiam
1560 4668 1784 4738 strepitu
1840 4685 1937 4723 seu
1981 4668 2199 4725 fremitu

654 4755 1014 4818 vinculorum,
1038 4753 1150 4807 sive
1176 4753 1307 4808 adeo
1327 4768 1672 4814 contemnens
1712 4762 1938 4817 vitiosos
1954 4761 2197 4826 allectus,

660 4860 719 4902 ut
751 4846 958 4901 levibus
991 4844 1313 4915 quibusdam
1360 4847 1591 4904 vinculis
1630 4851 1750 4907 illos
1781 4832 2057 4909 coerceret
2113 4853 2198 4924 (eo

659 4937 803 5007 quod
845 4936 990 5006 ipsos
1039 4934 1426 5005 contemneret)
1482 4938 1593 4992 sive
1630 4930 1877 4998 oratione
1930 4944 2043 4998 sive
2085 4944 2199 4998 sola

663 5024 1124 5079 interminatione.
1262 5054 1278 5063 -
1548 5071 1553 5079 .
1842 5036 1843 5039 ‘

2880 4128 3133 4196 Σχόλιον
3167 4127 3255 4200 ιγ’.

2379 4215 2439 4268 '0
2487 4209 2578 4268 οὖν
2627 4214 2787 4271 ἱστῶν
2832 4216 2900 4270 δι’
2946 4218 3169 4288 ἀγώνων
3204 4220 3282 4277 ’τά
3325 4222 3493 4294 πάθη,
3539 4208 3853 4297 σεσιώπηκε

2298 4305 2563 4375 διδαχθείς
2582 4324 2595 4337 σ
2625 4308 2653 4360 ὁ
2684 4308 2738 4361 δὲ
2771 4308 2999 4381 βρυλλίῳ
3022 4311 3231 4383 δεσμῶν
3262 4313 3575 4385 λελύπηται,
3596 4314 3671 4376 ὡς
3694 4315 3854 4369 ἁδελ-

2301 4397 2399 4466 φὺν
2433 4396 2780 4466 σκανδαλίσας
2801 4422 2812 4433 ·
2834 4406 2862 4456 ό
2888 4403 2947 4457 δὲ
2973 4407 3283 4461 ἀποκτενῶν
3306 4409 3442 4479 ὅπερ
3461 4411 3559 4478 τῆς
3582 4392 3674 4462 τοῦ
3704 4409 3855 4464 ἀδελο

2300 4489 2402 4557 φοῦ
2434 4492 2702 4561 σωτηρίας
2725 4494 2908 4548 πενθεῖ
2928 4496 2993 4549 δι’
3021 4498 3240 4570 tivam;
3268 4499 3427 4552 αὐτὸν
3453 4499 3848 4569 ἁμειὸὀμενος·

2303 4583 2332 4633 ὁ
2377 4581 2433 4635 δὲ
2478 4585 2569 4635 καὶ
2617 4583 2849 4660 βρυλλιῳ
2879 4588 3123 4659 δεσμῶν·
3168 4592 3351 4661 ἦγουν
3378 4592 3626 4644 τοσοῦτον
3676 4608 3852 4648 κατα-

2302 4674 2511 4743 φρονῶν
2537 4676 2646 4729 τῶν
2669 4677 2856 4731 παθῶν
2884 4680 3023 4733 ὥστε
3049 4682 3165 4751 μετ’
3188 4681 3418 4735 εὐτελῶν
3448 4699 3606 4735 τινων
3632 4681 3855 4754 δεσμῶν

2302 4765 2437 4818 αὐτὰ
2476 4769 2733 4838 συνέχων,
2760 4771 2848 4825 διὰ
2877 4772 2939 4824 τὸ
2968 4774 3340 4841 καταφρονεῖν,
3373 4773 3479 4827 εἴτε
3504 4773 3591 4827 διὰ
3612 4790 3853 4847 προανε-

2305 4854 2425 4925 χῆς,
2466 4857 2573 4911 εἴτε
2600 4859 2686 4912 διὰ
2718 4860 2884 4931 μόνης
2915 4861 3342 4939 ἐμϐριμήσεωςε
3714 4887 3726 4891 η
3788 4862 3797 4869 ’

682 5099 3825 5146 Μ--ὼη

1226 5207 1508 5268 GRADUS
1557 5207 1646 5264 IX.

933 5326 1007 5379 De
1026 5325 1277 5378 abolenda
1305 5322 1624 5391 injuriarum
1657 5323 1922 5377 memoria.

728 5418 968 5473 Virtutes
991 5415 1207 5485 quidem
1225 5422 1425 5469 sanetae
1456 5410 1716 5483 gradibus
1754 5412 1910 5466 scala:
1940 5411 2202 5469 Jacobazae

735 5590 781 5621 ⁸³
810 5587 982 5657 lReg.‘
1013 5600 1140 5648 τιν,
1160 5582 1197 5636 2
1228 5598 1379 5654 seqq.

2908 5196 3123 5251 ΛΟΓΟΣ
3161 5196 3237 5249 8'.

2787 5309 2923 5378 Περὶ
2943 5309 3364 5378 μνησικακίας.

2375 5406 2440 5459 Al
2470 5404 2569 5475 μὶν
2600 5403 2677 5475 (1)
2720 5403 2860 5456 ὅσιαι
2904 5401 3115 5472 ἀρεταὶ,
3142 5403 3207 5472 τῇ
3262 5400 3354 5454 τοῦ
3391 5401 3577 5455 Ἰακὼϐ
3618 5401 3846 5472 κλίμακι

735 5768 809 5833 (α)
841 5763 900 5818 S.
933 5762 1164 5816 Basilius
1190 5779 1202 5813 :
1228 5750 1409 5814 Oleum
1450 5758 1510 5811 in.
1532 5757 1697 5811 aliane
1727 5772 1873 5825 aqua
1921 5758 2219 5830 uoraginem
2251 5757 2547 5814 immittunt
2580 5754 2811 5811 illustrat
2849 5754 3016 5808 locum
3045 5764 3091 5809 et
3141 5756 3380 5811 conciliat
3400 5758 3843 5817 oerspicuitattm.

669 5831 823 5889 Hom.
846 5834 884 5889 2
906 5835 959 5889 in
984 5833 1236 5889 lienem.
