4050 6338
621 388 727 464 943
1914 389 1955 440 s
1993 387 2307 448 JOANNIS
2334 372 2639 450 CL‘IMACI
3718 383 3833 450 su

625 513 724 574 ris,
774 519 947 577 neque
1000 518 1120 558 cum
1170 491 1249 555 ad'
1278 510 1518 553 mensam
1562 490 1877 553 vocaveris,
1923 488 2017 544 sed
2056 503 2177 542 cum

2287 499 2846 562 κατελάϐετοτούτουςο
2871 500 3027 568 ειπερ
3054 498 3244 568 «ἄφετε
3280 497 3576 568 συντόμως,
3590 496 3685 550 καὶ
3703 496 3836 565 ἀφ(

627 603 776 654 illum
808 598 893 652 vel
925 591 977 649 iti
1012 591 1178 649 animi
1221 589 1305 644 vel
1352 587 1594 657 corporis
1622 582 1980 638 calamitatem
2032 578 2169 633 inci-

2287 581 2487 649 ’ἡσεται
2519 583 2649 652 ἡμῖν
2671 580 2986 653 πλουσιωςί
3023 590 3119 658 τῆς
3149 589 3372 661 γνησίας
3405 584 3838 660 ηάμνησικακία

627 690 771 743 disse
804 684 1057 748 audieris,
1099 682 1351 749 illiusque
1382 692 1566 733 casum
1607 673 1772 727 veluti
1795 681 1948 725 tuum
1998 669 2170 739 ipsius

2287 673 2454 740 milia
2463 672 2635 740 PtOV‘6
2655 670 2712 724 δὲ
2735 673 2930 743 ταύτην
2946 680 3204 750 κατέχων,
3233 679 3326 733 καὶ
3349 680 3624 750 μετανοεῖν
3637 676 3839 739 δοκῶν,

626 778 861 835 dolueris
902 784 957 831 et
984 771 1301 844 deploraris.
1333 768 1673 823 Anaclioreta
1703 762 2021 832 iniuriarum
2062 774 2177 813 me-

2287 761 2457 831 ὃμοιός
2470 764 2562 813 ἔστ
2568 779 2583 812 ι
2599 760 2677 831 τῷ
2691 761 2811 814 καθ’
2828 761 3026 835 ὕπνους
3040 770 3243 835 τρέγειν
3257 769 3518 823 δοκοῦντι.
3531 763 3684 821 Εὶδον
3703 781 3838 835 μνη·

628 869 855 923 moriam
884 865 1127 921 retinens
1150 862 1201 916 in
1237 868 1473 931 pectore,
1501 866 1583 912 est
1605 854 1806 924 aspidis
1828 852 2007 915 nidus,
2036 865 2177 904 mor-

2287 850 2542 912 σικάκους
2567 848 2699 919 περὶ
2722 851 3120 922 ἀμνησικακίας
3137 868 3151 882 ’
3174 852 3345 921 ἄλλοις
3381 856 3739 929 μνησικάκους
3756 852 3839 926 (6)

628 957 843 1012 tiferum
875 968 1061 1010 secum
1088 965 1350 1007 venenum
1389 948 1585 1016 ubique
1612 942 2018 999 circumferens.
2066 938 2179 994 Me-

2287 939 2704 1010 παραινέσαντες
2735 941 2970 1005 καὶτοὺς
2990 943 3219 1007 οἰκείους
3239 943 3429 1012 λόγους
3445 948 3519 1017 (7)
3532 944 3837 1017 ἐντραπέν-

627 1052 814 1106 ditatio
846 1049 915 1103 de
955 1046 1171 1101 Christo
1217 1043 1452 1114 patiente
1500 1037 1816 1107 iniuriarum
1862 1032 2175 1086 memoriam

2287 1045 2398 1093 τες,
2421 1028 2515 1081 τοῦ
2551 1029 2755 1094 πάθους
2780 1031 3102 1090 ἐπαύσαντο.
3129 1033 3328 1104 Μηδεὶς
3352 1033 3507 1105 ψιλὸν
3542 1036 3709 1100 πάθος
3735 1034 3838 1104 τὴν

628 1143 779 1197 valde
834 1140 901 1194 ad
957 1136 1102 1192 illius
1154 1134 1495 1191 tolerantiam
1556 1125 1715 1199 1⁸4
1765 1125 2175 1181 erubescentem

2287 1120 2670 1192 ἑσκοτισμένην
2684 1121 2886 1193 ταύτην
2904 1122 3242 1194 ὑπονοήσοιτο
3257 1142 3272 1157 ο
3292 1125 3499 1193 πέφυκε
3518 1124 3626 1195 γὰρ
3648 1126 3839 1179 mnd-

631 1228 880 1285 aholebit.
929 1228 1159 1299 Lignum
1190 1234 1347 1296 putre
1383 1222 1647 1277 verminat
1680 1236 1695 1273 :
1728 1214 2035 1270 mitissimis
2090 1214 2177 1265 in-

2287 1227 2371 1274 κις
2392 1212 2484 1263 καὶ
2504 1211 2664 1282 μέχρι
2675 1212 2782 1266 τῶν
2798 1216 3172 1285 πνευματικῶν
3188 1216 3394 1287 ἀνδρῶν
3409 1213 3836 1271 ἑπεκτείνεσθαι.

635 1326 808 1391 geniis
843 1335 897 1379 et
951 1322 1149 1403 quietae
1196 1316 1498 1379 solitudini,
1539 1313 1632 1370 sed
1687 1309 2002 1367 adulterinae
2044 1305 2282 1361 insinuat
2330 1320 2387 1359 se
2426 1305 2740 1373 iracundia;
2813 1322 2978 1378 quam
3049 1308 3143 1378 qui
3202 1309 3406 1378 reiicit,
3454 1308 3668 1363 veniam
3719 1304 3841 1359 a'di-

633 1419 854 1488 piscitur
891 1402 1142 1488 [invenit]
1171 1422 1545 1484 peccatorum;
1581 1407 1676 1478 qui
1700 1406 1864 1469 fovet,
1898 1402 2175 1472 indignum
2214 1414 2273 1453 se
2333 1399 2679 1457 miseratione
2748 1403 2942 1467 reddit.
2992 1403 3214 1475 Magnos
3254 1402 3497 1460 nonnulli
3529 1403 3746 1457 labores
3783 1409 3841 1454 et

632 1511 844 1565 dolores
907 1506 1270 1572 exantlarunt,
1328 1502 1389 1561 ut
1416 1504 1572 1560 venia
1604 1503 1935 1557 donarentur
1971 1516 1985 1552 :
2016 1495 2108 1551 sed
2146 1493 2239 1563 qui
2277 1496 2590 1550 memoriam
2629 1511 2847 1553 omnem
2898 1499 3217 1571 iniuriarum
3272 1499 3472 1561 abolet,
3514 1499 3637 1554 illos
3681 1506 3840 1551 ante-

634 1601 813 1657 vertit.
853 1600 1078 1666 Quando
1122 1581 1461 1675 vcrissimum
1489 1601 1574 1649 est
1619 1591 1747 1646 illud
1786 1587 2032 1643 Christi:
2069 1583 2334 1637 Dimittite
2376 1584 2629 1651 celeriter,
2657 1597 2707 1640 et
2745 1590 2947 1657 copiose
3001 1591 3291 1643 dimittetur
3327 1589 3465 1643 vobis
3495 1588 3559 1640 ³⁸.
3600 1586 3843 1642 Sincera

3548 1653 3574 1675 .
3811 1668 3821 1675 .

582 1696 585 1703 '
631 1692 959 1761 paenitentia:
1024 1672 1397 1761 argumentum
1452 1693 1536 1742 est
1595 1683 1797 1739 oblivio
1862 1677 2185 1749 iniuriarum
2237 1692 2253 1729 :
2292 1675 2382 1744 qui
2412 1691 2540 1731 vero
2584 1693 2693 1732 non
2729 1653 2881 1749 ponit
2927 1683 3245 1736 memoriam
3275 1683 3435 1746 hanc,
3463 1688 3519 1735 et
3548 1653 3729 1733 tamen
3770 1668 3841 1733 de

632 1781 861 1862 peccatis
886 1781 1068 1834 dolere
1100 1777 1202 1833 sibi
1267 1777 1517 1845 videtur,
1572 1787 1679 1827 non
1719 1767 1996 1862 absimilis
2021 1772 2105 1819 est
2139 1761 2219 1862 illi
2255 1763 2345 1832 qui
2382 1778 2442 1819 se
2497 1779 2716 1821 currere
2758 1770 3010 1824 somniat.
3054 1768 3172 1825 Vidi
3193 1786 3292 1840 ego
3326 1769 3429 1824 hoc
3465 1767 3655 1823 morbo
3679 1780 3842 1835 repo-

633 1849 749 1926 sita
772 1872 935 1926 altius
972 1870 1181 1940 iniuriae
1212 1869 1538 1931 laborantes,
1573 1865 1667 1935 qui
1706 1873 1886 1917 tamen
1928 1855 2067 1911 alios
2134 1850 2308 1906 eidem
2376 1853 2508 1908 vitio
2537 1849 2804 1914 obnoxios
2841 1861 2909 1915 ad
2967 1859 3291 1917 oblivionem
3329 1868 3563 1930 accepta
3621 1854 3841 1927 iniuria

632 1963 926 2035 adhortati,
996 1964 1111 2018 suis
1172 1962 1275 2032 ipsi
1323 1960 1503 2014 verbis
1570 1955 1821 2027 permoti,
1898 1960 2113 2005 omnem
2166 1943 2488 2014 iniuriarum
2551 1953 2869 2003 memoriam
2934 1966 3250 2021 posuerunt,
3316 1955 3484 2011 Nemo
3528 1950 3841 2010 recondita;

638 2055 734 2107 bas
762 2061 817 2105 et
863 2052 1124 2108 obscuras
1166 2028 1390 2105 servatae
1433 2048 1645 2117 iniuria:
1687 2043 1938 2099 tenebras
2004 2031 2198 2090 mentis
2248 2033 2502 2104 exiguum
2557 2034 2747 2088 vitium
2809 2035 3114 2091 existimet:
3147 2058 3257 2099 non
3287 2056 3412 2098 raro
3441 2028 3840 2113 quippe'etiah

642 2158 705 2198 ac
737 2144 1018 2212 religiosos
1050 2155 1221 2211 usque
1251 2141 1477 2209 piosque
1515 2137 1661 2191 viros
1689 2138 1955 2204 penetrat.

704 2233 912 2288 Nouum
934 2234 1079 2288 hunc
1098 2232 1319 2304 gradum
1342 2231 1437 2301 qui
1469 2226 1731 2290 ascendit,
1754 2237 1943 2280 secure
1965 2218 2170 2282 Jesum,

2323 2204 2555 2304 lia-Ope;
2601 2206 2818 2304 ἔννατος
2861 2207 2892 2261 ὁ
2927 2207 3285 2279 κτησάμενος,
3328 2212 3606 2283 παρρησίᾳ
3650 2215 3841 2270 λοιπὸν

645 2332 834 2388 salutis
851 2339 1149 2397 auctorem,
1170 2327 1380 2383 veniam
1403 2333 1743 2396 peccatorum
1765 2330 1986 2373 suorum
2014 2319 2182 2383 roget.

978 2524 1267 2583 SCHOLIA
1306 2521 1398 2577 AD
1429 2517 1715 2578 GRADUM
1747 2516 1839 2572 IX.

1062 2645 1138 2699 De
1168 2642 1480 2711 iniuriarum
1514 2637 1786 2691 memoria.

1239 2730 1485 2787 Scholion
1511 2729 1562 2782 l.

712 2825 941 2880 Attende
958 2823 1233 2892 diligenter
1277 2817 1546 2888 quomodo
1570 2813 1729 2868 Pater
1758 2813 1859 2868 hoc
1893 2816 2054 2879 caput
2071 2807 2187 2863 dis—
2228 2790 2233 2795 ”

642 2913 879 2985 posuerit
915 2911 1178 2966 :virtutes
1219 2907 1363 2961 enim
1401 2919 1467 2959 eo
1501 2902 1645 2973 quod
1673 2902 1726 2954 in
1765 2899 1932 2953 altum
1965 2897 2183 2961 ferrent,

644 3005 802 3061 scalae
840 3001 1095 3073 gradibus
1133 2995 1466 3067 comparavit
1496 3011 1511 3048 :
1538 2992 1850 3063 quicunque
1881 2988 2025 3043 enim
2064 3000 2183 3042 sca-

643 3097 748 3150 lam
782 3095 899 3160 init,
928 3094 1135 3148 clarum
1167 3097 1251 3145 est
1286 3086 1442 3158 185
1479 3085 1622 3155 quod
1660 3083 1713 3137 in
1746 3082 1909 3137 altum
1940 3078 2181 3144 feratur;

643 3184 772 3238 vitia
811 3190 987 3237 autem
1025 3195 1148 3233 cum
1200 3179 1349 3249 gravi
1380 3183 1565 3231 catena
1624 3169 1942 3241 composuit,
1970 3176 2186 3238 propter

2285 2295 2382 2366 τὴν
2410 2296 2563 2349 λύσιν
2590 2297 2696 2353 τῶν
2724 2298 3077 2369 πταισμάτων
3108 2298 3326 2353 αἰτείτω
3350 2298 3503 2369 παρὰ
3532 2299 3626 2354 τοῦ
3657 2305 3842 2378 Σωτῆ-

2286 2400 2379 2455 ρος
2420 2386 2614 2457 Ἰησοῦ.

2683 2502 2932 2556 ΣΧοΔΙΔ
2968 2502 3081 2557 ΕΙΣ
3116 2502 3342 2558 ΔΟΓΟΝ
3372 2501 3452 2561 8'.

2762 2616 2902 2684 Περὶ
2941 2616 3363 2686 μνησικακίας.

2872 2710 3133 2777 Σχὸλιον
3173 2714 3247 2764 α’.

2357 2796 2497 2866 Ὅρα
2535 2795 2799 2866 ἀκριϐῶς,
2835 2796 2953 2860 πῶς
2989 2796 3179 2871 Πατὴρ
3214 2798 3409 2868 τέθηκε
3438 2796 3502 2852 τὸ
3544 2798 3841 2869 κεφάλαιον

2284 2883 2471 2937 τοῦτο’
2500 2885 2600 2948 τὰς
2634 2886 2744 2956 γὰρ
2770 2886 2967 2954 ἀρετὰς
2994 2885 3083 2939 διὰ
3114 2886 3175 2939 τὺ
3204 2886 3390 2958 ὑψοῦν,
3423 2886 3651 2958 κλίμακι
3676 2888 3841 2944 ἀπεί-

2284 2990 2421 3048 κασε
2441 2991 2455 3006 ·
2492 2976 2600 3038 πᾶς
2632 2975 2740 3045 γὰρ
2770 2976 2801 3027 ὁ
2826 2974 3067 3045 κλίμακα
3092 2975 3279 3046 ἀνιὼν,
3318 2978 3435 3032 lari
3461 2977 3714 3052 φανερὸν,
3756 2980 3841 3034 ὅτι

2283 3065 2369 3135 ἐφ’
2401 3064 2570 3136 ὕψους
2614 3066 2875 3139 φέρεται·
2924 3066 3023 3131 τὰς
3063 3067 3121 3121 δὲ
3162 3068 3359 3133 κακίας
3402 3068 3589 3124 ἁλύσει
3620 3066 3843 3141 ¹βαρείᾳ⁵

2285 3158 2694 3227 προσωμοίωσε,
2722 3156 2813 3211 διὰ
2840 3155 2902 3210 τὸ
2929 3156 3113 3228 βάρος,
3145 3154 3315 3227 οἶμαι,
3350 3158 3446 3215 καὶ
3472 3160 3536 3215 τὸ
3572 3160 3841 3215 καθέλκον

646 3271 855 3351 pondus
883 3257 1150 3336 arbitror,
1198 3244 1341 3337 quod
1395 3266 1634 3319 vinctum
1684 3276 1896 3330 semper
1935 3260 2183 3314 deorsum

2287 3244 2372 3351 τον
2414 3246 2692 3351 δεξεμένον
2736 3246 2997 3351 atqueat.th
3024 3249 3118 3303 ἐπὶ
3150 3250 3217 3303 τὰ
3250 3266 3427 3304 ..ιταν
3463 3249 3499 3322 ἢ
3542 3250 3639 3306 καὶ
3667 3251 3733 3306 τὸ
3763 3251 3840 3323 μὴ

648 3335 847 3424 irahat,
885 3367 978 3418 aut
1024 3372 1132 3431 non
1166 3335 1307 3410 sinat
1361 3353 1649 3424 quidquam
1696 3350 1863 3404 libere
1911 3361 2071 3418 agere
2099 3345 2183 3399 vel

2287 3337 2582 3431 εᾷνΔαὺτὺν
2637 3335 2920 3431 ξλεῦθερόν
2967 3355 3020 3391 τι
3076 3339 3585 3409 μεταχειρίσασθαιο
3633 3342 3733 3396 καὶ
3776 3343 3842 3395 οὐ

648 3448 902 3515 aggredi:
930 3428 1092 3515 atque
1126 3445 1231 3499 hoc
1255 3458 1443 3497 verum
1469 3450 1591 3505 est;
1630 3453 1756 3493 nam
1792 3438 1985 3492 vitium
2036 3443 2186 3490 tanto

2287 3426 2473 3495 ψεῦδος
2491 3425 2771 3515 ’,τοιοῦτον
2796 3424 3099 3515 γὰρᾼβάρος
3130 3426 3585 3497 εἴωθενιμτωιεϊν
3608 3430 3644 3500 ἡ
3669 3430 3841 3486 κακία

650 3552 813 3591 onere
832 3537 968 3591 solet
994 3550 1087 3590 cor
1108 3533 1341 3588 hominis
1365 3536 1627 3599 premere,
1652 3537 1710 3581 ut
1732 3526 1892 3581 etiam
1922 3524 2186 3580 molestis-

2287 3517 2350 3585 τῇ
2397 3513 2593 3585 καρδίᾳ
2636 3514 2729 3567 τοῦ
2765 3513 3082 3603 ἀνθρώπου,
3129 3514 3205 3578 ὡς
3249 3514 3395 3569 εστιν
3430 3516 3521 3571 ὅτε
3552 3518 3687 3589 μηδὲ
3729 3519 3842 3575 τῶν

650 3629 785 3681 sima
816 3639 1030 3696 quoque
1058 3638 1164 3678 non
1203 3622 1417 3677 sentiat.
1449 3618 1553 3674 Per
1571 3619 1660 3673 illa
1697 3625 1876 3671 autem
1904 3614 2085 3678 verba,
2116 3615 2183 3684 τῇ

650 3714 965 3786 ὲκπεσούσῃ,
988 3714 1101 3769 sive
1127 3720 1315 3767 catena
1345 3707 1610 3765 excidenti
1633 3705 1700 3761 de
1723 3704 1992 3768 manibus,
2012 3703 2190 3758 declao

650 3807 787 3862 ravit
810 3794 1011 3877 aliqro
1041 3805 1199 3860 modo
1235 3802 1349 3857 ﬁeri
1378 3792 1561 3871 posse,
1606 3806 1683 3863 ut,
1716 3797 1777 3853 si.
1807 3797 2055 3867 velimus,
2095 3809 2190 3864 per

650 3899 893 3954 ardorem
920 3897 1043 3952 ﬁdei
1082 3895 1229 3950 illam
1256 3892 1593 3962 abiiciamus.
1638 3888 1815 3956 Atque
1857 3886 1962 3940 hoc
1989 3896 2189 3953 cogno-

651 3990 819 4044 sci'ex
858 3986 1088 4043 adducto
1112 3984 1168 4039 in
1197 3982 1431 4039 medium
1455 3979 1700 4049 exemplo
1726 3976 1786 4030 Ι).
1814 3974 1977 4039 Petri,
2009 3980 2190 4027 etnon

653 4079 866 4133 alterius
891 4095 907 4132 :
936 4078 1079 4133 hunc
1106 4076 1255 4131 enim
1279 4072 1531 4129 omnibus
1578 4067 1953 4125 ferventiorem
2002 4064 2056 4143 in
2090 4063 2193 4117 [ide

659 4169 821 4225 luisse
849 4176 1078 4234 constat,
1112 4162 1208 4223 aut
1228 4166 1390 4221 etiam
1427 4169 1646 4233 propter
1670 4156 2062 4231 paenitentiam.

1247 4250 1495 4308 Scholion
1548 4248 1602 4311 2,

668 4390 673 4393 ς
729 4346 865 4401 Dum
917 4345 974 4400 in
1012 4346 1314 4414 precatione
1347 4340 1627 4399 Dominica
1668 4336 1932 4399 dicimus,
1976 4332 2197 4387 Dimitte

658 4437 802 4494 nobis
844 4435 1017 4504 debito
1066 4445 1275 4500 nostra,
1316 4436 1453 4489 sicut
1496 4441 1545 4486 et
1598 4443 1694 4484 nos
1746 4423 2061 4480 dimittimus
2102 4421 2192 4476 “z

657 4526 870 4598 quando
919 4540 1027 4579 non
1075 4525 1393 4580 dimittimus
1420 4565 1438 4591 ,
1489 4536 1588 4578 nos
1644 4521 1794 4589 ipsos
1844 4515 2197 4582 redargucnte

655 4616 986 4675 conscientia
1016 4613 1218 4684 pudore
1246 4614 1502 4669 aﬁcimus
1523 4652 1540 4679 ,
1584 4606 2039 4683 quemadmodum
2079 4602 2193 4671 ipse

652 4708 970 4781 explicando
1013 4704 1147 4759 dicit
1184 4719 1197 4756 :
1257 4705 1583 4761 Erubescere
1628 4702 1792 4759 faciat
1819 4699 1939 4755 illos
1983 4693 2194 4752 Domini

651 4801 789 4859 Jesu.
807 4798 1000 4861 oratio,
1027 4797 1081 4850 et
1103 4808 1223 4864 quae
1250 4805 1565 4863 sequuntur.

1275 4881 1516 4936 Scholion
1544 4883 1597 4937 5.

686 5004 690 5009 ’
725 4978 849 5034 Sive
889 4985 1261 5048 generatorum
1292 4971 1404 5025 sive
1430 4971 1795 5039 generantium
1827 4987 1842 5024 :
1884 4982 2010 5023 nam
2043 4964 2190 5035 iniu-

656 5068 857 5122 riarum
887 5066 1181 5122 recordatio
1201 5070 1483 5133 generatur
1504 5060 1571 5114 ab
1599 5060 1698 5127 ira,
1726 5071 1779 5117 et
1798 5063 1878 5116 ira
1901 5074 2025 5117 cum
2047 5057 2187 5113 fastu

656 5168 709 5212 et
744 5158 991 5224 superbia
1005 5162 1249 5226 ,generat
1292 5151 1611 5220 iniuriarum
1658 5153 2014 5207 memoriam:
2072 5149 2190 5205 haec

659 5260 782 5303 vero
812 5257 956 5301 creat
983 5247 1233 5302 invidiam
1262 5253 1314 5300 et
1341 5242 1534 5297 caedes.

1292 5333 1559 5390 Scholion.

723 5427 963 5481 Abrasus
992 5438 1191 5479 versus.
1227 5429 1245 5447 '
1263 5428 1280 5444 '
1302 5427 1320 5439 '
1344 5427 1362 5446 ⁶

1292 5513 1534 5570 Scholion
1562 5511 1615 5565 4.

729 5607 849 5663 Vidi
889 5607 1304 5663 recordationem
1353 5608 1423 5661 ibi
1471 5603 1829 5675 iniuriarum,
1877 5619 1996 5674 quas
2020 5620 2181 5677 quem

732 5726 775 5756 "
803 5724 929 5780 Luc.
967 5738 1040 5785 \‘I,
1080 5722 1167 5774 37-
1237 5723 1281 5756 ³⁷
1313 5722 1501 5778 Matth.
1525 5736 1599 5784 vr,
1644 5717 1729 5770 12.

2285 3605 2422 3673 ἄγαν
2462 3604 2719 3676 λυπηρῶν
2747 3600 3180 3661 ὶπαισθάνεσθαι.
3212 3606 3310 3661 Διά
3341 3607 3398 3662 δὲ
3425 3606 3519 3662 τοῦ
3548 3611 3744 3680 εἰπεῖν,
3770 3616 3840 3685 τῇ

2285 3693 2617 3767 ὲκπεσούσῃ,
2652 3694 3002 3767 παρεδήλωσὲ
3031 3712 3147 3760 πως
3172 3696 3234 3750 τδ
3251 3691 3391 3754 εῖναι
3422 3698 3645 3755 δυνατὸν
3671 3703 3842 3773 αὐτὴν

2284 3779 2592 3846 ἀποϐαλεῖν,
2610 3776 2706 3835 ἐὰν
2727 3780 3092 3854 βουληθῶμεν,
3117 3782 3205 3838 διὰ
3224 3782 3551 3858 τῆςίθερμῆς
3568 3787 3808 3855 πίστεως
3830 3812 3840 3820 ·

2286 3872 2379 3926 καὶ⁸
2418 3870 2579 3925 τοῦτο
2625 3871 2922 3941 ἐπιγνῶναι
2961 3873 3038 3939 ὡς
3067 3875 3174 3929 ἀπὸ
3203 3876 3297 3929 τοῦ
3339 3878 3417 3942 είς
3448 3878 3609 3948 μέσον
3653 3879 3842 3953 φέρειν

2284 3963 2374 4017 τὸν
2402 3962 2628 4035 Πέτρον,
2648 3963 2745 4017 καὶ
2768 3963 2842 4036 μὴ
2864 3964 3019 4019 ἄλλον
3044 3967 3180 4022 τινα·
3201 3960 3355 4031 οὗτος
3376 3967 3485 4041 γὰρ
3511 3968 3841 4042 θερμότερος

2286 4054 2501 4107 πάντων
2531 4055 2883 4126 μαρτυρεῖται
2904 4054 3044 4110 κατὰ
3073 4056 3173 4129 τὴν
3195 4058 3399 4125 πίστιν,
3425 4058 3462 4133 ἢ
3492 4060 3590 4114 καὶ
3620 4052 3715 4113 διὰ
3740 4057 3839 4131 τὴν

2287 4138 2450 4194 αὐτοῦ
2495 4139 2800 4210 μετάνοιαν.
3271 4149 3276 4154 ’

2311 4236 2315 4245 ’
2562 4294 2572 4304 ⁸
2868 4232 3127 4301 Σχόλιον
3159 4230 3242 4296 .B’.
3680 4280 3687 4285 ,

2367 4317 2458 4371 Ἐν
2490 4316 2601 4388 γὰρ
2642 4320 2709 4390 τῇ
2754 4323 3029 4392 προσευχῇ
3061 4320 3336 4390 λέγοντες,
3366 4322 3543 4391 Ἄφες
3573 4320 3725 4391 ἡμῖν
3762 4324 3839 4377 τὰ

2290 4408 2669 4479 ὀφειλήματα,
2712 4411 2792 4477 ὡς
2820 4410 2918 4465 καί
2939 4410 3111 4481 ἡμεῖς
3133 4409 3402 4479 ἀφίεμεν,
3429 4408 3526 4464 καὶ
3552 4408 3628 4481 μὴ
3658 4410 3837 4480 ,ἀφέν-

2287 4516 2378 4563 τες
2401 4502 2618 4565 ἑαυτοὺς
2638 4494 2979 4572 αίσάῦνομεν,
3005 4502 3109 4554 ὑῒιπδ
3126 4499 3599 4571 τῆςσυνειδήσεως
3618 4498 3836 4571 ἔλεγχό-

2294 4607 2458 4660 μενοι,
2490 4591 2667 4655 καθὼς
2695 4593 2789 4646 καὶ
2818 4589 3164 4663 παρακατιών
3195 4605 3389 4660 φησιν’
3410 4588 3720 4661 Αίσχυνέτω
3738 4592 3835 4646 αὖ-

2289 4682 2410 4747 τοδς
2440 4684 2473 4754 ἠ
2524 4682 3022 4753 Ἰησοῦπροσευχὴ,
3055 4679 3151 4734 καὶ
3195 4678 3263 4733 τὰ
3287 4678 3435 4750 ἑξῆς.

2882 4857 3136 4926 31:51:07-
3162 4860 3233 4926 τι.

2363 4950 2566 5021 Ἠγουν
2593 4948 2918 5021 τικτομένων
2940 4946 3032 5000 κώ
3058 4944 3368 5013 γεννώντων
3382 4956 3405 5003 τ’
3444 4945 3618 5018 ἡγὰρ
3641 4963 3835 5021 μνησι.

2296 5043 2459 5097 κακία
2480 5044 2731 5111 γεννᾶται
2752 5040 2817 5092 tu
2838 5035 2933 5090 τοῦ
2958 5034 3127 5103 θυμοῦ
3147 5051 3163 5067 ⁸
3190 5037 3285 5090 καὶ
3306 5034 3421 5108 γὰρ
3438 5037 3469 5090 ὁ
3492 5038 3631 5108 μετὰ
3660 5038 3829 5109 τύφου

2294 5132 2461 5202 θυμὸς
2488 5131 2650 5201 γεννᾷ
2686 5125 3046 5198 μνησικακίαν
3064 5140 3080 5156 ⁶
3112 5124 3254 5198 αὕτη
3290 5125 3349 5180 δι
3376 5124 3612 5197 φθόνουξ
3640 5129 3832 5185 ﬁmi-

2293 5238 2408 5275 κτει
2441 5222 2536 5275 καὶ
2565 5218 2774 5289 φόνους.

2733 5313 2737 5316 ’
2918 5314 3193 5384 Σχόλιον.

2874 5504 3130 5561 Σκόλιον
3171 5504 3241 5561 δ’.
3651 5518 3691 5537 ν

2874 5505 2919 5557 Σ
2960 5504 2993 5557 ὀ
3226 5546 3241 5561 .
3651 5518 3691 5537 ν

2357 5599 2468 5657 Καὶ
2490 5593 2631 5655 εῐδον
2659 5503 3281 5668 μνησικακῗανιιέεῐῗὸν
3316 5597 3480 5672 ἑαυτῇ
3521 5596 3827 5670 cum
