4050 6338
205 459 335 534 845.

1220 453 1447 532 SCALA
1487 470 1861 533 PARADISI.
1885 493 1958 507 —
1995 468 2298 529 GRADUS
2337 470 2407 527 x.

3309 480 3410 542 846

199 572 392 627 ἀνετον
442 576 719 641 παντελῶς
757 578 854 648 τῆς
903 581 1153 652 πορνείας
1205 583 1626 655 διατηρήσασαν,
1671 585 1746 638 xa‘

1867 582 1970 631 sibi
1999 580 2268 643 devinxit,
2305 573 2531 633 liberum
2566 582 2788 637 omnino
2825 584 2894 640 ab
2933 585 3147 643 luxuria
3190 604 3412 646 conser-

199 665 354 718 τόνδε
389 668 506 737 μετ’
530 668 699 738 αὐτῆς
716 670 899 724 ἀδετον
918 688 931 702 ·
966 673 1203 743 εὐχερῶς
1233 675 1331 743 μὲν
1364 678 1478 733 τοῖς
1507 672 1760 739 ἀγαπῶσι

200 758 432 828 πορνεία
481 759 879 832 ἐμφιλοχωρεί,
929 765 1035 816 ἀπὸ
1085 764 1141 817 δὲ
1184 765 1289 817 τῶν
1345 759 1644 830 μισούντων
1686 761 1762 823 ὡς

201 849 544 919 πορρωτάτω
572 851 879 920 ἀφίσταται.

666 980 678 992 .
811 941 1059 1007 Σχόλιον
1084 944 1147 991 ε’.

290 1028 346 1083 '0
377 1029 537 1102 φθεὶρ
557 1032 654 1104 τὴν
685 1028 1000 1099 περιστερὰν
1022 1029 1248 1100 δαμάζει
1280 1031 1374 1084 καὶ
1405 1032 1755 1102 λυμαίνεται·

195 1118 346 1172 οὕτω
396 1124 430 1192 ὴ
482 1119 702 1190 πορνεία
728 1119 826 1189 τὴν
871 1120 1091 1192 ἀγάπην
1139 1121 1368 1190 δαμάζει
1424 1125 1517 1178 καὶ
1564 1125 1759 1195 λυμαί-

200 1229 374 1264 νεται.
1000 1206 1006 1213 ¹

794 1303 1050 1370 Σχόλιον
1095 1307 1170 1368 ς’.

284 1394 343 1446 ὐ
365 1393 762 1465 χρεωφειλέτης
786 1394 893 1448 τῶν
918 1395 1124 1468 μυρίων
1151 1397 1424 1452 ταλάντων
1461 1396 1763 1451 παιδευέτω

198 1501 263 1538 σε
286 1500 303 1514 ·
329 1485 407 1548 ὼς
436 1485 486 1536 ει
519 1484 594 1556 μὴ
619 1485 846 1556 ἀφήσεις
870 1486 946 1557 τῷ
976 1487 1247 1560 ὀφειλέτῃ,
1272 1488 1391 1541 οὐδὲ
1417 1488 1578 1552 αὐτὸς
1599 1489 1764 1563 τεύξῃ

194 1576 299 1648 τῆς
333 1576 613 1644 ἀφέσεως·
654 1577 934 1648 παρέδωκε
976 1578 1084 1648 γὰρ
1116 1579 1298 1637 αὐτὸν.
1331 1579 1487 1648 φησὶ,
1524 1581 1634 1643 τοῖς
1664 1580 1762 1648 βα-

196 1668 496 1730 σανισταῖς.

887 1757 1095 1811 Ἄλλο.

270 1848 442 1902 Πέντε
474 1847 610 1900 εἰσιν
641 1848 691 1899 oi
723 1846 910 1916 τρόποι
939 1847 1039 1917 τῆς
1076 1845 1391 1916 μετανοίας·
1425 1848 1764 1916 κατάγνωσις

1864 669 2032 733 vavit,
2060 670 2415 739 eumdemque
2438 686 2542 723 una
2566 686 2687 725 cum
2715 673 2828 740 ipsa
2849 690 2880 728 a
2901 676 3132 733 vinculis
3151 680 3410 737 absolvit:

1864 755 2020 812 facile
2047 760 2353 814 amantibus
2375 774 2434 814 se
2461 760 2640 816 Venus
2670 762 2940 831 insinuat,
2969 767 3039 822 ab
3065 769 3204 826 odiis
3229 781 3412 828 autem

1861 849 2174 920 longissime
2203 853 2371 907 abest.
3182 872 3189 876 '

2467 945 2712 1001 Scholion
2748 947 2800 1000 5.

1933 1029 2217 1090 Pediculus
2234 1045 2390 1090 vexat
2413 1041 2794 1110 etgcorrumpit
2828 1040 3168 1099 columbam:
3201 1043 3409 1102 luxuria

1863 1120 2182 1178 charitatem
2213 1127 2386 1194 perdit
2411 1138 2464 1182 et
2485 1130 2682 1192 abolet.

2472 1301 2714 1357 Scholion
2751 1306 2802 1360 6.

1934 1389 2023 1443 llle
2050 1389 2142 1458 qui
2171 1390 2354 1446 debuit
2393 1393 2576 1449 decem
2617 1396 2781 1451 millia
2831 1399 3025 1455 talenta
3046 1441 3062 1465 ,
3092 1401 3278 1458 doceat
3314 1411 3364 1459 te
3387 1447 3408 1472 ,

1862 1480 2006 1547 quod
2039 1481 2144 1536 nisi
2176 1481 2407 1538 debitori
2458 1496 2551 1542 tuo
2585 1489 2857 1545 remiseris
2881 1531 2899 1555 ,
2947 1508 3049 1548 nec
3089 1503 3147 1548 tu
3196 1496 3407 1552 veniam

1864 1569 2221 1638 impetrabis:
2258 1575 2480 1631 tradidit
2519 1577 2661 1632 enim
2686 1618 2701 1643 ,
2755 1579 2973 1650 inquit,
3017 1585 3192 1654 ipsum
3238 1596 3408 1643 torto-

1862 1659 2033 1714 ribus.
3429 1665 3436 1672 ’

2542 1760 2721 1814 Aliud.

1933 1840 2182 1913 Quinque
2216 1857 2344 1900 sunt
2381 1848 2524 1902 modi
2559 1851 2888 1918 pmnitentiaa
2918 1871 2932 1907 :
2971 1853 3257 1911 detestatio
3286 1873 3411 1928 pec-

193 1940 310 1994 τῶν
363 1914 793 2011 ἡμαρτημένων·
848 1939 909 1992 τὸ
962 1914 1177 2007 ἀιριέναι
1227 1941 1339 1999 τοῖς
1393 1914 1620 2009 πλησίον
1694 1941 1746 1993 τό

1863 1943 2106 1989 catorum
2129 1938 2564 2002 commissorum,
2593 1942 2867 1997 remittere
2897 1946 3142 2013 proximo
3169 1961 3409 2018 peccata,

196 2033 572 2103 ἁμαρτήματα
591 2047 608 2062 ·
653 2030 716 2083 τὸ
747 2029 996 2101 εὔχεσθαι
1022 2046 1037 2061 ·
1073 2030 1133 2084 τὸ
1162 2030 1328 2081 ἐλεεῖν
1349 2045 1364 2060 ·
1411 2030 1473 2082 τὸ
1511 2048 1759 2084 ταπεινο-

195 2141 438 2196 φρονειν.

492 2216 750 2284 Σχόλιον
789 2211 892 2266 τοῦ
936 2213 1108 2282 ἁγίου
1151 2214 1368 2271 Νείλου
1404 2213 1468 2274 ζ’.

268 2304 464 2374 Δέγειν
499 2305 603 2373 χρὴ
634 2302 722 2356 τὸν
764 2302 840 2375 μὴ
883 2303 1023 2357 καλά
1050 2305 1374 2376 πράττοντα,
1412 2307 1556 2369 ὅπως
1588 2305 1757 2377 ἄρξη-

193 2414 308 2463 ται,
338 2397 446 2448 τῶν
477 2394 654 2467 ἔργων
681 2395 807 2459 τοὺς
842 2394 1029 2465 λόγους
1054 2395 1473 2467 αἰσχυνόμενος.-

1862 2027 2106 2093 precari,
2146 2028 2388 2084 misereri
2430 2030 2658 2086 aliorum
2685 2071 2699 2096 ,
2740 2043 2794 2087 et
2829 2049 2890 2089 se
2931 2033 3033 2105 per'
3056 2038 3410 2097 humilitatem

1862 2118 2183 2188 deprimere.

2305 2210 2549 2265 Scholion
2576 2215 2757 2287 sancti.
2775 2213 2892 2269 Nili
2915 2217 2968 2271 7.

1934 2294 2090 2351 Decet
2120 2299 2343 2354 honesta
2371 2301 2519 2370 loqui
2547 2305 2709 2358 etiam
2742 2321 2864 2359 eum
2894 2308 2987 2375 qui
3011 2324 3117 2363 non
3151 2310 3278 2383 facit
3308 2311 3407 2367 ho-

1860 2397 2010 2442 nesta
2035 2430 2051 2454 ,
2087 2399 2146 2444 ut
2182 2390 2404 2462 incipiat
2435 2409 2561 2449 eum
2604 2411 2699 2464 per
2729 2398 2894 2453 verba
2919 2436 2937 2463 ,
2982 2402 3143 2456 etiam
3186 2417 3409 2473 operum

1860 2475 2080 2542 pudere.

205 2601 3390 2633 ..___________________________________

820 2680 1034 2735 ΛΟΓΟΣ
1072 2681 1128 2736 ι’.

584 2830 588 2832 ἡ
699 2791 837 2860 Περὶ
877 2793 1258 2862 ωταιαλιᾶς.
1339 2856 1343 2861 _

265 2881 456 2944 Οὐδεὶς
489 2882 597 2934 τῶν
645 2882 1044 2952 εὐφρανούντων
1075 2885 1322 2957 ἀντείπῃ,
1351 2881 1526 2956 οἶμαι,
1574 2887 1650 2960 μὴ
1689 2890 1754 2942 ἐκ

192 2974 391 3045 μίσους
421 2973 514 3026 καὶ
556 2973 916 3044 μνησικακίας
945 2975 1042 3046 τὴν
1072 2976 1401 3030 καταλαλιὰν
1442 2979 1750 3033 τίκτεσθαι·

187 3064 273 3120 διὸ
303 3065 399 3118 καὶ⁵
430 3063 567 3135 μετά
605 3065 731 3127 τοὺς
759 3063 928 3136 αὐτῆς
952 3066 1246 3136 προγόνους
1272 3069 1347 3131 ὡς
1376 3070 1436 3122 ὲν
1463 3069 1637 3141 εἱρμῷ
1661 3071 1752 3125 τέ-

184 3173 408 3210 τακται.
461 3155 775 3210 Καταλαλιά
821 3157 968 3210 ἐστιν
997 3158 1292 3229 ἅποκύημα
1324 3159 1546 3231 μίσους·
1584 3162 1752 3234 λεπτὴ

185 3248 368 3313 νόσος,
393 3246 613 3316 παχεία,
643 3247 995 3319 κεκρυμμένη
1024 3250 1118 3303 καὶ
1160 3249 1495 3305 λανθάνουσα
1541 3253 1750 3323 βδέλλα,
1780 3263 1822 3320 c

185 3340 410 3410 ἀγάπης
430 3337 786 3398 ὲκδαπανιῦσα
807 3341 899 3391 καὶ
920 3339 1310 3408 ὲξαφανίζουσα
1333 3339 1471 3413 αἷμα
1492 3361 1505 3373 ·
1537 3345 1754 3415 ἀγάπης

186 3429 520 3499 ὑπόκρισις·
594 3429 821 3500 καρδίας
866 3429 1037 3500 ῥύπου
1084 3432 1174 3484 καὶ
1223 3432 1421 3503 βάρους
1461 3435 1749 3504 πρόξενος·

183 3521 495 3593 ἀφανισμὺς
527 3521 766 3590 ἁγνείας.
798 3520 1006 3591 Ὠσπερ
1034 3522 1138 3574 εἰσὶ
1173 3523 1406 3586 νεάνιδες
1437 3527 1511 3594 (Ι)
1545 3526 1751 3596 ἀπηρυ-

185 3612 536 3685 θριασμένως
564 3611 634 3666 τὰ
681 3612 826 3666 κακά
877 3613 1207 3683 πράττουσαι
1231 3629 1245 3644 ·
1304 3616 1414 3667 εἰσὶ
1465 3616 1522 3669 δὲ
1569 3617 1752 3688 ἕτεραι

183 3704 490 3776 λεληθότως
514 3704 605 3757 καὶ
625 3703 1081 3776 αίδεστικωτέρως
1106 3705 1455 3780 χαλεπώτερα
1483 3708 1592 3763 τῶν
1619 3729 1752 3783 προ-

182 3798 362 3867 τέρων
406 3793 744 3848 ιπιτελοῦσαι
762 3809 777 3824 ·
816 3795 988 3875 οὕτως
1015 3798 1110 3850 καὶ
1150 3798 1242 3851 ἐπὶ
1278 3800 1387 3852 τῶν
1417 3801 1604 3855 παθῶν
1652 3806 1751 3875 τῆς

181 3882 418 3954 ἀτιμίας
466 3882 613 3937 ἔστιν
664 3883 812 3936 ἰδεῖν.
868 3884 937 3936 Δί
982 3883 1196 3949 πλείους
1243 3885 1464 3942 ὖπουλοι
1513 3891 1749 3954 νεάνιδες

180 3975 495 4046 ὑπόκρισις,
538 3974 791 4046 πονηρία,
838 3973 1005 4047 λύπη,
1054 3979 1407 4046 μνησικακία,
1450 3981 1746 4035 καταλαλιά

180 4065 437 4138 καρδίας,
486 4063 621 4120 ἀλλα
650 4065 750 4137 μὲν
773 4063 852 4136 τῷ
887 4064 1062 4119 δοκεῖν
1099 4065 1498 4137 ὑποτιθέμεναι,
1534 4070 1667 4123 ἄλλα
1691 4072 1747 4123 δὲ

180 4156 612 4214 ἀποϐλέπουσαι.
674 4158 919 4212 Ἤκουσα
979 4157 1056 4230 (‘2)
1113 4158 1549 4214 καταλαλούντων
1571 4201 1587 4225 ,
1653 4162 1746 4216 καὶ

180 4250 416 4318 ἔπληξα,
445 4249 539 4304 καὶ
582 4248 741 4304 τοῦτο
765 4250 900 4322 πρὸς
926 4249 1215 4320 ἀπολογίαν
1243 4253 1291 4305 οἱ
1317 4252 1412 4305 τοῦ
1453 4253 1620 4308 κακοῦ
1650 4255 1744 4326 ὲρ-

179 4345 353 4412 γάται
384 4341 772 4414 ἀπεκρίναντο·
904 4340 965 4407 ἐξ
987 4343 1204 4414 ἀγάπης
1230 4343 1324 4396 καὶ
1349 4346 1624 4415 φροντίδος
1649 4347 1744 4400 τοῦ

178 4433 485 4487 καταλαλου
493 4432 652 4504 μένου
671 4430 827 4484 τοῦτο
847 4432 1112 4487 ποιοῦσιν.
1140 4433 1280 4500 Ἐγὼ
1299 4434 1353 4486 δὲ
1369 4435 1548 4498 αὐτοῖς
1561 4453 1575 4466 ·
1595 4437 1742 4490 Παύ-

179 4524 377 4589 σασθε,
398 4523 554 4595 ἔφην,
581 4523 680 4594 τῆς
703 4522 952 4593 τοιαύτης
979 4522 1195 4592 ἀγάπης
1214 4539 1229 4552 ·
1258 4523 1345 4576 ἵνα
1373 4525 1448 4595 μὴ
1475 4525 1742 4598 ψεύσηται

174 4616 208 4669 ὸ
231 4594 498 4684 εἰρηκώς·
526 4617 637 4671 Τὸν
661 4612 1113 4670 καταλαλοῦντα
1137 4612 1324 4682 λάθρα
1341 4594 1448 4668 τὸν·
1479 4594 1744 4685 πλησίιον

1847 4594 2037 4651 salutis
2059 4596 2204 4653 illius
2227 4601 2313 4654 cui
2343 4600 2742 4669 obtrectabant,
2779 4608 2882 4665 hoc
2917 4599 3097 4670 facere
3125 4616 3396 4674 dixerunt.

176 4704 392 4769 αὐτοῦ,
403 4706 615 4760 τοῦτον
625 4706 957 4772 ἐξεδίωκον.
972 4705 1034 4759 Εἰ
1049 4705 1222 4774 λέγεις
1235 4707 1470 4776 ἀγαπᾷν,
1485 4705 1644 4777 εὔχου
1660 4710 1740 4764 λε-

175 4797 444 4870 ληθότως,
462 4796 556 4850 xui.
572 4797 647 4867 μὴ
663 4798 877 4852 σκῶπτε
892 4796 981 4851 τὸν
996 4797 1160 4868 ἀνδρα
1171 4810 1186 4825 ·
1204 4791 1476 4868 οὗτος-γὰρ
1491 4796 1521 4848 ὁ
1539 4791 1734 4868 τρόπος

173 4887 374 4951 δεκτὸς
402 4885 549 4956 παρὰ
577 4885 778 4959 Κυρίῳ.
811 4889 903 4961 Μὴ
921 4889 977 4943 δὲ
995 4887 1154 4945 τοῦτό
1175 4904 1233 4941 σε
1257 4885 1585 4952 λανθανέτω,
1635 4891 1734 4944 καὶ

173 4981 403 5042 πάντως
426 4977 678 5048 ὲκνήψεις
700 4979 794 5034 τοῦ
825 4979 900 5051 μὴ
920 4980 1134 5056 ριρίνειν
1155 4981 1247 5035 τὸν
1284 4979 1562 5033 πταίοντα.
1601 4980 1731 5034 Ἰού-

170 5072 277 5135 δας
299 5073 360 5124 ὲν
389 5068 468 5140 τῷ
495 5068 641 5141 χορῷ
669 5070 776 5124 τῶν
803 5065 1056 5148 μαθητῶν
1075 5069 1162 5144 ἦν,
1199 5075 1229 5127 ό
1251 5071 1308 5125 δὲ
1332 5070 1533 5142 λῃστὴς
1560 5073 1616 5123 ἐν
1651 5073 1726 5144 τῷ

173 5159 334 5232 χορῷ
354 5160 461 5214 τῶν
492 5158 759 5229 φονευτῶν
779 5178 792 5190 ·
822 5162 917 5216 καὶ
937 5161 1121 5233 θαῦμα
1145 5164 1260 5229 πῶς
1289 5165 1346 5217 ὲν
1381 5163 1478 5234 μιᾷ
1519 5165 1656 5234 ῥοπῇ
1693 5167 1725 5237 ἡ

171 5249 620 5320 ἀντικαταλλαγὴ
661 5249 903 5328 γέγονεν.
948 5254 1013 5307 El
1036 5270 1119 5317 τις
1157 5253 1727 5325 καταλαλιᾶς-πνεῦμα

170 5340 406 5409 νικῆσαι
426 5340 687 5410 βούλεται,
720 5340 797 5412 μὴ
813 5341 891 5412 τῷ
912 5344 1177 5410 πταίοντι,
1202 5345 1337 5400 ἀλλά
1376 5344 1453 5416 τῷ
1490 5346 1728 5404 ὑποσάλ-

171 5429 333 5482 λοντι
357 5429 570 5501 δαίμονι
611 5433 708 5506 τὴν
758 5432 962 5503 μέμψιν
988 5436 1367 5508 ἑπιγραφέτω·
1396 5435 1568 5500 οὐδεὶς
1618 5439 1728 5512 γὰρ

175 5520 335 5576 θέλει
354 5523 433 5584 είς
462 5522 596 5579 Θεὸν
614 5525 944 5596 ἀμαρτῆσαι,
974 5527 1024 5580 εί
1053 5528 1150 5581 καὶ
1171 5526 1424 5592 ἀϐίαστος
1441 5530 1545 5592 πᾶς
1573 5531 1727 5600 ήμῶν

173 5610 458 5682 τυγχάνει.
485 5608 640 5667 Εἶδον
667 5614 957 5686 προφανῶς
981 5616 1392 5690 ἀμαρτήσαντα,
1429 5621 1523 5674 καὶ
1572 5620 1726 5693 λελη-

176 5702 353 5769 οάινως
390 5707 818 5778 μετανοήσαντα,
846 5709 940 5764 καὶ
985 5707 1046 5763 ὃν
1077 5710 1369 5783 κατέκρινα
1387 5713 1474 5784 ,ὡς
1507 5711 1722 5784 πόρνον,

248 5881 302 5915 ⁸³
323 5879 469 5940 Psal.
498 5899 548 5952 c,
578 5883 612 5939 5

2338 2673 2497 2744 133
2546 2675 2824 2734 smnus
2864 2682 2928 2737 χ.

2420 2787 2494 2841 De
2525 2789 2858 2848 detractione.

1927 2865 2114 2935 Nemo,
2143 2873 2356 2941 opinor,
2384 2887 2528 2932 recte
2571 2866 2918 2938 sentientium
2956 2888 3160 2947 inlicias
3193 2894 3306 2960 ibit,
3337 2911 3405 2954 ex

1855 2959 1980 3013 odio
2004 2967 2058 3016 et
2086 2973 2314 3035 acceptae
2346 2968 2555 3038 injuria:
2585 2978 2846 3031 memoria
2886 2979 3271 3041 detractionem
3304 3004 3403 3045 ex-

1855 3049 2079 3116 sistere,
2128 3054 2206 3107 uti
2239 3057 2464 3124 proinde
2497 3071 2640 3117 recta
2679 3065 2820 3120 serie
2859 3078 2981 3138 post
3019 3071 3188 3141 ipsius
3216 3093 3405 3149 proge-

1854 3141 2058 3198 nitores
2084 3143 2196 3201 haec
2223 3148 2479 3205 collocata
2509 3153 2598 3208 sit.
2643 3156 2908 3215 Detractio
2936 3171 3017 3217 est
3045 3166 3155 3220 odii
3182 3141 3363 3236 paruis
3384 3214 3402 3237 ,

1855 3233 2071 3288 subtilis
2099 3238 2337 3299 morbus,
2361 3256 2543 3298 crassa
2572 3253 2748 3303 tamen
2775 3251 2866 3304 sed
2896 3252 3087 3320 latens,
3113 3268 3166 3311 et
3195 3262 3404 3317 occulta

1856 3321 2068 3390 hirudo,
2099 3341 2218 3394 quae
2241 3329 2517 3409 cha‘ritatis
2546 3339 2862 3407 sanguinem
2889 3344 3134 3402 exhaurit
3162 3358 3214 3403 et
3241 3352 3405 3407 absu-

1853 3411 1987 3466 mit:
2022 3418 2223 3472 amoris
2251 3420 2547 3487 simulatio,
2577 3435 2630 3479 et
2656 3429 2802 3482 cordi
2834 3433 3023 3488 sordes
3050 3444 3104 3490 et
3127 3443 3404 3497 conscien-

1853 3502 1940 3557 tiae
1985 3520 2146 3574 grave
2205 3525 2345 3566 onus
2400 3518 2691 3581 conciliat,
2740 3524 3147 3596 castitatemque
3201 3532 3400 3591 abolet.

1854 3592 1996 3650 Sunt
2045 3602 2318 3657 nonnulla:
2358 3605 2776 3668 adolescentulze
2812 3630 2934 3684 qua:
2961 3592 3079 3674 alue
3108 3621 3211 3675 ulla
3250 3640 3402 3681 vere-

1850 3686 2045 3742 cundia
2080 3702 2304 3759 peccant
2344 3713 2358 3748 :
2413 3707 2535 3752 sunt
2565 3700 2683 3778 alia:
2721 3718 2843 3773 qua:
2884 3707 3022 3764 clam
3051 3719 3104 3766 et
3144 3728 3402 3772 verecun-

1848 3779 1970 3835 dius
1993 3820 2009 3844 ,
2050 3784 2149 3873 sed
2187 3784 2341 3856 longe
2368 3791 2581 3858 gravius
2619 3795 2887 3862 prioribus
2917 3800 3254 3873 delinquunt.
3297 3807 3402 3866 Par

1848 3879 1931 3924 est
1963 3871 2100 3926 ratio
2138 3876 2401 3930 malarum
2441 3881 2605 3934 animi
2638 3884 2981 3943 all‘ectionum
3012 3871 3108 3947 seu
3145 3897 3400 3956 vitiorum

1845 4050 2005 4106 crisis
2027 4091 2043 4115 ,
2098 4053 2301 4108 malitia
2325 4097 2341 4121 ,
2373 4058 2592 4115 tristitia
2612 4101 2627 4124 ,
2668 4078 3010 4135 acceptarum
3075 4050 3396 4143 injuria-rum

1846 4136 2150 4199 recordalio
2174 4185 2189 4210 ,
2225 4147 2290 4201 de
2323 4148 2498 4204 alieno
2526 4154 2688 4209 corde
2713 4155 2978 4225 judicium
3009 4172 3061 4218 et
3091 4136 3354 4223 detractio
3376 4209 3394 4236 ,

1843 4247 1964 4302 qua:
1993 4229 2138 4290 aliud
2187 4239 2251 4292 ad
2292 4242 2523 4310 speciem
2561 4249 2897 4314 prmiendunt
2921 4291 2934 4317 ,
2972 4263 3024 4310 et
3051 4256 3193 4311 aliud
3226 4229 3398 4330 respi;

1842 4325 1992 4380 ciunt
2023 4337 2184 4396 atque
2214 4341 2399 4400 agunt.
2423 4331 2559 4388 Cum
2589 4336 2950 4395 obtrectantes
2975 4344 3096 4398 aliis
3128 4325 3394 4420 audirem,

1843 4430 1936 4468 eos
1963 4417 2197 4486 graviter
2218 4419 2480 4490 increpui,
2503 4423 2596 4492 qui
2628 4435 2683 4477 ut
2716 4426 2944 4496 improbi
2973 4432 3233 4490 malorum
3267 4417 3400 4494 con;

1844 4505 2151 4561 cinnatores
2183 4510 2493 4564 excusando
2545 4526 2605 4565 se
2652 4513 2705 4566 id
2745 4529 2808 4568 ex
2851 4517 3114 4578 charitate
3162 4534 3216 4580 et
3267 4543 3398 4584 cura

1844 4687 1914 4741 At
1936 4702 2057 4759 ego,
2079 4706 2269 4761 apage,
2301 4691 2542 4760 inquam,
2573 4711 2698 4750 cum
2727 4700 2827 4756 hac
2852 4703 3132 4766 charitate.
3155 4724 3222 4779 ne
3246 4709 3397 4764 illum

1843 4781 2108 4835 mendacii
2133 4783 2437 4852 coarguatis
2463 4787 2557 4854 qui
2587 4788 2726 4844 dixit
2756 4807 2771 4844 :
2810 4793 3174 4852 Dura/lentem
3199 4813 3394 4857 secreto

1838 4874 2074 4941 proximo
2103 4889 2216 4937 suo,
2242 4874 2379 4928 hunc
2406 4882 2750 4950 persequebar
2775 4885 2838 4939 ³⁸.
2872 4887 2930 4941 Si
2965 4898 3013 4942 te
3040 4905 3220 4945 amare
3248 4891 3396 4950 hunc

1836 4963 2071 5018 allirmas
2089 5004 2105 5030 ,
2129 4965 2263 5038 clam
2289 4982 2510 5035 precare
2533 4988 2632 5042 pro
2656 4990 2741 5039 eo,
2771 4987 2824 5031 et
2843 4994 2948 5031 non
2975 4981 3186 5049 exagita
3212 4998 3393 5038 scom-

1834 5057 1994 5112 matis
2018 5057 2214 5112 virum.
2245 5060 2343 5116 ilic
2369 5064 2513 5120 enim
2547 5067 2738 5124 modus
2765 5067 2922 5140 187
2953 5071 3183 5129 Domino
3206 5086 3393 5146 gratus

1829 5158 1931 5204 est.
1958 5148 2100 5214 Quin
2124 5160 2176 5206 et
2205 5151 2308 5207 hoc
2337 5159 2571 5220 attende.
2597 5168 2651 5212 et
2672 5160 2885 5226 penitus
2907 5163 3203 5223 abstinebis
3224 5169 3291 5224 ab
3307 5171 3418 5250 jua‘

1832 5242 2098 5308 dicando,
2130 5243 2174 5298 si
2207 5261 2368 5315 quem
2396 5249 2594 5304 videris
2623 5262 2956 5319 peccantem.
2987 5254 3157 5316 Judas
3185 5261 3236 5314 in
3268 5262 3386 5314 col-

1830 5331 1968 5400 legio
2019 5332 2410 5403 discipulorum
2466 5348 2622 5404 erat,
2680 5341 2818 5398 latro
2866 5361 2994 5401 vero
3049 5349 3103 5404 in
3163 5344 3417 5403 numero

1830 5425 2248 5482 homicidarum.
2281 5429 2346 5483 Et
2376 5431 2678 5487 mirandum
2716 5443 2798 5490 est
2830 5451 3030 5506 quanta
3069 5456 3244 5494 rerum
3277 5454 3386 5490 uno

1833 5526 2107 5571 momento
2137 5517 2280 5574 facta
2309 5521 2380 5576 sit
2408 5526 2712 5581 conversio.
2753 5527 3009 5601 Quisquis
3039 5531 3385 5587 obtectratio-
3427 5538 3449 5609 ξ.

1831 5612 1916 5664 nis
1965 5613 2213 5682 spiritum
2259 5624 2483 5670 conatur
2517 5619 2773 5689 vincere,
2813 5638 2920 5678 non
2960 5622 3195 5692 peccanti
3221 5660 3236 5684 ,
3289 5636 3384 5678 sed

1831 5706 2060 5764 ἀπωουί
2088 5711 2395 5783 suggerenti
2421 5711 2636 5783 culpam
2681 5719 2958 5788 assignet;
2993 5730 3150 5774 nemo
3187 5716 3384 5788 quippe
