4050 6338
636 467 742 531 847

1892 467 1949 521 S.
1973 463 2286 525 JUANNIS
2318 464 2624 525 CLIMACI

3765 455 3876 521 848

638 573 750 629 vult
770 570 833 627 in
863 570 1030 628 Deum
1060 586 1305 645 peccare,
1336 570 1587 642 quamvis
1608 562 1767 627 nemo
1798 581 2045 625 nostrum
2070 582 2196 623 coa-

2322 568 2367 642 jv
2399 576 2584 629 λοιπὸν
2630 575 2779 647 παρὰ
2815 574 2935 645 Θεῷ
2986 571 3214 643 σώφρων
3259 568 3349 624 διὰ
3390 568 3490 642 τῆς
3532 567 3873 640 ἐπιστροφῆς

637 675 759 721 ctus
789 673 886 718 aut
916 678 1025 719 non
1055 674 1250 734 sponte
1280 673 1484 745 peccet.
1519 663 1636 718 Vidi
1674 665 1767 735 qui
1798 663 1974 735 palam
2014 675 2203 732 pecca-

638 764 719 810 ret
750 764 804 807 et
832 753 971 807 clam
1005 754 1291 824 pteniteret
1317 793 1333 819 ,
1380 762 1435 807 et
1476 767 1639 823 quem
1676 767 1780 823 ego
1824 762 1885 807 ut
1932 752 2205 820 impurum

637 862 872 917 nequam
902 845 1288 900 damnaveram
1313 886 1329 908 ,
1358 843 1471 913 jam
1505 847 1645 915 apud
1683 843 1853 899 Deum
1900 852 2209 911 temperans

637 948 694 994 et
736 940 966 1009 pudicus
997 937 1295 992 habebatur
1316 976 1332 1001 ,
1362 951 1494 1007 cum
1526 952 1618 1007 per
1649 937 1923 991 sinceram
1951 934 2209 990 emenda-

640 1032 841 1086 tionem
864 1030 1031 1109 Deum
1056 1029 1165 1084 sibi
1192 1028 1561 1098 propitiassct.
1590 1026 1668 1082 Ne
1697 1028 1995 1083 reverearis
2015 1040 2210 1098 quem-

641 1139 806 1194 quam
838 1122 996 1176 alteri
1028 1120 1166 1191 apud
1198 1130 1249 1175 te
1277 1119 1647 1174 detrahentem
1677 1159 1691 1183 ,
1735 1119 1831 1174 sed
1860 1117 2208 1174 obtrectatori
2256 1112 2259 1113 ⁷

638 1216 808 1271 dicito
834 1232 847 1268 :
881 1212 1050 1279 Tace,
1085 1209 1272 1275 frater,
1294 1226 1394 1280 ego
1422 1210 1664 1280 quotidie
1688 1209 1904 1280 gravius
1930 1209 2207 1278 delinquo,

641 1318 696 1364 et
723 1323 832 1379 quo
857 1315 1016 1378 pacto
1050 1305 1202 1360 illum
1230 1304 1538 1360 damnabo?
1570 1301 1660 1358 Sic
1683 1317 1792 1357 uno
1816 1301 2211 1359 medicamento

640 1404 754 1460 duo
792 1400 1190 1473 consequeris:
1233 1409 1287 1456 te
1332 1401 1511 1471 ipsum
1556 1391 1799 1456 servabis
1824 1438 1840 1463 ,
1888 1405 1942 1453 et
1979 1397 2211 1452 alterum

643 1496 885 1559 sanabis.
907 1494 1006 1551 Est
1028 1503 1083 1551 et
1104 1494 1219 1557 haec
1242 1493 1562 1550 brevissima
1580 1507 1701 1563 qua:
1724 1492 1790 1547 ad
1816 1490 2212 1562 impetrandam

641 1590 984 1658 peccatOrum
1000 1584 1215 1639 veniam
1235 1584 1386 1640 ducit
1403 1584 1509 1649 via,
1530 1598 1635 1638 non
1656 1582 1923 1652 judicare,
1953 1582 2171 1652 inquam
2195 1603 2208 1635 :
2250 1610 2251 1613 η

645 1678 703 1733 Si
738 1679 872 1733 enim
908 1692 1013 1731 non
1045 1674 1418 1746 judicaveritis
1444 1714 1458 1738 ,
1501 1689 1602 1727 non
1633 1671 2011 1743 judicabimini
2044 1672 2111 1727 ³⁹.
2144 1672 2216 1728 Ut

646 1771 954 1826 contrarius
997 1777 1085 1825 est
1111 1769 1252 1838 ignis
1282 1778 1455 1838 aqum,
1491 1767 1567 1821 ita
1598 1778 1871 1837 quemque
1904 1764 2039 1818 velle
2064 1762 2212 1833 judi-

642 1870 799 1931 care,
826 1870 1090 1934 repugnat
1107 1859 1184 1915 illi
1201 1861 1296 1932 qui
1322 1861 1392 1917 de
1416 1860 1533 1917 suis
1558 1858 1794 1930 peccatis
1811 1856 2003 1912 vultex
2030 1856 2216 1911 animo

2311 663 2551 733 γνησίως
2610 664 2770 715 αὐτὸν
2818 665 3318 736 ἐξευμενισάμενος·
3357 661 3627 733 μηδέποτε
3665 658 3749 732 (3)
3781 659 3871 712 αί-

2309 754 2505 826 δεσθῇς
2533 754 2625 807 τὸν
2662 752 2795 822 πρὸς
2820 753 2878 805 σὲ
2920 756 3012 805 τοῦ
3046 754 3176 827 [τὸν]
3202 752 3423 824 πλησίον
3441 749 3871 807 καταλαλοῦντα·

2316 848 2518 920 μᾶλλον
2570 846 2629 899 δὲ
2665 846 2790 914 λέγε
2823 861 2839 876 ’
2869 842 3100 907 Παῦσαι,
3149 846 3373 918 ἀδελφέ·
3404 844 3516 915 ἐγὼ
3545 842 3876 915 καθημέραν

2314 941 2373 994 ὲν
2402 938 2803 1012 χαλεπωτέροις
2830 935 3027 1003 πταίω,
3051 933 3147 1000 καὶ
3183 933 3302 998 πῶς
3350 939 3555 992 ἐκεῖνον
3589 933 3870 1007 κατακρί-

2314 1050 2427 1090 νειν
2457 1032 2728 1102 δύναμαι;
2770 1028 2874 1084 Δύο
2903 1029 3014 1100 γὰρ
3031 1028 3204 1083 ταῦτα
3233 1024 3507 1099 κερδανεῖς
3535 1032 3593 1083 ὲν
3622 1030 3723 1099 μιᾷ
3771 1028 3874 1098 ἔμ-

2316 1124 2609 1193 πλάστρῳ,
2633 1121 2727 1174 καὶ
2766 1117 3010 1182 σεαυτὸν,
3042 1117 3253 1171 καὶτὸν
3292 1114 3519 1186 πλησίον
3557 1115 3869 1183 ἰασάμενος·

2319 1218 2419 1290 μία
2446 1215 2541 1270 καὶ
2569 1214 2708 1284 αὕτη
2728 1212 2838 1267 τῶν
2879 1209 3158 1280 συντόμως
3194 1207 3328 1262 ὁδῶν
3360 1205 3498 1277 πρὸς
3536 1203 3633 1274 τὴν
3678 1203 3875 1270 ἄφεσιν

2316 1311 2425 1365 τῶν
2454 1306 2809 1378 πταισμάτων
2829 1302 3166 1373 καθέστηκεν
3194 1298 3528 1371 όδηγουσῶν·
3557 1296 3699 1364 λέγω
3719 1293 3782 1347 δὲ
3813 1295 3876 1345 τὸ

2320 1402 2396 1475 μὴ
2434 1401 2639 1473 κρίνειν
2663 1414 2677 1427 ·
2700 1397 2882 1471 Εἵπερ
2897 1393 2982 1464 μὴ
3000 1394 3246 1461 κρίνετε,
3284 1389 3383 1445 καί
3408 1390 3480 1443 οὐ
3492 1387 3578 1457 μὴ
3613 1382 3873 1455 κριθῆτε.

2278 1516 2281 1519 ι
2331 1490 2632 1561 Ἀλλότριον
2661 1488 2723 1541 τὸ
2755 1476 2867 1556 πῦρ
2889 1484 2982 1539 τοῦ
3016 1483 3224 1549 ὓδατος,
3256 1480 3440 1551 ὥσπερ
3467 1478 3527 1531 τὸ
3559 1479 3768 1550 κρίνειν
3796 1475 3880 1547 τῷ

2321 1581 2606 1654 μετανοεῖν
2636 1575 2943 1649 βουλομένῳ
2981 1573 3109 1647 [τῶν
3159 1573 3440 1640 μετανοεῖν
3470 1565 3833 1639 βουλομένων]
3858 1581 3875 1598 ·

2320 1650 2423 1725 κᾶν
2466 1670 2524 1723 ἐν
2567 1668 2705 1738 αὐτῇ
2772 1668 2838 1736 τῇ
2890 1663 3052 1733 ἐξόδῳ
3110 1659 3232 1715 τινὰ
3268 1658 3440 1730 θεάσῃ
3472 1652 3756 1716 πταίοντα,
3795 1650 3875 1722 μὴ

2318 1764 2441 1817 τότε
2478 1758 2640 1814 αὑτὸν
2699 1756 3017 1825 κατάκρινε.
3051 1751 3280 1821 ⁹Αδηλον
3332 1747 3441 1820 γὰρ
3484 1742 3877 1816 ἀνθρώποιςώ

2319 1853 2414 1908 τοῦ
2442 1851 2576 1905 Θεοῦ
2600 1850 2772 1920 κρῖμα
2792 1840 3146 1915 καθέστηκεν.
3174 1839 3478 1896 Ἐπταισάν
3500 1852 3646 1914 τινες
3665 1832 3881 1905 μεγάλα

644 1960 929 2029 poenitere.
959 1955 1039 2011 Tu
1078 1956 1122 2011 si
1147 1954 1458 2026 quempiam
1475 1922 1641 2011 etiam
1669 1953 1723 2007 in
1758 1960 2002 2007 extremo
2025 1949 2218 2020 spiritu

2322 1941 2609 2015 προφανῶς
2628 1958 2642 1971 ·
2673 1937 2996 2009 εἰργάσαντο
3018 1934 3075 1988 δὲ
3099 1932 3278 2002 ἀγαθά
3325 1929 3543 2003 μείζονα
3575 1922 3840 1999 κρυπτῶς
3861 1934 3876 1950 ·

645 2051 847 2106 videris
874 2063 1098 2121 peccare
1116 2086 1131 2113 ,
1155 2048 1262 2102 noli
1295 2058 1476 2103 tamen
1500 2046 1864 2101 condemnare
1882 2082 1898 2108 ,
1930 2056 2056 2097 nam
2085 2041 2218 2096 divi-

647 2159 776 2199 num
803 2142 1066 2215 judicium
1098 2140 1257 2200 ndiis
1282 2148 1369 2196 est
1398 2138 1752 2209 incognitum.
1771 2132 2000 2202 Quidam
2026 2148 2219 2204 propa-

647 2238 753 2292 lam
776 2237 1007 2308 graviter
1026 2233 1392 2303 deliquerunt,
1418 2238 1471 2285 et
1489 2230 1631 2286 clam
1653 2228 1824 2283 multo
1848 2226 2054 2297 maiora
2076 2226 2217 2281 bona

648 2335 1026 2400 perpetrarunt
1044 2366 1060 2392 ,
1084 2336 1137 2394 et
1160 2337 1485 2397 magnopere
1506 2321 1712 2392 decepti
1737 2320 1812 2376 illi
1838 2320 2067 2379 aliorum
2089 2319 2216 2373 irri-

646 2439 821 2488 sorcs,
851 2425 940 2494 qui
968 2420 1179 2476 fumum
1200 2433 1300 2489 pro
1327 2417 1441 2474 sole
1460 2414 1727 2486 complexi
1762 2412 1924 2485 188
1951 2421 2097 2468 sunt.
2120 2413 2221 2465 Au-

648 2520 759 2575 dite
782 2533 887 2580 me,
909 2515 1235 2578 auscultate,
1265 2522 1460 2567 omnes
1484 2508 1716 2580 improbi
1734 2508 2035 2563 alienorum
2054 2503 2220 2558 facto-

650 2626 771 2666 rum
794 2622 1067 2669 censores,
1096 2605 1144 2661 si
1166 2617 1295 2659 vera
1322 2617 1428 2657 vox
1457 2598 1687 2663 Christi,
1710 2606 1769 2652 ut
1790 2606 1873 2651 est
1902 2594 2215 2650 verissima:

652 2702 719 2758 In
745 2719 847 2773 quo
862 2699 1068 2770 judicio
1080 2694 1476 2767 judicaueritis,
1499 2689 1876 2762 judicabimim'
1896 2688 1963 2753 “,
1978 2686 2099 2743 sine
2117 2686 2218 2740 du-

652 2796 914 2851 bitatione
945 2791 1363 2863 quibuscnnque
1387 2786 1442 2840 in
1475 2784 1637 2840 rebus
1666 2780 1804 2836 alios
1825 2780 2218 2853 vituperamus,

653 2890 708 2942 in
740 2887 861 2941 illas
897 2885 1046 2955 ipsas
1077 2880 1369 2935 incidimus
1400 2890 1495 2931 seu
1527 2885 1817 2943 corporeas
1864 2884 1959 2926 seu
1997 2866 2221 2939 spirita-

656 2980 771 3035 les:
803 2976 958 3032 aliter
993 2989 1080 3030 res
1110 2987 1216 3028 non
1249 2970 1428 3024 liabet.
1456 2966 1561 3033 Qui
1598 2962 1787 3021 faciles
1818 2971 1873 3019 et
1904 2975 2059 3017 acres
2091 2966 2221 3013 sunt

655 3068 723 3122 ad
761 3067 937 3121 aliena
977 3064 1175 3119 delicta
1207 3057 1511 3122 censenda,
1553 3058 1605 3111 in
1652 3054 1755 3109 hoc
1802 3051 1991 3105 vitium
2037 3048 2218 3103 incur-

596 3158 597 3161 “
656 3163 817 3227 runtj,
849 3156 995 3228 quod
1041 3166 1269 3211 suorum
1310 3150 1413 3219 ipsi
1451 3146 1709 3201 vitiorum
1761 3152 1816 3199 et
1870 3148 2217 3211 peccatorum

657 3251 897 3307 nondum
942 3245 1236 3319 perfectam
1271 3252 1324 3297 et
1351 3251 1555 3296 certam
1599 3237 1869 3306 fixamque
1903 3232 2215 3288 memoriam
2245 3279 2293 3342 ο

658 3343 910 3404 habeant,
937 3352 1112 3409 neque
1134 3351 1321 3392 curam
1344 3348 1529 3390 eorum
1552 3327 2012 3386 emendandorum
2038 3338 2221 3380 susce-

657 3436 852 3510 perint.
882 3432 1205 3502 Quicunque
1237 3428 1383 3483 enim
1415 3439 1515 3481 sua
1541 3424 1713 3493 ipsius
1744 3418 1876 3473 vitia
1907 3418 2025 3475 sine
2066 3429 2221 3471 amo-

658 3506 735 3585 ris
791 3526 992 3598 proprii
1047 3522 1167 3577 velo
1215 3525 1470 3574 accurate
1514 3511 1864 3586 perspexerit,
1896 3509 2099 3564 nullius
2144 3506 2223 3563 rei

659 3621 883 3678 alterius
910 3618 1159 3671 humana:
1186 3626 1374 3668 curam
1402 3606 1704 3677 suscipiet,
1736 3613 1797 3658 ut
1830 3602 1924 3673 qui
1965 3598 2223 3670 intelligat

660 3709 867 3765 nullum
897 3716 1109 3773 tempus
1138 3698 1209 3759 ad
1248 3712 1349 3754 sua
1392 3696 1496 3751 sibi
1540 3700 1759 3764 peccata
1795 3687 2039 3745 deflenda
2075 3685 2223 3741 suni-

660 3816 835 3868 cere;
877 3795 1093 3853 etiamsi
1136 3800 1354 3848 centum
1403 3800 1576 3843 annos
1629 3783 1868 3848 viveret,
1910 3780 2226 3849 videretque

663 3902 835 3949 totum
856 3887 1147 3945 Iordanem
1171 3884 1224 3938 in
1246 3883 1519 3954 lacrymas
1540 3890 1759 3932 versum
1802 3888 1869 3929 ex
1908 3872 2082 3926 oculis
2110 3871 2225 3926 suis

662 3985 917 4044 defluere.
952 3976 1248 4038 Observavi
1277 3987 1465 4029 verum
1496 3970 1721 4032 luctum,
1750 3974 1804 4022 et
1834 3964 2039 4020 nullum
2069 3962 2125 4017 in
2159 3976 2225 4016 eo

661 4079 946 4149 vestigium
985 4074 1065 4129 vel
1093 4066 1458 4127 detractionis.
1476 4066 1560 4118 vel
1594 4060 1785 4133 ju‘dicii
1819 4057 1987 4129 praVi,
2018 4066 2073 4111 et
2100 4069 2226 4111 cou-

664 4169 1032 4230 demnationis
1080 4161 1428 4236 deprehendi.
1467 4151 1680 4213 Hostes
1734 4156 1906 4209 neatri
1960 4154 2227 4208 damones

664 4277 760 4322 aut
813 4264 881 4321 ad
928 4258 1255 4334 peccandum
1303 4269 1400 4309 nos
1442 4251 1706 4313 incitant,
1743 4254 1837 4300 aut
1882 4243 1929 4299 si
1974 4245 2075 4298 hoc
2119 4255 2227 4295 non

666 4358 910 4429 possint.
940 4353 1131 4409 saltem
1176 4349 1243 4404 ad
1295 4353 1582 4419 peccantes
1623 4337 1977 4413 judicandos,
2027 4343 2087 4389 ut
2136 4347 2228 4403 per

666 4448 898 4503 alterum
932 4443 1096 4497 etiam
1122 4442 1358 4511 primum
1392 4440 1773 4504 assequamur,
1803 4435 1857 4483 et
1883 4432 2103 4497 peccato
2128 4437 2227 4476 nos

669 4536 951 4597 homicida:
979 4533 1265 4604 inquinent
1284 4538 1338 4585 et
1368 4525 1637 4583 occidant.
1670 4522 1820 4577 Scito
1844 4528 1898 4574 et
1934 4521 2075 4573 hanc
2110 4529 2231 4570 esse

2318 2033 2413 2088 καὶ
2437 2029 2798 2103 ἠπατήθησαν
2822 2028 2872 2081 οί
2911 2023 3283 2095 φιλοσκώπται
3312 2019 3518 2077 καπνὸν
3555 2016 3678 2074 ἀντὶ
3719 2015 3881 2086 ἡλίου

2317 2123 2655 2193 κατέχοντες.
2672 2116 2963 2172 Ἀκούσατὲ
2985 2131 3105 2185 μου,
3128 2114 3414 2175 ἀκούσατε,
3433 2109 3630 2175 πάντες
3643 2106 3697 2161 οί
3716 2106 3881 2160 κακοὶ

2315 2217 2422 2271 τῶν
2436 2214 2592 2270 άλλοτ
2602 2212 2729 2285 ρίων
2743 2208 3040 2285 λογοθέται·
3059 2206 3105 2259 εί
3121 2203 3339 2274 ἀληθὲς,
3350 2204 3534 2274 ὥσπερ
3548 2201 3643 2257 καὶ
3657 2197 3880 2271 ἀληθὲς,

2315 2310 2396 2361 ὃτι
2412 2307 2507 2359 Ἐν
2520 2299 2570 2372 ᾧ
2582 2282 2815 2372 κρίματι
2832 2282 3083 2369 κρίνετε,
3102 2294 3477 2366 κριθήσεσθε,
3491 2294 3704 2355 πάντως
3716 2292 3779 2344 ὲν
3799 2283 3881 2353 οἷς

2315 2402 2383 2456 ἂν
2402 2395 2743 2471 μεμψώμεθα
2767 2393 2857 2447 τὸν
2881 2389 3126 2461 πλησίον,
3148 2389 3206 2441 ὲν
3221 2386 3403 2447 αὐτοῖς
3415 2381 3878 2454 ττεριπεσοὺμεθα·

2319 2497 2412 2548 καὶ
2446 2491 2671 2555 ἀλλοίως
2695 2490 2795 2543 οὐκ
2844 2486 3009 2551 ἐστιν,
3043 2482 3151 2537 εἴτε
3180 2478 3527 2551 σωματικοῖς,
3564 2474 3673 2528 εἴτε
3710 2471 3883 2542 ψυχι-

2320 2592 2454 2653 κοῖς.
2484 2589 2545 2641 Οἱ
2565 2585 2705 2651 ὀξεῖς
2745 2584 2835 2637 καὶ
2872 2578 3115 2653 ἀκριϐεῖς
3159 2570 3443 2641 λογοθέται
3473 2567 3581 2622 τῶν
3607 2562 3700 2619 τοῦ
3733 2564 3881 2633 πλη-

2322 2681 2435 2734 σίον
2465 2672 2946 2748 πλημμελημάτων
2973 2668 3327 2739 ὑπάρχοντες,
3379 2659 3537 2715 τοῦτο
3589 2656 3654 2711 τὸ
3702 2654 3881 2717 πάθος

2319 2745 2661 2843 ὑφίστανται,
2686 2762 2871 2835 ἐπειδὴ
2912 2762 3076 2833 μήπω
3090 2757 3218 2829 περὶ
3240 2755 3349 2809 τῶν
3361 2750 3573 2807 οίκείων
3596 2745 3879 2817 πταισμά-

2317 2834 2426 2915 των
2466 2856 2676 2914 τελείαν
2705 2854 2800 2909 καὶ
2846 2834 3189 2923 άρέμόαστον
3235 2846 3453 2916 μνήμην
3484 2840 3580 2894 καὶ
3621 2834 3883 2910 φροντίδα

2318 2950 2661 3021 ἐποιήσαντο.
2694 2947 2756 3000 Ei
2792 2945 2897 3014 γάρ
2927 2960 3012 3006 τις
3044 2941 3111 2994 τά
3141 2934 3335 2992 ἑαυτοῦ
3361 2932 3516 2989 ’κακά
3536 2929 3645 2987 ἀπὸ
3667 2927 3764 2983 τοῦ
3781 2930 3880 3000 τῆς

2320 3019 2605 3115 φιλαυτίας
2630 3035 3116 3110 περικαλύμματος
3155 3026 3399 3099 ἀκριϐῶς
3430 3023 3694 3085 θιάσοιτο,
3722 3019 3879 3074 οὐδε-

2319 3114 2408 3203 νὺς
2436 3136 2622 3190 λοιπὸν
2646 3132 2805 3188 άλλου
2820 3129 2930 3184 τῶν
2950 3130 3009 3182 ἐν
3029 3125 3108 3197 τῷ
3137 3124 3235 3195 βίῳ
3286 3117 3542 3193 φροντίδα
3570 3114 3877 3186 ποιήσοιτο⁹

2324 3229 2673 3299 λογιζόμενος
2723 3224 2855 3296 μηδὲ
2907 3220 3043 3293 πρὸς
3081 3219 3144 3272 τὸ
3178 3216 3374 3271 οίκεῖον
3401 3208 3596 3272 πένθος
3624 3205 3881 3278 ἐξαρκεῖν

2321 3294 2468 3393 αὐτῷ
2492 3294 2583 3375 τὸν
2605 3294 2795 3374 ἑαυτοῦ
2815 3316 3023 3389 χρόνον,
3044 3311 3145 3366 κᾶν
3166 3307 3358 3363 ἑκατὸν
3387 3303 3481 3374 ἔτη
3507 3300 3752 3373 ζήσειενυ
3778 3294 3882 3350 κᾶν

2320 3420 2411 3474 τὸν
2438 3386 2720 3488 ’Ἰορδάνην
3013 3404 3132 3460 ὅλον
3160 3400 3392 3470 δάκρυον
3435 3396 3499 3448 ίκ
3528 3392 3637 3446 τῶν
3680 3386 3881 3445 ἑαυτοῦ

2322 3480 2617 3580 ὀφθαλμῶν
2651 3480 2749 3559 ίδοι
2802 3496 3248 3570 ἐκπορευόμενον.
3306 3483 3774 3580 Ἐπεσημηνάμην
3818 3480 3881 3580 τδ

2322 3571 2534 3665 πένθος,
2562 3597 2657 3652 καὶ
2691 3594 2789 3664 οὐχ
2811 3587 2967 3663 εὗρον
3001 3589 3062 3641 ὲν
3094 3582 3240 3653 αὐτῷ
3267 3580 3407 3652 ίχνος
3458 3573 3813 3638 uenam,
3844 3571 3880 3644 ἢ

2323 3689 2715 3762 κατακρίσεως.
2748 3686 2818 3739 Ἦ
2851 3679 3163 3753 ἀμαρτῆσαι
3194 3674 3339 3746 ἡμᾶς
3371 3673 3420 3725 οί
3461 3666 3712 3738 δαίμονες
3742 3680 3880 3734 προ-

2323 3758 2631 3857 τρέπονται·
2665 3779 2698 3852 ἢ
2725 3778 2800 3851 μὴ
2831 3773 3273 3846 ἁμαρτήσαντας,
3313 3765 3441 3857 τοὺς
3468 3758 3883 3857 ἁμαρτάνοντας

2325 3847 2557 3950 κρίνειν·
2601 3847 2698 3927 ἵνα*
2727 3847 2824 3924 διά
2848 3866 2943 3921 τοῦ
2971 3863 3221 3934 δευτέρου
3241 3858 3301 3912 τὸ
3330 3853 3544 3927 πρῶτον
3578 3847 3883 3922 μολύνωσιν

2324 3937 2375 4025 οί
2396 3969 2565 4039 φόνιοι
2586 3963 2684 4037 (4).
2698 3962 2936 4017 Γίνωσκε
2959 3958 3053 4012 καὶ
3076 3954 3233 4009 τοῦτο
3254 3949 3361 4003 τῶν
3392 3942 3748 4039 μνησικάκων
3788 3937 3885 3993 καὶ

2326 4027 2609 4135 βασκάνων
2633 4027 2773 4112 εἶναι
2803 4050 3096 4121 τεκμήριον
3116 4062 3129 4075 ·
3152 4046 3235 4099 ὅτι
3260 4042 3358 4104 τὰς
3384 4027 3621 4135 Stal-ac,
3648 4031 3882 4135 «ιι-πράγὶ

2330 4118 2495 4228 ματα,
2557 4152 2592 4224 ἢ
2653 4118 3048 4218 κατορθώματα
3101 4137 3271 4210 seu»;
3348 4129 3447 4228 καὶ
3502 4123 3743 4228 εὐχερῶς
3787 4118 3882 4174 τοῦ

2328 4216 2552 4318 πλησίον
2570 4216 2736 4314 tityon
2746 4216 2846 4303 σιν,
2870 4233 2974 4288 ὑπὸ
3002 4230 3309 4298 πνεύματος
3338 4222 3526 4295 μίσους
3543 4216 3884 4273 καταδαπτι-

2328 4308 2563 4413 ζόμενοι.
2585 4308 2748 4391 ⁷Είδόν
2777 4346 2929 4392 τινας
2980 4322 3280 4397 λεληθότως
3321 4316 3418 4372 καὶ
3474 4308 3883 4385 ἁδημοσιεύτως

2328 4404 2583 4488 πάνδεινα
2652 4422 3075 4490 διαπράττοντας
3122 4413 3463 4485 πταίσματα*
3506 4406 3604 4461 καὶ
3658 4406 3728 4476 τῇ
3751 4404 3881 4457 ὑπο⁶

2329 4524 2485 4596 λήψει
2535 4522 2632 4592 τῆς
2681 4514 2886 4571 ἑαυτῶν
2931 4508 3295 4581 καθαρότητος
3346 4495 3595 4574 χαλεπῶς
3622 4493 3884 4566 ἐπεμϐαί-

670 4633 1017 4692 retinentium
1060 4629 1245 4684 animo
1290 4622 1518 4695 injurias
1559 4630 1613 4675 et
1659 4615 1959 4671 invidorum
2008 4621 2185 4667 notam
2210 4648 2224 4673 ,

2331 4592 2515 4681 νοντας
2550 4616 2661 4676 τοῖς
2720 4608 2851 4681 ψιλὰ
2896 4605 3147 4661 πταίουσι
3170 4643 3186 4667 ,
3233 4600 3328 4654 καὶ
3380 4592 3880 4667 δημοσιευομένοις.

668 4726 814 4799 quod
843 4725 1070 4779 aliorum
1097 4718 1420 4781 doctrinam,
1447 4714 1584 4769 facta
1609 4717 1664 4766 et
1683 4708 1930 4770 virtutes,
1947 4703 2056 4759 odii
2081 4717 2232 4757 nem-

671 4796 737 4892 pe
765 4818 955 4889 spiritu
985 4815 1211 4877 imbuti,
1253 4811 1410 4866 facile
1448 4817 1505 4863 et
1545 4805 1772 4861 libenter
1807 4796 2226 4858 calumniemur.

671 4891 1039 4971 Animadverti
1074 4908 1339 4980 quosdam
1377 4904 1515 4958 clam
1548 4902 1602 4956 in
1632 4905 1840 4953 secreto
1867 4904 1921 4950 et
1950 4891 2066 4947 sine
2093 4898 2230 4946 teste

674 5009 890 5065 infanda
913 5007 1113 5077 flagitia
1139 5008 1470 5073 perpetrare,
1492 4998 1583 5066 qui
1602 5009 1702 5050 sua
1719 4990 1897 5048 tamen
1929 4984 2088 5058 189
2116 4984 2231 5055 opi-

674 5107 837 5160 nione
865 5100 1038 5158 sancti
1071 5109 1125 5153 et
1154 5099 1418 5153 scelerum
1444 5090 1563 5163 puri
1606 5086 1922 5159 gravissime
1946 5081 2233 5136 imminent

678 5199 747 5253 iis
780 5198 873 5266 qui
914 5196 998 5250 vel
1040 5194 1092 5248 in
1123 5190 1329 5246 levibus
1364 5183 1576 5257 publice
1605 5181 1946 5251 delinquunt.
1980 5172 2233 5230 Judicare

675 5292 948 5349 alterum,
989 5297 1071 5341 est
1105 5282 1271 5337 divini
1304 5280 1527 5334 honoris
1569 5290 1661 5347 per
1694 5271 2058 5343 impudentem
2087 5266 2233 5335 rapi-

675 5396 801 5438 nam
849 5376 1163 5446 usurpatio;
1194 5372 1554 5429 eondemnare
1576 5408 1593 5433 ,
1622 5379 1856 5438 praesens
1887 5352 2081 5416 anima:
2108 5371 2233 5429 pro-

676 5475 807 5544 priae
836 5471 1084 5525 exitium.
1130 5463 1593 5532 Quemadmodum
1625 5455 1875 5528 superbia
1922 5452 2081 5508 etiam
2115 5451 2235 5507 sine

678 5543 783 5618 alio
808 5563 938 5616 vitio
970 5559 1240 5614 hominem
1272 5556 1496 5625 perdere
1526 5556 1717 5620 potest,
1754 5547 1828 5601 ita
1868 5543 2112 5615 judicare
2141 5555 2234 5610 per

675 5670 734 5708 se
779 5653 891 5723 jam
940 5651 1111 5703 solum
1147 5643 1347 5701 suflicit
1376 5644 1443 5697 ad
1482 5655 1578 5693 nos
1610 5638 1847 5694 funditus
1886 5632 2184 5703 perdendos
2218 5646 2231 5681 :

676 5747 893 5817 quando
920 5742 1224 5797 l’ltarismus
1264 5740 1350 5793 ille
1385 5737 1453 5790 ob
1507 5736 1607 5787 hoc
1640 5735 1924 5786 damnatus
1954 5737 2036 5784 est
2063 5727 2130 5779 “.
2165 5722 2234 5779 Ut

751 5924 793 5954 ³⁹
820 5921 1001 5976 Matth.
1042 5934 1133 5982 vn,
1176 5918 1219 5971 l.
1300 5917 1340 5946 ³ο
1373 5911 1577 5969 ibid.‘2.
1657 5910 1696 5941 δ’
1728 5907 1856 5963 Luc.
1890 5921 2038 5971 xvni,
2077 5901 2159 5957 l0.

2330 4710 2527 4783 Κρῖναί
2563 4707 2710 4759 ἐστιν
2736 4703 2837 4774 τῆς
2857 4697 2951 4754 τοῦ
2982 4693 3115 4750 Θεοῦ
3140 4690 3297 4759 άξίας
3321 4685 3539 4756 ἀναιδὴς
3569 4682 3880 4753 άρπαγμός·

2333 4773 2655 4872 κατακρῑναι
2683 4796 2739 4851 δὲ
2774 4773 2870 4865 τῆς
2896 4787 3089 4845 ἑαυτοῦ
3113 4783 3291 4856 ψυχῆς
3328 4778 3567 4872 δλεθρος.
3588 4777 3816 4872 -Ὦσττερ
3850 4773 3886 4842 ἠ

2330 4865 2617 4967 οἴησις-καὶ
2637 4890 2801 4963 χωρὶς
2832 4883 3017 4955 ἑτέρου
3054 4879 3253 4941 πάθους
3279 4871 3535 4931 ἀπολέσαι
3553 4870 3644 4924 τὸν
3663 4865 3885 4938 ἄνθρω-

2334 4957 2433 5046 πον
2465 4957 2672 5058 ἰσχύειΓί
2710 4957 2881 5043 οὕτως
2930 4976 3023 5031 καὶ
3075 4974 3136 5029 τὸ
3181 4970 3385 5041 κρίνειν
3436 4965 3557 5022 καθ’
3594 4961 3757 5016 ἑαυτὸ
3786 4957 3880 5011 καὶ

2340 5084 2498 5155 μόνον
2522 5053 2592 5134 'év
2617 5080 2746 5149 ἡμῖν
2769 5073 3006 5142 ὑπάρχον
3034 5066 3251 5127 τελείως
3265 5059 3527 5116 ἀπολέσαι
3554 5056 3703 5127 ἡμᾶς
3721 5053 3881 5106 δύνει-ο

2335 5143 2455 5229 ταιο
2488 5143 2703 5241 εἴπερ-τό
2721 5166 3007 5236 Φαρισαῖος
3059 5159 3263 5219 ἐκεῖνος
3300 5154 3365 5207 ἔκ
3416 5149 3604 5207 τούτου
3658 5143 3885 5199 καταδε-

2336 5238 2698 5322 δίκασταιίὍ
2728 5259 2891 5322 καλὸς
2929 5250 3217 5327 ραγολόγος
3254 5248 3351 5311 τὰς
3389 5240 3683 5311 πεποίρους
3713 5238 3884 5308 ῥᾶγας

2338 5356 2550 5422 ἐσθίων,
2581 5351 2734 5408 οὐδὲν
2762 5350 2889 5421 περί
2916 5345 3023 5399 τῶν
3074 5342 3334 5413 όμφάκων
3390 5332 3846 5403 δπιραγολογήσει
3866 5342 3881 5357 ⁸

2339 5449 2433 5505 καὶ
2460 5451 2487 5502 ὁ
2520 5420 2815 5513 εὐγνώμων
2840 5420 2952 5494 καὶ
3006 5434 3251 5506 ἐχέφρων
3305 5427 3449 5491 νοῦς,
3497 5425 3627 5488 ὅσας
3670 5423 3778 5513 μὲν
3828 5420 3883 5474 εν

2337 5555 2477 5591 τισιν
2510 5512 2711 5607 ἀρετάς
2732 5531 2942 5603 ὄψεται,
2973 5524 3141 5579 ταῦτα
3159 5519 3457 5580 σπουδαίως
3482 5512 3880 5587 σημειώσεται·

2338 5633 2366 5683 ό
2394 5629 2449 5682 δὲ
2477 5603 2665 5696 άφτρων
2703 5622 2800 5685 τάς
2855 5615 3087 5689 μέμψεις
3115 5614 3207 5668 καὶ
3233 5610 3332 5674 τάς
3359 5605 3636 5696 ἐλλείψεις.
3662 5603 3878 5696 ἐξερευ-

2340 5686 2660 5792 νήσει,περ“ι
2677 5707 2739 5768 οἵ)
2767 5686 2867 5765 καί
2884 5686 3114 5779 είρηται·
3149 5698 3590 5768 Ἐξηρεύνησαν
3604 5686 3879 5759 ἀνομίαν.
