4050 6338
213 438 312 503 853

225 553 439 621 Ὀλίγων
465 556 586 611 λίαν
614 560 674 613 τὸ
694 561 834 635 ὕδωρ
855 566 1129 638 ἄφρακτον
1150 577 1393 633 κωλύειν’

210 643 261 694 δὲ
292 645 458 714 στόμα
491 649 733 720 ἀκρατὲς
751 656 1006 727 δαμάσαι.

213 736 402 791 animae
433 739 641 797 luctum
676 745 782 802 sibi
826 756 1182 822 comparavit,
1237 775 1268 815 a
1329 761 1528 822 fabulis
1574 769 1825 828 inanibus

211 826 309 891 iam
339 843 400 882 os
428 832 756 891 observavit.
810 841 964 913 193
1010 845 1114 912 Qui
1159 862 1310 908 extra
1351 858 1539 912 cellam
1572 864 1756 932 vagari
1797 826 1826 935 ὲ

1141 466 1366 530 SCALA
1398 471 1772 541 PARADISI.
1793 504 1862 516 -
1883 481 2186 548 GRADUS
2216 488 2350 548 ΧΗ.

3289 498 3391 562 854

1420 581 1749 656 ὀλιγωτέρων

1854 591 1987 648 tium
2021 599 2419 654 concluserunt.
2458 601 2558 666 Qui
2584 617 2866 660 excessum
2897 608 3017 664 vitae
3049 626 3255 681 semper
3283 615 3392 668 sol-

1855 681 1999 739 licite
2029 689 2337 754 meditatur,
2369 691 2605 761 linguam
2627 694 2735 763 jam
2763 699 3046 752 truncavit.
3083 700 3183 768 Qui
3209 717 3390 757 verum

1851 783 2108 846 tanquam
2142 780 2212 833 ab
2259 781 2381 851 igne
2423 783 2640 854 refugit,
2688 789 2780 855 qui
2820 789 3161 847 solitudinem
3217 809 3390 865 amat,

1832 867 2014 934 audet,
2047 871 2114 924 ab
2141 872 2244 927 hoc
2277 875 2394 942 ipso
2432 874 2770 944 loquacitatis
2829 881 2959 934 vitio
2996 892 3148 937 extra
3202 888 3390 940 cellam

1640 923 1668 932 ν
1797 923 1826 935 υ
2001 923 2013 934 ι
2084 923 2088 924 ν
2142 923 2239 927 ηνν
2277 923 2387 942 Ἰ*-
2432 923 2770 944 ----ι---ν------ν
2839 923 2958 934 --υιν
2997 923 3148 937 νει-’⁸³
3204 923 3390 940 ιυ¹¹ι³ι¹¹

209 923 541 990 Ρτορθίιὶιιιν.
595 929 695 994 Qui
745 931 883 999 ignis
946 939 1183 997 caalestis
1229 959 1323 1000 seu
1372 948 1538 1003 divini
1585 957 1786 1009 amoris
1821 948 2040 1013 odorem
2080 962 2284 1027 olfecit,
2331 965 2401 1028 is,
2433 967 2576 1021 velut
2608 969 2816 1039 apicula
2850 969 3079 1037 fumum,
3117 975 3188 1028 ita
3217 976 3395 1029 homi-

209 1027 331 1039 ω...
364 1028 534 1039 -..._-_
571 1019 678 1039 ,Λη-
1049 1030 1062 1039 .
1160 1034 1178 1039 -

209 1027 333 1066 num
360 1028 536 1072 coetus
565 1019 681 1074 odit
711 1040 724 1075 :

764 1022 907 1080 illam
975 1030 1116 1085 enim
1154 1034 1336 1092 fumus
1377 1039 1612 1107 infestat,
1670 1044 1815 1102 hunc
1848 1050 2126 1106 hominum
2159 1022 2460 1124 frequentia
2490 1065 2545 1110 et
2575 1022 2744 1113 turbae
2774 1059 2957 1128 fugant
2986 1071 3039 1116 et
3061 1079 3393 1132 persequun-

2253 1109 2271 1124 τ
2501 1109 2537 1110 ρ
2581 1109 2615 1110 η
2639 1109 2741 1113 κη--
2774 1109 2957 1128 --νη
2990 1109 3038 1116 ν-
3061 1109 3359 1132 r-.--.,.-_..

209 1115 309 1161 tur.
356 1109 585 1166 Difﬁcile
627 1123 713 1169 est
757 1133 952 1188 aquam
996 1125 1114 1180 sine
1154 1134 1439 1188 cataractis
1479 1152 1748 1202 coercere,
1781 1142 2054 1200 difficilius
2109 1147 2349 1216 linguam
2393 1158 2448 1204 et
2475 1149 2586 1204 oris
2614 1150 3084 1220 intemperantiam
3116 1155 3392 1209 refrenare

211 1202 252 1220 ΑΙ
285 1195 500 1220 J-_.-_-

208 1202 259 1248 et
282 1195 522 1252 domare.

270 1290 482 1361 Βαθμὸν
507 1295 790 1352 ἑνδέκατον
817 1302 846 1353 ὁ
869 1307 1118 1377 κινήσας,
1142 1311 1341 1381 πλῆθος
1369 1315 1552 1369 κακῶν
1580 1317 1668 1387 ὑφ’
1689 1319 1747 1371 ἓν

209 1381 543 1454 περιέκοψεν.

593 1523 839 1580 ΣΧΟΛΙΑ
866 1530 973 1583 ΕΙΣ
999 1533 1222 1588 ΛΟΓΟΝ
1249 1537 1352 1590 IA'.

473 1633 617 1700 Περὶ
668 1642 1032 1710 πολυλογίας
1071 1645 1168 1698 καὶ
1213 1648 1467 1717 σιωπῆς.

791 1735 1048 1801 Σχόλιον
1088 1743 1158 1792 α’.

269 1810 403 1879 ..Ιρδς
431 1815 633 1880 αὐτοὺς
676 1820 801 1882 τοὺς
837 1823 1184 1894 κρινομένους
1213 1829 1316 1881 ὑπὸ
1343 1829 1744 1904 τῶν-κατακρι-

207 1898 409 1954 νόντων.
443 1903 506 1956 Et
534 1906 640 1978 γὰρ
675 1911 704 1962 ὁ
729 1911 851 1975 νοῦς
883 1912 987 1980 ἔξω
1012 1916 1254 1986 γένηται,
1285 1920 1350 1973 τὰ
1372 1922 1545 1976 οίκεῖα
1576 1898 1746 1978 κατα-

206 1987 384 2056 λιπὼν,
412 1998 508 2048 καὶ
535 1997 607 2051 τὰ
633 2001 738 2054 τῶν
760 2002 931 2058 ἄλλων
952 2010 1331 2078 κατασκοπῶν,
1359 2014 1518 2076 εἰς’τὸ
1539 2017 1745 2086 κρίνειν

205 2083 300 2136 οὐκ
330 2083 577 2156 ἔρχεται.’

799 2186 1053 2252 Σχόλιον
1081 2187 1146 2257 β’.

268 2265 446 2338 Σιωπὴ
477 2269 537 2320 έν
569 2269 787 2337 γνώσει,
817 2275 876 2326 οὐ
909 2275 1067 2344 μόνον
1108 2279 1174 2332 έκ
1211 2279 1318 2334 τῶν
1346 2283 1617 2353 πολεμίων
1646 2304 1743 2356 φυ-

206 2352 396 2419 λάττει,
419 2357 534 2411 ἀλλ’
554 2359 675 2414 οὐδὲ
695 2363 758 2433 ἐᾷ
787 2367 1140 2435 προσεγγίσαι
1174 2370 1391 2436 αὐτούς.

725 2627 984 2693 Σχόλιον
1005 2626 1183 2682 ἄλλο.

268 2709 489 2779 Προθεὶς
519 2712 619 2776 τὰς
647 2713 834 2785 θύρας,
866 2717 964 2780 τὰς
1007 2720 1074 2772 δι’
1107 2714 1181 2775 ὧν
1204 2721 1386 2777 ἐπὶ-τὸ
1414 2725 1618 2795 κρίνειν
1649 2727 1738 2794 ἐξ·

207 2796 431 2868 έρχεται,
469 2801 706 2855 δείκνυσι
747 2805 856 2876 ,νῦν
907 2810 998 2862 καὶ
1042 2809 1160 2878 τὰς,
1193 2813 1262 2866 δι’
1294 2805 1369 2868 ὧν
1417 2816 1736 2888 είσέρχεται’

208 2886 382 2959 ὥσπερ
430 2887 523 2956 οὖν
569 2893 857 2964 πολυλογία
884 2898 1074 2968 ἐξῆγεν
1104 2903 1284 2974 αὐτὸν,
1314 2906 1457 2961 οὕτω
1484 2886 1643 2979 καλή
1680 2911 1740 2964 ἐν

209 2978 392 3044 γνώσει
421 2983 601 3036 σιωπὴ
636 2985 842 3054 εἰσάγει
864 2988 1025 3042 πάλιν
1045 2993 1229 3048 αὐτόν.

782 3165 1037 3233 Σχόλιον
1080 3174 1149 3237 γ’.

283 3243 400 3298 Ἐὰν
451 3241 692 3319 φυλάξῃς
735 3249 832 3320 τὴν
859 3251 1106 3319 γλῶσσάν
1140 3272 1257 3320 σου,
1291 3256 1504 3329 ἀδελφέ,
1538 3261 1737 3315 δίδοται

209 3351 282 3386 σοι
308 3335 454 3407 παρὰ
478 3337 613 3391 Θεοῦ
632 3341 665 3409 ὴ
696 3340 853 3411 χάρις
875 3342 975 3413 τῆς
1001 3345 1338 3411 κατανύξεως
1365 3349 1462 3419 τῆς
1490 3352 1733 3421 καρδίας,

207 3422 290 3476 τοῦ
320 3424 608 3482 θεάσασθαι
639 3432 696 3483 έν
722 3432 858 3503 αὐτῇ
885 3434 982 3505 τὴν
1005 3435 1181 3508 ψυχήν
1208 3454 1324 3502 σου,
1353 3440 1447 3494 καὶ
1476 3443 1534 3495 ὲν
1565 3444 1735 3517 ταύτῃ

207 3514 412 3588 εἰσέρχῃ
460 3520 542 3581 είς
593 3517 690 3590 τὴν
744 3523 918 3592 χαρὰν
973 3524 1067 3578 τοῦ
1104 3528 1428 3599 πνεύματος·
1467 3533 1561 3586 ἐὰν
1600 3535 1657 3587 δὲ

205 3603 408 3670 γλῶσσά
433 3625 528 3661 σου
557 3611 749 3682 νικήσῃ
781 3628 863 3675 σε,
893 3612 1178 3670 πίστευσόν
1207 3636 1296 3688 μοι
1330 3622 1410 3685 είς
1442 3622 1574 3693 ὅπερ
1595 3603 1736 3692 λέγω
1763 3675 1766 3679 .

207 3710 301 3757 σοι,
356 3698 611 3753 οὐδέποτε
637 3702 867 3775 ,δυνήσῃ
918 3704 1187 3777 ὲξειλῆσαι
1245 3713 1312 3765 ἐκ
1370 3713 1469 3783 τῆς
1531 3716 1732 3770 σκοτώ-

208 3798 348 3848 σεως.

452 3919 455 3922 ι
861 3885 1057 3940 Ἄλλο.

275 3965 520 4024 Ἐὰνςοὺκ
543 3966 685 4041 ἔχεις
729 3959 954 4044 καρδίαν
1003 3977 1267 4050 καθαρὰν,
1300 3978 1390 4050 ἔχε
1429 3980 1528 4036 κᾶν
1559 3984 1754 4056 στόμα,

203 4055 443 4132 καθαρόν.

770 4157 1024 4226 Σχόλιον
1074 4161 1139 4215 δ’.

261 4240 320 4293 Δί
351 4241 458 4313 γὰρ
483 4240 592 4297 τῶν
615 4243 801 4297 παθῶν
833 4249 1149 4320 πανουργίαι
1171 4252 1433 4322 ἐμπαθῶς
1474 4260 1602 4329 περὶ
1628 4277 1730 4313 πα-

1917 1317 2014 1384 Qni
2041 1321 2264 1391 gradum
2290 1324 2635 1378 undecimum
2667 1327 2938 1392 ascendit,
2983 1329 3070 1384 ille
3112 1331 3272 1389 simul
3308 1337 3390 1392 vi-

1847 1408 2044 1463 tiorum
2080 1421 2309 1480 segetem
2338 1427 2446 1467 uno
2480 1409 2631 1468 falcis
2662 1413 2772 1469 ictu
2810 1419 3061 1472 resecuit.

2194 1533 2481 1590 SCHOLIA
2513 1537 2604 1591 AD
2638 1537 2924 1596 GRADUM
2957 1543 3047 1598 XI.

2243 1646 2318 1699 De
2349 1646 2661 1716 loquacitate
2687 1659 2740 1702 et
2766 1651 2992 1712 silentio.

2454 1736 2701 1792 Scholion
2739 1741 2787 1795 1.

1915 1841 1962 1874 ιι
1999 1822 2483 1881 condemnantibus
2510 1828 2576 1882 ad
2615 1829 2762 1898 ipsos
2788 1832 3109 1899 judicandos
3134 1852 3148 1901 ;
3178 1837 3388 1895 animus

1845 1907 1987 1962 enim
2029 1911 2156 1965 dum
2193 1922 2590 1984 extravagatur,
2630 1927 2684 1972 et
2726 1933 2824 1973 sua
2863 1923 3099 1993 negligit,
3135 1933 3189 1978 et
3215 1927 3385 1984 aliena
3433 1970 3442 1977 .

1844 2008 2020 2061 curat,
2057 2003 2124 2056 ad
2160 2004 2398 2073 seipsum
2429 2005 2780 2074 iudicandum
2812 2024 2919 2065 non
2953 2014 3177 2068 accedit.

2436 2178 2692 2236 Scholion
2727 2183 2781 2238 2.

1914 2262 2194 2318 Silentium
2241 2281 2363 2321 cum
2417 2269 2702 2336 prudentia
2752 2286 2848 2328 seu
2893 2275 3116 2333 scientia
3165 2279 3386 2349 conjun-

1841 2364 1986 2408 ctum
2035 2370 2142 2409 non
2188 2357 2364 2412 solum
2418 2361 2653 2416 animam
2697 2364 2766 2418 ab
2815 2364 3059 2424 hostibus
3107 2368 3381 2436 defendit,

1840 2442 1934 2497 sed
1989 2443 2171 2500 hostes
2230 2462 2330 2502 nec
2393 2452 2650 2507 accedere
2713 2455 2931 2523 quidem
2985 2458 3210 2528 propius
3261 2477 3384 2532 per-
3422 2519 3426 2526 ,

1839 2531 2019 2586 mittit.

2045 2633 2051 2637 '
2516 2631 2701 2687 Aliud.

1907 2709 2042 2766 Cum
2074 2713 2415 2783 exposuisset
2436 2717 2631 2786 januas
2669 2735 2764 2790 per
2791 2738 2928 2793 quas
2965 2741 3118 2784 mens
3139 2729 3212 2784 ad.
3231 2730 3378 2799 judi-

1837 2802 2040 2862 candos
2068 2804 2206 2862 alios
2260 2808 2566 2879 egreditur,
2609 2813 2846 2870 ostendit
2877 2831 3021 2874 nunc
3053 2829 3108 2874 et
3131 2820 3251 2878 illas
3289 2838 3382 2892 per

1837 2909 1974 2962 quas
2017 2896 2317 2965 ingreditur
2350 2917 2362 2952 :
2401 2903 2851 2968 quemadmodum
2897 2909 3038 2962 enim
3086 2911 3382 2979 loquacitas

1837 2993 2072 3039 mentem
2124 2986 2339 3053 eduxit,
2392 2991 2463 3044 ita
2518 2992 2786 3049 silentium
2840 3011 2963 3052 cum
3010 3002 3290 3067 prudentia
3328 3016 3383 3059 et

1767 3053 1810 3111 (ἶ
1839 3076 2061 3131 scientia
2091 3080 2331 3134 eamdem
2366 3083 2592 3137 reducit.

2436 3170 2684 3227 Scholion
2724 3175 2776 3228 5.

1911 3251 1969 3306 Si
1998 3262 2144 3307 tuam
2177 3254 2436 3324 linguam,
2468 3258 2655 3324 frater,
2684 3262 3027 3332 custodieris,
3052 3267 3263 3323 dabitur
3284 3271 3378 3326 tibi

1834 3358 1865 3398 a
1897 3341 2005 3397 Deo
2040 3344 2234 3415 gratia,
2282 3348 2625 3415 compunctio
2674 3365 2866 3421 nempe
2921 3357 3121 3423 cordis,
3172 3359 3227 3412 in
3273 3377 3376 3430 qua

1833 3436 2040 3491 videbis
2071 3438 2305 3491 animam
2335 3446 2504 3505 tuam,
2535 3449 2590 3494 et
2618 3441 2671 3495 in
2701 3442 2803 3496 hac
2835 3443 3147 3514 ingredieris
3170 3451 3223 3504 in
3248 3467 3380 3520 gau-

1833 3527 1982 3583 dium
2016 3530 2239 3598 spiritus
2270 3549 2283 3585 :
2312 3533 2356 3587 si
2386 3544 2567 3590 autem
2600 3537 2780 3607 lingua
2805 3547 2856 3594 te
2881 3541 3073 3594 rexerit
3096 3551 3149 3595 et
3172 3543 3375 3607 vicerit,

1833 3618 1990 3674 crede
2027 3620 2182 3684 mihi,
2221 3623 2366 3690 quod
2405 3624 2528 3679 dico
2557 3626 2675 3690 tibi.
2704 3643 2979 3697 nunquam
3011 3631 3211 3699 poteris
3239 3647 3268 3686 a
3301 3642 3380 3688 te-

1833 3710 2015 3767 nebris
2048 3712 2240 3768 mentis
2269 3727 2565 3781 emergere.
2611 3719 2614 3723 “

2427 3922 2430 3926 -
2515 3891 2692 3946 Aliud.

1902 3975 1958 4031 Si
1993 3991 2100 4031 non
2133 3977 2387 4034 habueris
2417 3995 2512 4035 cor
2542 3982 2825 4049 mundum,
2852 3985 3038 4040 saltem
3064 3987 3133 4041 da
3158 4002 3373 4058 operam

1828 4075 1888 4121 ut
1912 4067 2105 4122 habeas
2134 4081 2196 4123 os
2223 4070 2506 4125 mundum.

2337 4161 2497 4234 194
2532 4163 2775 4219 Scholion
2811 4166 2865 4219 4.

1896 4249 2031 4305 Nam
2063 4251 2268 4306 malitia
2297 4253 2551 4311 vitiorum
2582 4273 2723 4327 sape
2747 4273 2867 4322 nos,
2901 4269 2958 4313 ut
2988 4261 3179 4317 vitiose
3212 4264 3277 4318 de
3298 4265 3378 4318 vi-

201 4329 298 4384 θῶν
326 4334 636 4418 έξέρχεσθαι
673 4337 818 4406 ἡμᾶς
846 4339 1100 4404 πολλάκις
1129 4343 1540 4415 προτρέπονται,
1565 4351 1728 4419 ἤγουν

1836 4342 1982 4398 tiosis
2013 4342 2290 4398 affectibus
2318 4346 2641 4416 disputando
2685 4363 3059 4420 excurramus,
3110 4354 3372 4420 hortatur,

200 4423 316 4491 περὶ
354 4412 694 4495 πολυλογίας,
720 4429 848 4499 περὶ
877 4430 1083 4500 σιωπῆς
1125 4434 1221 4486 καὶ
1263 4412 1388 4508 περὶ
1414 4412 1727 4508 ἄλλωνόναῖς

1836 4434 1944 4490 sive
1975 4433 2040 4488 de
2068 4412 2479 4506 loquacitate—et
2508 4441 2744 4505 silentio,
2797 4452 2851 4496 et
2887 4443 2989 4500 hoc
3032 4461 3200 4516 genus
3232 4448 3372 4508 aliis.

200 4511 298 4578 ἐγὼ
320 4516 376 4567 οὐ
402 4519 747 4589 πειθήσομαι,
768 4522 828 4574 οὐ
850 4522 956 4594 γὰρ
978 4523 1237 4594 ἀνέχομαι
1260 4528 1388 4599 περὶ
1415 4531 1621 4600 σιωπῆς
1647 4533 1731 4587 λέ-

1836 4525 2026 4596 quibus
2045 4540 2144 4594 ego
2167 4530 2307 4584 haud
2331 4532 2657 4599 persuadeor
2681 4541 2739 4586 ut
2759 4533 2968 4590 faveam
2997 4555 3009 4590 :
3035 4511 3206 4606 neque
3230 4536 3372 4591 enim

201 4617 301 4669 γων
329 4609 704 4679 μακρολογεῖν.
810 4613 811 4616 “

1836 4615 2071 4670 sustineo
2099 4626 2159 4671 ut
2189 4620 2356 4672 multa
2389 4619 2454 4672 de
2484 4619 2700 4674 silentio
2729 4625 2982 4692 garriam.

2429 4706 2674 4765 Scholion
2712 4713 2765 4767 5.

1897 4792 1966 4849 Ut
1990 4806 2119 4852 sunt
2149 4798 2328 4868 pauci,
2367 4798 2476 4855 imo
2508 4804 2799 4871 perpauci,
2831 4807 2923 4874 qui
2965 4819 3227 4874 aquarum
3271 4804 3372 4858 im-

1826 4896 2006 4956 petum
2040 4903 2287 4944 coercere
2311 4891 2538 4957 possint,
2575 4893 2680 4947 nisi
2705 4895 2854 4962 prius
2887 4909 3104 4964 aggeres
3140 4904 3372 4960 struant,

1825 4981 2096 5049 quomodo
2129 4982 2271 5035 enim
2299 4982 2656 5050 prohibeant?
2692 4985 2767 5040 ita
2797 4988 3076 5055 pauciores
3105 4999 3252 5052 sunt,
3284 4991 3374 5058 qui

1824 5073 2020 5129 eflrene
2056 5092 2118 5129 os
2165 5076 2451 5132 retundere
2498 5080 2723 5147 possint.
2775 5081 2928 5149 Aqua
2985 5096 3080 5150 per
3127 5097 3373 5153 aggerem

1824 5166 2158 5233 prohibetur,
2193 5166 2373 5237 lingua
2407 5184 2502 5237 per
2529 5170 2914 5224 continentiam
2947 5158 3197 5228 vincitur.

784 4704 1038 4773 Σχόλιολν
1067 4725 1092 4759 ε
1113 4748 1127 4761 .

263 4786 462 4859 Ὠσπερ
489 4790 718 4859 σπάνιοι,
740 4795 832 4847 καὶ
853 4797 1127 4861 παντελῶς
1151 4798 1317 4866 ὀλίγοι
1345 4801 1472 4865 είσὶ,
1503 4803 1551 4854 ot
1571 4803 1727 4859 δυνά-

203 4892 337 4942 μενοι
363 4881 563 4934 ὑδάτων
588 4882 761 4951 ὁρμὰς
791 4867 1048 4965 κωλύσαι,
1081 4888 1155 4961 μὴ
1196 4891 1454 4962 πρότερον
1492 4893 1726 4965 φράξαν-

200 4981 298 5029 τεςο
348 4970 463 5036 πῶς
515 4971 654 5042 γάρ;
707 4959 893 5041 οὕτωςί
922 4959 1409 5052 ὀλιγώτεροίτείσιν
1460 4959 1722 5054 οίοτόμα

202 5056 417 5127 ἀκρατὲς
474 5059 756 5130 δυνάμενοι
816 5059 1073 5136 δαμάσαι.
1132 5071 1229 5124 Διὰ
1283 5071 1544 5143 σφραγμοῦ
1612 5076 1719 5148 γὰρ

203 5143 332 5219 ὕδωρ
358 5151 639 5220 κωλύεται,
666 5152 758 5205 καὶ
785 5153 852 5207 δι’
871 5157 1191 5229 ἐγκρατείας
1212 5164 1245 5232 ἡ
1273 5159 1487 5232 γλῶσσα
1506 5143 1721 5234 δεσμεί-

201 5249 302 5291 ται.
1398 5277 1400 5279 ’

790 5383 1004 5440 ΛΟΓΟΣ
1032 5390 1128 5445 ῙΒ’.
1587 5420 1592 5423 λ

2376 5392 2652 5449 GRADUS
2688 5393 2801 5448 Xll.

725 5495 862 5563 Περὶ
895 5498 1179 5568 ψεύδους.

2403 5509 2478 5563 De
2518 5509 2791 5567 mendacio

263 5578 500 5652 Γέννημα
528 5583 627 5653 μὲν
669 5585 884 5656 σιδήρου
926 5588 1018 5642 καὶ
1048 5590 1194 5646 λίθου
1222 5589 1351 5666 πῠρο
1384 5595 1624 5667 γέννημα
1657 5599 1714 5652 δὲ

1888 5596 1932 5651 E
1962 5597 2105 5656 ferro
2139 5611 2192 5658 et
2227 5601 2402 5671 lapide
2427 5602 2700 5657 excutitur
2731 5604 2890 5676 ignis,
2917 5605 2998 5656 ex
3046 5603 3365 5672 loquacitate

211 5669 501 5741 πολυλογίας
545 5676 638 5727 καί¹
683 5677 1034 5748 εὐτραπελίας
1070 5680 1277 5748 ψεῦδος.
1319 5684 1525 5748 Ψεῦδός
1569 5688 1715 5744 ἐστιν

1836 5705 1942 5744 vero
1971 5702 2027 5745 et
2069 5693 2394 5748 scurrilitate
2441 5695 2718 5751 mendacia
2774 5704 3094 5748 nascuntur.
3149 5692 3367 5749 Menda-

211 5757 400 5835 ἀγάπης
426 5766 746 5837 ἀφανισμ6ς’
787 5770 1032 5843 ἐπιορκία
1070 5771 1125 5824 δὲ
1167 5773 1302 5827 Θεοῦ
1331 5776 1570 5847 ἄρνησις.
1597 5779 1716 5850 Μη-

1836 5781 1968 5838 3ium
1996 5786 2286 5856 exstinguit
2321 5785 2670 5854 charilatem;
2721 5786 3012 5856 periurium
3042 5799 3169 5841 vero
3211 5799 3368 5857 negat
