4050 6338
619 396 720 458 855

1856 404 1915 465 s.
1946 376 2257 469 Joazvvis
2285 411 2579 473 CLlMACI

3706 418 3819 481 856

620 507 808 560 Deum.
838 504 1006 559 Nemo
1046 506 1176 559 mihi
1226 507 1570 562 conlaturum
1620 516 1852 566 virorum
1903 516 2170 571 existimet

2272 524 2380 587 δεὶς
2411 527 2517 578 τῶν
2548 526 2943 599 εύφρονούντων
2972 528 3169 599 μικράν
3193 545 3311 582 τινα
3342 530 3439 600 τὴν
3465 531 3557 583 τοῦ
3583 530 3817 599 ψεύδους

619 598 954 651 mendacium
996 612 1113 653 esse
1156 600 1272 653 leve
1303 612 1581 667 peccatum
1612 620 1625 655 :
1661 618 1783 656 nam
1824 617 2013 659 contra
2050 609 2171 661 nul-

619 689 725 741 lum
766 688 949 741 vitium
981 700 1088 742 tam
1124 700 1362 743 atrOcem
1393 701 1446 745 et
1474 696 1807 748 tremendam
1853 699 2169 751 sententiam

620 778 996 833 sanctissimus
1028 779 1261 849 Spiritus
1286 784 1673 848 pronuntiavit.
1701 784 1758 839 Si
1780 787 1962 853 perdes
1998 804 2171 841 omnes

615 865 703 932 qui
741 867 1023 933 loquuntur
1057 868 1405 931 utendacium,
1436 881 1491 923 ut
1520 870 1687 926 David
1716 872 1883 928 Deum
1908 877 2172 932 allocutus

613 957 926 1020 testatur“,
977 954 1105 1024 quid
1141 956 1232 1010 fiet
1283 956 1349 1013 iis
1390 960 1483 1028 qui
1528 962 1781 1030 pcrjuriis
1830 967 2192 1020 mendacian

614 1045 938 1097 confirmant
965 1045 988 1097 ?
1019 1045 1209 1099 Notavi
1249 1050 1535 1105 nonnullos
1571 1052 1636 1105 de
1678 1055 1961 1109 mendacio
2009 1057 2169 1111 etiam

613 1133 715 1185 sibi
746 1134 954 1202 placere
985 1146 1037 1189 et
1069 1136 1416 1204 applaudere,
1464 1139 1557 1208 qui
1605 1140 1734 1195 dum
1784 1157 1879 1212 per
1924 1146 2171 1199 scurrili-

612 1233 774 1277 tatem
810 1235 864 1279 et
902 1225 1361 1294 vaniloquentiam
1395 1229 1564 1283 risum
1594 1243 1912 1302 captarunt,
1951 1250 2170 1289 sensum

613 1315 701 1382 pie
739 1315 1062 1385 lugentium,
1106 1318 1234 1370 dum
1291 1317 1414 1373 illos
1461 1321 1734 1387 audirent,
1793 1325 2171 1380 miserabiliter

610 1406 1004 1458 exstinxerunt.
1082 1405 1362 1462 Daemones
1411 1409 1503 1464 ubi
1566 1426 1667 1465 nos
1737 1414 2171 1469 animadvertunt

610 1511 642 1547 a
692 1506 867 1564 carpta
932 1497 1263 1550 urbanarum
1328 1496 1682 1564 facetiarum,
1752 1518 1890 1572 quas
1952 1504 2167 1560 molesti

611 1584 687 1638 illi
742 1596 1051 1641 narratores
1102 1586 1390 1653 eﬂ'utiunt,
1472 1590 1751 1648 auditione
1821 1603 2078 1663 tanquam
2139 1611 2169 1649 a

615 1679 807 1729 morbo
892 1677 1075 1745 aliquo
1136 1677 1421 1746 pestilente
1508 1682 1645 1737 velle
1718 1685 1973 1740 recedere
2051 1694 2166 1739 tum

614 1766 770 1836 195
798 1768 1028 1836 geminis
1056 1770 1470 1839 cogitationibus
1505 1774 1785 1845 (tanquam
1815 1780 1956 1833 veris
2004 1780 2169 1833 ratio-

612 1861 793 1919 nibus)
840 1862 1079 1916 suaviter
1120 1873 1325 1933 captos,
1378 1866 1619 1921 detinere
1662 1880 1948 1933 conantur,
2000 1887 2169 1942 quan-

611 1951 681 2004 do
711 1953 865 2007 nobis
893 1963 1189 2022 suggerunt
1215 1975 1226 2009 :
1248 1954 1325 2009 Ne
1351 1959 1639 2013 contristes
1682 1970 2025 2029 narrantem;
2055 1974 2167 2029 aut,

609 2040 686 2095 Ne
730 2044 859 2096 velis
894 2045 1102 2098 caeteris
1133 2047 1487 2111 praesentibus
1512 2047 1677 2103 videri
1712 2051 1948 2105 sanctior
1974 2070 1989 2115 ;
2017 2054 2169 2107 ocius

612 2142 662 2186 te
704 2134 939 2202 proripe,
975 2149 1042 2188 ne
1069 2137 1358 2191 cuncteris.
1398 2136 1551 2203 Quod
1603 2140 1708 2194 nisi
1758 2140 1972 2206 feceris,
2032 2144 2170 2197 inter

609 2240 798 2294 preces
858 2226 1081 2281 ridicula
1130 2227 1228 2280 tibi
1285 2230 1483 2299 mentis
1547 2231 1919 2298 phantasmata
1975 2248 2171 2286 occur-

613 2326 751 2372 rent.
789 2319 903 2373 lmo
936 2335 1043 2372 non
1073 2319 1195 2388 fuge
1234 2330 1466 2381 tantum,
1498 2321 1589 2373 sed
1621 2337 1724 2390 qua
1757 2331 1907 2390 potes
1945 2334 2059 2377 arte
2086 2325 2171 2392 pia

610 2411 911 2478 improbum
966 2411 1118 2465 illum
1167 2418 1365 2464 coetum
1422 2410 1616 2475 iniecta
1678 2413 1866 2466 mortis
1920 2422 1973 2467 et
2022 2414 2168 2483 judi-

608 2501 676 2552 cii
730 2500 1003 2553 mentione
1056 2499 1311 2553 dissolve.
1358 2498 1583 2553 Praestat
1628 2501 1772 2555 enim
1808 2511 1866 2555 ut
1905 2502 2009 2557 levi
2056 2503 2162 2558 ali-

606 2603 713 2656 qua
746 2587 975 2642 fortasse
1005 2601 1155 2641 vanae
1182 2587 1419 2658 gloriolae
1455 2588 1697 2643 labecula
1730 2606 1984 2660 aspersus
2027 2609 2169 2647 unus

606 2679 862 2732 omnibus
917 2679 1265 2733 emolumenti
1324 2689 1512 2733 auctor
1562 2681 1813 2735 exsistas.
1856 2680 2170 2750 llypocrisis

604 2778 687 2823 est
748 2784 943 2837 parcns
996 2769 1282 2831 mendacii,
1343 2784 1486 2838 smpe
1555 2770 1717 2824 etiam
1795 2780 2171 2841 argumentum

604 2869 658 2912 et
696 2860 940 2913 materia.
984 2859 1123 2937 Sunt
1164 2862 1308 2914 enim
1348 2862 1438 2931 qui
1479 2862 1674 2918 docent
1726 2863 2035 2933 hypocrisin
2083 2866 2171 2919 ni-

605 2952 678 3005 hil
724 2952 868 3005 aliud
907 2966 1026 3007 esse
1066 2967 1229 3021 quam
1280 2954 1729 3022 excogitationem
1782 2970 1877 3009 seu
1941 2956 2170 3010 medita-

605 3043 801 3096 tionem
859 3043 1099 3111 adeoque
1145 3043 1389 3111 opificem
1449 3044 1714 3099 mendacii
1770 3060 1892 3114 quae
1939 3045 2171 3115 conjun-

2271 617 2539 686 ἁμαρτίαν
2572 613 2705 669 εἶναι
2734 618 3039 689 ύπονοὴσει·
3089 620 3292 692 φοϐερᾷ
3316 621 3424 693 γὰρ
3465 623 3604 694 ὑπὲρ
3634 626 3817 677 πάντα

2270 709 2538 777 ἀποφάσει
2570 709 2706 762 κατὰ
2732 710 2919 763 τούτου
2945 710 3007 763 τὸ
3029 713 3289 781 πανάγιον
3321 714 3543 783 Πνεῦμα
3571 716 3817 785 ἐχρήσα-

2270 813 2349 849 το.
2385 799 2449 849 El
2488 797 2729 863 ἀπολεῖς
2766 798 2994 864 πάντας
3024 799 3164 865 τοὺς
3206 802 3542 869 λαλοῦντας
3569 806 3634 856 τὸ
3664 804 3818 872 ψεῦ-

2269 888 2393 953 δος,
2423 888 2497 951 ὣς
2525 906 2684 957 φησιν
2719 892 2747 941 ὁ
2764 889 2923 942 Δαυῖδ
2955 891 3090 959 πρὸς
3112 891 3201 944 τὸν
3228 890 3376 955 Θεὸν,
3402 895 3455 945 τί
3480 894 3661 948 λοιπὸν
3693 896 3820 947 πεί-

2272 995 2450 1032 σονται
2477 981 2526 1031 οξ
2552 979 2671 1048 μεθ’
2692 981 2869 1049 ὅρκων
2893 981 2952 1033 τὸ
2974 979 3167 1050 ψεῦδος
3197 983 3626 1051 συρῤάπτοντεςς
3656 980 3820 1037 Εἱδόν

2269 1087 2418 1131 τινας
2444 1070 2536 1122 ἐπὶ
2558 1070 2739 1139 ψεύδει
2764 1072 3207 1142 σεμνυνομένους⁹
3233 1073 3326 1125 καὶ
3344 1072 3411 1126 δι’
3432 1073 3815 1143 εὐτραπελίας,

2271 1161 2363 1212 καὶ
2415 1161 2735 1229 ἀργολογίας
2785 1162 2964 1229 γελοῖα
3008 1162 3405 1230 ὲξυφαίνοντας·
3454 1166 3547 1217 καὶ
3585 1165 3651 1218 τὰ
3703 1166 3820 1217 τῶν

2270 1251 2774 1320 προσακροωμένων
2798 1252 2965 1322 πένθη
2996 1252 3240 1315 ἐλεεινῶς
3291 1252 3367 1321 (1)
3401 1252 3823 1323 ἐξαφανίζοντας

2267 1341 2470 1394 ὁπόταν
2489 1344 2536 1394 οἱ
2557 1341 2808 1419 δαίμονες
2837 1342 3018 1395 ἴδωσιν
3042 1344 3187 1412 ἡμᾶς
3208 1343 3282 1406 ὡς
3301 1345 3364 1396 ὲκ
3386 1344 3633 1414 λοιμικῆς
3658 1346 3823 1399 νόσου

2268 1432 2367 1500 τῆς
2394 1432 2502 1485 τῶν
2532 1433 2760 1486 ἀστείων
2788 1433 3099 1503 ἀκροάσεως
3145 1435 3283 1501 μετά
3316 1433 3415 1504 τὴν
3450 1435 3826 1507 προκάταρξιν

2267 1522 2360 1574 τοῦ
2384 1522 2616 1591 χαλεποῦ
2634 1523 2920 1594 ὑφηγητοῦ
2945 1526 3245 1595 ἀναχωρεῖν
3270 1525 3672 1595 δοκιμάζοντας,
3693 1529 3825 1580 τότε

2268 1613 2451 1665 λοιπὸν
2484 1614 2633 1667 δυσὶν
2663 1617 2810 1684 ἡμᾶς
2840 1615 3105 1679 δελεάζειν
3142 1616 3478 1688 ἐπιχειροῦσι
3517 1617 3822 1687 λογισμοζς·

2267 1703 2359 1774 Μὴ
2411 1704 2657 1774 λυπήσῃς
2692 1706 2781 1771 τὸν
2824 1705 3107 1777 ἐξηγητὴν,
3140 1708 3527 1772 ὑποϐάλλοντες
3576 1710 3725 1778 ἡμῖν·
3760 1709 3828 1779 ἦ,

2269 1796 2362 1865 Μὴ
2390 1794 2709 1865 φανερώσῃς
2740 1797 2960 1849 σεαυτὸν
3004 1798 3080 1866 (2)
3115 1797 3501 1868 φιλοθεὼτερον
3531 1798 3637 1851 τῶν
3677 1814 3829 1867 παρ-

2199 1856 2243 1917 B
2273 1856 2457 1941 όντων·
2488 1856 2760 1955 ἀποπῆδα,
2790 1886 2864 1957 μὴ
2890 1856 3162 1957 χρονίσῃς.
3194 1888 3257 1940 El
3283 1887 3340 1939 δὲ
3362 1856 3458 1958 μη,
3486 1887 3543 1940 ἐν
3565 1889 3629 1958 τῇ
3653 1856 3830 1955 προσ-

2268 1983 2399 2051 ευχῇ
2449 1997 2541 2033 σου
2590 1979 2796 2033 ἔννοιαν
2836 1980 3058 2047 γελοίων
3104 1979 3495 2043 ἁνατυπῶσεις.
3525 1978 3616 2049 Μὴ
3658 1978 3831 2048 μόνον

2270 2072 2458 2138 φεῦγε,
2488 2069 2626 2124 ἀλλά
2652 2072 2746 2123 καὶ
2792 2070 2885 2123 τὸν
2917 2070 3149 2140 πονηρὸν
3189 2071 3543 2140 συνακτήριον
3585 2068 3831 2130 εὐσεϐῶς

2268 2161 2471 2224 διάλυε,
2520 2161 2746 2214 θανάτου
2788 2163 2878 2213 καὶ
2921 2160 3154 2230 κρίσεως
3199 2162 3279 2223 είς
3315 2162 3478 2231 μέσον
3519 2160 3829 2230 ὑπόμνησιν

2268 2252 2722 2322 προϐαλλόμενος*
2772 2252 2991 2322 ἄμεινόν
3027 2269 3085 2305 σε
3112 2252 3219 2323 γὰρ
3250 2253 3316 2306 ἐκ
3341 2251 3531 2306 τούτου
3566 2251 3694 2315 ἴσως
3724 2252 3830 2305 καὶ

2273 2346 2443 2415 μικρᾷ
2473 2346 2601 2413 κενῇ
2632 2343 2757 2414 δόξῃ
2787 2343 3157 2414 ραντισθῆναι,
3188 2343 3282 2398 καὶ
3326 2343 3483 2413 μόνον
3510 2344 3643 2396 πᾶσι
3683 2341 3829 2411 πρό-

2271 2435 2418 2499 ξενον
2463 2433 2727 2502 ὠφελείας
2783 2431 3093 2503 εὑρεθῆναι.
3139 2432 3215 2501 (3)
3270 2431 3587 2499 ’Υπόκρισις
3636 2432 3832 2501 μήτηρ

2268 2526 2494 2594 ψεύδους
2540 2525 2818 2587 πολλάκις,
2855 2523 2949 2578 καὶ
3004 2522 3293 2587 ὑπόθεσιςο
3327 2523 3479 2576 οὐδὲν
3523 2524 3629 2593 γάρ
3676 2538 3833 2584 τινες

2271 2619 2557 2687 ὑπόκρισιν
2612 2616 2905 2687 ὁρίζονται,
2950 2614 3065 2668 ἀλλ’
3114 2615 3149 2685 ἢ
3192 2614 3419 2685 ψεύδους
3464 2614 3691 2685 μελέτην
3728 2614 3836 2668 καὶ

2269 2709 2627 2780 δημιουργὸν·
2659 2707 3054 2776 κεκολασμένον
3103 2706 3198 2761 καὶ
3242 2704 3744 2777 συμπεπλεγμένον·
3801 2708 3837 2760 ὁ

2272 2804 2347 2872 (εί)
2378 2801 2540 2870 φόϐον
2571 2798 2775 2869 Κυρίου
2821 2797 3179 2867 κτησάμενος.
3223 2796 3523 2863 ἑξενίτευσε
3573 2794 3832 2877 ψεύδους,

2270 2890 2530 2960 δικαστὴν
2558 2888 2851 2941 ἀδέκαστον
2887 2883 3022 2955 ἔχων
3047 2884 3145 2954 τὴν
3169 2883 3304 2937 ἰδίαν
3334 2881 3657 2953 συνείδησιν.
3692 2881 3835 2935 Ὠσ-

2272 3002 2376 3055 περ
2410 2982 2466 3035 ὲν
2495 2984 2626 3035 πᾶσι
2655 2979 2767 3042 τοῖς
2801 2978 2995 3031 πάθεσι
3035 2975 3295 3046 διαφορὰν
3335 2972 3536 3044 βλάϐης
3568 2972 3839 3043 γνωρίζο-

2276 3094 2394 3147 μεν,
2424 3073 2596 3135 οὓτως
2637 3072 2729 3123 καὶ
2765 3070 2857 3123 ἐπὶ
2886 3067 2981 3123 τοῦ
3010 3065 3253 3137 ψεύδους.
3282 3062 3445 3118 Ἀλλο
3483 3062 3557 3134 (5)
3592 3062 3690 3133 μὲν
3717 3063 3839 3133 γὰρ

604 3141 756 3184 ctum
814 3148 995 3186 secum
1051 3132 1282 3197 habeat,
1336 3145 1389 3186 et
1437 3148 1741 3189 connexum
1800 3134 2165 3190 mendacium.

605 3219 705 3244 n.-2
733 3222 921 3244 n2-__-__
982 3222 1336 3244 Ιι..ξε,--1λ.-ιη-
1376 3234 1447 3244 --ι
1524 3225 1721 3244 -I!_____
1764 3237 1832 3244 __.
1877 3241 1890 3244 _
1947 3241 2057 3244 ,H-“
2090 3227 2103 3244 I

2272 3132 2331 3222 τὸ
2361 3132 2532 3237 κρῖμα
2575 3132 2666 3218 τοῦ
2698 3163 2787 3217 διὰ
2822 3160 2984 3231 φόϐον
3024 3132 3297 3221 κολάσεως
3337 3132 3683 3227 ψευδομένου·
3730 3132 3837 3207 καλ

604 3219 707 3286 Qui
733 3222 925 3278 timore
978 3222 1072 3277 Dei
1103 3224 1341 3279 imbutus
1369 3234 1472 3289 est,
1520 3225 1729 3280 alienus
1756 3237 1839 3280 est
1869 3241 1899 3280 a
1945 3227 2168 3281 menda-

604 3314 733 3378 cio;
780 3314 938 3369 habet
959 3315 1103 3369 enim
1166 3315 1536 3383 incorruptum
1575 3314 1813 3385 iudicem
1885 3316 2167 3370 conscien-

607 3407 735 3459 tiam
784 3422 957 3460 suam.
1003 3404 1470 3470 Quemadmodum
1537 3406 1588 3457 in
1640 3405 1861 3474 reliquis
1915 3404 2171 3459 omnibus

605 3497 769 3549 animi
806 3497 1010 3550 morbis
1040 3498 1328 3551 discrimen
1358 3511 1423 3550 ex
1454 3495 1653 3550 damno
1693 3495 2167 3565 deprehendimus,

607 3595 677 3639 ita
721 3596 775 3641 ct
823 3588 876 3640 in
910 3588 1212 3659 mendacio.
1242 3587 1401 3642 Aliud
1439 3588 1583 3640 enim
1611 3586 1877 3656 judicium
1928 3586 2171 3641 imminet

606 3678 680 3731 illi
717 3680 808 3746 qui
856 3678 1145 3733 formidine
1206 3694 1376 3748 pugna:
1410 3682 1711 3745 mentitur;
1764 3679 1905 3733 aliud
1947 3678 2021 3731 illi
2079 3678 2169 3745 qui

606 3769 757 3823 nullo
811 3772 1050 3838 periculo
1085 3771 1333 3840 supplicii
1398 3772 1678 3840 μισοροείιο
1722 3771 1885 3825 audet
1932 3770 2167 3823 mentiri.

607 3861 703 3917 Est
734 3864 825 3931 qui
866 3863 1155 3932 voluptatis
1186 3878 1347 3919 causa
1383 3866 1673 3927 mentitur;
1708 3864 1914 3931 estqui
1949 3870 2173 3931 propter

609 3954 870 4009 delicias:
902 3964 985 4009 est
1019 3955 1110 4024 qui
1146 3954 1408 4010 mentitur
1460 3970 1525 4007 ex
1578 3944 1883 4007 urbanitate
1933 3960 1995 4007 ut
2052 3952 2171 4006 aliis

611 4055 823 4099 moveat
862 4047 1067 4100 risum:
1123 4057 1207 4103 est
1240 4046 1469 4117 denique
1519 4045 1612 4115 qui
1678 4059 1769 4113 per
1832 4042 2171 4098 mendacium

611 4133 833 4189 insidias
857 4136 1019 4189 nectit
1047 4135 1224 4202 alteri,
1252 4146 1310 4191 ut
1335 4135 1486 4191 illum
1516 4135 1717 4191 damno
1748 4133 1930 4201 aliquo
1958 4142 2170 4188 mactet.

612 4230 958 4301 Magistratus
985 4250 1081 4305 per
1104 4246 1370 4291 tormenta
1394 4236 1741 4292 mendacium
1763 4233 2048 4306 profligant
2081 4237 2173 4291 sed

611 4330 968 4403 lacrymarum
994 4334 1344 4389 inundatione
1360 4336 1572 4404 penitus
1601 4335 1980 4405 exstinguitur.
2019 4333 2178 4405 196

609 4430 712 4495 Qui
762 4432 1103 4489 mendacium
1138 4434 1361 4504 profert,
1398 4435 1646 4506 pnetexit
1669 4436 2097 4505 dispensationes
2123 4443 2178 4488 et

2274 3261 2456 3332 ἕτερον
2487 3257 2568 3321 τὸ,
2600 3255 2842 3310 κινδύνου
2875 3252 2949 3325 μὴ
2978 3249 3336 3324 προκειμένου
3362 3246 3667 3318 ψεύδεσθαι.
3700 3246 3839 3299 Ἀλ-

2274 3353 2362 3414 λος
2411 3351 2497 3403 διὰ
2538 3348 2750 3419 τρυφὴν
2792 3344 3079 3414 ἐψεύσατο,
3133 3340 3317 3411 ἕτερος
3357 3338 3445 3393 διὰ
3493 3336 3833 3408 φιληδονίανο

2273 3440 2429 3504 ἄλλος
2460 3440 2547 3491 ἵνα
2564 3440 2675 3500 τοῖς
2699 3434 2932 3506 παροῦσι
2964 3431 3281 3503 προξενήσῃη
3300 3428 3529 3496 γέλωτα,
3558 3428 3741 3499 ἕτερος
3769 3426 3837 3481 δὲ

2276 3538 2361 3589 ἶνα
2382 3532 2458 3604 τῷ
2479 3529 2692 3601 ἀδελφῷ
2718 3525 3091 3597 ἐπιϐουλεύσῃ,
3121 3523 3217 3578 καὶ
3245 3520 3432 3575 τοῦτον
3463 3522 3833 3591 κακοποιήσῃ.

2287 3628 2385 3682 Ἐκ
2417 3623 2661 3694 βασάνων
2706 3617 2984 3691 ἀρχόντων
3034 3615 3372 3683 ἐξαλείφεται
3418 3610 3635 3682 ψεῦδος·
3672 3612 3737 3664 ὲκ
3771 3610 3837 3664 δὲ

2274 3714 2523 3787 δακρύων
2553 3713 2787 3778 πλήθους
2816 3711 2895 3773 εἰς
2918 3709 3067 3773 τέλος
3092 3704 3391 3759 ἀπόλλυται
3435 3701 3835 3774 προφασίζεται

2274 3804 2581 3876 οἰκονομίας
2640 3804 2670 3855 ό
2714 3801 2940 3873 ψεύδους
2985 3795 3301 3868 προϐολεὺς,
3356 3794 3452 3848 καὶ
3485 3792 3836 3855 δικαιοσύνας

2276 3898 2535 3961 πολλάκις
2554 3894 2829 3963 λογίζεται
2859 3891 2958 3955 τάς
2986 3887 3163 3960 ψυχῆς
3193 3888 3489 3948 ἀπωλείας.
3521 3885 3630 3957 Τῆς
3656 3884 3832 3939 Ῥαὰϐ

2280 3991 2521 4065 μιμητὴν
2556 3988 2746 4041 ἑαυτὸν
2790 3980 3179 4054 τεκμαίρεσθαι
3226 3977 3630 4050 ψευῶπλάστης
3660 3976 3830 4048 ἀνὴρ,

2275 4085 2369 4137 καὶ
2404 4082 2470 4134 δι’
2496 4078 2769 4141 ἀπωλείας
2792 4073 2996 4137 οἰκείας
3046 4073 3145 4145 τὴν
3171 4072 3363 4142 ἑτέραν
3384 4069 3651 4141 σωτηρίαν
3677 4067 3833 4135 λέγει

2277 4169 2780 4244 πραγματεύεσθαι.
2823 4165 3055 4220 Ὀπόταν
3083 4161 3308 4234 ψεύδους
3352 4163 3429 4225 είς
3462 4161 3607 4215 ἅπαν
3649 4157 3824 4212 καθα-

2279 4264 2579 4339 ρεύσωμεν,
2607 4262 2727 4314 τότε
2746 4258 2876 4313 αὐτὸ
2901 4257 3037 4329 μετά
3060 4254 3224 4327 φόϐου
3259 4254 3353 4308 καὶ
3370 4250 3561 4325 καιροῦ
3597 4248 3831 4304 καλοῦν-

2275 4376 2366 4421 τος
2400 4356 2737 4424 ὑπέλθωμεν.
2764 4351 2875 4404 Οὐκ
2906 4347 3046 4405 οἶδεν
3078 4350 3267 4420 νήπιον
3288 4346 3499 4418 ψεῦδοςο
3526 4343 3646 4398 οὐδὲ
3678 4342 3832 4415 ψυχὴ

2278 4447 2538 4518 πονηρίας
2572 4443 2929 4514 ἑστερημένη.
2970 4441 3030 4494 '0
3051 4438 3179 4510 οίνῳ
3210 4434 3531 4508 εύφρανθεὶς
3556 4430 3834 4495 ἀκουσίως

608 4529 831 4585 exitium
870 4532 1194 4597 animarum,
1222 4530 1487 4601 justitiam
1520 4535 1923 4604 interpretatur.
1982 4534 2170 4589 Archi-

2285 4538 2561 4611 ἁληθεύσῃ
2614 4537 2692 4597 είς
2718 4536 2915 4587 πάνταο
2948 4532 3042 4586 καὶ
3071 4533 3100 4586 ό
3136 4528 3425 4602 μεθυσθεὶς
3452 4523 3736 4591 κατανύξει
3762 4524 3844 4577 οὐ¹

611 4641 781 4685 tectus
816 4633 1079 4688 mendacii
1113 4650 1171 4691 se
1200 4632 1350 4691 Raab
1378 4636 1682 4692 meretricis
1727 4634 2032 4705 exemplum
2086 4653 2173 4691 se-

2279 4635 2561 4705 δυνήσεται
2584 4625 2906 4695 ψεύσασθαι.

611 4729 704 4795 qui
731 4728 960 4784 aﬂirmat
988 4731 1052 4794 “,
1082 4741 1136 4786 et
1172 4716 1300 4787 dum
1327 4745 1385 4785 se
1415 4730 1590 4800 ipsum
1623 4734 1816 4805 perdit,
1850 4731 2079 4787 aliorum
2119 4749 2177 4789 se
2209 4734 2434 4789 salutem
2486 4737 2780 4795 procurare
2837 4727 3085 4774 testatur.
3124 4717 3225 4773 Ubi
3256 4730 3355 4771 nos
3401 4713 3470 4770 ab
3506 4713 3654 4770 omni
3677 4725 3832 4766 men-

613 4820 777 4875 tiendi
851 4822 1086 4877 vanitate
1130 4824 1329 4881 liberos
1382 4825 1735 4891 senserimus,
1776 4836 1891 4879 tum
1954 4824 2172 4879 demum
2206 4825 2327 4880 loco
2374 4833 2429 4877 et
2480 4831 2583 4873 usu
2620 4815 2887 4885 exigente,
2909 4826 3015 4908 non
3042 4811 3163 4908 sine
3188 4809 3612 4908 timor-etamen,

613 4911 789 4984 doque
826 4914 1009 4972 licebit
1049 4930 1207 4972 caute
1254 4917 1593 4975 mendacium
1643 4917 1930 4989 subjicere.
1994 4913 2177 4972 Infans
2210 4913 2424 4971 mentiri
2482 4910 2675 4968 nescit,
2718 4914 2779 4959 ut
2826 4912 2881 4958 et
2920 4903 2990 4959 ab
3014 4900 3166 4958 omni
3226 4898 3448 4956 sceleris
3506 4892 3833 4965 improbita-

613 5018 826 5079 tepura
859 4998 1060 5067 anima.
1116 5009 1184 5066 Ut
1240 5009 1371 5066 vino
1425 5010 1758 5067 exhilaratus
1801 5011 1963 5067 etiam
2020 5010 2209 5065 nolens
2269 5020 2457 5064 verum
2517 5018 2612 5074 per
2678 4998 2859 5057 omnia
2918 4997 3068 5063 dicit,
3128 4994 3201 5048 ita
3260 4992 3527 5063 lacrymas
3566 4998 3839 5055 comptu!”

613 5101 806 5158 ctionis
850 5088 1034 5159 ebrius
1063 5118 1169 5159 non
1210 5103 1409 5173 poterit
1448 5102 1684 5158 mentiri.

681 5191 943 5262 Quisquis
986 5193 1129 5249 hunc
1159 5193 1540 5250 duodecimum
1587 5194 1811 5264 gradum
1867 5194 2161 5265 superavit,

613 5285 856 5338 omnium
928 5285 1188 5339 virtutum
1218 5284 1629 5341 fundamentum
1659 5283 1862 5355 posuit,
2059 5289 2061 5291 ’

2354 5180 2636 5243 Ἀνάϐασις
2658 5177 2955 5249 δωδεκάτηο
2985 5175 3015 5229 ό
3038 5169 3379 5242 ιπιϐεϐηκὼς
3417 5166 3573 5240 ῥίζαν
3595 5166 3706 5222 τῶν
3724 5184 3837 5224 κι-

2278 5274 2386 5330 λῶν
2412 5273 2693 5343 κέκτηται.

686 5460 735 5491 ’⁵⁵
760 5461 900 5518 Psal.
923 5477 972 5525 ν,
994 5459 1046 5515 7.
1123 5462 1165 5491 ⁸⁸
1203 5458 1370 5517 Josue
1402 5474 1463 5525 ιι,
1504 5457 1525 5511 1
1559 5474 1712 5531 seqq.
