4050 6338
641 448 746 511 859

1880 447 1940 505 S.
1964 446 2274 507 JOANNIS
2302 449 2607 511 CLIMACI

3735 458 3842 521 860

638 555 803 623 proba
866 555 1116 607 \itiorum
1176 562 1364 609 catena
1416 554 1824 623 assignavimus.
1874 558 2068 611 Acedia
2114 569 2185 611 esl

2301 560 2573 628 μόζουσαν
2594 563 2743 634 αύτῷ
2779 565 2931 629 τάξιν
2973 566 3031 619 ἑν
3063 568 3128 638 τῇ
3177 569 3384 640 πονηρᾷ
3406 569 3591 623 ἁλύσει
3618 570 3841 624 ἀπενεί-

638 647 803 697 nnimi
871 646 1140 707 remissio,
1192 647 1389 700 mentis
1446 648 1739 707 enervatio,
1788 646 2060 715 neglectus
2108 662 2192 701 rc-

638 735 837 800 lugiusze
873 735 1291 797 exercitationis,
1344 733 1526 786 odium
1561 733 1935 802 professionis,
2003 735 2192 788 lauda-

637 826 739 876 trix
772 840 949 875 rerum
979 826 1338 888 saecularium,
1391 840 1511 893 qua:
1541 840 1646 878 non
1709 824 1869 894 198
1934 840 2194 880 verecun—

634 913 799 963 datur
847 911 1011 965 Deum
1050 915 1222 981 ipsum
1256 914 1593 975 calumniari,
1625 914 1764 981 quod
1816 915 1885 966 sit
1921 913 2090 967 durus
2142 922 2195 967 et

640 1002 883 1054 immitis.
966 1001 1239 1070 Languida
1295 1013 1376 1056 est
1438 1004 1489 1055 in
1564 1018 1714 1056 sacra
1753 1002 2069 1070 psalmodia,
2127 1002 2191 1054 ail

640 1108 825 1159 preces
873 1092 1119 1157 inﬁrma,
1161 1092 1330 1145 ferrea
1359 1093 1423 1145 ad
1481 1092 1800 1154 ministeria,
1858 1093 2079 1161 impigra
2126 1092 2193 1146 ad

638 1186 850 1238 labores
896 1195 1168 1246 externos,
1205 1184 1325 1237 ticta
1350 1184 1416 1235 ad
1468 1184 1783 1251 parendum.
1821 1181 1912 1235 Vir
1940 1185 2193 1240 obediens

638 1277 809 1329 nescit
835 1275 963 1344 quid
992 1277 1059 1329 sit
1099 1276 1330 1343 ignavia.
1368 1290 1462 1343 per
1496 1276 1735 1329 actiones
1773 1287 2022 1329 externas
2046 1292 2194 1330 men-

636 1363 742 1421 tein
778 1369 1007 1437 perlicit.
1037 1366 1357 1422 Cmnobium
1412 1377 1668 1435 repugnat
1733 1366 1948 1423 acediaa.
2007 1366 2191 1422 Virum

636 1456 938 1509 solitarium
971 1457 1169 1524 ubique
1207 1456 1496 1508 comitatur
1527 1456 1733 1520 acedia,
1769 1472 1866 1510 nec
1890 1466 2015 1511 aute
2046 1473 2191 1511 mor-

636 1558 744 1598 tem
796 1546 941 1598 illum
983 1545 1198 1607 deserit,
1236 1546 1327 1600 sed
1362 1546 1425 1598 ad
1477 1545 1633 1599 linem
1683 1561 1853 1613 usque
1895 1546 2016 1601 vita:
2051 1562 2191 1615 quo-

640 1638 765 1690 tidie
791 1645 1083 1704 oppugnat.
1116 1636 1217 1689 Ubi
1258 1637 1595 1689 anachoreta:
1643 1637 1828 1689 cellam
1860 1637 2023 1699 videt,
2058 1636 2186 1689 sub-

638 1729 795 1789 ridet,
883 1735 937 1778 et
988 1726 1206 1794 propius
1255 1726 1539 1789 accedens,
1592 1726 1745 1793 juxta
1804 1726 1952 1780 illum
2009 1727 2188 1781 sedem

638 1819 806 1885 ponit.
849 1816 1085 1871 Medicus
1112 1832 1283 1887 aegros
1332 1833 1487 1871 mane
1515 1818 1735 1873 invisit:
1769 1818 1952 1875 acedia
1977 1819 2188 1886 religio-

638 1925 727 1963 sos
766 1909 867 1963 sub
903 1909 1198 1964 meridiem.
1229 1910 1425 1964 Acedia
1450 1910 1645 1980 gaudet
1669 1909 1965 1979 frequentia
2003 1909 2183 1978 hospi-

638 2009 772 2061 tum,
804 2009 852 2051 el
892 2016 919 2050 ιι
1124 2000 1522 2063 ~anachoretam,
1556 2009 1613 2053 ιιι
1648 2014 1824 2068 operae
1859 2001 2086 2069 pretium
2104 1998 2185 2055 fa-

636 2090 763 2152 ciat,
803 2105 911 2157 quo
962 2103 1129 2159 possll
1161 2091 1530 2162 ileernosynas
1581 2090 1804 2161 largiri:
1837 2092 2083 2145 hortatur
2126 2101 2185 2147 ut

634 2178 762 2245 :egri
795 2187 1011 2233 strenue
1069 2179 1389 2244 invisainur,
1421 2181 1475 2233 in
1518 2180 1832 2234 memoriam
1886 2180 2185 2237 revocando

636 2268 765 2321 illud
792 2268 1033 2322 Christi:
1072 2268 1323 2338 Inﬁrmus
1368 2286 1533 2334 eram,
1571 2279 1621 2323 et
1658 2271 1866 2325 venistis
1892 2271 1962 2324 ad
1996 2286 2075 2324 me
2099 2269 2183 2337 “;

635 2370 786 2426 rogat
820 2367 877 2411 ut
897 2358 964 2411 ad
988 2361 1422 2430 desperabundos
1441 2371 1494 2416 et
1512 2362 1877 2430 pusillanimes
1904 2362 2183 2431 adeamus,

634 2451 970 2518 suggerendo
1018 2451 1377 2509 consolandos
1422 2468 1542 2509 esse
1604 2454 1993 2523 pusillanimes,
2058 2471 2183 2511 cum

634 2539 748 2607 ipsa
800 2541 871 2594 sit
916 2542 1295 2609 pusillanimis.
1353 2542 1495 2598 Inter
1538 2558 1726 2613 preces
1773 2547 1985 2617 negotia
2038 2562 2185 2617 qua:-

631 2630 754 2682 dam
785 2640 1039 2699 tanquam
1071 2633 1376 2687 necessaria
1406 2633 1663 2704 suggerit,
1695 2643 1749 2689 et
1815 2636 2019 2690 nullum
2075 2651 2182 2691 non

634 2727 814 2771 movet
842 2719 1068 2788 lapidein
1104 2729 1162 2775 ut
1187 2737 1287 2777 nos
1324 2722 1487 2776 stulta
1523 2722 1669 2777 velut
1694 2723 1919 2792 sapienti
1949 2724 2185 2794 capistro

632 2825 662 2861 a
714 2810 961 2877 precibus
1013 2812 1225 2866 avellat.
1265 2810 1463 2868 Tribus
1494 2814 1644 2869 horis
1670 2823 1792 2869 ante
1827 2830 2037 2870 caenam
2071 2816 2183 2885 spi—

633 2899 768 2952 ritus
818 2900 1016 2954 accdia:
1086 2909 1252 2955 tentat
1291 2902 1589 2973 religiosos,
1645 2914 1700 2958 et
1751 2919 1895 2959 nunc
1962 2906 2184 2961 horrore

633 2986 895 3056 percellit,
955 3003 1101 3041 nunc
1144 2988 1328 3043 dolore
1360 2990 1576 3058 capitis,
1626 3006 1769 3045 nunc
1821 2990 1976 3058 lehri,
2038 3007 2182 3049 nunc

633 3079 891 3147 vertigine
927 3087 1160 3149 torquet.
1196 3079 1335 3135 [lora
1369 3096 1509 3135 nona
1554 3083 1695 3151 (quae
1734 3082 1885 3137 tertia
1908 3092 1991 3138 est
2043 3082 2181 3153 apud

2298 670 2495 721 μαμεν.
2536 655 2755 723 Ἀκηδία
2794 657 2910 709 ἐστὶ
2958 660 3183 729 πάρεσις
3217 658 3393 729 ψυχῆς
3440 662 3537 730 (ι),
3579 662 3677 714 καὶ
3721 662 3840 725 νοὸς

2293 743 2531 807 ἔκλυσις,
2574 746 2829 813 ὀλιγωρία
2892 750 3191 819 ἀσκήσεως,
3230 754 3387 820 μῖσος
3427 752 3522 805 τοῦ
3566 754 3833 822 ἐπαγγέλ-

2296 849 2483 900 ματος,
2517 836 2794 903 κοσμικῶν
2831 840 3215 908 μακαρίστρισ,
3238 840 3370 894 Θεοῦ
3398 842 3726 914 διαὸλήτωρ,
3760 846 3834 907 ὡς

2293 923 2638 991 ἀσπλάγχνου
2676 927 2768 978 καὶ
2811 927 3245 998 ἀφιλανθρώπου,
3287 932 3469 984 ἀτονία
3502 933 3832 1004 ψαλμῳδίας,

2293 1014 2350 1064 ἐν
2381 1018 2652 1085 προσευχῇ
2691 1017 3008 1080 ἀσθενοῦσα,
3038 1022 3097 1071 ὲν
3124 1020 3366 1091 διακονίᾳ
3399 1022 3609 1093 σιδηρᾷ,
3648 1027 3707 1077 ὲν
3739 1025 3833 1095 ἱρ-

2219 1165 2231 1173 ,
2293 1104 2525 1173 γοχείρῳ
2564 1105 2772 1169 ἄοκνος,
2803 1109 2861 1160 ὲν
2894 1109 3104 1180 ὑπακοῇ
3128 1110 3348 1181 δόκιμος
3371 1113 3470 1182 (α).
3512 1114 3675 1185 ’Δνὴρ
3705 1118 3843 1170 ὑπο-ν

2290 1196 2545 1257 τακτικὸς
2577 1196 2932 1264 ἀγνώριστος,
2990 1199 3077 1253 διὰ
3121 1200 3229 1253 τῶν
3272 1203 3545 1273 αἰσθητῶν
3574 1205 3640 1258 τά
3672 1208 3834 1275 νσητὲ

2293 1282 2671 1352 κατορθωκώς.
2735 1287 3014 1340 Κοινόόιον
3085 1289 3314 1360 ἀκηδίας
3386 1292 3672 1346 ἀντίπαλον
3718 1293 3832 1364 (ΞΥ

2291 1371 2443 1442 ἀνδρὶ
2480 1372 2537 1425 δὲ
2584 1366 2857 1445 ἡσυχαίττῇ
2894 1376 3123 1445 σύζυγος
3168 1376 3401 1441 αἰώνιος,
3453 1381 3556 1450 πρὸ
3605 1382 3832 1436 θανάτου

2292 1459 2453 1512 αὐτοῦ
2482 1460 2541 1514 ού
2572 1463 2646 1531 μὴ
2675 1463 3059 1534 ἀποστήσεταιι
3082 1481 3095 1494 ’
3127 1470 3222 1519 καὶ
3260 1468 3366 1535 πρὸ
3399 1470 3647 1540 τελευτῆς
3671 1470 3833 1524 αὐτοῦ

2291 1549 2609 1622 καθημέραν
2663 1552 2938 1608 παλαίσει.
2990 1554 3199 1609 Κέλλαν
3242 1557 3593 1629 ἀναχωρητοῦ
3654 1559 3835 1613 [δοῦσα

2290 1642 2585 1710 ἐμειδίασε,
2641 1646 2734 1698 καὶ
2770 1646 3176 1715 προσεγγίσασα
3216 1647 3364 1718 αὐτῷ
3418 1650 3640 1721 πλησίον
3667 1652 3836 1723 ἐσκή-

2290 1749 2458 1785 νωσεν
2489 1734 2585 1802 (5).
2642 1735 2843 1804 Ἰατρὸς
2898 1736 3187 1802 νοσοῦντας
3216 1738 3383 1793 ἔωθεν
3407 1740 3793 1794 ὲπισκέπτεται
3813 1756 3831 1772 ⁶

2290 1823 2385 1876 καὶ
2420 1824 2617 1893 ἀκηδία
2642 1825 2941 1889 ἀσκοῦντας
2993 1830 3119 1901 περὶ
3146 1829 3307 1898 μέσον
3336 1831 3578 1903 ἡμέρας.
3610 1832 3833 1889 Ξενοδο-

2284 1916 2405 1986 χεῖα
2444 1915 2670 1984 ἀκηδίας
2723 1916 2979 1989 ύποδολὴ,
3025 1920 3119 1972 καὶ
3154 1922 3520 1991 ἐλεημοσύνας
3569 1922 3636 1977 δι’
3672 1925 3835 1998 ἐργο-

2280 2005 2480 2077 χείρων
2506 2006 2744 2060 δυσωπεῖ
2782 2006 3133 2080 ἐργάζεσθαι.
3190 2012 3831 2072 Ἐπισκέπτεσθαιάσθε-

2279 2096 2499 2161 νοῦντας
2518 2099 2873 2170 προτρέπεται
2894 2101 3206 2173 προθύμως,
3229 2103 3710 2177 ὑπομιμνήσκουσα
3735 2109 3834 2164 τοῦ

2280 2188 2526 2255 λέγοντος
2539 2205 2554 2220 ·
2583 2190 2870 2258 Ἀσθενὴς
2885 2191 3047 2260 ἥμην
3065 2194 3164 2246 καὶ
3178 2194 3388 2262 ἤλθετε
3413 2199 3561 2265 πρός
3570 2216 3665 2267 με.
3685 2202 3833 2270 Πρὸς

2278 2277 2620 2347 ἀθυμοῦντας
2674 2280 2768 2332 καὶ
2814 2281 3161 2353 ὀλιγοψύχους
3199 2285 3436 2339 δυσωπεῖ
3462 2288 3790 2361 ἀπέρχεσθαι
3809 2307 3828 2323 ο

2280 2369 2616 2438 παρακαλεῖν
2630 2387 2687 2423 τε
2698 2371 2819 2434 τοὺς
2834 2371 3180 2442 ὀλιγοψύχους
3201 2376 3234 2445 ἡ
3255 2377 3567 2448 όλιγόψυχος
3593 2381 3828 2435 ὑποϐάλ-

2278 2456 2477 2512 λουσα·
2506 2459 2563 2511 ἐν
2591 2465 2864 2531 προσευχῇ
2903 2462 3197 2527 σταθέντας
3224 2467 3537 2534 ἀναγκαίων
3570 2473 3828 2540 πραγμά-

2279 2563 2387 2601 των
2419 2549 2842 2622 ύπομιμνήσκει,
2894 2554 2988 2606 καὶ
3026 2556 3203 2607 πᾶσαν
3237 2557 3483 2629 μηχανὴν
3509 2563 3655 2614 ποιεῖ
3684 2562 3828 2615 ὲ.κεί-

2281 2639 2372 2693 θεν
2399 2641 2574 2723 ἡμᾶς,
2598 2642 2797 2714 φορδιᾷ
2847 2644 3049 2716 εὐλόγῳ
3091 2647 3363 2719 ἀποσύραι
3394 2651 3427 2719 ἠ
3461 2649 3666 2719 ἄλογος.
3699 2652 3827 2723 Τρί-

2278 2746 2419 2799 ωρον
2468 2721 2669 2802 φρίκην
2721 2735 2813 2785 καὶ
2861 2734 3248 2804 κεφαλαλγίαν,
3305 2739 3568 2811 πρότερόν
3614 2758 3675 2795 τε
3724 2721 3823 2796 καὶ

2283 2820 2510 2890 στρόφον
2539 2822 2767 2892 ἀκηδίας
2792 2824 2996 2896 δαίμων
3020 2828 3305 2899 πεποίηκε.
3332 2830 3446 2899 Τῆς
3472 2833 3827 2908 ὲννάτης.κα-;

2279 2908 2619 2981 ταλαδούσης
2664 2915 2855 2985 μικρὸν
2901 2917 3189 2970 ἀνένευσε’
3217 2919 3317 2988 τῆς
3352 2936 3412 2972 τε
3442 2920 3718 2992 τραπέζης
3743 2940 3829 2976 τε·

2288 3000 2492 3071 θείσης,
2522 3004 2619 3071 τῆς
2648 3008 2931 3073 στρωμνῆς
2959 3006 3196 3076 ὲπήδησε
3224 3022 3238 3036 ⁸
3270 3009 3362 3061 καὶ
3402 3011 3498 3080 τῆς
3533 3012 3694 3081 εύχῆς
3729 3030 3829 3066 κα-

2279 3088 2614 3160 ταλαϐούσης
2655 3092 2814 3143 πάλιν
2838 3093 2899 3145 τὸ
2944 3094 3102 3164 σῶμα
3160 3096 3476 3169 βεϐάρηται.
3528 3100 3629 3153 Ἐνι
3655 3120 3827 3172 προσ-

633 3183 735 3222 nos
788 3169 1176 3237 pomeridiana)
1210 3171 1545 3237 imminente,
1586 3173 1975 3241 aliquantulum
2008 3174 2180 3243 respi-

2284 3184 2414 3251 ευχῇ
2487 3182 2747 3237 σταθέντα
2805 3183 2883 3254 τῷ
2941 3183 3094 3257 ὕπνῳ
3131 3188 3415 3255 ὲδάπτισε,
3459 3193 3554 3245 καὶ
3597 3169 3829 3264 χάσμοις

635 3268 738 3312 rat.
771 3259 841 3312 At
881 3276 1065 3315 mensa
1113 3260 1223 3328 jam
1269 3264 1464 3329 posita,
1528 3264 1709 3317 exsilit
1761 3279 1793 3317 e
1851 3265 2034 3318 lecto:
2091 3266 2183 3319 ubi

635 3360 848 3419 tempus
887 3352 1139 3419 precandi
1187 3353 1343 3419 redit,
1397 3369 1614 3409 rursum
1642 3370 1837 3423 corpus
1895 3356 2185 3426 gravedine

634 3442 873 3509 languet.
930 3441 1073 3496 Inter
1103 3444 1245 3510 ipsas
1294 3461 1420 3499 vero
1477 3446 1587 3515 jam
1646 3462 1832 3515 preces
1880 3456 2185 3502 versantem

640 3529 800 3597 199
832 3546 1023 3583 somno
1067 3540 1236 3584 totum
1282 3534 1477 3602 mergit
1509 3542 1564 3586 et
1605 3534 1809 3602 irrigat,
1852 3531 2115 3602 {cedisque
2133 3542 2188 3587 et

637 3616 961 3683 illipol'wllls
1010 3618 1421 3673 oscitationibus
1455 3627 1509 3672 et
1542 3617 1847 3689 gannitibus
1882 3633 2096 3675 versum
2120 3636 2187 3675 ex

635 3722 731 3759 ore
765 3706 1044 3774 psallentis
1068 3707 1312 3777 subripit.
1361 3709 1578 3763 (laeteris
1606 3710 1750 3763 vitiis
1780 3709 1985 3777 singula
2006 3710 2188 3779 singu-

635 3798 714 3849 las
737 3799 960 3853 virtutes
996 3809 1252 3853 enervant
1278 3817 1294 3864 ;
1329 3801 1514 3853 acedia
1536 3816 1663 3854 vero
1687 3801 1937 3869 religioso
1960 3811 2185 3855 mortem

637 3886 791 3938 all‘ert
811 3887 1136 3953 generalem.
1166 3886 1433 3942 Generosa
1458 3903 1608 3943 mens
1627 3900 1930 3954 emortuum
1948 3890 2183 3944 animum

638 3976 691 4028 iu
717 3978 878 4030 vitam
908 3987 1140 4032 revocat.
1178 3979 1375 4035 Acedia
1409 3995 1536 4035 vero
1563 3990 1617 4035 et
1650 3981 1859 4051 ignavia
1888 3992 2057 4037 totum
2080 3982 2188 4035 vir-

637 4068 767 4121 tutis
804 4069 1111 4122 thesaurum
1159 4071 1398 4139 dissipat.
1436 4071 1538 4126 Sed
1575 4086 1700 4126 cum
1740 4074 1840 4129 hoc
1876 4074 2065 4129 vitium
2114 4074 2187 4129 sit

637 4171 805 4207 unum
838 4172 904 4209 ex
925 4166 1047 4211 octo
1074 4158 1397 4227 capitalibus
1423 4162 1822 4230 gravissimum,
1853 4173 2097 4231 superest
2127 4173 2186 4220 ut

633 4247 698 4298 de
720 4261 784 4301 eo
815 4247 1035 4315 perinde
1064 4258 1223 4317 atque
1247 4250 1368 4306 aliis
1397 4259 1704 4307 tractemus.
1737 4250 1841 4307 Sed
1865 4263 1920 4307 et
1958 4257 2059 4312 hoc
2087 4257 2185 4312 ad-

641 4337 917 4404 dendum‘;
978 4339 1289 4396 intermisso
1346 4342 1673 4411 psalmorum
1732 4334 1936 4411 cantu,
2000 4347 2185 4402 acedia

636 4426 809 4479 llulal‘i
836 4440 943 4479 non
985 4436 1198 4494 potest:
1227 4440 1442 4499 peracto
1462 4446 1591 4485 vero
1635 4447 1803 4500 penso
1846 4433 1983 4487 oculi
2021 4435 2188 4490 reclu-

2284 3272 2531 3343 ἀκαίροις
2550 3273 2643 3325 τοῦ
2670 3274 2929 3344 στόματος
2954 3278 3044 3345 τὸν
3068 3279 3247 3349 στίχον
3275 3281 3591 3351 διήρπασεν.
3623 3285 3703 3338 Τά
3725 3287 3827 3356 μέν

2284 3360 2446 3413 λοιπὰ
2484 3363 2628 3433 πάθη
2668 3367 2765 3435 μιᾷ
2790 3383 2895 3418 τινι
2938 3367 3107 3439 ἀρετῇ
3151 3370 3378 3424 ἕκαστον
3408 3372 3586 3426 αὐτῶν
3622 3378 3829 3449 κατήρ-

2285 3467 2467 3520 γηται.
2512 3452 2731 3523 Ἀκηδία
2762 3456 2818 3506 δὲ
2846 3456 2923 3526 τῷ
2952 3459 3170 3529 μοναχῷ
3193 3463 3539 3532 περιεκτικδς
3564 3465 3792 3532 θάνατος
3810 3483 3826 3498 ’

2285 3542 2503 3611 ἀνδρεία
2559 3542 2704 3615 ψυχὴ
2746 3544 2873 3600 νοῦν
2923 3547 3259 3605 ἀποθανόντα
3285 3552 3832 3627 ἀνέπησενοάκηδία

2283 3632 2341 3684 δὲ
2370 3632 2463 3684 καὶ
2489 3634 2719 3704 ὀκνηρία
2762 3636 2883 3689 ὅλον
2915 3639 3004 3692 τὸν
3048 3641 3273 3696 πλοῦτον
3299 3644 3639 3714 ὲσκόρπισεν.
3680 3648 3829 3713 Ἐνδς

2284 3723 2379 3775 καὶ
2428 3722 2615 3776 τούτου
2668 3726 2764 3778 καὶ
2805 3727 3021 3783 πάντων
3059 3731 3358 3802 βαρυτάτου
3407 3734 3515 3788 τῶν
3543 3737 3687 3791 ὀκτὼ
3727 3739 3829 3808 τῆς

2282 3814 2477 3877 κακίας
2527 3819 2841 3886 προστατῶν
2897 3820 3229 3890 ὑπάρχοντος
3288 3824 3431 3878 κατὰ
3485 3828 3585 3897 τὴν
3606 3830 3828 3884 ἐκείνων

2281 3904 2621 3972 ἀκολουθίαν,
2670 3908 2763 3961 καὶ
2812 3909 2869 3961 ἐν
2913 3910 3087 3982 τούτῳ
3148 3914 3479 3985 ποιήσωμεν.
3532 3917 3675 3987 Πλὴν
3727 3921 3827 3974 κά-

2282 3996 2426 4044 κεῖνο
2460 3995 2836 4065 προσθήσομεν
2855 4012 2869 4025 ·
2897 3998 3213 4071 ψαλμῳδίας
3249 4002 3323 4074 μὴ
3362 4006 3659 4076 παρούσης.
3689 4009 3826 4079 ἀκη-

2281 4081 2369 4135 δία
2416 4085 2475 4136 ού
2513 4085 2760 4153 φαίνεται
2795 4103 2808 4117 ·
2846 4092 2942 4141 καὶ
2990 4091 3209 4153 κανόνος
3244 4092 3581 4158 τελεσθέντος
3624 4097 3846 4167 όφθαλ-.

2285 4176 2377 4244 μοὶ⁴
2399 4175 2795 4248 διηνοίχθησαν.
2836 4180 2922 4234 Ἐν
2945 4181 3118 4251 καιρῷ
3146 4182 3369 4253 ἀκηδίας
3386 4188 3434 4239 οἱ
3455 4185 3671 4256 βιασταὶ
3697 4190 3821 4259 φαί-

2283 4282 2462 4319 νονται
2487 4285 2499 4297 ·
2538 4268 2690 4322 οὐδὲν
2724 4270 2832 4340 γὰρ
2882 4272 3173 4338 στεφάνους
3222 4275 3469 4345 προξενεί
3504 4277 3581 4341 ὡς
3624 4280 3824 4349 ἀκηδία

2284 4357 2517 4427 μοναχᾴ
2549 4361 2913 4430 Κατανόησον,
2931 4363 3024 4414 καὶ
3048 4365 3297 4436 εὑρήσεις
3330 4368 3389 4419 ὲν
3414 4369 3481 4437 τῇ
3513 4370 3695 4424 στάσει
3715 4368 3822 4422 τῶν

2283 4449 2456 4502 ποδῶν
2496 4452 2859 4508 παλαίουσαν·
2896 4455 2989 4507 καὶ
3014 4457 3072 4509 ἐν
3120 4458 3355 4530 καθέδρᾳ
3398 4462 3701 4516 ἀνακλίνειν
3735 4462 3821 4515 δο-

634 4517 834 4570 duutur
851 4514 1230 4591 [aperiuntur].
1252 4520 1463 4575 Acedia:
1482 4531 1716 4589 tempore
1735 4534 1983 4593 apparent
2008 4526 2065 4589 ii,
2088 4526 2181 4594 qui

2282 4539 2520 4606 κιμάζει,
2542 4539 2620 4609 τῷ
2640 4534 2801 4610 τοίχῳ
2829 4541 2920 4596 τὸν
2962 4543 3160 4616 κέλλης
3190 4514 3566 4613 παρακύπτειν
3595 4514 3820 4620 προτρέ-

546 4653 551 4658 .
634 4607 735 4660 sibi
755 4608 860 4659 vim
886 4608 1120 4663 inl‘erunt
1137 4611 1349 4665 violenti
1372 4629 1389 4667 :
1413 4612 1545 4666 nihil
1565 4613 1705 4665 enim
1725 4624 1806 4668 est
1823 4614 1966 4684 quod
1994 4624 2071 4669 tot
2092 4632 2180 4671 co-

636 4713 797 4751 ronas
830 4700 1001 4767 pariat
1031 4702 1313 4767 monacho,
1342 4712 1473 4770 quot
1508 4718 1683 4774 pugna
1704 4719 1824 4757 cum
1848 4705 2050 4760 acedia.
2074 4707 2182 4761 Ob-

633 4802 809 4847 serva.
824 4798 877 4842 et
891 4790 1253 4857 deprehendes
1273 4792 1341 4846 ab
1358 4792 1467 4857 illa,
1493 4794 1798 4850 insistentes
1827 4798 2047 4864 pedibus
2067 4799 2182 4852 suis

631 4880 947 4949 oppugnari,
974 4881 1219 4937 sedentes
1252 4892 1311 4937 ut
1340 4882 1393 4937 in
1426 4884 1573 4938 cellae
1597 4887 1824 4953 parietes
1850 4887 2101 4942 inclinent
2126 4898 2179 4941 et

630 4970 1072 5039 circumspiciant
1119 4973 1356 5039 invitari,
1415 4986 1468 5030 ct
1510 4978 1788 5044 strepitum
1835 4980 2211 5048 sonitumque

632 5060 856 5128 pedibus
888 5063 1138 5117 excitent.
1156 5063 1259 5129 Qui
1287 5065 1432 5132 luget
1472 5067 1705 5123 animam
1729 5084 1905 5133 suam,
1939 5070 2072 5124 liber
2097 5080 2179 5126 est

630 5152 701 5205 ab
732 5152 938 5206 acedia.
976 5152 1131 5208 Enim
1185 5170 1312 5210 vero
1361 5157 1630 5211 vinciatur
1651 5168 1705 5213 et
1739 5161 1825 5214 hic
1852 5171 2115 5231 tyrannus
2144 5179 2175 5217 a

630 5244 888 5298 memoria
918 5249 1256 5314 propriorum
1302 5258 1641 5319 peccatorum
1669 5292 1683 5315 ,
1728 5261 1779 5305 et
1805 5254 2175 5311 diverberetur

627 5337 698 5391 ab
720 5351 881 5405 opere
916 5353 1173 5392 manuum
1205 5351 1259 5395 et
1296 5342 1495 5405 labore,
1540 5351 1741 5397 tractus
1769 5359 1798 5397 a
1829 5346 2170 5401 meditatione

630 5426 932 5481 futurorum
975 5431 1271 5493 bonorum,
1310 5440 1365 5485 et
1391 5432 1558 5500 (velut
1603 5433 1667 5486 ad
1701 5434 1953 5501 tribunal)
1984 5440 2165 5492 consi-

628 5528 797 5580 stens,
837 5527 892 5570 ut
917 5532 1013 5585 par
1033 5530 1118 5574 est
1138 5520 1489 5591 interrogetur
1520 5541 1533 5577 :
1568 5523 1695 5593 Age,
1718 5524 1901 5591 fatere,
1931 5538 2170 5583 cessator

700 5674 745 5703 ³⁸
773 5672 958 5729 Matth.
995 5691 1116 5743 xxv,
1148 5678 1237 5734 '56.

2282 4644 2460 4688 πεται,
2488 4628 2690 4695 ψόφους
2735 4630 2830 4683 καὶ
2864 4631 3098 4695 κτύπους
3136 4632 3310 4685 ποδῶν
3346 4634 3606 4689 ποιοῦσα·
3632 4637 3661 4689 ὁ
3691 4637 3819 4690 ἑαυ-

2279 4717 2372 4769 τοῦ
2399 4717 2608 4770 πενθῶν
2632 4720 2857 4790 ἀκηδίαν
2883 4722 2981 4774 ούκ
3012 4717 3170 4775 οἶδεν.
3205 4726 3517 4795 Δεσμείσθω
3543 4718 3633 4780 καὶ
3666 4725 3817 4794 05:9;

2277 4807 2306 4857 ὁ
2340 4806 2603 4875 τύραννος
2637 4809 2741 4861 ὑπὸ
2760 4810 2976 4881 μνήμης
3004 4813 3375 4883 πταισμάτων,
3413 4817 3505 4869 καὶ
3536 4820 3817 4875 τυπτέσθω

2279 4898 2370 4950 ὑπ’
2394 4900 2704 4971 ἐργοχείρου
2731 4918 2746 4931 ο
2774 4902 3065 4973 συρόμενός
3092 4922 3152 4958 τε
3180 4907 3281 4961 ὑπὸ
3315 4909 3522 4971 ἐννοίας
3545 4911 3651 4965 τῶν
3685 4914 3815 4983 μελ-

2276 4988 2471 5043 λόντων
2490 4991 2708 5057 ἀγαθῶν
2724 5034 2740 5058 ,
2784 4996 2877 5046 καὶ
2902 4996 3185 5065 παραστὰς
3211 5000 3279 5052 τὰ
3304 5001 3646 5070 προσήκοντα
3669 5006 3813 5077 ἔρως

2272 5081 2488 5133 τάοθωσ
2519 5082 2659 5149 Λέγε
2701 5083 2883 5136 λοιπὸν
2932 5086 3015 5152 σὺ,
3049 5080 3095 5141 ὦ
3133 5090 3425 5159 παροιμένε
3464 5093 3557 5146 καὶ
3596 5093 3810 5159 ξκλυτε,

2270 5169 2353 5232 τίς
2378 5171 2407 5222 ὁ
2425 5171 2658 5235 τετοκώς
2691 5190 2750 5225 σε
2794 5173 3016 5242 κακῶς;
3043 5178 3185 5243 τίνες
3211 5155 3260 5231 οὶ
3297 5155 3381 5233 σοὶ
3416 5155 3670 5251 ἀπόγονοι
3698 5203 3713 5249 ;
3738 5156 3815 5241 τί·

2271 5277 2358 5323 νες
2392 5260 2450 5313 δὲ
2470 5262 2602 5314 οἶσε
2632 5262 3025 5332 πολεμοῦντεςς
3053 5270 3146 5321 καὶ
3173 5269 3259 5331 τίς
3293 5270 3322 5321 ὁ
3351 5271 3443 5326 σοῦ
3471 5274 3764 5345 ἀναιρέτης
3791 5293 3807 5343 ;

2281 5350 2341 5404 '0
2359 5352 2415 5406 δέ
2444 5369 2628 5423 φησιν,
2666 5352 2754 5406 Ἑν
2773 5356 2881 5418 τοῖς
2915 5354 3012 5425 μὲν
3044 5357 3266 5430 ἀληθείᾳ
3294 5359 3552 5431 ὑπηκόοις
3578 5362 3679 5415 ούκ
3703 5363 3810 5434 εχω

2272 5440 2381 5509 ἐγὼ
2406 5441 2509 5494 ποῦ
2539 5442 2640 5515 τὴν
2684 5443 2921 5515 κεφαλὴν
2949 5446 3158 5500 κλῖναι·
3204 5448 3263 5501 ὲν
3304 5445 3387 5515 οἷς
3433 5450 3490 5503 δὲ
3534 5449 3665 5523 ἔχω,
3689 5454 3806 5508 καθ’

2270 5532 2499 5602 ἡσυχίαν
2524 5533 2787 5601 συνδίαγω
2811 5536 3036 5600 τούτοις.
3074 5537 3139 5590 Αἱ
3163 5537 3220 5592 δὲ
3246 5539 3348 5610 μοῦ
3381 5540 3632 5612 κλήτριαι
3658 5544 3803 5597 πλεῖ-

708 5791 960 5863 (01.030
990 5792 1262 5877 ἀδόκιμος,
1314 5794 1556 5867 quamvis
1607 5798 1785 5855 omnia
1852 5800 2172 5871 exemplaria

2281 5800 2400 5860 bent
2423 5802 2661 5872 δόκιμος,
2688 5810 2874 5861 contra
2895 5818 3137 5861 sensum.
