4050 6338
236 441 346 506 861
1249 442 1476 501 SCALA
1511 440 1882 500 PAIIADISI.
1906 460 1975 472 —
2009 428 2309 496 CRADUS
2338 435 2506 494 XIII.
3350 429 3456 489 862

239 570 371 607 σται
395 568 416 586 ο
448 552 580 607 ποτὲ
611 552 711 624 μὲν
738 550 1057 621 ἀναισθησία
1093 551 1291 620 ψυχῆς,
1356 549 1487 602 ποτὲ
1527 549 1588 601 δὲ
1622 549 1797 617 ἀμνη-
1826 576 1838 607 λ

1856 568 1871 607 ι
1898 556 1953 600 et
1980 546 2149 614 piger,
2195 544 2317 612 quis
2350 552 2401 596 te
2428 543 2586 596 talem
2611 550 2719 595 tam
2748 540 2887 595 male
2928 538 3109 607 genuit
3150 552 3366 607 parens,
3400 547 3455 591 et

246 644 463 713 μοσύνη
490 639 598 695 τῶν
622 643 734 696 ἄνω
755 656 773 674 ⁸
800 641 915 694 ἔστι
942 641 1001 695 δὲ
1028 642 1115 694 ὅτε
1150 642 1242 692 καὶ
1279 639 1549 709 ὑπερϐολὴ
1582 639 1796 706 καυμα-

1896 637 1988 706 qui
2027 646 2151 690 sunt
2177 634 2407 703 improbi
2430 642 2651 702 nepotes
2681 632 2783 696 tui,
2821 632 3023 701 quique
3049 631 3229 684 hostes
3257 629 3334 683 lui
3357 629 3452 697 qui

238 746 359 784 των
388 732 466 802 (α)
489 748 506 763 ·
529 731 662 802 ἐμοῦ
691 732 942 800 ἀπόγονοι
975 730 1296 800 μεταϐάσεις
1323 729 1503 781 τόπων
1539 730 1634 780 σὺν
1667 727 1794 795 ἐμοὶ

1898 740 1949 783 te
1978 727 2283 797 perimunt?
2319 726 2446 791 Qui,
2470 726 2666 794 inquit,
2702 735 2829 778 sunt
2862 725 3099 792 germani
3140 721 3454 775 obedientiae

238 822 527 891 γινόμεναι
556 823 672 891 (4)’
715 821 964 893 παρακοὴ
994 820 1219 890 πατρὸς,
1277 819 1632 890 ἀμνημοσύνη
1676 818 1797 889 κρί-

1898 815 2185 882 discipuli,
2239 814 2292 866 in
2352 812 2439 866 his
2484 827 2589 864 non
2653 812 2824 865 habeo
2863 811 2952 864 uhi
2998 810 3251 864 reclinem
3294 817 3452 877 caput

241 928 430 976 ετεως⁹
463 912 746 966 ἕστιδὲᾶτε
768 913 861 965 καὶ
875 913 1184 978 κατάλειψες
1215 910 1309 964 τοῦ
1344 911 1794 979 ἀπαγγέλματος·

1901 920 2077 957 meum
2107 923 2119 957 :
2154 904 2206 957 in
2246 904 2448 971 quibus
2490 917 2617 955 vero
2650 902 2833 955 locum
2864 901 3056 966 habeo,
3100 910 3227 954 sunt
3262 901 3351 967 qui
3402 899 3454 951 iu

236 1002 305 1055 αί
334 1001 471 1072 ἐμοῦ
498 1003 778 1065 ἀντίδικοι,
798 1002 887 1070 ὑφ’
915 995 989 1055 ὦν
1026 1002 1241 1069 δέδεμαι
1270 1000 1385 1066 νῦν,
1403 1000 1685 1069 ψαλμῳδία
1702 1001 1799 1052 σὺν

1899 996 2187 1050 solitudine
2217 1004 2516 1057 versantur,
2545 994 2871 1060 quibuscum
2905 994 3038 1062 dego
3069 1005 3299 1058 semper.
3328 992 3456 1054 Qua'

241 1088 553 1158 ἑργοχείρῳ
577 1104 593 1119 ο
622 1087 755 1158 ἐμοῦ
792 1088 1002 1159 ἐχθρὸς,
1035 1089 1263 1141 θανάτου
1294 1087 1467 1139 ἔννοια
1490 1102 1504 1114 '
1536 1088 1570 1155 ἡ
1602 1086 1659 1139 δὲ
1697 1085 1796 1152 ἐμὲ

1896 1102 2063 1155 porro
2094 1102 2178 1139 me
2203 1086 2364 1154 200
2407 1094 2603 1139 vocant
2628 1094 2683 1138 et
2709 1094 3014 1147 accersunt,
3046 1089 3172 1137 sunt
3193 1081 3453 1149 plurimae.

240 1175 557 1232 θανατοῦσα
583 1178 682 1248 (5),
712 1179 827 1231 ἐστὶ
863 1176 1134 1247 προσευχὴ
1176 1177 1310 1247 μετὰ
1337 1176 1545 1238 ἐλπίδος
1576 1173 1795 1243 βεϐαίας

1894 1173 2197 1242 Aliquando
2226 1180 2314 1226 est
2358 1172 2580 1239 quidam
2618 1170 2787 1225 animi
2830 1180 3037 1240 stupor,
3074 1169 3209 1223 alias
3259 1168 3455 1221 oblivio

234 1265 354 1318 τῶν
381 1266 585 1321 καλῶν.
610 1268 706 1330 Τίς
733 1267 790 1319 δὲ
811 1267 840 1319 ὀ
858 1266 1090 1329 τετοκὼς
1111 1264 1436 1337 προσευχὴν,
1466 1262 1633 1333 αὐτὴν
1658 1264 1797 1331 ἐρω-

1896 1278 2076 1316 rerum
2115 1261 2418 1316 caelestium
2447 1279 2461 1315 :
2489 1272 2575 1316 est
2618 1260 2708 1314 ubi
2763 1261 2927 1315 etiam
2971 1259 3282 1328 magnitudo
3309 1258 3452 1310 labo-

234 1357 471 1425 τήσατε.
890 1361 899 1369 ’
1898 1367 2016 1406 rum
2077 1362 2131 1406 et
2158 1352 2420 1409 sudorum
2462 1368 2548 1407 me
2575 1353 2786 1405 invitat.
2832 1350 2933 1405 Mei
2967 1350 3183 1405 demum
3217 1358 3456 1417 nepotes,

234 1446 563 1515 eiimproba
593 1449 872 1517 progenies
922 1457 1048 1501 sunt
1078 1447 1317 1501 locorum
1356 1443 1661 1513 frequentes
1696 1440 2022 1495 mutationes
2059 1441 2190 1494 mihi
2223 1441 2512 1511 ingenitae;
2553 1441 2916 1495 inobedientia
2962 1454 3089 1509 erga
3147 1438 3455 1507 religiosqu

234 1546 476 1607 patrem,
518 1520 957 1608 'obl'iviojudicii,
998 1548 1051 1593 et
1080 1551 1463 1607 nonnunquam
1511 1534 1780 1605 neglectus
1825 1544 2096 1587 votorum.
2149 1534 2454 1588 Adversarii
2495 1533 2600 1587 mei
2639 1542 2819 1587 suuta
2857 1532 3056 1613 quibus
3078 1546 3222 1585 nunc
3245 1531 3456 1585 vinctus

235 1622 452 1697 teneOr,
498 1631 793 1699 psalmodia
833 1643 888 1685 et
923 1631 1074 1684 labor
1115 1629 1351 1691 :hostis.
1391 1628 1580 1683 mortis
1623 1624 1915 1679 meditatio.
1948 1624 2078 1690 Quae
2126 1625 2342 1679 demum
2374 1625 2596 1679 omnino
2631 1639 2719 1678 me
2764 1624 2981 1677 conﬁcit
3028 1630 3085 1676 et
3132 1629 3349 1688 mactat,
3372 1626 3455 1674 est

233 1724 422 1777 oratio
451 1739 576 1779 cum
638 1739 733 1793 spe
767 1733 912 1779 certe
962 1723 1264 1777 futurorum
1328 1723 1613 1777 honorum.
1670 1718 1977 1773 Orationem
2018 1734 2145 1773 vero
2175 1706 2297 1789 quis
2335 1719 2409 1787 (ὀ)
2435 1718 2870 1788 genucritipsam
2896 1717 3239 1785 interrogate.

310 1814 747 1885 Τρισκαιδεκὰτη
798 1814 944 1885 νίκη,
997 1815 1066 1884 ἢν
1108 1814 1325 1878 ὄντωςὸ
1353 1813 1691 1884 κτησάμενος
1741 1811 1800 1862 ἐν
1828 1816 1872 1870 Β

1854 1818 1872 1869 ἰ
1968 1810 2071 1875 Qui
2103 1812 2257 1881 hanc,
2296 1811 2509 1863 tertiam
2553 1810 2818 1862 decimam
2846 1808 3124 1861 victoriam
3155 1806 3223 1862 de
3273 1805 3453 1861 acedia

234 1905 429 1967 παντὶ,
450 1906 670 1976 δόκιμος
696 1905 997 1977 κατέστηκε
1018 1905 1184 1975 καλῷ.

1892 1899 2106 1967 retulit,
2144 1898 2197 1952 in
2225 1899 2373 1952 omni
2409 1898 2668 1951 virtutum
2698 1910 2893 1965 genere
2916 1895 3149 1950 excellit.

593 2036 888 2090 ΣΧΟΔΙΟΝ
916 2037 1024 2090 ΕΙΣ
1067 2038 1289 2092 ΔΟΓΟΝ
1317 2037 1417 2091 II".

2218 2026 2506 2081 SCIIOLIA
2544 2025 2636 2079 AD
2662 2022 2951 2081 ΕΒΑῡῦὶί
2997 2023 3135 2078 XIII.

780 2148 921 2236 Περί
984 2168 1259 2236 ἀκηδίας.
2318 2160 2379 2215 Βι

2318 2160 2396 2215 De
2438 2161 2654 2230 pigritia
2689 2177 2779 2213 seu
2820 2162 3020 2214 acedia.

854 2261 1113 2327 Σχόλιον
1144 2267 1213 2313 α’.
1574 2284 1577 2287 ·

1574 2284 1577 2287 -
2522 2245 2770 2301 Scholion
2801 2247 2850 2300 I.

307 2347 435 2400 Ὀτι
470 2348 504 2416 ἡ
534 2346 732 2417 ἀκηδια
760 2362 819 2400 εν
852 2347 1179 2415 προσευχαῖς
1214 2344 1307 2397 καὶ
1339 2342 1673 2414 ψαλμῳδίαις
1701 2345 1796 2397 ἀν-

1962 2335 2183 2407 Pigritia
2231 2351 2329 2391 aeu
2380 2338 2563 2392 acedia
2616 2337 2928 2391 dominatur
2975 2336 3116 2395 inter
3162 2338 3359 2405 preces
3403 2345 3452 2389 et

227 2437 521 2510 δραγαοεῖ,
553 2436 832 2490 ὑπτιοῦται
861 2437 917 2499 δὲ
944 2435 1036 2489 καὶ
1053 2436 1492 2506 καταρρήγνυται
1518 2436 1576 2487 ὲν
1612 2435 1789 2487 διακο-

1895 2430 2227 2498 psalmorum
2262 2428 2696 2482 decantationem
2745 2445 2760 2481 :
2806 2428 3080 2482 extollitur
3150 2436 3203 2480 et
3246 2436 3455 2479 tantum

227 2530 385 2592 νίαις
428 2530 526 2581 καὶ
577 2528 910 2599 ιργοχείρῳ·
942 2528 1037 2581 καὶ
1083 2525 1302 2595 Θρασείς
1355 2526 1452 2595 μὲν
1501 2525 1795 2594 ἐργάζεται

1896 2536 2005 2574 non
2053 2520 2321 2589 rumpitur
2352 2519 2405 2571 in
2434 2516 2715 2573 subeundo
2746 2518 3050 2572 ministerio
3098 2525 3154 2572 et
3183 2532 3345 2585 opere
3383 2519 3452 2570 la-

226 2617 371 2678 τοὺς
420 2617 673 2685 χαύνους,
717 2618 808 2669 ὑπ’
828 2617 995 2687 αὐτῆς
1031 2615 1487 2685 πολεμουμένους,
1511 2613 1797 2683 ἐκλελυμέ-

1895 2610 2134 2678 horeque
2162 2608 2432 2678 corporis,
2454 2617 2509 2662 et
2530 2608 2794 2676 superbos
2828 2607 3045 2677 quidem
3074 2605 3202 2661 facit
3222 2608 3454 2661 audaces

226 2722 364 2770 νους
384 2705 441 2759 δὲ
464 2708 603 2776 πρὸς
630 2707 727 2771 οὓς
747 2707 816 2760 τὰ
860 2710 1144 2778 νικητήρια
1187 2707 1360 2777 ἔσχεν.

1895 2701 1995 2770 qui
2017 2701 2119 2755 sub
2143 2701 2257 2770 ipsa
2284 2700 2552 2769 stipendia
2587 2698 2791 2753 faciunt
2825 2717 2841 2754 :
2870 2699 3076 2755 solutos
3101 2702 3285 2755 autem
3313 2698 3452 2759 illos,

1896 2808 2036 2862 quos
2070 2792 2186 2861 jam
2217 2791 2589 2861 triumphavit.

724 2881 914 2934 Ἄλλο
946 2882 1314 2937 Θαλασσίου.
1375 2921 1379 2925 »
1542 2958 1547 2963 .

1375 2921 1379 2925 ›
1542 2958 1547 2963 .
2431 2882 2601 2936 Aliud
2651 2882 2934 2938 Thalassii.

322 2973 553 3044 ’Δκηδία
580 2973 729 3026 ἐστὶν
756 2971 1015 3043 ὀλιγωρία
1055 2972 1233 3041 ψυχῆς
1252 2989 1265 3001 υ
1289 2971 1544 3045 ὀλιγωρεῖ
1569 2972 1627 3026 δὲ
1651 2972 1799 3043 ψυχὴ

1970 2974 2171 3028 Acedia
2198 2983 2283 3028 est
2328 2975 2509 3044 inopia
2538 2975 2754 3037 animae,
2794 2976 2952 3043 inops
3001 2983 3179 3029 autem
3209 2975 3454 3030 mendica

233 3064 557 3137 φιληδονίαν
584 3063 834 3117 νοσοῦσα.

1897 3073 1981 3119 est
2013 3066 2216 3128 anima,
2259 3081 2379 3134 quae
2426 3055 2756 3134 voluptatum
2792 3064 2991 3119 atl‘ectu
3016 3066 3251 3121 laborat.

981 3154 1181 3206 Ἀναλο.
1818 3155 1864 3218 C
2368 3198 2369 3201 η
2595 3153 2777 3207 Aliud.
3249 3205 3252 3209 .

320 3244 532 3314 Ἰησοῦν
558 3245 786 3314 ἀγαπῶν
813 3245 1143 3315 γυμνάζεται
1192 3246 1249 3297 ὲν
1278 3245 1458 3306 πόνοις
1476 3262 1490 3277 ο
1524 3236 1814 3315 καρτερια’

1960 3239 2063 3306 Qui
2101 3240 2285 3296 Jesum
2325 3251 2503 3306 amat,
2537 3254 2753 3298 exercet
2783 3260 2841 3298 se
2877 3245 3174 3311 laboribus,
3206 3246 3452 3301 laborum

215 3335 295 3406 ,ἃ
336 3338 515 3388 πόνων
558 3334 804 3390 ἐκδιώκει
843 3335 1088 3407 ἀκηδίαν.
1122 3335 1184 3402 ’,Η
1218 3335 1412 3405 ἁκηδία
1446 3337 1510 3387 ἐκ
1536 3334 1628 3387 τοῦ
1661 3353 1790 3405 μετ-

1890 3344 2069 3388 autem
2101 3335 2353 3403 patientia
2394 3336 2668 3403 pigritiam
2708 3326 3025 3392 insectatur.
3057 3339 3254 3393 Acedia
3282 3340 3453 3393 oritur

230 3423 517 3495 ωρισμοῦ
556 3425 658 3494 τῆς
694 3425 951 3489 διανοίας,
990 3420 1156 3495 καιςό
1204 3426 1571 3494 μετεωρισμὸς
1596 3427 1658 3477 ἐκ
1694 3428 1792 3495 τῇς

1890 3437 1956 3476 ex
1978 3423 2210 3476 elatione
2242 3423 2448 3486 animi,
2487 3417 2649 3478 elatio
2691 3441 2755 3479 ex
2800 3426 3045 3480 laborum
3086 3429 3360 3484 vacatione
3400 3440 3456 3484 et

164 3534 175 3541 ο
230 3493 439 3584 ἀργίας
463 3512 570 3566 τῶν
591 3493 793 3584 ἔργων,
815 3514 909 3567 καὶ
946 3514 1010 3565 ἐκ
1038 3493 1136 3581 τῆς
1173 3512 1547 3580 ἀναγνώσεως,
1576 3514 1670 3571 καὶ
1694 3493 1759 3586 si;

1891 3513 2148 3575 lectione,
2179 3528 2322 3567 vano
2353 3514 2646 3583 colloquio,
2693 3525 2786 3569 aut
2808 3531 2875 3570 ex
2906 3517 3112 3572 ventris
3152 3520 3335 3588 repleti
3367 3519 3453 3575 itu-

236 3602 477 3667 ματαίας
500 3604 855 3673 συντυχίας,ἢ
885 3604 992 3656 ἀπὸ
1011 3599 1240 3673 γαστρὸς
1273 3605 1719 3675 πεπληρωμένης.
1891 3596 2092 3674 gluvie.

827 3693 874 3743 Σ
873 3693 1082 3757 χόλιον
1124 3690 1187 3759 β’.
1512 3746 1515 3749 ,
1874 3729 1878 3733 -

1512 3746 1515 3749 ,
1874 3729 1878 3733 -
2340 3696 2497 3765 201
2549 3696 2801 3750 Scholion
2829 3698 2885 3750 2.

310 3778 460 3842 Ἕως
491 3777 559 3831 ἂν
582 3779 749 3842 πάθος
796 3782 875 3842 εις
921 3780 1033 3862 ἕξιν
1056 3781 1233 3846 ἔλθοι,
1273 3782 1513 3853 σφοδρῶς
1544 3786 1594 3837 οί
1634 3786 1791 3839 πολὲ-

1957 3786 2144 3852 Quoad
2176 3787 2363 3840 vitium
2406 3789 2465 3841 in
2505 3802 2664 3841 usum
2712 3794 2767 3841 et
2830 3787 3073 3841 habitum
3116 3788 3447 3856 deducatur,

237 3886 358 3939 μιοι
378 3868 720 3922 συνίστανται
738 3885 753 3899 ο
784 3868 921 3933 ἐπὰν
948 3869 1005 3921 δὲ
1033 3872 1090 3922 ὲν
1112 3870 1223 3934 ἕξει
1255 3875 1323 3942 τῇ
1350 3873 1608 3944 συνηθείᾳ
1623 3875 1788 3943 γένη-

1886 3875 2230 3929 vehementer
2251 3877 2432 3931 hostes
2461 3884 2651 3945 urgent
2676 3886 2729 3929 et
2751 3875 2982 3941 instant;
3013 3888 3295 3947 postquam
3324 3894 3451 3932 vero

230 3975 358 4023 ται,
389 3956 704 4029 μετριοῦται
741 3958 773 4011 ὀ
804 3958 1037 4029 πόλεμος
1060 3975 1075 3989 ·
1101 3962 1195 4013 καὶ
1233 3961 1267 4030 ἡ
1315 3963 1571 4031 συνήθεια
1608 3964 1677 4016 τὰ
1701 3965 1788 4016 δο-

1886 3962 1944 4017 in
1996 3963 2243 4017 habitum
2294 3978 2361 4017 ex
2421 3964 2810 4019 consuetudine
2843 3974 2927 4019 est
2958 3965 3286 4030 deductum,
3333 3974 3447 4019 tum

233 4047 445 4102 κοῦντα
495 4046 799 4112 εὐθυὸὀλως
839 4050 1111 4103 tmesis:-
1162 4052 1268 4104 τῶν
1310 4052 1648 4122 ἡττηθέντων
1694 4050 1788 4107 οὖν

1944 4064 2189 4121 mperant
2236 4040 2470 4124 pugnam
2506 4072 2521 4108 :
2553 4056 2888 4122 consuetudo
2920 4057 3063 4110 enim
3110 4067 3353 4127 prompte
3387 4073 3451 4111 ea
3538 4104 3542 4107 .

234 4135 585 4207 ὑποχωροῦσι
605 4151 622 4165 ’
656 4132 955 4207 πολεμοῦσι
1002 4138 1059 4190 δὲ
1100 4140 1225 4201 τοὺς
1266 4140 1788 4210 ἁνταγωνιζομένους

1884 4159 2005 4214 qua:
2026 4145 2262 4213 placent,
2289 4147 2636 4216 exsequitur;
2663 4164 2691 4202 a
2720 4149 2875 4203 victis
2905 4164 3033 4218 ergo
3057 4165 3113 4204 se
3143 4150 3451 4203 subducunt

232 4221 521 4295 xputaui');
542 4238 558 4252 ’
594 4222 871 4295 δύσμαχος
910 4225 1091 4280 τοίνυν
1112 4222 1269 4291 οὖσα,
1315 4228 1454 4281 κατὰ
1482 4228 1588 4281 τῶν
1631 4230 1785 4299 εὐχο-

1886 4238 2101 4306 (nempe
2136 4253 2166 4291 a
2193 4238 2330 4308 suis)
2358 4257 2373 4305 ;
2406 4250 2769 4310 repugnantes
2814 4250 2996 4295 autem
3041 4250 3094 4295 et
3130 4242 3451 4296 reluctantes

234 4315 443 4386 μένων,
489 4315 584 4369 καὶ
617 4314 948 4385 ψαλλόντων,
993 4317 1090 4370 καὶ⁸
1129 4316 1505 4388 ἡσυχαζόντων
1534 4319 1789 4374 καθοπλί-

1887 4329 2150 4384 acerrime
2192 4342 2524 4400 oppugnant.
2574 4330 2710 4386 Cum
2748 4346 2877 4401 ergo
2920 4346 3060 4401 aegre
3094 4344 3443 4399 expugnetur,

232 4404 417 4468 ζεται.
489 4407 586 4460 καὶ
631 4406 941 4478 ἀνδριοῦται
969 4423 985 4439 ε
1037 4409 1149 4462 ἐσθ’
1200 4410 1288 4463 ὅτε
1336 4409 1394 4462 δὲ
1446 4412 1538 4465 καὶ
1586 4412 1787 4485 ἀνδρα-
1823 4481 1831 4491 Ι

1853 4487 1858 4491 λ
1892 4419 2123 4490 insurgit
2149 4422 2489 4491 potissimum
2511 4423 2772 4476 adversus
2798 4436 2894 4476 eos
2918 4421 3011 4491 qui
3044 4423 3293 4490 precibus
3321 4424 3452 4480 dant

185 4582 192 4586 .
228 4494 420 4565 γαθεῖ.
1820 4481 1865 4536 D
1892 4481 2108 4581 operain
2149 4481 2214 4566 ὀι
2246 4513 2587 4582 psalmodize,
2636 4521 2693 4566 et
2727 4512 2892 4567 vitam
2927 4481 3225 4570 solitariam
3264 4526 3448 4587 agunt,

1894 4618 2032 4673 quos
2053 4603 2303 4657 omnibus
2342 4602 2511 4657 armis
2557 4612 2831 4673 oppugnat
2877 4613 2933 4659 et
2968 4606 3196 4676 viribus,
3246 4617 3303 4663 et
3342 4618 3448 4673 est,

1895 4705 2018 4744 cum
2046 4689 2211 4744 etiam
2230 4687 2416 4742 vincit.
3201 4716 3203 4725 ι
3269 4714 3274 4720 ν

817 4767 1074 4833 Σχόλιον
1106 4775 1176 4837 γ’.
1396 4822 1400 4825 _
2018 4777 2024 4789 '
2360 4769 2379 4793 ’

1396 4822 1400 4825 _
2018 4777 2024 4789 '
2360 4769 2379 4793 ’
2452 4774 2701 4833 Scholion
2723 4780 2777 4836 3.

324 4851 671 4925 Ἐγκαρτέρει
698 4854 758 4906 ὲν
788 4848 834 4921 ᾧ
870 4855 1072 4930 καθέζῃ
1098 4856 1245 4931 τόπῳ
1280 4864 1346 4932 τῇ
1375 4861 1634 4934 ὀλιγωρίᾳ
1662 4867 1786 4919 ἀνθ-

1958 4864 2249 4920 Persevera
2303 4866 2357 4921 in
2408 4867 2530 4924 loco
2570 4870 2625 4924 in
2669 4888 2779 4941 quo
2818 4874 3041 4939 resides,
3089 4884 3143 4930 et
3188 4876 3447 4934 adversus

233 4944 559 5038 σστάμενοςο
590 4945 657 5038 οὐ
691 4943 818 5038 ’γὰρ
926 4949 996 5038 τῇ
1024 4950 1312 5016 μεταϐάσει
1341 4954 1438 5007 καὶ
1460 4956 1786 5024 μεταστάσει

1888 4955 2262 5024 negligentiam
2295 4957 2539 5015 luctare:
2570 4978 2743 5030 neque
2778 4966 2920 5018 enim
2961 4964 3214 5021 ferociam
3240 4972 3445 5038 passio-

233 5032 529 5104 ἔξημεροῖς
546 5031 616 5085 τὰ
635 5030 801 5100 πάθη,
826 5029 940 5083 ἀλλ’
971 5036 1028 5083 ὲν
1054 5037 1120 5103 τῇ
1140 5035 1233 5088 τοῦ
1258 5036 1350 5089 νοῦ
1372 5046 1629 5111 προσοχῇ·
1652 5043 1784 5095 ὑπο-

1888 5060 2015 5097 num
2046 5046 2340 5102 mutatione
2362 5058 2415 5103 et
2445 5029 2761 5107 transitione
2786 5042 3023 5107 locorum
3045 5029 3333 5127 migitahis,
3352 5062 3443 5115 sed

235 5120 411 5190 μονῆς
443 5121 637 5192 ἔχομεν
662 5121 876 5213 χρείαν,
902 5121 991 5174 ἵνα
1013 5122 1075 5175 τὸ
1096 5122 1301 5213 Θέξημα
1335 5129 1428 5181 τοῦ
1459 5131 1592 5184 Θεοῦ
1634 5136 1785 5202 ποιή-

1890 5135 2085 5188 mentis
2110 5138 2445 5203 attentione,
2480 5142 2735 5209 patientia
2786 5143 2941 5197 nobis
2982 5120 3283 5201 necessaria
3320 5120 3440 5209 test,

236 5227 437 5273 σαντες
476 5214 727 5284 τύχωμεν
768 5212 878 5266 τῶν
933 5212 1268 5280 ἐπαγγελιῶν
1290 5234 1305 5249 ο
1340 5218 1369 5269 ὁ
1391 5217 1450 5271 δὲ
1484 5224 1552 5290 τῇ
1590 5223 1787 5294 ἀκηδίᾳ

1887 5231 1949 5276 ut
1977 5221 2071 5276 Dei
2108 5225 2434 5283 voluntatem
2461 5230 2822 5299 perﬁciamus,
2856 5239 2910 5287 et
2949 5233 3151 5291 Christi
3200 5238 3436 5306 promis-

236 5303 803 5391 ωξιςεριφερόμενος,
824 5303 1039 5374 μακρὰν
1061 5304 1333 5373 ἀφέστηκε
1364 5305 1462 5375 τῆς
1487 5309 1782 5382 ὑπομονῆς,

1888 5316 2068 5370 siones
2103 5332 2457 5389 assequamur
2484 5339 2500 5387 ;
2526 5322 2616 5391 qui
2649 5332 2828 5377 autem
2876 5326 2947 5381 ab
2976 5330 3157 5382 acedia
3200 5303 3436 5380 circum-

233 5389 494 5461 καθάπερ
534 5395 632 5447 καὶ
657 5397 689 5449 ὀ
717 5396 889 5449 νοσῶν
941 5394 1040 5464 τῆς
1092 5396 1293 5463 ὑγείας.
1324 5396 1534 5451 Οὐκοῦν
1584 5406 1682 5456 οὑκ
1727 5408 1783 5456 ἐν

1887 5404 2084 5473 agitur,
2126 5410 2310 5476 procul
2346 5411 2498 5467 abest
2529 5389 2561 5465 ά
2594 5411 2898 5481 tolerantia,
2942 5417 3082 5472 sicut
3106 5426 3161 5470 et
3190 5431 3327 5484 aeger
3372 5420 3439 5471 ah

233 5481 599 5586 τῇἐκηδίᾳὴ
844 5488 955 5541 ἀλλ’
984 5490 1042 5586 εν
1071 5490 1137 5557 τῇ
1166 5488 1405 5586 ὑπομονῇ
1428 5494 1746 5570 γνωρίζεται
1768 5513 1781 5527 ·

1889 5496 2138 5553 sanitate.
2192 5500 2308 5555 Non
2335 5515 2463 5571 ergo
2494 5501 2549 5555 in
2582 5502 2819 5573 pigritia,
2859 5508 2952 5561 sed
2983 5508 3037 5561 in
3066 5481 3318 5575 patientia
3344 5522 3436 5559 eo-

237 5572 273 5641 ᾑ
306 5568 369 5621 δὲ
418 5571 664 5643 ὑπομονὴ
712 5577 1075 5649 ἀνανεουμένη
1105 5577 1423 5650 κρατύνεται
1472 5568 1530 5635 ἐν
1570 5585 1647 5657 τῷ
1695 5589 1785 5641 τὸν

1891 5589 2171 5656 gnoscitur
2203 5610 2216 5646 :
2243 5568 2498 5662 patientia
2528 5568 2709 5653 autem
2746 5568 3001 5655 renovata
3055 5568 3297 5655 redditur
3322 5597 3436 5657 for-

310 5762 395 5835 (α)
422 5766 685 5837 καμάτων
711 5768 909 5829 habent
936 5777 1282 5860 exemplaria.

1235 5795 1282 5833 a.
1962 5786 2036 5858 (ὁ)
2069 5787 2199 5846 Vide
2222 5790 2485 5847 scholium
2511 5792 2775 5849 Graecum.
2832 5777 2834 5779 i
