4050 6338
221 466 327 530 ses
941 423 944 429 “
1221 421 1476 530 ’δοΑιΑ
1508 469 1878 554 PARADISI.
1907 474 2274 542 -GRADUS
2297 479 2454 540 xxv.
3334 481 3439 547 sos

228 577 558 650 ἐκφεύξεται
581 617 598 644 ,
635 578 698 634 ἐν
743 581 923 649 οἰκείῳ
955 581 1126 653 καιρῷ
1161 582 1226 651 τῇ
1277 581 1435 652 ἑτέρᾳ
1469 580 1566 650 τὴν
1604 579 1788 650 ἑτέραν

1888 582 1991 637 cbo
2023 597 2276 658 tanquam
2309 590 2481 646 venali
2510 591 2778 661 mancipio
2817 591 3186 662 digladientur
3227 597 3437 651 :altera

235 672 644 743 αποσειόμενος.
705 672 815 745 Τῆς
849 675 946 746 μὲν
992 674 1188 746 σαρκός
1235 675 1555 756 σφρυγώσης
1582 674 1680 746 (7),
1731 676 1788 726 ὲν

1889 687 2042 747 urget
2065 688 2123 733 ut
2143 681 2409 749 jejunium
2445 683 2654 748 solvat,
2681 684 2845 738 altera
2870 692 2928 738 ut
2957 686 3023 740 de
3085 686 3279 741 virtute
3324 703 3424 742 sua

238 766 403 818 παντὶ
432 763 610 835 καιρῷ
632 764 730 818 καὶ
744 765 893 837 τόπῳ
915 766 1112 838 ταύτην
1135 767 1550 838 τιμωρήσωμενο
1591 767 1788 835 ταύτης

1887 769 2004 839 (per
2056 770 2462 842 abstinentiam)
2510 774 2802 842 triumphet
2844 789 2938 829 seu
2994 776 3271 845 glorietur.
3323 777 3436 832 Sed

236 856 299 908 δὲ
327 854 660 926 ἠρεμούσης,
719 857 853 928 ὅπερ
901 857 1006 928 πρὸ
1047 857 1216 926 τάφου
1244 859 1304 910 ού
1355 859 1628 928 πείθομαι,
1690 863 1787 933 τήν

233 946 446 998 ιαυτῶν
479 945 743 1015 ἐργασίαν
763 947 1164 1017 ἀποκρύψομεν.
1192 943 1341 1001 Εἶδον
1366 947 1440 1018 (8)
1484 949 1786 1018 πρεσϐύτας

236 1036 412 1104 ίερείς
453 1035 558 1088 ὐπὺ
600 1035 862 1107 δαιμόνων
905 1035 1359 1107 ὲμπαιζομένουςο
1412 1040 1504 1092 καὶ
1539 1040 1662 1102 τοὺς
1713 1038 1786 1111 μὴ

234 1126 636 1196 ὑποκειμένους
674 1127 856 1190 αὐτοῖς
886 1127 1024 1191 νέοις
1051 1129 1108 1180 ὲν
1148 1127 1482 1197 συμποσίοις,
1523 1129 1613 1182 τοῦ
1643 1130 1782 1184 οῖνου

240 1216 475 1270 καὶτῶν
507 1215 705 1270 λοιπῶν
736 1217 850 1286 μετ’
894 1217 1142 1287 εὐλογίας
1178 1217 1415 1282 λύοντας.
1473 1220 1536 1274 Εί
1586 1220 1682 1289 μὲν
1726 1221 1784 1274 ὲν

237 1305 430 1377 Κυρίῳ
455 1307 531 1376 (9)
564 1308 1035 1378 μεμαρτυρημένα
1069 1308 1383 1379 ὑπάρχουσι,
1419 1311 1649 1381 μετρίως
1691 1309 1784 1363 λύο

239 1416 424 1469 σωμεν
451 1415 466 1429 ·
499 1401 547 1452 εί
577 1399 631 1452 δὲ
661 1399 898 1469 ἀμελεῖς,
947 1399 1110 1470 μηδὲν
1135 1402 1261 1470 περὶ
1296 1403 1390 1472 τῆς
1414 1403 1617 1457 ἑαυτῶν
1642 1403 1783 1457 εὐλο-

234 1492 363 1559 γίας
391 1490 759 1561 φροντίσωμεν
782 1506 797 1522 ο
848 1491 943 1543 καὶ
980 1490 1207 1563 μάλιστα
1237 1493 1390 1564 εἴπερ
1414 1494 1489 1564 τῷ
1518 1496 1647 1563 πυρὶ
1681 1513 1781 1565 μα-

232 1583 454 1653 χόμενοι
480 1583 833 1652 τυγχάνομεν.
869 1583 1146 1654 Ἐδόκησεν
1172 1585 1200 1636 ό
1228 1583 1478 1655 θεήλατος
1520 1587 1781 1658 Εὑάγριος

232 1671 346 1726 τῶν
371 1673 548 1742 σοφῶν
568 1674 866 1744 σοφώτερος
881 1676 946 1743 τῇ
967 1690 1023 1726 τε
1040 1677 1284 1746 προφορᾷ
1306 1678 1397 1729 καὶ
1417 1679 1527 1739 τοῖς
1549 1679 1779 1749 νοήμασι

231 1764 517 1833 γενέσθαι·
573 1765 688 1819 ἀλλ’
737 1764 969 1836 ἐψεύσθη
1014 1767 1044 1818 ό
1081 1766 1328 1832 δείλαιος,
1382 1768 1487 1823 τῶν
1533 1768 1779 1840 ἀφρόνων

233 1853 432 1922 φανεὶς
483 1854 873 1925 ἀφρονέστερος
901 1871 914 1883 ·
954 1855 1012 1907 ἐν
1040 1856 1247 1919 πολλοῖς
1281 1857 1379 1923 μὲν
1424 1859 1562 1930 πλὴν
1593 1861 1684 1912 καὶ
1721 1861 1778 1914 ἑν

231 1921 412 2016 τούτῳ
441 1960 454 1974 ⁸
481 1921 614 2015 φησι
658 1944 764 2016 γάρ
785 1921 918 2016 ⁷(10)
949 1962 962 1976 ·
980 1945 1244 2016 ὐπηνίκα
1267 1921 1533 2019 διαφόρωύ
1560 1948 1780 2021 βρωμά-
1809 1921 1852 1977 Β

243 2051 358 2088 των
378 2034 631 2104 ἐπιθυμεῖ
656 2037 686 2106 ή
696 2035 810 2106 μῶν
830 2038 864 2107 ή
891 2035 1058 2107 ψυχὴ,
1096 2039 1153 2091 ὲν
1185 2038 1330 2110 ἄρτῳ
1361 2040 1658 2094 στενούσθω
1689 2042 1783 2096 καὶ

233 2127 414 2182 ὕδατιο
444 2127 626 2196 ὅμοιον
668 2126 724 2180 δέ
759 2143 812 2180 τι
836 2128 1160 2200 προστέταχε
1204 2129 1282 2200 τῷ
1312 2131 1512 2184 εἰπόντι
1532 2132 1607 2202 τῷ
1636 2132 1784 2186 παιδὶ⁵

229 2220 294 2272 ιν
331 2217 430 2292 [αἰ.
462 2216 559 2291 τῷ)
583 2219 665 2273 ἑνὶ
706 2219 904 2291 βήματι
925 2222 1102 2275 πᾶσαν
1126 2221 1360 2275 ἀνελθεῖν
1381 2225 1476 2294 τήν
1503 2223 1741 2294 κλίμακα
1765 2239 1782 2260 ο

230 2308 416 2362 τοίνυν
437 2310 831 2382 ἀποτρέποντες
857 2310 1017 2366 αὐτοῦ
1039 2313 1127 2366 τὸν
1154 2314 1298 2384 ὅρον,
1331 2314 1490 2385 ἡμεῖς
1512 2316 1781 2386 φήσομενο

245 2398 521 2470 Ὀπηνίκα
571 2401 842 2473 διαφόρων
896 2403 1196 2475 βρωμάτων
1259 2405 1512 2475 ἐπιθυμεῖ
1561 2405 1715 2476 ήμῶν
1751 2406 1786 2476 ή

231 2491 406 2563 ψυχὴ,
435 2492 647 2562 φύσεως
694 2494 823 2549 ῐδιον
878 2495 1154 2567 ἐπιζητεῖν
1187 2496 1270 2550 διὸ
1298 2500 1510 2570 μηχανῇ
1535 2497 1670 2568 πρὸς
1691 2496 1788 2569 τήν

236 2585 607 2655 παμμήχανον
638 2583 983 2656 χρησόμεθα⁶
1016 2586 1173 2657 είπερ
1203 2587 1298 2659 μὴ,
1335 2586 1628 2660 βαρύτατος
1649 2605 1787 2659 παρ-

236 2675 371 2744 έστη
427 2673 806 2748 [α1.Ιτ-ιάρεστι]
863 2675 1153 2749 πόλεμοςῆ
1193 2677 1479 2748 πτώματος
1549 2679 1786 2733 εύθύναι.

240 2764 612 2835 Περικόψομεν
638 2767 773 2830 τέως
789 2765 859 2820 τὰ
885 2767 1192 2821 λιπαίνοντα
1215 2784 1232 2800 ο
1256 2763 1462 2843 εἶτα.τά
1481 2767 1783 2831 ἑκκαίοντα,

239 2852 344 2909 εἷθ’
381 2855 551 2919 οὕτως
570 2859 640 2909 τά
656 2855 930 2926 ήδύνοντα·
963 2858 1010 2911 εἰ
1043 2858 1152 2930 (il)
1195 2858 1436 2923 δυνατὸν,
1471 2859 1609 2911 δίδου
1631 2860 1695 2929 τῇ
1721 2860 1785 2929 σῇ

240 2945 425 3017 κοιλίᾳ
455 2947 657 3018 τροφὴν
707 2947 1062 3018 ὲμπιπλῶσαν
1107 2948 1200 3002 καὶ
1225 2947 1487 3002 εὔπεπτον
1511 2966 1526 2981 ·
1575 2949 1660 3004 ἵνα
1701 2950 1789 3003 διὰ

1886 868 2079 914 cautus
2109 861 2395 929 religiosus
2444 871 2736 934 utrumque
2787 864 3070 933 scopulum
3114 865 3424 932 declinabit,

1886 958 1941 1004 et
1968 965 2069 1005 suo
2090 964 2359 1020 quamque
2386 961 2627 1022 tempore
2652 953 2872 1008 alteram
2900 969 2995 1022 per
3041 955 3258 1010 alteram
3292 957 3357 1010 ab
3378 971 3437 1010 se

1882 1041 2124 1108 repellet.
2174 1039 2512 1097 Lasciviente
2571 1043 2746 1097 adhuc
2807 1045 2937 1112 (per
2989 1055 3196 1099 zeiatem
3241 1055 3294 1100 et
3342 1062 3432 1100 ca-

1881 1130 2083 1197 lorem)
2146 1147 2391 1202 corpore,
2452 1147 2668 1188 carnem
2723 1134 2918 1203 quovis
2975 1143 3208 1203 tempore
3276 1151 3435 1190 occa-

1881 1219 2030 1276 sione
2061 1231 2114 1277 et
2139 1223 2257 1277 loco
2286 1238 2380 1291 per
2407 1223 2610 1292 jejunia
2641 1224 2977 1294 aﬂligamus:
3007 1227 3275 1282 exstincto
3301 1243 3433 1285 vero

1875 1313 1988 1383 jam
2011 1314 2132 1384 igne
2159 1314 2391 1368 lascivia:
2414 1353 2430 1378 ,
2477 1315 2618 1384 quod
2655 1317 2872 1386 quidem
2912 1325 3035 1371 ante
3067 1330 3290 1373 mortem
3326 1336 3431 1375 non

1878 1410 2010 1472 puto
2044 1404 2158 1459 fieri
2186 1442 2201 1468 ,
2247 1412 2359 1458 tum
2395 1405 2611 1460 demum
2652 1407 2907 1462 virtutem
2953 1409 3287 1465 abstinentiae
3325 1427 3432 1466 non

1877 1493 2012 1547 nihil
2063 1497 2357 1563 poterimus
2410 1498 2605 1553 celare.
2661 1497 2785 1552 Vidi
2845 1501 3150 1556 sacerdotes
3200 1517 3352 1558 senes
3402 1519 3432 1556 a

1878 1583 2213 1642 «immanibus
2242 1587 2495 1652 delusos,
2537 1590 2629 1660 qui
2669 1589 2933 1658 juniores,
2975 1592 3075 1645 sibi
3117 1609 3223 1648 non
3256 1594 3435 1663 subje-

1878 1684 2013 1740 ctos,
2046 1675 2101 1729 in
2127 1679 2616 1746 compotationibus
2646 1693 2741 1749 per
2773 1680 3005 1748 speciem
3034 1680 3223 1735 faustae
3248 1698 3436 1751 preca-

1877 1766 2041 1821 tionis
2079 1781 2174 1821 seu
2211 1768 2597 1824 benedictionis
2637 1783 2730 1839 per
2768 1770 2959 1839 pocula
2991 1777 3044 1824 et
3073 1770 3177 1823 alia
3219 1773 3436 1826 solvunt

1879 1872 1986 1914 seu-
2003 1867 2379 1928 corrumpunt.
2417 1859 2570 1926 Quod
2599 1860 2646 1914 si
2687 1860 2929 1916 seniores
2963 1859 3039 1914 illi
3071 1860 3138 1913 ab
3170 1861 3290 1914 aliis
3319 1862 3431 1914 vir-

1879 1947 2005 2001 tutis
2036 1955 2090 2000 et
2119 1946 2334 2016 pietatis
2367 1948 2741 2002 testimonium
2775 1947 3016 2003 referunt
3039 1989 3054 2013 ,
3094 1964 3215 2004 cum
3249 1950 3434 2005 mode-

1879 2037 2088 2091 ratione
2111 2036 2534 2106 respondeamus
2556 2029 2698 2093 illis:
2729 2037 2785 2091 Si
2809 2023 3133 2109 negligentes
3158 2050 3209 2095 et
3230 2041 3390 2095 soluti
3412 2082 3430 2106 ,

1879 2125 2014 2181 nihil
2038 2139 2288 2180 curemus
2312 2125 2525 2181 illorum
2557 2126 2981 2181 benedictionem
3004 2166 3018 2189 .
3058 2129 3352 2197 praesertim
3386 2129 3434 2184 si

1881 2218 2058 2276 adhuc
2086 2205 2156 2273 in
2192 2220 2388 2274 ardore
2422 2234 2613 2290 pugna:
2641 2219 2905 2274 adversus
2935 2234 3149 2274 carnem
3173 2221 3437 2275 consista-

1882 2325 2024 2364 mus.
2057 2308 2317 2381 Evagrius
2339 2309 2416 2380 (a)
2459 2305 2547 2365 ille
2583 2324 2615 2365 a
2651 2309 2790 2365 malo
2818 2308 2908 2364 Dei
2941 2309 3133 2379 spiritu
3162 2311 3394 2378 agitatus
3418 2349 3435 2376 ,

1882 2400 2033 2456 visus
2074 2409 2157 2454 est
2193 2400 2295 2456 sibi
2333 2415 2458 2456 cum
2501 2400 2770 2470 loquendo
2794 2441 2809 2465 ,
2869 2408 2980 2454 tum
3024 2398 3308 2469 c0gitando
3352 2415 3440 2454 sa-

1882 2489 2153 2560 pientibus
2196 2486 2363 2544 fuisse
2412 2489 2739 2558 sapientior,
2787 2489 2880 2543 sed
2927 2489 3183 2557 deceptus
3215 2499 3298 2544 est
3335 2490 3439 2544 mi-

1885 2598 1993 2646 ser,
2021 2579 2237 2652 quando
2266 2589 2378 2635 tum
2411 2581 2468 2634 in
2506 2579 2668 2651 205
2711 2582 2844 2645 hoc,
2877 2587 2991 2634 tum
3021 2581 3158 2645 aliis,
3186 2581 3438 2636 omnibus

1885 2671 2223 2728 dementibus
2255 2670 2555 2725 dementior
2575 2670 2745 2724 fuisse
2769 2671 3132 2739 deprehensus
3158 2681 3275 2736 est,
3311 2686 3435 2725 cum

1885 2760 1999 2814 ait:
2035 2758 2264 2825 Quando
2303 2760 2484 2813 anima
2529 2771 2712 2814 nostra
2742 2759 2904 2828 gvaria
2951 2759 3192 2814 ciborum
3240 2775 3436 2831 genera

1884 2851 2172 2915 desiderat,
2195 2864 2336 2920 pane
2379 2859 2434 2904 et
2478 2865 2616 2920 aqua
2655 2850 2978 2914 emacietur;
3030 2851 3171 2919 quod
3220 2850 3439 2920 perinde

1884 2952 1973 3014 est
2013 2958 2077 2998 ac
2123 2942 2170 2997 si
2229 2957 2398 3013 puero
2448 2941 2774 3011 imperaret,
2822 2949 2881 2994 ut
2927 2955 3033 2994 uno
3074 2956 3230 3009 passu
3267 2950 3436 2994 totam

246 3038 349 3109 μὲν
376 3038 476 3108 τῆς
528 3039 842 3111 πλησμονῆς
886 3039 984 3113 τήν
1043 3040 1312 3112 ἄπληστον
1352 3041 1518 3111 αὐτῆς
1568 3039 1788 3112 γνώμην

1887 3032 2086 3089 scalam
2117 3031 2516 3086 transcenderet
2556 3049 2570 3085 :
2604 3031 2761 3100 cujus
2801 3046 2988 3100 parum
3019 3045 3206 3084 sanam
3235 3031 3437 3084 doctri-

243 3133 670 3204 ἀτοοστήσωμεν·
716 3131 805 3187 διὰ
827 3133 882 3186 δὲ
915 3134 1010 3205 τῆς
1037 3133 1256 3203 ταχείας
1283 3131 1665 3197 διαπνεύσεως,
1693 3133 1788 3203 τῆς

1887 3139 2011 3178 nam
2051 3137 2150 3177 nos
2189 3123 2262 3176 ita
2303 3123 2661 3192 corrigamus.
2697 3120 2922 3187 Quando
2954 3137 3105 3176 mens
3133 3131 3312 3176 nostra
3345 3137 3439 3174 va-

243 3223 544 3295 πυρὼσεως
601 3225 676 3288 ὠς
725 3224 982 3294 μάστιγος
1022 3223 1397 3295 λυτρωθῶμεν.
1459 3223 1788 3294 Ἐπισκεψὼ-

1890 3216 2000 3270 rias
2021 3215 2264 3270 ciborum
2290 3213 2512 3269 delicias
2540 3214 2731 3278 esurit,
2760 3213 2952 3281 quaerit
2981 3213 3035 3266 id
3065 3213 3205 3282 quod
3238 3221 3440 3265 natura:

248 3316 394 3388 μεθα
423 3315 517 3368 καὶ
552 3315 620 3368 τὰ
652 3315 877 3368 πλεῖστα
915 3314 1022 3368 τῶν
1055 3313 1521 3384 πνευματούντων,
1574 3315 1667 3368 καὶ
1709 3331 1788 3367 κι-

1889 3304 2135 3359 animalis
2172 3304 2447 3374 proprium
2489 3311 2573 3357 est
2605 3321 2620 3358 :
2669 3303 2892 3372 proinde
2937 3303 3146 3370 ingenio
3176 3302 3436 3371 singulari

242 3407 440 3464 νοῦντα
469 3407 790 3479 εὑρήσομεν.
842 3406 980 3461 Γέλα
1011 3406 1102 3461 ἐπὶ
1125 3405 1202 3477 τῷ
1228 3406 1438 3477 δαίμονι
1462 3406 1539 3476 τῷ
1576 3405 1712 3478 μετά
1732 3405 1788 3459 τὸ

1888 3405 2074 3452 contra
2106 3395 2596 3466 ingeniosissimam
2630 3395 2810 3464 gulam
2849 3396 3103 3448 utendum
3133 3401 3252 3448 est;
3293 3393 3438 3462 quod

252 3501 470 3555 δεῖπνον
497 3497 891 3571 ύπερθεσίμους
941 3513 1000 3552 σε
1046 3499 1216 3552 ποιεῖν
1270 3497 1663 3569 ὑποτιθεμένῳ·
1695 3497 1788 3569 τῆς

1890 3489 1995 3545 nisi
2048 3489 2180 3554 ﬁat,
2227 3489 2605 3560 gravissimum
2649 3489 2804 3542 nobis
2848 3486 3008 3542 faciet
3061 3487 3298 3550 bellum,
3345 3494 3440 3541 aut

241 3592 357 3664 γὰρ
389 3593 612 3662 ὲννᾶτης
638 3594 704 3663 τῇ
751 3590 877 3662 ἑξῆς
907 3587 1330 3660 καταλαὼύσης,
1385 3590 1657 3659 ἠρνήσατο
1693 3587 1788 3659 τὴν

1891 3581 2062 3636 ruinae
2087 3579 2309 3651 laqueos
2340 3580 2599 3636 intendet.
2647 3579 2888 3634 Primum
2917 3593 3042 3648 ergo
3067 3594 3440 3633 removeamus

243 3684 515 3756 συνταγὴν
528 3685 627 3755 τῆς
653 3679 1042 3755 προλαὸούσης.
1069 3679 1232 3751 Ἄλλη
1263 3680 1297 3750 ἡ
1323 3679 1436 3743 τοῖς
1467 3678 1788 3743 ἀνευθύνοις,

1889 3686 1922 3727 a
1953 3687 2138 3728 mensa
2169 3682 2356 3728 nostra
2381 3673 2529 3735 cibos
2556 3671 2650 3741 qui
2677 3671 2904 3725 nimium
2939 3670 3221 3741 saginam;
3250 3669 3442 3724 deinde

243 3775 344 3830 καὶ
399 3774 561 3843 ἑτέρα
589 3775 702 3836 τοῖς
743 3772 1072 3838 ὑπευθύνοις,
1108 3771 1418 3842 ἁρμόζουσα
1458 3771 1751 3841 ἐγκράτεια
1775 3786 1788 3800 ·

1891 3765 1984 3834 qui
2029 3778 2227 3833 corpus
2263 3763 2636 3827 inﬂammant,
2679 3772 2869 3832 postea
2919 3778 3111 3818 suaves
3152 3773 3205 3817 et
3239 3774 3438 3832 gratos.

242 3869 296 3919 οἱ
314 3865 530 3937 μὲνγὰρ
539 3864 638 3937 τὴν
647 3863 739 3918 τοῦ
762 3863 1008 3934 σώματος
1024 3863 1232 3933 κίνησιν
1253 3863 1330 3925 εἰς
1344 3865 1563 3932 σημεῖον
1578 3861 1788 3930 κέκτην-

1893 3856 1999 3912 Sed
2027 3867 2206 3910 tamen
2232 3897 2248 3922 ,
2288 3856 2333 3909 si
2365 3854 2481 3908 lleri
2517 3862 2721 3923 potest,
2764 3854 2941 3922 praebe
2971 3856 3140 3907 ventri
3173 3855 3438 3922 ejusmodi

241 3976 341 4014 ται
370 3975 385 3988 ·
401 3958 453 4009 oi
473 3956 526 4009 δὲ
545 3957 703 4027 μέχρι
721 3955 943 4009 θανάτου
955 3954 1047 4008 καὶ
1064 3953 1244 4016 τέλους
1260 3951 1394 4023 πρὸς
1409 3950 1565 4004 τοῦτο
1589 3952 1796 4021 ἀπαρα-

245 4051 463 4119 κλήτως
497 4050 589 4104 καὶ
615 4049 945 4121 ἀδιαλήκτως
968 4048 1292 4103 διάκεινται·
1331 4047 1378 4099 oi
1417 4044 1517 4117 μὲν
1539 4045 1793 4117 πρότεροι

246 4142 354 4213 τὴν
385 4140 676 4212 σύγκρασιν
732 4140 826 4196 τοῦ
878 4141 994 4207 νοὸς
1032 4141 1119 4195 ἀεὶ
1158 4138 1436 4212 φυλάττειν
1480 4138 1750 4191 ἐθέλουσιν
1775 4153 1790 4170 ο

246 4238 302 4290 οἰ
335 4234 393 4288 δὲ
422 4232 658 4304 δεύτεροι
691 4233 780 4287 διὰ
812 4232 914 4304 τῆς
953 4232 1188 4304 ψυχικῆς
1219 4230 1667 4304 σκυθρωπότητπ
1702 4230 1796 4284 καὶ

246 4325 459 4399 τήξεως
483 4325 572 4378 τὸν
603 4323 733 4378 Θεὸν
755 4323 1180 4395 ὲξευμενίζονται
1202 4324 1330 4395 (12).
1370 4322 1571 4395 Καιρὸς
1599 4325 1796 4393 εὐφρο-

251 4419 422 4490 σύνης
444 4417 537 4473 καὶ
565 4415 956 4488 παρακλήσεως
978 4416 1052 4486 τῷ
1077 4416 1174 4487 μὲν
1190 4416 1387 4487 Ἰτελείῳ
1419 4415 1714 4486 ἀμεριμνία
1737 4415 1795 4466 ὲν

245 4511 394 4565 πᾶσι
418 4526 433 4540 ·
463 4509 540 4580 τῷ
567 4508 625 4563 δὲ
652 4507 1135 4577 ἅγωνιστῇκαιρδς
1177 4507 1350 4577 πάλης
1374 4521 1388 4536 ·
1430 4505 1508 4574 τῷ
1535 4505 1591 4557 δὲ
1621 4507 1795 4574 ἐμπα-

1890 3949 2145 4006 alimenta
2182 3963 2301 4020 quae
2327 3947 2475 4001 illum
2510 3945 2803 4014 impleant,
2835 3954 2886 3998 et
2919 3943 3074 3998 facile
3103 3944 3437 4010 digerantur,

1893 4051 1947 4097 ut
2003 4057 2098 4112 per
2148 4042 2494 4105 satietatem,
2546 4035 2920 4106 inexplebilem
2969 4034 3084 4101 ejus
3131 4035 3439 4089 aviditatem

1890 4135 2106 4205 expleas
2133 4152 2148 4188 :
2189 4134 2289 4188 hac
2315 4132 2458 4186 enim
2485 4130 2693 4185 ratione
2725 4144 2818 4200 per
2851 4128 3078 4184 celerem
3112 4128 3231 4196 ejus
3258 4141 3440 4181 secre-

1892 4228 2092 4282 tionem
2123 4243 2217 4283 seu
2247 4225 2612 4296 perﬂationem
2644 4222 2712 4277 ab
2751 4221 2945 4276 ardore
2990 4220 3156 4275 nimio
3185 4227 3440 4288 tanquam

1893 4337 1923 4375 a
1955 4320 2164 4393 ﬂagello
2194 4295 2566 4374 liberabimur.
2610 4316 2996 4376 Attendamus,
3043 4321 3096 4367 et
3145 4311 3442 4367 sentiamus

1894 4417 2175 4486 plerasque
2202 4415 2552 4469 animantium
2579 4427 2699 4480 quae
2731 4410 2958 4480 spirant,
2988 4409 3147 4464 etiam
3175 4422 3306 4462 sese
3322 4423 3442 4461 mo-

1897 4526 2041 4566 vere.
2081 4508 2214 4565 Ride
2249 4513 2546 4562 daemonem
2581 4504 2672 4574 qui
2714 4504 2808 4557 tibi
2849 4511 2970 4572 post
3000 4517 3208 4557 coenam
3250 4516 3442 4571 sugge-

245 4604 346 4657 θεῖ
368 4602 524 4672 ἑορτὴ
554 4599 775 4672 ἑορτῶν,
821 4600 913 4653 καὶ
960 4597 1257 4669 πανήγυρις
1281 4596 1653 4667 πανηγύρεων.
1681 4597 1788 4653 Ἕνα

1901 4606 1969 4660 rit
2014 4615 2074 4659 ut
2119 4610 2434 4660 consuetum
2484 4598 2727 4667 capiendi
2775 4596 2880 4651 cibi
2925 4607 3136 4668 tempus
3190 4595 3445 4660 diﬂeras;

246 4692 427 4748 ὑπνια
437 4691 646 4763 τροφῶν
667 4691 758 4744 καὶ
773 4688 1064 4761 βρωμάτων
1083 4688 1139 4739 ἐν
1153 4685 1345 4758 καρδίᾳ
1357 4685 1795 4756 γαστριμάργωνο

1903 4699 2032 4752 hora
2071 4695 2265 4766 quippe
2304 4706 2446 4745 nona
2486 4689 2803 4745 imminente
2848 4699 3062 4758 pactum
3105 4698 3227 4742 ante
3270 4697 3444 4740 tecum

248 4783 488 4839 ἐνύπνια
538 4783 596 4835 δὲ
637 4782 906 4838 κολάσεων
946 4781 1038 4837 καὶ
1085 4777 1313 4851 κρίσεως
1353 4778 1411 4831 ὲν
1443 4778 1637 4849 καρδίᾳ
1678 4795 1788 4832 πεν⁴

1902 4789 2113 4845 initium
2153 4782 2442 4838 inliciatur.
2485 4779 2645 4835 Aliud
2678 4793 2846 4850 genus
2885 4776 3221 4833 abstinentia:
3256 4788 3448 4828 conve-

249 4875 522 4930 θούντων.
546 4872 749 4943 Κράτει
772 4871 1000 4938 κοιλίας,
1036 4871 1164 4944 πρὶν
1191 4868 1329 4939 αὕτη
1362 4867 1455 4922 σοῦ
1491 4872 1753 4941 κρατήσει
1780 4887 1788 4903 ε

1901 4879 1981 4933 nit
2025 4873 2420 4936 innocentibus,
2460 4869 2606 4926 aliud
2640 4867 2955 4924 nocentibus
2985 4886 2998 4921 :
3040 4866 3276 4919 insontes
3303 4861 3448 4914 enim

247 4965 360 5020 καὶ
379 4963 496 5017 τότε
526 4959 736 5032 μέλλεις
753 4961 867 5031 μετ’
885 4960 1138 5042 αἰσχύνης
1162 4957 1598 5030 ὲγκρατεύεσθαι.
1617 4959 1788 5014 Οίδασι

1901 4977 2126 5035 pravum
2163 4960 2402 5031 corporis
2435 4969 2638 5015 motum
2678 4974 2776 5028 pro
2809 4958 2962 5027 signo
2995 4956 3228 5015 habent,
3268 4963 3452 5007 sontes

247 5057 326 5112 τὸ
372 5055 654 5127 εἰρημένον
692 5055 740 5106 οἰ
778 5051 854 5123 τῷ
896 5049 1115 5129 ἀρρήτῳ
1157 5051 1535 5124 περιπεσόντες
1578 5053 1788 5123 βόθρῳ·

1900 5063 2075 5112 autem
2113 5052 2497 5108 abstinentiam
2522 5066 2695 5120 usque
2721 5049 2787 5103 ad
2812 5055 3034 5101 mortem
3066 5051 3118 5098 et
3148 5042 3306 5096 linem
3335 5042 3453 5097 sine

250 5143 509 5228 εὐνοῦχοι
537 5143 645 5214 (l5)
673 5139 730 5194 δὲ
769 5139 957 5228 ἄνδρες
987 5141 1301 5211 ἀπείραστοι
1331 5137 1537 5194 τούτου.
1579 5141 1788 5194 Κοιλίαι

1901 5149 2010 5204 ulla
2047 5145 2410 5202 consolatione
2443 5153 2497 5199 et
2529 5142 2860 5198 relaxatione
2892 5136 3235 5194 severissime
3266 5144 3448 5190 custo-

249 5226 648 5304 περικόψωμεν
677 5227 853 5298 ἐννοίᾳ
881 5228 1067 5298 πυρός’
1082 5228 1249 5300 ταύτῃ
1274 5228 1378 5298 γὰρ
1406 5229 1788 5310 ὑπακούσαντές

1904 5238 2078 5294 diunt.
2106 5234 2186 5290 llli
2215 5234 2426 5303 priores
2478 5233 2638 5304 205
2663 5232 2869 5301 justum
2912 5226 3111 5280 mentis
3150 5233 3348 5280 statum
3392 5238 3453 5276 ac

248 5342 428 5388 τινες,
448 5325 669 5393 ἔσχατον
688 5319 755 5374 τὰ
771 5318 905 5390 μέλη
933 5319 1136 5374 ἑαυτῶν
1159 5319 1412 5391 ἐξέκοψαν
1429 5332 1446 5349 ⁶
1476 5320 1566 5373 καὶ
1587 5320 1788 5376 διπλοῦη

1905 5336 2385 5398 temperamentum
2425 5326 2563 5381 tueri
2616 5336 2828 5391 semper
2864 5326 3169 5382 conantur;
3225 5317 3276 5371 hi
3329 5330 3453 5368 vero

251 5415 558 5485 τεθνήκασι
585 5413 831 5469 θάνατον.
863 5411 1304 5481 Ζητήσωμεν,καὶ
1334 5410 1544 5472 πάντως
1583 5411 1788 5482 εὑρήσο

1906 5421 2060 5478 alteri
2093 5433 2189 5490 per
2235 5420 2385 5490 pium
2436 5414 2602 5473 animi
2647 5413 2849 5468 luctum
2889 5420 2943 5467 et
2985 5409 3450 5480 compunctionem

258 5522 373 5580 μεν
397 5507 464 5559 τά
486 5507 615 5578 παρ’
643 5506 773 5576 ἡμῖν
803 5501 1032 5570 ναυάγια
1065 5500 1265 5570 ταύτην
1307 5505 1470 5573 μόνην
1510 5501 1780 5573 ὲργαζομέ

1903 5516 2068 5570 Deum
2101 5511 2203 5567 sibi
2233 5510 2524 5584 prapitiare
2546 5505 2782 5560 student.
2807 5502 2941 5557 Tum
2978 5514 3190 5572 tempus
3215 5501 3297 5553 est
3318 5509 3450 5548 con-

256 5615 389 5669 νηνο
428 5597 568 5660 Νοῦς
601 5596 711 5668 (Η)
752 5592 1036 5667 νηστευτοῦ
1083 5593 1436 5665 προσεύχεται
1484 5594 1754 5664 νηφόντως
1786 5612 1788 5621 ·

1905 5606 2181 5664 solationis
2209 5615 2263 5661 et
2295 5602 2530 5668 latitia,
2579 5612 2704 5653 cum
2737 5597 2838 5651 viri
2872 5595 3094 5667 perfecti
3139 5592 3351 5646 animus
3386 5588 3450 5642 ab

258 5797 418 5928 9881)
446 5795 541 5854 Hic
565 5795 824 5865 Evagrius
858 5795 956 5852 fuit
982 5759 1303 5862 Origenlsta.
1325 5788 1584 5846 Joannem
1619 5788 1892 5846 Eviratum
1924 5787 2043 5842 vide
2073 5801 2192 5856 cap.
2226 5785 2344 5850 l77,
2386 5799 2507 5854 pag.
2566 5780 2705 5846 £96;
2750 5777 3018 5835 Rosweid.
3064 5789 3118 5842 p.
3162 5770 3286 5833 963,
3321 5768 3449 5832 964,

343 5873 393 5927 9.
