4050 6338
639 457 744 520 857

1884 460 1944 518 S.
1967 453 2283 519 JOANNIS
2320 453 2621 517 CLIMACI

3752 457 3854 520 868

641 563 895 618 omnibus
923 563 1111 618 muntli
1143 564 1290 619 curis
1321 578 1544 633 prorsus
1585 574 1666 618 est
1703 564 1841 620 liber
1870 575 1927 620 et
1958 577 2160 619 vacuas
2189 581 2190 609 1

2309 562 2337 613 ὁ
2353 561 2407 614 δὲ
2440 563 2534 616 τοῦ
2555 564 2824 636 ἀκρατοῦς
2860 565 3091 622 εἰδώλων
3116 568 3438 641 ἀκαθάρτων
3459 567 3813 638 πεπλήρωται
3828 577 3850 598 ⁸

641 655 736 710 sed
781 657 874 723 qui
917 657 1092 710 adhuc
1122 673 1245 709 eum
1288 658 1433 711 vitiis
1461 666 1670 724 certat,
1705 657 1883 712 adhuc
1923 657 1977 710 in
2028 671 2202 725 pugna

641 757 925 813 versatur;
981 749 1470 817 perturbationttttr
1507 762 1636 802 vero
1684 748 1893 802 morbis
1939 746 2208 800 obnoxius

639 854 738 908 pro
765 854 867 893 suo
899 838 1092 893 aflectu
1122 840 1263 894 diem
1295 840 1491 894 festum
1522 855 1586 894 ex
1628 838 1796 904 festo;
1827 848 1881 893 et
1923 847 2207 908 perpetuas

640 931 810 1000 agitat
837 932 1193 986 celebritates.
1227 932 1415 985 Gulosi
1450 932 1523 984 nil
1550 932 1652 985 nisi
1688 933 1739 985 in
1773 932 1937 986 corde
1964 930 2114 984 cibos
2153 937 2208 983 et

639 1025 886 1077 convivia
915 1025 1206 1078 somniant.
1234 1023 1338 1090 Qui
1372 1039 1498 1082 vero
1525 1024 1744 1094 lugent,
1771 1024 1974 1093 judicia
2001 1033 2056 1077 et
2085 1039 2207 1092 sup—

640 1115 796 1182 plicia
846 1125 1043 1168 :eterna
1087 1131 1180 1183 per
1207 1131 1460 1170 somnum
1501 1117 1686 1168 animo
1716 1125 1955 1170 versant.
2001 1113 2232 1168 Coerce'

639 1215 902 1266 ventrem,
938 1206 1086 1273 prius
1120 1221 1281 1274 quam
1311 1205 1379 1258 ab
1403 1206 1492 1259 illo
1519 1208 1840 1268 coercearis.
1860 1223 1926 1260 ne
1960 1222 2080 1260 sero
2105 1221 2206 1261 nec

639 1295 755 1347 sine
787 1295 980 1347 rubore
1015 1296 1228 1362 cogaris
1253 1297 1644 1363 temperantitts
1674 1296 1872 1349 vivere.
1902 1294 2203 1362 lntclligunt

637 1385 779 1451 quod
817 1385 925 1437 dixi
953 1425 966 1447 ,
1015 1385 1107 1453 qui
1158 1386 1211 1439 in
1261 1385 1565 1454 pudendam
1606 1394 1660 1439 et
1703 1387 1988 1440 lacendam
2033 1387 2203 1443 ruina:

639 1471 886 1543 [peccati]
925 1473 1128 1526 foveam
1154 1474 1456 1530 inciderunt
1486 1495 1499 1530 :
1531 1491 1637 1544 qua
1669 1476 1735 1529 de
1764 1491 1820 1531 re
1863 1477 2070 1530 nullum
2103 1477 2201 1532 ha-

638 1563 764 1617 bent
790 1565 1211 1633 experimentum
1240 1568 1493 1621 etmuclti.
1518 1567 1928 1636 Restringamus
1955 1579 2196 1624 ventrem

636 1658 821 1710 a-terni
856 1658 992 1726 ignis
1026 1661 1306 1713 memoria.
1346 1659 1477 1711 Nam
1511 1660 1755 1713 nonnulli
1784 1661 1876 1729 qui
1919 1661 2044 1714 huic
2067 1661 2198 1715 obe-

635 1749 871 1813 dierunt,
905 1753 1122 1805 tandem
1147 1767 1213 1804 eo
1245 1751 1578 1806 devenerunt
1601 1793 1616 1815 ,
1646 1761 1705 1806 ut
1731 1751 1831 1820 ipsi
1863 1752 1966 1806 sibi
1992 1752 2197 1822 genita-

603 1840 606 1843 ’
634 1839 705 1892 lia
740 1842 1112 1908 praeciderent,
1140 1855 1519 1910 gen'mamque
1550 1841 1654 1895 sibi
1691 1849 1917 1894 mortem
1952 1842 2194 1910 corporis

632 1942 687 1985 et
717 1933 910 1985 anima:
958 1931 1240 1986 inferrent.
1286 1930 1624 2001 Inquiramus
1655 1941 1708 1985 et
1743 1931 1967 1985 omnino
1995 1931 2192 1985 intelli-

633 2037 822 2090 gemus
845 2022 1022 2092 gulam
1043 2023 1198 2077 nobis
1223 2023 1527 2092 ltujnsmodi
1547 2021 1953 2090 naufragiorum
1979 2023 2192 2076 unicam

631 2126 751 2165 esse
776 2127 992 2165 causam
1020 2125 1072 2167 et
1104 2115 1422 2168 auctricem.
1463 2113 1612 2168 Mens
1646 2112 1947 2182 jejunantis
1981 2113 2194 2167 sobrias

633 2204 807 2257 I‘utnlit
841 2220 1059 2274 preces:
1096 2207 1508 2274 intemperantis
1541 2221 1670 2259 vero
1706 2205 1932 2274 impuris
1961 2206 2192 2274 phanta-

631 2301 864 2344 smatum
920 2292 1246 2361 imaginibus
1292 2294 1526 2363 repletur
1572 2303 1626 2348 et
1678 2295 1938 2350 illuditur;
1980 2293 2192 2350 Ventris

634 2381 900 2450 ingluvies
931 2391 985 2436 et
1014 2385 1236 2438 satietas
1265 2385 1519 2438 exhaurit
1548 2383 1723 2439 fontes
1771 2387 2104 2455 (gratiarum
2128 2389 2146 2453 )
2174 2402 2190 2450 ;

631 2473 747 2540 ipse
780 2488 907 2527 vero
937 2473 1234 2529 exhaustus
1269 2483 1416 2529 creat
1447 2489 1637 2543 aquas.
1672 2474 1775 2540 Qui
1818 2477 1982 2530 servit
2021 2475 2192 2529 ventri

630 2580 731 2618 suo
757 2604 772 2626 ,
801 2578 853 2618 et
874 2566 1097 2618 interim
1132 2576 1364 2620 conatur
1392 2568 1640 2638 spiritum
1678 2568 1904 2621 luxuriae
1935 2569 2151 2623 vincere
2171 2609 2189 2635 ,

639 2654 860 2722 perinde
915 2655 1042 2710 facit
1106 2667 1268 2728 atque
1319 2661 1364 2714 is
1406 2660 1497 2729 qui
1553 2661 1862 2715 incendium
1914 2663 2034 2717 oleo
2079 2662 2191 2716 vult

626 2747 990 2816 exstinguere.
1020 2745 1213 2803 Venire
1233 2749 1428 2806 alliicto
1454 2767 1548 2806 cor
1567 2753 1838 2807 submittit
1859 2755 1972 2808 alas
1998 2769 2189 2822 super-

632 2841 730 2893 biae
752 2882 767 2904 ,
799 2842 1044 2908 saginato
1079 2857 1202 2897 vero
1231 2845 1420 2897 eodem
1445 2885 1460 2908 ,
1496 2845 1772 2898 exsultant
1797 2845 1959 2915 206
1984 2847 2188 2914 cogita-

628 2933 822 2986 tiones.
847 2932 1077 3002 Explora
1107 2935 1339 3002 teipsum
1386 2938 1488 2990 sub
1524 2936 1753 3004 primam
1779 2937 1966 2990 horam
1991 2946 2045 2991 et
2073 2952 2188 2990 me-

629 3024 841 3086 ridiem,
873 3036 926 3079 et
952 3036 1247 3080 extremam
1277 3036 1402 3082 ante
1434 3043 1643 3082 cumam
1669 3069 1684 3093 ,
1712 3039 1765 3084 et
1793 3029 2026 3083 fructum
2046 3029 2189 3096 jeju-

626 3115 701 3168 ιιἱί
739 3115 862 3169 inde
897 3117 1097 3170 disces.
1123 3118 1301 3172 Prima
1325 3119 1432 3174 diei
1463 3120 1595 3174 liora
1621 3121 1972 3188 cogitationes
2011 3120 2186 3174 adhuc

2306 655 2510 719 κοιλίας
2533 657 2643 728 (15)
2675 657 2831 728 κόρος
2855 657 3081 729 ἐξήρανε
3121 662 3297 732 πηγάς
3317 673 3335 689 ⁶
3383 657 3521 730 αὕτη
3549 659 3608 712 δὲ
3655 656 3855 728 ξηραν-

2305 746 2456 801 θεῖσα
2477 748 2974 818 ὲγένησενιῦδατα.
3000 751 3058 803 ὐ
3080 751 3176 822 τὴν
3203 750 3396 805 ἑαυτοῦ
3414 751 3526 823 (16)
3541 745 3852 821 θεραπύων

2305 837 2572 909 γαστέρα,
2607 838 2702 891 καὶ
2731 839 2946 907 πνεῦμα
2985 841 3238 910 πορνείας
3261 841 3480 911 νικῆσαι
3509 839 3848 911 βουλόμενος.

2302 930 2486 1000 ὅμοιός
2522 932 2636 984 ἐστι
2674 930 2752 1001 τῷ
2781 933 2918 1001 μετὰ
2947 933 3125 986 ἐλαίου
3166 932 3472 986 σϐεννύοντι
3502 929 3844 1004 ἐμπρησμὸν.

2303 1022 2630 1093 Θλιὸομένης
2671 1023 2872 1086 κοιλίας
2915 1023 3258 1077 ταπεινοῦται
3287 1023 3481 1090 καρδία
3507 1039 3523 1054 ο
3552 1023 3849 1094 θεραπευο-

2305 1112 2472 1180 μένης
2502 1110 2559 1162 δὲ
2590 1111 2790 1179 ταύτης
2816 1111 3019 1180 γαυριᾷ
3050 1111 3325 1180 λογισμός.
3361 1110 3599 1180 Ψηλάφα
3626 1107 3848 1162 σεαυτὺν

2302 1203 2432 1272 περὶ
2458 1202 2557 1274 τὴν
2586 1201 2779 1272 μέσην,
2811 1202 3046 1271 καὶπερὶ
3071 1201 3168 1271 τὴν
3195 1201 3430 1270 ἐσχάτην
3445 1200 3593 1270 ὥραν
3621 1199 3726 1269 πρὸ
3747 1199 3848 1268 τῆς
3895 1259 3898 1261 λ

2303 1289 2581 1359 βρώσεωςο
2639 1288 2730 1342 καὶ
2777 1289 2994 1359 μαθήσῃ
3028 1288 3086 1355 ἐξ
3112 1287 3276 1342 αὑτοῦ
3328 1288 3429 1358 τὴν
3469 1287 3567 1356 τῆς
3597 1285 3847 1357 νηστείας

2299 1376 2582 1446 ὠφέλειαν.
2613 1379 2816 1447 Σκιρτᾷ
2846 1376 2942 1446 μὲν
2971 1377 3186 1447 πριυῒας
3237 1375 3326 1427 καὶ
3371 1373 3660 1437 πελάζεται
3710 1373 3848 1440 λογι·

2301 1469 2435 1538 σμὸς
2456 1487 2470 1501 ’
2509 1469 2610 1538 τῆς
2655 1465 3276 1536 ἒκτηςικαταλαὸούσης,
3307 1465 3501 1536 μικρὸν
3522 1464 3846 1536 ύπεχάλασε,

2297 1561 2398 1629 τῆς
2427 1560 2484 1614 δὲ
2511 1560 2660 1630 ἡλίου
2690 1558 2894 1622 δύσεως
2918 1559 2996 1620 είς
3009 1556 3160 1620 τέλος
3177 1553 3535 1623 ἐταπεινώθη.
3557 1553 3714 1607 Θλίϐε
3734 1553 3783 1622 (ί
3793 1552 3846 1618 7)

2298 1651 2522 1711 κοιλίαν.
2558 1650 2652 1703 καὶ
2685 1649 2898 1712 πάντως
2927 1645 3160 1708 κλείσεις
3199 1644 3293 1697 καὶ
3339 1641 3535 1713 στόμα·
3564 1640 3848 1712 νευροῦται

2295 1743 2403 1813 γάρ
2429 1741 2648 1808 γλῶσσα
2674 1740 2777 1794 ὑπὸ
2803 1739 3038 1810 πλήθους
3067 1737 3396 1808 ἐδεσμάτων.
3425 1733 3711 1788 Πυκτεύων

2296 1811 2453 1889 κτευε
2497 1834 2633 1906 αὐτῇ
2668 1833 2824 1905 [πρὸς
2849 1830 3064 1902 αὐτὴν],
3114 1828 3208 1882 καὶ
3256 1829 3442 1898 νήφων
3475 1826 3611 1896 νῆφε
3653 1811 3792 1894 αὐτῇ
3827 1839 3846 1858 ⁸

2223 1895 2266 1952 Β
2296 1928 2361 1982 ἂν
2385 1927 2494 2000 γὰρ
2523 1895 2715 1996 mihi»
2735 1895 2998 1998 πονήσεις,
3025 1895 3229 1985 εὐθέως
3255 1895 3351 1974 καί
3372 1920 3402 1972 ό
3427 1895 3631 1990 Κύριος
3653 1932 3848 1988 συνερ-

2294 2021 2472 2089 γήσει.
2497 2015 2910 2084 Μαλασσόμενοι
2945 2013 3102 2066 ἀσκοὶ
3154 2007 3451 2065 ἐπιδιδοῦσι
3481 2009 3549 2079 τῇ
3586 2008 3846 2078 χωρήσει,

2294 2109 2772 2182 περιφρονούμενοι
2806 2105 2863 2160 δὲ
2882 2105 2941 2158 ού
2969 2102 3217 2158 τοσοῦτον
3243 2102 3506 2172 δέχονται·
3532 2102 3561 2154 ό
3582 2113 3850 2167 καταναγ-

2294 2204 2476 2269 κάζων
2499 2202 2742 2270 γαστέρα
2773 2199 2957 2263 αὑτοῦ,
2989 2195 3283 2250 ἐπλάτυνεν
3307 2194 3499 2264 ἔντερα
3519 2210 3536 2228 ο
3562 2194 3593 2247 ό
3611 2193 3670 2248 δὲ
3695 2193 3848 2261 (17m-

2293 2296 2570 2366 νιζόμενος
2609 2293 2745 2364 πρὸς
2789 2291 2978 2363 αὐτὴν,
3024 2287 3341 2355 συνέσφιγξε
3383 2285 3593 2339 ταῦτα’
3644 2284 3847 2340 τούτων

2291 2389 2350 2442 δὲ
2385 2385 2843 2456 συσφιγχθὲντων,
2871 2383 2932 2435 0-3
2963 2380 3132 2435 πολλὰ
3162 2379 3402 2445 δέξονται
3427 2393 3443 2409 ⁸
3468 2377 3566 2431 καὶ
3591 2377 3713 2431 τότε
3735 2376 3848 2430 λοι-

2292 2480 2391 2533 πδν
2425 2476 2686 2548 γινόμεθα
2716 2473 2960 2545 φυσικῶς
2986 2471 3352 2544 νηστεύοντες.
3374 2468 3514 2539 Δίψα
3532 2468 3691 2538 δίψαν
3718 2466 3848 2522 πολ-

2291 2572 2444 2633 λάκις
2479 2568 2788 2622 κατέπαυσε
2815 2580 2830 2595 ·
2875 2565 3037 2636 πείνᾳ
3070 2565 3127 2619 δὲ
3153 2565 3340 2617 πεῖναν
3365 2560 3659 2632 περικόψαι
3686 2559 3846 2630 χαλε-

2292 2664 2392 2717 πὸν
2442 2662 2536 2716 καὶ
2581 2661 2882 2732 ἀμήχανον.
2927 2657 3158 2712 Ὀπόταν
3198 2655 3396 2728 νικήσῃ
3430 2672 3512 2720 σε,
3561 2655 3620 2706 ἐν
3664 2653 3846 2716 πόνοις

2287 2755 2494 2826 δάμαζε
2521 2753 2709 2823 αὑτήν·
2733 2751 2781 2805 εἰ
2807 2750 2864 2804 δὲ
2886 2748 2979 2803 καὶ
3005 2747 3160 2802 τοῦτο
3179 2745 3438 2800 ἀδύνατον
3455 2747 3524 2800 δι’
3540 2744 3842 2808 ἀσθένειαν,

2291 2846 2566 2917 ἀγρυπνία
2593 2844 2857 2898 πάλαισον
2907 2841 3045 2914 πρὸς
3085 2839 3275 2912 αὑτήν.
3313 2837 3638 2910 ὀφθαλμῶν
3673 2837 3844 2911 βαρυ-

2287 2941 2530 3010 νομένων
2561 2937 2819 2992 ὲπιλαδοῦ
2850 2935 3164 3007 ὲργοχείρου
3186 2947 3203 2964 ⁸
3247 2929 3413 2984 ὕπνου
3441 2930 3500 2984 δὲ
3531 2930 3607 3001 μη
3636 2930 3844 3002 παρόν-

2287 3050 2398 3097 τος,
2444 3031 2519 3102 μὴ
2557 3030 2682 3100 ἅψει
2729 3027 2919 3084 αὑτοῦ·
2967 3024 3226 3080 ἀδύνατον
3271 3023 3378 3093 γὰρ
3412 3021 3532 3093 Θεῷ
3569 3022 3665 3076 καὶ
3696 3040 3846 3094 μαμ-

2292 3124 2464 3195 μωνᾷ,
2505 3121 2646 3175 τοῦτ’
2691 3119 2806 3172 ἔστι
2859 3117 2978 3187 Θεῷ
3026 3115 3120 3169 καὶ
3154 3113 3473 3185 ὲργοχείρῳ,
3500 3113 3844 3183 παραστῆσαι

623 3207 832 3261 alacres
863 3209 1114 3262 exsiliunt
1145 3225 1160 3262 :
1194 3211 1328 3265 hora
1354 3220 1527 3274 sexta,
1563 3211 1629 3265 ad
1659 3212 1934 3266 meridiem
1973 3227 2184 3280 nempe,

2289 3218 2379 3270 τὸν
2429 3213 2576 3270 νοῦν.
2614 3213 2875 3277 Γίνωσκε,
2910 3210 2991 3264 ὅτι
3035 3224 3140 3276 περ
3175 3206 3433 3269 πολλάκις
3458 3207 3486 3260 ό
3511 3204 3720 3276 δαίμων
3764 3203 3846 3274 τῷ

625 3297 828 3352 sensim
870 3299 1156 3352 remittunt
1197 3317 1212 3354 :
1256 3301 1536 3355 occidente
1561 3302 1778 3357 demum
1818 3301 1933 3357 sole
1959 3303 2182 3357 omnino

2288 3306 2542 3377 στομάχῳ
2565 3302 2872 3368 καθέζεται,
2901 3300 2994 3356 καὶ
3024 3299 3100 3372 μὴ
3121 3296 3476 3372 κορέννυσθαι
3507 3296 3598 3351 τὸν
3635 3295 3844 3368 άνθρω-

623 3388 975 3444 debilitantur
999 3400 1052 3444 et
1075 3392 1388 3446 concidunt.
1416 3391 1589 3449 Frena
1619 3397 1796 3464 gulam
1819 3434 1832 3456 ,
1862 3405 1916 3449 et
1942 3395 2181 3461 linguam

2288 3417 2380 3453 πον
2399 3396 2824 3470 παρασκευάζει,
2842 3395 2945 3449 κᾶν
2971 3395 3148 3448 πᾶσαν
3170 3391 3266 3464 τὴν
3279 3389 3550 3460 Αἴγυπτον
3576 3390 3724 3463 φάγῃ
3748 3387 3844 3445 καὶ

624 3478 764 3534 intra
791 3495 853 3535 os
883 3484 1099 3551 penitus
1129 3485 1458 3553 concludes;
1491 3501 1588 3555 per
1613 3489 1822 3556 copiam
1851 3487 1993 3542 enim
2025 3501 2182 3541 escu-

2288 3492 2370 3546 τὸν
2399 3491 2585 3544 Νεῖλον
2610 3489 2851 3559 ποταμὸν
2878 3483 3161 3558 πίη.Μετὰ
3172 3483 3271 3555 τὴν
3288 3482 3495 3556 τροφὴν
3521 3483 3790 3555 ἀναχωρεῖ
3810 3481 3844 3536 ό

626 3572 894 3628 lentorum
920 3615 934 3639 ,
965 3576 1147 3646 lingua
1177 3577 1318 3631 vires
1352 3579 1518 3632 sumit
1544 3588 1600 3635 et
1635 3579 1942 3633 roboratur.
1972 3579 2181 3649 Quanta

2288 3580 2500 3642 ἀνόσιος
2525 3620 2541 3644 ,
2567 3579 2661 3633 καὶ
2687 3579 2780 3630 τὸν
2806 3578 2905 3647 τῆς
2927 3575 3041 3647 (18)
3071 3572 3327 3645 πορνείας
3344 3573 3478 3643 ήμῖν
3501 3572 3840 3638 ἀποστέλλει,

623 3661 676 3714 vi
731 3671 883 3730 potes
908 3703 923 3726 ,
977 3680 1151 3734 pugna
1193 3667 1456 3724 adversus
1493 3679 1731 3724 ventrem
1759 3709 1774 3732 .
1819 3681 1872 3726 et
1906 3683 2048 3727 certa
2089 3688 2184 3742 per

623 3754 968 3818 sobrietatem
998 3748 1120 3812 cum
1151 3759 1270 3826 illa;
1314 3776 1439 3816 nam
1467 3761 1513 3816 si
1543 3764 1626 3818 vel
1653 3765 1922 3820 modicum
1956 3766 2182 3822 adnisus

624 3845 813 3912 fueris,
846 3849 1029 3904 statim
1060 3849 1272 3906 Domini
1300 3855 1500 3910 senties
1528 3857 1813 3911 auxilium.
1852 3857 2008 3914 Utres
2042 3860 2181 3914 mol-

623 3938 702 3994 liti
731 3941 984 4017 laxantur
1021 3953 1074 3996 et
1103 3945 1223 4012 plus
1250 3944 1411 3998 solito
1441 3949 1684 4016 capiunt,
1717 3948 1944 4017 neglecti
1978 3966 2102 4006 vero
2128 3961 2182 4006 et

621 4013 1071 4099 arentem/minus
1099 4035 1382 4104 recipiunt.
1413 4037 1516 4104 Qui
1547 4038 1841 4110 ingurgitat
1869 4047 1948 4106 Se.
1975 4043 2180 4099 viscera

620 4123 879 4186 extendit,
914 4125 1007 4194 qui
1037 4138 1168 4178 vero
1195 4127 1374 4182 studet
1398 4138 1695 4199 temperate
1720 4133 1921 4198 vivere,
1955 4137 2180 4190 restrin-

621 4215 698 4283 git
726 4213 816 4266 illa
841 4231 856 4278 ;
893 4217 1139 4271 restricta
1169 4225 1351 4272 autem
1378 4260 1393 4284 ,
1434 4235 1626 4290 parum
1650 4224 1875 4292 capiunt
1895 4262 1910 4287 ,
1941 4233 1996 4279 et
2030 4225 2182 4280 dein-

620 4320 748 4373 ceps
777 4307 890 4375 ipsa
931 4316 1126 4362 natura
1153 4322 1255 4364 nos
1286 4311 1623 4368 abstinentes
1647 4314 1854 4369 reddet.
1885 4315 2016 4373 Sitis
2042 4333 2180 4373 non-

621 4411 899 4466 nunquam
926 4399 1071 4454 sitim
1102 4402 1422 4474 exstinguit,
1453 4403 1545 4458 sed
1577 4403 1775 4461 famem
1809 4405 1952 4463 fame
1985 4409 2182 4478 pellere

619 4483 835 4540 diﬂicile
856 4497 970 4553 est,
1001 4499 1055 4543 et
1089 4491 1236 4546 nulla
1265 4493 1476 4548 ratione
1501 4494 1617 4550 fieri
1645 4505 1842 4565 potest.
1866 4497 1925 4552 Si
1961 4499 2180 4568 quando

2280 3669 2623 3740 ἀπαγγείλας
2671 3667 2820 3739 αὐτῴ
2841 3667 2904 3721 τὸ
2943 3665 3226 3736 γενόμενον
3252 3680 3267 3694 ·
3300 3662 3571 3719 κατάλαϐε
3590 3701 3608 3728 ,
3643 3663 3838 3734 λέγων,

2280 3759 2578 3831 θορύσησον
2619 3757 2800 3812 αὐτόν’
2848 3755 2949 3825 τῆς
2983 3753 3188 3818 κοιλίας
3229 3751 3338 3825 γὰρ
3384 3751 3841 3824 ιμπεφορημένης

2279 3850 2577 3923 κοπωθήσῃ
2612 3865 2629 3881 ·
2667 3846 2838 3901 ἐλθὼν
2883 3846 3179 3915 ἐμειδίασε,
3218 3843 3314 3898 καὶ
3362 3842 3441 3915 τῷ
3489 3841 3642 3915 ὕπνῳ
3669 3843 3840 3914 δήσας

2279 3941 2437 4012 ἡμῶν
2470 3942 2657 4010 χεῖρας
2697 3938 2794 3991 καὶ
2812 3937 2997 4001 πόδας,
3023 3936 3198 3990 πάντα
3218 3932 3406 3988 λοιπὸν
3422 3934 3526 3989 ὅσα
3553 3933 3836 4006 ἠθέλησεν,

2277 4031 2532 4100 εποίησεν
2555 4046 2570 4060 ο
2595 4029 2693 4102 τὴν
2709 4029 2886 4100 ψυχὴν
2908 4027 3002 4081 καὶ
3037 4027 3099 4078 τὸ
3125 4023 3283 4093 σῶμα
3309 4025 3369 4078 ὲν
3397 4024 3712 4097 μολυσμοῖς,
3743 4023 3836 4078 καὶ

2279 4117 2620 4188 φαντασίαις,
2632 4117 2728 4172 καὶ
2749 4115 3027 4184 ικκρίσεσι
3042 4112 3612 4185 καταμιάνας.,Θαῦμα
3634 4112 3835 4168 ἰδέσθαι

2279 4211 2404 4268 νοῦν
2434 4211 2724 4284 ἀσώματον
2749 4208 2854 4264 ὑπὸ
2886 4205 3137 4278 σώματος
3178 4203 3545 4278 μολυνόμενον
3574 4206 3668 4258 καὶ
3705 4218 3832 4257 σκοο

2277 4306 2536 4378 τούμενον
2559 4320 2575 4339 ο
2597 4303 2693 4357 καὶ
2721 4300 2883 4356 πάλιν
2902 4299 2989 4354 διὰ
3018 4297 3190 4370 πηλοῦ
3215 4296 3276 4352 τὸ
3301 4293 3834 4378 άῦλονάνακαοαιρό-

2281 4415 2440 4470 μενον
2461 4397 2558 4451 καὶ
2573 4393 2988 4463 λεπτυνόμενον.
3019 4389 3146 4444 Ἐάν
3172 4387 3270 4458 τὴν
3294 4385 3483 4458 στενὴν
3505 4385 3596 4440 καὶ
3613 4383 3831 4458 τεθλιμ-

2283 4491 2449 4564 μένην
2469 4487 2586 4544 ὁδὸν
2612 4484 2816 4540 ὁδεύειν
2851 4483 2930 4557 τῷ
2971 4480 3190 4554 Χριστῷ
3227 4478 3521 4544 συνετάξω,
3565 4479 3829 4533 στένωσον

618 4580 741 4644 gula
780 4585 831 4631 te
864 4578 1052 4634 vicerit
1073 4618 1090 4644 ,
1126 4581 1401 4640 laboribus
1431 4585 1625 4640 edoma
1645 4557 1800 4642 illam
1831 4607 1846 4643 :
1875 4590 1922 4645 si
1951 4557 2080 4645 vero
2108 4589 2180 4646 ob

2288 4557 2378 4654 τὴν
2404 4557 2652 4652 γαστέρα
2681 4594 2697 4611 ·
2727 4575 2930 4646 ταύτης
2947 4572 3057 4646 γὰρ
3075 4567 3518 4643 θεραπευομένης
3561 4568 3658 4623 καὶ
3696 4569 3830 4624 πλα-

617 4666 986 4726 inlirmitatem
1042 4685 1151 4725 non
1191 4674 1456 4742 potueris,
1497 4676 1731 4731 insomni
1767 4680 1949 4750 vigilia
1987 4681 2175 4737 saltem

618 4761 930 4832 aggredere.
985 4761 1169 4819 Oculis
1220 4765 1332 4835 jam
1394 4766 1634 4838 fatigatis
1692 4773 1946 4827 succedat
1999 4774 2176 4830 labor.

619 4850 825 4906 Somno
853 4863 1029 4907 autem
1066 4865 1117 4910 te
1149 4871 1253 4911 non
1288 4872 1514 4929 urgente
1547 4875 1686 4931 opus
1707 4877 1819 4922 non
1851 4862 2034 4922 facias.
2070 4865 2178 4921 Ne-

616 4957 708 4996 mo
735 4945 879 4999 enim
909 4945 1070 5000 simul
1101 4946 1206 5002 Deo
1239 4953 1443 5006 servire
1475 4963 1650 5023 potest
1677 4964 1732 5010 et
1759 4971 2080 5015 mammonae
2107 4959 2174 5028 ",

617 5032 720 5089 h'oc
767 5049 888 5101 est,
936 5048 1170 5095 mentem
1211 5046 1491 5102 intendere
1529 5049 1596 5104 ad
1637 5050 1802 5106 Deum
1849 5061 1903 5107 et
1943 5055 2175 5110 labores.

614 5123 725 5179 Nec
758 5127 860 5183 hoe
899 5132 1286 5206 ignorandumf,
1309 5123 1512 5193 malum
1547 5142 1686 5210 gulae
1700 5128 1959 5215 spiritum
1990 5146 2179 5202 subin-

2277 4676 2595 4747 τυνομένης,
2625 4669 2723 4734 τάς
2752 4668 3018 4739 συνθήκας
3033 4664 3321 4735 ἠθέτησας.
3355 4659 3698 4732 Ἐπίσκεψαι,
3735 4657 3824 4714 καὶ

2279 4770 2530 4831 άκούσεις
2554 4763 2648 4819 τοῦ
2660 4764 2905 4829 λέγοντος
2923 4758 3057 4829 (l9),
3084 4754 3340 4831 ιιλατεῖα
3366 4754 3464 4809 καί
3489 4755 3824 4823 εὐρύχωρος

2279 4865 2318 4931 ἡ
2345 4861 2484 4925 ὁδὸς
2505 4857 2615 4925 τῆς
2641 4856 2798 4911 κοιλί
2799 4870 2894 4919 ας,
2911 4853 2948 4920 ή
2965 4848 3282 4920 ἀπάγουσα
3297 4847 3388 4911 εἰς
3400 4845 3514 4915 τὴν
3526 4846 3826 4901 ἀπώλειαν

2276 4952 2388 5023 τῆς
2419 4949 2696 5018 πορνείας
2720 4963 2738 4980 ο
2775 4943 2873 4999 καί
2903 4940 3121 4995 πολλοί
3162 4939 3322 4994 εἰσιν
3347 4939 3403 4992 οι
3426 4935 3825 5004 εἰσερχόμενοι

2277 5047 2352 5101 δι’
2378 5042 2586 5112 αὐτῆς.
2611 5041 2677 5096 Τί
2705 5038 2818 5109 (εο)
2847 5035 3004 5106 στενὴ
3030 5032 3172 5104 πύλη
3205 5033 3298 5087 καὶ
3336 5028 3666 5100 τεθλιμμένη
3709 5027 3824 5092 ὁδὸς

2273 5140 2375 5210 τῆς
2396 5136 2670 5207 νηστείας,
2685 5134 2719 5202 ὴ
2747 5131 3037 5198 εἰσάγουσα
3060 5131 3140 5192 εἰς
3168 5126 3268 5198 τὴν
3299 5125 3442 5195 ζωὴν
3460 5123 3558 5193 τῆς
3577 5119 3820 5189 άγνείας,

570 5261 572 5263 .
611 5219 681 5274 tle
731 5226 1013 5278 stomacho
1060 5226 1292 5284 insidere
1347 5241 1404 5286 ut
1453 5231 1640 5287 satiari
1690 5213 1855 5291 homo
1900 5252 2008 5292 non
2047 5254 2178 5310 pos-

2288 5232 2370 5284 ιιαὶ
2411 5230 2580 5298 ὀλίγοι
2618 5225 2755 5279 εἰσὶν
2789 5223 2838 5276 οἰ
2888 5221 3252 5292 εἰσερχόμενοι
3289 5214 3376 5310 6t“
3394 5213 3583 5285 αὐτῆς.
3609 5213 3821 5310 ’άρχων

613 5313 684 5367 sit
709 5353 725 5379 ρ
766 5314 978 5369 etiamsi
1028 5328 1192 5374 totam
1226 5321 1516 5394 IEgyptum
1563 5325 1880 5395 devoraret,
1910 5338 1964 5385 et
2004 5304 2176 5393 totum

2288 5323 2562 5393 Βαιμόνων,
2595 5318 2625 5370 ό
2649 5314 2830 5370 πεσὼν
2851 5313 3124 5384 ἑωσφόρος
3153 5327 3169 5342 ο
3205 5309 3300 5363 καὶ
3345 5305 3528 5376 ἄρχων
3563 5304 3750 5359 παθῶν
3793 5304 3821 5356 ό

609 5400 789 5459 Nilum
838 5409 1169 5466 exhauriret.
1224 5412 1352 5469 Post
1397 5417 1660 5486 repletum
1712 5432 1951 5476 ventrem
1996 5423 2170 5478 disce-

2288 5416 2466 5487 λαιμὸς
2490 5414 2590 5484 τῆς
2628 5408 2813 5471 κολίας
2833 5424 2847 5438 ·
2879 5409 2937 5461 ἐν
2979 5402 3224 5476 τραπέζῃ
3260 5399 3573 5468 ἐδεσμάτων
3603 5396 3820 5452 ἀνακλι-

609 5496 690 5550 dit
737 5498 976 5567 impius,
1028 5513 1083 5556 et
1125 5505 1364 5563 immittit
1415 5511 1468 5564 in
1519 5523 1622 5565 nos
1677 5511 2006 5583 impuritatis
2055 5514 2169 5584 spi-

2288 5509 2526 5580 ινὸμενος,
2576 5503 2796 5575 μνήμην
2854 5499 3082 5554 θανάτου
3115 5494 3212 5549 καὶ
3248 5491 3488 5584 κρίσεως
3528 5489 3616 5584 εἰς
3657 5489 3820 5584 μέσον

609 5589 798 5655 ritum,
833 5593 992 5663 207
1022 5604 1330 5667 statumque
1369 5598 1446 5656 illi
1495 5603 1700 5657 ventris
1748 5573 1976 5674 saginati
2003 5573 2170 5675 espo-

2288 5573 2374 5670 1γέ
2396 5617 2410 5633 ο
2447 5573 2596 5671 μόλις
2633 5595 2762 5665 γὰρ,
2805 5593 2909 5647 κᾶν
2949 5581 3364 5678 οὓτως-μικρὸν-
3386 5580 3558 5678 πάθος
3600 5573 3820 5678 ipsa“:

609 5680 963 5756 nit.0ecupa,
993 5689 1185 5759 inquit,
1206 5690 1381 5759 illum,
1409 5703 1460 5750 et
1497 5693 1768 5764 perturba.
1801 5671 2000 5753 i’entre
2023 5671 2166 5754 enim

2288 5710 2400 5766 anc.
2450 5691 2524 5745 Τδ
2563 5687 2710 5758 πόμα
2743 5685 2934 5748 πίνων,
2979 5678 3074 5734 τοῦ
3103 5676 3258 5744 ὄξους
3283 5673 3498 5744 καὶτῆς
3525 5671 3690 5744 χολῆς
3724 5671 3817 5722 τοῦ

680 5862 722 5891 δ’
749 5861 943 5919 Matth.
972 5880 1046 5925 νι,
1074 5864 1158 5920 ει.
