4050 6338
271 419 378 482 869

1328 431 1553 491 SCALA
1575 428 1946 492 PARADISI.
1975 450 2040 460 -
2066 427 2367 486 GRADUS
2397 428 2544 489 XIV.
3378 445 3481 506 870

279 527 379 582 σοῦ
408 528 683 584 Δεσπότου
721 530 798 602 μὴ
829 531 1009 605 παύσῃ
1053 535 1272 590 ἐννοῶν·
1313 542 1409 593 καὶ
1436 543 1648 604 πάντως
1677 543 1711 610 ἦ
1738 543 1813 609 ἐγ-

1929 535 2181 599 distento,
2240 539 2382 591 nullo
2435 538 2583 591 illum
2636 541 2846 610 negotio
2910 544 3092 600 vinces
3128 557 3180 600 et
3240 549 3478 618 dejiCit'S.

276 619 583 692 κρατεύσῃ,
612 621 647 688 ἢ
682 623 970 687 στενάξεις,
1000 625 1032 695 ἦ
1067 626 1157 679 καὶ
1189 632 1564 701 ταπεινότερον
1593 633 1832 701 ποιήσεις

270 710 340 762 τὸ
367 712 644 781 φρόνημα.
673 714 765 784 Μὴ
797 717 996 779 πλανῶ,
1031 720 1090 770 οὑ
1118 721 1190 790 μὴ
1211 721 1304 774 τοῦ
1330 724 1526 793 Φαραὼ
1544 725 1832 796 ἐλευθεριο-

270 799 442 870 οήσῃ,
469 802 590 854 οὑδὲ
616 802 675 855 τὸ
705 805 817 856 ἄνω
857 807 1042 876 Πάσχα
1073 809 1256 878 θεάσῃ,
1287 811 1351 863 ἂν
1383 815 1442 865 οὐ
1469 816 1715 883 πικρίδας
1742 816 1832 867 καὶ

268 891 464 958 ἄζυμα
514 893 692 966 φάγῃς
732 893 974 967 [γεύσῃς]
1018 897 1107 949 διὰ
1154 903 1372 963 παντός.
1410 905 1658 971 Πικρίδες
1685 906 1830 958 ἐστὶν

269 982 310 1050 ὴ
330 985 432 1051 τῆς
456 984 706 1051 νηστείας
732 987 822 1055 βία
848 988 940 1040 καὶ
967 989 1122 1052 πόνος
1157 1005 1170 1018 ·
1197 990 1381 1061 ἄζυμα
1405 993 1483 1056 δὲ,
1519 996 1578 1046 τὸ
1607 997 1679 1066 μὴ
1730 1015 1830 1064 φυ-

272 1068 526 1138 σώμενον
553 1073 834 1142 φρόνημα·
873 1077 936 1145 τῇ
973 1079 1036 1146 σῇ
1069 1078 1306 1150 ἀναπνοῇ
1342 1083 1753 1154 συγκολληοήτω
1800 1089 1828 1140 ὁ

267 1160 431 1228 λόγος
459 1162 552 1214 τοῦ
587 1163 832 1231 λέγοντος
855 1181 870 1196 ’
916 1167 1059 1236 Ἐγὼ
1079 1167 1146 1220 δὲ
1183 1169 1253 1221 ἐν
1295 1171 1369 1234 τῷ
1421 1175 1542 1235 τοὺς
1572 1175 1826 1243 δαίμονας

265 1256 674 1322 παρενοχλεῖν
698 1272 833 1323 μοι,
891 1257 1218 1328 ἐνεδυόμην
1260 1262 1368 1332 (21)
1411 1265 1667 1318 σάκκων
1727 1269 1826 1321 καὶ

264 1343 633 1399 ὲταπείνουν
670 1346 740 1398 ἐν
777 1351 1025 1416 νηστείᾳ
1069 1352 1182 1419 τὴν
1214 1354 1422 1422 ψυχήν
1447 1374 1601 1423 μου’
1644 1359 1739 1411 καὶ
1785 1361 1823 1428 ἡ

265 1437 584 1504 προσευχή
621 1455 739 1505 μου
771 1442 856 1504 εις
883 1445 1109 1494 κόλπον
1146 1445 1351 1512 ψυχῆς
1366 1465 1483 1514 μου
1507 1447 1824 1517 ἐκεκόλλη-

262 1541 358 1577 το.
412 1526 525 1594 (22)
559 1527 798 1596 Νηστεία
837 1531 953 1583 ἐστὶ
995 1533 1083 1601 βία
1145 1536 1375 1602 φύσεως,
1425 1539 1516 1590 καὶ
1553 1543 1821 1612 περιτομὴ

263 1611 534 1682 ἠδύτητος
585 1613 892 1685 λάρυγγος,
945 1619 1240 1690 πυρώσεως
1293 1624 1524 1695 ἐκτομὴ,
1569 1630 1821 1698 πονηρῶν

263 1704 492 1756 ἐννοιῶν
513 1709 741 1775 ἐκκοπὴ,
785 1710 1163 1780 ἑνυπνιασμῶν
1188 1713 1482 1784 ἐλευθερία,
1511 1721 1821 1790 προσευχῆς

264 1793 813 1869 καθαρότηςοψυχῆς
861 1801 1101 1870 φωστὴρ,
1165 1802 1281 1867 νοὸς
1327 1806 1578 1878 φυλακή·
1627 1811 1820 1880 πωρώ-

1933 617 2073 688 Ergo
2127 622 2300 676 malus
2337 624 2424 677 ille
2480 626 2690 699 veneris
2727 630 2958 696 satelles,
2996 634 3084 686 ubi
3112 636 3279 697 venit.
3306 617 3475 701 ridet,

1931 719 1984 764 et
2009 711 2240 780 primum
2269 729 2361 782 per
2388 730 2634 769 somnum
2671 718 2862 774 vinetis
2891 725 3141 778 manibus
3163 736 3216 779 et
3234 727 3480 795 pedibus,

1929 801 2123 856 deinde
2174 804 2432 872 quidquid
2486 805 2786 872 lihetfacit,
2844 812 3188 883 animamque
3232 815 3389 869 simul
3427 826 3482 870 et

1929 907 2124 962 corpus
2170 894 2324 949 ftedis
2372 898 2622 953 sordibus
2665 909 2719 952 et
2748 902 3164 969 phantasmatis,
3205 908 3480 961 obscenis-

1929 997 2031 1050 que
2057 983 2592 1052 egestis’humoribus
2623 989 2870 1058 inquinat
2897 1001 2950 1044 et
2979 1005 3320 1062 conspurcat.
3354 996 3480 1048 Stu-

1926 1072 2157 1139 pendum
2179 1085 2260 1126 est
2288 1074 2470 1128 videre
2500 1092 2608 1146 quo
2641 1090 2796 1148 pacto
2825 1097 2976 1136 mens
3009 1085 3075 1136 ah
3103 1086 3246 1136 omni
3284 1102 3475 1153 corpo-

1925 1163 2000 1215 ris
2048 1165 2386 1218 concretione
2425 1166 2627 1230 libera,
2671 1185 2700 1221 a
2729 1183 2954 1238 corpore
3007 1183 3179 1226 tamen
3229 1175 3476 1243 inquine—

1925 1259 2012 1304 tur
2040 1262 2094 1306 et
2122 1255 2437 1308 obscuretur
2470 1274 2483 1310 :
2523 1266 2576 1311 et
2607 1269 2791 1313 contra
2832 1277 2925 1328 per
2951 1278 3162 1316 cmunm
3196 1275 3248 1317 et
3284 1267 3474 1329 lutum,

1925 1342 1975 1395 id
2003 1344 2146 1414 quod
2197 1346 2312 1400 sine
2352 1349 2572 1401 materia
2601 1358 2654 1403 et
2692 1366 2920 1419 corpore
2952 1363 3052 1416 est,
3099 1371 3312 1406 rursum
3348 1373 3476 1423 pur-

1922 1445 2076 1503 getur
2115 1447 2167 1490 et
2222 1448 2556 1493 extenuetur.
2603 1439 2657 1493 Si
2689 1431 2903 1496 Christo
2941 1461 3033 1512 per
3081 1457 3364 1513 angustum
3424 1457 3477 1500 ct

1921 1542 2165 1594 asperam
2197 1529 2337 1581 viam
2387 1531 2714 1586 ambulando
2767 1535 3108 1589 adlizesurum
3141 1546 3191 1589 te
3232 1540 3477 1605 promisi-

1920 1619 2010 1682 sti,
2041 1633 2231 1673 coerce
2261 1631 2496 1674 ventrem
2529 1630 2681 1674 tuum
2715 1640 2729 1674 :
2759 1623 2901 1678 hunc
2937 1626 3078 1678 enim
3132 1628 3176 1679 si
3211 1628 3344 1680 bene
3379 1645 3476 1681 cu-

1921 1709 2146 1768 raveris.
2178 1719 2231 1763 et
2260 1711 2563 1778 saginatum
2611 1713 2936 1777 extenderis,
2978 1725 3128 1782 pacta
3159 1732 3278 1770 cum
3325 1716 3477 1770 Chri-

1921 1808 2004 1852 sto
2037 1799 2166 1853 inita
2204 1801 2487 1855 rescidisti.
2531 1802 2780 1867 Attende,
2805 1810 2858 1855 et
2895 1805 3082 1860 audies
3112 1816 3415 1861 monentem
3458 1821 3474 1859 :

265 1857 620 1946 σεωςλῦσις,
645 1857 984 1952 πατανύξεως
1021 1857 1181 1959 θύρα,
1215 1857 1813 1964 στεναγμὸςιταπειεῖὺς,

1923 1889 2058 1943 Lata
2086 1901 2133 1943 et
2163 1894 2396 1959 spatiosa
2452 1895 2535 1946 via
2565 1902 2642 1948 est
2683 1895 2872 1946 ventris
2909 1911 3025 1963 quia
3081 1898 3147 1950 ad
3199 1898 3473 1953 interitum

265 1976 607 2044 συντριμμὸς
633 1978 1159 2049 ί).αρὸς,πολυλογίας
1189 1983 1373 2053 ἀργία,
1402 1988 1629 2056 ἡσυχίας
1656 1989 1822 2060 ἀφορ-

266 2062 372 2132 μὴ,
409 2063 650 2132 ὑπακοῆς
678 2065 872 2132 φύλαξ,
903 2066 1069 2119 ὑπνου
1109 2071 1426 2139 κουφισμὸς,
1457 2072 1614 2140 ὑγεία
1638 2074 1822 2143 σώμα-

181 2165 198 2178 ’
258 2169 390 2213 τος,
438 2152 703 2216 ἀπαθείας
769 2157 1043 2225 πρόξενος,
1115 2159 1522 2229 ἁμαρτημάτων
1597 2162 1818 2230 ἄφεσιςο

265 2241 384 2310 (23)
425 2243 747 2312 παραδείσου
773 2244 909 2314 ούρα
943 2247 1035 2298 καὶ
1069 2251 1266 2318 τρυφή.
1304 2250 1710 2322 Ἀπαιτήσωμεν
1727 2254 1821 2306 καὶ

262 2331 477 2395 τοῦτον,
515 2332 711 2402 μᾶλλον
747 2334 801 2386 δὲ
837 2336 942 2404 πρὸ
983 2337 1202 2390 πάντων
1227 2338 1430 2403 τούτων
1465 2341 1556 2393 τὸν
1581 2343 1820 2412 προστά-

263 2440 370 2491 την
402 2424 509 2475 τῶν
531 2425 727 2477 κακῶν
769 2427 924 2495 ἡμῶν
946 2427 1218 2497 πολέμιον,
1244 2429 1536 2502 τὴνούραν
1572 2433 1681 2485 τῶν
1717 2451 1822 2488 πα-

191 2511 411 2577 Ἳῶει,
439 2513 539 2589 τὴν
591 2515 796 2568 πτῶσιν
840 2516 932 2569 τοῦ
982 2518 1172 2588 Ἀδὰμ,
1213 2519 1309 2589 τὴν
1350 2523 1444 2575 τοῦ
1511 2523 1679 2576 Ἦσαῦ
1714 2526 1821 2577 ἀπ-

265 2582 504 2671 ώλειαν,
545 2606 653 2658 τῶν
707 2606 1050 2679 Ἰσραηλιτῶν
1081 2582 1169 2663 τὺν
1194 2582 1429 2682 δλεθρον,
1460 2614 1556 2684 τὴν
1579 2615 1670 2666 τοῦ
1696 2616 1816 2668 Νῶε

260 2696 635 2764 ἀσχημοθὰιν,
655 2696 755 2769 τὴν
789 2697 898 2751 τῶν
928 2699 1218 2769 Γομόρρων
1254 2703 1540 2774 προδότην,
1588 2706 1685 2776 τὴν
1724 2707 1817 2761 τοῦ

258 2782 388 2836 Λὼτ
414 2785 639 2855 μέμψιν,
683 2787 783 2855 τὴν
814 2787 922 2840 τῶν
953 2788 1086 2840 υίῶν
1120 2789 1268 2842 Ἠλεὶ
1303 2791 1394 2843 τοῦ
1428 2793 1611 2862 ἱερέως
1641 2794 1817 2860 ὲξολό-

259 2871 509 2940 θρευσιν,
559 2875 657 2944 τὴν
697 2874 807 2927 τῶν
843 2876 1130 2945 μολυσμῶν
1169 2879 1519 2948 χειραγωγόν.
1565 2881 1732 2933 Πόθεν
1762 2882 1818 2934 δὲ

257 2962 524 3026 τίκτεται,
540 2964 633 3015 καὶ
655 2964 796 3028 τίνες
818 2965 866 3016 οί
894 2966 1098 3036 ταύτης
1137 2967 1420 3035 ἀπόγονοι;
1456 2971 1550 3031 Τίς
1573 2988 1632 3024 τε
1651 2974 1677 3024 ό
1704 2989 1821 3024 συνι-

254 3053 466 3124 τρίϐων
492 3055 692 3124 abripi;
725 3056 831 3109 Καὶ
862 3056 949 3119 τίς
973 3059 1002 3110 ό
1030 3057 1307 3112 ἀπολλύων
1333 3061 1500 3130 αὐτὴν
1523 3065 1601 3124 είς
1627 3064 1811 3130 τέλος;

1920 1983 2146 2038 luxuriae
2170 1986 2394 2051 deducit,
2425 1997 2473 2040 et
2509 1988 2659 2040 multi
2686 1998 2802 2040 sunt
2832 1990 2919 2056 qui
2944 1991 3143 2042 intrant
3163 2007 3254 2058 per
3273 1994 3470 2046 eam".

1920 2075 2091 2140 Quam
2145 2087 2370 2145 angusta
2403 2088 2456 2132 et
2488 2088 2634 2131 arcta
2686 2088 2769 2132 est
2817 2079 2899 2132 via
2958 2081 3316 2145 alistinentize,
3355 2098 3474 2150 qute

1921 2167 2071 2222 ducit
2091 2168 2156 2222 ad
2181 2169 2340 2222 vitam
2371 2168 2655 2232 castitatis,
2700 2177 2753 2222 et
2786 2170 2939 2237 pauci
2973 2180 3120 2234 sunt,
3150 2173 3241 2240 qui
3275 2174 3475 2225 intrant

1919 2271 2175 2325 peream.
2221 2259 2430 2312 Lucifer
2490 2261 2734 2327 princeps
2784 2261 3087 2313 (laetnonum
3142 2273 3245 2322 est.
3290 2264 3379 2331 qui
3408 2264 3474 2315 de

1918 2350 2058 2403 caelo
2087 2351 2279 2405 ceci'dit
2308 2369 2320 2404 :
2355 2359 2407 2405 et
2434 2352 2553 2418 gula
2586 2336 2808 2414 ventris,
2840 2361 2999 2420 caput
3050 2352 3320 2406 vitiorum.
3370 2350 3470 2412 Ubi

1918 2440 1986 2493 ad
2010 2440 2325 2508 capiendum
2374 2441 2553 2495 cibum
2609 2442 2946 2507 accubueris,
2996 2442 3048 2495 in
3109 2443 3284 2496 medio
3335 2460 3474 2512 pone

1918 2529 2110 2584 mortis
2139 2537 2188 2583 et
2211 2530 2400 2598 judicii
2431 2531 2766 2594 memoriam,
2794 2548 2933 2601 aegre
2975 2533 3117 2587 enim
3141 2535 3217 2585 vel
3251 2536 3329 2589 sic
3357 2550 3474 2588 mo-

1917 2621 2034 2675 dice
2063 2622 2240 2690 gulam
2270 2621 2589 2676 rcfreuabis.
2611 2622 2708 2677 Ubi
2743 2625 2990 2692 poculum
3025 2625 3292 2680 bibiturus
3321 2642 3471 2680 sum—

1918 2713 2112 2781 pseris,
2154 2715 2289 2767 aceti
2321 2724 2374 2768 et
2416 2715 2554 2770 fellis
2589 2715 2796 2767 Domini
2832 2717 2904 2768 tui
2945 2719 3222 2791 nunquam
3279 2717 3472 2770 oblivi-
3540 2701 3548 2708 ’

1919 2802 2106 2863 sceris,
2137 2812 2190 2855 et
2213 2805 2434 2856 omnino
2456 2803 2536 2856 vel
2558 2803 2828 2856 moderate
2853 2803 3002 2856 bibes
3029 2806 3108 2856 vel
3135 2806 3468 2872 ingemisces,

1917 2893 1998 2946 vel
2044 2902 2190 2946 certe
2217 2894 2473 2948 humilior
2509 2894 2631 2948 inde
2664 2903 2716 2948 et
2736 2894 3043 2948 modestior
3071 2896 3284 2948 exades.
3309 2893 3474 2966 208

1916 2983 2056 3036 Cave
2077 3000 2243 3047 erres,
2275 2999 2378 3037 non
2411 2986 2722 3039 liberaberis
2754 3001 2781 3039 a
2813 2985 3109 3050 Pharaone,
3142 3003 3237 3041 nec
3265 2983 3469 3042 PaScha

1917 3074 2133 3128 cmleste
2189 3076 2395 3129 videbis
2439 3076 2808 3145 [celebrabis],
2857 3079 2958 3130 nisi
3007 3079 3203 3131 herbas
3256 3093 3469 3132 amaras

254 3147 406 3214 Λέγε
434 3148 579 3216 ἡμῖν,
611 3141 654 3199 ὧ
702 3149 736 3217 ἠ
791 3149 1006 3202 πάντων
1059 3149 1166 3203 τῶν
1226 3150 1430 3222 βροτῶν
1470 3158 1743 3224 τυραννὶς.
1778 3159 1809 3225 ἡ

1916 3175 1969 3218 et
2009 3179 2194 3233 azyma
2227 3181 2321 3232 per
2350 3181 2580 3220 omnem‘
2625 3168 2786 3224 vitam
2837 3157 3133 3222 comederis
3157 3169 3462 3240 [gustaris].
3495 3180 3497 3183 ‘

255 3239 470 3301 πάντας
519 3237 1095 3315 ὠνησαμένη-χρυσίῳ
1144 3242 1465 3312 ἀπληστίας,
1513 3247 1674 3299 πόθεν
1713 3249 1810 3319 τὴν

253 3327 465 3381 εῐσοδον
496 3329 554 3380 ὲν
585 3330 713 3399 ἡμῖν
749 3331 1035 3400 κέκτησαι;
1069 3331 1162 3384 καὶ
1207 3333 1260 3384 τί
1297 3335 1434 3403 μετὰ
1479 3337 1576 3407 τὴν
1611 3339 1810 3394 εἴσοδον

252 3418 463 3471 τίκτειν
496 3419 765 3488 πέφυκας
798 3421 890 3473 καὶ
915 3420 997 3484 τίς
1041 3423 1075 3491 ή
1108 3420 1200 3493 σοῦ
1233 3423 1290 3487 ἐξ
1319 3426 1475 3494 ἡμῶν
1513 3427 1709 3492 ἔξοδοςς
1744 3429 1809 3482 'H

251 3508 315 3562 δὲ
344 3509 436 3562 ἐπὶ
467 3513 586 3573 ταῖς
612 3509 801 3581 ὕϐρεσι
827 3509 1283 3588 πονήσασα,”πρὸς
1310 3517 1453 3586 ἡμᾶς
1476 3520 1809 3588 τυραννικῶς

180 3636 190 3642 -
251 3602 290 3670 ἡ
329 3600 736 3671 μαιμάσσουσα,
761 3601 857 3655 καὶ
879 3602 1044 3674 ἀγρία
1072 3604 1390 3680 ἀπεκρίνετο
1413 3624 1427 3637 υ
1447 3608 1511 3659 Τί
1547 3627 1612 3679 με
1645 3611 1809 3663 λοιδο-

253 3691 404 3761 ρίαις
434 3691 676 3760 βάλλετε,
710 3695 757 3746 οί
787 3694 909 3762 ἐμοὶ
947 3688 1235 3749 ὑπεύθυνοι
1271 3699 1654 3767 τυγχάνοντεςς
1685 3701 1808 3764 Πῶς

247 3781 312 3834 δέ
345 3797 448 3848 μου
471 3782 799 3852 χωρισθῆναι
828 3784 1187 3851 σπουδάζετε;
1218 3786 1385 3853 Κάγὼ
1406 3791 1471 3857 τῇ
1503 3790 1658 3856 φύσει
1685 3808 1808 3843 συν-

247 3865 494 3936 διδεμαιυ
523 3867 655 3937 ἐμοῦ
676 3859 837 3938 θύρα,
867 3870 1025 3949 φύσις
1044 3870 1368 3949 βρωμάτων·
1401 3875 1535 3944 ἐμοῦ
1561 3877 1617 3929 δὲ
1640 3879 1806 3949 ἀπλη-

249 3957 432 4020 certat;
459 3958 567 4027 (25)
595 3958 847 4027 ἇυνήθεια
867 3939 1056 4023 αττιοςί
1083 3939 1217 4032 ἐμοῦ
1239 3962 1296 4015 δὲ
1330 3939 1532 4028 πάθους
1551 3939 1804 4034 ὑπόθεσις

249 4048 514 4119 συνήθεια
558 4048 922 4120 προλαϐοῦσα,
963 4052 1057 4105 καὶ
1108 4053 1408 4124 ἀναλγησία
1455 4057 1649 4126 ψυχῆς,
1710 4063 1804 4115 καὶ

245 4139 608 4213 ἀμνημοσύνη
635 4139 884 4194 θανάτου·
917 4141 1033 4205 πῶς
1052 4143 1109 4196 δὲ
1127 4143 1236 4196 τῶν
1258 4145 1405 4214 ἐμῶν
1430 4146 1708 4215 ἀπογόνων
1735 4151 1802 4203 τά

244 4236 492 4304 ὀνόματα
518 4231 727 4304 ζητεῖτε
751 4227 982 4301 paean;
1006 4233 1439 4307 ὲξαριθμήσομαι
1462 4239 1677 4303 σὺτοὺς,
1708 4243 1802 4294 καὶ

246 4324 396 4395 ὑπὲρ
437 4323 616 4394 ἄμμον
649 4321 1130 4393 πληθυνθήσονται·
1174 4327 1322 4396 ὅμως
1368 4329 1493 4392 τοὺς
1528 4333 1800 4401 πρωτοτόο

245 4433 384 4480 κους
429 4433 529 4486 μου
573 4416 666 4469 καὶ
711 4416 1024 4485 ἀγαπητῶς
1058 4417 1321 4472 ἀκούσατε
1365 4421 1508 4484 τίνες
1535 4440 1800 4492 προσαγο-

1909 3258 2121 3309 Amarae
2146 3255 2327 3309 herba:
2374 3270 2467 3309 seu
2503 3257 2724 3310 lactucae
2750 3267 2991 3326 agrestes
3037 3269 3162 3312 sunt
3209 3259 3463 3313 violentia

1911 3357 1962 3400 et
1990 3347 2145 3400 labor
2170 3345 2535 3415 jejuniornm;
2593 3359 2780 3416 azyma
2816 3363 2940 3400 vero
2974 3363 3126 3414 mens
3149 3364 3240 3402 seu
3273 3364 3464 3404 sensus

1909 3440 1973 3494 ad
2015 3439 2330 3494 modestiam
2372 3440 2488 3494 sine
2519 3441 2656 3493 fastu
2690 3430 3036 3508 compositus.
3086 3439 3219 3494 Dum
3253 3442 3390 3494 vivis
3409 3453 3464 3496 et

1908 3529 2101 3596 spiras,
2128 3529 2384 3582 inhaereat
2419 3528 2599 3581 animo
2630 3539 2722 3582 tuo
2768 3544 2864 3582 τοι
2889 3529 3118 3599 dicentis
3167 3549 3179 3582 :
3219 3529 3326 3600 Ego
3345 3550 3462 3586 vero

1907 3621 2032 3672 dum
2062 3619 2207 3681 mihi,
2237 3619 2527 3682 dzemones,
2563 3621 2798 3688 inquam,
2835 3623 3244 3688 molestiesseut,
3279 3625 3461 3677 indue-

1907 3709 2003 3763 bar
2027 3710 2219 3772 cilicio,
2255 3719 2302 3763 et
2327 3710 2666 3762 Itumiliabam
2697 3712 2748 3763 in
2774 3710 2979 3779 jejunio
3006 3715 3235 3765 animum
3267 3705 3458 3776 meum:

1906 3810 1955 3855 et
1980 3804 2148 3854 oratio
2177 3819 2288 3855 mea
2314 3803 2368 3854 in
2393 3802 2508 3852 sinu
2533 3803 2722 3853 (minus
2771 3817 2897 3854 mea
2927 3803 3227 3856 adhcrebat
3257 3805 3321 3855 ⁵⁸.
3371 3803 3460 3859 Je-

1900 3891 2113 3960 junium
2148 3901 2232 3946 est
2259 3893 2340 3945 vis
2382 3901 2586 3945 naturae
2616 3891 2788 3954 illata;
2815 3891 3041 3960 jejunio,
3066 3895 3304 3947 suavitas
3325 3897 3461 3962 gulae

1903 3988 2200 4042 coercetur,
2258 3979 2471 4032 ﬂamma
2514 3979 2692 4032 carnis
2736 3980 3121 4048 exstinguitur,
3175 3985 3457 4051 cogitatio-

1902 4083 1998 4122 nes
2022 4068 2176 4121 mala:
2193 4068 2619 4136 exscinduntur,
2639 4069 2906 4123 insomnia
2933 4071 3216 4137 tolluntur,
3253 4087 3317 4126 ex
3339 4090 3450 4142 quo

1902 4168 2087 4222 preces
2133 4170 2278 4222 pura!
2310 4164 2626 4209 nascuntur.
2673 4155 2947 4225 Jejunium
2980 4167 3063 4213 est
3090 4160 3181 4213 lux
3242 4164 3454 4227 animae,

1902 4244 2147 4298 custodia
2205 4245 2422 4308 mentis,
2471 4246 2597 4299 ca‘ci
2649 4247 2826 4301 cordis
2888 4247 3232 4313 illuminatio,
3281 4250 3452 4317 janna

1901 4332 2364 4398 compunctionis,
2423 4333 2643 4388 humilis
2700 4337 2964 4403 gemitus,
3025 4337 3176 4390 lzrtns
3233 4343 3450 4395 contriti

1903 4418 2082 4474 cordis
2104 4421 2296 4487 luctus,
2313 4422 2649 4491 loquacitatis
2674 4426 2920 4490 cessatio,
2937 4426 3243 4481 solitudinls
3259 4431 3454 4498 quieta:

223 4505 520 4576 ρεῦονται.
549 4505 675 4568 Υίὺς
699 4503 1037 4576 πρωτότοκός
1065 4520 1187 4575 μου,
1221 4509 1474 4578 πορνείας
1513 4513 1802 4582 ὑπουργὸς,

1912 4513 2140 4578 occasio,
2162 4514 2474 4568 obedientize
2498 4523 2701 4577 custos.
2727 4516 2902 4570 somni
2931 4516 3140 4582 levatio,
3158 4520 3304 4576 salus
3335 4537 3454 4576 cor-

245 4597 462 4651 ὲκείνου
484 4598 541 4650 δὲ
563 4597 809 4667 δεύτερος
849 4582 1148 4668 σκληρότης
1171 4599 1410 4670 καρδίας·
1435 4604 1462 4653 ό
1493 4603 1657 4669 ὑπνος
1685 4607 1805 4678 τρε-

218 4680 364 4750 τος.
395 4687 505 4759 (26)
539 4688 781 4744 θάλασσα
799 4687 1090 4756 λογισμῶν,
1120 4687 1337 4758 κύματα
1371 4691 1679 4764 μολυσμῶν·
1717 4698 1808 4768 βυ·
1839 4682 1845 4688 ’

243 4776 348 4839 θδς
368 4777 656 4845 ἀγνώστων
681 4778 771 4831 καὶ
796 4778 1046 4848 ἀρρήτων
1073 4775 1181 4856 (2-7)
1211 4779 1558 4850 ἀκαθαρσίων
1582 4787 1640 4850 ἐξ
1668 4788 1801 4857 ἐμοῦ

246 4867 654 4936 ἱκπορεύονται.
698 4867 862 4938 Ἐμοῦ
894 4868 1184 4940 θυγατέρες
1207 4871 1452 4940 όκνηρία,
1489 4875 1797 4946 πολυλογία,

245 4960 551 5029 παρρησία,
565 4960 938 5028 γελωτοποιΐα,
956 4961 1300 5032 εὐτραπελία,
1319 4962 1612 5031 ἀντιλογία,
1639 4969 1801 5040 σκλη-

249 5049 605 5119 ροτραχηλία,
644 5050 890 5120 ἀνηκοΐα,
937 5051 1280 5120 ἀναισθησία,
1309 5053 1670 5121 αίχμαλωσία,
1702 5076 1801 5128 με-

244 5131 541 5203 γαλαυχία,
601 5134 896 5207 θρασύτης.
951 5139 1309 5210 -φιλοκοσμία,
1377 5141 1443 5210 ἢν
1502 5141 1801 5214 διαδέχεται

210 5228 216 5237 ’
248 5223 529 5294 προσευχὴ
562 5225 800 5296 ῥυπαρὰ,
831 5229 922 5280 καί
945 5229 1246 5300 ρεμὸασμοὶ
1273 5229 1560 5300 λογισμῶν.
1596 5235 1800 5291 Πολλά-

246 5322 346 5394 κις
377 5306 436 5361 ει
475 5314 572 5365 καὶ
606 5316 880 5387 συμφοραὶ
907 5317 1213 5370 ἀνέλπιστοι
1256 5318 1348 5371 καὶ
1387 5318 1798 5394 ἀπροσδόκητοι,

245 5391 344 5485 αἷς
370 5402 750 5475 προσωμίλησε
777 5404 1088 5462 ἀνελπιστία
1120 5411 1153 5480 ἡ
1183 5409 1402 5464 πάντων
1427 5391 1795 5485 χαλεπωτέραο

245 5482 354 5554 ἐμὲ
397 5486 624 5557 πολεμεῖ
671 5494 787 5561 μὶν,
823 5495 882 5548 οὐ
913 5497 1037 5566 νικᾷ
1077 5497 1135 5550 δὲ
1181 5499 1364 5570 μνήμη
1422 5482 1793 5570 πταισμάτων·

245 5573 521 5645 ἐχθραίνει
559 5594 649 5648 μοι
690 5582 769 5645 είς
814 5583 958 5640 ἆπαν
991 5585 1165 5641 ἔννοια
1198 5587 1450 5652 θανάτου,
1502 5589 1564 5643 τὸ
1600 5591 1654 5645 δὲ
1706 5595 1804 5665 ἐμὲ

321 5750 368 5782 ⁸³
394 5748 578 5807 Hatth.
608 5756 818 5820 vn,l3.
863 5760 941 5835 7‘“
973 5761 1117 5818 Psal.
1155 5779 1341 5829 xxxtv,
1374 5763 1441 5818 l5

522 5991 528 5994 .
547 5935 637 5980 Καὶ]

1906 4605 2077 4674 poris,
2106 4605 2272 4659 beatae
2301 4605 2703 4672 tranquillitatis
2748 4615 2956 4672 auctor,
2990 4621 3330 4676 peccatorum
3363 4628 3452 4679 re-

1905 4693 2112 4757 missio,
2166 4691 2398 4761 paradisi
2450 4702 2604 4760 porta
2646 4703 2701 4746 et
2760 4696 3028 4766 voluptas.
3061 4700 3376 4766 Quaeramus
3399 4700 3452 4756 et

1900 4785 2089 4835 exlioc
2129 4789 2333 4842 nostro,
2390 4780 2500 4834 imo
2548 4785 2790 4839 omnium
2835 4787 3097 4843 malorum
3144 4790 3449 4846 nostriirum
3529 4842 3533 4846 .

1899 4876 2192 4930 architecto
2214 4885 2268 4928 et
2312 4876 2549 4930 hostium
2605 4882 2843 4936 maximo
2873 4884 3036 4954 (gula,
3071 4885 3309 4952 inquam)
3333 4901 3451 4940 om-

1900 4966 2049 5041 nium
2107 4963 2360 5018 vitiorum
2394 4967 2635 5036 principe
2673 4980 2724 5025 et
2773 4983 3012 5037 auctore,
3040 4988 3104 5026 ex
3146 4988 3252 5041 quo
3291 4991 3450 5032 casus

1901 5040 2092 5108 λιιθωί
2125 5061 2283 5108 natus
2328 5064 2430 5121 est,
2463 5059 2555 5126 qui
2582 5059 2720 5114 Esau
2762 5061 3011 5130 perdidit,
3039 5040 3300 5125 Israelitis'
3332 5069 3449 5122 exi-

1903 5146 2033 5200 tium
2059 5145 2262 5206 attulit,
2313 5144 2424 5202 Noe
2453 5153 2520 5203 ad
2551 5150 2897 5219 ignominiam
2940 5152 3182 5214 nudavit.
3214 5156 3448 5210 Gomor-

1903 5236 2054 5289 rham
2104 5235 2366 5304 prodidit,
2426 5237 2526 5293 Lot
2589 5240 2916 5309 inquinavit,
2976 5240 3089 5296 Heli
3156 5247 3450 5300 sacerdotis

1848 5386 1852 5393 ,
1902 5329 2041 5385 ﬁlios
2064 5328 2130 5384 ad
2155 5331 2571 5388 internecionem
2609 5333 2826 5395 occidit,
2885 5336 2976 5404 qui
3003 5339 3243 5392 omnium
3269 5338 3448 5406 inqui-

1905 5421 2182 5475 nationum
2229 5437 2395 5476 causa
2433 5432 2488 5477 et
2524 5422 2633 5476 dux
2658 5431 2758 5477 est.
2787 5422 2888 5478 Sed
2913 5425 3053 5481 unde
3078 5429 3201 5505 gula
3235 5436 3287 5481 et
3323 5427 3447 5494 qui-

1904 5510 2007 5579 bus
2039 5524 2104 5562 ex
2155 5512 2467 5580 parentibus
2513 5513 2771 5578 nascitur,
2817 5529 2940 5584 quas
2968 5516 3132 5587 hujus
3157 5515 3444 5586 prageuies

1904 5597 2066 5670 209
2089 5595 2144 5657 et
2173 5603 2438 5673 nepotes?
2479 5603 2603 5674 quis
2638 5603 2781 5662 illius
2811 5606 2980 5692 hostis
3007 5606 3101 5678 qui
3128 5604 3273 5661 illam
3294 5603 3444 5661 elidit
