  <div class='ocr_page' id='page_1' title='image "/cluster/home/n/w/nwhite01/storage/ocr_20150623/88/pst.000005712946/461.png"; bbox 0 0 4050 6338; ppageno 0'>
   <div class='ocr_carea' id='block_1_1' title="bbox 661 400 3852 487">
    <p class='ocr_par' dir='ltr' id='par_1_1' title="bbox 661 400 3852 487">
     <span class='ocr_line' id='line_1_1' title="bbox 661 400 3852 487; baseline -0.005 -1"><span class='ocrx_word' id='word_1_1' title='bbox 661 418 761 487; x_wconf 82' lang='lat'><strong>871</strong></span> <span class='ocrx_word' id='word_1_2' title='bbox 1865 419 1924 477; x_wconf 88' lang='lat' dir='ltr'><strong>s.</strong></span> <span class='ocrx_word' id='word_1_3' title='bbox 1969 400 2283 478; x_wconf 75' lang='lat' dir='ltr'><strong>JOANNIS</strong></span> <span class='ocrx_word' id='word_1_4' title='bbox 2324 416 2623 478; x_wconf 80' lang='lat' dir='ltr'><strong>CLIMACI</strong></span> <span class='ocrx_word' id='word_1_5' title='bbox 3746 402 3852 470; x_wconf 70' lang='grc' dir='ltr'><strong>επ</strong></span> 
     </span>
    </p>
   </div>
   <div class='ocr_carea' id='block_1_2' title="bbox 663 517 2238 625">
    <p class='ocr_par' dir='ltr' id='par_1_2' title="bbox 663 528 2208 598">
     <span class='ocr_line' id='line_1_2' title="bbox 663 528 2208 598; baseline -0.003 -11"><span class='ocrx_word' id='word_1_6' title='bbox 663 540 756 587; x_wconf 86' lang='lat' dir='ltr'><strong>aut</strong></span> <span class='ocrx_word' id='word_1_7' title='bbox 773 529 1035 585; x_wconf 79' lang='lat' dir='ltr'><strong>conterit?</strong></span> <span class='ocrx_word' id='word_1_8' title='bbox 1072 528 1181 583; x_wconf 86' lang='lat' dir='ltr'><strong>Ede</strong></span> <span class='ocrx_word' id='word_1_9' title='bbox 1204 529 1362 586; x_wconf 76' lang='lat' dir='ltr'><strong>nabis</strong></span> <span class='ocrx_word' id='word_1_10' title='bbox 1404 530 1570 585; x_wconf 91' lang='lat' dir='ltr'><strong>totius</strong></span> <span class='ocrx_word' id='word_1_11' title='bbox 1597 536 1808 598; x_wconf 74' lang='lat' dir='ltr'><strong>generis</strong></span> <span class='ocrx_word' id='word_1_12' title='bbox 1834 528 2055 582; x_wconf 84' lang='lat' dir='ltr'><strong>humani</strong></span> <span class='ocrx_word' id='word_1_13' title='bbox 2080 544 2208 585; x_wconf 82' lang='lat' dir='ltr'><strong>cru-</strong></span> 
     </span>
    </p>
   </div>
   <div class='ocr_carea' id='block_1_3' title="bbox 2328 517 3856 625">
    <p class='ocr_par' dir='ltr' id='par_1_3' title="bbox 2328 517 3856 625">
     <span class='ocr_line' id='line_1_3' title="bbox 2328 517 3856 625; baseline -0.007 -43"><span class='ocrx_word' id='word_1_14' title='bbox 2328 528 2615 599; x_wconf 78' lang='grc' dir='ltr'>ιαταργοῦν</span> <span class='ocrx_word' id='word_1_15' title='bbox 2647 526 2862 590; x_wconf 77' lang='grc' dir='ltr'><strong>τελείως</strong></span> <span class='ocrx_word' id='word_1_16' title='bbox 2889 526 2947 579; x_wconf 71' lang='grc' dir='ltr'>ἑν</span> <span class='ocrx_word' id='word_1_17' title='bbox 2968 523 3267 597; x_wconf 77' lang='grc' dir='ltr'>ἀνθρώποις</span> <span class='ocrx_word' id='word_1_18' title='bbox 3295 520 3464 576; x_wconf 76' lang='grc' dir='ltr'>οὐδέν’</span> <span class='ocrx_word' id='word_1_19' title='bbox 3509 521 3539 573; x_wconf 94' lang='lat'><strong>6</strong></span> <span class='ocrx_word' id='word_1_20' title='bbox 3575 517 3856 625; x_wconf 89' lang='lat'><strong>-</strong></span> 
     </span>
    </p>
   </div>
   <div class='ocr_carea' id='block_1_4' title="bbox 662 609 2238 693">
    <p class='ocr_par' dir='ltr' id='par_1_4' title="bbox 662 614 2238 693">
     <span class='ocr_line' id='line_1_4' title="bbox 662 614 2238 693; baseline -0.003 -16"><span class='ocrx_word' id='word_1_21' title='bbox 662 622 799 678; x_wconf 88' lang='lat' dir='ltr'><strong>delis</strong></span> <span class='ocrx_word' id='word_1_22' title='bbox 827 622 1173 688; x_wconf 74' lang='lat' dir='ltr'><strong>dominatrix,</strong></span> <span class='ocrx_word' id='word_1_23' title='bbox 1221 638 1342 693; x_wconf 65' lang='lat' dir='ltr'><strong>qua:</strong></span> <span class='ocrx_word' id='word_1_24' title='bbox 1389 637 1577 677; x_wconf 87' lang='lat' dir='ltr'><strong>omnes</strong></span> <span class='ocrx_word' id='word_1_25' title='bbox 1612 614 1944 689; x_wconf 80' lang='lat' dir='ltr'><strong>inexplebilis</strong></span> <span class='ocrx_word' id='word_1_26' title='bbox 1984 620 2204 674; x_wconf 84' lang='lat' dir='ltr'><strong>vorandi</strong></span> <span class='ocrx_word' id='word_1_27' title='bbox 2234 615 2238 622; x_wconf 70' lang='grc'><strong><em>“</em></strong></span> 
     </span>
    </p>
   </div>
   <div class='ocr_carea' id='block_1_5' title="bbox 2328 609 3857 693">
    <p class='ocr_par' dir='ltr' id='par_1_5' title="bbox 2328 609 3857 689">
     <span class='ocr_line' id='line_1_5' title="bbox 2328 609 3857 689; baseline -0.008 -17"><span class='ocrx_word' id='word_1_28' title='bbox 2328 636 2398 682; x_wconf 71' lang='grc' dir='ltr'>ρος</span> <span class='ocrx_word' id='word_1_29' title='bbox 2420 618 2781 689; x_wconf 78' lang='grc' dir='ltr'><strong>παράκλητον,</strong></span> <span class='ocrx_word' id='word_1_30' title='bbox 2805 616 2976 687; x_wconf 82' lang='grc' dir='ltr'>τούτῳ</span> <span class='ocrx_word' id='word_1_31' title='bbox 2998 616 3306 686; x_wconf 75' lang='grc' dir='ltr'><strong>ἐντυγχάνει</strong></span> <span class='ocrx_word' id='word_1_32' title='bbox 3332 612 3451 667; x_wconf 77' lang='grc' dir='ltr'>κατ’</span> <span class='ocrx_word' id='word_1_33' title='bbox 3480 609 3635 682; x_wconf 74' lang='grc' dir='ltr'><strong>ἐμοῦ·</strong></span> <span class='ocrx_word' id='word_1_34' title='bbox 3663 609 3857 663; x_wconf 75' lang='grc' dir='ltr'>κάκεῖ-</span> 
     </span>
    </p>
   </div>
   <div class='ocr_carea' id='block_1_6' title="bbox 661 696 2238 779">
    <p class='ocr_par' dir='ltr' id='par_1_6' title="bbox 661 710 2205 779">
     <span class='ocr_line' id='line_1_6' title="bbox 661 710 2205 779; baseline -0.003 -12"><span class='ocrx_word' id='word_1_35' title='bbox 661 713 913 768; x_wconf 86' lang='lat' dir='ltr'><strong>desiderii</strong></span> <span class='ocrx_word' id='word_1_36' title='bbox 947 729 1079 767; x_wconf 81' lang='lat' dir='ltr'><strong>auro</strong></span> <span class='ocrx_word' id='word_1_37' title='bbox 1099 714 1298 775; x_wconf 85' lang='lat' dir='ltr'><strong>emisti,</strong></span> <span class='ocrx_word' id='word_1_38' title='bbox 1325 713 1466 768; x_wconf 92' lang='lat' dir='ltr'><strong>unde</strong></span> <span class='ocrx_word' id='word_1_39' title='bbox 1488 712 1583 766; x_wconf 83' lang='lat' dir='ltr'><strong>tibi</strong></span> <span class='ocrx_word' id='word_1_40' title='bbox 1604 711 1804 766; x_wconf 86' lang='lat' dir='ltr'><strong>aditum</strong></span> <span class='ocrx_word' id='word_1_41' title='bbox 1834 710 1901 764; x_wconf 88' lang='lat' dir='ltr'><strong>ad</strong></span> <span class='ocrx_word' id='word_1_42' title='bbox 1928 724 2027 765; x_wconf 87' lang='lat' dir='ltr'><strong>nos</strong></span> <span class='ocrx_word' id='word_1_43' title='bbox 2046 724 2205 779; x_wconf 87' lang='lat' dir='ltr'><strong>para-</strong></span> 
     </span>
    </p>
   </div>
   <div class='ocr_carea' id='block_1_7' title="bbox 2328 696 3851 779">
    <p class='ocr_par' dir='ltr' id='par_1_7' title="bbox 2328 696 3851 779">
     <span class='ocr_line' id='line_1_7' title="bbox 2328 696 3851 779; baseline -0.016 -6"><span class='ocrx_word' id='word_1_44' title='bbox 2328 726 2399 772; x_wconf 71' lang='lat' dir='ltr'><strong>ms</strong></span> <span class='ocrx_word' id='word_1_45' title='bbox 2419 709 2771 779; x_wconf 81' lang='grc' dir='ltr'><strong>δυσωπηθεὶς,</strong></span> <span class='ocrx_word' id='word_1_46' title='bbox 2792 706 3048 779; x_wconf 78' lang='grc' dir='ltr'><strong>ἐμπαθῶς</strong></span> <span class='ocrx_word' id='word_1_47' title='bbox 3070 707 3169 759; x_wconf 82' lang='grc' dir='ltr'>οὐκ</span> <span class='ocrx_word' id='word_1_48' title='bbox 3198 707 3263 777; x_wconf 74' lang='grc' dir='ltr'><strong>ἑᾷ</strong></span> <span class='ocrx_word' id='word_1_49' title='bbox 3288 721 3354 773; x_wconf 84' lang='grc' dir='ltr'>με</span> <span class='ocrx_word' id='word_1_50' title='bbox 3386 703 3648 773; x_wconf 73' lang='grc' dir='ltr'>ἐνεργεῖν·</span> <span class='ocrx_word' id='word_1_51' title='bbox 3669 700 3720 753; x_wconf 81' lang='grc' dir='ltr'>οι</span> <span class='ocrx_word' id='word_1_52' title='bbox 3743 696 3851 766; x_wconf 74' lang='grc' dir='ltr'>γὰρ</span> 
     </span>
    </p>
   </div>
   <div class='ocr_carea' id='block_1_8' title="bbox 663 791 2238 874">
    <p class='ocr_par' dir='ltr' id='par_1_8' title="bbox 663 804 2209 874">
     <span class='ocr_line' id='line_1_8' title="bbox 663 804 2209 874; baseline -0.003 -15"><span class='ocrx_word' id='word_1_53' title='bbox 663 805 772 859; x_wconf 79' lang='lat' dir='ltr'><strong>sti?</strong></span> <span class='ocrx_word' id='word_1_54' title='bbox 796 814 850 859; x_wconf 88' lang='lat' dir='ltr'><strong>et</strong></span> <span class='ocrx_word' id='word_1_55' title='bbox 874 806 1001 874; x_wconf 88' lang='lat' dir='ltr'><strong>quid</strong></span> <span class='ocrx_word' id='word_1_56' title='bbox 1050 805 1102 859; x_wconf 90' lang='lat' dir='ltr'><strong>in</strong></span> <span class='ocrx_word' id='word_1_57' title='bbox 1137 805 1294 860; x_wconf 85' lang='lat' dir='ltr'><strong>nobis</strong></span> <span class='ocrx_word' id='word_1_58' title='bbox 1343 814 1466 874; x_wconf 90' lang='lat' dir='ltr'><strong>post</strong></span> <span class='ocrx_word' id='word_1_59' title='bbox 1497 804 1795 874; x_wconf 85' lang='lat' dir='ltr'><strong>ingressum</strong></span> <span class='ocrx_word' id='word_1_60' title='bbox 1823 809 1973 854; x_wconf 88' lang='lat' dir='ltr'><strong>tuum</strong></span> <span class='ocrx_word' id='word_1_61' title='bbox 2026 814 2209 855; x_wconf 88' lang='lat' dir='ltr'><strong>creare</strong></span> 
     </span>
    </p>
   </div>
   <div class='ocr_carea' id='block_1_9' title="bbox 2328 791 3854 874">
    <p class='ocr_par' dir='ltr' id='par_1_9' title="bbox 2328 791 3854 868">
     <span class='ocr_line' id='line_1_9' title="bbox 2328 791 3854 868; baseline -0.008 -15"><span class='ocrx_word' id='word_1_62' title='bbox 2328 800 2517 853; x_wconf 76' lang='grc' dir='ltr'>εκείνου</span> <span class='ocrx_word' id='word_1_63' title='bbox 2551 799 2822 868; x_wconf 78' lang='grc' dir='ltr'>ἄγευστοι,</span> <span class='ocrx_word' id='word_1_64' title='bbox 2854 798 2943 851; x_wconf 77' lang='grc' dir='ltr'><strong>διὰ</strong></span> <span class='ocrx_word' id='word_1_65' title='bbox 2969 797 3066 868; x_wconf 83' lang='grc' dir='ltr'>τῆς</span> <span class='ocrx_word' id='word_1_66' title='bbox 3103 797 3242 868; x_wconf 72' lang='grc' dir='ltr'><strong>ἐμῆς</strong></span> <span class='ocrx_word' id='word_1_67' title='bbox 3273 796 3599 864; x_wconf 78' lang='grc' dir='ltr'><strong>γλυκύτητος</strong></span> <span class='ocrx_word' id='word_1_68' title='bbox 3636 791 3854 850; x_wconf 79' lang='grc' dir='ltr'>πάντως</span> 
     </span>
    </p>
   </div>
   <div class='ocr_carea' id='block_1_10' title="bbox 662 888 2238 962">
    <p class='ocr_par' dir='ltr' id='par_1_10' title="bbox 662 888 2210 962">
     <span class='ocr_line' id='line_1_10' title="bbox 662 888 2210 962; baseline -0.001 -17"><span class='ocrx_word' id='word_1_69' title='bbox 662 902 715 945; x_wconf 92' lang='lat' dir='ltr'><strong>et</strong></span> <span class='ocrx_word' id='word_1_70' title='bbox 737 894 952 962; x_wconf 89' lang='lat' dir='ltr'><strong>gignere</strong></span> <span class='ocrx_word' id='word_1_71' title='bbox 978 893 1288 947; x_wconf 72' lang='lat' dir='ltr'><strong>consuesti?</strong></span> <span class='ocrx_word' id='word_1_72' title='bbox 1323 902 1377 947; x_wconf 89' lang='lat' dir='ltr'><strong>et</strong></span> <span class='ocrx_word' id='word_1_73' title='bbox 1408 893 1531 962; x_wconf 87' lang='lat' dir='ltr'><strong>quis</strong></span> <span class='ocrx_word' id='word_1_74' title='bbox 1562 901 1686 947; x_wconf 91' lang='lat' dir='ltr'><strong>tuus</strong></span> <span class='ocrx_word' id='word_1_75' title='bbox 1717 905 1747 945; x_wconf 93' lang='lat' dir='ltr'><strong>a</strong></span> <span class='ocrx_word' id='word_1_76' title='bbox 1768 889 1924 944; x_wconf 88' lang='lat' dir='ltr'><strong>nobis</strong></span> <span class='ocrx_word' id='word_1_77' title='bbox 1942 888 2210 943; x_wconf 81' lang='lat' dir='ltr'><strong>discessus</strong></span> 
     </span>
    </p>
   </div>
   <div class='ocr_carea' id='block_1_11' title="bbox 2328 888 2863 962">
    <p class='ocr_par' dir='ltr' id='par_1_11' title="bbox 2328 888 2863 962">
     <span class='ocr_line' id='line_1_11' title="bbox 2328 888 2863 962; baseline -0.002 -18"><span class='ocrx_word' id='word_1_78' title='bbox 2328 891 2598 962; x_wconf 57' lang='grc' dir='ltr'>ἡδύνεσθαι</span> <span class='ocrx_word' id='word_1_79' title='bbox 2623 888 2863 960; x_wconf 79' lang='grc' dir='ltr'><strong>ζητοῦσι.</strong></span> 
     </span>
    </p>
   </div>
   <div class='ocr_carea' id='block_1_12' title="bbox 668 975 3854 1049">
    <p class='ocr_par' dir='ltr' id='par_1_12' title="bbox 668 975 3854 1049">
     <span class='ocr_line' id='line_1_12' title="bbox 668 975 3854 1049; baseline -0.002 -17"><span class='ocrx_word' id='word_1_80' title='bbox 668 987 721 1033; x_wconf 88' lang='lat' dir='ltr'><strong>et</strong></span> <span class='ocrx_word' id='word_1_81' title='bbox 755 980 968 1035; x_wconf 80' lang='lat' dir='ltr'><strong>exitus?</strong></span> <span class='ocrx_word' id='word_1_82' title='bbox 997 981 1086 1034; x_wconf 89' lang='lat' dir='ltr'><strong>llla</strong></span> <span class='ocrx_word' id='word_1_83' title='bbox 1111 997 1238 1036; x_wconf 87' lang='lat' dir='ltr'><strong>vero</strong></span> <span class='ocrx_word' id='word_1_84' title='bbox 1276 981 1546 1036; x_wconf 84' lang='lat' dir='ltr'><strong>convictio</strong></span> <span class='ocrx_word' id='word_1_85' title='bbox 1575 980 1905 1041; x_wconf 89' lang='lat' dir='ltr'><strong>everberata,</strong></span> <span class='ocrx_word' id='word_1_86' title='bbox 1951 976 2106 1031; x_wconf 84' lang='lat' dir='ltr'><strong>nobis</strong></span> <span class='ocrx_word' id='word_1_87' title='bbox 2130 976 2279 1034; x_wconf 78' lang='lat' dir='ltr'><strong>ferox</strong></span> <span class='ocrx_word' id='word_1_88' title='bbox 2335 980 2695 1049; x_wconf 67' lang='lat' dir='ltr'><strong>{tendensque</strong></span> <span class='ocrx_word' id='word_1_89' title='bbox 2749 978 2897 1034; x_wconf 86' lang='lat' dir='ltr'><strong>rabie</strong></span> <span class='ocrx_word' id='word_1_90' title='bbox 2932 977 3006 1034; x_wconf 89' lang='lat' dir='ltr'><strong>ita</strong></span> <span class='ocrx_word' id='word_1_91' title='bbox 3029 976 3343 1048; x_wconf 90' lang='lat' dir='ltr'><strong>respondit:</strong></span> <span class='ocrx_word' id='word_1_92' title='bbox 3369 975 3509 1042; x_wconf 84' lang='lat' dir='ltr'><strong>Quid</strong></span> <span class='ocrx_word' id='word_1_93' title='bbox 3549 989 3634 1029; x_wconf 89' lang='lat' dir='ltr'><strong>me</strong></span> <span class='ocrx_word' id='word_1_94' title='bbox 3686 975 3854 1025; x_wconf 83' lang='lat' dir='ltr'><strong>male—</strong></span> 
     </span>
    </p>
   </div>
   <div class='ocr_carea' id='block_1_13' title="bbox 666 1063 3854 1141">
    <p class='ocr_par' dir='ltr' id='par_1_13' title="bbox 666 1063 3854 1141">
     <span class='ocr_line' id='line_1_13' title="bbox 666 1063 3854 1141; baseline -0.003 -17"><span class='ocrx_word' id='word_1_95' title='bbox 666 1070 826 1124; x_wconf 85' lang='lat' dir='ltr'><strong>dictis</strong></span> <span class='ocrx_word' id='word_1_96' title='bbox 856 1072 1142 1135; x_wconf 85' lang='lat' dir='ltr'><strong>incessitis,</strong></span> <span class='ocrx_word' id='word_1_97' title='bbox 1180 1087 1299 1125; x_wconf 93' lang='lat' dir='ltr'><strong>cum</strong></span> <span class='ocrx_word' id='word_1_98' title='bbox 1339 1072 1473 1126; x_wconf 90' lang='lat' dir='ltr'><strong>mihi</strong></span> <span class='ocrx_word' id='word_1_99' title='bbox 1506 1071 1625 1127; x_wconf 86' lang='lat' dir='ltr'><strong>sitis</strong></span> <span class='ocrx_word' id='word_1_100' title='bbox 1645 1072 1903 1126; x_wconf 79' lang='lat' dir='ltr'><strong>obnoxii?</strong></span> <span class='ocrx_word' id='word_1_101' title='bbox 1950 1072 2233 1139; x_wconf 82' lang='lat' dir='ltr'><strong>Quomodo</strong></span> <span class='ocrx_word' id='word_1_102' title='bbox 2276 1088 2306 1127; x_wconf 92' lang='lat' dir='ltr'><strong>a</strong></span> <span class='ocrx_word' id='word_1_103' title='bbox 2355 1087 2442 1126; x_wconf 90' lang='lat' dir='ltr'><strong>me</strong></span> <span class='ocrx_word' id='word_1_104' title='bbox 2473 1070 2682 1141; x_wconf 85' lang='lat' dir='ltr'><strong>sejungi</strong></span> <span class='ocrx_word' id='word_1_105' title='bbox 2733 1070 2948 1140; x_wconf 88' lang='lat' dir='ltr'><strong>cupitis,</strong></span> <span class='ocrx_word' id='word_1_106' title='bbox 2986 1084 3124 1140; x_wconf 88' lang='lat' dir='ltr'><strong>quos</strong></span> <span class='ocrx_word' id='word_1_107' title='bbox 3166 1069 3297 1123; x_wconf 89' lang='lat' dir='ltr'><strong>mihi</strong></span> <span class='ocrx_word' id='word_1_108' title='bbox 3332 1076 3521 1127; x_wconf 86' lang='lat' dir='ltr'><strong>natura</strong></span> <span class='ocrx_word' id='word_1_109' title='bbox 3569 1063 3854 1119; x_wconf 78' lang='lat' dir='ltr'><strong>devinxit?</strong></span> 
     </span>
    </p>
   </div>
   <div class='ocr_carea' id='block_1_14' title="bbox 664 1149 3852 1237">
    <p class='ocr_par' dir='ltr' id='par_1_14' title="bbox 664 1149 3852 1237">
     <span class='ocr_line' id='line_1_14' title="bbox 664 1149 3852 1237; baseline -0.001 -18"><span class='ocrx_word' id='word_1_110' title='bbox 664 1164 836 1219; x_wconf 86' lang='lat' dir='ltr'><strong>Janua</strong></span> <span class='ocrx_word' id='word_1_111' title='bbox 860 1181 976 1220; x_wconf 84' lang='lat' dir='ltr'><strong>mea</strong></span> <span class='ocrx_word' id='word_1_112' title='bbox 1008 1176 1091 1221; x_wconf 87' lang='lat' dir='ltr'><strong>est</strong></span> <span class='ocrx_word' id='word_1_113' title='bbox 1149 1176 1337 1221; x_wconf 86' lang='lat' dir='ltr'><strong>natura</strong></span> <span class='ocrx_word' id='word_1_114' title='bbox 1388 1167 1653 1232; x_wconf 88' lang='lat' dir='ltr'><strong>ciborum,</strong></span> <span class='ocrx_word' id='word_1_115' title='bbox 1711 1149 2045 1237; x_wconf 83' lang='lat' dir='ltr'><strong>inexplebilis</strong></span> <span class='ocrx_word' id='word_1_116' title='bbox 2096 1181 2223 1221; x_wconf 88' lang='lat' dir='ltr'><strong>vero</strong></span> <span class='ocrx_word' id='word_1_117' title='bbox 2280 1167 2502 1221; x_wconf 79' lang='lat' dir='ltr'><strong>vorandi</strong></span> <span class='ocrx_word' id='word_1_118' title='bbox 2538 1164 2807 1221; x_wconf 90' lang='lat' dir='ltr'><strong>aviditatis</strong></span> <span class='ocrx_word' id='word_1_119' title='bbox 2863 1178 3049 1229; x_wconf 87' lang='lat' dir='ltr'><strong>causa,</strong></span> <span class='ocrx_word' id='word_1_120' title='bbox 3090 1172 3173 1219; x_wconf 83' lang='lat' dir='ltr'><strong>est</strong></span> <span class='ocrx_word' id='word_1_121' title='bbox 3204 1163 3445 1232; x_wconf 89' lang='lat' dir='ltr'><strong>improba</strong></span> <span class='ocrx_word' id='word_1_122' title='bbox 3496 1160 3852 1215; x_wconf 82' lang='lat' dir='ltr'><strong>consuetudo.</strong></span> 
     </span>
    </p>
   </div>
   <div class='ocr_carea' id='block_1_15' title="bbox 670 1254 3857 1327">
    <p class='ocr_par' dir='ltr' id='par_1_15' title="bbox 670 1254 3857 1327">
     <span class='ocr_line' id='line_1_15' title="bbox 670 1254 3857 1327; baseline -0 -19"><span class='ocrx_word' id='word_1_123' title='bbox 670 1255 863 1320; x_wconf 82' lang='lat' dir='ltr'><strong>Radix,</strong></span> <span class='ocrx_word' id='word_1_124' title='bbox 898 1257 1139 1325; x_wconf 90' lang='lat' dir='ltr'><strong>inquam,</strong></span> <span class='ocrx_word' id='word_1_125' title='bbox 1183 1257 1344 1325; x_wconf 88' lang='lat' dir='ltr'><strong>hujus</strong></span> <span class='ocrx_word' id='word_1_126' title='bbox 1373 1258 1479 1311; x_wconf 89' lang='lat' dir='ltr'><strong>mei</strong></span> <span class='ocrx_word' id='word_1_127' title='bbox 1506 1257 1619 1310; x_wconf 84' lang='lat' dir='ltr'><strong>vitii</strong></span> <span class='ocrx_word' id='word_1_128' title='bbox 1647 1267 1749 1323; x_wconf 88' lang='lat' dir='ltr'><strong>est,</strong></span> <span class='ocrx_word' id='word_1_129' title='bbox 1785 1266 1845 1311; x_wconf 89' lang='lat' dir='ltr'><strong>ut</strong></span> <span class='ocrx_word' id='word_1_130' title='bbox 1875 1258 1986 1311; x_wconf 84' lang='lat' dir='ltr'><strong>dixi</strong></span> <span class='ocrx_word' id='word_1_131' title='bbox 2020 1297 2037 1322; x_wconf 97' lang='lat'><strong>,</strong></span> <span class='ocrx_word' id='word_1_132' title='bbox 2074 1260 2407 1312; x_wconf 84' lang='lat' dir='ltr'><strong>consuetudo</strong></span> <span class='ocrx_word' id='word_1_133' title='bbox 2439 1258 2750 1327; x_wconf 88' lang='lat' dir='ltr'><strong>anticipata.</strong></span> <span class='ocrx_word' id='word_1_134' title='bbox 2798 1265 2853 1312; x_wconf 88' lang='lat' dir='ltr'><strong>et</strong></span> <span class='ocrx_word' id='word_1_135' title='bbox 2888 1265 3074 1326; x_wconf 85' lang='lat' dir='ltr'><strong>stupor</strong></span> <span class='ocrx_word' id='word_1_136' title='bbox 3115 1255 3331 1324; x_wconf 91' lang='lat' dir='ltr'><strong>quidam</strong></span> <span class='ocrx_word' id='word_1_137' title='bbox 3369 1254 3595 1316; x_wconf 64' lang='lat' dir='ltr'><strong>animae,</strong></span> <span class='ocrx_word' id='word_1_138' title='bbox 3634 1262 3857 1307; x_wconf 81' lang='lat' dir='ltr'><strong>morm-</strong></span> 
     </span>
    </p>
   </div>
   <div class='ocr_carea' id='block_1_16' title="bbox 668 1344 3847 1417">
    <p class='ocr_par' dir='ltr' id='par_1_16' title="bbox 668 1344 3847 1417">
     <span class='ocr_line' id='line_1_16' title="bbox 668 1344 3847 1417; baseline -0.001 -19"><span class='ocrx_word' id='word_1_139' title='bbox 668 1361 774 1412; x_wconf 87' lang='lat' dir='ltr'><strong>que</strong></span> <span class='ocrx_word' id='word_1_140' title='bbox 794 1345 1015 1400; x_wconf 84' lang='lat' dir='ltr'><strong>oblivio.</strong></span> <span class='ocrx_word' id='word_1_141' title='bbox 1059 1346 1340 1412; x_wconf 85' lang='lat' dir='ltr'><strong>Quomodo</strong></span> <span class='ocrx_word' id='word_1_142' title='bbox 1388 1355 1566 1401; x_wconf 88' lang='lat' dir='ltr'><strong>autem</strong></span> <span class='ocrx_word' id='word_1_143' title='bbox 1613 1348 1792 1401; x_wconf 67' lang='lat' dir='ltr'><strong>multae</strong></span> <span class='ocrx_word' id='word_1_144' title='bbox 1830 1346 2032 1403; x_wconf 83' lang='lat' dir='ltr'><strong>sobolis</strong></span> <span class='ocrx_word' id='word_1_145' title='bbox 2074 1362 2207 1401; x_wconf 76' lang='lat' dir='ltr'><strong>mea:</strong></span> <span class='ocrx_word' id='word_1_146' title='bbox 2237 1349 2455 1402; x_wconf 90' lang='lat' dir='ltr'><strong>nomina</strong></span> <span class='ocrx_word' id='word_1_147' title='bbox 2504 1348 2787 1417; x_wconf 57' lang='lat' dir='ltr'><strong>quaeritis?</strong></span> <span class='ocrx_word' id='word_1_148' title='bbox 2814 1344 3154 1402; x_wconf 88' lang='lat' dir='ltr'><strong>Enumerabo</strong></span> <span class='ocrx_word' id='word_1_149' title='bbox 3188 1358 3304 1409; x_wconf 87' lang='lat' dir='ltr'><strong>eos,</strong></span> <span class='ocrx_word' id='word_1_150' title='bbox 3347 1354 3401 1398; x_wconf 89' lang='lat' dir='ltr'><strong>et</strong></span> <span class='ocrx_word' id='word_1_151' title='bbox 3429 1359 3586 1413; x_wconf 84' lang='lat' dir='ltr'><strong>super</strong></span> <span class='ocrx_word' id='word_1_152' title='bbox 3625 1356 3847 1397; x_wconf 82' lang='lat' dir='ltr'><strong>arenam</strong></span> 
     </span>
    </p>
   </div>
   <div class='ocr_carea' id='block_1_17' title="bbox 675 1422 3854 1513">
    <p class='ocr_par' dir='ltr' id='par_1_17' title="bbox 675 1422 3854 1513">
     <span class='ocr_line' id='line_1_17' title="bbox 675 1422 3854 1513; baseline 0 -24"><span class='ocrx_word' id='word_1_153' title='bbox 675 1422 1195 1505; x_wconf 80' lang='lat' dir='ltr'><strong>multiplicabuntur.</strong></span> <span class='ocrx_word' id='word_1_154' title='bbox 1230 1438 1582 1509; x_wconf 80' lang='lat' dir='ltr'><strong>Primogeniti</strong></span> <span class='ocrx_word' id='word_1_155' title='bbox 1614 1448 1791 1495; x_wconf 88' lang='lat' dir='ltr'><strong>tamen</strong></span> <span class='ocrx_word' id='word_1_156' title='bbox 1824 1440 1928 1495; x_wconf 92' lang='lat' dir='ltr'><strong>mei</strong></span> <span class='ocrx_word' id='word_1_157' title='bbox 1956 1440 2199 1513; x_wconf 88' lang='lat' dir='ltr'><strong>mihique</strong></span> <span class='ocrx_word' id='word_1_158' title='bbox 2235 1442 2291 1494; x_wconf 91' lang='lat' dir='ltr'><strong>in</strong></span> <span class='ocrx_word' id='word_1_159' title='bbox 2344 1442 2532 1512; x_wconf 83' lang='lat' dir='ltr'><strong>paucis</strong></span> <span class='ocrx_word' id='word_1_160' title='bbox 2560 1441 2715 1497; x_wconf 88' lang='lat' dir='ltr'><strong>chari</strong></span> <span class='ocrx_word' id='word_1_161' title='bbox 2745 1442 2840 1512; x_wconf 88' lang='lat' dir='ltr'><strong>qui</strong></span> <span class='ocrx_word' id='word_1_162' title='bbox 2888 1440 3023 1503; x_wconf 90' lang='lat' dir='ltr'><strong>sint,</strong></span> <span class='ocrx_word' id='word_1_163' title='bbox 3062 1438 3263 1510; x_wconf 90' lang='lat' dir='ltr'><strong>quique</strong></span> <span class='ocrx_word' id='word_1_164' title='bbox 3312 1449 3599 1504; x_wconf 79' lang='lat' dir='ltr'><strong>vocentur,</strong></span> <span class='ocrx_word' id='word_1_165' title='bbox 3649 1436 3854 1491; x_wconf 85' lang='lat' dir='ltr'><strong>audite.</strong></span> 
     </span>
    </p>
   </div>
   <div class='ocr_carea' id='block_1_18' title="bbox 670 1527 3852 1605">
    <p class='ocr_par' dir='ltr' id='par_1_18' title="bbox 670 1527 3852 1605">
     <span class='ocr_line' id='line_1_18' title="bbox 670 1527 3852 1605; baseline 0 -23"><span class='ocrx_word' id='word_1_166' title='bbox 670 1527 887 1585; x_wconf 85' lang='lat' dir='ltr'><strong>Primus</strong></span> <span class='ocrx_word' id='word_1_167' title='bbox 914 1540 999 1587; x_wconf 90' lang='lat' dir='ltr'><strong>est</strong></span> <span class='ocrx_word' id='word_1_168' title='bbox 1026 1533 1272 1588; x_wconf 88' lang='lat' dir='ltr'><strong>minister</strong></span> <span class='ocrx_word' id='word_1_169' title='bbox 1317 1543 1373 1589; x_wconf 90' lang='lat' dir='ltr'><strong>et</strong></span> <span class='ocrx_word' id='word_1_170' title='bbox 1398 1533 1578 1589; x_wconf 83' lang='lat' dir='ltr'><strong>ciuilio</strong></span> <span class='ocrx_word' id='word_1_171' title='bbox 1605 1534 1868 1602; x_wconf 68' lang='lat' dir='ltr'><strong>luxuriae;</strong></span> <span class='ocrx_word' id='word_1_172' title='bbox 1902 1535 2034 1590; x_wconf 89' lang='lat' dir='ltr'><strong>alter</strong></span> <span class='ocrx_word' id='word_1_173' title='bbox 2061 1550 2092 1590; x_wconf 91' lang='lat' dir='ltr'><strong>a</strong></span> <span class='ocrx_word' id='word_1_174' title='bbox 2117 1535 2316 1605; x_wconf 90' lang='lat' dir='ltr'><strong>primo,</strong></span> <span class='ocrx_word' id='word_1_175' title='bbox 2365 1536 2547 1593; x_wconf 85' lang='lat' dir='ltr'><strong>cordis</strong></span> <span class='ocrx_word' id='word_1_176' title='bbox 2600 1536 2861 1602; x_wconf 80' lang='lat' dir='ltr'><strong>durities,</strong></span> <span class='ocrx_word' id='word_1_177' title='bbox 2896 1536 3087 1589; x_wconf 85' lang='lat' dir='ltr'><strong>tertius</strong></span> <span class='ocrx_word' id='word_1_178' title='bbox 3127 1547 3372 1595; x_wconf 86' lang='lat' dir='ltr'><strong>somnus,</strong></span> <span class='ocrx_word' id='word_1_179' title='bbox 3421 1546 3559 1601; x_wconf 88' lang='lat' dir='ltr'><strong>quos</strong></span> <span class='ocrx_word' id='word_1_180' title='bbox 3609 1532 3852 1600; x_wconf 72' lang='lat' dir='ltr'><strong>sequitur</strong></span> 
     </span>
    </p>
   </div>
   <div class='ocr_carea' id='block_1_19' title="bbox 677 1622 3853 1697">
    <p class='ocr_par' dir='ltr' id='par_1_19' title="bbox 677 1622 3853 1697">
     <span class='ocr_line' id='line_1_19' title="bbox 677 1622 3853 1697; baseline 0 -24"><span class='ocrx_word' id='word_1_181' title='bbox 677 1636 823 1675; x_wconf 86' lang='lat' dir='ltr'><strong>mare</strong></span> <span class='ocrx_word' id='word_1_182' title='bbox 855 1622 1190 1693; x_wconf 89' lang='lat' dir='ltr'><strong>impurarum</strong></span> <span class='ocrx_word' id='word_1_183' title='bbox 1225 1625 1636 1697; x_wconf 80' lang='lat' dir='ltr'><strong>cogitationum,</strong></span> <span class='ocrx_word' id='word_1_184' title='bbox 1674 1640 1740 1681; x_wconf 78' lang='lat' dir='ltr'><strong>ex</strong></span> <span class='ocrx_word' id='word_1_185' title='bbox 1768 1626 1965 1697; x_wconf 89' lang='lat' dir='ltr'><strong>quibus</strong></span> <span class='ocrx_word' id='word_1_186' title='bbox 1992 1634 2276 1681; x_wconf 83' lang='lat' dir='ltr'><strong>moventur</strong></span> <span class='ocrx_word' id='word_1_187' title='bbox 2302 1625 2499 1683; x_wconf 81' lang='lat' dir='ltr'><strong>ﬂuctus</strong></span> <span class='ocrx_word' id='word_1_188' title='bbox 2556 1626 2822 1684; x_wconf 70' lang='lat' dir='ltr'><strong>fmdarum</strong></span> <span class='ocrx_word' id='word_1_189' title='bbox 2872 1623 3331 1696; x_wconf 91' lang='lat' dir='ltr'><strong>inquinationum,</strong></span> <span class='ocrx_word' id='word_1_190' title='bbox 3378 1634 3443 1678; x_wconf 88' lang='lat' dir='ltr'><strong>ac</strong></span> <span class='ocrx_word' id='word_1_191' title='bbox 3496 1623 3710 1677; x_wconf 90' lang='lat' dir='ltr'><strong>demum</strong></span> <span class='ocrx_word' id='word_1_192' title='bbox 3768 1622 3853 1674; x_wconf 89' lang='lat' dir='ltr'><strong>in-</strong></span> 
     </span>
    </p>
   </div>
   <div class='ocr_carea' id='block_1_20' title="bbox 672 1716 3860 1793">
    <p class='ocr_par' dir='ltr' id='par_1_20' title="bbox 672 1716 3860 1793">
     <span class='ocr_line' id='line_1_20' title="bbox 672 1716 3860 1793; baseline -0.001 -24"><span class='ocrx_word' id='word_1_193' title='bbox 672 1731 804 1783; x_wconf 88' lang='lat' dir='ltr'><strong>gens</strong></span> <span class='ocrx_word' id='word_1_194' title='bbox 835 1718 1136 1787; x_wconf 84' lang='lat' dir='ltr'><strong>ignotarum</strong></span> <span class='ocrx_word' id='word_1_195' title='bbox 1166 1739 1220 1776; x_wconf 57' lang='lat' dir='ltr'><strong>et</strong></span> <span class='ocrx_word' id='word_1_196' title='bbox 1251 1720 1585 1776; x_wconf 75' lang='lat' dir='ltr'><strong>inlaudatum</strong></span> <span class='ocrx_word' id='word_1_197' title='bbox 1621 1722 1861 1777; x_wconf 89' lang='lat' dir='ltr'><strong>sordium</strong></span> <span class='ocrx_word' id='word_1_198' title='bbox 1884 1724 2129 1792; x_wconf 88' lang='lat' dir='ltr'><strong>corporis</strong></span> <span class='ocrx_word' id='word_1_199' title='bbox 2169 1732 2225 1777; x_wconf 86' lang='lat' dir='ltr'><strong>et</strong></span> <span class='ocrx_word' id='word_1_200' title='bbox 2268 1723 2497 1779; x_wconf 69' lang='lat' dir='ltr'><strong>luxuria:</strong></span> <span class='ocrx_word' id='word_1_201' title='bbox 2540 1738 2607 1779; x_wconf 79' lang='lat' dir='ltr'><strong>ex</strong></span> <span class='ocrx_word' id='word_1_202' title='bbox 2636 1739 2722 1779; x_wconf 91' lang='lat' dir='ltr'><strong>me</strong></span> <span class='ocrx_word' id='word_1_203' title='bbox 2747 1722 2957 1778; x_wconf 84' lang='lat' dir='ltr'><strong>sentina</strong></span> <span class='ocrx_word' id='word_1_204' title='bbox 2983 1729 3037 1776; x_wconf 91' lang='lat' dir='ltr'><strong>et</strong></span> <span class='ocrx_word' id='word_1_205' title='bbox 3060 1734 3262 1790; x_wconf 89' lang='lat' dir='ltr'><strong>vorago</strong></span> <span class='ocrx_word' id='word_1_206' title='bbox 3285 1726 3507 1793; x_wconf 69' lang='lat' dir='ltr'><strong>exeunt.</strong></span> <span class='ocrx_word' id='word_1_207' title='bbox 3522 1716 3670 1772; x_wconf 70' lang='lat' dir='ltr'><strong>Filiae</strong></span> <span class='ocrx_word' id='word_1_208' title='bbox 3698 1729 3860 1784; x_wconf 89' lang='lat' dir='ltr'><strong>porro</strong></span> 
     </span>
    </p>
   </div>
   <div class='ocr_carea' id='block_1_21' title="bbox 670 1804 3857 1883">
    <p class='ocr_par' dir='ltr' id='par_1_21' title="bbox 670 1804 3857 1883">
     <span class='ocr_line' id='line_1_21' title="bbox 670 1804 3857 1883; baseline 0.003 -25"><span class='ocrx_word' id='word_1_209' title='bbox 670 1820 735 1858; x_wconf 80' lang='lat' dir='ltr'><strong>ex</strong></span> <span class='ocrx_word' id='word_1_210' title='bbox 767 1823 851 1862; x_wconf 90' lang='lat' dir='ltr'><strong>me</strong></span> <span class='ocrx_word' id='word_1_211' title='bbox 884 1818 1021 1863; x_wconf 68' lang='lat' dir='ltr'><strong>natas</strong></span> <span class='ocrx_word' id='word_1_212' title='bbox 1063 1820 1189 1866; x_wconf 87' lang='lat' dir='ltr'><strong>sunt</strong></span> <span class='ocrx_word' id='word_1_213' title='bbox 1218 1813 1444 1879; x_wconf 87' lang='lat' dir='ltr'><strong>desidia,</strong></span> <span class='ocrx_word' id='word_1_214' title='bbox 1491 1813 1811 1883; x_wconf 86' lang='lat' dir='ltr'><strong>loquacitas,</strong></span> <span class='ocrx_word' id='word_1_215' title='bbox 1835 1815 2009 1869; x_wconf 77' lang='lat' dir='ltr'><strong>audax</strong></span> <span class='ocrx_word' id='word_1_216' title='bbox 2046 1813 2374 1869; x_wconf 80' lang='lat' dir='ltr'><strong>conﬁdentia</strong></span> <span class='ocrx_word' id='word_1_217' title='bbox 2434 1831 2528 1871; x_wconf 90' lang='lat' dir='ltr'><strong>seu</strong></span> <span class='ocrx_word' id='word_1_218' title='bbox 2566 1815 2811 1880; x_wconf 91' lang='lat' dir='ltr'><strong>audacia,</strong></span> <span class='ocrx_word' id='word_1_219' title='bbox 2865 1814 3009 1869; x_wconf 88' lang='lat' dir='ltr'><strong>risus</strong></span> <span class='ocrx_word' id='word_1_220' title='bbox 3068 1811 3376 1875; x_wconf 78' lang='lat' dir='ltr'><strong>Concitatio,</strong></span> <span class='ocrx_word' id='word_1_221' title='bbox 3435 1808 3736 1865; x_wconf 85' lang='lat' dir='ltr'><strong>scurrilitas</strong></span> <span class='ocrx_word' id='word_1_222' title='bbox 3792 1804 3857 1867; x_wconf 53' lang='grc' dir='ltr'><strong>Ψ.</strong></span> 
     </span>
    </p>
   </div>
   <div class='ocr_carea' id='block_1_22' title="bbox 671 1897 3858 1976">
    <p class='ocr_par' dir='ltr' id='par_1_22' title="bbox 671 1897 3858 1976">
     <span class='ocr_line' id='line_1_22' title="bbox 671 1897 3858 1976; baseline -0.001 -25"><span class='ocrx_word' id='word_1_223' title='bbox 671 1898 1045 1967; x_wconf 82' lang='lat' dir='ltr'><strong>contradictio,</strong></span> <span class='ocrx_word' id='word_1_224' title='bbox 1097 1903 1419 1972; x_wconf 88' lang='lat' dir='ltr'><strong>pervicacia,</strong></span> <span class='ocrx_word' id='word_1_225' title='bbox 1474 1906 1830 1970; x_wconf 85' lang='lat' dir='ltr'><strong>contumacia,</strong></span> <span class='ocrx_word' id='word_1_226' title='bbox 1863 1900 2052 1976; x_wconf 84' lang='lat' dir='ltr'><strong>stupOr</strong></span> <span class='ocrx_word' id='word_1_227' title='bbox 2107 1906 2279 1961; x_wconf 91' lang='lat' dir='ltr'><strong>animi</strong></span> <span class='ocrx_word' id='word_1_228' title='bbox 2306 1915 2361 1961; x_wconf 90' lang='lat' dir='ltr'><strong>et</strong></span> <span class='ocrx_word' id='word_1_229' title='bbox 2382 1906 2687 1976; x_wconf 85' lang='lat' dir='ltr'><strong>captivitas,</strong></span> <span class='ocrx_word' id='word_1_230' title='bbox 2728 1906 3038 1961; x_wconf 88' lang='lat' dir='ltr'><strong>thrasonica</strong></span> <span class='ocrx_word' id='word_1_231' title='bbox 3074 1904 3322 1974; x_wconf 84' lang='lat' dir='ltr'><strong>jactatio,</strong></span> <span class='ocrx_word' id='word_1_232' title='bbox 3357 1901 3594 1957; x_wconf 87' lang='lat' dir='ltr'><strong>studium</strong></span> <span class='ocrx_word' id='word_1_233' title='bbox 3617 1897 3858 1969; x_wconf 85' lang='lat' dir='ltr'><strong>placendi</strong></span> 
     </span>
    </p>
   </div>
   <div class='ocr_carea' id='block_1_23' title="bbox 673 1987 3859 2069">
    <p class='ocr_par' dir='ltr' id='par_1_23' title="bbox 673 1987 3859 2069">
     <span class='ocr_line' id='line_1_23' title="bbox 673 1987 3859 2069; baseline -0.002 -25"><span class='ocrx_word' id='word_1_234' title='bbox 673 1992 879 2045; x_wconf 72' lang='lat' dir='ltr'><strong>mundo</strong></span> <span class='ocrx_word' id='word_1_235' title='bbox 902 1992 1063 2062; x_wconf 67' lang='lat'><strong>210</strong></span> <span class='ocrx_word' id='word_1_236' title='bbox 1088 2008 1248 2062; x_wconf 85' lang='lat' dir='ltr'><strong>quam</strong></span> <span class='ocrx_word' id='word_1_237' title='bbox 1279 1993 1525 2062; x_wconf 82' lang='lat' dir='ltr'><strong>sequitur</strong></span> <span class='ocrx_word' id='word_1_238' title='bbox 1575 1994 1855 2064; x_wconf 87' lang='lat' dir='ltr'><strong>inquinata</strong></span> <span class='ocrx_word' id='word_1_239' title='bbox 1907 1995 2157 2053; x_wconf 82' lang='lat' dir='ltr'><strong>sordibus</strong></span> <span class='ocrx_word' id='word_1_240' title='bbox 2202 1998 2498 2053; x_wconf 85' lang='lat' dir='ltr'><strong>immundis</strong></span> <span class='ocrx_word' id='word_1_241' title='bbox 2528 1997 2787 2069; x_wconf 87' lang='lat' dir='ltr'><strong>precatio,</strong></span> <span class='ocrx_word' id='word_1_242' title='bbox 2850 2006 2903 2052; x_wconf 88' lang='lat' dir='ltr'><strong>et</strong></span> <span class='ocrx_word' id='word_1_243' title='bbox 2952 1997 3221 2051; x_wconf 89' lang='lat' dir='ltr'><strong>variarum</strong></span> <span class='ocrx_word' id='word_1_244' title='bbox 3278 1992 3525 2049; x_wconf 86' lang='lat' dir='ltr'><strong>turbines</strong></span> <span class='ocrx_word' id='word_1_245' title='bbox 3583 1987 3859 2058; x_wconf 84' lang='lat' dir='ltr'><strong>c0gitatio-</strong></span> 
     </span>
    </p>
   </div>
   <div class='ocr_carea' id='block_1_24' title="bbox 682 2078 3862 2159">
    <p class='ocr_par' dir='ltr' id='par_1_24' title="bbox 682 2078 3862 2159">
     <span class='ocr_line' id='line_1_24' title="bbox 682 2078 3862 2159; baseline -0.001 -25"><span class='ocrx_word' id='word_1_246' title='bbox 682 2096 810 2134; x_wconf 89' lang='lat' dir='ltr'><strong>num</strong></span> <span class='ocrx_word' id='word_1_247' title='bbox 846 2096 985 2136; x_wconf 88' lang='lat' dir='ltr'><strong>:nec</strong></span> <span class='ocrx_word' id='word_1_248' title='bbox 1007 2096 1130 2135; x_wconf 89' lang='lat' dir='ltr'><strong>raro</strong></span> <span class='ocrx_word' id='word_1_249' title='bbox 1164 2080 1329 2135; x_wconf 87' lang='lat' dir='ltr'><strong>subiti</strong></span> <span class='ocrx_word' id='word_1_250' title='bbox 1356 2091 1411 2136; x_wconf 90' lang='lat' dir='ltr'><strong>et</strong></span> <span class='ocrx_word' id='word_1_251' title='bbox 1443 2084 1791 2154; x_wconf 79' lang='lat' dir='ltr'><strong>inexspectatl</strong></span> <span class='ocrx_word' id='word_1_252' title='bbox 1834 2100 1994 2140; x_wconf 87' lang='lat' dir='ltr'><strong>casus</strong></span> <span class='ocrx_word' id='word_1_253' title='bbox 2017 2100 2113 2142; x_wconf 86' lang='lat' dir='ltr'><strong>seu</strong></span> <span class='ocrx_word' id='word_1_254' title='bbox 2172 2087 2528 2153; x_wconf 86' lang='lat' dir='ltr'><strong>calamitates,</strong></span> <span class='ocrx_word' id='word_1_255' title='bbox 2579 2088 2797 2159; x_wconf 83' lang='lat' dir='ltr'><strong>quibus,</strong></span> <span class='ocrx_word' id='word_1_256' title='bbox 2841 2102 2963 2158; x_wconf 69' lang='lat' dir='ltr'><strong>quae</strong></span> <span class='ocrx_word' id='word_1_257' title='bbox 3012 2088 3254 2151; x_wconf 82' lang='lat' dir='ltr'><strong>omnium</strong></span> <span class='ocrx_word' id='word_1_258' title='bbox 3306 2084 3593 2140; x_wconf 88' lang='lat' dir='ltr'><strong>deterrima</strong></span> <span class='ocrx_word' id='word_1_259' title='bbox 3618 2089 3721 2141; x_wconf 85' lang='lat' dir='ltr'><strong>est,</strong></span> <span class='ocrx_word' id='word_1_260' title='bbox 3771 2078 3862 2132; x_wconf 79' lang='lat' dir='ltr'><strong>ad-</strong></span> 
     </span>
    </p>
   </div>
   <div class='ocr_carea' id='block_1_25' title="bbox 678 2171 3863 2252">
    <p class='ocr_par' dir='ltr' id='par_1_25' title="bbox 678 2171 3863 2252">
     <span class='ocr_line' id='line_1_25' title="bbox 678 2171 3863 2252; baseline 0 -25"><span class='ocrx_word' id='word_1_261' title='bbox 678 2173 845 2227; x_wconf 65' lang='lat' dir='ltr'><strong>haeret</strong></span> <span class='ocrx_word' id='word_1_262' title='bbox 876 2172 1203 2242; x_wconf 77' lang='lat' dir='ltr'><strong>deSperatio.</strong></span> <span class='ocrx_word' id='word_1_263' title='bbox 1248 2171 1331 2228; x_wconf 83' lang='lat' dir='ltr'><strong>Me</strong></span> <span class='ocrx_word' id='word_1_264' title='bbox 1376 2184 1669 2244; x_wconf 89' lang='lat' dir='ltr'><strong>oppugnat,</strong></span> <span class='ocrx_word' id='word_1_265' title='bbox 1691 2176 1781 2229; x_wconf 87' lang='lat' dir='ltr'><strong>sed</strong></span> <span class='ocrx_word' id='word_1_266' title='bbox 1842 2191 1947 2230; x_wconf 93' lang='lat' dir='ltr'><strong>non</strong></span> <span class='ocrx_word' id='word_1_267' title='bbox 2003 2187 2293 2249; x_wconf 80' lang='lat' dir='ltr'><strong>expugnat.</strong></span> <span class='ocrx_word' id='word_1_268' title='bbox 2324 2181 2582 2242; x_wconf 84' lang='lat' dir='ltr'><strong>memoria</strong></span> <span class='ocrx_word' id='word_1_269' title='bbox 2637 2183 3029 2238; x_wconf 64' lang='lat' dir='ltr'><strong>praeteritorum</strong></span> <span class='ocrx_word' id='word_1_270' title='bbox 3061 2190 3437 2252; x_wconf 83' lang='lat' dir='ltr'><strong>pecccatorum</strong></span> <span class='ocrx_word' id='word_1_271' title='bbox 3469 2196 3482 2232; x_wconf 88' lang='lat'><strong>:</strong></span> <span class='ocrx_word' id='word_1_272' title='bbox 3514 2177 3863 2247; x_wconf 85' lang='lat' dir='ltr'><strong>persequitur</strong></span> 
     </span>
    </p>
   </div>
   <div class='ocr_carea' id='block_1_26' title="bbox 677 2262 3863 2343">
    <p class='ocr_par' dir='ltr' id='par_1_26' title="bbox 677 2262 3863 2343">
     <span class='ocr_line' id='line_1_26' title="bbox 677 2262 3863 2343; baseline -0.001 -23"><span class='ocrx_word' id='word_1_273' title='bbox 677 2279 765 2321; x_wconf 90' lang='lat' dir='ltr'><strong>me</strong></span> <span class='ocrx_word' id='word_1_274' title='bbox 799 2274 1040 2319; x_wconf 82' lang='lat' dir='ltr'><strong>extremo</strong></span> <span class='ocrx_word' id='word_1_275' title='bbox 1099 2263 1225 2318; x_wconf 90' lang='lat' dir='ltr'><strong>odio</strong></span> <span class='ocrx_word' id='word_1_276' title='bbox 1259 2264 1534 2319; x_wconf 87' lang='lat' dir='ltr'><strong>meditatio</strong></span> <span class='ocrx_word' id='word_1_277' title='bbox 1565 2268 1770 2331; x_wconf 90' lang='lat' dir='ltr'><strong>mortis,</strong></span> <span class='ocrx_word' id='word_1_278' title='bbox 1811 2267 1903 2321; x_wconf 90' lang='lat' dir='ltr'><strong>sed</strong></span> <span class='ocrx_word' id='word_1_279' title='bbox 1944 2268 2076 2321; x_wconf 87' lang='lat' dir='ltr'><strong>nihil</strong></span> <span class='ocrx_word' id='word_1_280' title='bbox 2122 2281 2205 2325; x_wconf 88' lang='lat' dir='ltr'><strong>est</strong></span> <span class='ocrx_word' id='word_1_281' title='bbox 2244 2270 2302 2324; x_wconf 90' lang='lat' dir='ltr'><strong>in</strong></span> <span class='ocrx_word' id='word_1_282' title='bbox 2343 2272 2560 2327; x_wconf 88' lang='lat' dir='ltr'><strong>mortali</strong></span> <span class='ocrx_word' id='word_1_283' title='bbox 2607 2276 2715 2327; x_wconf 89' lang='lat' dir='ltr'><strong>vita</strong></span> <span class='ocrx_word' id='word_1_284' title='bbox 2764 2271 2907 2343; x_wconf 88' lang='lat' dir='ltr'><strong>quod</strong></span> <span class='ocrx_word' id='word_1_285' title='bbox 2954 2271 3177 2325; x_wconf 87' lang='lat' dir='ltr'><strong>omnino</strong></span> <span class='ocrx_word' id='word_1_286' title='bbox 3204 2284 3291 2323; x_wconf 87' lang='lat' dir='ltr'><strong>me</strong></span> <span class='ocrx_word' id='word_1_287' title='bbox 3320 2268 3591 2323; x_wconf 77' lang='lat' dir='ltr'><strong>conﬁciat.</strong></span> <span class='ocrx_word' id='word_1_288' title='bbox 3616 2265 3720 2333; x_wconf 89' lang='lat' dir='ltr'><strong>Qui</strong></span> <span class='ocrx_word' id='word_1_289' title='bbox 3747 2262 3863 2334; x_wconf 84' lang='lat' dir='ltr'><strong>Spi-</strong></span> 
     </span>
    </p>
   </div>
   <div class='ocr_carea' id='block_1_27' title="bbox 683 2354 3864 2435">
    <p class='ocr_par' dir='ltr' id='par_1_27' title="bbox 683 2354 3864 2435">
     <span class='ocr_line' id='line_1_27' title="bbox 683 2354 3864 2435; baseline 0.002 -27"><span class='ocrx_word' id='word_1_290' title='bbox 683 2358 843 2409; x_wconf 90' lang='lat' dir='ltr'><strong>ritum</strong></span> <span class='ocrx_word' id='word_1_291' title='bbox 902 2363 1144 2410; x_wconf 85' lang='lat' dir='ltr'><strong>sanctum</strong></span> <span class='ocrx_word' id='word_1_292' title='bbox 1179 2354 1356 2421; x_wconf 86' lang='lat' dir='ltr'><strong>habet,</strong></span> <span class='ocrx_word' id='word_1_293' title='bbox 1396 2370 1518 2409; x_wconf 89' lang='lat' dir='ltr'><strong>cum</strong></span> <span class='ocrx_word' id='word_1_294' title='bbox 1559 2356 1661 2411; x_wconf 89' lang='lat' dir='ltr'><strong>hoc</strong></span> <span class='ocrx_word' id='word_1_295' title='bbox 1704 2358 1814 2426; x_wconf 80' lang='lat' dir='ltr'><strong>agit</strong></span> <span class='ocrx_word' id='word_1_296' title='bbox 1849 2369 2034 2414; x_wconf 90' lang='lat' dir='ltr'><strong>contra</strong></span> <span class='ocrx_word' id='word_1_297' title='bbox 2063 2376 2167 2424; x_wconf 89' lang='lat' dir='ltr'><strong>me,</strong></span> <span class='ocrx_word' id='word_1_298' title='bbox 2219 2370 2275 2416; x_wconf 89' lang='lat' dir='ltr'><strong>et</strong></span> <span class='ocrx_word' id='word_1_299' title='bbox 2322 2362 2410 2419; x_wconf 90' lang='lat' dir='ltr'><strong>ille</strong></span> <span class='ocrx_word' id='word_1_300' title='bbox 2438 2376 2693 2419; x_wconf 85' lang='lat' dir='ltr'><strong>exoratus</strong></span> <span class='ocrx_word' id='word_1_301' title='bbox 2735 2364 2984 2435; x_wconf 87' lang='lat' dir='ltr'><strong>prohibet</strong></span> <span class='ocrx_word' id='word_1_302' title='bbox 3031 2363 3231 2433; x_wconf 91' lang='lat' dir='ltr'><strong>aliquid</strong></span> <span class='ocrx_word' id='word_1_303' title='bbox 3284 2361 3475 2416; x_wconf 87' lang='lat' dir='ltr'><strong>vitiose</strong></span> <span class='ocrx_word' id='word_1_304' title='bbox 3524 2370 3579 2416; x_wconf 90' lang='lat' dir='ltr'><strong>et</strong></span> <span class='ocrx_word' id='word_1_305' title='bbox 3627 2360 3864 2429; x_wconf 85' lang='lat' dir='ltr'><strong>improbo</strong></span> 
     </span>
    </p>
   </div>
   <div class='ocr_carea' id='block_1_28' title="bbox 676 2450 3861 2533">
    <p class='ocr_par' dir='ltr' id='par_1_28' title="bbox 676 2450 3861 2533">
     <span class='ocr_line' id='line_1_28' title="bbox 676 2450 3861 2533; baseline 0.003 -28"><span class='ocrx_word' id='word_1_306' title='bbox 676 2465 834 2520; x_wconf 82' lang='lat' dir='ltr'><strong>agere</strong></span> <span class='ocrx_word' id='word_1_307' title='bbox 868 2466 883 2503; x_wconf 89' lang='lat'><strong>:</strong></span> <span class='ocrx_word' id='word_1_308' title='bbox 913 2464 1035 2503; x_wconf 90' lang='lat' dir='ltr'><strong>nam</strong></span> <span class='ocrx_word' id='word_1_309' title='bbox 1066 2451 1157 2520; x_wconf 89' lang='lat' dir='ltr'><strong>qui</strong></span> <span class='ocrx_word' id='word_1_310' title='bbox 1191 2450 1341 2505; x_wconf 89' lang='lat' dir='ltr'><strong>illurn</strong></span> <span class='ocrx_word' id='word_1_311' title='bbox 1399 2451 1672 2507; x_wconf 68' lang='lat' dir='ltr'><strong>caelestem</strong></span> <span class='ocrx_word' id='word_1_312' title='bbox 1706 2456 2094 2533; x_wconf 83' lang='lat' dir='ltr'><strong>consolatorem</strong></span> <span class='ocrx_word' id='word_1_313' title='bbox 2160 2472 2267 2513; x_wconf 90' lang='lat' dir='ltr'><strong>non</strong></span> <span class='ocrx_word' id='word_1_314' title='bbox 2305 2471 2616 2529; x_wconf 80' lang='lat' dir='ltr'><strong>gustarunt,</strong></span> <span class='ocrx_word' id='word_1_315' title='bbox 2650 2462 2786 2517; x_wconf 84' lang='lat' dir='ltr'><strong>meis</strong></span> <span class='ocrx_word' id='word_1_316' title='bbox 2823 2461 3090 2518; x_wconf 88' lang='lat' dir='ltr'><strong>illecebris</strong></span> <span class='ocrx_word' id='word_1_317' title='bbox 3134 2461 3274 2532; x_wconf 87' lang='lat' dir='ltr'><strong>capti</strong></span> <span class='ocrx_word' id='word_1_318' title='bbox 3306 2475 3401 2531; x_wconf 88' lang='lat' dir='ltr'><strong>per</strong></span> <span class='ocrx_word' id='word_1_319' title='bbox 3432 2474 3521 2516; x_wconf 86' lang='lat' dir='ltr'><strong>me</strong></span> <span class='ocrx_word' id='word_1_320' title='bbox 3550 2460 3774 2531; x_wconf 89' lang='lat' dir='ltr'><strong>cupiunt</strong></span> <span class='ocrx_word' id='word_1_321' title='bbox 3798 2460 3861 2514; x_wconf 86' lang='lat' dir='ltr'><strong>ad</strong></span> 
     </span>
    </p>
   </div>
   <div class='ocr_carea' id='block_1_29' title="bbox 673 2539 1280 2598">
    <p class='ocr_par' dir='ltr' id='par_1_29' title="bbox 673 2539 1280 2598">
     <span class='ocr_line' id='line_1_29' title="bbox 673 2539 1280 2598; baseline -0.007 0"><span class='ocrx_word' id='word_1_322' title='bbox 673 2541 971 2598; x_wconf 74' lang='lat' dir='ltr'><strong>Satietatem</strong></span> <span class='ocrx_word' id='word_1_323' title='bbox 1002 2539 1280 2594; x_wconf 88' lang='lat' dir='ltr'><strong>delectari.</strong></span> 
     </span>
    </p>
   </div>
   <div class='ocr_carea' id='block_1_30' title="bbox 744 2630 2302 2703">
    <p class='ocr_par' dir='ltr' id='par_1_30' title="bbox 744 2630 2302 2703">
     <span class='ocr_line' id='line_1_30' title="bbox 744 2630 2302 2703; baseline 0.003 -17"><span class='ocrx_word' id='word_1_324' title='bbox 744 2630 1015 2686; x_wconf 86' lang='lat' dir='ltr'><strong>Generosa</strong></span> <span class='ocrx_word' id='word_1_325' title='bbox 1071 2631 1235 2699; x_wconf 84' lang='lat' dir='ltr'><strong>hujus</strong></span> <span class='ocrx_word' id='word_1_326' title='bbox 1288 2630 1403 2685; x_wconf 83' lang='lat' dir='ltr'><strong>vitii</strong></span> <span class='ocrx_word' id='word_1_327' title='bbox 1434 2639 1517 2686; x_wconf 88' lang='lat' dir='ltr'><strong>est</strong></span> <span class='ocrx_word' id='word_1_328' title='bbox 1563 2631 1806 2686; x_wconf 83' lang='lat' dir='ltr'><strong>victoria.</strong></span> <span class='ocrx_word' id='word_1_329' title='bbox 1851 2630 2028 2688; x_wconf 84' lang='lat' dir='ltr'><strong>Victor</strong></span> <span class='ocrx_word' id='word_1_330' title='bbox 2045 2643 2227 2703; x_wconf 88' lang='lat' dir='ltr'><strong>aperta</strong></span> <span class='ocrx_word' id='word_1_331' title='bbox 2259 2643 2302 2699; x_wconf 78' lang='grc' dir='ltr'>Β</span> 
     </span>
    </p>
   </div>
   <div class='ocr_carea' id='block_1_31' title="bbox 675 2720 2232 2792">
    <p class='ocr_par' dir='ltr' id='par_1_31' title="bbox 675 2720 2232 2792">
     <span class='ocr_line' id='line_1_31' title="bbox 675 2720 2232 2792; baseline 0.003 -18"><span class='ocrx_word' id='word_1_332' title='bbox 675 2723 761 2776; x_wconf 87' lang='lat' dir='ltr'><strong>via</strong></span> <span class='ocrx_word' id='word_1_333' title='bbox 792 2730 1071 2792; x_wconf 71' lang='lat' dir='ltr'><strong>grassatur</strong></span> <span class='ocrx_word' id='word_1_334' title='bbox 1100 2720 1168 2774; x_wconf 90' lang='lat' dir='ltr'><strong>ad</strong></span> <span class='ocrx_word' id='word_1_335' title='bbox 1213 2735 1479 2776; x_wconf 87' lang='lat' dir='ltr'><strong>summam</strong></span> <span class='ocrx_word' id='word_1_336' title='bbox 1525 2721 1691 2775; x_wconf 89' lang='lat' dir='ltr'><strong>animi</strong></span> <span class='ocrx_word' id='word_1_337' title='bbox 1716 2722 2155 2791; x_wconf 84' lang='lat' dir='ltr'><strong>tranquillitatem</strong></span> <span class='ocrx_word' id='word_1_338' title='bbox 2178 2731 2232 2778; x_wconf 90' lang='lat' dir='ltr'><strong>et</strong></span> 
     </span>
    </p>
   </div>
   <div class='ocr_carea' id='block_1_32' title="bbox 676 2811 1443 2884">
    <p class='ocr_par' dir='ltr' id='par_1_32' title="bbox 676 2811 1443 2884">
     <span class='ocr_line' id='line_1_32' title="bbox 676 2811 1443 2884; baseline -0.005 -15"><span class='ocrx_word' id='word_1_339' title='bbox 676 2827 984 2884; x_wconf 87' lang='lat' dir='ltr'><strong>supremam</strong></span> <span class='ocrx_word' id='word_1_340' title='bbox 1014 2811 1443 2880; x_wconf 69' lang='lat' dir='ltr'><strong>tamperantiam.</strong></span> 
     </span>
    </p>
   </div>
   <div class='ocr_carea' id='block_1_33' title="bbox 870 2882 1906 2955">
    <p class='ocr_par' dir='ltr' id='par_1_33' title="bbox 870 2882 1906 2955">
     <span class='ocr_line' id='line_1_33' title="bbox 870 2882 1906 2955; baseline -0.001 0"><span class='ocrx_word' id='word_1_341' title='bbox 870 2888 877 2893; x_wconf 84' lang='grc'><strong>’</strong></span> <span class='ocrx_word' id='word_1_342' title='bbox 929 2882 932 2889; x_wconf 79' lang='grc'><strong><em>’</em></strong></span> <span class='ocrx_word' id='word_1_343' title='bbox 1005 2897 1295 2955; x_wconf 72' lang='lat' dir='ltr'><strong>scuom</strong></span> <span class='ocrx_word' id='word_1_344' title='bbox 1329 2900 1419 2953; x_wconf 73' lang='grc' dir='ltr'><strong>Αι)</strong></span> <span class='ocrx_word' id='word_1_345' title='bbox 1451 2898 1737 2955; x_wconf 60' lang='lat' dir='ltr'><strong>casuum</strong></span> <span class='ocrx_word' id='word_1_346' title='bbox 1769 2897 1906 2954; x_wconf 67' lang='lat' dir='ltr'><strong>xxv.</strong></span> 
     </span>
    </p>
   </div>
   <div class='ocr_carea' id='block_1_34' title="bbox 1323 2989 1591 3059">
    <p class='ocr_par' dir='ltr' id='par_1_34' title="bbox 1323 2989 1591 3059">
     <span class='ocr_line' id='line_1_34' title="bbox 1323 2989 1591 3059; baseline 0.007 -17"><span class='ocrx_word' id='word_1_347' title='bbox 1323 2989 1411 3043; x_wconf 87' lang='lat' dir='ltr'><strong>De&#39;</strong></span> <span class='ocrx_word' id='word_1_348' title='bbox 1447 2991 1591 3059; x_wconf 81' lang='lat' dir='ltr'><strong>gula.</strong></span> 
     </span>
    </p>
   </div>
   <div class='ocr_carea' id='block_1_35' title="bbox 1274 3078 1625 3139">
    <p class='ocr_par' dir='ltr' id='par_1_35' title="bbox 1274 3078 1625 3139">
     <span class='ocr_line' id='line_1_35' title="bbox 1274 3078 1625 3139; baseline 0.014 -7"><span class='ocrx_word' id='word_1_349' title='bbox 1274 3078 1524 3139; x_wconf 82' lang='lat' dir='ltr'><strong>Scholion</strong></span> <span class='ocrx_word' id='word_1_350' title='bbox 1572 3081 1625 3137; x_wconf 76' lang='grc'><strong>1.</strong></span> 
     </span>
    </p>
   </div>
   <div class='ocr_carea' id='block_1_36' title="bbox 746 3159 2229 3243">
    <p class='ocr_par' dir='ltr' id='par_1_36' title="bbox 746 3159 2229 3243">
     <span class='ocr_line' id='line_1_36' title="bbox 746 3159 2229 3243; baseline 0.002 -14"><span class='ocrx_word' id='word_1_351' title='bbox 746 3168 864 3229; x_wconf 83' lang='lat' dir='ltr'><strong>Non</strong></span> <span class='ocrx_word' id='word_1_352' title='bbox 890 3182 974 3229; x_wconf 84' lang='lat' dir='ltr'><strong>est</strong></span> <span class='ocrx_word' id='word_1_353' title='bbox 1012 3172 1067 3227; x_wconf 91' lang='lat' dir='ltr'><strong>in</strong></span> <span class='ocrx_word' id='word_1_354' title='bbox 1092 3180 1275 3227; x_wconf 88' lang='lat' dir='ltr'><strong>nostra</strong></span> <span class='ocrx_word' id='word_1_355' title='bbox 1329 3159 1590 3243; x_wconf 84' lang='lat' dir='ltr'><strong>potestate</strong></span> <span class='ocrx_word' id='word_1_356' title='bbox 1614 3173 1798 3238; x_wconf 90' lang='lat' dir='ltr'><strong>situm,</strong></span> <span class='ocrx_word' id='word_1_357' title='bbox 1839 3185 1897 3230; x_wconf 91' lang='lat' dir='ltr'><strong>ut</strong></span> <span class='ocrx_word' id='word_1_358' title='bbox 1936 3175 2090 3231; x_wconf 91' lang='lat' dir='ltr'><strong>nobis</strong></span> <span class='ocrx_word' id='word_1_359' title='bbox 2122 3176 2229 3232; x_wconf 81' lang='lat' dir='ltr'><strong>im-</strong></span> 
     </span>
    </p>
   </div>
   <div class='ocr_carea' id='block_1_37' title="bbox 679 3264 2231 3339">
    <p class='ocr_par' dir='ltr' id='par_1_37' title="bbox 679 3264 2231 3339">
     <span class='ocr_line' id='line_1_37' title="bbox 679 3264 2231 3339; baseline -0.001 -16"><span class='ocrx_word' id='word_1_360' title='bbox 679 3268 863 3339; x_wconf 70' lang='lat' dir='ltr'><strong>probae</strong></span> <span class='ocrx_word' id='word_1_361' title='bbox 902 3264 1274 3336; x_wconf 67' lang='lat' dir='ltr'><strong>cogitationes,</strong></span> <span class='ocrx_word' id='word_1_362' title='bbox 1311 3264 1712 3335; x_wconf 87' lang='lat' dir='ltr'><strong>qualescunque</strong></span> <span class='ocrx_word' id='word_1_363' title='bbox 1743 3266 1873 3331; x_wconf 90' lang='lat' dir='ltr'><strong>sint,</strong></span> <span class='ocrx_word' id='word_1_364' title='bbox 1897 3280 2005 3321; x_wconf 92' lang='lat' dir='ltr'><strong>non</strong></span> <span class='ocrx_word' id='word_1_365' title='bbox 2038 3281 2231 3324; x_wconf 75' lang='lat' dir='ltr'><strong>occur—</strong></span> 
     </span>
    </p>
   </div>
   <div class='ocr_carea' id='block_1_38' title="bbox 684 3354 2230 3427">
    <p class='ocr_par' dir='ltr' id='par_1_38' title="bbox 684 3354 2230 3427">
     <span class='ocr_line' id='line_1_38' title="bbox 684 3354 2230 3427; baseline 0.005 -18"><span class='ocrx_word' id='word_1_366' title='bbox 684 3367 803 3411; x_wconf 87' lang='lat' dir='ltr'><strong>rant</strong></span> <span class='ocrx_word' id='word_1_367' title='bbox 848 3367 942 3410; x_wconf 90' lang='lat' dir='ltr'><strong>aut</strong></span> <span class='ocrx_word' id='word_1_368' title='bbox 977 3355 1213 3411; x_wconf 78' lang='lat' dir='ltr'><strong>molesta:</strong></span> <span class='ocrx_word' id='word_1_369' title='bbox 1266 3356 1393 3411; x_wconf 88' lang='lat' dir='ltr'><strong>sint.</strong></span> <span class='ocrx_word' id='word_1_370' title='bbox 1420 3354 1491 3411; x_wconf 88' lang='lat' dir='ltr'><strong>Ut</strong></span> <span class='ocrx_word' id='word_1_371' title='bbox 1528 3365 1704 3412; x_wconf 90' lang='lat' dir='ltr'><strong>autem</strong></span> <span class='ocrx_word' id='word_1_372' title='bbox 1747 3358 2022 3427; x_wconf 85' lang='lat' dir='ltr'><strong>passiones</strong></span> <span class='ocrx_word' id='word_1_373' title='bbox 2079 3373 2230 3416; x_wconf 87' lang='lat' dir='ltr'><strong>corn-</strong></span> 
     </span>
    </p>
   </div>
   <div class='ocr_carea' id='block_1_39' title="bbox 684 3444 2234 3510">
    <p class='ocr_par' dir='ltr' id='par_1_39' title="bbox 684 3444 2234 3510">
     <span class='ocr_line' id='line_1_39' title="bbox 684 3444 2234 3510; baseline 0.004 -11"><span class='ocrx_word' id='word_1_374' title='bbox 684 3455 932 3499; x_wconf 87' lang='lat' dir='ltr'><strong>moveant</strong></span> <span class='ocrx_word' id='word_1_375' title='bbox 957 3454 1011 3499; x_wconf 90' lang='lat' dir='ltr'><strong>et</strong></span> <span class='ocrx_word' id='word_1_376' title='bbox 1039 3444 1131 3499; x_wconf 91' lang='lat' dir='ltr'><strong>diu</strong></span> <span class='ocrx_word' id='word_1_377' title='bbox 1155 3446 1209 3500; x_wconf 92' lang='lat' dir='ltr'><strong>in</strong></span> <span class='ocrx_word' id='word_1_378' title='bbox 1248 3446 1415 3502; x_wconf 83' lang='lat' dir='ltr'><strong>nobis</strong></span> <span class='ocrx_word' id='word_1_379' title='bbox 1448 3447 1702 3510; x_wconf 70' lang='lat' dir='ltr'><strong>haereant.</strong></span> <span class='ocrx_word' id='word_1_380' title='bbox 1726 3458 1819 3502; x_wconf 89' lang='lat' dir='ltr'><strong>aut</strong></span> <span class='ocrx_word' id='word_1_381' title='bbox 1846 3464 1955 3504; x_wconf 88' lang='lat' dir='ltr'><strong>non</strong></span> <span class='ocrx_word' id='word_1_382' title='bbox 1982 3459 2234 3505; x_wconf 73' lang='lat' dir='ltr'><strong>moveant</strong></span> 
     </span>
    </p>
   </div>
   <div class='ocr_carea' id='block_1_40' title="bbox 684 3532 2234 3608">
    <p class='ocr_par' dir='ltr' id='par_1_40' title="bbox 684 3532 2234 3608">
     <span class='ocr_line' id='line_1_40' title="bbox 684 3532 2234 3608; baseline 0.005 -20"><span class='ocrx_word' id='word_1_383' title='bbox 684 3542 739 3588; x_wconf 89' lang='lat' dir='ltr'><strong>et</strong></span> <span class='ocrx_word' id='word_1_384' title='bbox 780 3532 1039 3599; x_wconf 65' lang='lat' dir='ltr'><strong>hareant,</strong></span> <span class='ocrx_word' id='word_1_385' title='bbox 1073 3535 1176 3589; x_wconf 86' lang='lat' dir='ltr'><strong>hoc</strong></span> <span class='ocrx_word' id='word_1_386' title='bbox 1208 3549 1336 3590; x_wconf 91' lang='lat' dir='ltr'><strong>vero</strong></span> <span class='ocrx_word' id='word_1_387' title='bbox 1355 3536 1410 3591; x_wconf 89' lang='lat' dir='ltr'><strong>in</strong></span> <span class='ocrx_word' id='word_1_388' title='bbox 1436 3536 1595 3591; x_wconf 84' lang='lat' dir='ltr'><strong>nobis</strong></span> <span class='ocrx_word' id='word_1_389' title='bbox 1625 3535 1789 3592; x_wconf 78' lang='lat' dir='ltr'><strong>situm</strong></span> <span class='ocrx_word' id='word_1_390' title='bbox 1816 3546 1919 3593; x_wconf 90' lang='lat' dir='ltr'><strong>est.</strong></span> <span class='ocrx_word' id='word_1_391' title='bbox 1949 3538 2234 3608; x_wconf 85' lang='lat' dir='ltr'><strong>Propterea</strong></span> 
     </span>
    </p>
   </div>
   <div class='ocr_carea' id='block_1_41' title="bbox 686 3626 2235 3700">
    <p class='ocr_par' dir='ltr' id='par_1_41' title="bbox 686 3626 2235 3700">
     <span class='ocr_line' id='line_1_41' title="bbox 686 3626 2235 3700; baseline 0.005 -22"><span class='ocrx_word' id='word_1_392' title='bbox 686 3634 927 3689; x_wconf 83' lang='lat' dir='ltr'><strong>sanctus,</strong></span> <span class='ocrx_word' id='word_1_393' title='bbox 954 3631 1141 3680; x_wconf 89' lang='lat' dir='ltr'><strong>contra</strong></span> <span class='ocrx_word' id='word_1_394' title='bbox 1170 3640 1268 3680; x_wconf 85' lang='lat' dir='ltr'><strong>nos</strong></span> <span class='ocrx_word' id='word_1_395' title='bbox 1311 3626 1478 3695; x_wconf 88' lang='lat' dir='ltr'><strong>ipsos,</strong></span> <span class='ocrx_word' id='word_1_396' title='bbox 1503 3626 1699 3696; x_wconf 88' lang='lat' dir='ltr'><strong>inquit.</strong></span> <span class='ocrx_word' id='word_1_397' title='bbox 1747 3627 2119 3700; x_wconf 80' lang='lat' dir='ltr'><strong>philosophari</strong></span> <span class='ocrx_word' id='word_1_398' title='bbox 2146 3631 2235 3685; x_wconf 83' lang='lat' dir='ltr'><strong>in-</strong></span> 
     </span>
    </p>
   </div>
   <div class='ocr_carea' id='block_1_42' title="bbox 686 3712 2235 3786">
    <p class='ocr_par' dir='ltr' id='par_1_42' title="bbox 686 3712 2235 3786">
     <span class='ocr_line' id='line_1_42' title="bbox 686 3712 2235 3786; baseline 0.004 -18"><span class='ocrx_word' id='word_1_399' title='bbox 686 3712 983 3779; x_wconf 85' lang='lat' dir='ltr'><strong>stituimus,</strong></span> <span class='ocrx_word' id='word_1_400' title='bbox 1018 3712 1443 3784; x_wconf 85' lang='lat' dir='ltr'><strong>philosophando</strong></span> <span class='ocrx_word' id='word_1_401' title='bbox 1476 3712 1633 3780; x_wconf 76' lang='lat' dir='ltr'><strong>dixit,</strong></span> <span class='ocrx_word' id='word_1_402' title='bbox 1687 3716 1812 3786; x_wconf 83' lang='lat' dir='ltr'><strong>quia</strong></span> <span class='ocrx_word' id='word_1_403' title='bbox 1855 3717 1912 3772; x_wconf 87' lang='lat' dir='ltr'><strong>in</strong></span> <span class='ocrx_word' id='word_1_404' title='bbox 1968 3719 2126 3775; x_wconf 88' lang='lat' dir='ltr'><strong>nobis</strong></span> <span class='ocrx_word' id='word_1_405' title='bbox 2152 3728 2235 3776; x_wconf 85' lang='lat' dir='ltr'><strong>est</strong></span> 
     </span>
    </p>
   </div>
   <div class='ocr_carea' id='block_1_43' title="bbox 687 3803 1863 3876">
    <p class='ocr_par' dir='ltr' id='par_1_43' title="bbox 687 3803 1863 3876">
     <span class='ocr_line' id='line_1_43' title="bbox 687 3803 1863 3876; baseline 0.003 -19"><span class='ocrx_word' id='word_1_406' title='bbox 687 3818 793 3858; x_wconf 89' lang='lat' dir='ltr'><strong>non</strong></span> <span class='ocrx_word' id='word_1_407' title='bbox 833 3803 971 3858; x_wconf 90' lang='lat' dir='ltr'><strong>vinci</strong></span> <span class='ocrx_word' id='word_1_408' title='bbox 997 3804 1065 3858; x_wconf 89' lang='lat' dir='ltr'><strong>ab</strong></span> <span class='ocrx_word' id='word_1_409' title='bbox 1088 3803 1264 3874; x_wconf 78' lang='lat' dir='ltr'><strong>aliqua</strong></span> <span class='ocrx_word' id='word_1_410' title='bbox 1296 3804 1507 3859; x_wconf 91' lang='lat' dir='ltr'><strong>illarum</strong></span> <span class='ocrx_word' id='word_1_411' title='bbox 1530 3805 1863 3876; x_wconf 89' lang='lat' dir='ltr'><strong>passionum.</strong></span> 
     </span>
    </p>
   </div>
   <div class='ocr_carea' id='block_1_44' title="bbox 930 3894 1624 3951">
    <p class='ocr_par' dir='ltr' id='par_1_44' title="bbox 930 3894 1624 3951">
     <span class='ocr_line' id='line_1_44' title="bbox 930 3894 1624 3951; baseline -0.003 1"><span class='ocrx_word' id='word_1_412' title='bbox 930 3895 939 3904; x_wconf 88' lang='grc'><em>”</em></span> <span class='ocrx_word' id='word_1_413' title='bbox 1276 3894 1525 3951; x_wconf 81' lang='lat' dir='ltr'><strong>Scholion</strong></span> <span class='ocrx_word' id='word_1_414' title='bbox 1570 3896 1624 3950; x_wconf 78' lang='lat'><strong>2.</strong></span> 
     </span>
    </p>
   </div>
   <div class='ocr_carea' id='block_1_45' title="bbox 2411 2600 3861 2706">
    <p class='ocr_par' dir='ltr' id='par_1_45' title="bbox 2411 2600 3861 2706">
     <span class='ocr_line' id='line_1_45' title="bbox 2411 2600 3861 2706; baseline -0.001 -19"><span class='ocrx_word' id='word_1_415' title='bbox 2411 2634 2652 2706; x_wconf 81' lang='grc' dir='ltr'>Ἀνδρεία</span> <span class='ocrx_word' id='word_1_416' title='bbox 2668 2634 2810 2706; x_wconf 84' lang='grc' dir='ltr'>νίκη.</span> <span class='ocrx_word' id='word_1_417' title='bbox 2838 2635 2898 2693; x_wconf 86' lang='grc' dir='ltr'><strong>Ὀ</strong></span> <span class='ocrx_word' id='word_1_418' title='bbox 2926 2600 3146 2705; x_wconf 42' lang='grc' dir='ltr'>ισχίύσας</span> <span class='ocrx_word' id='word_1_419' title='bbox 3160 2633 3317 2704; x_wconf 82' lang='grc' dir='ltr'>δῆλος</span> <span class='ocrx_word' id='word_1_420' title='bbox 3330 2634 3465 2705; x_wconf 79' lang='grc' dir='ltr'>πρὸς</span> <span class='ocrx_word' id='word_1_421' title='bbox 3488 2633 3753 2690; x_wconf 82' lang='grc' dir='ltr'>ἀπάθειαν</span> <span class='ocrx_word' id='word_1_422' title='bbox 3772 2620 3861 2687; x_wconf 75' lang='grc' dir='ltr'>καὶ</span> 
     </span>
    </p>
   </div>
   <div class='ocr_carea' id='block_1_46' title="bbox 2331 2725 3408 2799">
    <p class='ocr_par' dir='ltr' id='par_1_46' title="bbox 2331 2725 3408 2799">
     <span class='ocr_line' id='line_1_46' title="bbox 2331 2725 3408 2799; baseline 0.002 -20"><span class='ocrx_word' id='word_1_423' title='bbox 2331 2726 2682 2799; x_wconf 79' lang='grc' dir='ltr'><strong>σωφροσύνην</strong></span> <span class='ocrx_word' id='word_1_424' title='bbox 2718 2726 3021 2799; x_wconf 78' lang='grc' dir='ltr'><strong>ἀκροτάτην</strong></span> <span class='ocrx_word' id='word_1_425' title='bbox 3042 2725 3408 2796; x_wconf 66' lang='grc' dir='ltr'>ἐπειγόμενος.</span> 
     </span>
    </p>
   </div>
   <div class='ocr_carea' id='block_1_47' title="bbox 2686 2897 3491 2957">
    <p class='ocr_par' dir='ltr' id='par_1_47' title="bbox 2686 2897 3491 2957">
     <span class='ocr_line' id='line_1_47' title="bbox 2686 2897 3491 2957; baseline -0.002 0"><span class='ocrx_word' id='word_1_426' title='bbox 2686 2902 2979 2957; x_wconf 82' lang='grc' dir='ltr'><strong>ΣΧΟΛΙΟΝ</strong></span> <span class='ocrx_word' id='word_1_427' title='bbox 3004 2897 3112 2955; x_wconf 84' lang='grc' dir='ltr'><strong>ΕΙΣ</strong></span> <span class='ocrx_word' id='word_1_428' title='bbox 3142 2900 3365 2955; x_wconf 83' lang='grc' dir='ltr'><strong>ΔΟΓΟΝ</strong></span> <span class='ocrx_word' id='word_1_429' title='bbox 3396 2901 3491 2955; x_wconf 86' lang='grc' dir='ltr'><strong>1Δ’.</strong></span> 
     </span>
    </p>
   </div>
   <div class='ocr_carea' id='block_1_48' title="bbox 2769 2991 3437 3063">
    <p class='ocr_par' dir='ltr' id='par_1_48' title="bbox 2769 2991 3437 3063">
     <span class='ocr_line' id='line_1_48' title="bbox 2769 2991 3437 3063; baseline -0.009 0"><span class='ocrx_word' id='word_1_430' title='bbox 2769 2993 2908 3063; x_wconf 62' lang='grc' dir='ltr'><strong>Περι</strong></span> <span class='ocrx_word' id='word_1_431' title='bbox 2940 2991 3437 3063; x_wconf 64' lang='grc' dir='ltr'>γαστριμαρτιαςο·</span> 
     </span>
    </p>
   </div>
   <div class='ocr_carea' id='block_1_49' title="bbox 2911 3083 3275 3152">
    <p class='ocr_par' dir='ltr' id='par_1_49' title="bbox 2911 3083 3275 3152">
     <span class='ocr_line' id='line_1_49' title="bbox 2911 3083 3275 3152; baseline -0.003 -14"><span class='ocrx_word' id='word_1_432' title='bbox 2911 3083 3166 3152; x_wconf 66' lang='grc' dir='ltr'>Σχόοιιον</span> <span class='ocrx_word' id='word_1_433' title='bbox 3208 3088 3275 3137; x_wconf 81' lang='grc' dir='ltr'><strong>α’.</strong></span> 
     </span>
    </p>
   </div>
   <div class='ocr_carea' id='block_1_50' title="bbox 2394 3170 3865 3246">
    <p class='ocr_par' dir='ltr' id='par_1_50' title="bbox 2394 3170 3865 3246">
     <span class='ocr_line' id='line_1_50' title="bbox 2394 3170 3865 3246; baseline 0.001 -19"><span class='ocrx_word' id='word_1_434' title='bbox 2394 3172 2470 3227; x_wconf 83' lang='grc' dir='ltr'>Τδ</span> <span class='ocrx_word' id='word_1_435' title='bbox 2506 3170 2864 3243; x_wconf 79' lang='grc' dir='ltr'>προσϐάλλειν</span> <span class='ocrx_word' id='word_1_436' title='bbox 2903 3173 2997 3226; x_wconf 73' lang='grc' dir='ltr'>καὶ</span> <span class='ocrx_word' id='word_1_437' title='bbox 3034 3172 3382 3243; x_wconf 69' lang='grc' dir='ltr'>παρενοχλεῖν</span> <span class='ocrx_word' id='word_1_438' title='bbox 3407 3173 3533 3238; x_wconf 72' lang='grc' dir='ltr'>τοὺς</span> <span class='ocrx_word' id='word_1_439' title='bbox 3553 3174 3650 3246; x_wconf 81' lang='grc' dir='ltr'><strong>τῆς</strong></span> <span class='ocrx_word' id='word_1_440' title='bbox 3674 3172 3865 3237; x_wconf 73' lang='grc' dir='ltr'>κακίας</span> 
     </span>
    </p>
   </div>
   <div class='ocr_carea' id='block_1_51' title="bbox 2338 3263 3857 3343">
    <p class='ocr_par' dir='ltr' id='par_1_51' title="bbox 2338 3263 3857 3343">
     <span class='ocr_line' id='line_1_51' title="bbox 2338 3263 3857 3343; baseline -0.001 -23"><span class='ocrx_word' id='word_1_441' title='bbox 2338 3263 2724 3335; x_wconf 72' lang='grc' dir='ltr'>συλλογισμοὺς</span> <span class='ocrx_word' id='word_1_442' title='bbox 2762 3264 3014 3331; x_wconf 81' lang='grc' dir='ltr'>γενικοὺς</span> <span class='ocrx_word' id='word_1_443' title='bbox 3060 3264 3156 3343; x_wconf 57' lang='grc' dir='ltr'><strong>καὶ⁸</strong></span> <span class='ocrx_word' id='word_1_444' title='bbox 3182 3264 3390 3328; x_wconf 78' lang='grc' dir='ltr'><strong>πάντας</strong></span> <span class='ocrx_word' id='word_1_445' title='bbox 3418 3266 3485 3335; x_wconf 72' lang='grc' dir='ltr'><strong>τῇ</strong></span> <span class='ocrx_word' id='word_1_446' title='bbox 3509 3264 3653 3338; x_wconf 67' lang='grc' dir='ltr'>ψυχῇ</span> <span class='ocrx_word' id='word_1_447' title='bbox 3693 3263 3857 3336; x_wconf 74' lang='grc' dir='ltr'><strong>ἡμῶν.</strong></span> 
     </span>
    </p>
   </div>
   <div class='ocr_carea' id='block_1_52' title="bbox 2326 3351 3853 3422">
    <p class='ocr_par' dir='ltr' id='par_1_52' title="bbox 2326 3351 3853 3422">
     <span class='ocr_line' id='line_1_52' title="bbox 2326 3351 3853 3422; baseline -0.002 -14"><span class='ocrx_word' id='word_1_448' title='bbox 2326 3354 2436 3408; x_wconf 84' lang='grc' dir='ltr'><strong>τῶν</strong></span> <span class='ocrx_word' id='word_1_449' title='bbox 2465 3353 2566 3407; x_wconf 78' lang='grc' dir='ltr'>οὐκ</span> <span class='ocrx_word' id='word_1_450' title='bbox 2589 3354 2674 3422; x_wconf 65' lang='grc' dir='ltr'><strong>ἐφ’</strong></span> <span class='ocrx_word' id='word_1_451' title='bbox 2702 3353 2833 3422; x_wconf 78' lang='grc' dir='ltr'>ἡμῖν</span> <span class='ocrx_word' id='word_1_452' title='bbox 2876 3354 3011 3405; x_wconf 78' lang='grc' dir='ltr'>ἑστι·</span> <span class='ocrx_word' id='word_1_453' title='bbox 3042 3351 3104 3405; x_wconf 76' lang='grc' dir='ltr'>τὸ</span> <span class='ocrx_word' id='word_1_454' title='bbox 3138 3351 3198 3404; x_wconf 69' lang='grc' dir='ltr'><strong>δὲ</strong></span> <span class='ocrx_word' id='word_1_455' title='bbox 3236 3354 3405 3405; x_wconf 84' lang='grc' dir='ltr'>κινεῖν</span> <span class='ocrx_word' id='word_1_456' title='bbox 3442 3352 3608 3416; x_wconf 77' lang='grc' dir='ltr'>πάθος</span> <span class='ocrx_word' id='word_1_457' title='bbox 3652 3354 3744 3407; x_wconf 77' lang='grc' dir='ltr'>καὶ</span> <span class='ocrx_word' id='word_1_458' title='bbox 3774 3356 3853 3407; x_wconf 70' lang='grc' dir='ltr'><strong>ιν-</strong></span> 
     </span>
    </p>
   </div>
   <div class='ocr_carea' id='block_1_53' title="bbox 2326 3438 3860 3521">
    <p class='ocr_par' dir='ltr' id='par_1_53' title="bbox 2326 3438 3860 3521">
     <span class='ocr_line' id='line_1_53' title="bbox 2326 3438 3860 3521; baseline 0 -25"><span class='ocrx_word' id='word_1_459' title='bbox 2326 3441 2591 3514; x_wconf 77' lang='grc' dir='ltr'>χρονίζειν</span> <span class='ocrx_word' id='word_1_460' title='bbox 2636 3444 2787 3512; x_wconf 80' lang='grc' dir='ltr'>ἡμῖν,</span> <span class='ocrx_word' id='word_1_461' title='bbox 2812 3441 2845 3513; x_wconf 73' lang='grc' dir='ltr'>ἦ</span> <span class='ocrx_word' id='word_1_462' title='bbox 2874 3438 2987 3521; x_wconf 50' lang='lat' dir='ltr'><strong>illi,</strong></span> <span class='ocrx_word' id='word_1_463' title='bbox 3020 3440 3127 3521; x_wconf 79' lang='grc' dir='ltr'><strong>τῶν</strong></span> <span class='ocrx_word' id='word_1_464' title='bbox 3168 3443 3255 3511; x_wconf 77' lang='grc' dir='ltr'><strong>ἐφ’</strong></span> <span class='ocrx_word' id='word_1_465' title='bbox 3298 3444 3431 3513; x_wconf 69' lang='grc' dir='ltr'>ἡμῖν</span> <span class='ocrx_word' id='word_1_466' title='bbox 3482 3446 3597 3497; x_wconf 64' lang='grc' dir='ltr'>ἑστι</span> <span class='ocrx_word' id='word_1_467' title='bbox 3619 3460 3634 3474; x_wconf 87' lang='grc'><strong>·</strong></span> <span class='ocrx_word' id='word_1_468' title='bbox 3664 3445 3753 3498; x_wconf 77' lang='grc' dir='ltr'>καὶ</span> <span class='ocrx_word' id='word_1_469' title='bbox 3779 3441 3860 3496; x_wconf 73' lang='grc' dir='ltr'><strong>διὰ</strong></span> 
     </span>
    </p>
   </div>
   <div class='ocr_carea' id='block_1_54' title="bbox 2326 3524 3858 3601">
    <p class='ocr_par' dir='ltr' id='par_1_54' title="bbox 2326 3524 3858 3601">
     <span class='ocr_line' id='line_1_54' title="bbox 2326 3524 3858 3601; baseline -0.001 -18"><span class='ocrx_word' id='word_1_470' title='bbox 2326 3530 2484 3584; x_wconf 83' lang='grc' dir='ltr'>τοῦτο</span> <span class='ocrx_word' id='word_1_471' title='bbox 2526 3529 2645 3582; x_wconf 76' lang='grc' dir='ltr'>καθ’</span> <span class='ocrx_word' id='word_1_472' title='bbox 2676 3524 2882 3585; x_wconf 76' lang='grc' dir='ltr'>ἑαυτῶν</span> <span class='ocrx_word' id='word_1_473' title='bbox 2907 3531 2937 3582; x_wconf 98' lang='lat'><strong>6</strong></span> <span class='ocrx_word' id='word_1_474' title='bbox 2966 3527 3137 3596; x_wconf 71' lang='grc' dir='ltr'>ἅγιος,</span> <span class='ocrx_word' id='word_1_475' title='bbox 3163 3529 3468 3600; x_wconf 72' lang='grc' dir='ltr'>φιλοσοφεῖν</span> <span class='ocrx_word' id='word_1_476' title='bbox 3510 3531 3743 3601; x_wconf 79' lang='grc' dir='ltr'>εῖρηκεν·</span> <span class='ocrx_word' id='word_1_477' title='bbox 3780 3525 3858 3597; x_wconf 72' lang='grc' dir='ltr'><strong>ιφ*</strong></span> 
     </span>
    </p>
   </div>
   <div class='ocr_carea' id='block_1_55' title="bbox 2328 3614 3594 3693">
    <p class='ocr_par' dir='ltr' id='par_1_55' title="bbox 2328 3614 3594 3693">
     <span class='ocr_line' id='line_1_55' title="bbox 2328 3614 3594 3693; baseline 0.001 -18"><span class='ocrx_word' id='word_1_478' title='bbox 2328 3621 2463 3693; x_wconf 77' lang='grc' dir='ltr'>ἡμῖν</span> <span class='ocrx_word' id='word_1_479' title='bbox 2486 3622 2593 3692; x_wconf 81' lang='grc' dir='ltr'>γάρ</span> <span class='ocrx_word' id='word_1_480' title='bbox 2619 3621 2736 3675; x_wconf 68' lang='grc' dir='ltr'>εστι</span> <span class='ocrx_word' id='word_1_481' title='bbox 2760 3620 2822 3674; x_wconf 81' lang='grc' dir='ltr'>τὸ</span> <span class='ocrx_word' id='word_1_482' title='bbox 2852 3614 3211 3693; x_wconf 18' lang='grc' dir='ltr'>μὴνήττᾶσθαί</span> <span class='ocrx_word' id='word_1_483' title='bbox 3234 3637 3342 3676; x_wconf 88' lang='grc' dir='ltr'>τινι</span> <span class='ocrx_word' id='word_1_484' title='bbox 3372 3620 3594 3677; x_wconf 84' lang='grc' dir='ltr'>τούτων.</span> 
     </span>
    </p>
   </div>
   <div class='ocr_carea' id='block_1_56' title="bbox 2918 3755 3386 3868">
    <p class='ocr_par' dir='ltr' id='par_1_56' title="bbox 2918 3755 3386 3868">
     <span class='ocr_line' id='line_1_56' title="bbox 2918 3755 3386 3868; baseline 0.002 -16"><span class='ocrx_word' id='word_1_485' title='bbox 2918 3798 3176 3867; x_wconf 74' lang='grc' dir='ltr'>Σχόλιον</span> <span class='ocrx_word' id='word_1_486' title='bbox 3204 3797 3271 3868; x_wconf 84' lang='grc' dir='ltr'><strong>β’.</strong></span> <span class='ocrx_word' id='word_1_487' title='bbox 3336 3755 3386 3809; x_wconf 40' lang='grc' dir='ltr'><strong>Ι</strong></span> 
     </span>
    </p>
   </div>
   <div class='ocr_carea' id='block_1_57' title="bbox 2417 3885 3854 3967">
    <p class='ocr_par' dir='ltr' id='par_1_57' title="bbox 2417 3885 3854 3967">
     <span class='ocr_line' id='line_1_57' title="bbox 2417 3885 3854 3967; baseline -0.002 -20"><span class='ocrx_word' id='word_1_488' title='bbox 2417 3892 2586 3947; x_wconf 82' lang='grc' dir='ltr'><strong>ὐκτὼ</strong></span> <span class='ocrx_word' id='word_1_489' title='bbox 2609 3895 2714 3946; x_wconf 85' lang='grc' dir='ltr'>είσι</span> <span class='ocrx_word' id='word_1_490' title='bbox 2744 3892 2937 3957; x_wconf 82' lang='grc' dir='ltr'>πάντες</span> <span class='ocrx_word' id='word_1_491' title='bbox 2962 3894 3009 3947; x_wconf 78' lang='lat' dir='ltr'><strong>oi</strong></span> <span class='ocrx_word' id='word_1_492' title='bbox 3042 3893 3387 3963; x_wconf 79' lang='grc' dir='ltr'>γενικώτατοι</span> <span class='ocrx_word' id='word_1_493' title='bbox 3414 3894 3682 3967; x_wconf 77' lang='grc' dir='ltr'>λογισμοὶ,</span> <span class='ocrx_word' id='word_1_494' title='bbox 3699 3895 3755 3948; x_wconf 77' lang='grc' dir='ltr'><strong>ιν</strong></span> <span class='ocrx_word' id='word_1_495' title='bbox 3782 3885 3854 3953; x_wconf 74' lang='grc' dir='ltr'><strong>οἷς</strong></span> 
     </span>
    </p>
   </div>
   <div class='ocr_carea' id='block_1_58' title="bbox 758 3967 2238 4062">
    <p class='ocr_par' dir='ltr' id='par_1_58' title="bbox 758 3984 2230 4062">
     <span class='ocr_line' id='line_1_58' title="bbox 758 3984 2230 4062; baseline 0.003 -20"><span class='ocrx_word' id='word_1_496' title='bbox 758 3984 891 4042; x_wconf 83' lang='lat' dir='ltr'><strong>Octo</strong></span> <span class='ocrx_word' id='word_1_497' title='bbox 945 3997 1073 4043; x_wconf 89' lang='lat' dir='ltr'><strong>sunt</strong></span> <span class='ocrx_word' id='word_1_498' title='bbox 1119 3988 1577 4045; x_wconf 67' lang='lat' dir='ltr'><strong>communissima:</strong></span> <span class='ocrx_word' id='word_1_499' title='bbox 1625 3990 1992 4060; x_wconf 86' lang='lat' dir='ltr'><strong>cogitationes,</strong></span> <span class='ocrx_word' id='word_1_500' title='bbox 2032 3991 2230 4062; x_wconf 89' lang='lat' dir='ltr'><strong>quibus</strong></span> 
     </span>
    </p>
   </div>
   <div class='ocr_carea' id='block_1_59' title="bbox 2328 3967 3853 4062">
    <p class='ocr_par' dir='ltr' id='par_1_59' title="bbox 2331 3982 3853 4058">
     <span class='ocr_line' id='line_1_59' title="bbox 2331 3982 3853 4058; baseline 0.004 -23"><span class='ocrx_word' id='word_1_501' title='bbox 2331 3984 2637 4054; x_wconf 73' lang='grc' dir='ltr'>περιέχεται</span> <span class='ocrx_word' id='word_1_502' title='bbox 2663 3984 2769 4047; x_wconf 81' lang='grc' dir='ltr'><strong>πᾶς</strong></span> <span class='ocrx_word' id='word_1_503' title='bbox 2796 3982 3068 4054; x_wconf 60' lang='grc' dir='ltr'>λογισμός</span> <span class='ocrx_word' id='word_1_504' title='bbox 3105 3984 3318 4055; x_wconf 84' lang='grc' dir='ltr'>πρῶτος</span> <span class='ocrx_word' id='word_1_505' title='bbox 3357 3987 3386 4037; x_wconf 89' lang='lat'><strong>6</strong></span> <span class='ocrx_word' id='word_1_506' title='bbox 3410 3986 3505 4058; x_wconf 77' lang='grc' dir='ltr'><strong>τῆς</strong></span> <span class='ocrx_word' id='word_1_507' title='bbox 3530 3998 3853 4057; x_wconf 57' lang='grc' dir='ltr'>γαστριμαρ-</span> 
     </span>
    </p>
   </div>
   <div class='ocr_carea' id='block_1_60' title="bbox 688 4075 2231 4153">
    <p class='ocr_par' dir='ltr' id='par_1_60' title="bbox 688 4075 2231 4153">
     <span class='ocr_line' id='line_1_60' title="bbox 688 4075 2231 4153; baseline 0.003 -22"><span class='ocrx_word' id='word_1_508' title='bbox 688 4075 867 4131; x_wconf 89' lang='lat' dir='ltr'><strong>omnis</strong></span> <span class='ocrx_word' id='word_1_509' title='bbox 892 4078 1147 4147; x_wconf 87' lang='lat' dir='ltr'><strong>cogitatio</strong></span> <span class='ocrx_word' id='word_1_510' title='bbox 1169 4078 1665 4148; x_wconf 83' lang='lat' dir='ltr'><strong>comprehenditur;</strong></span> <span class='ocrx_word' id='word_1_511' title='bbox 1694 4080 1863 4151; x_wconf 88' lang='lat' dir='ltr'><strong>prima</strong></span> <span class='ocrx_word' id='word_1_512' title='bbox 1889 4081 2044 4153; x_wconf 65' lang='lat' dir='ltr'><strong>gulae,</strong></span> <span class='ocrx_word' id='word_1_513' title='bbox 2066 4083 2231 4136; x_wconf 89' lang='lat' dir='ltr'><strong>altera</strong></span> 
     </span>
    </p>
   </div>
   <div class='ocr_carea' id='block_1_61' title="bbox 690 4166 2228 4241">
    <p class='ocr_par' dir='ltr' id='par_1_61' title="bbox 690 4166 2228 4241">
     <span class='ocr_line' id='line_1_61' title="bbox 690 4166 2228 4241; baseline 0.005 -21"><span class='ocrx_word' id='word_1_514' title='bbox 690 4166 938 4232; x_wconf 65' lang='lat' dir='ltr'><strong>luxuriae,</strong></span> <span class='ocrx_word' id='word_1_515' title='bbox 967 4167 1121 4221; x_wconf 86' lang='lat' dir='ltr'><strong>tertia</strong></span> <span class='ocrx_word' id='word_1_516' title='bbox 1147 4169 1405 4233; x_wconf 68' lang='lat' dir='ltr'><strong>avaritiae,</strong></span> <span class='ocrx_word' id='word_1_517' title='bbox 1432 4178 1626 4238; x_wconf 86' lang='lat' dir='ltr'><strong>quarta</strong></span> <span class='ocrx_word' id='word_1_518' title='bbox 1643 4170 1894 4233; x_wconf 71' lang='lat' dir='ltr'><strong>tristitiae,</strong></span> <span class='ocrx_word' id='word_1_519' title='bbox 1913 4172 2096 4241; x_wconf 89' lang='lat' dir='ltr'><strong>quinta</strong></span> <span class='ocrx_word' id='word_1_520' title='bbox 2119 4172 2228 4235; x_wconf 62' lang='lat' dir='ltr'><strong>irae.</strong></span> 
     </span>
    </p>
   </div>
   <div class='ocr_carea' id='block_1_62' title="bbox 690 4257 2233 4331">
    <p class='ocr_par' dir='ltr' id='par_1_62' title="bbox 690 4257 2233 4331">
     <span class='ocr_line' id='line_1_62' title="bbox 690 4257 2233 4331; baseline 0.005 -22"><span class='ocrx_word' id='word_1_521' title='bbox 690 4266 840 4313; x_wconf 75' lang='lat' dir='ltr'><strong>sexta</strong></span> <span class='ocrx_word' id='word_1_522' title='bbox 867 4258 1084 4323; x_wconf 70' lang='lat' dir='ltr'><strong>acediae,</strong></span> <span class='ocrx_word' id='word_1_523' title='bbox 1113 4257 1339 4327; x_wconf 89' lang='lat' dir='ltr'><strong>septima</strong></span> <span class='ocrx_word' id='word_1_524' title='bbox 1378 4274 1530 4315; x_wconf 72' lang='lat' dir='ltr'><strong>vanae</strong></span> <span class='ocrx_word' id='word_1_525' title='bbox 1572 4260 1775 4330; x_wconf 65' lang='lat' dir='ltr'><strong>gloriae.</strong></span> <span class='ocrx_word' id='word_1_526' title='bbox 1830 4262 2017 4317; x_wconf 86' lang='lat' dir='ltr'><strong>ultima</strong></span> <span class='ocrx_word' id='word_1_527' title='bbox 2044 4277 2233 4331; x_wconf 82' lang='lat' dir='ltr'><strong>super-</strong></span> 
     </span>
    </p>
   </div>
   <div class='ocr_carea' id='block_1_63' title="bbox 691 4343 2233 4413">
    <p class='ocr_par' dir='ltr' id='par_1_63' title="bbox 691 4343 2233 4413">
     <span class='ocr_line' id='line_1_63' title="bbox 691 4343 2233 4413; baseline 0.004 -15"><span class='ocrx_word' id='word_1_528' title='bbox 691 4343 791 4399; x_wconf 62' lang='lat' dir='ltr'><strong>hia:</strong></span> <span class='ocrx_word' id='word_1_529' title='bbox 821 4363 835 4398; x_wconf 92' lang='lat'><strong>:</strong></span> <span class='ocrx_word' id='word_1_530' title='bbox 875 4347 966 4401; x_wconf 86' lang='lat' dir='ltr'><strong>sed</strong></span> <span class='ocrx_word' id='word_1_531' title='bbox 988 4357 1048 4400; x_wconf 90' lang='lat' dir='ltr'><strong>ut</strong></span> <span class='ocrx_word' id='word_1_532' title='bbox 1082 4346 1163 4402; x_wconf 77' lang='lat' dir='ltr'><strong>hac</strong></span> <span class='ocrx_word' id='word_1_533' title='bbox 1196 4360 1384 4403; x_wconf 84' lang='lat' dir='ltr'><strong>omnes</strong></span> <span class='ocrx_word' id='word_1_534' title='bbox 1412 4349 1670 4413; x_wconf 68' lang='lat' dir='ltr'><strong>molestae,</strong></span> <span class='ocrx_word' id='word_1_535' title='bbox 1726 4357 1818 4403; x_wconf 90' lang='lat' dir='ltr'><strong>aut</strong></span> <span class='ocrx_word' id='word_1_536' title='bbox 1848 4362 1954 4403; x_wconf 91' lang='lat' dir='ltr'><strong>non</strong></span> <span class='ocrx_word' id='word_1_537' title='bbox 1997 4350 2233 4404; x_wconf 67' lang='lat' dir='ltr'><strong>molesta:</strong></span> 
     </span>
    </p>
   </div>
   <div class='ocr_carea' id='block_1_64' title="bbox 694 4433 2047 4506">
    <p class='ocr_par' dir='ltr' id='par_1_64' title="bbox 694 4433 2047 4506">
     <span class='ocr_line' id='line_1_64' title="bbox 694 4433 2047 4506; baseline 0.004 -18"><span class='ocrx_word' id='word_1_538' title='bbox 694 4433 799 4488; x_wconf 82' lang='lat' dir='ltr'><strong>sint</strong></span> <span class='ocrx_word' id='word_1_539' title='bbox 821 4436 1014 4492; x_wconf 78' lang='lat' dir='ltr'><strong>anima:</strong></span> <span class='ocrx_word' id='word_1_540' title='bbox 1038 4449 1261 4506; x_wconf 71' lang='lat' dir='ltr'><strong>nostra,</strong></span> <span class='ocrx_word' id='word_1_541' title='bbox 1296 4453 1403 4493; x_wconf 91' lang='lat' dir='ltr'><strong>non</strong></span> <span class='ocrx_word' id='word_1_542' title='bbox 1427 4447 1513 4495; x_wconf 83' lang='lat' dir='ltr'><strong>est</strong></span> <span class='ocrx_word' id='word_1_543' title='bbox 1540 4438 2047 4496; x_wconf 69' lang='lat' dir='ltr'><strong>nostrasl&#39;acultads.</strong></span> 
     </span>
    </p>
   </div>
   <div class='ocr_carea' id='block_1_65' title="bbox 1158 4606 1767 4678">
    <p class='ocr_par' dir='ltr' id='par_1_65' title="bbox 1158 4606 1767 4678">
     <span class='ocr_line' id='line_1_65' title="bbox 1158 4606 1767 4678; baseline 0 -18"><span class='ocrx_word' id='word_1_544' title='bbox 1158 4606 1315 4678; x_wconf 64' lang='grc' dir='ltr'><strong>,ιι</strong></span> <span class='ocrx_word' id='word_1_545' title='bbox 1351 4606 1511 4661; x_wconf 78' lang='lat' dir='ltr'><strong>Aliud</strong></span> <span class='ocrx_word' id='word_1_546' title='bbox 1537 4606 1767 4678; x_wconf 69' lang='lat' dir='ltr'><strong>Evagrii.</strong></span> 
     </span>
    </p>
   </div>
   <div class='ocr_carea' id='block_1_66' title="bbox 766 4684 2233 4767">
    <p class='ocr_par' dir='ltr' id='par_1_66' title="bbox 766 4684 2233 4767">
     <span class='ocr_line' id='line_1_66' title="bbox 766 4684 2233 4767; baseline 0.001 -22"><span class='ocrx_word' id='word_1_547' title='bbox 766 4689 917 4745; x_wconf 64' lang='lat' dir='ltr'><strong>Gulaa</strong></span> <span class='ocrx_word' id='word_1_548' title='bbox 959 4690 1179 4760; x_wconf 85' lang='lat' dir='ltr'><strong>spiritus</strong></span> <span class='ocrx_word' id='word_1_549' title='bbox 1225 4709 1324 4749; x_wconf 81' lang='lat' dir='ltr'><strong>seu</strong></span> <span class='ocrx_word' id='word_1_550' title='bbox 1360 4684 1618 4767; x_wconf 84' lang='lat' dir='ltr'><strong>cogitatio</strong></span> <span class='ocrx_word' id='word_1_551' title='bbox 1670 4706 1933 4751; x_wconf 87' lang='lat' dir='ltr'><strong>maturam</strong></span> <span class='ocrx_word' id='word_1_552' title='bbox 1969 4690 2233 4748; x_wconf 81' lang='lat' dir='ltr'><strong>monacho</strong></span> 
     </span>
    </p>
   </div>
   <div class='ocr_carea' id='block_1_67' title="bbox 693 4781 2232 4857">
    <p class='ocr_par' dir='ltr' id='par_1_67' title="bbox 693 4781 2232 4857">
     <span class='ocr_line' id='line_1_67' title="bbox 693 4781 2232 4857; baseline -0.001 -20"><span class='ocrx_word' id='word_1_553' title='bbox 693 4781 1048 4837; x_wconf 76' lang='lat' dir='ltr'><strong>defectionem</strong></span> <span class='ocrx_word' id='word_1_554' title='bbox 1081 4782 1351 4852; x_wconf 66' lang='lat' dir='ltr'><strong>religiose</strong></span> <span class='ocrx_word' id='word_1_555' title='bbox 1385 4787 1784 4842; x_wconf 85' lang='lat' dir='ltr'><strong>eaercitationis</strong></span> <span class='ocrx_word' id='word_1_556' title='bbox 1816 4784 2088 4857; x_wconf 84' lang='lat' dir='ltr'><strong>suggerit:</strong></span> <span class='ocrx_word' id='word_1_557' title='bbox 2116 4791 2232 4837; x_wconf 82' lang='lat' dir='ltr'><strong>sto-</strong></span> 
     </span>
    </p>
   </div>
   <div class='ocr_carea' id='block_1_68' title="bbox 696 4872 2232 4947">
    <p class='ocr_par' dir='ltr' id='par_1_68' title="bbox 696 4872 2232 4947">
     <span class='ocr_line' id='line_1_68' title="bbox 696 4872 2232 4947; baseline 0.001 -21"><span class='ocrx_word' id='word_1_558' title='bbox 696 4873 946 4927; x_wconf 89' lang='lat' dir='ltr'><strong>machum</strong></span> <span class='ocrx_word' id='word_1_559' title='bbox 998 4872 1166 4936; x_wconf 87' lang='lat' dir='ltr'><strong>enim,</strong></span> <span class='ocrx_word' id='word_1_560' title='bbox 1214 4880 1267 4926; x_wconf 92' lang='lat' dir='ltr'><strong>et</strong></span> <span class='ocrx_word' id='word_1_561' title='bbox 1310 4872 1495 4943; x_wconf 88' lang='lat' dir='ltr'><strong>hepar,</strong></span> <span class='ocrx_word' id='word_1_562' title='bbox 1521 4884 1575 4929; x_wconf 90' lang='lat' dir='ltr'><strong>et</strong></span> <span class='ocrx_word' id='word_1_563' title='bbox 1614 4876 1827 4942; x_wconf 86' lang='lat' dir='ltr'><strong>lienem,</strong></span> <span class='ocrx_word' id='word_1_564' title='bbox 1864 4887 1917 4932; x_wconf 89' lang='lat' dir='ltr'><strong>et</strong></span> <span class='ocrx_word' id='word_1_565' title='bbox 1960 4876 2232 4947; x_wconf 87' lang='lat' dir='ltr'><strong>hydropen</strong></span> 
     </span>
    </p>
   </div>
   <div class='ocr_carea' id='block_1_69' title="bbox 696 4963 2234 5033">
    <p class='ocr_par' dir='ltr' id='par_1_69' title="bbox 696 4963 2234 5033">
     <span class='ocr_line' id='line_1_69' title="bbox 696 4963 2234 5033; baseline 0.001 -15"><span class='ocrx_word' id='word_1_566' title='bbox 696 4964 807 5019; x_wconf 89' lang='lat' dir='ltr'><strong>sive</strong></span> <span class='ocrx_word' id='word_1_567' title='bbox 834 4976 1029 5030; x_wconf 87' lang='lat' dir='ltr'><strong>aquam</strong></span> <span class='ocrx_word' id='word_1_568' title='bbox 1056 4964 1374 5019; x_wconf 87' lang='lat' dir='ltr'><strong>intercutem</strong></span> <span class='ocrx_word' id='word_1_569' title='bbox 1402 4963 1640 5033; x_wconf 81' lang='lat' dir='ltr'><strong>depingit</strong></span> <span class='ocrx_word' id='word_1_570' title='bbox 1663 4979 1715 5020; x_wconf 87' lang='lat' dir='ltr'><strong>et</strong></span> <span class='ocrx_word' id='word_1_571' title='bbox 1732 4967 1983 5022; x_wconf 89' lang='lat' dir='ltr'><strong>describit</strong></span> <span class='ocrx_word' id='word_1_572' title='bbox 2003 4967 2096 5031; x_wconf 90' lang='lat' dir='ltr'><strong>illi,</strong></span> <span class='ocrx_word' id='word_1_573' title='bbox 2119 4966 2234 5019; x_wconf 83' lang='lat' dir='ltr'><strong>din-</strong></span> 
     </span>
    </p>
   </div>
   <div class='ocr_carea' id='block_1_70' title="bbox 699 5053 2232 5112">
    <p class='ocr_par' dir='ltr' id='par_1_70' title="bbox 699 5053 2232 5112">
     <span class='ocr_line' id='line_1_70' title="bbox 699 5053 2232 5112; baseline 0.001 -4"><span class='ocrx_word' id='word_1_574' title='bbox 699 5065 917 5108; x_wconf 90' lang='lat' dir='ltr'><strong>turnum</strong></span> <span class='ocrx_word' id='word_1_575' title='bbox 941 5054 1067 5108; x_wconf 89' lang='lat' dir='ltr'><strong>item</strong></span> <span class='ocrx_word' id='word_1_576' title='bbox 1104 5053 1354 5107; x_wconf 89' lang='lat' dir='ltr'><strong>morbum</strong></span> <span class='ocrx_word' id='word_1_577' title='bbox 1386 5060 1439 5105; x_wconf 89' lang='lat' dir='ltr'><strong>et</strong></span> <span class='ocrx_word' id='word_1_578' title='bbox 1468 5068 1645 5108; x_wconf 87' lang='lat' dir='ltr'><strong>rerum</strong></span> <span class='ocrx_word' id='word_1_579' title='bbox 1673 5059 2085 5112; x_wconf 80' lang='lat' dir='ltr'><strong>necessariarum</strong></span> <span class='ocrx_word' id='word_1_580' title='bbox 2112 5057 2232 5110; x_wconf 90' lang='lat' dir='ltr'><strong>ino-</strong></span> 
     </span>
    </p>
   </div>
   <div class='ocr_carea' id='block_1_71' title="bbox 694 5142 2311 5216">
    <p class='ocr_par' dir='ltr' id='par_1_71' title="bbox 694 5142 2311 5216">
     <span class='ocr_line' id='line_1_71' title="bbox 694 5142 2311 5216; baseline 0.003 -20"><span class='ocrx_word' id='word_1_581' title='bbox 694 5146 861 5216; x_wconf 84' lang='lat' dir='ltr'><strong>piam,</strong></span> <span class='ocrx_word' id='word_1_582' title='bbox 904 5155 957 5200; x_wconf 91' lang='lat' dir='ltr'><strong>et</strong></span> <span class='ocrx_word' id='word_1_583' title='bbox 991 5143 1322 5198; x_wconf 87' lang='lat' dir='ltr'><strong>medicorum</strong></span> <span class='ocrx_word' id='word_1_584' title='bbox 1345 5142 1661 5215; x_wconf 85' lang='lat' dir='ltr'><strong>penuriam;</strong></span> <span class='ocrx_word' id='word_1_585' title='bbox 1690 5160 1826 5216; x_wconf 65' lang='lat' dir='ltr'><strong>sape</strong></span> <span class='ocrx_word' id='word_1_586' title='bbox 1850 5150 2009 5203; x_wconf 90' lang='lat' dir='ltr'><strong>etiam</strong></span> <span class='ocrx_word' id='word_1_587' title='bbox 2030 5162 2232 5202; x_wconf 85' lang='lat' dir='ltr'><strong>memo-</strong></span> <span class='ocrx_word' id='word_1_588' title='bbox 2304 5151 2311 5159; x_wconf 80' lang='lat'><em>’</em></span> 
     </span>
    </p>
   </div>
   <div class='ocr_carea' id='block_1_72' title="bbox 696 5230 2231 5304">
    <p class='ocr_par' dir='ltr' id='par_1_72' title="bbox 696 5230 2231 5304">
     <span class='ocr_line' id='line_1_72' title="bbox 696 5230 2231 5304; baseline 0 -16"><span class='ocrx_word' id='word_1_589' title='bbox 696 5234 829 5289; x_wconf 91' lang='lat' dir='ltr'><strong>riam</strong></span> <span class='ocrx_word' id='word_1_590' title='bbox 859 5240 1077 5287; x_wconf 81' lang='lat' dir='ltr'><strong>revocat</strong></span> <span class='ocrx_word' id='word_1_591' title='bbox 1112 5230 1341 5286; x_wconf 77' lang='lat' dir='ltr'><strong>fratrum</strong></span> <span class='ocrx_word' id='word_1_592' title='bbox 1378 5231 1732 5302; x_wconf 83' lang='lat' dir='ltr'><strong>quorumdam</strong></span> <span class='ocrx_word' id='word_1_593' title='bbox 1754 5234 1844 5304; x_wconf 90' lang='lat' dir='ltr'><strong>qui</strong></span> <span class='ocrx_word' id='word_1_594' title='bbox 1877 5237 1928 5291; x_wconf 92' lang='lat' dir='ltr'><strong>in</strong></span> <span class='ocrx_word' id='word_1_595' title='bbox 1958 5238 2069 5292; x_wconf 64' lang='lat' dir='ltr'><strong>haec</strong></span> <span class='ocrx_word' id='word_1_596' title='bbox 2092 5236 2231 5291; x_wconf 87' lang='lat' dir='ltr'><strong>mala</strong></span> 
     </span>
    </p>
   </div>
   <div class='ocr_carea' id='block_1_73' title="bbox 2328 4070 3852 4148">
    <p class='ocr_par' dir='ltr' id='par_1_73' title="bbox 2328 4070 3852 4148">
     <span class='ocr_line' id='line_1_73' title="bbox 2328 4070 3852 4148; baseline 0.001 -22"><span class='ocrx_word' id='word_1_597' title='bbox 2328 4075 2475 4144; x_wconf 80' lang='grc' dir='ltr'>γίας,</span> <span class='ocrx_word' id='word_1_598' title='bbox 2501 4076 2594 4129; x_wconf 75' lang='grc' dir='ltr'><strong>καὶ</strong></span> <span class='ocrx_word' id='word_1_599' title='bbox 2634 4074 2751 4145; x_wconf 72' lang='grc' dir='ltr'>μετ’</span> <span class='ocrx_word' id='word_1_600' title='bbox 2776 4075 2937 4129; x_wconf 78' lang='grc' dir='ltr'>αὑτὸν</span> <span class='ocrx_word' id='word_1_601' title='bbox 2960 4078 2990 4128; x_wconf 83' lang='grc'>6</span> <span class='ocrx_word' id='word_1_602' title='bbox 3028 4077 3125 4146; x_wconf 75' lang='grc' dir='ltr'>τῆς</span> <span class='ocrx_word' id='word_1_603' title='bbox 3169 4075 3441 4148; x_wconf 76' lang='grc' dir='ltr'>πορνείαςο</span> <span class='ocrx_word' id='word_1_604' title='bbox 3474 4077 3651 4148; x_wconf 83' lang='grc' dir='ltr'>τρίτος</span> <span class='ocrx_word' id='word_1_605' title='bbox 3697 4076 3725 4127; x_wconf 90' lang='lat'><strong>6</strong></span> <span class='ocrx_word' id='word_1_606' title='bbox 3766 4070 3852 4139; x_wconf 78' lang='grc' dir='ltr'><strong>τῆς</strong></span> 
     </span>
    </p>
   </div>
   <div class='ocr_carea' id='block_1_74' title="bbox 2331 4157 3852 4239">
    <p class='ocr_par' dir='ltr' id='par_1_74' title="bbox 2331 4157 3852 4239">
     <span class='ocr_line' id='line_1_74' title="bbox 2331 4157 3852 4239; baseline 0.001 -21"><span class='ocrx_word' id='word_1_607' title='bbox 2331 4165 2709 4236; x_wconf 77' lang='grc' dir='ltr'>φιλαργυρίαςο</span> <span class='ocrx_word' id='word_1_608' title='bbox 2736 4164 2989 4235; x_wconf 81' lang='grc' dir='ltr'>τέταρτος</span> <span class='ocrx_word' id='word_1_609' title='bbox 3027 4167 3057 4218; x_wconf 83' lang='lat'><strong>6</strong></span> <span class='ocrx_word' id='word_1_610' title='bbox 3080 4166 3179 4236; x_wconf 84' lang='grc' dir='ltr'>τῆς</span> <span class='ocrx_word' id='word_1_611' title='bbox 3206 4164 3402 4239; x_wconf 72' lang='grc' dir='ltr'>λύπηςσ</span> <span class='ocrx_word' id='word_1_612' title='bbox 3435 4167 3679 4238; x_wconf 69' lang='grc' dir='ltr'>πέμπτος</span> <span class='ocrx_word' id='word_1_613' title='bbox 3708 4166 3735 4216; x_wconf 90' lang='lat'><strong>6</strong></span> <span class='ocrx_word' id='word_1_614' title='bbox 3763 4157 3852 4229; x_wconf 76' lang='grc' dir='ltr'>τῆς</span> 
     </span>
    </p>
   </div>
   <div class='ocr_carea' id='block_1_75' title="bbox 2327 4242 3845 4328">
    <p class='ocr_par' dir='ltr' id='par_1_75' title="bbox 2327 4242 3845 4328">
     <span class='ocr_line' id='line_1_75' title="bbox 2327 4242 3845 4328; baseline 0.004 -21"><span class='ocrx_word' id='word_1_615' title='bbox 2327 4242 2513 4325; x_wconf 62' lang='grc' dir='ltr'>ιργῆς·</span> <span class='ocrx_word' id='word_1_616' title='bbox 2534 4254 2690 4316; x_wconf 72' lang='grc' dir='ltr'>ῑκτος</span> <span class='ocrx_word' id='word_1_617' title='bbox 2716 4256 2744 4306; x_wconf 89' lang='lat'><strong>6</strong></span> <span class='ocrx_word' id='word_1_618' title='bbox 2761 4255 2858 4323; x_wconf 82' lang='grc' dir='ltr'>τῆς</span> <span class='ocrx_word' id='word_1_619' title='bbox 2879 4254 3119 4325; x_wconf 77' lang='grc' dir='ltr'>ἁκηδίας·</span> <span class='ocrx_word' id='word_1_620' title='bbox 3141 4255 3364 4327; x_wconf 75' lang='grc' dir='ltr'>ἒὸδομος</span> <span class='ocrx_word' id='word_1_621' title='bbox 3384 4260 3413 4312; x_wconf 90' lang='lat'><strong>6</strong></span> <span class='ocrx_word' id='word_1_622' title='bbox 3428 4260 3525 4328; x_wconf 71' lang='grc' dir='ltr'>τῆς</span> <span class='ocrx_word' id='word_1_623' title='bbox 3544 4250 3845 4318; x_wconf 52' lang='grc' dir='ltr'>κενοδοξίας</span> 
     </span>
    </p>
   </div>
   <div class='ocr_carea' id='block_1_76' title="bbox 2328 4328 3849 4417">
    <p class='ocr_par' dir='ltr' id='par_1_76' title="bbox 2328 4328 3849 4417">
     <span class='ocr_line' id='line_1_76' title="bbox 2328 4328 3849 4417; baseline 0.001 -21"><span class='ocrx_word' id='word_1_624' title='bbox 2328 4333 2520 4412; x_wconf 76' lang='grc' dir='ltr'>ὄγδοος</span> <span class='ocrx_word' id='word_1_625' title='bbox 2541 4343 2570 4394; x_wconf 92' lang='lat'><strong>6</strong></span> <span class='ocrx_word' id='word_1_626' title='bbox 2596 4332 2702 4415; x_wconf 77' lang='grc' dir='ltr'>’τῆς</span> <span class='ocrx_word' id='word_1_627' title='bbox 2740 4328 3126 4417; x_wconf 69' lang='grc' dir='ltr'>ὑπερηφανίας*</span> <span class='ocrx_word' id='word_1_628' title='bbox 3155 4348 3373 4413; x_wconf 82' lang='grc' dir='ltr'>τούτους</span> <span class='ocrx_word' id='word_1_629' title='bbox 3427 4350 3634 4411; x_wconf 69' lang='grc' dir='ltr'>πάντας</span> <span class='ocrx_word' id='word_1_630' title='bbox 3670 4357 3849 4413; x_wconf 63' lang='lat' dir='ltr'><strong>inpav-</strong></span> 
     </span>
    </p>
   </div>
   <div class='ocr_carea' id='block_1_77' title="bbox 2328 4431 3846 4512">
    <p class='ocr_par' dir='ltr' id='par_1_77' title="bbox 2328 4431 3846 4512">
     <span class='ocr_line' id='line_1_77' title="bbox 2328 4431 3846 4512; baseline -0.001 -25"><span class='ocrx_word' id='word_1_631' title='bbox 2328 4434 2504 4505; x_wconf 86' lang='grc' dir='ltr'>οχλεῖν</span> <span class='ocrx_word' id='word_1_632' title='bbox 2544 4434 2640 4505; x_wconf 75' lang='grc' dir='ltr'><strong>μὶν</strong></span> <span class='ocrx_word' id='word_1_633' title='bbox 2659 4438 2726 4506; x_wconf 80' lang='grc' dir='ltr'>τῇ</span> <span class='ocrx_word' id='word_1_634' title='bbox 2752 4436 2971 4509; x_wconf 71' lang='grc' dir='ltr'>ψυχῇ,ἢ</span> <span class='ocrx_word' id='word_1_635' title='bbox 3000 4438 3075 4512; x_wconf 76' lang='grc' dir='ltr'><strong>μὴ</strong></span> <span class='ocrx_word' id='word_1_636' title='bbox 3101 4441 3464 4511; x_wconf 77' lang='grc' dir='ltr'>παρενοχλεῖν,</span> <span class='ocrx_word' id='word_1_637' title='bbox 3489 4437 3597 4492; x_wconf 79' lang='grc' dir='ltr'><strong>τῶν</strong></span> <span class='ocrx_word' id='word_1_638' title='bbox 3642 4436 3735 4490; x_wconf 83' lang='grc' dir='ltr'>οὐκ</span> <span class='ocrx_word' id='word_1_639' title='bbox 3771 4431 3846 4501; x_wconf 62' lang='grc' dir='ltr'><strong>ἔφ’</strong></span> 
     </span>
    </p>
   </div>
   <div class='ocr_carea' id='block_1_78' title="bbox 2331 4525 2657 4595">
    <p class='ocr_par' dir='ltr' id='par_1_78' title="bbox 2331 4525 2657 4595">
     <span class='ocr_line' id='line_1_78' title="bbox 2331 4525 2657 4595; baseline 0.009 -19"><span class='ocrx_word' id='word_1_640' title='bbox 2331 4525 2461 4595; x_wconf 71' lang='grc' dir='ltr'>ἡμῖν</span> <span class='ocrx_word' id='word_1_641' title='bbox 2494 4526 2657 4580; x_wconf 68' lang='grc' dir='ltr'>ἔστιν.</span> 
     </span>
    </p>
   </div>
   <div class='ocr_carea' id='block_1_79' title="bbox 2846 4620 3366 4688">
    <p class='ocr_par' dir='ltr' id='par_1_79' title="bbox 2846 4620 3366 4688">
     <span class='ocr_line' id='line_1_79' title="bbox 2846 4620 3366 4688; baseline -0.004 -14"><span class='ocrx_word' id='word_1_642' title='bbox 2846 4621 3024 4675; x_wconf 64' lang='grc' dir='ltr'><strong>Ἄλλο</strong></span> <span class='ocrx_word' id='word_1_643' title='bbox 3056 4620 3366 4688; x_wconf 64' lang='grc' dir='ltr'><strong>Εῠαψίου.</strong></span> 
     </span>
    </p>
   </div>
   <div class='ocr_carea' id='block_1_80' title="bbox 2410 4706 3844 4783">
    <p class='ocr_par' dir='ltr' id='par_1_80' title="bbox 2410 4706 3844 4783">
     <span class='ocr_line' id='line_1_80' title="bbox 2410 4706 3844 4783; baseline -0.005 -17"><span class='ocrx_word' id='word_1_644' title='bbox 2410 4706 2467 4759; x_wconf 79' lang='grc'><strong>’0</strong></span> <span class='ocrx_word' id='word_1_645' title='bbox 2498 4706 2593 4778; x_wconf 76' lang='grc' dir='ltr'><strong>μὲν</strong></span> <span class='ocrx_word' id='word_1_646' title='bbox 2620 4710 2717 4781; x_wconf 77' lang='grc' dir='ltr'>τῆς</span> <span class='ocrx_word' id='word_1_647' title='bbox 2746 4711 3177 4783; x_wconf 76' lang='grc' dir='ltr'>γαστριμαργίας</span> <span class='ocrx_word' id='word_1_648' title='bbox 3202 4708 3455 4779; x_wconf 75' lang='grc' dir='ltr'>λογισμὸς</span> <span class='ocrx_word' id='word_1_649' title='bbox 3484 4708 3748 4763; x_wconf 68' lang='grc' dir='ltr'>ἔκπτωσιν</span> <span class='ocrx_word' id='word_1_650' title='bbox 3765 4721 3844 4759; x_wconf 83' lang='grc' dir='ltr'>τα-</span> 
     </span>
    </p>
   </div>
   <div class='ocr_carea' id='block_1_81' title="bbox 2332 4798 3842 4873">
    <p class='ocr_par' dir='ltr' id='par_1_81' title="bbox 2332 4798 3842 4873">
     <span class='ocr_line' id='line_1_81' title="bbox 2332 4798 3842 4873; baseline -0.002 -22"><span class='ocrx_word' id='word_1_651' title='bbox 2332 4800 2482 4869; x_wconf 79' lang='grc' dir='ltr'>χεῖαν</span> <span class='ocrx_word' id='word_1_652' title='bbox 2509 4799 2584 4871; x_wconf 79' lang='grc' dir='ltr'>τῷ</span> <span class='ocrx_word' id='word_1_653' title='bbox 2605 4802 2820 4873; x_wconf 83' lang='grc' dir='ltr'>μοναχῷ</span> <span class='ocrx_word' id='word_1_654' title='bbox 2842 4803 2941 4872; x_wconf 82' lang='grc' dir='ltr'>τῆς</span> <span class='ocrx_word' id='word_1_655' title='bbox 2963 4803 3243 4869; x_wconf 79' lang='grc' dir='ltr'>ἀσκήσεως</span> <span class='ocrx_word' id='word_1_656' title='bbox 3269 4798 3573 4854; x_wconf 68' lang='grc' dir='ltr'>ὑποϐάλλειν</span> <span class='ocrx_word' id='word_1_657' title='bbox 3601 4798 3842 4867; x_wconf 82' lang='grc' dir='ltr'>στόμαχον</span> 
     </span>
    </p>
   </div>
   <div class='ocr_carea' id='block_1_82' title="bbox 2332 4884 3843 4963">
    <p class='ocr_par' dir='ltr' id='par_1_82' title="bbox 2332 4884 3843 4963">
     <span class='ocr_line' id='line_1_82' title="bbox 2332 4884 3843 4963; baseline -0.003 -21"><span class='ocrx_word' id='word_1_658' title='bbox 2332 4889 2426 4942; x_wconf 72' lang='grc' dir='ltr'><strong>καὶ</strong></span> <span class='ocrx_word' id='word_1_659' title='bbox 2450 4884 2620 4963; x_wconf 79' lang='grc' dir='ltr'>ἧπαρ,</span> <span class='ocrx_word' id='word_1_660' title='bbox 2654 4893 2749 4946; x_wconf 79' lang='grc' dir='ltr'>καὶ</span> <span class='ocrx_word' id='word_1_661' title='bbox 2781 4892 3005 4962; x_wconf 83' lang='grc' dir='ltr'>σπλῆνα,</span> <span class='ocrx_word' id='word_1_662' title='bbox 3041 4890 3132 4946; x_wconf 74' lang='grc' dir='ltr'><strong>καὶ</strong></span> <span class='ocrx_word' id='word_1_663' title='bbox 3164 4889 3384 4959; x_wconf 73' lang='grc' dir='ltr'>ὓδρωπα</span> <span class='ocrx_word' id='word_1_664' title='bbox 3415 4890 3738 4961; x_wconf 71' lang='grc' dir='ltr'>διαγράφων,</span> <span class='ocrx_word' id='word_1_665' title='bbox 3762 4884 3843 4941; x_wconf 79' lang='grc' dir='ltr'>καὶ</span> 
     </span>
    </p>
   </div>
   <div class='ocr_carea' id='block_1_83' title="bbox 2332 4976 3837 5063">
    <p class='ocr_par' dir='ltr' id='par_1_83' title="bbox 2332 4976 3837 5063">
     <span class='ocr_line' id='line_1_83' title="bbox 2332 4976 3837 5063; baseline -0.003 -31"><span class='ocrx_word' id='word_1_666' title='bbox 2332 4979 2481 5032; x_wconf 85' lang='grc' dir='ltr'>νόσον</span> <span class='ocrx_word' id='word_1_667' title='bbox 2517 4981 2753 5053; x_wconf 84' lang='grc' dir='ltr'>μακρὰν,</span> <span class='ocrx_word' id='word_1_668' title='bbox 2784 4980 2877 5034; x_wconf 80' lang='grc' dir='ltr'>καὶ</span> <span class='ocrx_word' id='word_1_669' title='bbox 2910 4978 3352 5063; x_wconf 46' lang='grc' dir='ltr'>σπάνηνιπάντων</span> <span class='ocrx_word' id='word_1_670' title='bbox 3383 4978 3492 5033; x_wconf 80' lang='grc' dir='ltr'><strong>τῶν</strong></span> <span class='ocrx_word' id='word_1_671' title='bbox 3524 4976 3837 5050; x_wconf 64' lang='grc' dir='ltr'>ἐπιτηδείων,</span> 
     </span>
    </p>
   </div>
   <div class='ocr_carea' id='block_1_84' title="bbox 2332 5066 3840 5141">
    <p class='ocr_par' dir='ltr' id='par_1_84' title="bbox 2332 5066 3840 5141">
     <span class='ocr_line' id='line_1_84' title="bbox 2332 5066 3840 5141; baseline 0.002 -21"><span class='ocrx_word' id='word_1_672' title='bbox 2332 5069 2423 5120; x_wconf 78' lang='grc' dir='ltr'>καὶ</span> <span class='ocrx_word' id='word_1_673' title='bbox 2452 5070 2646 5141; x_wconf 79' lang='grc' dir='ltr'>ἰατρῶν</span> <span class='ocrx_word' id='word_1_674' title='bbox 2681 5069 2928 5141; x_wconf 81' lang='grc' dir='ltr'>ἀπορίαν·</span> <span class='ocrx_word' id='word_1_675' title='bbox 2954 5069 3107 5138; x_wconf 80' lang='grc' dir='ltr'>φέρει</span> <span class='ocrx_word' id='word_1_676' title='bbox 3141 5066 3195 5120; x_wconf 78' lang='grc' dir='ltr'><strong>δὲ</strong></span> <span class='ocrx_word' id='word_1_677' title='bbox 3228 5067 3484 5132; x_wconf 78' lang='grc' dir='ltr'>πολλάκις</span> <span class='ocrx_word' id='word_1_678' title='bbox 3516 5069 3610 5123; x_wconf 73' lang='grc' dir='ltr'>καὶ</span> <span class='ocrx_word' id='word_1_679' title='bbox 3634 5070 3710 5132; x_wconf 80' lang='grc' dir='ltr'><strong>είς</strong></span> <span class='ocrx_word' id='word_1_680' title='bbox 3727 5066 3840 5136; x_wconf 78' lang='grc' dir='ltr'><strong>μνή-</strong></span> 
     </span>
    </p>
   </div>
   <div class='ocr_carea' id='block_1_85' title="bbox 2334 5159 3835 5231">
    <p class='ocr_par' dir='ltr' id='par_1_85' title="bbox 2334 5159 3835 5231">
     <span class='ocr_line' id='line_1_85' title="bbox 2334 5159 3835 5231; baseline -0.009 -11"><span class='ocrx_word' id='word_1_681' title='bbox 2334 5176 2440 5229; x_wconf 81' lang='grc' dir='ltr'><strong>μην</strong></span> <span class='ocrx_word' id='word_1_682' title='bbox 2486 5162 2726 5231; x_wconf 76' lang='grc' dir='ltr'>ἀδελφῶν</span> <span class='ocrx_word' id='word_1_683' title='bbox 2774 5160 2981 5224; x_wconf 86' lang='grc' dir='ltr'>τούτοις</span> <span class='ocrx_word' id='word_1_684' title='bbox 3022 5160 3415 5229; x_wconf 78' lang='grc' dir='ltr'>περιπεσόντων</span> <span class='ocrx_word' id='word_1_685' title='bbox 3459 5161 3576 5224; x_wconf 86' lang='grc' dir='ltr'>τοῖς</span> <span class='ocrx_word' id='word_1_686' title='bbox 3615 5159 3835 5215; x_wconf 74' lang='grc' dir='ltr'>πάθεσιν.</span> 
     </span>
    </p>
   </div>
   <div class='ocr_carea' id='block_1_86' title="bbox 2336 5246 3836 5319">
    <p class='ocr_par' dir='ltr' id='par_1_86' title="bbox 2336 5246 3836 5319">
     <span class='ocr_line' id='line_1_86' title="bbox 2336 5246 3836 5319; baseline 0.001 -17"><span class='ocrx_word' id='word_1_687' title='bbox 2336 5252 2491 5304; x_wconf 85' lang='grc' dir='ltr'>Ἔστι</span> <span class='ocrx_word' id='word_1_688' title='bbox 2524 5252 2580 5307; x_wconf 79' lang='grc' dir='ltr'><strong>δὲ</strong></span> <span class='ocrx_word' id='word_1_689' title='bbox 2610 5254 2698 5307; x_wconf 76' lang='grc' dir='ltr'>ὅτε</span> <span class='ocrx_word' id='word_1_690' title='bbox 2739 5252 2833 5306; x_wconf 79' lang='grc' dir='ltr'>καὶ</span> <span class='ocrx_word' id='word_1_691' title='bbox 2872 5249 3065 5313; x_wconf 74' lang='grc' dir='ltr'>αὖτοὺς</span> <span class='ocrx_word' id='word_1_692' title='bbox 3096 5248 3335 5319; x_wconf 64' lang='grc' dir='ltr'>ἑκείνους</span> <span class='ocrx_word' id='word_1_693' title='bbox 3383 5250 3506 5314; x_wconf 78' lang='grc' dir='ltr'>τοὺς</span> <span class='ocrx_word' id='word_1_694' title='bbox 3534 5246 3836 5305; x_wconf 76' lang='grc' dir='ltr'>πεπονθότας</span> 
     </span>
    </p>
   </div>
   <div class='ocr_carea' id='block_1_87' title="bbox 695 5321 2238 5413">
    <p class='ocr_par' dir='ltr' id='par_1_87' title="bbox 695 5321 2231 5412">
     <span class='ocr_line' id='line_1_87' title="bbox 695 5321 2231 5412; baseline 0.001 -34"><span class='ocrx_word' id='word_1_695' title='bbox 695 5324 1004 5379; x_wconf 71' lang='lat' dir='ltr'><strong>ceciderunt</strong></span> <span class='ocrx_word' id='word_1_696' title='bbox 1047 5340 1063 5375; x_wconf 89' lang='lat'><strong>:</strong></span> <span class='ocrx_word' id='word_1_697' title='bbox 1121 5330 1205 5378; x_wconf 92' lang='lat' dir='ltr'><strong>est</strong></span> <span class='ocrx_word' id='word_1_698' title='bbox 1234 5321 1395 5376; x_wconf 82' lang='lat' dir='ltr'><strong>etiam</strong></span> <span class='ocrx_word' id='word_1_699' title='bbox 1432 5336 1563 5412; x_wconf 80' lang='lat' dir='ltr'><strong>cum</strong></span> <span class='ocrx_word' id='word_1_700' title='bbox 1597 5321 1717 5377; x_wconf 89' lang='lat' dir='ltr'><strong>illos</strong></span> <span class='ocrx_word' id='word_1_701' title='bbox 1768 5324 1931 5394; x_wconf 85' lang='lat' dir='ltr'><strong>ipsos,</strong></span> <span class='ocrx_word' id='word_1_702' title='bbox 1970 5330 2063 5398; x_wconf 89' lang='lat' dir='ltr'><strong>qui</strong></span> <span class='ocrx_word' id='word_1_703' title='bbox 2107 5325 2231 5381; x_wconf 80' lang='lat' dir='ltr'><strong>talia</strong></span> 
     </span>
    </p>
   </div>
   <div class='ocr_carea' id='block_1_88' title="bbox 2328 5321 3836 5413">
    <p class='ocr_par' dir='ltr' id='par_1_88' title="bbox 2334 5332 3836 5413">
     <span class='ocr_line' id='line_1_88' title="bbox 2334 5332 3836 5413; baseline -0.001 -19"><span class='ocrx_word' id='word_1_704' title='bbox 2334 5342 2660 5413; x_wconf 75' lang='grc' dir='ltr'>παραϐάλλει</span> <span class='ocrx_word' id='word_1_705' title='bbox 2689 5339 2987 5397; x_wconf 73' lang='grc' dir='ltr'>ἀναπάῢεια</span> <span class='ocrx_word' id='word_1_706' title='bbox 3006 5341 3115 5403; x_wconf 87' lang='grc' dir='ltr'>τοῖς</span> <span class='ocrx_word' id='word_1_707' title='bbox 3135 5338 3631 5411; x_wconf 74' lang='grc' dir='ltr'>ἑγκρατευομένοιςο</span> <span class='ocrx_word' id='word_1_708' title='bbox 3654 5332 3836 5395; x_wconf 72' lang='grc' dir='ltr'>καὶτὰς</span> 
     </span>
    </p>
   </div>
   <div class='ocr_carea' id='block_1_89' title="bbox 696 5401 2225 5485">
    <p class='ocr_par' dir='ltr' id='par_1_89' title="bbox 696 5401 2225 5485">
     <span class='ocr_line' id='line_1_89' title="bbox 696 5401 2225 5485; baseline 0.003 -17"><span class='ocrx_word' id='word_1_709' title='bbox 696 5414 843 5485; x_wconf 83' lang='lat' dir='ltr'><strong>passi</strong></span> <span class='ocrx_word' id='word_1_710' title='bbox 868 5421 995 5468; x_wconf 87' lang='lat' dir='ltr'><strong>sunt</strong></span> <span class='ocrx_word' id='word_1_711' title='bbox 1022 5411 1245 5466; x_wconf 74' lang='lat' dir='ltr'><strong>aﬂectus</strong></span> <span class='ocrx_word' id='word_1_712' title='bbox 1271 5401 1653 5467; x_wconf 50' lang='lat' dir='ltr'><strong>vitiosus‘cum</strong></span> <span class='ocrx_word' id='word_1_713' title='bbox 1676 5410 2059 5471; x_wconf 81' lang='lat' dir='ltr'><strong>abstinentibus</strong></span> <span class='ocrx_word' id='word_1_714' title='bbox 2077 5430 2225 5471; x_wconf 88' lang='lat' dir='ltr'><strong>com-</strong></span> 
     </span>
    </p>
   </div>
   <div class='ocr_carea' id='block_1_90' title="bbox 697 5500 2230 5573">
    <p class='ocr_par' dir='ltr' id='par_1_90' title="bbox 697 5500 2230 5573">
     <span class='ocr_line' id='line_1_90' title="bbox 697 5500 2230 5573; baseline 0.003 -18"><span class='ocrx_word' id='word_1_715' title='bbox 697 5500 871 5573; x_wconf 71' lang='lat' dir='ltr'><strong>parat.</strong></span> <span class='ocrx_word' id='word_1_716' title='bbox 902 5513 962 5558; x_wconf 89' lang='lat' dir='ltr'><strong>ut</strong></span> <span class='ocrx_word' id='word_1_717' title='bbox 1006 5508 1227 5557; x_wconf 87' lang='lat' dir='ltr'><strong>narrent</strong></span> <span class='ocrx_word' id='word_1_718' title='bbox 1260 5516 1397 5571; x_wconf 85' lang='lat' dir='ltr'><strong>quas</strong></span> <span class='ocrx_word' id='word_1_719' title='bbox 1427 5501 1661 5570; x_wconf 86' lang='lat' dir='ltr'><strong>perpessi</strong></span> <span class='ocrx_word' id='word_1_720' title='bbox 1693 5511 1820 5557; x_wconf 87' lang='lat' dir='ltr'><strong>sunt</strong></span> <span class='ocrx_word' id='word_1_721' title='bbox 1862 5520 2149 5572; x_wconf 59' lang='lat' dir='ltr'><strong>aerumnas,</strong></span> <span class='ocrx_word' id='word_1_722' title='bbox 2176 5515 2230 5560; x_wconf 92' lang='lat' dir='ltr'><strong>et</strong></span> 
     </span>
    </p>
   </div>
   <div class='ocr_carea' id='block_1_91' title="bbox 700 5588 2225 5662">
    <p class='ocr_par' dir='ltr' id='par_1_91' title="bbox 700 5588 2225 5662">
     <span class='ocr_line' id='line_1_91' title="bbox 700 5588 2225 5662; baseline 0 -13"><span class='ocrx_word' id='word_1_723' title='bbox 700 5593 966 5659; x_wconf 78' lang='lat' dir='ltr'><strong>quomodo</strong></span> <span class='ocrx_word' id='word_1_724' title='bbox 1023 5593 1076 5646; x_wconf 93' lang='lat' dir='ltr'><strong>iu</strong></span> <span class='ocrx_word' id='word_1_725' title='bbox 1131 5590 1251 5645; x_wconf 90' lang='lat' dir='ltr'><strong>illas</strong></span> <span class='ocrx_word' id='word_1_726' title='bbox 1290 5588 1595 5650; x_wconf 86' lang='lat' dir='ltr'><strong>inciderint.</strong></span> <span class='ocrx_word' id='word_1_727' title='bbox 1628 5605 1722 5644; x_wconf 83' lang='lat' dir='ltr'><strong>seu</strong></span> <span class='ocrx_word' id='word_1_728' title='bbox 1756 5593 1967 5662; x_wconf 87' lang='lat' dir='ltr'><strong>quando</strong></span> <span class='ocrx_word' id='word_1_729' title='bbox 2002 5597 2135 5652; x_wconf 87' lang='lat' dir='ltr'><strong>tales</strong></span> <span class='ocrx_word' id='word_1_730' title='bbox 2161 5612 2225 5652; x_wconf 82' lang='lat' dir='ltr'><strong>ex</strong></span> 
     </span>
    </p>
   </div>
   <div class='ocr_carea' id='block_1_92' title="bbox 701 5679 1743 5750">
    <p class='ocr_par' dir='ltr' id='par_1_92' title="bbox 701 5679 1743 5750">
     <span class='ocr_line' id='line_1_92' title="bbox 701 5679 1743 5750; baseline 0.001 -18"><span class='ocrx_word' id='word_1_731' title='bbox 701 5679 947 5750; x_wconf 86' lang='lat' dir='ltr'><strong>religiosa</strong></span> <span class='ocrx_word' id='word_1_732' title='bbox 972 5680 1356 5738; x_wconf 82' lang='lat' dir='ltr'><strong>exercitatione</strong></span> <span class='ocrx_word' id='word_1_733' title='bbox 1393 5679 1584 5733; x_wconf 89' lang='lat' dir='ltr'><strong>redditi</strong></span> <span class='ocrx_word' id='word_1_734' title='bbox 1617 5680 1743 5733; x_wconf 87' lang='lat' dir='ltr'><strong>sint.</strong></span> 
     </span>
    </p>
   </div>
   <div class='ocr_carea' id='block_1_93' title="bbox 774 5786 1611 5860">
    <p class='ocr_par' dir='ltr' id='par_1_93' title="bbox 774 5786 1611 5860">
     <span class='ocr_line' id='line_1_93' title="bbox 774 5786 1611 5860; baseline -0.002 -16"><span class='ocrx_word' id='word_1_735' title='bbox 774 5788 820 5819; x_wconf 83' lang='lat'>“</span> <span class='ocrx_word' id='word_1_736' title='bbox 851 5790 1048 5859; x_wconf 80' lang='lat' dir='ltr'><strong>Ephes.</strong></span> <span class='ocrx_word' id='word_1_737' title='bbox 1082 5809 1133 5857; x_wconf 87' lang='lat' dir='ltr'><strong>v,</strong></span> <span class='ocrx_word' id='word_1_738' title='bbox 1157 5791 1189 5845; x_wconf 85' lang='grc' dir='ltr'><strong>ι</strong></span> <span class='ocrx_word' id='word_1_739' title='bbox 1226 5808 1239 5844; x_wconf 91' lang='lat'><strong>:</strong></span> <span class='ocrx_word' id='word_1_740' title='bbox 1268 5786 1611 5860; x_wconf 70' lang='grc' dir='ltr'>ἑντραπελίᾳ.</span> 
     </span>
    </p>
   </div>
   <div class='ocr_carea' id='block_1_94' title="bbox 2330 5423 3836 5503">
    <p class='ocr_par' dir='ltr' id='par_1_94' title="bbox 2330 5423 3836 5503">
     <span class='ocr_line' id='line_1_94' title="bbox 2330 5423 3836 5503; baseline -0.001 -19"><span class='ocrx_word' id='word_1_741' title='bbox 2330 5432 2533 5487; x_wconf 75' lang='grc' dir='ltr'>ἑαυτῶν</span> <span class='ocrx_word' id='word_1_742' title='bbox 2556 5430 2916 5503; x_wconf 70' lang='grc' dir='ltr'>ἑκδιηγεῖσθαι</span> <span class='ocrx_word' id='word_1_743' title='bbox 2950 5429 3251 5501; x_wconf 75' lang='grc' dir='ltr'>συμφορὰς,</span> <span class='ocrx_word' id='word_1_744' title='bbox 3270 5429 3363 5483; x_wconf 75' lang='grc' dir='ltr'>καὶ</span> <span class='ocrx_word' id='word_1_745' title='bbox 3391 5430 3467 5494; x_wconf 84' lang='grc' dir='ltr'>ὡς</span> <span class='ocrx_word' id='word_1_746' title='bbox 3490 5431 3552 5485; x_wconf 79' lang='grc' dir='ltr'>ἑκ</span> <span class='ocrx_word' id='word_1_747' title='bbox 3575 5432 3671 5503; x_wconf 78' lang='grc' dir='ltr'>τῆς</span> <span class='ocrx_word' id='word_1_748' title='bbox 3689 5423 3836 5494; x_wconf 58' lang='lat'><strong>661‘]-</strong></span> 
     </span>
    </p>
   </div>
   <div class='ocr_carea' id='block_1_95' title="bbox 2332 5521 3054 5590">
    <p class='ocr_par' dir='ltr' id='par_1_95' title="bbox 2332 5521 3054 5590">
     <span class='ocr_line' id='line_1_95' title="bbox 2332 5521 3054 5590; baseline 0.003 -17"><span class='ocrx_word' id='word_1_749' title='bbox 2332 5537 2469 5585; x_wconf 83' lang='grc' dir='ltr'>σεως</span> <span class='ocrx_word' id='word_1_750' title='bbox 2495 5522 2722 5577; x_wconf 79' lang='grc' dir='ltr'>τοιοῦτοι</span> <span class='ocrx_word' id='word_1_751' title='bbox 2754 5521 3054 5590; x_wconf 76' lang='grc' dir='ltr'>γεγόνασιν.</span> 
     </span>
    </p>
   </div>
  </div>
