4050 6338
167 490 259 556 ειη
1122 466 1135 478 “
1160 482 1385 539 suam
1426 480 1801 541 PARADISI.
1828 506 1897 517 —
1917 482 2218 543 GRADUS
2246 486 2398 546 XIV.

1733 600 1781 655 Δ

751 601 795 651 Σ
796 598 1003 665 χόλων
1035 599 1122 660 ιη’.

228 690 436 759 Δαίμων
461 690 697 759 δαίμονα
736 689 835 741 οὐκ
872 685 1138 745 ἐκϐάλλει,
1181 681 1540 757 παραπέμπει
1580 679 1637 731 δὲ
1678 679 1707 729 ὁ

162 780 254 848 τῆς
290 779 734 851 γαστριμαργίας
779 778 915 847 πρὸς
958 775 1048 826 τὸν
1087 774 1187 841 τῆς
1232 773 1507 842 πορνείας·
1543 772 1572 821 ὀ
1610 771 1709 839 τῆς

164 870 448 936 κενοδοξίας
490 869 632 939 πρὸς
676 867 764 920 τὸν
790 868 888 932 τῆς
914 863 1304 944 ὑπερηφανίας
1345 865 1374 915 ὀ
1403 864 1500 931 τῆς
1522 861 1709 930 ὁξυχο-

164 946 288 1025 λίας,
312 960 445 1030 πρὸς
465 962 560 1014 τὸν
582 961 680 1030 τῆς
706 949 1086 1029 μνησικακίας
1113 958 1140 1008 ὁ
1157 955 1254 1025 τῆς
1280 951 1553 1021 λαγνείας,
1577 952 1710 1022 πρὸς

164 1054 246 1105 τὸν
271 1053 367 1123 τῆς
402 1051 767 1119 ἀπογνώσεως
788 1066 800 1081 ⁸
833 1048 927 1100 καὶ
966 1047 1148 1108 ἁπλῶς
1176 1047 1224 1098 οἱ
1255 1045 1382 1115 ἑξῆς
1421 1045 1558 1113 πρὸς
1587 1043 1711 1105 τοὺς

167 1140 304 1210 ἑξῆς.

751 1402 1008 1486 Σχόλιον
1032 1418 1116 1472 ιθ¹.

231 1515 397 1585 Εὖχου
446 1512 704 1580 γενέσθαι
758 1511 867 1564 τῶν
900 1504 1144 1577 ’ὀλίγωψ
1187 1507 1451 1563 Σπάνιον
1496 1508 1605 1576 γὰρ
1648 1510 1715 1561 τὸ

168 1605 395 1671 ἀγαθόν.
430 1603 525 1653 Διὸ
558 1603 654 1654 καὶ
698 1600 865 1668 ὀλίγοι
910 1602 1047 1652 εἰσὶν
1097 1602 1145 1651 οί
1187 1600 1575 1667 εἰσερχόμενοι.
1625 1597 1715 1667 Μὴ

168 1693 357 1755 πάντας
382 1691 604 1760 λογίζου
630 1693 758 1752 τοὺς
796 1693 854 1743 ὲν
889 1694 954 1759 τῇ
978 1690 1159 1759 κέλ).ῃ,
1194 1688 1462 1752 σώζεσθαι
1486 1688 1718 1756 φαύλους

3246 497 3348 560 87S

2403 595 2648 651 Schouon
2678 599 2766 653 l8.

1879 683 2096 738 Dmmon
2125 689 2419 742 daanoncm
2475 705 2580 744 non
2617 692 2784 760 pellit,
2824 692 2918 746 sed
2962 694 3181 762 spiritus
3214 698 3350 767 guie

1809 777 2127 831 transmittit
2156 778 2401 846 gulosum
2433 781 2501 835 ad
2537 782 2786 851 spiritum
2833 784 3098 840 luxurias:
3131 791 3351 857 spiritus

1807 880 1960 920 vana:
1978 868 2181 936 gloriae,
2199 870 2385 938 gloria:
2410 871 2665 940 cupidum
2695 874 2762 927 ad
2786 875 3033 943 spiritum
3058 881 3351 946 superbia;

1812 954 2102 1010 iracundia
2128 957 2347 1027 spiritus
2381 960 2703 1015 iracundum
2728 962 2794 1016 ad
2819 964 3065 1032 spiritum
3094 968 3189 1036 qui
3216 968 3357 1039 inju-

1809 1045 1921 1100 rias
1961 1049 2254 1116 praeteritas
2300 1050 2553 1117 injuriam
2604 1067 2766 1121 passo
2796 1068 3005 1124 semper
3044 1056 3101 1109 in
3152 1072 3357 1112 memo-

1813 1132 1947 1186 riam
1981 1146 2225 1203 revocat;
2253 1138 2478 1206 spiritus
2501 1141 2825 1209 impuritatis
2857 1144 3122 1213 impurum
3148 1147 3215 1201 ad
3246 1151 3358 1217 spi-

1814 1225 1972 1278 ritum
2004 1226 2391 1297 desperationis
2418 1248 2433 1295 ;
2463 1240 2517 1284 et.
2538 1233 2857 1302 simpliciter
2880 1235 2971 1289 alii
2999 1237 3249 1309 deinceps
3284 1234 3358 1295 ad

1812 1312 1969 1368 alios.

2403 1410 2652 1465 Scholion
2684 1413 2771 1467 19.

1819 1498 1822 1500 ⁷
1884 1491 2111 1552 Precare
2142 1497 2305 1553 Deum
2339 1511 2396 1554 ut
2425 1501 2501 1556 sis
2526 1518 2565 1555 θ
2598 1518 2824 1557 nmnero
2854 1520 3167 1572 paucorum.
3202 1508 3364 1580 214

1816 1583 2014 1638 Rarum
2040 1599 2118 1641 est
2155 1591 2291 1659 quod
2337 1593 2525 1645 bonum
2573 1603 2669 1658 est,
2701 1595 2925 1663 proinde
2964 1600 3120 1665 pauci
3166 1600 3362 1655 coelum

1817 1678 2205 1746 ingrediuntur.
2244 1681 2365 1737 Noli
2399 1695 2591 1754 putare
2619 1702 2808 1742 omnes
2849 1690 2938 1757 qui
2967 1689 3021 1741 in
3065 1690 3217 1744 cellis
3244 1706 3365 1744 mo-

166 1800 219 1835 τε
249 1782 339 1835 καὶ⁵
355 1783 648 1855 χρηστούς·
683 1785 744 1835 οὐ
774 1782 881 1852 γὰρ
904 1781 1076 1843 οὓτως
1107 1780 1239 1850 ἔχει·
1270 1780 1456 1832 πολλοὶ
1483 1781 1590 1850 μὲν
1611 1780 1718 1849 γὰρ

1821 1769 2113 1824 nacliorum
2147 1774 2410 1841 residunt,
2435 1776 2604 1831 bonos
2634 1778 2854 1845 perinde
2887 1794 2951 1833 ae
2993 1779 3161 1832 malos
3188 1781 3366 1833 salvos

170 1876 552 1945 προσέρχονται
592 1872 671 1943 τῷ
712 1873 948 1943 ὲναρέτῳ
981 1871 1099 1942 βίῳο
1131 1872 1299 1939 ὀλίγοι
1328 1871 1385 1923 δὲ
1414 1870 1507 1923 τὸν
1553 1869 1717 1922 αὐτοῦ

1821 1859 1963 1925 fieri;
1994 1876 2100 1914 non
2125 1873 2205 1917 est
2231 1864 2304 1918 ita
2335 1883 2348 1919 :
2395 1867 2550 1921 multi
2586 1867 2730 1921 enim
2757 1870 3107 1924 acceduntad
3145 1871 3364 1939 probam

172 1966 566 2035 καταδέχωνται.

365 2059 624 2125 Σχόλιον
648 2056 755 2110 τοῦ
788 2056 1053 2126 μεγάλου
1091 2057 1410 2109 Βασίλειον
1436 2055 1502 2110 κ’.

234 2144 464 2207 Πολλοὺς
492 2139 633 2197 εἶδον
663 2142 858 2198 πάθεσι
898 2144 1264 2214 κρατηθέντας
1292 2147 1348 2197 έν
1380 2144 1536 2214 ὑγεία
1563 2162 1718 2211 γενο-

174 2235 372 2305 μένους·
398 2235 502 2287 ἕνα
534 2235 592 2287 δὲ
626 2236 691 2287 ἐκ
711 2236 926 2288 πάντων
946 2236 1288 2306 λαθροφὰγον
1320 2236 1352 2304 ἢ
1379 2238 1574 2307 γαστρί
1581 2255 1720 2308 μαρ-

172 2345 277 2394 γον,
303 2330 402 2381 οὐκ
430 2325 595 2382 εἶδοιν
629 2330 743 2383 ἀλλ’
770 2332 803 2403 ῆ
834 2332 1241 2402 ἀπορραγέντας
1281 2332 1373 2384 τοῦ
1419 2333 1720 2402 ἐγκρατοῦς

173 2416 298 2485 βίου·
323 2417 356 2488 ἢ
378 2417 460 2486 τῷ
495 2420 684 2488 κόσμῳ
713 2418 1225 2489 συνδιαφθαρέντας,
1247 2420 1281 2488 ἢ
1316 2423 1429 2482 τοῖς
1460 2422 1722 2488 ἐγκρατέ-

173 2524 249 2559 σιν
272 2509 783 2579 ὲναποκρύπτεσοαι
827 2511 1225 2581 πειρωμένους,
1255 2511 1351 2563 καὶ
1386 2510 1463 2580 τῷ
1492 2511 1724 2580 διαϐόλῳ

170 2601 231 2669 τῇ
269 2600 572 2673 ἡδυπαθείᾳ
601 2599 1130 2673 συνασπαζομένους·
1174 2602 1402 2671 ψεῦσται
1442 2603 1550 2672 γάρ
1586 2605 1725 2654 εἰσιν

171 2684 322 2743 οὗτοι·
354 2691 671 2762 πολύορκοι,
708 2692 1448 2761 ἀντιστάται,“ἀντιπλῆκται,
1476 2690 1725 2759 ἀνακρά-

175 2796 309 2843 κται,
341 2783 731 2855 ἀρνησιφάγοι,
758 2782 1121 2850 ἀνελεύθεροι,
1146 2782 1493 2850 ἁϐροδίαιτοι,
1525 2779 1726 2850 μεμψί-

176 2891 364 2943 μοιροι,
394 2875 706 2945 ἐρευνηταὶ,
736 2875 1187 2945 σκοτεινοχάρεις’
1213 2874 1393 2944 πάσης
1416 2874 1513 2943 τῆς
1538 2873 1727 2942 ἐναρέ-

174 2978 261 3013 του
303 2962 580 3025 πολιτείας
620 2963 946 3034 ἁντεργάται
973 2962 1228 3015 ἑκούσιοι.
1265 2962 1381 3015 Ἵνα
1406 2961 1465 3014 δὲ
1502 2961 1599 3030 τῆς
1627 2978 1728 3029 γα-

175 3055 536 3124 στριμαργίας
564 3055 736 3117 πάθος
769 3055 1100 3116 σκεπάσωσι,
1126 3053 1204 3123 τῷ
1225 3052 1376 3124 ὲσμῷ
1403 3053 1513 3105 τῶν
1542 3053 1728 3105 κακῶν

176 3144 609 3211 περιπίπτουσιν.
658 3144 867 3207 Οἴτινες
922 3143 1000 3213 τῷ
1059 3143 1159 3213 μὲν
1213 3142 1449 3212 σχήματί
1494 3143 1629 3193 είσιν
1670 3141 1730 3193 ὲν

156 3234 280 3296 τοῖς
310 3232 659 3304 σωζομένοις.
688 3233 777 3303 Τῷ
791 3235 849 3287 δὲ
880 3234 1164 3303 πράγματί
1192 3235 1298 3284 είσι
1325 3230 1729 3300 κατακεκριμέ-

177 3339 272 3377 νοι.

1748 1936 1791 1988 Β
1820 1951 2005 2016 vitam,
2033 1954 2127 2007 sed
2155 1956 2310 2023 pauci
2341 1957 2529 2025 jugum
2556 1956 2671 2023 ejus
2697 1959 3018 2029 suscipiunt.

2272 2048 2465 2103 Basilii
2502 2050 2552 2103 Μ
2563 2050 2683 2119 agni
2707 2050 2782 2106 20
2820 2051 2918 2122 (al.

1889 2137 2083 2193 Multos
2127 2156 2225 2210 ego
2272 2142 2648 2206 animadverti,
2671 2143 2762 2212 qui
2815 2159 2938 2197 cum
2981 2143 3139 2198 vitiis
3163 2144 3281 2200 aliis
3318 2156 3373 2199 et

1822 2230 2102 2285 affectibus
2127 2233 2306 2299 pravis
2335 2234 2662 2299 laborarent,
2680 2235 2744 2288 ad
2778 2236 3059 2288 sanitatem
3084 2235 3331 2291 reductos
3355 2256 3368 2290 :

1822 2321 1911 2389 qui
1940 2331 2122 2376 autem
2164 2323 2266 2378 boc
2289 2325 2476 2379 morbo
2508 2327 2846 2391 tenebantur,
2874 2335 2932 2379 ut
2960 2335 3055 2378 aut
3082 2326 3136 2379 in
3160 2328 3374 2381 occulto

1822 2414 2115 2477 csitarent,
2148 2426 2268 2489 aut
2307 2417 2431 2485 gula
2475 2417 2830 2481 ducerentur,
2876 2418 3219 2472 emendatum
3266 2419 3374 2472 vidi

1825 2504 2125 2571 neminem;
2159 2506 2252 2560 sed
2281 2515 2373 2559 aut
2403 2523 2433 2560 a
2478 2508 2869 2560 continentium
2919 2508 3271 2562 contubernio
3317 2524 3376 2562 se

1824 2595 2039 2659 penitus
2077 2596 2409 2662 abruperunt
2441 2605 2495 2649 et
2540 2597 2660 2649 vita:
2700 2596 2862 2663 hujus
2897 2598 3078 2650 mundi
3108 2598 3375 2651 illecebris

1825 2678 1946 2735 sese
1984 2681 2333 2747 dediderunt;
2366 2693 2458 2735 aut
2498 2683 2626 2736 dum
2670 2682 2810 2736 inter
2837 2683 3169 2736 abstinentes
3195 2684 3377 2736 occul-

1827 2780 1941 2823 tare
1987 2786 2046 2824 sc
2074 2770 2416 2836 studuerunt,
2451 2771 2815 2840 voluptatibus
2848 2772 3058 2832 ,addicti
3097 2772 3229 2826 duce
3263 2773 3378 2825 dia-

1828 2862 1952 2916 bolo
1981 2862 2244 2931 stipendia
2269 2874 2599 2918 meruerunt.
2625 2863 2757 2917 Nam
2779 2865 2871 2933 qui
2898 2864 3199 2920 istiusmodi
3231 2876 3376 2926 sunt,

1828 2954 1865 3007 ii
1892 2964 2017 3008 sunt
2057 2954 2361 3019 mendaces,
2397 2956 2709 3025 perjuriosi,
2741 2956 2984 3026 litigiosi,
3014 2957 3105 3025 qui
3137 2956 3378 3026 percussi

1830 3048 2215 3118 repercutiunt,
2248 3047 2495 3112 clamosi,
2528 3056 2582 3100 et
2627 3039 2745 3116 qui’
2769 3063 2827 3103 se
2860 3049 3036 3103 edisse
3068 3056 3378 3116 pernegent,

1828 3136 2139 3199 illiberales,
2192 3139 2282 3205 qui
2314 3138 2454 3191 victu
2493 3137 2723 3191 delicato
2753 3138 3039 3207 gaudeant,
3082 3138 3377 3207 querulosi,

1829 3226 2057 3280 aliorum
2104 3227 2304 3281 curiosi
2352 3227 2754 3295 exploratores,
2784 3227 3159 3292 tenebrioncs,
3201 3229 3380 3281 omnis

1751 3305 1793 3359 (ἶ
1828 3318 2067 3370 bonesue
2120 3319 2240 3370 vitae
2287 3318 2353 3370 de
2406 3318 2668 3370 industria
2721 3318 2961 3383 inimici;
2996 3318 3090 3387 qui
3136 3327 3194 3371 ut
3238 3318 3382 3385 gulae

177 3412 356 3466 vitium
404 3413 697 3479 obtegant,
749 3411 1229 3465 innumerabilibus
1278 3425 1336 3464 se
1381 3410 1503 3464 aliis
1559 3409 1716 3463 noxis
1756 3407 2082 3460 involvunt:
2116 3407 2210 3475 qui
2250 3421 2372 3460 cum
2409 3408 2587 3475 specie
2614 3424 2710 3461 seu
2775 3408 2958 3463 habitu
3002 3408 3140 3462 inter
3200 3409 3381 3463 salvos

176 3517 290 3558 csse
316 3503 622 3566 videantur,
649 3502 826 3572 reipsa
858 3502 996 3556 inter
1030 3502 1366 3558 damnandos
1404 3498 1725 3557 numerandi
1765 3504 1911 3553 sunt.

757 3596 1015 3665 Σχόλιον
1043 3602 1147 3649 κα’.

242 3688 664 3757 Καλλωπισμοῖς
713 3688 960 3757 ίματίων,
1000 3688 1096 3749 καὶ
1137 3688 1419 3758 πλησμονῇ
1474 3684 1730 3756 γαστρὸς,

184 3778 479 3844 ἐντευξεσιν
508 3778 795 3848 βλαϐεραῖς
815 3779 940 3840 τοὺς
970 3780 1235 3847 πονηροὺς
1268 3777 1556 3845 γεννᾶσθαι
1583 3777 1730 3843 λογι-

183 3871 345 3937 σμοὺς
382 3871 442 3922 ὲν
477 3872 543 3938 τῇ
568 3867 713 3937 ψυχῇ
756 3871 821 3919 ὲκ
859 3869 966 3920 τῶν
992 3869 1267 3938 ἐμπείρων
1297 3871 1392 3920 καὶ
1415 3868 1731 3941 πρακτικῶν

184 3958 448 4027 γερόντων
469 3957 700 4027 ἀκήκοα.

756 4045 802 4097 Σ
803 4044 1010 4112 χόλιον
1033 4044 1134 4114 κβ’.

259 4136 448 4206 Ὦραία
477 4137 511 4204 ἠ
558 4128 875 4206 νηστείαίή
921 4135 1267 4207 βραχυφαγίᾳ
1309 4135 1591 4205 χαίρουσα,
1638 4136 1732 4189 καὶ

186 4225 498 4296 λιτοφαγίαν
564 4226 797 4295 ἔχουσα,
868 4230 962 4279 καὶ
1018 4227 1534 4297 ἁνθρωπαρεσκείαν
1600 4226 1731 4295 φεύ-

184 4336 371 4385 γουσα.

760 4410 1017 4476 Σχόλιον
1044 4416 1148 4476 κγ’.
1300 4469 1308 4478 _

262 4502 349 4554 Ἐν
385 4500 615 4571 ἀφθονία
660 4498 877 4566 ἀγαθῶν
927 4498 1024 4567 τὴν
1071 4497 1177 4550 τῶν
1221 4498 1521 4567 ἀνθρώπων
1574 4500 1734 4566 φύσιν

185 4582 523 4658 ὑπεστήσατο
549 4589 644 4641 ἀπ’
672 4588 843 4660 ἀρχῆς
866 4588 896 4641 ὁ
918 4586 1070 4650 Θεόςο
1090 4586 1171 4639 διὸ
1200 4588 1233 4656 ἡ
1254 4588 1361 4639 τῶν
1386 4588 1733 4643 ἀπολαύσεων

185 4678 391 4748 ὲκκοπὴ
425 4678 502 4740 ὡς
556 4681 705 4749 παρὰ
750 4680 849 4750 τὴν
892 4677 1147 4731 σύστασιν
1189 4672 1340 4740 οὖσα,
1377 4676 1482 4729 κᾶν
1513 4678 1731 4750 ὑπάρχῃ

185 4769 319 4823 κατὰ
354 4768 695 4838 προαίρεσιν,
737 4771 887 4839 ὅμως
928 4767 1237 4831 ἐκϐιάζεται
1286 4767 1375 4820 τὸν
1424 4768 1730 4833 συστάσεως

185 4861 356 4929 λόγον·
408 4860 580 4933 ὀρθῶς
611 4856 705 4913 οὖν
739 4864 772 4928 ἠ
825 4862 1163 4933 ἐστερημένη
1204 4860 1310 4913 τῶν
1358 4860 1481 4912 καθ’
1519 4860 1730 4931 ἡδονὴν,
1764 4844 1807 4897 Ῑ)

188 4952 273 5022 βία
291 4951 430 5009 εἶναι
454 4953 667 5021 φύσεως
693 4952 931 5020 λέγεται,

554 5044 565 5055 “
768 5029 1024 5111 Σκόλιιον
1052 5045 1146 5099 κδ’.

246 5132 310 5185 El
336 5135 629 5205 κρατήσεις
655 5132 909 5200 γαστρὸς,
931 5114 1171 5201 ὃίκήσεις
1196 5134 1284 5185 τὸν
1313 5134 1650 5201 παράδεισον·
1682 5139 1729 5190 εἰ

112 5226 127 5233 “
188 5223 239 5275 δὲ
267 5225 332 5277 οὐ
363 5227 679 5296 κρατήσεις,
710 5221 938 5290 γέγονας
967 5222 1195 5276 θανάτου
1233 5225 1622 5295 παρανάλωμα.

662 5318 707 5368 Σ
709 5315 917 5382 χόλιον
941 5311 1135 5365 Ἰσαάκ
1166 5322 1260 5368 κε’.

258 5403 320 5457 ὀ
355 5405 572 5474 τρέφων
612 5405 740 5474 παρ’
770 5400 944 5471 ἑαυτῷ
981 5401 1287 5471 συνήθειαν,
1333 5406 1407 5469 ὡς
1449 5407 1729 5477 ἄνθρωπός
1821 5395 1827 5401 ’

192 5506 330 5549 εστιν
354 5497 569 5565 τρέφων
602 5498 732 5569 πῦρ·
765 5498 824 5550 τὸ
850 5495 956 5563 γάρ
987 5492 1179 5563 μέτρον
1197 5496 1293 5564 τῆς
1321 5498 1596 5568 δυνάμεως
1622 5501 1730 5555 τῶν

194 5587 300 5655 δύο,
318 5589 381 5640 ὲν
398 5588 496 5659 ὕλῃ
517 5588 893 5661 συ[νί]σταται.

259 5833 336 5905 (α)
368 5834 445 5918 De
465 5833 798 5888 abdicatione
823 5850 989 5915 rerum
1025 5853 1055 5905 υ
1114 5833 1243 5904 250.

2431 3592 2673 3647 Scholion
2701 3593 2791 3646 21.

1901 3682 2341 3747 Cultu‘vestium,
2370 3686 2575 3738 ventris
2604 3685 2860 3753 ingluvie,
2911 3687 3091 3754 pravis
3126 3697 3179 3741 et
3205 3689 3381 3744 noxiis

1833 3776 2151 3828 occursibus
2179 3790 2273 3828 seu
2308 3776 2591 3843 colloquiis
2614 3778 2805 3830 ‘malas
2859 3778 2914 3828 in
2961 3779 3137 3831 anima
3169 3780 3383 3847 cogita-

1833 3863 2008 3915 tiones
2054 3862 2300 3931 generari
2323 3870 2376 3915 et
2404 3863 2661 3916 exsistere
2686 3878 2716 3914 a
2746 3863 2952 3929 peritis,
2972 3873 3028 3917 et
3066 3864 3131 3917 iis
3163 3865 3253 3931 qui
3294 3880 3380 3916 re-

1831 3966 1953 4003 rum
1983 3966 2140 4004 usum
2170 3951 2387 4017 habent,
2423 3953 2641 4007 senibus
2668 3954 2868 4006 audivi.

2067 4111 2074 4115 _
2422 4043 2674 4098 Scholion
2704 4044 2795 4123 22.

1898 4131 2167 4203 Jejunium
2225 4138 2597 4206 tempestivum
2664 4136 2880 4207 Deoque
2938 4148 3146 4205 gratum
3189 4139 3382 4207 gaudet

1832 4226 1979 4281 brevi
2008 4244 2215 4293 mensa,
2245 4240 2298 4284 et
2335 4231 2481 4284 tenui
2507 4231 2770 4299 inopeque
2812 4230 2979 4293 victu,
3022 4240 3076 4282 et
3106 4228 3239 4298 fugit
3269 4230 3384 4299 ple-

1834 4334 1954 4385 c_cre
1982 4321 2309 4376 hominibus.
3030 4342 3033 4345 δ

2426 4411 2673 4466 δεΙιοίίοη
2704 4412 2792 4463 25.

1902 4504 2042 4558 Deus
2069 4505 2137 4558 ab
2174 4505 2323 4559 initio
2358 4504 2630 4556 hominem
2666 4502 2719 4555 in
2751 4503 2898 4555 omni
2936 4503 3383 4574 bonorum‘copia

1833 4593 2134 4655 constituit,
2168 4608 2243 4647 ac'
2259 4600 2532 4659 propterea
2578 4592 2913 4659 voluptatum
2958 4590 3293 4661 exstirpatio,
3327 4578 3389 4647 ut

1833 4696 1953 4750 qum
1985 4691 2176 4750 praeter
2204 4691 2408 4734 natura!
2437 4682 2873 4735 constitutionem
2900 4684 2988 4748 sit,
3020 4689 3266 4753 quamvis
3294 4686 3384 4739 de-

1833 4774 2059 4827 liberate
2090 4773 2270 4826 animo
2302 4772 2412 4836 fiat,
2439 4784 2613 4827 tamen
2646 4776 2751 4827 vim
2776 4776 2937 4829 infert
2968 4787 3191 4832 naturae.
3223 4778 3383 4832 Recte

1838 4846 2291 4934 igitur-jejunium
2341 4864 2613 4933 voluptate
2656 4866 2926 4935 privatum
2982 4869 3231 4935 violentia
3286 4884 3384 4920 na-

1837 4926 1973 5007 tura:
2002 4926 2216 5006 dicitur.
2471 4926 2485 4933 ”
2631 4926 2671 4955 ”
3080 4926 3128 4990 ,δ
3148 4968 3161 4991 ι

2426 5041 2677 5097 Scholion
2710 5046 2743 5097 ‘2.
2759 5048 2798 5099 ι.

1911 5135 1965 5189 Si
2018 5142 2252 5193 ventrem
2300 5140 2392 5189 Seu
2434 5139 2619 5206 gulam
2675 5138 3036 5199 restrinxeris,
3071 5138 3380 5204 paradisum

1840 5228 2076 5289 ineolcs;
2110 5228 2154 5279 si
2190 5226 2477 5291 laxaveris,
2508 5230 2695 5283 mortis
2720 5217 2969 5298 pabulum
3004 5228 3177 5298 factus
3209 5246 3288 5285 es.

2372 5317 2617 5374 Scholion
2651 5319 2847 5371 Isaaci.
3380 5390 3383 5391 ν

1908 5408 2007 5473 Qui
2053 5409 2245 5460 malam
2290 5414 2729 5465 consuetudinem
2776 5410 2870 5464 alit
2914 5412 3055 5479 apud
3102 5412 3258 5481 215
3302 5428 3378 5470 sv.

1804 5523 1808 5527 ~
1838 5500 2057 5575 perinde
2090 5500 2216 5554 facit
2242 5511 2400 5571 atque
2432 5507 2475 5559 is
2501 5505 2589 5573 qui
2623 5503 2716 5557 alit
2738 5502 2947 5571 ignem;
2980 5504 3214 5557 medium
3239 5501 3379 5555 enim

1837 5606 1935 5645 seu
1986 5592 2179 5647 modus
2214 5591 2483 5651 facultatis
2528 5595 2809 5649 amborum
2840 5635 2854 5660 ,
2905 5594 2959 5650 in
3004 5594 3221 5649 materia
3251 5605 3383 5646 con-

1844 5681 2001 5735 sistit.
