4050 6338
553 309 656 371 333
1619 348 1622 354 .
1790 303 1851 362 s.
1879 302 2194 363 JOANNIS
2221 266 2525 364 CLI'MACI
3674 311 3804 374 set

549 417 770 475 Primus
811 417 1030 474 cmleste
1061 401 1269 470 ldeiferi
1321 414 1474 470 sidus
1530 412 1713 476 refert,
1765 412 1903 466 alter
1953 388 2122 479 plenae
2164 412 2309 466 luna:
2337 423 2427 466 est
2482 414 2698 478 similis,
2753 419 2947 472 tertius
3003 433 3126 473 cum
3183 420 3302 490 ipso
3335 423 3804 489 splendidissimo

551 514 667 568 sole
695 510 888 568 merito
937 518 1301 578 comparatur.
1335 505 1548 560 Omnes-
1578 504 1631 557 hi
1678 513 1860 556 tamen
1906 502 1964 554 in
2003 501 2141 553 caelo
2176 501 2339 556 simul
2369 514 2675 568 versantur;
2720 516 2778 570 ot
2833 509 2975 562 enim
3002 525 3065 564 ex
3113 526 3324 567 aurora:
3364 513 3531 567 radiis
3584 513 3706 580 lux,
3766 527 3809 566 c

552 609 672 661 luce
711 603 793 659 sol
837 601 1098 665 nascitur,
1137 599 1211 653 ita
1239 613 1328 653 res
1369 596 1677 650 habetcum
1708 593 1776 648 iis
1811 593 1878 646 de
1942 595 2140 661 quibus
2176 602 2262 646 est
2317 594 2479 648 modo
2527 595 2756 651 dictum.
2814 597 3009 668 Vulpes
3064 603 3314 656 dormire
3358 618 3419 657 se
3464 604 3688 658 simulat
3734 613 3810 657 ut

554 713 680 752 aves
705 696 902 764 capiat,
932 694 1139 750 dzcmon
1201 690 1534 760 pudicitiam.
1566 697 1627 744 ut
1667 688 1903 740 animam
1958 685 2165 755 perdat.
2205 683 2496 772 iiunquam
2561 691 2689 745 dum
2745 693 2891 749 vives
2921 695 3107 750 credes
3134 672 3246 751 luto
3273 700 3518 766 corporis
3555 700 3656 762 tui,
3681 714 3810 754 nec

557 790 687 844 fides
723 787 800 843 illi
831 785 1003 840 donec
1047 784 1256 840 sistaris
1311 782 1544 845 Christo,
1607 796 1706 834 nec
1753 778 2079 849 persuadeas
2141 779 2238 833 tibi
2295 786 2350 833 te
2391 792 2611 850 propter
2664 785 3047 841 abstinentiam
3109 798 3256 844 tuam
3300 806 3408 845 non
3475 806 3745 846 casurum
3782 808 3802 842 :

557 895 681 940 nam
707 876 807 931 fuit
838 878 929 946 qui
963 877 1095 931 nihil
1121 891 1361 945 unquam
1377 875 1632 944 gustavit,
1655 883 1709 928 et
1737 882 1916 926 tamen
1946 886 1978 924 e
2021 870 2160 924 curio
2226 869 2471 938 dejectus
2536 885 2640 931 est.
2702 879 3107 935 Abdicationem
3146 883 3422 952 sapientes
3461 884 3808 952 deﬁnierunt

557 978 701 1033 aliud
727 975 858 1030 nihil
885 989 1007 1029 esse
1043 987 1204 1042 quam
1230 971 1410 1024 odium
1450 977 1574 1039 "erga
1609 968 1884 1037 proprium
1917 979 2134 1033 corpus,
2163 965 2326 1034 219
2367 977 2419 1020 et
2459 980 2768 1038 perpetuam
2803 989 3038 1043 pugnam
3069 950 3328 1032 adversus
3367 950 3546 1044 gulam
3575 987 3630 1032 et
3654 950 3803 1032 ven-

556 1079 717 1125 trem.
749 1067 957 1135 Lapsus
997 1067 1240 1134 corporis
1279 1073 1334 1119 et
1379 1065 1561 1119 carnis
1595 1063 1649 1116 in
1681 1061 1944 1132 religiosis
1999 1059 2266 1114 tironibus
2326 1071 2388 1114 ut
2443 1058 2735 1128 plurimum
2799 1069 3134 1125 solent~lieri
3193 1071 3513 1127 deliciarmn
3568 1087 3743 1126 causa
3780 1089 3796 1123 :

557 1168 612 1222 in
656 1163 723 1216 iis
753 1161 846 1230 qui
898 1160 1009 1228 jam
1049 1158 1389 1227 profecerunt
1433 1158 1486 1212 iu
1541 1157 1816 1227 religione,
1881 1170 1946 1209 ex
2013 1152 2180 1206 animi
2218 1170 2436 1226 quoque
2491 1159 2744 1228 elatione,
2805 1179 3112 1234 quanquam
3147 1178 3200 1222 et
3255 1169 3478 1223 novitiis
3518 1168 3570 1221 id
3614 1168 3804 1234 soleat

562 1271 659 1310 usu
689 1256 873 1308 venire
905 1271 920 1306 :
952 1254 1004 1306 in
1037 1254 1102 1307 iis
1132 1252 1223 1323 qui
1250 1253 1362 1322 jam
1405 1252 1470 1305 ad
1514 1237 1892 1319 perfectionem
1959 1245 2257 1313 adspirant,
2320 1258 2528 1305 tantum
2555 1268 2620 1307 ex
2660 1269 2728 1310 eo
2765 1257 2910 1326 quod
2960 1258 3168 1314 soleant
3223 1239 3359 1314 alios
3422 1269 3619 1314 temere
3640 1260 3802 1329 judi—

560 1362 688 1403 care
714 1357 771 1401 et
797 1347 1072 1401 damnare.
2886 1387 2890 1390 .
3440 1343 3444 1347 ’

631 1437 805 1494 Fuere
847 1438 939 1508 qui
971 1438 1177 1492 beatos.
1199 1424 1553 1505 prmdicare'nt
1579 1445 1770 1489 natura
1808 1431 2111 1492 eunuchso,
2144 1474 2146 1482 .

2265 1425 2444 1522 Τινὲς
2477 1434 3042 1522 μεμακαρικασικτοίις
3072 1433 3230 1505 φύσει
3267 1437 3556 1508 εὐνούχους
3585 1442 3805 1497 ἀποτε-

564 1531 711 1602 quod
735 1531 1077 1602 a-tyrannide
1121 1528 1363 1598 corporis
1390 1537 1570 1582 essent
1595 1527 1826 1596 exempti
1859 1546 1871 1579 :
1913 1535 1969 1579 at
2026 1539 2127 1592 ego

569 1625 756 1678 beatos
788 1623 910 1678 illos
946 1621 1270 1685 existimavi,
1319 1616 1497 1690 quise
1527 1619 1769 1689 quotidie
1807 1619 1970 1673 castis
2031 1631 2128 1668 co-

569 1711 918 1782 gitationibus
951 1721 1206 1780 tanquam
1262 1711 1439 1765 cultro
1467 1718 1706 1766 castrare
1747 1709 1946 1763 solent.
2008 1703 2129 1757 Vidi

571 1802 662 1871 qui
690 1811 886 1872 prater
908 1816 1062 1858 suam
1126 1803 1454 1857 voluntatem
1511 1801 1798 1866 caderent;
1861 1798 1968 1850 vidi
2037 1795 2129 1864 qui

573 1904 764 1962 sponte
796 1894 993 1948 vellent
1046 1895 1213 1963 pollui
1241 1905 1297 1948 et
1349 1909 1457 1947 non
1497 1899 1809 1961 potuerunt,
1839 1897 1892 1941 et
1909 1888 2009 1941 bos
2037 1888 2132 1940 mi'

575 1986 914 2046 serabiliorcs
937 1986 1177 2055 iudicavi
1203 1984 1333 2047 illis.
1351 1981 1698 2053 qitiquotidie
1727 1982 2131 2048 eadunt,quan-

577 2075 866 2146 doquidem
896 2078 950 2131 hi
994 2068 1152 2132 foedis
1209 2076 1477 2130 sordibus
1508 2073 1666 2144 potiri
1712 2087 1821 2126 non
1860 2077 2127 2141 poterant.

577 2166 898 2222 Miserabilis
928 2177 1013 2222 est
1063 2167 1156 2235 qui
1199 2166 1362 2228 cadit,
1392 2165 1488 2219 sed
1517 2163 1880 2218 miserabilior
1908 2163 1994 2216 ille
2038 2164 2129 2230 qui

576 2259 738 2312 etiam
772 2259 906 2312 alios
929 2259 995 2312 ad
1021 2268 1212 2311 “casum
1253 2266 1538 2326 provocat:
1593 2255 1680 2309 hic
1705 2255 1848 2310 enim
1900 2253 2128 2307 duorum

575 2351 823 2419 lapsuum
856 2357 912 2404 et
936 2359 1297 2418 peccatorum,
1318 2364 1449 2411 suae,
1469 2349 1710 2417 inquam,
1728 2354 1782 2400 et
1797 2347 2018 2400 alterius
2033 2362 2129 2398 vo-

491 2439 496 2442 ’
577 2441 818 2510 luptatis,
864 2439 1076 2509 pondus
1107 2438 1260 2494 feret.
1304 2439 1426 2492 Noli
1460 2437 1760 2492 rationibus
1816 2446 1871 2490 et
1916 2445 2131 2489 eontra-

578 2533 676 2587 riis
705 2522 1032 2614 argumentis
1076 2530 1327 2600 spiritum
1369 2531 1597 2584 luxuria:
1627 2530 1761 2583 velle
1789 2527 2038 2582 evincere
2079 2510 2156 2581 et.

577 2631 922 2690 prosternere
974 2639 990 2675 :
1063 2621 1224 2675 habet
1309 2620 1453 2674 enim
1508 2620 1562 2673 in
1590 2615 1856 2688 promptu
1934 2616 2130 2673 rationi

577 2713 734 2768 valde
772 2720 1154 2776 consentanea,
1217 2719 1414 2765 et.nos
1446 2725 1540 2778 per
1594 2718 1843 2763 naturam
1891 2717 2129 2762 nostram

582 2815 875 2875 oppugnat.
919 2803 1174 2870 Quisquis
1199 2818 1352 2875 suam
1379 2801 1551 2871 ipsius
1592 2814 1804 2854 carnem
1835 2813 1934 2853 sua
1963 2797 2131 2851 solius

574 2907 746 2962 opera
782 2903 836 2947 et
869 2893 1065 2946 virtute
1097 2893 1212 2945 vult
1239 2890 1508 2946 debellare
1534 2900 1587 2942 et
1629 2889 1864 2952 vincere,
1921 2888 1974 2942 in
2038 2902 2132 2940 va-

583 2987 711 3037 num
739 2982 925 3038 currit.
938 2979 1052 3036 Nisi
1079 2981 1221 3036 enim
1257 2976 1517 3034 Dominus
1546 2979 1763 3033 domum
1788 2976 1966 3032 carnis
1986 2991 2136 3032 ever-

586 3075 730 3137 terit,
793 3084 846 3128 et
889 3074 1109 3128 domum
1181 3056 1405 3141 spiritus
1449 3069 1750 3133 aedificarit,
1800 3069 2000 3124 frustra
2055 3079 2138 3122 est

588 3166 680 3234 qui
703 3163 905 3230 vigilat,
937 3172 990 3216 et
1015 3164 1334 3218 abstinendo
1386 3162 1532 3216 illam
1566 3160 1858 3216 dissolvere
1890 3170 2134 3214 conatur.

590 3254 836 3322 Propone
877 3253 947 3306 ob
994 3255 1179 3309 oculos
1232 3253 1442 3330 Domini
1493 3262 1640 3306 tuam
1712 3262 1916 3307 natura:
1970 3252 2138 3306 imbe-

562 3346 889 3410 _eillitatem,
915 3353 1246 3412 tuarumque
1275 3342 1474 3395 virium
1521 3342 1788 3397 defectum
1822 3343 2036 3410 penitus
2055 3357 2142 3394 re-

592 3443 878 3508 cognosce,
919 3447 971 3490 et
995 3435 1114 3490 sine
1148 3449 1311 3488 sensu
1337 3433 1541 3488 senties
1604 3424 1974 3501 percipiesque
2023 3449 2144 3501 gra-

596 3531 722 3584 tiam
751 3527 1033 3583 castitatis.
1069 3525 1230 3594 220
1267 3523 1362 3579 Est
1409 3524 1626 3593 quidem
1660 3525 1713 3577 in
1742 3517 1819 3578 iis
1852 3523 1946 3593 qui
1977 3522 2148 3594 foedis

596 3619 954 3690 voluptatibus
989 3617 1276 3686 capiuntur
1309 3615 1390 3682 (ut
1425 3614 1472 3668 is
1492 3613 1750 3690 qu'Kejus
1813 3614 1890 3668 rei
1934 3613 2148 3682 experi-

600 3631 954 3690 voluptattbus
989 3631 1276 3686 capiuntur
1309 3631 1390 3682 {ut
1425 3631 1472 3668 IS
1492 3631 1560 3684 qu
1631 3631 1750 3683 eius
1813 3631 1890 3668 rei
1934 3631 2146 3682 experi-

600 3722 838 3765 mentum
894 3709 1119 3775 habuit,
1184 3631 1654 3778 posteaquam'b
1704 3706 1907 3775 frugem
1973 3704 2146 3771 rediit,

601 3803 732 3856 mihi
760 3802 964 3874 retulit)
1022 3817 1216 3858 sensus
1247 3802 1465 3869 quidam
1527 3800 1712 3856 vesani
1780 3799 1982 3853 amoris
2025 3814 2149 3868 erga

602 3909 845 3962 corpora,
891 3903 944 3948 et
983 3893 1211 3961 Spiritus
1234 3890 1521 3960 impudens
1550 3899 1604 3944 et
1659 3889 2005 3956 inhumanus,
2058 3892 2150 3958 qui

605 3989 659 4040 iu
691 3987 806 4055 ipso
841 3986 1017 4040 cordis
1049 3999 1210 4038 sensu
1243 3998 1349 4035 non
1383 3982 1498 4036 sine
1535 3982 1833 4042 manifestis
1860 3983 2154 4051 praasentige

2226 1516 2470 1584 χθέντας,
2499 1520 2578 1583 ὡς
2621 1523 2719 1593 τῆς
2761 1523 2857 1578 τοῦ
2890 1516 3138 1596 σώματος
3181 1527 3490 1598 τυραννίδος
3522 1528 3807 1602 λελυτρω-

2228 1608 2444 1677 μένους.
2493 1613 2634 1680 Ἐγὼ
2658 1615 2714 1668 δὲ
2745 1617 3101 1687 μεμακάρικα
3123 1619 3250 1682 τοὺς
3277 1618 3674 1690 καθημερινοὺς
3698 1622 3806 1672 εὐ-

2227 1700 2484 1770 νούχουςο
2527 1705 2727 1768 οἵτινες
2772 1701 3016 1778 λογισμῷ
3060 1708 3247 1779 ὥσπερ
3277 1709 3524 1782 μαχαιρᾳ
3564 1713 3806 1776 ἑαυτοὺς

2227 1793 2660 1864 ἀκρωτηριάζειν
2705 1798 3012 1867 πεφύκασιν
3063 1801 3208 1872 (ιον
3254 1800 3475 1872 ἑώρακα
3520 1786 3803 1868 ἀκουσίως

2227 1887 2492 1951 πεσόντας
2518 1890 2622 1958 (α),
2663 1891 2756 1944 καὶ
2789 1890 3005 1962 ἑώρακα
3033 1887 3294 1957 ἑκουσίως
3336 1894 3558 1947 πεπτειν
3605 1895 3804 1964 βουλο-

2231 1977 2422 2046 μένους
2446 1980 2566 2049 μὲν,
2596 1981 2672 2051 μὴ
2704 1981 3032 2054 δυναμένους
3067 1985 3144 2050 δὲ,
3171 1985 3267 2038 καὶ
3291 1985 3400 2039 τῶν
3429 1986 3552 2040 καθ’
3576 1987 3806 2056 ἡμέραν
3831 2038 3850 2046 ,

2229 2069 2532 2122 πιπτόντων
2576 2073 2772 2136 αὐτοὺς
2825 2074 3026 2142 μᾶλλον
3077 2075 3364 2128 ὲταλάνισα
3383 2115 3400 2138 ,
3461 2077 3535 2138 ὡς
3577 2077 3671 2129 καὶ
3716 2076 3806 2144 μὴ

2227 2161 2556 2231 δυναμένους
2587 2163 2686 2233 τῆς
2717 2152 2980 2228 δυσωδίας
3028 2165 3291 2235 ἐφίεσθαι.
3338 2166 3596 2230 Ἐλεεινὸς
3627 2169 3656 2220 ὀ
3696 2168 3803 2218 πε-

2230 2268 2379 2304 πτων
2403 2252 2514 2322 (Η)
2540 2267 2554 2281 ·
2577 2253 2931 2323 ἐλεεινότερος
2959 2256 3016 2308 δὲ
3044 2258 3072 2309 ὀ
3105 2257 3198 2309 καὶ
3225 2255 3396 2326 ἑτέρῳ
3421 2257 3578 2309 τοῦτο
3597 2255 3807 2326 προξε-

2230 2341 2336 2394 νῶν
2354 2358 2368 2370 ·
2393 2342 2527 2396 διότι
2553 2342 2662 2396 τῶν
2690 2344 2780 2398 δύο
2803 2347 3106 2416 πτωμάτων
3135 2347 3229 2400 καὶ
3257 2348 3355 2419 τῆς
3387 2349 3572 2418 ἐτέρου
3601 2350 3801 2418 ἡδονῆς

2230 2433 2391 2495 αὐτὸς
2404 2433 2466 2486 τὸ
2483 2433 2647 2504 βάρος
2661 2423 3001 2506 ἐπισύρεται.
3020 2437 3110 2504 Μὴ
3135 2435 3254 2489 θέλε
3279 2438 3665 2506 δικαιολογίαις
3683 2439 3808 2507 (12)

2232 2523 2325 2574 καὶ
2360 2525 2741 2594 ἀντιρρήσεσιν
2767 2526 3091 2595 ἀνατρέπειν
3122 2527 3212 2581 τὸν
3245 2529 3344 2597 τῆς
3397 2529 3651 2599 πορνείας
3680 2529 3808 2582 δαι-

2234 2629 2403 2683 μοναο
2431 2614 2563 2667 διότι
2597 2618 2800 2679 ἐκεῖνος
2825 2617 2895 2670 τὰ
2938 2618 3132 2686 εὔλογα
3163 2620 3420 2691 κέκτηται
3453 2621 3528 2684 ώς
3554 2621 3808 2690 φυσικῶς

2167 2760 2208 2813 Β
2234 2706 2365 2813 ήμξν
2411 2707 2733 2806 μαχόμενος.
2778 2709 2836 2768 '0
2885 2710 2983 2780 τὴν
3037 2711 3228 2762 ἑαυτοῦ
3278 2713 3456 2780 σάρκα
3518 2710 3808 2781 βουληθεὶς

2233 2792 2558 2863 πολεμῆσαι,
2596 2796 2629 2865 ἢ
2675 2797 2896 2865 νικῆσαι
2942 2797 3002 2862 ἐξ
3028 2799 3242 2862 ἐαυτοῦ,
3275 2801 3357 2862 εἱς
3388 2801 3566 2870 μάτην
3590 2800 3808 2871 τρέχει.

2247 2885 2369 2939 Ἐὰν
2401 2887 2508 2958 γὰρ
2553 2889 2628 2958 μὴ
2676 2889 2878 2959 Κύριος
2933 2890 3212 2962 καταλύσῃ
3243 2887 3398 2944 οἷκον
3447 2890 3669 2960 σαρκὸς,
3705 2891 3812 2944 καὶ

2233 2978 2558 3050 οἰκοδομήσει
2604 2977 2750 3033 οἷκον
2783 2983 2982 3051 ψυχῆς,
3017 2985 3096 3044 εἰς
3128 2986 3304 3053 μάτην
3330 2983 3669 3054 ὴγρύπνησε,
3711 2987 3814 3036 καὶ

2233 3069 2554 3140 ἐνήστευσεν
2605 3075 2634 3125 ὁ
2681 3074 2987 3126 καταλύων.
3053 3073 3276 3127 ’Λνάθου
3327 3074 3514 3146 Κυρίῳ
3562 3076 3660 3143 τὴν
3704 3074 3814 3139 τῆς

2237 3161 2451 3230 φύσεως
2491 3161 2810 3237 ἀσθένειαν,
2847 3165 3103 3230 ἐπιγνοὺς
3155 3165 3235 3226 εἰς
3284 3164 3437 3219 ἅπαν,
3465 3164 3563 3233 τὴν
3597 3164 3815 3216 οἰκείαν

2238 3252 2561 3330 ἀδυναμίαν,
2607 3255 2876 3326 καὶλήψῃ
2916 3256 3162 3325 χάρισμα
3194 3250 3546 3326 σωφροσύνης
3576 3260 3814 3309 ἀνεπαι-

2243 3339 2484 3409 σθήτωςο
2513 3341 2659 3394 ἐστιν
2681 3345 2743 3395 ἐν
2769 3345 2892 3404 τοῖς
2911 3338 3273 3412 ἡδυπαθέσιν,’
3289 3344 3362 3406 ὥς
3395 3344 3487 3411 μοί
3516 3361 3604 3407 τις
3627 3345 3816 3398 αὐτῶν

2243 3429 2302 3482 ἐν
2334 3430 2498 3500 πείρᾳ
2529 3432 2766 3500 γεγονὼς
2815 3435 2955 3504 μετά
2982 3435 3079 3505 τὴν
3109 3435 3333 3504 έκνηψιν
3377 3435 3694 3506 διηγήσατο,
3721 3438 3814 3490 αι’-

2247 3518 2434 3588 σθησίς
2480 3539 2622 3585 τινος
2666 3524 2943 3600 σωμάτων.
2970 3523 3192 3594 ἔρωτος,
3223 3525 3318 3578 καὶ
3350 3523 3566 3593 πνεῦμα
3593 3526 3813 3588 ἀναιδὲς

2247 3612 2340 3663 καὶ
2387 3613 2750 3693 ἀπάνθρωπον
2802 3616 2937 3687 αὐτῇ
2985 3618 3080 3686 τῆς
3128 3617 3352 3686 καρδίας
3401 3613 3647 3687 αἰσθήσει
3693 3617 3815 3687 (I3)

2247 3702 2490 3774 ἐναργῶς
2522 3707 2918 3778 ἐγκαθήμενον,
2951 3709 3042 3762 καὶ
3077 3700 3401 3780 σωματικοῦ
3431 3710 3542 3781 (14)
3581 3709 3816 3780 καρδίας

2249 3796 2414 3850 πόνου
2467 3797 2620 3869 δίκην
2672 3800 2734 3852 ἐκ
2786 3802 2954 3871 πυρὸς
2991 3803 3243 3870 καμίνου,
3293 3802 3372 3871 τῷ
3421 3801 3857 3872 πολεμουμένῳ,

2248 3889 2530 3943 αἰσθέσθαι
2561 3890 2656 3962 [αι.
2685 3893 3054 3966 αἰσθάνεσθαι]
3086 3895 3520 3964 παρασκευάζον,
3548 3894 3680 3946 Θεὸν
3707 3893 3814 3963 μὲν

2255 3980 2328 4050 μὴ
2355 3981 2704 4051 φθδούμενονν
2739 3985 2956 4054 μνήμην
2988 3986 3258 4047 κολάσεως
3291 3985 3366 4047 ὡς
3397 3985 3549 4038 οὐδὲν
3586 3983 3684 4054 {aL
3713 3983 3812 4036 οὐ-

606 4077 772 4148 signis
795 4076 1010 4140 residet,
1041 4089 1203 4145 atque
1230 4071 1391 4128 efﬁcit
1444 4080 1500 4125 ut
1522 4071 1588 4125 ab
1652 4072 1864 4152 luxuria
1919 4082 2146 4127 tentatus

2257 4074 2425 4145 δενός]
2459 4075 2843 4144 καταφρονῶν,
2887 4075 3050 4145 εὐχὴν
3093 4075 3542 4148 βδελυσσόμενον,
3589 4076 3683 4128 καὶ
3720 4075 3813 4158 ἐπ’

607 4168 701 4222 tali
735 4174 866 4220 aestu
896 4166 1115 4231 laboret,
1170 4164 1326 4234 quasi
1356 4179 1421 4217 ex
1444 4161 1697 4216 saeviente
1746 4149 1893 4215 intus
1939 4163 2154 4216 ﬂamma

610 4261 823 4316 fornax.
852 4255 965 4311 Non
1010 4257 1164 4311 timet
1193 4258 1280 4311 ille
1306 4258 1496 4319 Deum,
1526 4268 1742 4308 omnem
1771 4254 2156 4324 suppliciorum

610 4361 930 4407 aeternorum
957 4348 1376 4402 recordationem
1422 4345 1740 4408 contemnit,
1799 4353 1852 4397 et
1896 4350 1954 4395 ut
2005 4338 2174 4394 fabn-'

612 4445 719 4497 lam
757 4439 962 4494 irridet.
993 4435 1182 4491 Preces
1210 4447 1537 4502 exsecratur,
1567 4436 1888 4490 cadaverum
1921 4442 2161 4486 contem-

614 4534 853 4603 platione
906 4544 1010 4582 non
1043 4528 1165 4598 plus
1197 4544 1354 4595 quam
1385 4531 1622 4597 lapidqu
1648 4536 1865 4597 aspectu
1895 4533 2157 4579 movetur.

617 4627 684 4680 Et
712 4627 766 4679 in
820 4625 934 4692 ipsa
961 4620 1070 4676 fere
1109 4618 1296 4674 nefarii
1334 4621 1549 4676 sceleris
1590 4621 1980 4690 perpetratione
2009 4633 2164 4673 oecu-

619 4724 824 4782 patum,
852 4721 1117 4768 amentem
1150 4709 1549 4779 quodammodo
1578 4713 1849 4765 hominem
1893 4709 2088 4774 reddit,
2109 4719 2164 4764 et

624 4806 828 4859 ratione
863 4804 1037 4874 privat
1063 4792 1320 4857 continuo
1362 4800 1636 4855 hominum
1683 4812 1735 4856 et
1756 4803 2048 4856 bestiarum
2073 4801 2164 4856 de-

626 4892 821 4946 siderio
856 4893 1116 4949 furentem
1146 4909 1159 4943 :
1192 4889 1346 4957 cujus
1375 4890 1474 4941 nisi
1502 4891 1790 4945 abbreviati
1814 4901 1997 4947 essent
2028 4891 2161 4954 dies,

627 4995 734 5035 non
763 4984 911 5037 ﬁeret
936 4986 1080 5039 salva
1137 4969 1312 5035 omnis
1377 4979 1556 5031 anima
1616 4981 1726 5034 luto
1769 4983 1871 5037 hoc
1925 4983 2166 5051 corporis

631 5088 723 5140 per
769 5078 1078 5140 sanguinem
1107 5085 1161 5128 et
1210 5087 1490 5127 emnosum
1523 5069 1707 5124 limum
1785 5076 2017 5129 concreti
2078 5091 2168 5128 ve—

630 5165 774 5218 stita.
799 5163 932 5228 Quia
955 5182 1018 5219 ex
1044 5183 1150 5233 quo
1179 5166 1423 5234 quidque
1459 5156 1654 5236 factum
1687 5175 1910 5230 constat,
1943 5168 1992 5220 id
2027 5169 2168 5220 velut

631 5256 836 5305 natura:
864 5258 984 5305 sua:
1017 5256 1338 5308 conveniens
1373 5241 1744 5306 insatiabiliter
1791 5259 2011 5323 appetit.
2042 5273 2167 5310 sau-

631 5344 749 5412 iluis
765 5343 1096 5419 sanguinem,
1117 5348 1312 5400 vermis
1329 5359 1582 5409 vermem,
1604 5341 1762 5396 ἷίιηυδ
1789 5345 1970 5401 “mum
1991 5367 2005 5414 ἶ
2031 5371 2165 5409 IIII"-

702 5455 775 5522 (α)
814 5452 911 5505 Adi
961 5450 1284 5522 D._Paulum
1334 5456 1397 5507 ad
1432 5453 1588 5506 Rom.
1638 5468 1687 5505 c.
1723 5467 1816 5514 νιι,
1877 5457 1980 5513 l9:
2033 5463 2152 5520 Νοη

527 5525 531 5527 ’
631 5519 766 5576 enim
803 5522 940 5592 quod
972 5519 1292 5592 vofobonum
1319 5525 1412 5575 Iwc
1441 5522 1704 5590 {acia,sed
1735 5523 1870 5592 quod
1899 5531 2014 5583 nolo
2045 5519 2157 5588 ma;

632 5592 741 5662 tum
767 5589 859 5645 hoc
875 5608 992 5660 ago.
1020 5589 1287 5662 Climaeus
1315 5589 1451 5659 ergo,
1463 5592 1725 5654 ἀκουσίως
1748 5589 2046 5662 πίπτοντας
2072 5605 2156 5660 ί..-

636 5660 819 5729 telligit
871 5658 1184 5720 παθητικῶς
1233 5658 1542 5726 peccantes,
1601 5677 1708 5718 non
1762 5658 2156 5736 ἐνεργητικῶς,

2255 4168 2395 4251 αὐτῇ.
2419 4170 2485 4236 τῇ
2521 4168 2715 4236 πράξει
2763 4168 2954 4238 σχεδὸν·
2974 4169 3358 4240 ἐπιτελουμένη
3386 4169 3594 4239 νεκρῶν
3623 4147 3813 4236 λειψιῖ-

2230 4273 2362 4320 ,νων
2399 4256 2474 4318 ὡς
2500 4256 2720 4325 ἀψῦχων
2762 4257 2922 4310 λίθων
2949 4257 3046 4328 τὴν
3069 4255 3307 4328 ’θεωρῐαν
3337 4258 3814 4328 λογιζόμενονέκ-

2257 4362 2378 4398 νουν
2405 4347 2546 4410 τινὰ,
2591 4350 2682 4399 καὶ
2714 4349 3039 4417 ἐξεστηκότα
3082 4349 3171 4402 τὸν
3201 4350 3473 4420 πάσχοντα
3504 4347 3817 4418 ἀπεργαζὼ

2262 4452 2421 4501 μενον
2443 4453 2457 4465 ο
2486 4437 2706 4508 λογικῆς
2729 4440 2822 4493 καὶ
2850 4440 3044 4507 ἀλόγου
3070 4439 3253 4503 οὐσίας
3284 4442 3342 4492 ἐν
3370 4440 3552 4509 ἐφέσει
3575 4440 3813 4508 διηνεκεί

2263 4523 2766 4604 μεμθυσμὲνον,οὗ
2784 4533 2834 4582 εἰ
2853 4530 2927 4600 μὴ
2947 4530 3350 4601 ἐκολοϐώθησαν
3370 4533 3426 4585 αἱ
3449 4531 3649 4600 ἡμέρας
3673 4531 3812 4599 (l5),

2253 4619 2358 4672 οὑκ
2387 4619 2452 4672 ἂν
2493 4620 2704 4690 ἐσώσθη
2755 4623 2902 4673 πᾶσα
2936 4621 3102 4692 ψυχὴ,
3135 4622 3234 4691 τὴν
3264 4622 3433 4691 πηλὸν
3469 4622 3668 4692 ταύτην
3713 4623 3816 4692 τὴν

2261 4709 2448 4778 αἵματι
2478 4711 2569 4763 καὶ
2589 4710 2746 4780 χυμῷ
2779 4703 3007 4779 ῥυπαρῷ
3067 4710 3537 4783 συγκεκραμένην,
3577 4711 3815 4778 ἠμφιεσ-

2266 4799 2419 4868 μένη.
2467 4801 2592 4863 Πῶς
2624 4801 2762 4871 γὰρ;
2805 4801 2948 4850 Διότι
2980 4799 3087 4850 πᾶν
3116 4797 3178 4849 τὺ
3222 4797 3462 4865 γεγονὸς.
3490 4797 3588 4866 τῆς
3617 4813 3813 4867 συγγε-

2263 4891 2406 4954 νείας
2427 4892 2524 4961 τῆς
2554 4892 2746 4946 ἑαυτοῦ
2772 4889 3032 4959 έμφίεται
3066 4887 3160 4958 [αι.
3195 4872 3472 4959 ὀρέγεται]
3501 4887 3810 4956 ἀπλήστως.

2265 4983 2337 5035 Τὸ
2365 4981 2502 5055 αἷμα
2530 4986 2780 5054 αἵματος,
2805 4983 2897 5033 καὶ
2924 4983 2953 5033 ὀ
2974 4979 3189 5049 σκώληξ
3210 4977 3508 5048 σκώληκος,
3527 4980 3673 5050 καὶ-η
3703 4999 3811 5052 πη-

2265 5073 2352 5136 λδς
2365 5074 2443 5145 (α)
2462 5075 2633 5144 πηλοῦ
2651 5092 2665 5104 ο
2688 5075 2788 5125 οὐκ
2815 5067 2907 5123 οὖν
2924 5072 3064 5138 καὶὴ
3091 5067 3226 5138 σὰρξ
3247 5071 3482 5139 σαρκόςς
3510 5070 3626 5124 Κᾶν
3651 5071 3811 5141 μεθο-

2265 5164 2432 5228 δείαις
2478 5166 2646 5235 αὐτὴν
2684 5167 2781 5236 την
2824 5161 3112 5215 ἀπατεῶνα
3159 5162 3371 5230 ἀπατᾷν
3411 5161 3808 5234 δοκιμάξωμιν,

2266 5258 2316 5308 οἱ
2348 5257 2445 5326 τῆς
2492 5261 2703 5328 φύσεως
2739 5256 2830 5310 καὶ
2861 5256 2954 5323 τῆς
2992 5253 3263 5321 βασιλείας
3309 5251 3522 5327 βιασταὶ
3568 5258 3660 5310 καὶ
3691 5257 3812 5310 ἐπι-

2269 5354 2538 5422 θυμηταί·
2592 5352 2687 5404 τοῦ
2739 5351 2837 5420 μὲν
2890 5336 3282 5418 προειρημένου
3334 5348 3596 5419 πολέμου,
3641 5351 3693 5405 οἱ
3738 5353 3814 5424 μὴ

2263 5469 2404 5522 sicut
2433 5465 2507 5518 illi
2538 5465 2627 5531 qui
2662 5461 2919 5522 ἑκουσίως
2950 5469 3192 5528 peccant.

2336 5535 2411 5604 (α)
2454 5535 2519 5586 'll
2553 5529 2720 5600 πηλὸς
2749 5531 2969 5604 dicitur.
2999 5531 3101 5604 ςιό
3134 5529 3320 5604 πηλός,
3375 5532 3566 5604 lutum?
3611 5532 3818 5604 Cliniae

2264 5599 2362 5684 cus
2396 5599 2708 5684 plerumque
2793 5599 3129 5680 πηλὸςόὶιξὶι,
3159 5600 3222 5684 i‘u'
3246 5616 3438 5669 genere
3463 5603 3742 5666 muliebri,
3769 5615 3823 5662 et

2245 5667 2341 5730 lita
2371 5667 2637 5736 rescribe,
2664 5673 2718 5744 si.
2738 5667 3007 5724 inveneris
3039 5670 3066 5720 ὁ
3093 5667 3275 5737 πηλόςζ
