4050 6338
656 418 755 476 κεῖ

1907 421 1964 477 S.
1997 419 2316 483 JUANNIS
2337 426 2640 520 CLIMACI

3781 432 3882 494 888

653 546 825 592 sci-re,
867 547 963 582 rur
996 530 1079 582 his
1107 545 1225 581 eam
1271 530 1581 584 nominibus
1607 529 1916 586 vocitariut.
1954 533 2012 586 Si
2071 547 2220 595 caro,

2323 537 2558 589 δυσωπῶ
2607 540 2739 606 (l9),
2785 539 2865 600 τίς
2902 539 3100 607 μείζων
3124 556 3135 567 ’
3168 543 3196 592 ὁ
3224 541 3398 594 θανὼν
3433 541 3525 593 καὶ
3561 541 3817 605 ἀναστὰς,
3847 546 3876 614 ἢ

651 619 727 672 uti
761 619 965 670 dictum
996 627 1102 676 est,
1151 631 1298 671 mors
1346 627 1451 680 est,
1491 629 1621 686 ergo
1656 619 1750 687 qui
1810 635 2030 674 carnem
2078 619 2220 676 hanc

651 709 798 772 vicit,
829 723 1050 776 prorsus
1103 723 1208 760 non
1240 707 1524 762 morietur.
1555 708 1659 762 Sed
1689 709 1764 764 da
1787 709 1922 762 luihi
1950 709 2098 764 illum
2125 711 2221 763 lto-

651 799 874 860 minem,
913 798 1002 867 qui
1033 799 1172 850 vitet
1194 807 1263 854 et.
1294 807 1524 851 mortem
1561 798 1708 853 uult“
1744 798 2062 868 inquinatus
2089 801 2210 856 labe

649 891 830 944 carnis
859 906 972 944 sua:
1003 905 1108 944 non
1141 889 1380 944 videbit?
1443 888 1633 960 Opera:
1699 895 1929 961 pretium
1981 894 2086 948 erit
2135 894 2223 949 hic

649 997 893 1051 qmerere
933 993 1050 1036 uter
1079 984 1246 1052 major
1279 984 1367 1045 sit,
1403 983 1518 1036 isne
1550 983 1640 1052 qui
1675 994 1922 1038 mortuus
1949 984 2016 1038 ad
2054 984 2221 1040 vitam

649 1075 828 1139 rediit,
868 1091 937 1128 an
973 1076 1018 1129 is
1048 1077 1138 1144 qui
1175 1091 1450 1144 nunquam
1480 1087 1563 1131 est
1603 1088 1868 1132 mortuus.
1932 1076 2033 1142 Qui
2093 1078 2222 1133 bea-
2262 1091 2264 1093 ’

649 1174 760 1218 tum
810 1166 1118 1234 przedicavit
1152 1165 1472 1230 secundum,
1510 1167 1766 1236 deceptus
1811 1179 1914 1222 est.
1968 1163 2260 1228 Christus:

647 1259 790 1310 enim
827 1268 1070 1312 mortuus
1100 1259 1422 1314 resurrexit.
1455 1259 1558 1325 Qui
1621 1276 1751 1314 vero
1805 1262 2038 1330 primum
2097 1262 2223 1316 bea-

649 1357 760 1400 tum
819 1358 988 1416 putat,
1026 1349 1226 1402 nullam
1268 1349 1408 1420 apml
1443 1351 1738 1404 morientes
1767 1353 1846 1403 rel
1880 1352 2059 1420 potius
2094 1367 2222 1420 pec-

646 1445 833 1489 cantes
863 1437 1296 1504 desperationem
1332 1439 1522 1493 salutis
1554 1455 1676 1494 esse
1725 1442 2040 1505 existimat;
2094 1459 2224 1512 sng-

648 1523 974 1594 eeri1223
1012 1527 1156 1580 enim
1219 1528 1394 1582 malus
1450 1539 1503 1583 et
1551 1530 1783 1584 infestus
1837 1532 1993 1586 nobis
2048 1533 2223 1589 hostis

648 1628 832 1670 noster
874 1628 927 1672 ct
955 1619 1184 1674 luxuria:
1211 1633 1419 1685 auctor,
1495 1623 1663 1678 Deum
1715 1640 1832 1678 esse
1875 1627 2218 1690 clementem,

644 1707 742 1779 qui
768 1707 979 1762 facilem
1010 1709 1136 1764 huic
1169 1711 1299 1763 vitio
1331 1722 1538 1766 natur-.2
1589 1723 1696 1767 tam
1759 1725 1957 1784 aguato
2008 1716 2218 1768 veniam

645 1799 844 1852 tribuat
869 1840 881 1852 .
910 1800 1265 1855 Attendamus
1294 1802 1360 1855 ad
1389 1803 1664 1871 improbas
1702 1803 2012 1858 daemonum
2047 1815 2217 1868 artes,

2319 628 2349 678 ὀ
2383 625 2505 696 μηδ’
2537 627 2671 688 ὅλως
2707 625 2882 680 θανιὶιν
2905 642 2920 656 ο
2958 629 3048 679 καὶ
3085 629 3115 680 ὁ
3161 631 3258 700 μὲν
3292 630 3381 684 τὸν
3426 629 3675 700 δεύτερον
3704 647 3876 699 μακα-

2324 717 2500 788 ρίσας,
2520 717 2772 787 ἔψευσται
2803 718 2978 772 θανὼν
3021 719 3129 788 γὰρ
3161 721 3189 773 ὀ
3242 720 3492 792 Χριστὸς,
3517 721 3716 790 ἀνέστη
3735 737 3750 752 ο
3778 722 3807 774 ὁ
3825 721 3876 774 δὲ

2318 808 2412 862 τὸν
2429 809 2664 879 πρῶτον,
2683 809 2947 881 μηδεμίαν
2969 826 3041 865 πα
3051 810 3118 881 ρά
3134 813 3244 878 τοῖς
3271 812 3587 883 θνήσκουσι,
3610 811 3806 881 μᾶλλον
3826 813 3878 868 δὲ

2321 899 2576 953 πίπτουσι
2595 901 2693 972 τὴν
2717 901 3023 969 ἀπόγνωσιν
3052 897 3190 956 εἶναι
3215 902 3482 958 δυσωπεῖ·
3507 903 3879 973 φιλάνθρωπον

2324 986 2433 1058 γάρ
2467 991 2559 1043 τὸν
2580 989 2714 1043 Θεὸν
2740 993 2769 1044 ὁ
2790 992 3152 1062 ἀπάνθρωπος
3194 992 3384 1062 ἰχθρὶις
3417 998 3444 1046 ὁ
3483 995 3583 1063 τῆς
3629 995 3879 1064 πορνείας

2321 1082 2638 1151 προστάτης
2666 1080 2813 1150 λέγει
2839 1098 2853 1112 ο
2881 1087 2976 1134 καὶ
3016 1083 3214 1154 πολλὴν
3251 1083 3578 1156 συγγνώμην
3608 1085 3686 1153 τῷ
3725 1084 3878 1140 πάθει

2320 1170 2524 1243 τούτῳ¹
2561 1173 2637 1236 ὡς
2693 1173 2908 1244 φυσικῷ
2968 1174 3312 1245 παρέχοντα·
3359 1177 3779 1246 ἐπι-τηρήσωμεν
3827 1176 3878 1228 ει

2321 1264 2506 1328 δόλους
2541 1265 2828 1334 δαιμόνων,
2858 1264 2952 1321 καὶ
2976 1265 3116 1335 μετά
3143 1265 3242 1336 τὴν
3286 1267 3484 1336 πρᾶξιν
3515 1266 3881 1338 δικαιοκρίτην

2322 1356 2509 1418 αὐτὸν,
2537 1356 2632 1408 καὶ
2672 1355 3062 1436 ἀσυγχώρητον
3118 1356 3423 1426 εὑρήσομεν
3465 1357 3660 1420 αὐτοὺς
3687 1358 3876 1428 ὀνομά-

2323 1448 2510 1512 ζοντας
2533 1465 2546 1478 ο
2582 1449 2697 1502 ἐκεῖ
2725 1448 2823 1516 μὲν
2859 1439 2968 1518 γάρ
3016 1448 3106 1501 ἵνα
3147 1449 3240 1501 ἐπὶ
3270 1449 3372 1519 τὴν
3417 1449 3692 1520 ἁμαρτίαν
3747 1467 3879 1519 προ-

2321 1539 2644 1608 τρέψωνται,
2695 1537 2869 1602 οὕτως
2925 1541 3258 1610 ἐχρήσαντοο
3298 1538 3392 1592 νῦν
3440 1539 3496 1592 δὲ
3545 1538 3749 1602 λοιπὸν,
3795 1541 3878 1594 ἵνα

2321 1630 2414 1682 ἐπὶ
2438 1631 2536 1700 τὴν
2570 1629 2876 1697 ἀπόγνωσιν
2918 1631 3062 1701 ἡμᾶς
3107 1631 3569 1684 καταποντίσωσι.
3623 1630 3738 1700 Τῆς
3786 1632 3881 1700 μὲν

2323 1718 2495 1790 λύπης
2532 1721 2626 1773 καὶ
2654 1719 3016 1788 ἀπογνώσεως
3069 1720 3489 1789 συνισταμένης.
3540 1723 3765 1781 ἑαυτοὺς
3789 1724 3879 1774 ἐπὶ

2325 1811 2400 1882 τῷ
2423 1811 2721 1880 πταίσματι
2770 1811 3033 1864 ἐκδιδόναι
3076 1812 3238 1865 πάλιν
3268 1812 3330 1864 ού
3359 1812 3681 1881 πεφύκαμεν
3705 1828 3718 1840 ο
3753 1811 3882 1864 ταύ-

643 1902 696 1944 et
746 1893 1088 1960 experiemur
1131 1901 1252 1962 post
1304 1888 1654 1949 coriunissum
1710 1905 1988 1964 peccatum
2050 1895 2217 1950 Deum

2322 1918 2421 1972 της
2463 1899 2518 1953 δὲ
2559 1901 3046 1969 κατασϐεσθείσης,
3095 1902 3258 1954 πάλιν
3295 1905 3324 1956 ὁ
3365 1902 3465 1972 τῆς
3487 1903 3884 1974 φιλανθρωπίας

643 1983 800 2038 nobis
827 1985 894 2036 ab
923 1983 1024 2038 illis
1054 1999 1322 2047 severum,
1355 1986 1558 2056 justum
1591 1997 1642 2040 et
1673 1988 2062 2041 inexorabilem
2126 1989 2215 2056 ju-

642 2077 812 2130 dicent
848 2078 1054 2145 lingiet
1113 2081 1361 2147 preponi.
1427 2081 1565 2134 Ante
1621 2087 1985 2148 perpetratum
2044 2082 2219 2136 scelus

645 2169 798 2223 nobis
831 2168 1043 2223 facilem
1075 2180 1125 2222 ct
1146 2171 1462 2225 clementem
1493 2172 1781 2236 allirmant,
1815 2180 1873 2225 ut
1910 2187 2010 2228 nos
2057 2173 2122 2226 ad
2152 2173 2216 2226 il-

644 2262 1051 2331 lmlimpellaut,
1099 2263 1360 2332 impulsos
1396 2273 1455 2318 ut
1483 2265 1548 2317 ad
1612 2265 2046 2336 desperationem
2101 2266 2218 2320 adi-

642 2365 790 2424 gant,
871 2363 924 2408 et
994 2357 1308 2411 submersos
1363 2357 1708 2411 absorbeant.
1776 2355 2056 2411 Premente
2122 2374 2220 2411 nos

643 2448 791 2514 gravi
822 2447 1037 2500 tristitia
1072 2460 1122 2501 et
1143 2447 1523 2513 desiieratione
1553 2465 1656 2502 non
1691 2448 1846 2504 facile
1875 2465 2093 2504 rursum
2121 2464 2220 2504 nos

645 2536 898 2603 peccandi
921 2539 1160 2604 periculo
1217 2549 1272 2592 et
1326 2538 1498 2592 ruitur:
1547 2554 1817 2607 exponere
1871 2540 2108 2594 solemus
2152 2559 2164 2592 :

2325 1995 2472 2063 ἡμᾶς
2523 1991 2783 2062 τύραννος
2826 1992 3144 2062 διαδέχεται.
3203 1994 3446 2048 Καθόσον
3477 1995 3754 2066 ’ἄφθαρτος
3798 1996 3885 2046 καὶ

2322 2079 2608 2149 ἀσώματος
2629 2081 2657 2132 ὀ
2682 2080 2904 2150 Κύριος,
2951 2082 3094 2134 κατά
3119 2082 3372 2136 τοσοῦτον
3397 2086 3463 2154 τῇ
3485 2085 3679 2156 ἁγνείᾳ
3711 2087 3802 2138 καὶ
3820 2086 3881 2152 τῇ

2324 2172 2604 2243 ἀφθαρσίᾳ
2649 2171 2746 2225 τού
2796 2172 3048 2241 σώματος
3087 2173 3245 2244 ἡμῶν
3289 2174 3666 2244 εὐφραίνεται,
3713 2176 3884 2229 οὐδενὶ

2324 2263 2495 2324 οὓτως
2526 2263 2695 2334 ἑτέρῳ
2717 2263 2791 2326 ὼς
2818 2265 2882 2334 τῇ
2909 2263 3142 2332 δυσωδία
3163 2263 3262 2332 τῆς
3282 2263 3539 2331 πορνείας
3565 2265 3706 2328 τινές
3729 2281 3885 2332 φασιν

2326 2353 2630 2426 ἐπιχαίρειν
2661 2355 2784 2418 τοὺς
2804 2354 3062 2423 δαίμονας
3087 2372 3100 2384 ·
3123 2356 3223 2409 ούκ
3251 2349 3345 2408 οὖν
3362 2355 3485 2408 οὐδὲ
3508 2355 3668 2410 πάθει
3697 2357 3884 2427 ἑτέρῳ,

2325 2448 2400 2510 ὡς
2433 2444 2512 2515 τῷ
2540 2443 2632 2498 τοῦ
2675 2443 2926 2514 σώματος
2953 2446 3236 2517 μολ·.›σμῷ.

2214 2539 2305 2592 ubi
2333 2536 2548 2590 tristitia
2578 2550 2702 2591 cum
2731 2537 3107 2606 desperatione
3140 2539 3380 2594 abstersa
3408 2549 3513 2604 est,
3545 2554 3765 2595 rursum
3799 2556 3886 2596 no-

646 2634 728 2686 nis
772 2644 1032 2702 tyrannus
1071 2634 1411 2689 clementiam
1447 2637 1528 2701 (ut
1559 2635 1755 2690 iterum
1803 2635 1856 2689 in
1914 2637 2127 2710 ruinam
2177 2635 2492 2705 praecipitet)
2539 2633 2594 2691 in
2653 2633 2970 2688 memoriam
3020 2644 3257 2688 revocat.
3291 2631 3410 2702 Quo
3453 2636 3640 2705 purior
3669 2644 3754 2691 est
3783 2634 3885 2690 Do.

647 2729 849 2788 minus,
882 2736 934 2781 et
961 2726 1030 2779 ab
1056 2727 1217 2779 onmi'
1263 2726 1509 2796 corporis
1567 2727 1890 2797 contagione
1948 2727 2225 2791 remotior,
2268 2726 2369 2780 hoc
2411 2724 2583 2797 magis
2635 2725 2884 2780 castitate
2911 2734 2962 2778 et
2992 2725 3236 2795 corporis
3266 2727 3431 2780 nostri
3484 2725 3751 2782 munditia
3797 2742 3884 2784 ca-

647 2821 792 2888 pitur
819 2827 871 2872 et
901 2826 1176 2872 recreatur
1206 2835 1219 2870 :
1253 2818 1326 2871 uti
1360 2827 1548 2872 coatra
1580 2819 1776 2886 impuri
1808 2817 1922 2870 orci
1971 2828 2212 2870 monstra
2246 2817 2394 2869 nulla
2452 2829 2511 2870 re
2537 2814 2730 2883 magis,
2761 2824 2820 2869 ut
2847 2815 3064 2885 quidam
3112 2819 3286 2879 aiunt,
3336 2831 3499 2886 quam
3547 2816 3718 2873 fetore
3768 2818 3886 2876 libi-

643 2915 805 2971 dinis.
841 2927 940 2966 nec
975 2912 1083 2964 ullo
1137 2912 1308 2981 magis
1355 2928 1518 2982 quam
1547 2913 1793 2982 corporis
1851 2913 2226 2982 inquinationc
2255 2913 2610 2968 delectantur.

717 3007 953 3061 Castitas
980 3022 1078 3059 nos
1112 3004 1218 3060 Deo
1250 3005 1567 3072 lautiliarcs,
1599 3017 1655 3060 et
1680 3017 1945 3076 quantum
1981 3007 2218 3061 humana

649 3110 840 3154 natura
875 3100 1098 3166 patitur,
1156 3097 1361 3165 similes
1403 3097 1583 3152 cllicit.
1642 3096 1983 3154 Procreatrix
2035 3098 2223 3152 dulce-

646 3191 790 3244 dinis
815 3200 899 3243 est
931 3199 1073 3242 terra
1133 3189 1353 3257 irrigala
1417 3204 1537 3242 rore
1572 3209 1583 3242 :
1619 3189 1887 3243 castitatis
1919 3204 2114 3258 parens
2140 3197 2226 3244 est

649 3277 899 3346 religiosa
930 3277 1086 3344 quies
1116 3292 1239 3329 cum
1269 3277 1578 3330 obedientia
1619 3278 1930 3346 conjuncta.
1963 3279 2224 3348 Corporis

650 3377 831 3420 motus
861 3382 924 3419 ex
959 3366 1272 3420 solitudinis
1303 3367 1483 3435 quiete
1522 3367 1813 3437 cotnposili
1861 3376 1914 3422 et
1954 3367 2148 3432 sedati,
2179 3367 2226 3421 si

648 3474 788 3528 δαέρα
820 3459 873 3511 in
909 3457 1182 3527 publicum
1226 3468 1280 3512 et
1329 3458 1590 3512 mundum
1625 3460 1937 3528 prodealur,
1989 3475 2096 3513 non
2142 3447 2228 3514 ilu-

651 3551 908 3604 i;oncussi
939 3560 1282 3619 permanent.
1327 3548 1535 3604 Sensus
1567 3567 1697 3605 vero
1730 3553 1977 3622 corporis
2013 3551 2228 3622 [carnis

652 3641 866 3714 motus]
899 3659 995 3712 per
1024 3642 1315 3696 obedienti:
1431 3645 1726 3698 :xstinctus
1756 3659 2035 3714 nunquam
2080 3646 2224 3698 revi-

650 3735 827 3795 \iscit,
857 3734 949 3787 sed
984 3733 1242 3786 immotus
1271 3733 1473 3803 ubique
1511 3746 1592 3790 est
1624 3744 1679 3790 ct
1708 3737 1986 3805 probatus.
2023 3738 2226 3792 (mser-

654 3827 772 3880 vavi
799 3842 972 3880 eunte
1006 3827 1258 3896 superbia
1295 3827 1575 3889 humilitas
1609 3829 1836 3891 exstitit,
1873 3829 2038 3901 224
2064 3841 2116 3884 et
2138 3844 2225 3884 re-

650 3917 724 3972 dii
758 3917 811 3970 in
846 3917 1163 3970 memoriam
1198 3917 1318 3986 ejus
1342 3919 1436 3986 qui
1460 3918 1598 3971 dixit
1632 3935 1645 3970 :
1684 3917 1818 3984 Quis
1845 3921 1985 3972 norit
2015 3934 2225 3972 sensum

650 4006 925 4080 [mentem]
961 4007 1170 4060 Domini
1192 4007 1280 4059 '°?
1309 4006 1480 4073 [fovea
1509 4019 1562 4062 et
1599 4018 1797 4069 tumor,
1827 4007 2002 4062 fastus
2032 4023 2096 4061 ac
2131 4025 2225 4061 su-

648 4101 832 4170 perbia
863 4101 1146 4171 impellunt
1179 4101 1247 4155 ad
1281 4101 1489 4168 lapsum
1527 4102 1730 4169 peccati
1769 4118 1782 4152 :
1817 4101 2000 4168 lapsus
2041 4113 2222 4154 autem

626 4192 702 4246 ‘in
757 4193 1086 4246 voluntariis
1135 4192 1234 4263 [iis
1272 4193 1363 4260 qui
1401 4201 1592 4261 sponte
1649 4189 1904 4269 peccant]
1963 4207 2104 4260 sa'pc
2141 4201 2224 4246 est

605 4350 608 4353 _
647 4300 813 4339 causa
852 4285 1196 4338 humilitatis.
1243 4282 1347 4350 Qui
1386 4293 1537 4338 satur
1569 4295 1756 4338 ventre
1801 4283 1937 4337 bene
1981 4284 2224 4352 saginato

647 4375 760 4429 vult
795 4374 1046 4443 spiritum
1079 4374 1308 4429 luxuria:
1342 4376 1576 4434 vincere.
1620 4390 1845 4444 prorsus
1894 4373 2042 4437 facit,
2077 4377 2221 4443 quod

646 4467 693 4521 is
741 4467 836 4536 qui
883 4458 1194 4521 incendium
1249 4476 1480 4519 conatur
1530 4466 1652 4520 oleo
1704 4467 2071 4534 exstinguere.
2117 4464 2220 4530 Qui

646 4557 760 4612 sola
799 4555 1128 4610 abstinentia
1164 4557 1362 4611 bellum
1395 4557 1498 4610 hoc
1543 4572 1872 4626 componere
1912 4558 2012 4611 sibi
2061 4572 2220 4626 posse

2407 3006 2625 3074 Ἀγνεία
2653 3005 2790 3058 Θεοῦ
2825 3005 3096 3069 οἰκείωσις
3131 3007 3226 3060 καὶ
3256 3007 3514 3073 ὁμοίωσις
3541 3009 3686 3064 κατά
3709 3010 3771 3065 τὸ
3799 3011 3882 3066 δυο

2329 3097 2486 3152 νατὸν
2528 3095 2852 3166 ἀνθρώποις.
2918 3095 3044 3166 Μήτ
3069 3112 3116 3140 η
3169 3096 3263 3164 μὲν
3299 3096 3654 3166 γλυκύτητος,
3689 3100 3763 3170 γῆ
3797 3102 3885 3153 καὶ

2327 3187 2516 3257 δρόσος
2534 3202 2547 3216 ·
2582 3187 2766 3256 μήτηρ
2793 3183 2851 3237 δὲ
2879 3184 3099 3251 ἀγνει.·,ς
3135 3185 3335 3256 ἡσυχία
3379 3187 3474 3239 σὺν
3495 3187 3710 3261 ὑπακοῇ
3738 3188 3846 3261 (go)
3863 3207 3882 3224 .

2328 3277 2363 3346 η
2399 3275 2497 3345 μὲν
2527 3272 2586 3338 ἐξ
2614 3269 2841 3344 ἡσυχίας
2886 3274 3292 3344 κατορθουμὲνη
3339 3274 3432 3330 τοῦ
3466 3276 3719 3348 σώματος
3744 3280 3881 3334 ἀπά-

2330 3366 2472 3429 θεια,
2513 3365 2702 3436 κόσμῳ
2737 3363 2994 3428 πολλάκις
3025 3363 3403 3434 πλησιάζουσα
3455 3367 3556 3421 οὒκ
3595 3370 3885 3436 ἀσάλευτος

2326 3459 2592 3529 διέμεινεν
2613 3471 2628 3488 ο
2662 3460 2695 3529 η
2727 3458 2783 3511 δὲ
2817 3457 2875 3524 ἐξ
2925 3457 3170 3526 ὑπακοῆς
3217 3449 3639 3534 προσγινομένη,
3685 3479 3884 3519 παντα-

2326 3550 2423 3621 χοῦ
2452 3550 2672 3621 δόκιμος
2693 3550 2788 3604 xci
2809 3550 3141 3622 ἀκράδαντος
3168 3565 3183 3579 ο
3213 3546 3352 3604 εἶδον
3371 3553 3746 3625 ὑπερηφανίαν
3775 3556 3882 3625 (2|)

2326 3642 2832 3714 ταπεινοφροσύνης
2859 3639 3139 3712 πρόξενον,
3184 3643 3282 3696 καὶ
3316 3644 3410 3698 τού
3444 3646 3693 3716 λέγοντος
3721 3649 3882 3720 ἑμνη·

2329 3735 2596 3805 μόνευσαο
2638 3734 2735 3800 Τίς
2765 3733 2920 3803 ἔγνω
2958 3733 3110 3788 νοῦν
3136 3735 3390 3802 κυρίους
3431 3738 3633 3804 λάκκος
3672 3739 3765 3794 καὶ
3791 3742 3883 3794 xti-

2326 3841 2444 3894 ημα
2472 3825 2662 3895 τύφου,
2687 3824 2888 3894 πτῶμα
2908 3840 2922 3852 ο
2952 3821 3155 3894 πτῶμα
3177 3822 3235 3877 δι
3260 3823 3518 3890 πολλάκις
3541 3828 3599 3881 ἐν
3630 3830 3744 3892 τοῖς
3764 3827 3883 3899 βουο

2325 3914 2574 3985 λομὲνοις
2640 3913 3142 3987 ταπεινοφροσύνης
3198 3913 3473 3981 ὑπόθεσις.
3520 3919 3580 3972 '0
3621 3921 3759 3990 μετά
3787 3935 3882 3988 γα·

2326 4006 2696 4077 στριμαργίας
2735 4008 2830 4060 καὶ
2869 4009 3030 4078 κόρου
3083 4008 3174 4061 τον
3233 4010 3332 4079 τῆς
3364 4012 3625 4080 πορνείας
3665 4011 3879 4081 νικῆσαι

2327 4096 2644 4166 βουλόμενος
2690 4098 2939 4169 δαίμονα,
2987 4101 3171 4171 ὅμοιός
3224 4104 3340 4158 ἐστι
3382 4104 3462 4175 τῷ
3529 4103 3671 4174 μετά
3709 4104 3882 4158 ελαίου

2327 4189 2634 4244 σϐεννύοντι
2705 4192 3054 4264 ἐμπρησμὸν.
3108 4197 3168 4250 '0
3220 4197 3356 4267 μετά
3421 4197 3744 4268 ἐγκρατείας
3795 4195 3884 4249 καὶ

2330 4284 2499 4355 μόνης
2535 4282 2773 4354 πόλεμον
2815 4285 3118 4356 δοκιμάσας
3155 4289 3268 4358 (22)
3309 4289 3680 4357 καταπαῦσαι,
3709 4289 3883 4362 ὅμοιός

2323 4371 2441 4422 ἐστι
2478 4369 2556 4440 τῷ
2589 4373 2687 4442 μιᾷ
2711 4372 2855 4442 χειρὶ
2899 4376 3201 4445 νηχομένῳ,
3233 4377 3325 4429 καὶ
3358 4377 3624 4445 πελάγους
3666 4373 3881 4448 λυτροῦο

2327 4460 2451 4513 σθαι
2481 4460 2892 4528 φιλονεικοῦντι.
2930 4463 3195 4529 Σύξευξον
3251 4467 3546 4538 ἐγκρατείᾳ
3565 4469 3881 4522 ταπείνωσιν

2327 4550 2437 4618 (‘23)
2461 4568 2474 4582 ·
2511 4551 2665 4614 ἐκτὸς
2694 4551 2802 4622 γάρ
2824 4554 2922 4624 τῆς
2949 4554 3208 4626 δευτέρας
3245 4561 3276 4628 ἡ
3322 4561 3565 4630 προτέρα
3605 4558 3877 4629 ἀνωφελὴς

645 4649 883 4710 νίιιοιυτ,
923 4649 1169 4702 imitatur
1209 4648 1360 4702 illum
1395 4649 1488 4718 qui
1522 4665 1623 4702 una
1661 4664 1824 4703 manu
1851 4667 1882 4703 e
1912 4650 2081 4720 pelagi
2113 4648 2217 4704 llu-

2323 4642 2654 4714 εὑρίσκεται.
2677 4644 2867 4708 Ὅστις
2913 4647 3100 4700 ἑαυτὸν
3146 4648 3250 4703 ὑπό
3292 4667 3433 4714 τινος
3463 4649 3667 4715 πάθους
3705 4651 3881 4704 πλεον-
3934 4691 3935 4694 η

645 4741 824 4794 ctibus
881 4739 1119 4793 natando
1174 4749 1404 4794 conatur
1460 4737 1707 4792 eluetari.
1763 4739 2044 4809 Conjunge
2093 4754 2218 4795 cum

646 4833 973 4887 abstinentia
1027 4832 1427 4896 humilitatem;
1478 4832 1596 4886 sine
1629 4830 1798 4885 altera
1847 4831 1993 4886 enim
2045 4833 2220 4901 prima

646 4926 786 4980 nihil
833 4925 1047 4996 prolicit
1100 4935 1194 4978 aut
1243 4935 1438 4992 potest.
1497 4926 1600 4992 Qui
1655 4939 1715 4978 se
1751 4925 1884 4978 vitio
1925 4925 2088 4979 alicui
2122 4925 2218 4980 ob-

647 5021 871 5073 noxium
930 5017 1345 5080 animadvertit,
1389 5025 1515 5070 ante
1561 5017 1743 5070 omnia
1793 5017 2054 5072 adversus
2089 5017 2218 5072 illud

649 5125 816 5165 unum
853 5125 911 5164 se
938 5110 1208 5172 obarmet,
1247 5107 1546 5178 praesertim
1598 5109 1644 5161 si
1678 5108 1854 5163 hostis
1885 5107 2220 5165 domesdcus

646 5206 699 5252 et
733 5199 983 5251 internus
1013 5198 1102 5262 sit,
1139 5214 1302 5267 quem
1333 5197 1436 5250 nisi
1471 5199 1965 5266 prostraverimus,
2017 5198 2220 5253 frustra

649 5292 701 5343 in
730 5289 854 5344 aliis
876 5291 1210 5346 debellandis
1242 5289 1630 5346 laborabimus.
1657 5289 1810 5346 Caeso
1836 5300 2018 5345 autem
2053 5291 2221 5364 Egy-

650 5383 765 5450 ptio
789 5382 1015 5436 omnino
1051 5379 1218 5436 Deum
1255 5384 1305 5437 in
1342 5383 1476 5438 rubo
1509 5382 1831 5439 humilitatis
1866 5382 2217 5439 intuebimur.

650 5475 804 5528 Sensi
848 5490 950 5544 ego
1007 5477 1138 5528 olim
1194 5485 1432 5531 tentatus
1479 5477 1665 5546 lupqu
1721 5476 1904 5539 lnmc,
1962 5477 2216 5545 gaudium

651 5581 842 5636 preter
897 5574 1203 5633 rationem,
1252 5583 1305 5624 et
1343 5573 1642 5642 Iacrymas,
1689 5583 1743 5624 et
1787 5571 2215 5625 consolationem

653 5678 746 5730 per
784 5663 1008 5719 insidias
1042 5665 1173 5718 mihi
1214 5664 1567 5732 ingerentem,
1606 5674 1658 5718 et
1693 5665 1918 5734 simplex
1967 5678 2066 5734 ego
2106 5662 2218 5716 fru-

728 5844 767 5871 ⁸⁷
800 5840 964 5898 lCor.
1005 5858 1062 5907 ιι,
1097 5843 1184 5896 ili.

2326 4732 2649 4803 εκτούμενον
2707 4732 2978 4799 θεάσεται,
3042 4738 3165 4790 κατ’
3229 4738 3396 4794 αὐτοῦ
3437 4741 3531 4794 καὶ
3575 4740 3736 4811 μόνον
3779 4740 3878 4812 πρὸ

2327 4824 2545 4878 πάντων
2572 4824 2846 4878 ὁπλισάτω
2901 4828 3112 4894 ἑαυτὸν,
3149 4831 3240 4884 καὶ
3265 4830 3496 4900 μάλιστα
3521 4833 3612 4886 τοῦ
3627 4833 3877 4904 ἐμφυλίου

2329 4915 2543 4987 ἐχθροῦ.
2569 4914 2772 4970 Τούτου
2806 4917 2919 4990 γὰρ
2939 4919 3013 4989 μὴ
3050 4921 3487 4990 καθαιρεθέντος,
3516 4923 3672 4976 οὐδὲν
3703 4927 3767 4979 εκ
3785 4912 3876 4992 τῆς

2328 5007 2438 5062 τῶν
2473 5009 2674 5064 λοιπῶν
2728 5011 2888 5083 νίκης
2933 5012 3308 5084 ὠφελούμεθα.
3357 5015 3462 5069 Τὸν
3503 5015 3561 5068 δὲ
3594 5016 3877 5086 Αίγύπτιον

2327 5101 2538 5166 τοῦτον,
2580 5104 2672 5156 καὶ
2707 5105 2868 5174 ἡμεῖς
2914 5104 3251 5168 πατάξαντες
3283 5107 3500 5170 πάντως
3534 5109 3592 5160 ἐν
3640 5112 3709 5180 τῇ
3741 5106 3874 5179 βάτῳ

2325 5195 2424 5264 τῆς
2447 5193 2824 5257 ταπεινώσεως
2861 5195 2952 5248 τὸν
2994 5194 3125 5249 Θεὸν
3167 5197 3432 5267 ὀψόμεθα.
3471 5197 3747 5270 ᾘσθόμην
3773 5194 3874 5266 ἐγὼ

2328 5285 2717 5356 πειραζόμενος
2760 5289 2850 5339 τὸν
2883 5286 3044 5340 λύκον
3091 5290 3300 5355 τοῦτον,
3335 5293 3509 5361 χαράν
3547 5293 3760 5360 ἄλογον,
3790 5294 3876 5344 καὶ

2324 5378 2555 5448 δάκρυα,
2603 5381 2695 5433 καὶ
2746 5379 3088 5450 παράκληξιν
3139 5383 3205 5450 τῇ
3250 5380 3394 5454 ψυχῇ
3438 5382 3734 5452 άπατηλῶς
3766 5399 3876 5438 ποι·

2323 5470 2503 5531 οὓντα,
2537 5473 2630 5524 καὶ
2669 5471 2885 5524 ἐδόκουν
2929 5469 3204 5543 νηπιώδης
3244 5473 3456 5542 καρπὸν
3479 5472 3572 5526 καὶ
3597 5474 3660 5526 οὐ
3685 5471 3874 5543 φθοράν

2326 5561 2592 5632 κατέχειν.
2632 5562 2694 5616 Εἰ
2719 5565 2867 5616 πᾶσα
2899 5563 3144 5634 ἁμαρτία
3175 5565 3243 5635 ἢν
3273 5565 3338 5618 ἂν
3365 5566 3564 5635 ποιήσῃ
3605 5565 3874 5638 ἄνθρωπος

2323 5655 2481 5718 ἐκτὸς
2511 5655 2605 5709 τού
2635 5656 2880 5726 σώματός
2908 5658 3077 5720 ἐστιν,
3113 5659 3140 5711 ὁ
3171 5659 3226 5712 δε
3257 5657 3533 5727 πορνεύων
3570 5660 3652 5726 είς
3671 5653 3731 5715 τὸ
3756 5644 3874 5714 ἴδιόν
