4030 6342
1110 527 1268 600 242
1308 527 1554 582 Scholion
1593 528 1680 581 ll.

690 621 1098 675 Procuratorem
1159 617 1246 676 bic'
1273 636 1368 674 seu
1417 618 1688 688 pararium
1737 619 1966 688 appellat
2001 618 2170 673 homi-

620 727 740 767 nem
779 711 1110 782 pestilentem
1173 722 1228 766 et
1267 711 1538 774 lenonem,
1596 725 1828 780 quorum
1872 708 2008 764 alter
2042 709 2177 764 alios

621 802 818 865 verbis,
837 803 972 856 alter
992 801 1146 855 factis
1163 801 1217 855 in
1231 801 1377 856 exitii
1399 801 1710 854 barathrum
1735 799 1976 869 impellit.
1993 797 2178 854 Potest

621 900 677 945 et
701 892 809 944 alio
843 889 1116 946 intellectu
1148 891 1400 962 pararius
1431 905 1527 965 seu
1557 890 1871 945 conciliator
1912 898 1966 943 et
1990 898 2178 944 auctor

622 983 725 1038 dici
755 985 943 1049 ruinae,
971 983 1062 1053 qui
1097 998 1290 1052 nempe
1324 983 1439 1038 sine
1489 982 1599 1036 ullo
1647 981 1852 1048 judicio
1903 990 1958 1036 et
1983 976 2178 1050 proba-

621 1072 766 1126 tione
823 1072 1119 1128 ministeria
1165 1072 1286 1126 aliis
1329 1072 1574 1141 imponit.
1668 1069 1968 1125 Videndum
2031 1070 2175 1124 enim

621 1163 766 1231 quali
793 1162 914 1233 quis
939 1164 991 1217 in
1023 1161 1202 1218 officio
1225 1171 1475 1232 ponatur,
1499 1171 1550 1217 et
1583 1178 1649 1216 an
1679 1163 1940 1230 probatus
1971 1170 2026 1216 et
2048 1175 2177 1231 pro-

620 1251 724 1306 bus
745 1253 832 1313 sit,
859 1268 926 1305 ne
954 1267 1016 1306 ex
1066 1251 1363 1308 ministerio
1392 1252 1448 1306 in
1498 1267 1682 1307 casum
1718 1251 2097 1322 praecipitetur,
2125 1260 2178 1304 et

619 1342 840 1397 omnino
871 1342 1098 1396 excidat.

1273 1434 1416 1487 \saia:
1452 1433 1538 1487 12.

687 1521 945 1590 Quaestio.
970 1524 1108 1591 Quid
1137 1532 1221 1579 est
1255 1524 1504 1578 luxuria?
1533 1523 1698 1594 Resp.
1737 1523 2176 1593 lntemperantia.

616 1615 818 1681 Quaest.
847 1616 988 1682 Quid
1032 1622 1117 1671 est
1146 1616 1595 1685 intemperantia?
1626 1615 1788 1686 Resp.
1840 1616 2035 1672 Cultus
2057 1631 2182 1671 cor-

619 1708 788 1776 poris,
819 1707 1119 1772 distractio,
1148 1708 1382 1778 pigritia,
1428 1709 1642 1764 ridiculi
1678 1721 1983 1774 sermones,
2004 1708 2182 1777 impuo

619 1799 805 1854 denter
827 1799 1150 1867 auscultare;
1183 1801 1468 1856 intidelitas
1518 1817 1614 1857 seu
1660 1815 1768 1857 non
1798 1803 2018 1857 credere
2044 1799 2181 1854 divi-

1846 420 1905 479 S.
1945 417 2262 480 JOANNIS
2312 416 2616 478 CLIMACI
2660 416 2663 417 ⁷

2208 532 2255 586 Α

3735 418 3844 477 9οδ

2856 527 2904 578 Σ
2904 525 3112 593 χόλιον
3161 524 3246 578 ια’.

2343 613 2604 686 Πρόξενον
2620 612 2852 668 ἐνταῦθα
2865 615 2957 668 τὸν
2987 612 3143 684 λιμὸν
3159 613 3250 686 [an
3287 613 3492 688 λοιμὸν]
3509 615 3710 670 καὶτὸν
3728 635 3843 685 μα-

2276 705 2521 775 στρωπὺν
2539 704 2792 774 ὀνομάζει
2811 719 2826 735 ο
2850 705 2878 756 ό
2897 704 2994 774 μὲν
3009 703 3118 774 γὰρ
3141 702 3382 771 λόγοις,ό
3405 703 3463 756 δὲ
3488 703 3669 775 ἔργοις
3695 706 3843 775 πρὸς

2279 789 2372 843 τὸν
2405 790 2594 862 βόθρον
2620 789 3092 844 ένωθοῦσιν.Ἔστι
3122 790 3180 844 δὲ
3207 793 3302 846 καὶ
3330 792 3471 847 κατὰ
3497 792 3623 848 ἄλλο
3643 794 3843 866 πρόξε-

2275 896 2365 933 νον
2413 881 2583 933 εἰπεῖν
2603 920 2618 944 ,
2679 880 2846 950 ἧγουν
2897 878 2992 933 τδν
3044 879 3371 951 ἁδιακρίτως
3416 879 3514 943 τὰς
3563 881 3842 944 διακονίας

2275 971 2711 1042 προστάσσοντα,
2763 970 2857 1025 καὶ
2896 969 3309 1041 ἁδοκιμάστωςο
3362 969 3671 1041 δοκιμάζειν
3723 973 3841 1044 γὰρ

2275 1061 2382 1133 χρὴ
2416 1064 2474 1116 ὲν
2510 1063 2638 1132 ποίᾳ
2667 1060 2909 1132 διακονία
2939 1061 3235 1116 πεποίωταί
3277 1079 3366 1126 τις
3395 1065 3490 1117 καὶ
3525 1064 3744 1136 δόκιμος
3773 1061 3838 1135 ἦ,

2275 1155 2362 1206 ἶνα
2395 1153 2468 1222 μὴ
2497 1153 2702 1216 πτῶσις
2745 1151 2824 1223 τῷ
2867 1152 3198 1208 διακονοῦντι
3231 1155 3296 1208 ὲκ
3327 1153 3423 1209 τοῦ
3446 1155 3840 1228 διακονήματος

2275 1242 2519 1314 γένηται,
2557 1243 2652 1296 καὶ
2684 1243 2976 1307 ἔκπτωσις.

2713 1416 2971 1483 Σχόλιον
3024 1416 3271 1473 Ἡσαΐου
3313 1418 3412 1484 ιβ.

2360 1502 2674 1575 Ἐρώτησις.
2705 1507 2771 1560 Τί
2798 1509 2918 1561 ἐστι
2957 1508 3218 1581 πορνεία;
3257 1509 3588 1582 ’Δπόκρισις.
3638 1513 3846 1586 Ἄκρα-

2280 1595 2388 1649 σία.
2432 1595 2622 1667 Ἐρώτ.
2648 1598 2758 1652 Καὶ
2779 1597 2832 1652 τί
2864 1600 3013 1652 ἐστιν
3037 1599 3311 1674 ἁκρασία;
3344 1601 3530 1656 ’Δπόκ.
3555 1603 3846 1675 Κόσμησις

2277 1683 2372 1736 τοῦ
2419 1683 2691 1754 σώματος,
2741 1688 3157 1757 περισπασμὸς,
3206 1689 3458 1759 ὀκνηρία,
3490 1687 3846 1757 γελωτοποιοὶ

2278 1775 2446 1844 λόγοι,
2493 1776 2554 1829 τὸ
2594 1778 2880 1847 προσέχειν
2918 1777 3168 1843 ἀναιδῶς,
3197 1779 3423 1833 ἀπιστία
3449 1778 3558 1834 τῶν
3597 1782 3846 1850 ἐπαγγει-

620 1889 706 1945 nis
768 1891 1083 1959 promissis;
1133 1892 1381 1960 ampliter
1425 1891 1695 1957 incedere,
1753 1892 1878 1962 quia
1929 1905 2177 1960 pompam

2277 1866 2405 1919 λιῶν
2431 1865 2527 1920 τοῦ
2557 1867 2713 1932 Θεοῦ,
2748 1869 2808 1920 τὸ
2857 1867 3345 1937 φιλοπλατύνεσθαι
3364 1882 3380 1898 ⁸
3408 1869 3541 1937 διότι
3570 1870 3747 1936 θέλεις
3772 1873 3846 1928 τὸ

618 1995 794 2047 amas,
827 1992 880 2037 et
903 1982 1330 2038 misericordiam
1373 1985 1534 2040 odisti
1557 2003 1571 2051 ;
1599 1985 1728 2054 quia
1756 1984 1934 2040 ambis
1961 1983 2177 2037 inanem

618 2073 865 2142 gloriam,
899 2088 998 2129 nec
1044 2074 1208 2128 ullum
1237 2076 1474 2130 aestimas
1527 2092 1636 2145 pra:
1665 2085 1738 2140 te,
1785 2075 2177 2131 conscientiam

617 2164 864 2236 negligis,
902 2179 1005 2221 nec
1049 2165 1117 2220 ad
1149 2164 1412 2236 judicium
1443 2165 1536 2222 Dei
1558 2169 1798 2222 animum
1836 2166 2094 2222 advenis.

1099 2343 1351 2400 Scholion
1389 2341 1562 2398 Marci
1600 2344 1683 2398 l5.
1738 2319 1746 2329 .

687 2439 776 2494 Est
808 2439 1014 2494 malitia
1050 2454 1144 2494 seu
1177 2439 1373 2493 vitium
1420 2452 1528 2507 quo
1580 2451 1676 2491 cor
1717 2451 1943 2506 prorsus
1973 2447 2183 2493 tenetur

616 2540 838 2600 propter
869 2532 1188 2586 diuturnum
1217 2530 1416 2586 mentis
1460 2530 1726 2597 habitum,
1755 2546 1850 2586 seu
1899 2546 2176 2600 pratoccn-

615 2625 887 2692 pationem
924 2633 1019 2678 :et
1045 2633 1128 2678 est
1160 2622 1362 2677 malitia
1403 2636 1499 2695 seu
1533 2622 1722 2677 vitium
1775 2623 1919 2692 quod
1945 2632 2178 2680 mentem

613 2731 711 2783 per
747 2715 1092 2785 quotidianas
1139 2715 1384 2770 actiones
1415 2722 1470 2769 et
1498 2715 1711 2786 negotia
1740 2715 2039 2786 impugnat.

1309 2803 1492 2858 Aliud.
1890 2825 1892 2832 ν

686 2896 764 2950 Ad
795 2895 937 2974 quod
990 2907 1431 2964 unumquemque
1485 2904 1542 2949 et
1591 2906 1754 2966 captu
1797 2897 2097 2956 faciliorem
2129 2911 2180 2956 et

613 2979 1024 3056 propensiOrem
1063 2985 1236 3039 hostis
1277 2985 1689 3052 animadvertit,
1743 2988 1810 3042 ad
1861 2989 1917 3045 id
1957 2991 2183 3062 laqueos

611 3077 919 3154 componit,
965 3076 1132 3132 veluti
1171 3075 1238 3130 ad
1270 3077 1740 3143 consuetudinem,
1803 3088 1906 3137 aut,
1944 3091 2178 3144 aetatem.

2280 1958 2540 2028 καύχημα
2577 1958 2672 2013 τοῦ
2711 1958 2939 2030 κόσμου,
2971 1960 3066 2014 καὶ
3094 1961 3314 2034 ἀγαπᾷν
3352 1961 3450 2035 τὴν
3472 1962 3847 2036 ἀντλεημοσύ-

2278 2065 2377 2119 νην
2401 2065 2415 2080 ο
2447 2049 2582 2102 διότι
2618 2049 2838 2120 ἀγαπᾷν
2869 2051 2969 2120 τὴν
2995 2050 3319 2120 κενοδοξίαν,
3350 2051 3412 2105 τὸ
3449 2052 3526 2124 μὴ
3568 2054 3848 2127 μετρῆσαι

2277 2156 2421 2204 τινα,
2442 2139 2542 2207 τὴν
2570 2139 2967 2208 ἀσυνειδησίαν,
2994 2141 3171 2196 καὶτὸ
3201 2142 3277 2216 μὴ
3309 2145 3593 2216 προσέχειν
3619 2143 3693 2217 τῷ
3712 2146 3849 2217 κρι-

2282 2248 2414 2301 ματι
2450 2228 2547 2283 τοῦ
2580 2230 2735 2284 Θεοῦ.

2736 2348 2994 2416 Σχόλιον
3031 2347 3272 2416 Μάρκου
3303 2357 3390 2419 ιγ’.

2352 2438 2508 2491 Ἐστι
2531 2437 2699 2492 κακία
2720 2438 3032 2510 καρδιακῶς
3059 2440 3362 2510 κατέχουσα
3386 2441 3473 2496 διὰ
3493 2443 3591 2514 τὴν
3616 2446 3847 2515 χρονίαν

2280 2530 2584 2600 πρόληψινο
2634 2530 2730 2584 καὶ
2760 2529 2877 2583 ἐστι
2925 2531 3093 2585 κακία
3139 2531 3369 2602 λογικῶς
3411 2535 3716 2606 πολεμοῦσα
3748 2537 3846 2592 διὰ

2279 2621 2388 2676 τῶν
2418 2621 2540 2675 καθ’
2569 2622 2792 2694 ⁴ἡμερῶν
2819 2623 3179 2694 πραγμάτων.

2352 2885 2495 2956 Πρὸς
2524 2884 2554 2938 δ
2575 2885 2806 2942 ἕκαστον
2830 2801 3284 2964 ἑπιρρἒλέλσῗερον
3319 2895 3413 2948 και
3442 2894 3850 2970 εὐαλιινιότερον

2264 2973 2369 3048 ,ίδῃ
2410 2977 2440 3028 ό
2477 2976 2689 3048 ἐχθρὸς,
2722 2979 2859 3051 πρὸς
2901 2979 3062 3035 τοῦτο
3088 2983 3185 3037 καὶ
3209 2982 3309 3048 τὰς
3347 2985 3578 3054 παγίδας
3602 2986 3849 3058 ῑστησιν,

2281 3062 2392 3122 οἷον
2426 3069 2561 3139 πρὸς
2587 3069 2686 3141 τὴν
2732 3070 3041 3144 συνήθειαν,
3068 3074 3104 3146 ἢ
3134 3073 3234 3130 τὴν
3266 3076 3504 3155 ῇλικίαν,
3535 3080 3572 3153 ἢ
3597 3080 3687 3136 τὸν
3707 3082 3853 3153 τρό-

613 3177 710 3221 aut
750 3181 950 3230 mores,
985 3165 1283 3219 aut'locum
1305 3201 1320 3226 ,
1352 3161 1470 3217 Non
1517 3164 1661 3218 enim
1699 3165 2060 3234 importunas,
2085 3169 2176 3223 sed

2284 3176 2403 3224 πον,
2430 3161 2463 3232 ἢ
2491 3163 2582 3216 τὸν
2609 3162 2792 3220 τόπον.
2822 3166 2900 3220 Οὐ
2917 3165 3028 3238 γὰρ
3055 3167 3249 3222 ἀνοιιπ
3275 3187 3377 3236 υς,
3403 3171 3520 3228 ἀλλ’
3549 3173 3853 3246 ἁρμοδίως

612 3263 945 3322 opportunas
971 3259 1022 3306 et
1065 3250 1132 3306 ad
1185 3249 1587 3319 exsequendum
1639 3249 1828 3308 faciles
1871 3253 2176 3311 admittenti

2280 3252 2358 3324 τῷ
2395 3254 2667 3328 δεχομένῳ
2698 3258 2792 3312 καὶ
2835 3259 3191 3331 εὐπορίστους
3215 3263 3343 3328 τοὺς
3371 3262 3664 3335 λογισμοὺς
3697 3264 3850 3319 6m-

610 3342 834 3411 subjicit
857 3341 1231 3410 cogitationes,
1277 3350 1336 3394 ut
1354 3338 1602 3395 familiari
1633 3350 1687 3397 et
1714 3353 1955 3413 prompta
1988 3347 2065 3402 rei
2098 3347 2199 3401 fa-'

612 3433 814 3486 cultate
841 3431 1138 3501 pramipitet
1159 3431 1216 3485 in
1241 3431 1349 3485 hoc
1394 3431 1560 3502 (quod
1595 3432 1730 3504 vult)
1753 3433 1908 3490 illum
1940 3432 2035 3506 qui
2079 3452 2180 3510 op-

615 3529 905 3590 pugnatur.

1190 3604 1455 3676 "Scltolion
1495 3610 1585 3668 ιι.
1687 3607 1694 3614 ’

694 3707 876 3763 Efﬁcit
912 3686 1202 3775 impudens
1243 3702 1497 3772 Spiritus,
1550 3712 1612 3757 ut
1639 3704 1730 3773 qui
1771 3704 2050 3762 alfectibus
2082 3708 2180 3762 im-

613 3801 766 3871 puris
791 3787 1012 3854 o‘buoiii
1046 3805 1193 3862 sunt,
1215 3805 1269 3850 et
1289 3809 1476 3873 sensu,
1505 3802 1559 3849 et
1581 3803 1762 3850 mente
1790 3811 1886 3865 per
1923 3813 2164 3853 amorem

614 3907 904 3962 corporum
935 3889 1176 3944 sentiant
1223 3887 1437 3941 labores
1466 3884 1667 3949 cordis,
1704 3875 1867 3956 atque
1899 3890 1942 3942 si
1968 3904 1998 3941 a
2022 3890 2178 3942 llam-

615 4001 702 4039 ma
731 3983 967 4038 ardentis
1016 3980 1253 4035 fornacis
1309 3977 1739 4049 ignem'amoris
1767 3977 2175 4049 conflagrarent.

1221 4157 1467 4213 Scholion
1498 4158 1584 4212 l5.

604 4287 606 4289 ›
686 4247 1104 4318 Restﬁnguntur
1127 4248 1544 4321 [reprimuntur]
1568 4251 1711 4305 enim
1741 4253 1970 4322 improbi
2011 4259 2169 4325 spiri-

616 4351 706 4396 tus
730 4348 977 4405 eonatus,
1009 4338 1272 4409 etingens
1309 4337 1434 4392 belli
1469 4340 1703 4408 impetus
1757 4345 2079 4411 retunditur,
2111 4362 2176 4402 ac

618 4431 701 4486 vis
748 4429 992 4498 improba
1044 4443 1276 4498 nequam
1348 4427 1572 4496 spiritus
1629 4436 2171 4503 temperatur:quod

2277 3345 2512 3417 τίθησιν,
2547 3347 2636 3402 ἵνα
2661 3349 2738 3420 τῷ
2768 3350 2974 3436 οίκείῳ,
3000 3353 3093 3407 καὶ
3125 3355 3431 3426 εὐπορίστῳ
3455 3355 3552 3410 τοῦ
3581 3357 3851 3429 πράγμα-

2277 3454 2391 3506 τος,
2423 3439 2752 3511 ὑποσκελίσῃ
2783 3444 2864 3511 είς
2895 3442 3056 3528 τοῦτο
3082 3443 3175 3497 τὸν
3208 3444 3624 3517 πιλιμούμενον.

2855 3583 3120 3680 Σχόλιον

2357 3698 2774 3770 Παρασκευάζει,
2818 3700 2879 3753 τὸ
2908 3748 2910 3751 .
2936 3701 3152 3765 ἀναιδὲς
3215 3702 3431 3773 πνεῦμα
3474 3704 3846 3773 ἀἰσθάνεσθαι

2224 3832 2230 3838 .
2279 3796 2406 3859 τοὺς
2448 3792 2776 3861 ἀγαπῶντας
2822 3791 2894 3845 τὰ
2940 3791 3108 3862 πάθη,
3152 3792 3444 3865 αίσθητῶς,
3485 3797 3581 3850 xui.
3627 3799 3847 3868 νοητῶς

2281 3887 2385 3942 ὑπὸ
2410 3884 2504 3940 τοῦ
2550 3884 2747 3955 ἔρωτος
2790 3883 2896 3936 τῶν
2946 3885 3212 3953 σωμάτων
3246 3886 3422 3958 πόνων
3454 3887 3556 3957 τῆς
3584 3889 3841 3961 καρδίας,

2275 3979 2431 4050 δίκην
2465 3975 2779 4048 καμινιαίας
2825 3974 3042 4044 φλογὸς,
3073 3976 3164 4031 καὶ
3209 3961 3314 4030 ὐπδ
3356 3980 3523 4049 πυρός
3564 3981 3705 4046 τινος
3734 3981 3844 4038 τοῦ

2277 4070 2479 4144 ἔρωτος
2513 4066 2969 4137 καταφλέγεσθαι.

2308 4212 2310 4214 τ
2507 4222 2509 4225 ι
2863 4159 2911 4210 Σ
2912 4157 3120 4225 χόλων
3157 4157 3238 4213 ιε’.

2345 4252 2457 4306 Καὶ
2485 4251 2595 4320 γὰρ
2621 4247 2966 4303 κολοϐοῦνται
2995 4248 3092 4302 τοῦ
3137 4250 3376 4322 πονηροῦ
3422 4252 3726 4327 πνεύματος
3771 4259 3839 4311 αί

2275 4339 2565 4409 ἐνέργειαι,
2598 4337 2694 4390 καὶ
2739 4338 2774 4406 ἡ
2825 4334 3030 4406 σφόδρα
3060 4336 3154 4391 τοῦ
3185 4337 3422 4412 πολέμου
3463 4343 3723 4419 έπίοεσις,
3760 4351 3836 4419 τῇ

2276 4425 2567 4498 πανούργῲ
2599 4426 2818 4494 δυνάμει
2847 4426 2942 4487 τοῦ
2976 4427 3312 4500 πνεύματοςο
3346 4433 3469 4495 επεὶ
3496 4435 3547 4488 ει
3573 4424 3649 4505 μὴ
3669 4433 3840 4490 τοῦτο

620 4520 728 4574 nisi
757 4519 925 4584 ﬁeret,
972 4533 1251 4588 nunquam
1304 4519 1488 4573 liceret
1523 4517 1796 4588 respirare
1845 4533 2171 4592 oppugnata,

2275 4513 2365 4588 ἦν,
2412 4516 2525 4570 οὐκ.
2552 4513 2618 4568 ἂν
2661 4511 2732 4586 ἦν
2781 4516 3070 4573 ἀνανεῦσαι
3123 4519 3215 4576 τὸν
3248 4521 3674 4592 ’σωλεμοόμενση
3729 4523 3839 4578 καὶ

622 4622 724 4663 nec
748 4609 816 4663 ad
851 4611 1010 4664 ullam
1039 4609 1337 4664 libertatem
1360 4608 1649 4678 respirare.

1104 4699 1265 4771 25.3
1305 4699 1550 4756 Scholion
1599 4704 1686 4760 to.

692 4784 893 4852 Quales
937 4802 1039 4842 nos
1061 4789 1332 4847 daemones
1362 4794 1794 4863 deprehendunt,
1829 4796 1965 4851 tales
1988 4808 2042 4852 et
2069 4797 2174 4867 ipsi

624 4891 686 4932 se
708 4892 833 4944 erga
858 4889 958 4928 nos
984 4887 1212 4944 gerunt;
1239 4890 1294 4932 et
1321 4883 1507 4948 quales
1538 4885 1590 4938 in
1608 4885 1776 4940 nobis
1803 4887 2170 4956 cogitationes

627 4962 922 5032 reperiunt,
955 4960 1088 5014 tales
1115 4961 1215 5030 ipsi
1252 4966 1406 5022 nobis
1438 4968 1700 5040 imagines
1722 4981 1782 5026 et
1812 4972 2022 5027 formas
2048 4973 2177 5028 sub-

621 5053 833 5122 leitlnl.
933 5086 937 5090 -

1207 5139 1452 5198 Scholion
1487 5147 1573 5201 l7.

692 5229 892 5286 Contra
920 5241 1165 5283 naturam
1199 5240 1328 5286 sunt
1381 5245 1722 5302 praposterte
1743 5241 1972 5298 marium
2003 5252 2056 5297 et
2081 5242 2176 5296 be-

626 5324 850 5377 stiarum
897 5320 1190 5377 libidines:
1227 5322 1314 5378 bic
1336 5334 1517 5380 autem
1557 5338 1744 5384 auctor
1791 5334 1955 5389 etiam
2004 5337 2177 5390 molli-

625 5415 754 5468 tiem
785 5413 887 5465 illis
915 5411 1178 5482 adjungit,
1223 5416 1437 5484 quando
1475 5426 1632 5470 vocat
1665 5417 2069 5481 fornicationem
2099 5426 2176 5479 vi-

624 5507 756 5559 tium
783 5505 924 5572 quod
967 5519 1074 5557 non
1109 5504 1166 5557 ﬁt
1218 5521 1340 5559 cum
1395 5507 1572 5560 alieno
1601 5522 1823 5576 corpore
1860 5512 2024 5585 [quod
2061 5532 2180 5580 non

629 5597 686 5648 ﬁt
740 5604 888 5650 extra
942 5611 1139 5664 corpus
1171 5597 1494 5667 proprium].
1521 5597 1658 5658 Nam
1691 5603 1864 5658 omnis
1904 5609 2180 5676 turpitudo

629 5694 807 5739 monte
851 5686 1145 5755 perficitur,
1193 5693 1246 5739 et
1281 5686 1596 5742 ellluxiones
1635 5690 1970 5761 contingunt,
2005 5708 2058 5752 et
2089 5702 2179 5752 lir-

626 5779 786 5829 Iullcr
816 5780 867 5828 iu
916 5777 1016 5832 boc
1058 5777 1280 5844 luerent,
1324 5791 1386 5832 eo
1431 5778 1574 5846 quod
1625 5777 1881 5848 ﬂagitium
1921 5764 2021 5842 ltoc
2065 5804 2172 5843 non

2176 4687 2183 4690 Α
2281 4606 2590 4676 ιλευθερίας
2617 4609 2858 4679 τυχεῖν-
3198 4643 3204 4648 -
3699 4658 3702 4661 .
3828 4613 3865 4639 ο

2861 4701 3115 4768 Σχόλιον
3152 4706 3244 4765 ις’.

2349 4791 2412 4845 Οί
2435 4790 2920 4860 δαίμονεςόποίους
2945 4792 3012 4845 ἂν
3039 4790 3274 4861 εὕρωσιν
3291 4791 3457 4861 ἡμᾶς,
3477 4790 3704 4848 τοιοῦτοι
3729 4795 3836 4850 καὶ

2279 4881 2433 4937 αῦτοὶ
2473 4883 2709 4950 γίνονται
2726 4899 2742 4913 ο
2781 4882 2875 4936 καὶ
2924 4880 3060 4950 πρὸς
3096 4879 3166 4944 ἃς
3210 4880 3552 4951 εὑρίσκουσιν
3593 4883 3652 4936 ὲν
3694 4884 3836 4954 ήμιν

2281 4973 2508 5038 ἑννοίας,
2551 4973 2688 5044 πρὸς
2716 4971 2919 5034 ταύτας
2951 4971 3044 5025 καὶ
3082 4971 3237 5025 αὐτοὶ
3261 4971 3556 5040 φαντασίας
3594 4973 3834 5046 ἀφομοι-

2279 5081 2418 5122 ουσι.

2863 5153 3122 5221 ὶῖχόλιον⁵
3152 5149 3237 5216 ιζ’.

2343 5247 2430 5301 Τὰ
2473 5247 2627 5317 παρὰ
2657 5246 2818 5317 φύσιν
2863 5241 3278 5315 ἀρῥενοφϐορίαι
3325 5243 3423 5298 καὶ
3467 5244 3828 5318 ζιιὶοφθορίαι·

2275 5331 2429 5401 οὗτος
2465 5339 2521 5392 δὲ
2551 5339 2645 5393 καὶ
2671 5337 2768 5406 τὴν
2798 5332 3063 5406 μαλακίαν
3087 5333 3297 5396 τούτοις
3337 5334 3627 5402 συνέλεξεν,
3655 5338 3834 5394 εἰπὼν

2280 5431 2531 5500 πορνείαν
2573 5429 2632 5482 τὸ
2657 5428 2826 5489 πάθος
2871 5423 3022 5487 me;
3051 5422 3236 5495 ἑτέρου
3266 5423 3545 5496 σώματος’
3585 5429 3680 5483 καὶ
3711 5433 3832 5504 γὰρ

2276 5523 2426 5575 πᾶσα
2475 5519 2765 5590 αἰσχρότης
2814 5514 2954 5568 κατὰ
2995 5513 3120 5568 νοῦν
3169 5515 3440 5583 τελεῖται,
3488 5519 3581 5575 καὶ
3632 5521 3834 5592 ἐκροαὶ

2279 5611 2658 5680 συμϐαίνουσι,
2683 5606 2778 5660 καὶ
2823 5604 3283 5670 δυσαποσπάστως
3325 5608 3464 5680 πρὸς
3493 5611 3646 5666 τοῦτο
3670 5610 3833 5682 έχου-

2278 5717 2382 5760 σιν,
2412 5700 2486 5761 ὼς
2521 5699 2660 5768 μήτε
2683 5692 2972 5764 ὁρώμενον,
3005 5695 3138 5764 μήτε
3164 5696 3285 5751 τινὰ
3323 5697 3561 5769 ἔλεγχον,
3591 5701 3626 5773 ἢ
3648 5700 3835 5772 μόνοις

2277 5789 2372 5856 τὴν
2409 5785 2728 5859 συνείδησιν,
2755 5781 2786 5836 ὃ
2823 5783 2918 5838 καὶ
2948 5781 3170 5840 θάνατον
3196 5789 3634 5861 προσηγόρευσεν
3653 5806 3669 5822 ο
3709 5788 3833 5842 ἐστι
