  <div class='ocr_page' id='page_1' title='image "/cluster/home/n/w/nwhite01/storage/ocr_20150623/88/pst.000005712946/480.png"; bbox 0 0 4030 6342; ppageno 0'>
   <div class='ocr_carea' id='block_1_1' title="bbox 180 420 310 481">
    <p class='ocr_par' dir='ltr' id='par_1_1' title="bbox 180 420 310 481">
     <span class='ocr_line' id='line_1_1' title="bbox 180 420 310 481; baseline 0 0"><span class='ocrx_word' id='word_1_1' title='bbox 180 420 310 481; x_wconf 77' lang='lat'><strong>309</strong></span> 
     </span>
    </p>
   </div>
   <div class='ocr_carea' id='block_1_2' title="bbox 1180 434 2416 503">
    <p class='ocr_par' dir='ltr' id='par_1_2' title="bbox 1180 434 2416 503">
     <span class='ocr_line' id='line_1_2' title="bbox 1180 434 2416 503; baseline 0.008 -11"><span class='ocrx_word' id='word_1_2' title='bbox 1180 440 1192 451; x_wconf 88' lang='lat'><strong><em>‘</em></strong></span> <span class='ocrx_word' id='word_1_3' title='bbox 1218 434 1444 494; x_wconf 80' lang='lat' dir='ltr'><strong>SCALA</strong></span> <span class='ocrx_word' id='word_1_4' title='bbox 1473 434 1848 498; x_wconf 79' lang='lat' dir='ltr'><strong>PARADISI.</strong></span> <span class='ocrx_word' id='word_1_5' title='bbox 1872 464 1942 475; x_wconf 89' lang='lat'><strong>—</strong></span> <span class='ocrx_word' id='word_1_6' title='bbox 1964 440 2268 503; x_wconf 80' lang='lat' dir='ltr'><strong>GRADUS</strong></span> <span class='ocrx_word' id='word_1_7' title='bbox 2299 443 2416 502; x_wconf 74' lang='lat' dir='ltr'><strong>XV.</strong></span> 
     </span>
    </p>
   </div>
   <div class='ocr_carea' id='block_1_3' title="bbox 3309 445 3413 505">
    <p class='ocr_par' dir='ltr' id='par_1_3' title="bbox 3309 445 3413 505">
     <span class='ocr_line' id='line_1_3' title="bbox 3309 445 3413 505; baseline -0.038 0"><span class='ocrx_word' id='word_1_8' title='bbox 3309 445 3413 505; x_wconf 68' lang='lat' dir='ltr'><strong>tuo</strong></span> 
     </span>
    </p>
   </div>
   <div class='ocr_carea' id='block_1_4' title="bbox 169 535 1768 624">
    <p class='ocr_par' dir='ltr' id='par_1_4' title="bbox 169 535 1759 620">
     <span class='ocr_line' id='line_1_4' title="bbox 169 535 1759 620; baseline 0.011 -35"><span class='ocrx_word' id='word_1_9' title='bbox 169 536 315 604; x_wconf 71' lang='grc' dir='ltr'><strong>γάρ</strong></span> <span class='ocrx_word' id='word_1_10' title='bbox 364 552 452 597; x_wconf 81' lang='grc' dir='ltr'><strong>τις</strong></span> <span class='ocrx_word' id='word_1_11' title='bbox 496 535 723 601; x_wconf 71' lang='grc' dir='ltr'><strong>θάνατος</strong></span> <span class='ocrx_word' id='word_1_12' title='bbox 762 539 820 591; x_wconf 82' lang='grc' dir='ltr'><strong>ὲν</strong></span> <span class='ocrx_word' id='word_1_13' title='bbox 850 540 999 610; x_wconf 73' lang='grc' dir='ltr'><strong>ἡμῖν,</strong></span> <span class='ocrx_word' id='word_1_14' title='bbox 1033 542 1125 595; x_wconf 80' lang='grc' dir='ltr'><strong>καὶ</strong></span> <span class='ocrx_word' id='word_1_15' title='bbox 1159 543 1279 613; x_wconf 84' lang='grc' dir='ltr'><strong>μεθ’</strong></span> <span class='ocrx_word' id='word_1_16' title='bbox 1310 546 1463 615; x_wconf 83' lang='grc' dir='ltr'><strong>ήμῶν</strong></span> <span class='ocrx_word' id='word_1_17' title='bbox 1505 549 1591 601; x_wconf 73' lang='grc' dir='ltr'><strong>ἀεὶ</strong></span> <span class='ocrx_word' id='word_1_18' title='bbox 1624 565 1759 620; x_wconf 83' lang='grc' dir='ltr'><strong>συμ-</strong></span> 
     </span>
    </p>
   </div>
   <div class='ocr_carea' id='block_1_5' title="bbox 1868 535 3413 624">
    <p class='ocr_par' dir='ltr' id='par_1_5' title="bbox 1868 552 3413 624">
     <span class='ocr_line' id='line_1_5' title="bbox 1868 552 3413 624; baseline 0.006 -21"><span class='ocrx_word' id='word_1_19' title='bbox 1868 552 2123 617; x_wconf 78' lang='lat' dir='ltr'><strong>videatur,</strong></span> <span class='ocrx_word' id='word_1_20' title='bbox 2148 570 2251 610; x_wconf 89' lang='lat' dir='ltr'><strong>nec</strong></span> <span class='ocrx_word' id='word_1_21' title='bbox 2279 555 2721 624; x_wconf 77' lang='lat' dir='ltr'><strong>reprehendatur,</strong></span> <span class='ocrx_word' id='word_1_22' title='bbox 2760 558 2854 611; x_wconf 81' lang='lat' dir='ltr'><strong>sed</strong></span> <span class='ocrx_word' id='word_1_23' title='bbox 2905 566 3110 612; x_wconf 87' lang='lat' dir='ltr'><strong>tantum</strong></span> <span class='ocrx_word' id='word_1_24' title='bbox 3134 563 3413 615; x_wconf 78' lang='lat' dir='ltr'><strong>conscien-</strong></span> 
     </span>
    </p>
   </div>
   <div class='ocr_carea' id='block_1_6' title="bbox 172 625 666 696">
    <p class='ocr_par' dir='ltr' id='par_1_6' title="bbox 172 625 666 696">
     <span class='ocr_line' id='line_1_6' title="bbox 172 625 666 696; baseline 0.008 -19"><span class='ocrx_word' id='word_1_25' title='bbox 172 625 666 696; x_wconf 70' lang='grc' dir='ltr'><strong>περιφερόμενος.</strong></span> 
     </span>
    </p>
   </div>
   <div class='ocr_carea' id='block_1_7' title="bbox 808 876 1291 964">
    <p class='ocr_par' dir='ltr' id='par_1_7' title="bbox 808 876 1291 964">
     <span class='ocr_line' id='line_1_7' title="bbox 808 876 1291 964; baseline 0.01 -19"><span class='ocrx_word' id='word_1_26' title='bbox 808 893 1077 961; x_wconf 69' lang='grc' dir='ltr'><strong>Σχόλιον“</strong></span> <span class='ocrx_word' id='word_1_27' title='bbox 1094 901 1183 964; x_wconf 84' lang='grc' dir='ltr'><strong>ιη’.</strong></span> <span class='ocrx_word' id='word_1_28' title='bbox 1288 876 1291 879; x_wconf 13' lang='grc' dir='ltr'><strong>Α</strong></span> 
     </span>
    </p>
   </div>
   <div class='ocr_carea' id='block_1_8' title="bbox 294 972 1766 1060">
    <p class='ocr_par' dir='ltr' id='par_1_8' title="bbox 294 972 1766 1060">
     <span class='ocr_line' id='line_1_8' title="bbox 294 972 1766 1060; baseline 0.01 -35"><span class='ocrx_word' id='word_1_29' title='bbox 294 972 439 1043; x_wconf 78' lang='grc' dir='ltr'><strong>Ἐμὴ</strong></span> <span class='ocrx_word' id='word_1_30' title='bbox 486 973 585 1043; x_wconf 78' lang='grc' dir='ltr'><strong>μὲν</strong></span> <span class='ocrx_word' id='word_1_31' title='bbox 614 975 690 1040; x_wconf 82' lang='grc' dir='ltr'><strong>ὡς</strong></span> <span class='ocrx_word' id='word_1_32' title='bbox 718 978 989 1048; x_wconf 69' lang='grc' dir='ltr'><strong>σύμφυσις</strong></span> <span class='ocrx_word' id='word_1_33' title='bbox 1014 983 1079 1052; x_wconf 84' lang='grc' dir='ltr'><strong>τῇ</strong></span> <span class='ocrx_word' id='word_1_34' title='bbox 1107 983 1273 1053; x_wconf 74' lang='grc' dir='ltr'><strong>ψυχῇ,</strong></span> <span class='ocrx_word' id='word_1_35' title='bbox 1311 983 1407 1036; x_wconf 72' lang='grc' dir='ltr'><strong>καὶ</strong></span> <span class='ocrx_word' id='word_1_36' title='bbox 1438 987 1766 1060; x_wconf 76' lang='grc' dir='ltr'><strong>στεργομένη</strong></span> 
     </span>
    </p>
   </div>
   <div class='ocr_carea' id='block_1_9' title="bbox 182 1063 1769 1149">
    <p class='ocr_par' dir='ltr' id='par_1_9' title="bbox 182 1063 1769 1149">
     <span class='ocr_line' id='line_1_9' title="bbox 182 1063 1769 1149; baseline 0.016 -36"><span class='ocrx_word' id='word_1_37' title='bbox 182 1063 348 1133; x_wconf 68' lang='grc' dir='ltr'><strong>παρ’</strong></span> <span class='ocrx_word' id='word_1_38' title='bbox 378 1064 578 1135; x_wconf 78' lang='grc' dir='ltr'><strong>αὐτῆς·</strong></span> <span class='ocrx_word' id='word_1_39' title='bbox 606 1067 706 1120; x_wconf 83' lang='grc' dir='ltr'><strong>οὐκ</strong></span> <span class='ocrx_word' id='word_1_40' title='bbox 730 1070 836 1139; x_wconf 82' lang='grc' dir='ltr'><strong>ὲμὴ</strong></span> <span class='ocrx_word' id='word_1_41' title='bbox 866 1070 943 1149; x_wconf 63' lang='grc' dir='ltr'><strong>δε,</strong></span> <span class='ocrx_word' id='word_1_42' title='bbox 974 1072 1050 1134; x_wconf 85' lang='grc' dir='ltr'><strong>ὡς</strong></span> <span class='ocrx_word' id='word_1_43' title='bbox 1079 1075 1472 1147; x_wconf 76' lang='grc' dir='ltr'><strong>στρατευομένη</strong></span> <span class='ocrx_word' id='word_1_44' title='bbox 1501 1077 1651 1148; x_wconf 79' lang='grc' dir='ltr'><strong>παρὰ</strong></span> <span class='ocrx_word' id='word_1_45' title='bbox 1668 1078 1769 1149; x_wconf 79' lang='grc' dir='ltr'><strong>τῆς</strong></span> 
     </span>
    </p>
   </div>
   <div class='ocr_carea' id='block_1_10' title="bbox 178 1150 1857 1234">
    <p class='ocr_par' dir='ltr' id='par_1_10' title="bbox 178 1150 1857 1234">
     <span class='ocr_line' id='line_1_10' title="bbox 178 1150 1857 1234; baseline 0.01 -29"><span class='ocrx_word' id='word_1_46' title='bbox 178 1150 417 1221; x_wconf 76' lang='grc' dir='ltr'><strong>ψυχῆς.</strong></span> <span class='ocrx_word' id='word_1_47' title='bbox 447 1157 540 1208; x_wconf 73' lang='grc' dir='ltr'><strong>καὶ</strong></span> <span class='ocrx_word' id='word_1_48' title='bbox 570 1158 815 1229; x_wconf 81' lang='grc' dir='ltr'><strong>ὁρωμένη</strong></span> <span class='ocrx_word' id='word_1_49' title='bbox 847 1159 1048 1230; x_wconf 78' lang='grc' dir='ltr'><strong>ταύτης</strong></span> <span class='ocrx_word' id='word_1_50' title='bbox 1080 1164 1366 1234; x_wconf 76' lang='grc' dir='ltr'><strong>πολέμιοςο</strong></span> <span class='ocrx_word' id='word_1_51' title='bbox 1404 1166 1434 1218; x_wconf 85' lang='grc' dir='ltr'><strong>δ</strong></span> <span class='ocrx_word' id='word_1_52' title='bbox 1468 1168 1561 1220; x_wconf 78' lang='grc' dir='ltr'><strong>καὶ</strong></span> <span class='ocrx_word' id='word_1_53' title='bbox 1601 1167 1769 1221; x_wconf 75' lang='grc' dir='ltr'><strong>δεινό-</strong></span> <span class='ocrx_word' id='word_1_54' title='bbox 1856 1182 1857 1185; x_wconf 81' lang='lat'>‘</span> 
     </span>
    </p>
   </div>
   <div class='ocr_carea' id='block_1_11' title="bbox 182 1244 1770 1326">
    <p class='ocr_par' dir='ltr' id='par_1_11' title="bbox 182 1244 1770 1326">
     <span class='ocr_line' id='line_1_11' title="bbox 182 1244 1770 1326; baseline 0.011 -33"><span class='ocrx_word' id='word_1_55' title='bbox 182 1244 381 1297; x_wconf 76' lang='grc' dir='ltr'><strong>τατέν</strong></span> <span class='ocrx_word' id='word_1_56' title='bbox 424 1246 601 1299; x_wconf 69' lang='grc' dir='ltr'><strong>ἐστιν·</strong></span> <span class='ocrx_word' id='word_1_57' title='bbox 655 1251 685 1300; x_wconf 89' lang='grc' dir='ltr'><strong>ὀ</strong></span> <span class='ocrx_word' id='word_1_58' title='bbox 724 1248 823 1318; x_wconf 81' lang='grc' dir='ltr'><strong>μὲν</strong></span> <span class='ocrx_word' id='word_1_59' title='bbox 849 1246 941 1304; x_wconf 83' lang='grc' dir='ltr'><strong>οὖν</strong></span> <span class='ocrx_word' id='word_1_60' title='bbox 977 1253 1309 1320; x_wconf 81' lang='grc' dir='ltr'><strong>Ἀπόστολος,</strong></span> <span class='ocrx_word' id='word_1_61' title='bbox 1341 1255 1440 1309; x_wconf 81' lang='grc' dir='ltr'><strong>διὰ</strong></span> <span class='ocrx_word' id='word_1_62' title='bbox 1476 1256 1543 1309; x_wconf 81' lang='grc' dir='ltr'><strong>τὰ</strong></span> <span class='ocrx_word' id='word_1_63' title='bbox 1581 1258 1646 1310; x_wconf 84' lang='grc' dir='ltr'><strong>ἐκ</strong></span> <span class='ocrx_word' id='word_1_64' title='bbox 1671 1258 1770 1326; x_wconf 80' lang='grc' dir='ltr'><strong>τῆς</strong></span> 
     </span>
    </p>
   </div>
   <div class='ocr_carea' id='block_1_12' title="bbox 186 1336 1771 1417">
    <p class='ocr_par' dir='ltr' id='par_1_12' title="bbox 186 1336 1771 1417">
     <span class='ocr_line' id='line_1_12' title="bbox 186 1336 1771 1417; baseline 0.009 -31"><span class='ocrx_word' id='word_1_65' title='bbox 186 1336 454 1405; x_wconf 81' lang='grc' dir='ltr'><strong>γαστρὸς</strong></span> <span class='ocrx_word' id='word_1_66' title='bbox 503 1338 881 1407; x_wconf 80' lang='grc' dir='ltr'><strong>συμϐαίνονται</strong></span> <span class='ocrx_word' id='word_1_67' title='bbox 926 1343 1113 1397; x_wconf 86' lang='grc' dir='ltr'><strong>σκῶλα</strong></span> <span class='ocrx_word' id='word_1_68' title='bbox 1138 1348 1203 1415; x_wconf 82' lang='grc' dir='ltr'><strong>τῇ</strong></span> <span class='ocrx_word' id='word_1_69' title='bbox 1240 1346 1408 1417; x_wconf 76' lang='grc' dir='ltr'><strong>ψυχῇ,</strong></span> <span class='ocrx_word' id='word_1_70' title='bbox 1441 1347 1665 1401; x_wconf 87' lang='grc' dir='ltr'><strong>θάνατον</strong></span> <span class='ocrx_word' id='word_1_71' title='bbox 1710 1348 1771 1401; x_wconf 80' lang='grc' dir='ltr'><strong>τὸ</strong></span> 
     </span>
    </p>
   </div>
   <div class='ocr_carea' id='block_1_13' title="bbox 193 1426 1767 1509">
    <p class='ocr_par' dir='ltr' id='par_1_13' title="bbox 193 1426 1767 1509">
     <span class='ocr_line' id='line_1_13' title="bbox 193 1426 1767 1509; baseline 0.017 -33"><span class='ocrx_word' id='word_1_72' title='bbox 193 1426 379 1496; x_wconf 76' lang='grc' dir='ltr'><strong>σῶμα</strong></span> <span class='ocrx_word' id='word_1_73' title='bbox 433 1429 880 1500; x_wconf 76' lang='grc' dir='ltr'><strong>προσηγόρευσεν.</strong></span> <span class='ocrx_word' id='word_1_74' title='bbox 944 1434 1004 1486; x_wconf 89' lang='lat'><strong>&#39;0</strong></span> <span class='ocrx_word' id='word_1_75' title='bbox 1050 1434 1106 1487; x_wconf 86' lang='grc' dir='ltr'><strong>δὲ</strong></span> <span class='ocrx_word' id='word_1_76' title='bbox 1162 1435 1408 1500; x_wconf 80' lang='grc' dir='ltr'><strong>θεολόγος</strong></span> <span class='ocrx_word' id='word_1_77' title='bbox 1452 1436 1767 1509; x_wconf 80' lang='grc' dir='ltr'><strong>Γρηγόριος.</strong></span> 
     </span>
    </p>
   </div>
   <div class='ocr_carea' id='block_1_14' title="bbox 196 1518 1767 1600">
    <p class='ocr_par' dir='ltr' id='par_1_14' title="bbox 196 1518 1767 1600">
     <span class='ocr_line' id='line_1_14' title="bbox 196 1518 1767 1600; baseline 0.011 -33"><span class='ocrx_word' id='word_1_78' title='bbox 196 1518 443 1587; x_wconf 69' lang='grc' dir='ltr'><strong>ἐμπαθῆ</strong></span> <span class='ocrx_word' id='word_1_79' title='bbox 490 1523 582 1572; x_wconf 77' lang='grc' dir='ltr'><strong>καὶ</strong></span> <span class='ocrx_word' id='word_1_80' title='bbox 623 1525 937 1594; x_wconf 82' lang='grc' dir='ltr'><strong>νυκτερινὴν</strong></span> <span class='ocrx_word' id='word_1_81' title='bbox 982 1525 1081 1597; x_wconf 78' lang='grc' dir='ltr'><strong>τὴν</strong></span> <span class='ocrx_word' id='word_1_82' title='bbox 1141 1529 1452 1600; x_wconf 83' lang='grc' dir='ltr'><strong>σωματικὴν</strong></span> <span class='ocrx_word' id='word_1_83' title='bbox 1517 1530 1767 1600; x_wconf 72' lang='grc' dir='ltr'><strong>γέννησιν</strong></span> 
     </span>
    </p>
   </div>
   <div class='ocr_carea' id='block_1_15' title="bbox 194 1606 1769 1692">
    <p class='ocr_par' dir='ltr' id='par_1_15' title="bbox 194 1606 1769 1692">
     <span class='ocr_line' id='line_1_15' title="bbox 194 1606 1769 1692; baseline 0.011 -34"><span class='ocrx_word' id='word_1_84' title='bbox 194 1606 534 1678; x_wconf 75' lang='grc' dir='ltr'><strong>ὠνόμασενο</strong></span> <span class='ocrx_word' id='word_1_85' title='bbox 565 1610 640 1675; x_wconf 86' lang='grc' dir='ltr'><strong>ὡς</strong></span> <span class='ocrx_word' id='word_1_86' title='bbox 684 1614 876 1684; x_wconf 78' lang='grc' dir='ltr'><strong>ἡδονῆς</strong></span> <span class='ocrx_word' id='word_1_87' title='bbox 923 1617 1020 1669; x_wconf 76' lang='grc' dir='ltr'><strong>καὶ</strong></span> <span class='ocrx_word' id='word_1_88' title='bbox 1052 1617 1357 1688; x_wconf 81' lang='grc' dir='ltr'><strong>ἐλευθέρας,</strong></span> <span class='ocrx_word' id='word_1_89' title='bbox 1385 1619 1479 1673; x_wconf 69' lang='grc' dir='ltr'><strong>καὶ</strong></span> <span class='ocrx_word' id='word_1_90' title='bbox 1506 1621 1769 1692; x_wconf 72' lang='grc' dir='ltr'><strong>ἡμερινῆς</strong></span> 
     </span>
    </p>
   </div>
   <div class='ocr_carea' id='block_1_16' title="bbox 194 1695 858 1766">
    <p class='ocr_par' dir='ltr' id='par_1_16' title="bbox 194 1695 858 1766">
     <span class='ocr_line' id='line_1_16' title="bbox 194 1695 858 1766; baseline 0.014 -20"><span class='ocrx_word' id='word_1_91' title='bbox 194 1695 421 1766; x_wconf 66' lang='grc' dir='ltr'><strong>ἥττονα</strong></span> <span class='ocrx_word' id='word_1_92' title='bbox 449 1699 542 1753; x_wconf 78' lang='grc' dir='ltr'><strong>καὶ</strong></span> <span class='ocrx_word' id='word_1_93' title='bbox 572 1700 858 1757; x_wconf 79' lang='grc' dir='ltr'><strong>ἀντίθετον.</strong></span> 
     </span>
    </p>
   </div>
   <div class='ocr_carea' id='block_1_17' title="bbox 599 1906 1480 1982">
    <p class='ocr_par' dir='ltr' id='par_1_17' title="bbox 599 1906 1480 1982">
     <span class='ocr_line' id='line_1_17' title="bbox 599 1906 1480 1982; baseline 0.014 -24"><span class='ocrx_word' id='word_1_94' title='bbox 599 1906 776 1960; x_wconf 70' lang='grc' dir='ltr'><strong>Ἀλλο</strong></span> <span class='ocrx_word' id='word_1_95' title='bbox 805 1908 911 1962; x_wconf 84' lang='grc' dir='ltr'><strong>τοῦ</strong></span> <span class='ocrx_word' id='word_1_96' title='bbox 948 1911 1390 1982; x_wconf 79' lang='grc' dir='ltr'><strong>Χριοσοστόμου.</strong></span> <span class='ocrx_word' id='word_1_97' title='bbox 1471 1918 1480 1928; x_wconf 90' lang='grc'><em>’</em></span> 
     </span>
    </p>
   </div>
   <div class='ocr_carea' id='block_1_18' title="bbox 286 1990 1769 2074">
    <p class='ocr_par' dir='ltr' id='par_1_18' title="bbox 286 1990 1769 2074">
     <span class='ocr_line' id='line_1_18' title="bbox 286 1990 1769 2074; baseline 0.013 -33"><span class='ocrx_word' id='word_1_98' title='bbox 286 1991 383 2058; x_wconf 75' lang='grc' dir='ltr'><strong>Μὴ</strong></span> <span class='ocrx_word' id='word_1_99' title='bbox 427 1990 613 2061; x_wconf 79' lang='grc' dir='ltr'><strong>νόμιζε</strong></span> <span class='ocrx_word' id='word_1_100' title='bbox 662 1995 760 2065; x_wconf 79' lang='grc' dir='ltr'><strong>τῆς</strong></span> <span class='ocrx_word' id='word_1_101' title='bbox 805 1999 1005 2068; x_wconf 82' lang='grc' dir='ltr'><strong>σαρκὸς</strong></span> <span class='ocrx_word' id='word_1_102' title='bbox 1047 2001 1216 2070; x_wconf 81' lang='grc' dir='ltr'><strong>αὐτῆς</strong></span> <span class='ocrx_word' id='word_1_103' title='bbox 1261 2008 1606 2074; x_wconf 79' lang='grc' dir='ltr'><strong>κατηγορεῖν·</strong></span> <span class='ocrx_word' id='word_1_104' title='bbox 1649 2005 1769 2059; x_wconf 78' lang='grc' dir='ltr'><strong>οὐδὲ</strong></span> 
     </span>
    </p>
   </div>
   <div class='ocr_carea' id='block_1_19' title="bbox 196 2075 1765 2160">
    <p class='ocr_par' dir='ltr' id='par_1_19' title="bbox 196 2075 1765 2160">
     <span class='ocr_line' id='line_1_19' title="bbox 196 2075 1765 2160; baseline 0.013 -32"><span class='ocrx_word' id='word_1_105' title='bbox 196 2078 327 2148; x_wconf 58' lang='grc' dir='ltr'><strong>γὰρ</strong></span> <span class='ocrx_word' id='word_1_106' title='bbox 374 2075 512 2145; x_wconf 75' lang='grc' dir='ltr'><strong>εἷπε,</strong></span> <span class='ocrx_word' id='word_1_107' title='bbox 543 2081 713 2151; x_wconf 81' lang='grc' dir='ltr'><strong>σῶμα</strong></span> <span class='ocrx_word' id='word_1_108' title='bbox 748 2085 1066 2156; x_wconf 71' lang='grc' dir='ltr'><strong>ἁμαρτίαςο</strong></span> <span class='ocrx_word' id='word_1_109' title='bbox 1103 2090 1239 2143; x_wconf 79' lang='grc' dir='ltr'><strong>ἀλλὰ</strong></span> <span class='ocrx_word' id='word_1_110' title='bbox 1272 2090 1441 2160; x_wconf 81' lang='grc' dir='ltr'><strong>σῶμα</strong></span> <span class='ocrx_word' id='word_1_111' title='bbox 1487 2093 1765 2159; x_wconf 78' lang='grc' dir='ltr'><strong>θανάτου,</strong></span> 
     </span>
    </p>
   </div>
   <div class='ocr_carea' id='block_1_20' title="bbox 204 2170 1768 2257">
    <p class='ocr_par' dir='ltr' id='par_1_20' title="bbox 204 2170 1768 2257">
     <span class='ocr_line' id='line_1_20' title="bbox 204 2170 1768 2257; baseline 0.013 -36"><span class='ocrx_word' id='word_1_112' title='bbox 204 2170 429 2239; x_wconf 82' lang='grc' dir='ltr'><strong>Ἠγουν</strong></span> <span class='ocrx_word' id='word_1_113' title='bbox 457 2174 516 2225; x_wconf 78' lang='grc' dir='ltr'><strong>τὸ</strong></span> <span class='ocrx_word' id='word_1_114' title='bbox 535 2176 792 2246; x_wconf 81' lang='grc' dir='ltr'><strong>χειρωθὲν</strong></span> <span class='ocrx_word' id='word_1_115' title='bbox 818 2179 923 2233; x_wconf 78' lang='grc' dir='ltr'>ὑπὸ</span> <span class='ocrx_word' id='word_1_116' title='bbox 950 2181 1041 2234; x_wconf 83' lang='grc' dir='ltr'><strong>τοῦ</strong></span> <span class='ocrx_word' id='word_1_117' title='bbox 1060 2181 1309 2248; x_wconf 82' lang='grc' dir='ltr'><strong>θανάτου,</strong></span> <span class='ocrx_word' id='word_1_118' title='bbox 1329 2185 1389 2238; x_wconf 85' lang='grc' dir='ltr'><strong>οὐ</strong></span> <span class='ocrx_word' id='word_1_119' title='bbox 1418 2185 1478 2239; x_wconf 81' lang='grc' dir='ltr'><strong>τὺ</strong></span> <span class='ocrx_word' id='word_1_120' title='bbox 1504 2187 1768 2257; x_wconf 68' lang='grc' dir='ltr'><strong>γεννῆσαν</strong></span> 
     </span>
    </p>
   </div>
   <div class='ocr_carea' id='block_1_21' title="bbox 198 2258 1770 2343">
    <p class='ocr_par' dir='ltr' id='par_1_21' title="bbox 198 2258 1770 2343">
     <span class='ocr_line' id='line_1_21' title="bbox 198 2258 1770 2343; baseline 0.013 -33"><span class='ocrx_word' id='word_1_121' title='bbox 198 2258 469 2313; x_wconf 76' lang='grc' dir='ltr'><strong>θάνατον·</strong></span> <span class='ocrx_word' id='word_1_122' title='bbox 500 2262 635 2334; x_wconf 79' lang='grc' dir='ltr'><strong>ὅπερ</strong></span> <span class='ocrx_word' id='word_1_123' title='bbox 680 2265 800 2319; x_wconf 73' lang='grc' dir='ltr'><strong>οὐδὲ</strong></span> <span class='ocrx_word' id='word_1_124' title='bbox 828 2269 927 2338; x_wconf 85' lang='grc' dir='ltr'><strong>τῆς</strong></span> <span class='ocrx_word' id='word_1_125' title='bbox 955 2272 1216 2341; x_wconf 79' lang='grc' dir='ltr'><strong>πονηρίας</strong></span> <span class='ocrx_word' id='word_1_126' title='bbox 1246 2276 1345 2343; x_wconf 74' lang='grc' dir='ltr'><strong>τῆς</strong></span> <span class='ocrx_word' id='word_1_127' title='bbox 1384 2276 1604 2343; x_wconf 76' lang='grc' dir='ltr'><strong>σαρκὸς,</strong></span> <span class='ocrx_word' id='word_1_128' title='bbox 1636 2277 1770 2330; x_wconf 75' lang='grc' dir='ltr'><strong>ἀλλὰ</strong></span> 
     </span>
    </p>
   </div>
   <div class='ocr_carea' id='block_1_22' title="bbox 190 2352 1771 2436">
    <p class='ocr_par' dir='ltr' id='par_1_22' title="bbox 190 2352 1771 2436">
     <span class='ocr_line' id='line_1_22' title="bbox 190 2352 1771 2436; baseline 0.012 -35"><span class='ocrx_word' id='word_1_129' title='bbox 190 2353 318 2418; x_wconf 75' lang='grc' dir='ltr'><strong>τῆς</strong></span> <span class='ocrx_word' id='word_1_130' title='bbox 376 2352 632 2423; x_wconf 75' lang='grc' dir='ltr'><strong>ἐπηρείας</strong></span> <span class='ocrx_word' id='word_1_131' title='bbox 685 2358 783 2426; x_wconf 76' lang='grc' dir='ltr'><strong>τῆς</strong></span> <span class='ocrx_word' id='word_1_132' title='bbox 832 2361 1066 2429; x_wconf 82' lang='grc' dir='ltr'><strong>σαρκὸς,</strong></span> <span class='ocrx_word' id='word_1_133' title='bbox 1118 2358 1186 2434; x_wconf 77' lang='grc' dir='ltr'><strong>ἧς</strong></span> <span class='ocrx_word' id='word_1_134' title='bbox 1231 2363 1529 2434; x_wconf 80' lang='grc' dir='ltr'><strong>ὑπέμεινε,</strong></span> <span class='ocrx_word' id='word_1_135' title='bbox 1574 2367 1771 2436; x_wconf 83' lang='grc' dir='ltr'><strong>δεῖγμὰ</strong></span> 
     </span>
    </p>
   </div>
   <div class='ocr_carea' id='block_1_23' title="bbox 199 2440 1768 2527">
    <p class='ocr_par' dir='ltr' id='par_1_23' title="bbox 199 2440 1768 2527">
     <span class='ocr_line' id='line_1_23' title="bbox 199 2440 1768 2527; baseline 0.012 -37"><span class='ocrx_word' id='word_1_136' title='bbox 199 2440 388 2493; x_wconf 64' lang='grc' dir='ltr'><strong>ἐστιν.</strong></span> <span class='ocrx_word' id='word_1_137' title='bbox 417 2440 624 2511; x_wconf 77' lang='grc' dir='ltr'><strong>Ὠσπερ</strong></span> <span class='ocrx_word' id='word_1_138' title='bbox 650 2442 715 2497; x_wconf 77' lang='grc' dir='ltr'><strong>ἂν</strong></span> <span class='ocrx_word' id='word_1_139' title='bbox 741 2445 794 2497; x_wconf 80' lang='grc' dir='ltr'><strong>ετ</strong></span> <span class='ocrx_word' id='word_1_140' title='bbox 815 2462 898 2509; x_wconf 83' lang='grc' dir='ltr'><strong>τις</strong></span> <span class='ocrx_word' id='word_1_141' title='bbox 938 2450 1389 2520; x_wconf 75' lang='grc' dir='ltr'><strong>αἰχμαλωτισθεὶς</strong></span> <span class='ocrx_word' id='word_1_142' title='bbox 1427 2455 1529 2508; x_wconf 83' lang='grc' dir='ltr'>ὑπὸ</span> <span class='ocrx_word' id='word_1_143' title='bbox 1566 2456 1768 2527; x_wconf 51' lang='lat'><strong>31:63-</strong></span> 
     </span>
    </p>
   </div>
   <div class='ocr_carea' id='block_1_24' title="bbox 204 2532 1768 2616">
    <p class='ocr_par' dir='ltr' id='par_1_24' title="bbox 204 2532 1768 2616">
     <span class='ocr_line' id='line_1_24' title="bbox 204 2532 1768 2616; baseline 0.011 -32"><span class='ocrx_word' id='word_1_144' title='bbox 204 2548 354 2603; x_wconf 80' lang='grc' dir='ltr'><strong>ρων,</strong></span> <span class='ocrx_word' id='word_1_145' title='bbox 390 2532 490 2587; x_wconf 79' lang='grc' dir='ltr'><strong>οὐκ</strong></span> <span class='ocrx_word' id='word_1_146' title='bbox 515 2536 700 2609; x_wconf 72' lang='grc' dir='ltr'><strong>ἐπειδὴ</strong></span> <span class='ocrx_word' id='word_1_147' title='bbox 748 2538 1023 2610; x_wconf 79' lang='grc' dir='ltr'><strong>βάρϐαρός</strong></span> <span class='ocrx_word' id='word_1_148' title='bbox 1053 2542 1220 2604; x_wconf 71' lang='grc' dir='ltr'><strong>ἐστὶν,</strong></span> <span class='ocrx_word' id='word_1_149' title='bbox 1266 2544 1403 2598; x_wconf 74' lang='grc' dir='ltr'><strong>ἀλλὰ</strong></span> <span class='ocrx_word' id='word_1_150' title='bbox 1446 2548 1629 2616; x_wconf 77' lang='grc' dir='ltr'><strong>ἐπειδὴ</strong></span> <span class='ocrx_word' id='word_1_151' title='bbox 1676 2548 1768 2601; x_wconf 81' lang='grc' dir='ltr'><strong>ὑπ’</strong></span> 
     </span>
    </p>
   </div>
   <div class='ocr_carea' id='block_1_25' title="bbox 198 2620 1769 2702">
    <p class='ocr_par' dir='ltr' id='par_1_25' title="bbox 198 2620 1769 2702">
     <span class='ocr_line' id='line_1_25' title="bbox 198 2620 1769 2702; baseline 0.01 -29"><span class='ocrx_word' id='word_1_152' title='bbox 198 2620 441 2695; x_wconf 67' lang='grc' dir='ltr'><strong>ἐκείνων</strong></span> <span class='ocrx_word' id='word_1_153' title='bbox 469 2625 754 2695; x_wconf 82' lang='grc' dir='ltr'><strong>κατέχεται</strong></span> <span class='ocrx_word' id='word_1_154' title='bbox 772 2642 788 2656; x_wconf 87' lang='grc'><strong>·</strong></span> <span class='ocrx_word' id='word_1_155' title='bbox 816 2628 957 2681; x_wconf 76' lang='grc' dir='ltr'><strong>οὕτω</strong></span> <span class='ocrx_word' id='word_1_156' title='bbox 1001 2628 1096 2682; x_wconf 77' lang='grc' dir='ltr'><strong>καὶ</strong></span> <span class='ocrx_word' id='word_1_157' title='bbox 1140 2630 1200 2682; x_wconf 86' lang='grc' dir='ltr'><strong>τὸ</strong></span> <span class='ocrx_word' id='word_1_158' title='bbox 1242 2633 1400 2702; x_wconf 82' lang='grc' dir='ltr'><strong>σῶμα</strong></span> <span class='ocrx_word' id='word_1_159' title='bbox 1426 2634 1653 2697; x_wconf 67' lang='grc' dir='ltr'><strong>θανάτου</strong></span> <span class='ocrx_word' id='word_1_160' title='bbox 1680 2636 1769 2689; x_wconf 78' lang='grc' dir='ltr'><strong>λέ-</strong></span> 
     </span>
    </p>
   </div>
   <div class='ocr_carea' id='block_1_26' title="bbox 101 2714 1769 2797">
    <p class='ocr_par' dir='ltr' id='par_1_26' title="bbox 101 2714 1769 2797">
     <span class='ocr_line' id='line_1_26' title="bbox 101 2714 1769 2797; baseline 0.01 -35"><span class='ocrx_word' id='word_1_161' title='bbox 101 2740 109 2744; x_wconf 96' lang='grc'><strong>-</strong></span> <span class='ocrx_word' id='word_1_162' title='bbox 200 2727 375 2781; x_wconf 76' lang='grc' dir='ltr'><strong>γεται</strong></span> <span class='ocrx_word' id='word_1_163' title='bbox 421 2714 606 2784; x_wconf 72' lang='grc' dir='ltr'><strong>ἐπειδὴ</strong></span> <span class='ocrx_word' id='word_1_164' title='bbox 654 2717 984 2788; x_wconf 67' lang='grc' dir='ltr'><strong>καπσχέσθη</strong></span> <span class='ocrx_word' id='word_1_165' title='bbox 1033 2721 1161 2792; x_wconf 78' lang='grc' dir='ltr'><strong>παρ’</strong></span> <span class='ocrx_word' id='word_1_166' title='bbox 1208 2721 1395 2784; x_wconf 81' lang='grc' dir='ltr'><strong>αὑτοῦ,</strong></span> <span class='ocrx_word' id='word_1_167' title='bbox 1437 2724 1537 2776; x_wconf 78' lang='grc' dir='ltr'><strong>οὐκ</strong></span> <span class='ocrx_word' id='word_1_168' title='bbox 1584 2725 1769 2797; x_wconf 71' lang='grc' dir='ltr'><strong>ἐπειδὴ</strong></span> 
     </span>
    </p>
   </div>
   <div class='ocr_carea' id='block_1_27' title="bbox 203 2800 1769 2887">
    <p class='ocr_par' dir='ltr' id='par_1_27' title="bbox 203 2800 1769 2887">
     <span class='ocr_line' id='line_1_27' title="bbox 203 2800 1769 2887; baseline 0.011 -35"><span class='ocrx_word' id='word_1_169' title='bbox 203 2800 574 2873; x_wconf 70' lang='grc' dir='ltr'><strong>πραξένησεν</strong></span> <span class='ocrx_word' id='word_1_170' title='bbox 604 2805 786 2860; x_wconf 84' lang='grc' dir='ltr'><strong>αὐτόν.</strong></span> <span class='ocrx_word' id='word_1_171' title='bbox 816 2809 1015 2878; x_wconf 81' lang='grc' dir='ltr'><strong>Διόπερ</strong></span> <span class='ocrx_word' id='word_1_172' title='bbox 1040 2810 1159 2877; x_wconf 83' lang='grc' dir='ltr'><strong>οὐδὲ</strong></span> <span class='ocrx_word' id='word_1_173' title='bbox 1202 2813 1361 2877; x_wconf 75' lang='grc' dir='ltr'><strong>αὐτὸς</strong></span> <span class='ocrx_word' id='word_1_174' title='bbox 1386 2813 1480 2867; x_wconf 83' lang='grc' dir='ltr'><strong>τοῦ</strong></span> <span class='ocrx_word' id='word_1_175' title='bbox 1519 2815 1769 2887; x_wconf 80' lang='grc' dir='ltr'><strong>σώματος</strong></span> 
     </span>
    </p>
   </div>
   <div class='ocr_carea' id='block_1_28' title="bbox 205 2892 1594 2976">
    <p class='ocr_par' dir='ltr' id='par_1_28' title="bbox 205 2892 1594 2976">
     <span class='ocr_line' id='line_1_28' title="bbox 205 2892 1594 2976; baseline 0.013 -31"><span class='ocrx_word' id='word_1_176' title='bbox 205 2892 479 2964; x_wconf 73' lang='grc' dir='ltr'><strong>ῥυσθῆναι</strong></span> <span class='ocrx_word' id='word_1_177' title='bbox 506 2893 777 2965; x_wconf 79' lang='grc' dir='ltr'><strong>βούλεται,</strong></span> <span class='ocrx_word' id='word_1_178' title='bbox 815 2898 950 2952; x_wconf 78' lang='grc' dir='ltr'><strong>ἀλλὰ</strong></span> <span class='ocrx_word' id='word_1_179' title='bbox 977 2900 1067 2954; x_wconf 83' lang='grc' dir='ltr'><strong>τοῦ</strong></span> <span class='ocrx_word' id='word_1_180' title='bbox 1102 2902 1295 2974; x_wconf 81' lang='grc' dir='ltr'><strong>θνητοῦ</strong></span> <span class='ocrx_word' id='word_1_181' title='bbox 1326 2903 1594 2976; x_wconf 79' lang='grc' dir='ltr'><strong>σώματος.</strong></span> 
     </span>
    </p>
   </div>
   <div class='ocr_carea' id='block_1_29' title="bbox 805 2986 1489 3059">
    <p class='ocr_par' dir='ltr' id='par_1_29' title="bbox 805 2986 1489 3059">
     <span class='ocr_line' id='line_1_29' title="bbox 805 2986 1489 3059; baseline 0.007 -15"><span class='ocrx_word' id='word_1_182' title='bbox 805 2994 852 3045; x_wconf 89' lang='grc' dir='ltr'><strong><em>Σ</em></strong></span> <span class='ocrx_word' id='word_1_183' title='bbox 854 2993 1061 3059; x_wconf 74' lang='grc' dir='ltr'><strong>χόλων</strong></span> <span class='ocrx_word' id='word_1_184' title='bbox 1098 2992 1181 3047; x_wconf 84' lang='grc' dir='ltr'><strong>ιθ’.</strong></span> <span class='ocrx_word' id='word_1_185' title='bbox 1484 2986 1489 2991; x_wconf 59' lang='grc'><strong><em>’</em></strong></span> 
     </span>
    </p>
   </div>
   <div class='ocr_carea' id='block_1_30' title="bbox 299 3074 1770 3158">
    <p class='ocr_par' dir='ltr' id='par_1_30' title="bbox 299 3074 1770 3158">
     <span class='ocr_line' id='line_1_30' title="bbox 299 3074 1770 3158; baseline 0.008 -28"><span class='ocrx_word' id='word_1_186' title='bbox 299 3074 362 3130; x_wconf 84' lang='lat'><strong>&#39;0</strong></span> <span class='ocrx_word' id='word_1_187' title='bbox 389 3075 562 3132; x_wconf 85' lang='grc' dir='ltr'><strong>θανὼν</strong></span> <span class='ocrx_word' id='word_1_188' title='bbox 600 3080 719 3145; x_wconf 78' lang='grc' dir='ltr'><strong>ταῖς</strong></span> <span class='ocrx_word' id='word_1_189' title='bbox 765 3081 1079 3151; x_wconf 81' lang='grc' dir='ltr'><strong>ἁμαρτίαις,</strong></span> <span class='ocrx_word' id='word_1_190' title='bbox 1112 3085 1208 3139; x_wconf 73' lang='grc' dir='ltr'><strong>καὶ</strong></span> <span class='ocrx_word' id='word_1_191' title='bbox 1242 3085 1331 3139; x_wconf 72' lang='grc' dir='ltr'><strong>διὰ</strong></span> <span class='ocrx_word' id='word_1_192' title='bbox 1356 3088 1452 3158; x_wconf 82' lang='grc' dir='ltr'><strong>τῆς</strong></span> <span class='ocrx_word' id='word_1_193' title='bbox 1484 3087 1770 3157; x_wconf 82' lang='grc' dir='ltr'><strong>μετανοίας</strong></span> 
     </span>
    </p>
   </div>
   <div class='ocr_carea' id='block_1_31' title="bbox 1866 642 3414 722">
    <p class='ocr_par' dir='ltr' id='par_1_31' title="bbox 1866 642 3414 722">
     <span class='ocr_line' id='line_1_31' title="bbox 1866 642 3414 722; baseline 0.006 -27"><span class='ocrx_word' id='word_1_194' title='bbox 1866 642 1995 696; x_wconf 89' lang='lat' dir='ltr'><strong>tiam</strong></span> <span class='ocrx_word' id='word_1_195' title='bbox 2016 643 2212 699; x_wconf 85' lang='lat' dir='ltr'><strong>habeat</strong></span> <span class='ocrx_word' id='word_1_196' title='bbox 2234 655 2448 710; x_wconf 87' lang='lat' dir='ltr'><strong>testem,</strong></span> <span class='ocrx_word' id='word_1_197' title='bbox 2474 646 2617 716; x_wconf 87' lang='lat' dir='ltr'><strong>quod</strong></span> <span class='ocrx_word' id='word_1_198' title='bbox 2648 655 2705 701; x_wconf 91' lang='lat' dir='ltr'><strong>et</strong></span> <span class='ocrx_word' id='word_1_199' title='bbox 2727 654 2955 722; x_wconf 87' lang='lat' dir='ltr'><strong>mortem</strong></span> <span class='ocrx_word' id='word_1_200' title='bbox 2986 648 3271 716; x_wconf 86' lang='lat' dir='ltr'><strong>appellavit</strong></span> <span class='ocrx_word' id='word_1_201' title='bbox 3293 666 3309 702; x_wconf 89' lang='lat'><strong>:</strong></span> <span class='ocrx_word' id='word_1_202' title='bbox 3331 659 3414 704; x_wconf 90' lang='lat' dir='ltr'><strong>est</strong></span> 
     </span>
    </p>
   </div>
   <div class='ocr_carea' id='block_1_32' title="bbox 1864 732 3411 807">
    <p class='ocr_par' dir='ltr' id='par_1_32' title="bbox 1864 732 3411 807">
     <span class='ocr_line' id='line_1_32' title="bbox 1864 732 3411 807; baseline 0.005 -22"><span class='ocrx_word' id='word_1_203' title='bbox 1864 732 2007 797; x_wconf 80' lang='lat' dir='ltr'><strong>enim</strong></span> <span class='ocrx_word' id='word_1_204' title='bbox 2045 736 2290 802; x_wconf 65' lang='lat' dir='ltr'><strong>qumdam</strong></span> <span class='ocrx_word' id='word_1_205' title='bbox 2319 753 2468 792; x_wconf 90' lang='lat' dir='ltr'><strong>mors</strong></span> <span class='ocrx_word' id='word_1_206' title='bbox 2514 738 2568 791; x_wconf 92' lang='lat' dir='ltr'><strong>in</strong></span> <span class='ocrx_word' id='word_1_207' title='bbox 2590 736 2765 799; x_wconf 90' lang='lat' dir='ltr'><strong>nobis,</strong></span> <span class='ocrx_word' id='word_1_208' title='bbox 2794 752 2957 806; x_wconf 89' lang='lat' dir='ltr'><strong>quam</strong></span> <span class='ocrx_word' id='word_1_209' title='bbox 2992 752 3203 807; x_wconf 88' lang='lat' dir='ltr'><strong>semper</strong></span> <span class='ocrx_word' id='word_1_210' title='bbox 3231 740 3411 793; x_wconf 79' lang='lat' dir='ltr'><strong>uobis-</strong></span> 
     </span>
    </p>
   </div>
   <div class='ocr_carea' id='block_1_33' title="bbox 1866 825 2470 883">
    <p class='ocr_par' dir='ltr' id='par_1_33' title="bbox 1866 825 2470 883">
     <span class='ocr_line' id='line_1_33' title="bbox 1866 825 2470 883; baseline 0.008 -7"><span class='ocrx_word' id='word_1_211' title='bbox 1866 837 1988 877; x_wconf 84' lang='lat' dir='ltr'><strong>cum</strong></span> <span class='ocrx_word' id='word_1_212' title='bbox 2018 825 2470 883; x_wconf 80' lang='lat' dir='ltr'><strong>circumlerimus.</strong></span> 
     </span>
    </p>
   </div>
   <div class='ocr_carea' id='block_1_34' title="bbox 2447 919 2823 975">
    <p class='ocr_par' dir='ltr' id='par_1_34' title="bbox 2447 919 2823 975">
     <span class='ocr_line' id='line_1_34' title="bbox 2447 919 2823 975; baseline -0.005 0"><span class='ocrx_word' id='word_1_213' title='bbox 2447 919 2693 975; x_wconf 79' lang='lat' dir='ltr'><strong>Scholion</strong></span> <span class='ocrx_word' id='word_1_214' title='bbox 2738 920 2823 974; x_wconf 70' lang='grc'><strong>18.</strong></span> 
     </span>
    </p>
   </div>
   <div class='ocr_carea' id='block_1_35' title="bbox 1938 1002 3414 1091">
    <p class='ocr_par' dir='ltr' id='par_1_35' title="bbox 1938 1002 3414 1091">
     <span class='ocr_line' id='line_1_35' title="bbox 1938 1002 3414 1091; baseline 0.006 -33"><span class='ocrx_word' id='word_1_215' title='bbox 1938 1002 2064 1059; x_wconf 67' lang='lat' dir='ltr'><strong>Haec</strong></span> <span class='ocrx_word' id='word_1_216' title='bbox 2090 1005 2263 1078; x_wconf 87' lang='lat' dir='ltr'><strong>(caro)</strong></span> <span class='ocrx_word' id='word_1_217' title='bbox 2290 1007 2507 1063; x_wconf 87' lang='lat' dir='ltr'><strong>inimica</strong></span> <span class='ocrx_word' id='word_1_218' title='bbox 2540 1025 2660 1064; x_wconf 91' lang='lat' dir='ltr'><strong>mea</strong></span> <span class='ocrx_word' id='word_1_219' title='bbox 2699 1017 2951 1081; x_wconf 87' lang='lat' dir='ltr'><strong>tanquam</strong></span> <span class='ocrx_word' id='word_1_220' title='bbox 2986 1020 3176 1066; x_wconf 87' lang='lat' dir='ltr'><strong>natura</strong></span> <span class='ocrx_word' id='word_1_221' title='bbox 3222 1014 3414 1091; x_wconf 73' lang='lat' dir='ltr'><strong>animm</strong></span> 
     </span>
    </p>
   </div>
   <div class='ocr_carea' id='block_1_36' title="bbox 1867 1103 3415 1176">
    <p class='ocr_par' dir='ltr' id='par_1_36' title="bbox 1867 1103 3415 1176">
     <span class='ocr_line' id='line_1_36' title="bbox 1867 1103 3415 1176; baseline 0.005 -24"><span class='ocrx_word' id='word_1_222' title='bbox 1867 1113 2115 1165; x_wconf 80' lang='lat' dir='ltr'><strong>consors,</strong></span> <span class='ocrx_word' id='word_1_223' title='bbox 2143 1109 2200 1155; x_wconf 91' lang='lat' dir='ltr'><strong>et</strong></span> <span class='ocrx_word' id='word_1_224' title='bbox 2229 1118 2349 1171; x_wconf 73' lang='lat' dir='ltr'><strong>quae</strong></span> <span class='ocrx_word' id='word_1_225' title='bbox 2380 1103 2707 1174; x_wconf 81' lang='lat' dir='ltr'><strong>diligiturab</strong></span> <span class='ocrx_word' id='word_1_226' title='bbox 2745 1104 2833 1158; x_wconf 92' lang='lat' dir='ltr'><strong>illa</strong></span> <span class='ocrx_word' id='word_1_227' title='bbox 2880 1103 3127 1176; x_wconf 80' lang='lat' dir='ltr'><strong>[fovenda</strong></span> <span class='ocrx_word' id='word_1_228' title='bbox 3160 1122 3252 1160; x_wconf 89' lang='lat' dir='ltr'><strong>seu</strong></span> <span class='ocrx_word' id='word_1_229' title='bbox 3296 1125 3415 1175; x_wconf 70' lang='lat' dir='ltr'><strong>qua:</strong></span> 
     </span>
    </p>
   </div>
   <div class='ocr_carea' id='block_1_37' title="bbox 1867 1185 3414 1265">
    <p class='ocr_par' dir='ltr' id='par_1_37' title="bbox 1867 1185 3414 1265">
     <span class='ocr_line' id='line_1_37' title="bbox 1867 1185 3414 1265; baseline 0.006 -26"><span class='ocrx_word' id='word_1_230' title='bbox 1867 1185 2077 1243; x_wconf 81' lang='lat' dir='ltr'><strong>fovetur</strong></span> <span class='ocrx_word' id='word_1_231' title='bbox 2098 1190 2166 1245; x_wconf 90' lang='lat' dir='ltr'><strong>ab</strong></span> <span class='ocrx_word' id='word_1_232' title='bbox 2197 1190 2330 1262; x_wconf 77' lang='lat' dir='ltr'><strong>illa].</strong></span> <span class='ocrx_word' id='word_1_233' title='bbox 2366 1190 2483 1247; x_wconf 84' lang='lat' dir='ltr'><strong>Non</strong></span> <span class='ocrx_word' id='word_1_234' title='bbox 2513 1208 2651 1258; x_wconf 90' lang='lat' dir='ltr'><strong>mea,</strong></span> <span class='ocrx_word' id='word_1_235' title='bbox 2681 1202 2867 1263; x_wconf 83' lang='lat' dir='ltr'><strong>utpote</strong></span> <span class='ocrx_word' id='word_1_236' title='bbox 2900 1205 3082 1249; x_wconf 85' lang='lat' dir='ltr'><strong>contra</strong></span> <span class='ocrx_word' id='word_1_237' title='bbox 3119 1213 3279 1264; x_wconf 86' lang='lat' dir='ltr'><strong>quam</strong></span> <span class='ocrx_word' id='word_1_238' title='bbox 3318 1216 3414 1265; x_wconf 83' lang='lat' dir='ltr'><strong>pn-</strong></span> 
     </span>
    </p>
   </div>
   <div class='ocr_carea' id='block_1_38' title="bbox 1868 1272 3415 1353">
    <p class='ocr_par' dir='ltr' id='par_1_38' title="bbox 1868 1272 3415 1353">
     <span class='ocr_line' id='line_1_38' title="bbox 1868 1272 3415 1353; baseline 0.003 -23"><span class='ocrx_word' id='word_1_239' title='bbox 1868 1286 1997 1347; x_wconf 87' lang='lat' dir='ltr'><strong>gnat</strong></span> <span class='ocrx_word' id='word_1_240' title='bbox 2025 1272 2204 1336; x_wconf 83' lang='lat' dir='ltr'><strong>anima</strong></span> <span class='ocrx_word' id='word_1_241' title='bbox 2230 1282 2378 1336; x_wconf 86' lang='lat' dir='ltr'><strong>velut</strong></span> <span class='ocrx_word' id='word_1_242' title='bbox 2416 1283 2625 1338; x_wconf 84' lang='lat' dir='ltr'><strong>hostem</strong></span> <span class='ocrx_word' id='word_1_243' title='bbox 2674 1299 2832 1339; x_wconf 90' lang='lat' dir='ltr'><strong>suum</strong></span> <span class='ocrx_word' id='word_1_244' title='bbox 2870 1303 2883 1338; x_wconf 92' lang='lat'><strong>:</strong></span> <span class='ocrx_word' id='word_1_245' title='bbox 2916 1285 2968 1339; x_wconf 90' lang='lat' dir='ltr'><strong>id</strong></span> <span class='ocrx_word' id='word_1_246' title='bbox 3004 1285 3143 1353; x_wconf 87' lang='lat' dir='ltr'><strong>quod</strong></span> <span class='ocrx_word' id='word_1_247' title='bbox 3165 1288 3415 1353; x_wconf 57' lang='lat' dir='ltr'><strong>gravissi-</strong></span> 
     </span>
    </p>
   </div>
   <div class='ocr_carea' id='block_1_39' title="bbox 1870 1373 3410 1445">
    <p class='ocr_par' dir='ltr' id='par_1_39' title="bbox 1870 1373 3410 1445">
     <span class='ocr_line' id='line_1_39' title="bbox 1870 1373 3410 1445; baseline 0.005 -23"><span class='ocrx_word' id='word_1_248' title='bbox 1870 1384 2017 1423; x_wconf 90' lang='lat' dir='ltr'><strong>mum</strong></span> <span class='ocrx_word' id='word_1_249' title='bbox 2039 1380 2141 1425; x_wconf 90' lang='lat' dir='ltr'><strong>est.</strong></span> <span class='ocrx_word' id='word_1_250' title='bbox 2183 1373 2473 1441; x_wconf 81' lang='lat' dir='ltr'><strong>Apostolus</strong></span> <span class='ocrx_word' id='word_1_251' title='bbox 2501 1390 2630 1444; x_wconf 86' lang='lat' dir='ltr'><strong>ergo</strong></span> <span class='ocrx_word' id='word_1_252' title='bbox 2661 1383 2880 1445; x_wconf 85' lang='lat' dir='ltr'><strong>propter</strong></span> <span class='ocrx_word' id='word_1_253' title='bbox 2922 1376 3171 1431; x_wconf 85' lang='lat' dir='ltr'><strong>scandala</strong></span> <span class='ocrx_word' id='word_1_254' title='bbox 3195 1391 3314 1445; x_wconf 64' lang='lat' dir='ltr'><strong>qua:</strong></span> <span class='ocrx_word' id='word_1_255' title='bbox 3348 1393 3410 1429; x_wconf 69' lang='lat' dir='ltr'><strong>cx</strong></span> 
     </span>
    </p>
   </div>
   <div class='ocr_carea' id='block_1_40' title="bbox 1868 1461 3414 1533">
    <p class='ocr_par' dir='ltr' id='par_1_40' title="bbox 1868 1461 3414 1533">
     <span class='ocr_line' id='line_1_40' title="bbox 1868 1461 3414 1533; baseline 0.005 -25"><span class='ocrx_word' id='word_1_256' title='bbox 1868 1466 2055 1513; x_wconf 82' lang='lat' dir='ltr'><strong>ventre</strong></span> <span class='ocrx_word' id='word_1_257' title='bbox 2088 1461 2409 1529; x_wconf 83' lang='lat' dir='ltr'><strong>proveniunt</strong></span> <span class='ocrx_word' id='word_1_258' title='bbox 2452 1462 2664 1524; x_wconf 64' lang='lat' dir='ltr'><strong>animm,</strong></span> <span class='ocrx_word' id='word_1_259' title='bbox 2693 1479 2891 1532; x_wconf 87' lang='lat' dir='ltr'><strong>corpus</strong></span> <span class='ocrx_word' id='word_1_260' title='bbox 2918 1471 3146 1517; x_wconf 89' lang='lat' dir='ltr'><strong>mortem</strong></span> <span class='ocrx_word' id='word_1_261' title='bbox 3181 1464 3414 1533; x_wconf 80' lang='lat' dir='ltr'><strong>appella-</strong></span> 
     </span>
    </p>
   </div>
   <div class='ocr_carea' id='block_1_41' title="bbox 1870 1546 3410 1623">
    <p class='ocr_par' dir='ltr' id='par_1_41' title="bbox 1870 1546 3410 1623">
     <span class='ocr_line' id='line_1_41' title="bbox 1870 1546 3410 1623; baseline 0.005 -25"><span class='ocrx_word' id='word_1_262' title='bbox 1870 1546 1946 1600; x_wconf 91' lang='lat' dir='ltr'><strong>vit</strong></span> <span class='ocrx_word' id='word_1_263' title='bbox 1967 1549 2033 1600; x_wconf 81' lang='grc'><strong>⁶².</strong></span> <span class='ocrx_word' id='word_1_264' title='bbox 2074 1548 2365 1620; x_wconf 80' lang='lat' dir='ltr'><strong>Gregorius</strong></span> <span class='ocrx_word' id='word_1_265' title='bbox 2418 1559 2594 1605; x_wconf 85' lang='lat' dir='ltr'><strong>autem</strong></span> <span class='ocrx_word' id='word_1_266' title='bbox 2632 1552 2937 1623; x_wconf 80' lang='lat' dir='ltr'><strong>Theologus</strong></span> <span class='ocrx_word' id='word_1_267' title='bbox 2966 1554 3211 1622; x_wconf 68' lang='lat' dir='ltr'><strong>vitiosam</strong></span> <span class='ocrx_word' id='word_1_268' title='bbox 3234 1565 3285 1609; x_wconf 90' lang='lat' dir='ltr'><strong>et</strong></span> <span class='ocrx_word' id='word_1_269' title='bbox 3314 1572 3410 1607; x_wconf 54' lang='lat' dir='ltr'><strong>no-</strong></span> 
     </span>
    </p>
   </div>
   <div class='ocr_carea' id='block_1_42' title="bbox 1871 1642 3414 1713">
    <p class='ocr_par' dir='ltr' id='par_1_42' title="bbox 1871 1642 3414 1713">
     <span class='ocr_line' id='line_1_42' title="bbox 1871 1642 3414 1713; baseline 0.005 -24"><span class='ocrx_word' id='word_1_270' title='bbox 1871 1646 2116 1693; x_wconf 86' lang='lat' dir='ltr'><strong>cturnam</strong></span> <span class='ocrx_word' id='word_1_271' title='bbox 2190 1642 2433 1710; x_wconf 84' lang='lat' dir='ltr'><strong>corporis</strong></span> <span class='ocrx_word' id='word_1_272' title='bbox 2501 1642 2902 1713; x_wconf 72' lang='lat' dir='ltr'><strong>generationem</strong></span> <span class='ocrx_word' id='word_1_273' title='bbox 2957 1648 3185 1708; x_wconf 85' lang='lat' dir='ltr'><strong>vocavit,</strong></span> <span class='ocrx_word' id='word_1_274' title='bbox 3242 1650 3414 1700; x_wconf 53' lang='grc' dir='ltr'><strong>ποθεὶς</strong></span> 
     </span>
    </p>
   </div>
   <div class='ocr_carea' id='block_1_43' title="bbox 1872 1732 3416 1803">
    <p class='ocr_par' dir='ltr' id='par_1_43' title="bbox 1872 1732 3416 1803">
     <span class='ocr_line' id='line_1_43' title="bbox 1872 1732 3416 1803; baseline 0.007 -22"><span class='ocrx_word' id='word_1_275' title='bbox 1872 1743 2062 1797; x_wconf 85' lang='lat' dir='ltr'><strong>nempe</strong></span> <span class='ocrx_word' id='word_1_276' title='bbox 2103 1738 2159 1784; x_wconf 88' lang='lat' dir='ltr'><strong>et</strong></span> <span class='ocrx_word' id='word_1_277' title='bbox 2209 1732 2501 1801; x_wconf 83' lang='lat' dir='ltr'><strong>voluptatis</strong></span> <span class='ocrx_word' id='word_1_278' title='bbox 2549 1747 2709 1802; x_wconf 90' lang='lat' dir='ltr'><strong>opus,</strong></span> <span class='ocrx_word' id='word_1_279' title='bbox 2761 1734 2956 1803; x_wconf 88' lang='lat' dir='ltr'><strong>spiritu</strong></span> <span class='ocrx_word' id='word_1_280' title='bbox 2985 1747 3040 1790; x_wconf 91' lang='lat' dir='ltr'><strong>et</strong></span> <span class='ocrx_word' id='word_1_281' title='bbox 3068 1736 3316 1792; x_wconf 83' lang='lat' dir='ltr'><strong>libertate</strong></span> <span class='ocrx_word' id='word_1_282' title='bbox 3364 1749 3416 1792; x_wconf 88' lang='lat' dir='ltr'><strong>et</strong></span> 
     </span>
    </p>
   </div>
   <div class='ocr_carea' id='block_1_44' title="bbox 1871 1817 2667 1877">
    <p class='ocr_par' dir='ltr' id='par_1_44' title="bbox 1871 1817 2667 1877">
     <span class='ocr_line' id='line_1_44' title="bbox 1871 1817 2667 1877; baseline 0.008 -6"><span class='ocrx_word' id='word_1_283' title='bbox 1871 1817 1991 1873; x_wconf 87' lang='lat' dir='ltr'><strong>luce</strong></span> <span class='ocrx_word' id='word_1_284' title='bbox 2021 1818 2258 1876; x_wconf 90' lang='lat' dir='ltr'><strong>deterius</strong></span> <span class='ocrx_word' id='word_1_285' title='bbox 2284 1828 2340 1876; x_wconf 87' lang='lat' dir='ltr'><strong>et</strong></span> <span class='ocrx_word' id='word_1_286' title='bbox 2368 1822 2667 1877; x_wconf 87' lang='lat' dir='ltr'><strong>inimicum.</strong></span> 
     </span>
    </p>
   </div>
   <div class='ocr_carea' id='block_1_45' title="bbox 2351 1911 2935 1981">
    <p class='ocr_par' dir='ltr' id='par_1_45' title="bbox 2351 1911 2935 1981">
     <span class='ocr_line' id='line_1_45' title="bbox 2351 1911 2935 1981; baseline 0.005 -17"><span class='ocrx_word' id='word_1_287' title='bbox 2351 1911 2515 1964; x_wconf 81' lang='lat' dir='ltr'><strong>Aliud</strong></span> <span class='ocrx_word' id='word_1_288' title='bbox 2556 1912 2935 1981; x_wconf 76' lang='lat' dir='ltr'><strong>Chrysostomi.</strong></span> 
     </span>
    </p>
   </div>
   <div class='ocr_carea' id='block_1_46' title="bbox 1937 1993 3417 2070">
    <p class='ocr_par' dir='ltr' id='par_1_46' title="bbox 1937 1993 3417 2070">
     <span class='ocr_line' id='line_1_46' title="bbox 1937 1993 3417 2070; baseline 0.006 -21"><span class='ocrx_word' id='word_1_289' title='bbox 1937 1993 2059 2051; x_wconf 89' lang='lat' dir='ltr'><strong>Noli</strong></span> <span class='ocrx_word' id='word_1_290' title='bbox 2102 2008 2290 2067; x_wconf 90' lang='lat' dir='ltr'><strong>putare</strong></span> <span class='ocrx_word' id='word_1_291' title='bbox 2335 2016 2551 2055; x_wconf 89' lang='lat' dir='ltr'><strong>carnem</strong></span> <span class='ocrx_word' id='word_1_292' title='bbox 2605 2003 2774 2070; x_wconf 82' lang='lat' dir='ltr'><strong>ipsam</strong></span> <span class='ocrx_word' id='word_1_293' title='bbox 2822 2002 3088 2056; x_wconf 87' lang='lat' dir='ltr'><strong>accusari.</strong></span> <span class='ocrx_word' id='word_1_294' title='bbox 3133 2001 3249 2057; x_wconf 82' lang='lat' dir='ltr'><strong>Non</strong></span> <span class='ocrx_word' id='word_1_295' title='bbox 3279 2004 3417 2058; x_wconf 69' lang='lat' dir='ltr'><strong>dixit</strong></span> 
     </span>
    </p>
   </div>
   <div class='ocr_carea' id='block_1_47' title="bbox 1867 2088 3416 2162">
    <p class='ocr_par' dir='ltr' id='par_1_47' title="bbox 1867 2088 3416 2162">
     <span class='ocr_line' id='line_1_47' title="bbox 1867 2088 3416 2162; baseline 0.006 -22"><span class='ocrx_word' id='word_1_296' title='bbox 1867 2088 2159 2153; x_wconf 78' lang='lat' dir='ltr'><strong>Apostolus</strong></span> <span class='ocrx_word' id='word_1_297' title='bbox 2221 2109 2405 2162; x_wconf 72' lang='lat' dir='ltr'><strong>corpus</strong></span> <span class='ocrx_word' id='word_1_298' title='bbox 2450 2094 2668 2162; x_wconf 79' lang='lat' dir='ltr'><strong>peccati,</strong></span> <span class='ocrx_word' id='word_1_299' title='bbox 2713 2093 3017 2162; x_wconf 80' lang='lat' dir='ltr'><strong>sedcorpus</strong></span> <span class='ocrx_word' id='word_1_300' title='bbox 3049 2096 3253 2149; x_wconf 80' lang='lat' dir='ltr'><strong>mortis.</strong></span> <span class='ocrx_word' id='word_1_301' title='bbox 3289 2098 3416 2150; x_wconf 76' lang='lat' dir='ltr'><strong>Sive</strong></span> 
     </span>
    </p>
   </div>
   <div class='ocr_carea' id='block_1_48' title="bbox 1870 2180 3413 2255">
    <p class='ocr_par' dir='ltr' id='par_1_48' title="bbox 1870 2180 3413 2255">
     <span class='ocr_line' id='line_1_48' title="bbox 1870 2180 3413 2255; baseline 0.008 -22"><span class='ocrx_word' id='word_1_302' title='bbox 1870 2180 2153 2238; x_wconf 83' lang='lat' dir='ltr'><strong>subactum</strong></span> <span class='ocrx_word' id='word_1_303' title='bbox 2188 2198 2218 2236; x_wconf 93' lang='lat' dir='ltr'><strong>a</strong></span> <span class='ocrx_word' id='word_1_304' title='bbox 2256 2196 2451 2249; x_wconf 89' lang='lat' dir='ltr'><strong>morte,</strong></span> <span class='ocrx_word' id='word_1_305' title='bbox 2486 2200 2593 2238; x_wconf 90' lang='lat' dir='ltr'><strong>non</strong></span> <span class='ocrx_word' id='word_1_306' title='bbox 2646 2186 2790 2255; x_wconf 91' lang='lat' dir='ltr'><strong>quod</strong></span> <span class='ocrx_word' id='word_1_307' title='bbox 2842 2186 3114 2255; x_wconf 75' lang='lat' dir='ltr'><strong>generavit</strong></span> <span class='ocrx_word' id='word_1_308' title='bbox 3167 2199 3413 2245; x_wconf 86' lang='lat' dir='ltr'><strong>mortem.</strong></span> 
     </span>
    </p>
   </div>
   <div class='ocr_carea' id='block_1_49' title="bbox 1868 2270 3413 2345">
    <p class='ocr_par' dir='ltr' id='par_1_49' title="bbox 1868 2270 3413 2345">
     <span class='ocr_line' id='line_1_49' title="bbox 1868 2270 3413 2345; baseline 0.004 -22"><span class='ocrx_word' id='word_1_309' title='bbox 1868 2270 2012 2338; x_wconf 91' lang='lat' dir='ltr'><strong>quod</strong></span> <span class='ocrx_word' id='word_1_310' title='bbox 2044 2286 2151 2324; x_wconf 91' lang='lat' dir='ltr'><strong>non</strong></span> <span class='ocrx_word' id='word_1_311' title='bbox 2187 2279 2272 2326; x_wconf 84' lang='lat' dir='ltr'><strong>est</strong></span> <span class='ocrx_word' id='word_1_312' title='bbox 2308 2273 2545 2338; x_wconf 66' lang='lat' dir='ltr'><strong>malitia,</strong></span> <span class='ocrx_word' id='word_1_313' title='bbox 2581 2274 2675 2329; x_wconf 89' lang='lat' dir='ltr'><strong>sed</strong></span> <span class='ocrx_word' id='word_1_314' title='bbox 2726 2274 2994 2329; x_wconf 70' lang='lat' dir='ltr'><strong>violentia:</strong></span> <span class='ocrx_word' id='word_1_315' title='bbox 3032 2277 3230 2340; x_wconf 89' lang='lat' dir='ltr'><strong>carnis,</strong></span> <span class='ocrx_word' id='word_1_316' title='bbox 3252 2292 3413 2345; x_wconf 84' lang='lat' dir='ltr'><strong>quam</strong></span> 
     </span>
    </p>
   </div>
   <div class='ocr_carea' id='block_1_50' title="bbox 1870 2358 3415 2434">
    <p class='ocr_par' dir='ltr' id='par_1_50' title="bbox 1870 2358 3415 2434">
     <span class='ocr_line' id='line_1_50' title="bbox 1870 2358 3415 2434; baseline 0.006 -24"><span class='ocrx_word' id='word_1_317' title='bbox 1870 2358 2147 2423; x_wconf 87' lang='lat' dir='ltr'><strong>sustinuit,</strong></span> <span class='ocrx_word' id='word_1_318' title='bbox 2172 2360 2402 2429; x_wconf 79' lang='lat' dir='ltr'><strong>signum.</strong></span> <span class='ocrx_word' id='word_1_319' title='bbox 2446 2358 2569 2415; x_wconf 88' lang='lat' dir='ltr'><strong>Utsi</strong></span> <span class='ocrx_word' id='word_1_320' title='bbox 2593 2363 2716 2431; x_wconf 86' lang='lat' dir='ltr'><strong>quis</strong></span> <span class='ocrx_word' id='word_1_321' title='bbox 2740 2377 2771 2415; x_wconf 91' lang='lat' dir='ltr'><strong>a</strong></span> <span class='ocrx_word' id='word_1_322' title='bbox 2797 2362 3041 2419; x_wconf 84' lang='lat' dir='ltr'><strong>barbaris</strong></span> <span class='ocrx_word' id='word_1_323' title='bbox 3068 2374 3275 2434; x_wconf 86' lang='lat' dir='ltr'><strong>captus,</strong></span> <span class='ocrx_word' id='word_1_324' title='bbox 3310 2383 3415 2419; x_wconf 85' lang='lat' dir='ltr'><strong>non</strong></span> 
     </span>
    </p>
   </div>
   <div class='ocr_carea' id='block_1_51' title="bbox 1869 2449 3416 2525">
    <p class='ocr_par' dir='ltr' id='par_1_51' title="bbox 1869 2449 3416 2525">
     <span class='ocr_line' id='line_1_51' title="bbox 1869 2449 3416 2525; baseline 0.006 -24"><span class='ocrx_word' id='word_1_325' title='bbox 1869 2449 2012 2516; x_wconf 89' lang='lat' dir='ltr'><strong>quod</strong></span> <span class='ocrx_word' id='word_1_326' title='bbox 2056 2450 2171 2518; x_wconf 92' lang='lat' dir='ltr'><strong>ipse</strong></span> <span class='ocrx_word' id='word_1_327' title='bbox 2202 2451 2461 2504; x_wconf 84' lang='lat' dir='ltr'><strong>barbarus</strong></span> <span class='ocrx_word' id='word_1_328' title='bbox 2507 2452 2600 2515; x_wconf 89' lang='lat' dir='ltr'><strong>sit,</strong></span> <span class='ocrx_word' id='word_1_329' title='bbox 2635 2452 2727 2507; x_wconf 88' lang='lat' dir='ltr'><strong>sed</strong></span> <span class='ocrx_word' id='word_1_330' title='bbox 2755 2454 2900 2522; x_wconf 85' lang='lat' dir='ltr'><strong>quod</strong></span> <span class='ocrx_word' id='word_1_331' title='bbox 2930 2454 3000 2508; x_wconf 84' lang='lat' dir='ltr'><strong>ab</strong></span> <span class='ocrx_word' id='word_1_332' title='bbox 3022 2454 3153 2525; x_wconf 86' lang='lat' dir='ltr'><strong>ipsis</strong></span> <span class='ocrx_word' id='word_1_333' title='bbox 3179 2456 3416 2511; x_wconf 85' lang='lat' dir='ltr'><strong>detinea-</strong></span> 
     </span>
    </p>
   </div>
   <div class='ocr_carea' id='block_1_52' title="bbox 1870 2538 3416 2616">
    <p class='ocr_par' dir='ltr' id='par_1_52' title="bbox 1870 2538 3416 2616">
     <span class='ocr_line' id='line_1_52' title="bbox 1870 2538 3416 2616; baseline 0.005 -23"><span class='ocrx_word' id='word_1_334' title='bbox 1870 2553 1977 2593; x_wconf 87' lang='lat' dir='ltr'><strong>tur.</strong></span> <span class='ocrx_word' id='word_1_335' title='bbox 2009 2538 2083 2594; x_wconf 90' lang='lat' dir='ltr'><strong>lta</strong></span> <span class='ocrx_word' id='word_1_336' title='bbox 2112 2556 2308 2611; x_wconf 87' lang='lat' dir='ltr'><strong>corpus</strong></span> <span class='ocrx_word' id='word_1_337' title='bbox 2329 2544 2520 2597; x_wconf 87' lang='lat' dir='ltr'><strong>mortis</strong></span> <span class='ocrx_word' id='word_1_338' title='bbox 2545 2544 2761 2608; x_wconf 88' lang='lat' dir='ltr'><strong>dicitur,</strong></span> <span class='ocrx_word' id='word_1_339' title='bbox 2793 2559 2860 2599; x_wconf 91' lang='lat' dir='ltr'><strong>eo</strong></span> <span class='ocrx_word' id='word_1_340' title='bbox 2890 2548 3034 2616; x_wconf 81' lang='lat' dir='ltr'><strong>quod</strong></span> <span class='ocrx_word' id='word_1_341' title='bbox 3064 2563 3093 2601; x_wconf 87' lang='lat' dir='ltr'><strong>a</strong></span> <span class='ocrx_word' id='word_1_342' title='bbox 3120 2556 3293 2603; x_wconf 86' lang='lat' dir='ltr'><strong>morte</strong></span> <span class='ocrx_word' id='word_1_343' title='bbox 3322 2566 3416 2601; x_wconf 80' lang='lat' dir='ltr'><strong>cn-</strong></span> 
     </span>
    </p>
   </div>
   <div class='ocr_carea' id='block_1_53' title="bbox 1870 2631 3415 2705">
    <p class='ocr_par' dir='ltr' id='par_1_53' title="bbox 1870 2631 3415 2705">
     <span class='ocr_line' id='line_1_53' title="bbox 1870 2631 3415 2705; baseline 0.006 -22"><span class='ocrx_word' id='word_1_344' title='bbox 1870 2640 2016 2697; x_wconf 87' lang='lat' dir='ltr'><strong>ptum</strong></span> <span class='ocrx_word' id='word_1_345' title='bbox 2047 2631 2117 2685; x_wconf 92' lang='lat' dir='ltr'><strong>sit</strong></span> <span class='ocrx_word' id='word_1_346' title='bbox 2162 2646 2257 2686; x_wconf 91' lang='lat' dir='ltr'><strong>seu</strong></span> <span class='ocrx_word' id='word_1_347' title='bbox 2302 2631 2600 2697; x_wconf 82' lang='lat' dir='ltr'><strong>detentum,</strong></span> <span class='ocrx_word' id='word_1_348' title='bbox 2643 2648 2751 2687; x_wconf 91' lang='lat' dir='ltr'><strong>non</strong></span> <span class='ocrx_word' id='word_1_349' title='bbox 2788 2636 2933 2703; x_wconf 83' lang='lat' dir='ltr'><strong>quod</strong></span> <span class='ocrx_word' id='word_1_350' title='bbox 2967 2651 3164 2705; x_wconf 88' lang='lat' dir='ltr'><strong>corpus</strong></span> <span class='ocrx_word' id='word_1_351' title='bbox 3192 2648 3415 2692; x_wconf 73' lang='lat' dir='ltr'><strong>mortem</strong></span> 
     </span>
    </p>
   </div>
   <div class='ocr_carea' id='block_1_54' title="bbox 1869 2723 3414 2797">
    <p class='ocr_par' dir='ltr' id='par_1_54' title="bbox 1869 2723 3414 2797">
     <span class='ocr_line' id='line_1_54' title="bbox 1869 2723 3414 2797; baseline 0.006 -25"><span class='ocrx_word' id='word_1_352' title='bbox 1869 2723 2172 2790; x_wconf 86' lang='lat' dir='ltr'><strong>procurarit</strong></span> <span class='ocrx_word' id='word_1_353' title='bbox 2215 2735 2309 2778; x_wconf 89' lang='lat' dir='ltr'><strong>aut</strong></span> <span class='ocrx_word' id='word_1_354' title='bbox 2364 2724 2580 2779; x_wconf 85' lang='lat' dir='ltr'><strong>crearit.</strong></span> <span class='ocrx_word' id='word_1_355' title='bbox 2626 2724 2862 2781; x_wconf 82' lang='lat' dir='ltr'><strong>Proinde</strong></span> <span class='ocrx_word' id='word_1_356' title='bbox 2908 2725 3021 2795; x_wconf 89' lang='lat' dir='ltr'><strong>ipse</strong></span> <span class='ocrx_word' id='word_1_357' title='bbox 3047 2742 3156 2782; x_wconf 90' lang='lat' dir='ltr'><strong>non</strong></span> <span class='ocrx_word' id='word_1_358' title='bbox 3214 2731 3414 2797; x_wconf 78' lang='lat' dir='ltr'><strong>cupita</strong></span> 
     </span>
    </p>
   </div>
   <div class='ocr_carea' id='block_1_55' title="bbox 1869 2812 3080 2887">
    <p class='ocr_par' dir='ltr' id='par_1_55' title="bbox 1869 2812 3080 2887">
     <span class='ocr_line' id='line_1_55' title="bbox 1869 2812 3080 2887; baseline 0.007 -22"><span class='ocrx_word' id='word_1_359' title='bbox 1869 2826 2094 2880; x_wconf 87' lang='lat' dir='ltr'><strong>corpore</strong></span> <span class='ocrx_word' id='word_1_360' title='bbox 2126 2812 2362 2881; x_wconf 83' lang='lat' dir='ltr'><strong>liberari,</strong></span> <span class='ocrx_word' id='word_1_361' title='bbox 2403 2815 2497 2870; x_wconf 90' lang='lat' dir='ltr'><strong>sed</strong></span> <span class='ocrx_word' id='word_1_362' title='bbox 2524 2830 2557 2870; x_wconf 87' lang='lat' dir='ltr'><strong>a</strong></span> <span class='ocrx_word' id='word_1_363' title='bbox 2592 2815 2804 2871; x_wconf 85' lang='lat' dir='ltr'><strong>mortali</strong></span> <span class='ocrx_word' id='word_1_364' title='bbox 2832 2830 3080 2887; x_wconf 85' lang='lat' dir='ltr'><strong>corpore.</strong></span> 
     </span>
    </p>
   </div>
   <div class='ocr_carea' id='block_1_56' title="bbox 2456 3017 2827 3075">
    <p class='ocr_par' dir='ltr' id='par_1_56' title="bbox 2456 3017 2827 3075">
     <span class='ocr_line' id='line_1_56' title="bbox 2456 3017 2827 3075; baseline 0.003 -1"><span class='ocrx_word' id='word_1_365' title='bbox 2456 3017 2703 3074; x_wconf 79' lang='lat' dir='ltr'><strong>Scholion</strong></span> <span class='ocrx_word' id='word_1_366' title='bbox 2741 3018 2827 3075; x_wconf 73' lang='lat' dir='ltr'><strong>l9.</strong></span> 
     </span>
    </p>
   </div>
   <div class='ocr_carea' id='block_1_57' title="bbox 1938 3101 3415 3179">
    <p class='ocr_par' dir='ltr' id='par_1_57' title="bbox 1938 3101 3415 3179">
     <span class='ocr_line' id='line_1_57' title="bbox 1938 3101 3415 3179; baseline 0.004 -23"><span class='ocrx_word' id='word_1_367' title='bbox 1938 3101 2040 3167; x_wconf 79' lang='lat' dir='ltr'><strong>Qui</strong></span> <span class='ocrx_word' id='word_1_368' title='bbox 2068 3117 2163 3172; x_wconf 89' lang='lat' dir='ltr'><strong>per</strong></span> <span class='ocrx_word' id='word_1_369' title='bbox 2192 3113 2411 3174; x_wconf 85' lang='lat' dir='ltr'><strong>peccata</strong></span> <span class='ocrx_word' id='word_1_370' title='bbox 2451 3119 2699 3162; x_wconf 89' lang='lat' dir='ltr'><strong>mortuus</strong></span> <span class='ocrx_word' id='word_1_371' title='bbox 2725 3116 2831 3171; x_wconf 89' lang='lat' dir='ltr'><strong>est,</strong></span> <span class='ocrx_word' id='word_1_372' title='bbox 2856 3117 2910 3163; x_wconf 89' lang='lat' dir='ltr'><strong>et</strong></span> <span class='ocrx_word' id='word_1_373' title='bbox 2929 3123 3023 3177; x_wconf 90' lang='lat' dir='ltr'><strong>per</strong></span> <span class='ocrx_word' id='word_1_374' title='bbox 3043 3110 3415 3179; x_wconf 64' lang='lat' dir='ltr'><strong>paenitentiam</strong></span> 
     </span>
    </p>
   </div>
   <div class='ocr_carea' id='block_1_58' title="bbox 205 3165 1768 3273">
    <p class='ocr_par' dir='ltr' id='par_1_58' title="bbox 205 3165 1768 3249">
     <span class='ocr_line' id='line_1_58' title="bbox 205 3165 1768 3249; baseline 0.006 -25"><span class='ocrx_word' id='word_1_375' title='bbox 205 3165 511 3236; x_wconf 74' lang='grc' dir='ltr'><strong>ἀνανήψας,</strong></span> <span class='ocrx_word' id='word_1_376' title='bbox 541 3169 575 3239; x_wconf 76' lang='grc' dir='ltr'>ἢ</span> <span class='ocrx_word' id='word_1_377' title='bbox 613 3172 681 3240; x_wconf 77' lang='grc' dir='ltr'><strong>τῇ</strong></span> <span class='ocrx_word' id='word_1_378' title='bbox 726 3170 943 3242; x_wconf 78' lang='grc' dir='ltr'><strong>δοκήσει</strong></span> <span class='ocrx_word' id='word_1_379' title='bbox 971 3176 1046 3243; x_wconf 81' lang='grc' dir='ltr'><strong>μὴ</strong></span> <span class='ocrx_word' id='word_1_380' title='bbox 1078 3174 1270 3231; x_wconf 83' lang='grc' dir='ltr'><strong>θανών.</strong></span> <span class='ocrx_word' id='word_1_381' title='bbox 1322 3176 1385 3230; x_wconf 79' lang='lat' dir='ltr'><strong>El</strong></span> <span class='ocrx_word' id='word_1_382' title='bbox 1416 3179 1524 3249; x_wconf 87' lang='grc' dir='ltr'><strong>γὰρ</strong></span> <span class='ocrx_word' id='word_1_383' title='bbox 1567 3181 1659 3232; x_wconf 79' lang='grc' dir='ltr'><strong>καὶ</strong></span> <span class='ocrx_word' id='word_1_384' title='bbox 1700 3180 1768 3233; x_wconf 69' lang='grc' dir='ltr'><strong>τὰ</strong></span> 
     </span>
    </p>
   </div>
   <div class='ocr_carea' id='block_1_59' title="bbox 1868 3165 3415 3273">
    <p class='ocr_par' dir='ltr' id='par_1_59' title="bbox 1868 3165 3415 3267">
     <span class='ocr_line' id='line_1_59' title="bbox 1868 3165 3415 3267; baseline 0.005 -20"><span class='ocrx_word' id='word_1_385' title='bbox 1868 3165 2117 3264; x_wconf 82' lang='lat' dir='ltr'><strong>resipuit,</strong></span> <span class='ocrx_word' id='word_1_386' title='bbox 2148 3165 2241 3251; x_wconf 80' lang='lat' dir='ltr'><strong>aut</strong></span> <span class='ocrx_word' id='word_1_387' title='bbox 2268 3197 2362 3267; x_wconf 89' lang='lat' dir='ltr'><strong>qui</strong></span> <span class='ocrx_word' id='word_1_388' title='bbox 2386 3198 2533 3254; x_wconf 86' lang='lat' dir='ltr'><strong>visus</strong></span> <span class='ocrx_word' id='word_1_389' title='bbox 2562 3207 2647 3254; x_wconf 87' lang='lat' dir='ltr'><strong>est</strong></span> <span class='ocrx_word' id='word_1_390' title='bbox 2673 3215 2779 3254; x_wconf 91' lang='lat' dir='ltr'><strong>non</strong></span> <span class='ocrx_word' id='word_1_391' title='bbox 2816 3200 2983 3257; x_wconf 77' lang='lat' dir='ltr'><strong>fuisse</strong></span> <span class='ocrx_word' id='word_1_392' title='bbox 3012 3165 3279 3257; x_wconf 67' lang='lat' dir='ltr'><strong>mortuus.</strong></span> <span class='ocrx_word' id='word_1_393' title='bbox 3307 3205 3415 3256; x_wconf 65' lang='lat' dir='ltr'><strong>htsi</strong></span> 
     </span>
    </p>
   </div>
   <div class='ocr_carea' id='block_1_60' title="bbox 208 3256 1769 3333">
    <p class='ocr_par' dir='ltr' id='par_1_60' title="bbox 208 3256 1769 3333">
     <span class='ocr_line' id='line_1_60' title="bbox 208 3256 1769 3333; baseline 0.008 -23"><span class='ocrx_word' id='word_1_394' title='bbox 208 3256 495 3327; x_wconf 63' lang='grc' dir='ltr'><strong>⁶τραχύτερα</strong></span> <span class='ocrx_word' id='word_1_395' title='bbox 540 3258 769 3329; x_wconf 66' lang='grc' dir='ltr'><strong>ἐξέφυγε</strong></span> <span class='ocrx_word' id='word_1_396' title='bbox 812 3262 959 3333; x_wconf 78' lang='grc' dir='ltr'><strong>πάθη</strong></span> <span class='ocrx_word' id='word_1_397' title='bbox 979 3305 995 3328; x_wconf 87' lang='grc'><strong>,</strong></span> <span class='ocrx_word' id='word_1_398' title='bbox 1042 3264 1175 3319; x_wconf 76' lang='grc' dir='ltr'><strong>ἀλλὰ</strong></span> <span class='ocrx_word' id='word_1_399' title='bbox 1220 3269 1333 3330; x_wconf 83' lang='grc' dir='ltr'><strong>τοῖς</strong></span> <span class='ocrx_word' id='word_1_400' title='bbox 1374 3267 1589 3331; x_wconf 79' lang='grc' dir='ltr'><strong>λεπτοῖς</strong></span> <span class='ocrx_word' id='word_1_401' title='bbox 1625 3286 1769 3322; x_wconf 90' lang='grc' dir='ltr'><strong>τισιν</strong></span> 
     </span>
    </p>
   </div>
   <div class='ocr_carea' id='block_1_61' title="bbox 208 3346 1764 3429">
    <p class='ocr_par' dir='ltr' id='par_1_61' title="bbox 208 3346 1764 3429">
     <span class='ocr_line' id='line_1_61' title="bbox 208 3346 1764 3429; baseline 0.008 -30"><span class='ocrx_word' id='word_1_402' title='bbox 208 3346 559 3417; x_wconf 70' lang='grc' dir='ltr'><strong>ικοινώνησε,</strong></span> <span class='ocrx_word' id='word_1_403' title='bbox 588 3349 1010 3422; x_wconf 80' lang='grc' dir='ltr'><strong>Παραπτώματα</strong></span> <span class='ocrx_word' id='word_1_404' title='bbox 1036 3355 1163 3425; x_wconf 82' lang='grc' dir='ltr'><strong>γὰρ,</strong></span> <span class='ocrx_word' id='word_1_405' title='bbox 1208 3356 1362 3427; x_wconf 74' lang='grc' dir='ltr'><strong>φησὶ,</strong></span> <span class='ocrx_word' id='word_1_406' title='bbox 1397 3357 1480 3421; x_wconf 82' lang='grc' dir='ltr'><strong>τίς</strong></span> <span class='ocrx_word' id='word_1_407' title='bbox 1514 3359 1764 3429; x_wconf 78' lang='grc' dir='ltr'><strong>συνήσεις</strong></span> 
     </span>
    </p>
   </div>
   <div class='ocr_carea' id='block_1_62' title="bbox 208 3439 1769 3523">
    <p class='ocr_par' dir='ltr' id='par_1_62' title="bbox 208 3439 1769 3523">
     <span class='ocr_line' id='line_1_62' title="bbox 208 3439 1769 3523; baseline 0.007 -28"><span class='ocrx_word' id='word_1_408' title='bbox 208 3439 282 3495; x_wconf 73' lang='grc' dir='ltr'>Εἰ</span> <span class='ocrx_word' id='word_1_409' title='bbox 326 3439 434 3507; x_wconf 82' lang='grc' dir='ltr'><strong>γὰρ</strong></span> <span class='ocrx_word' id='word_1_410' title='bbox 477 3442 507 3493; x_wconf 83' lang='grc' dir='ltr'><strong>ό</strong></span> <span class='ocrx_word' id='word_1_411' title='bbox 545 3441 793 3514; x_wconf 77' lang='grc' dir='ltr'><strong>Χριστὸς,</strong></span> <span class='ocrx_word' id='word_1_412' title='bbox 832 3446 1015 3517; x_wconf 78' lang='grc' dir='ltr'><strong>φησὶν,</strong></span> <span class='ocrx_word' id='word_1_413' title='bbox 1063 3449 1122 3501; x_wconf 78' lang='grc' dir='ltr'><strong>ὲν</strong></span> <span class='ocrx_word' id='word_1_414' title='bbox 1170 3442 1214 3515; x_wconf 81' lang='grc' dir='ltr'>ᾧ</span> <span class='ocrx_word' id='word_1_415' title='bbox 1257 3449 1377 3503; x_wconf 81' lang='grc' dir='ltr'><strong>οὐδὲ</strong></span> <span class='ocrx_word' id='word_1_416' title='bbox 1418 3450 1564 3514; x_wconf 80' lang='grc' dir='ltr'><strong>δόλος</strong></span> <span class='ocrx_word' id='word_1_417' title='bbox 1603 3453 1661 3505; x_wconf 81' lang='grc' dir='ltr'><strong>ἐν</strong></span> <span class='ocrx_word' id='word_1_418' title='bbox 1692 3452 1769 3523; x_wconf 86' lang='grc' dir='ltr'><strong>τῷ</strong></span> 
     </span>
    </p>
   </div>
   <div class='ocr_carea' id='block_1_63' title="bbox 213 3530 1769 3615">
    <p class='ocr_par' dir='ltr' id='par_1_63' title="bbox 213 3530 1769 3615">
     <span class='ocr_line' id='line_1_63' title="bbox 213 3530 1769 3615; baseline 0.01 -34"><span class='ocrx_word' id='word_1_419' title='bbox 213 3530 448 3601; x_wconf 84' lang='grc' dir='ltr'><strong>στόματι</strong></span> <span class='ocrx_word' id='word_1_420' title='bbox 499 3530 790 3606; x_wconf 66' lang='grc' dir='ltr'><strong>ἐξευρέθη,</strong></span> <span class='ocrx_word' id='word_1_421' title='bbox 836 3536 1071 3591; x_wconf 78' lang='grc' dir='ltr'><strong>ἀπέθανε</strong></span> <span class='ocrx_word' id='word_1_422' title='bbox 1119 3540 1213 3593; x_wconf 76' lang='grc' dir='ltr'><strong>καὶ</strong></span> <span class='ocrx_word' id='word_1_423' title='bbox 1262 3541 1496 3613; x_wconf 78' lang='grc' dir='ltr'><strong>ἀνέστη,</strong></span> <span class='ocrx_word' id='word_1_424' title='bbox 1540 3542 1622 3607; x_wconf 89' lang='grc' dir='ltr'><strong>τίς</strong></span> <span class='ocrx_word' id='word_1_425' title='bbox 1662 3544 1769 3615; x_wconf 78' lang='grc' dir='ltr'><strong>ἄρα</strong></span> 
     </span>
    </p>
   </div>
   <div class='ocr_carea' id='block_1_64' title="bbox 212 3619 1765 3703">
    <p class='ocr_par' dir='ltr' id='par_1_64' title="bbox 212 3619 1765 3703">
     <span class='ocr_line' id='line_1_64' title="bbox 212 3619 1765 3703; baseline 0.011 -32"><span class='ocrx_word' id='word_1_426' title='bbox 212 3619 370 3671; x_wconf 67' lang='grc' dir='ltr'><strong>ἐστὶν</strong></span> <span class='ocrx_word' id='word_1_427' title='bbox 390 3622 419 3674; x_wconf 88' lang='grc' dir='ltr'><strong>ό</strong></span> <span class='ocrx_word' id='word_1_428' title='bbox 444 3621 534 3674; x_wconf 76' lang='grc' dir='ltr'><strong>τὸν</strong></span> <span class='ocrx_word' id='word_1_429' title='bbox 562 3623 628 3675; x_wconf 81' lang='grc' dir='ltr'><strong>ὲκ</strong></span> <span class='ocrx_word' id='word_1_430' title='bbox 645 3623 746 3696; x_wconf 87' lang='grc' dir='ltr'><strong>τῆς</strong></span> <span class='ocrx_word' id='word_1_431' title='bbox 773 3625 1044 3696; x_wconf 82' lang='grc' dir='ltr'><strong>ἁμαρτίας</strong></span> <span class='ocrx_word' id='word_1_432' title='bbox 1075 3628 1302 3683; x_wconf 78' lang='grc' dir='ltr'><strong>θάνατον</strong></span> <span class='ocrx_word' id='word_1_433' title='bbox 1320 3632 1765 3703; x_wconf 78' lang='grc' dir='ltr'><strong>διαφευξόμενοςς</strong></span> 
     </span>
    </p>
   </div>
   <div class='ocr_carea' id='block_1_65' title="bbox 214 3708 1769 3789">
    <p class='ocr_par' dir='ltr' id='par_1_65' title="bbox 214 3708 1769 3789">
     <span class='ocr_line' id='line_1_65' title="bbox 214 3708 1769 3789; baseline 0.01 -26"><span class='ocrx_word' id='word_1_434' title='bbox 214 3708 410 3772; x_wconf 74' lang='grc' dir='ltr'><strong>Οὐδεὶς</strong></span> <span class='ocrx_word' id='word_1_435' title='bbox 436 3710 465 3762; x_wconf 88' lang='grc' dir='ltr'><strong>ό</strong></span> <span class='ocrx_word' id='word_1_436' title='bbox 500 3710 742 3782; x_wconf 85' lang='grc' dir='ltr'><strong>μηδόλως</strong></span> <span class='ocrx_word' id='word_1_437' title='bbox 784 3716 1064 3789; x_wconf 80' lang='grc' dir='ltr'><strong>ἁμαρτών.</strong></span> <span class='ocrx_word' id='word_1_438' title='bbox 1096 3720 1445 3789; x_wconf 80' lang='grc' dir='ltr'><strong>Μακαριστὸς</strong></span> <span class='ocrx_word' id='word_1_439' title='bbox 1470 3719 1561 3775; x_wconf 79' lang='grc' dir='ltr'><strong>οὖν</strong></span> <span class='ocrx_word' id='word_1_440' title='bbox 1606 3726 1633 3776; x_wconf 85' lang='grc' dir='ltr'>ὁ</span> <span class='ocrx_word' id='word_1_441' title='bbox 1680 3724 1769 3778; x_wconf 78' lang='grc' dir='ltr'><strong>διὰ</strong></span> 
     </span>
    </p>
   </div>
   <div class='ocr_carea' id='block_1_66' title="bbox 218 3799 1770 3882">
    <p class='ocr_par' dir='ltr' id='par_1_66' title="bbox 218 3799 1770 3882">
     <span class='ocr_line' id='line_1_66' title="bbox 218 3799 1770 3882; baseline 0.008 -30"><span class='ocrx_word' id='word_1_442' title='bbox 218 3799 511 3870; x_wconf 78' lang='grc' dir='ltr'><strong>μετανοίας</strong></span> <span class='ocrx_word' id='word_1_443' title='bbox 539 3803 1005 3875; x_wconf 77' lang='grc' dir='ltr'><strong>ἀνακαλούμένοςο</strong></span> <span class='ocrx_word' id='word_1_444' title='bbox 1046 3809 1080 3879; x_wconf 82' lang='grc' dir='ltr'><strong>ή</strong></span> <span class='ocrx_word' id='word_1_445' title='bbox 1115 3809 1456 3875; x_wconf 77' lang='grc' dir='ltr'><strong>δὲ’σύνταξις</strong></span> <span class='ocrx_word' id='word_1_446' title='bbox 1505 3811 1599 3863; x_wconf 85' lang='grc' dir='ltr'><strong>τοῦ</strong></span> <span class='ocrx_word' id='word_1_447' title='bbox 1632 3828 1770 3882; x_wconf 86' lang='grc' dir='ltr'><strong>παρ-</strong></span> 
     </span>
    </p>
   </div>
   <div class='ocr_carea' id='block_1_67' title="bbox 215 3890 1770 3973">
    <p class='ocr_par' dir='ltr' id='par_1_67' title="bbox 215 3890 1770 3973">
     <span class='ocr_line' id='line_1_67' title="bbox 215 3890 1770 3973; baseline 0.007 -31"><span class='ocrx_word' id='word_1_448' title='bbox 215 3891 488 3961; x_wconf 62' lang='grc' dir='ltr'><strong>επομένου</strong></span> <span class='ocrx_word' id='word_1_449' title='bbox 516 3890 694 3961; x_wconf 88' lang='grc' dir='ltr'><strong>λόγου,</strong></span> <span class='ocrx_word' id='word_1_450' title='bbox 726 3894 805 3965; x_wconf 81' lang='grc' dir='ltr'><strong>τῷ</strong></span> <span class='ocrx_word' id='word_1_451' title='bbox 839 3897 1054 3967; x_wconf 76' lang='grc' dir='ltr'><strong>ῥηθέντι</strong></span> <span class='ocrx_word' id='word_1_452' title='bbox 1082 3899 1229 3953; x_wconf 78' lang='grc' dir='ltr'><strong>ἐστὶν</strong></span> <span class='ocrx_word' id='word_1_453' title='bbox 1257 3900 1415 3973; x_wconf 78' lang='grc' dir='ltr'><strong>αὕτη.</strong></span> <span class='ocrx_word' id='word_1_454' title='bbox 1447 3902 1502 3954; x_wconf 88' lang='grc'><strong>’0</strong></span> <span class='ocrx_word' id='word_1_455' title='bbox 1534 3902 1770 3971; x_wconf 74' lang='grc' dir='ltr'><strong>μακαρίο</strong></span> 
     </span>
    </p>
   </div>
   <div class='ocr_carea' id='block_1_68' title="bbox 216 3980 1765 4066">
    <p class='ocr_par' dir='ltr' id='par_1_68' title="bbox 216 3980 1765 4066">
     <span class='ocr_line' id='line_1_68' title="bbox 216 3980 1765 4066; baseline 0.01 -35"><span class='ocrx_word' id='word_1_456' title='bbox 216 3980 352 4045; x_wconf 77' lang='grc' dir='ltr'><strong>ζων,</strong></span> <span class='ocrx_word' id='word_1_457' title='bbox 380 3982 534 4052; x_wconf 72' lang='grc' dir='ltr'><strong>φησὶ,</strong></span> <span class='ocrx_word' id='word_1_458' title='bbox 566 3983 659 4036; x_wconf 80' lang='grc' dir='ltr'><strong>τὸν</strong></span> <span class='ocrx_word' id='word_1_459' title='bbox 689 3988 1076 4055; x_wconf 77' lang='grc' dir='ltr'><strong>μετανοοῦνταο</strong></span> <span class='ocrx_word' id='word_1_460' title='bbox 1109 3986 1262 4055; x_wconf 73' lang='grc' dir='ltr'><strong>οὗτος</strong></span> <span class='ocrx_word' id='word_1_461' title='bbox 1289 3991 1398 4064; x_wconf 87' lang='grc' dir='ltr'><strong>γὰρ</strong></span> <span class='ocrx_word' id='word_1_462' title='bbox 1422 3993 1450 4046; x_wconf 84' lang='grc' dir='ltr'>ὁ</span> <span class='ocrx_word' id='word_1_463' title='bbox 1474 3994 1732 4066; x_wconf 83' lang='grc' dir='ltr'><strong>πρότερος</strong></span> <span class='ocrx_word' id='word_1_464' title='bbox 1750 4009 1765 4022; x_wconf 83' lang='grc'><em>’</em></span> 
     </span>
    </p>
   </div>
   <div class='ocr_carea' id='block_1_69' title="bbox 214 4072 1771 4157">
    <p class='ocr_par' dir='ltr' id='par_1_69' title="bbox 214 4072 1771 4157">
     <span class='ocr_line' id='line_1_69' title="bbox 214 4072 1771 4157; baseline 0.009 -31"><span class='ocrx_word' id='word_1_465' title='bbox 214 4072 379 4127; x_wconf 75' lang='grc' dir='ltr'><strong>τοῦτο</strong></span> <span class='ocrx_word' id='word_1_466' title='bbox 436 4078 690 4147; x_wconf 79' lang='grc' dir='ltr'><strong>παραινεῖ</strong></span> <span class='ocrx_word' id='word_1_467' title='bbox 733 4076 829 4132; x_wconf 77' lang='grc' dir='ltr'><strong>καὶ</strong></span> <span class='ocrx_word' id='word_1_468' title='bbox 879 4079 1115 4136; x_wconf 79' lang='grc' dir='ltr'><strong>διδάσκει</strong></span> <span class='ocrx_word' id='word_1_469' title='bbox 1137 4097 1153 4114; x_wconf 87' lang='grc'><strong>·</strong></span> <span class='ocrx_word' id='word_1_470' title='bbox 1209 4084 1449 4154; x_wconf 81' lang='grc' dir='ltr'><strong>μηδόλως</strong></span> <span class='ocrx_word' id='word_1_471' title='bbox 1494 4083 1628 4140; x_wconf 75' lang='grc' dir='ltr'><strong>εἶναι</strong></span> <span class='ocrx_word' id='word_1_472' title='bbox 1671 4088 1771 4157; x_wconf 77' lang='grc' dir='ltr'><strong>τὴν</strong></span> 
     </span>
    </p>
   </div>
   <div class='ocr_carea' id='block_1_70' title="bbox 216 4164 1771 4249">
    <p class='ocr_par' dir='ltr' id='par_1_70' title="bbox 216 4164 1771 4249">
     <span class='ocr_line' id='line_1_70' title="bbox 216 4164 1771 4249; baseline 0.01 -31"><span class='ocrx_word' id='word_1_473' title='bbox 216 4164 528 4232; x_wconf 72' lang='grc' dir='ltr'><strong>ἀπόγνωσιν</strong></span> <span class='ocrx_word' id='word_1_474' title='bbox 562 4170 622 4221; x_wconf 72' lang='grc' dir='ltr'><strong>ἐν</strong></span> <span class='ocrx_word' id='word_1_475' title='bbox 656 4172 769 4234; x_wconf 75' lang='grc' dir='ltr'><strong>τοῖς</strong></span> <span class='ocrx_word' id='word_1_476' title='bbox 798 4171 1103 4228; x_wconf 85' lang='grc' dir='ltr'><strong>πίπτουσιν.</strong></span> <span class='ocrx_word' id='word_1_477' title='bbox 1154 4175 1379 4244; x_wconf 87' lang='grc' dir='ltr'><strong>Ἥγουν,</strong></span> <span class='ocrx_word' id='word_1_478' title='bbox 1410 4178 1470 4231; x_wconf 81' lang='grc' dir='ltr'><strong>οὐ</strong></span> <span class='ocrx_word' id='word_1_479' title='bbox 1501 4180 1605 4249; x_wconf 80' lang='grc' dir='ltr'><strong>χρὴ</strong></span> <span class='ocrx_word' id='word_1_480' title='bbox 1635 4180 1771 4232; x_wconf 80' lang='grc' dir='ltr'><strong>ἀπο-</strong></span> 
     </span>
    </p>
   </div>
   <div class='ocr_carea' id='block_1_71' title="bbox 216 4253 1772 4335">
    <p class='ocr_par' dir='ltr' id='par_1_71' title="bbox 216 4253 1772 4335">
     <span class='ocr_line' id='line_1_71' title="bbox 216 4253 1772 4335; baseline 0.012 -29"><span class='ocrx_word' id='word_1_481' title='bbox 216 4253 509 4324; x_wconf 76' lang='grc' dir='ltr'><strong>γινώσκειν</strong></span> <span class='ocrx_word' id='word_1_482' title='bbox 549 4258 677 4324; x_wconf 74' lang='grc' dir='ltr'><strong>τοὺς</strong></span> <span class='ocrx_word' id='word_1_483' title='bbox 722 4262 1032 4328; x_wconf 83' lang='grc' dir='ltr'><strong>πίπτοντας.</strong></span> <span class='ocrx_word' id='word_1_484' title='bbox 1072 4266 1163 4331; x_wconf 72' lang='grc' dir='ltr'><strong>Τὸ,</strong></span> <span class='ocrx_word' id='word_1_485' title='bbox 1196 4265 1491 4335; x_wconf 73' lang='grc' dir='ltr'><strong>δυσωπεῖ,</strong></span> <span class='ocrx_word' id='word_1_486' title='bbox 1549 4268 1606 4322; x_wconf 82' lang='grc' dir='ltr'><strong>δὲ</strong></span> <span class='ocrx_word' id='word_1_487' title='bbox 1650 4272 1772 4324; x_wconf 78' lang='grc' dir='ltr'><strong>ἀντὶ</strong></span> 
     </span>
    </p>
   </div>
   <div class='ocr_carea' id='block_1_72' title="bbox 216 4345 1769 4430">
    <p class='ocr_par' dir='ltr' id='par_1_72' title="bbox 216 4345 1769 4430">
     <span class='ocr_line' id='line_1_72' title="bbox 216 4345 1769 4430; baseline 0.011 -32"><span class='ocrx_word' id='word_1_488' title='bbox 216 4345 319 4422; x_wconf 75' lang='grc' dir='ltr'><strong>τοῦ</strong></span> <span class='ocrx_word' id='word_1_489' title='bbox 345 4350 634 4414; x_wconf 68' lang='grc' dir='ltr'><strong>παραινεῖ,</strong></span> <span class='ocrx_word' id='word_1_490' title='bbox 666 4352 905 4407; x_wconf 86' lang='grc' dir='ltr'><strong>νουθετεῖ</strong></span> <span class='ocrx_word' id='word_1_491' title='bbox 947 4356 1107 4410; x_wconf 80' lang='grc' dir='ltr'><strong>πάλιν</strong></span> <span class='ocrx_word' id='word_1_492' title='bbox 1134 4357 1209 4430; x_wconf 85' lang='lat' dir='ltr'><strong>(a)</strong></span> <span class='ocrx_word' id='word_1_493' title='bbox 1285 4396 1301 4413; x_wconf 92' lang='lat'><strong><em>.</em></strong></span> <span class='ocrx_word' id='word_1_494' title='bbox 1388 4397 1405 4413; x_wconf 92' lang='lat'><strong><em>.</em></strong></span> <span class='ocrx_word' id='word_1_495' title='bbox 1480 4400 1495 4413; x_wconf 93' lang='lat'><em>.</em></span> <span class='ocrx_word' id='word_1_496' title='bbox 1570 4398 1587 4413; x_wconf 91' lang='lat'><strong>.</strong></span> <span class='ocrx_word' id='word_1_497' title='bbox 1659 4396 1676 4413; x_wconf 90' lang='lat'><strong>.</strong></span> <span class='ocrx_word' id='word_1_498' title='bbox 1752 4399 1769 4414; x_wconf 90' lang='lat'><strong>.</strong></span> 
     </span>
    </p>
   </div>
   <div class='ocr_carea' id='block_1_73' title="bbox 218 4434 1770 4521">
    <p class='ocr_par' dir='ltr' id='par_1_73' title="bbox 218 4434 1770 4521">
     <span class='ocr_line' id='line_1_73' title="bbox 218 4434 1770 4521; baseline 0.011 -34"><span class='ocrx_word' id='word_1_499' title='bbox 218 4434 473 4507; x_wconf 79' lang='grc' dir='ltr'><strong>βασιλεὺς</strong></span> <span class='ocrx_word' id='word_1_500' title='bbox 516 4454 603 4501; x_wconf 86' lang='grc' dir='ltr'><strong>τις</strong></span> <span class='ocrx_word' id='word_1_501' title='bbox 654 4437 905 4508; x_wconf 72' lang='grc' dir='ltr'><strong>Ἐφεσίαν</strong></span> <span class='ocrx_word' id='word_1_502' title='bbox 940 4445 1114 4515; x_wconf 80' lang='grc' dir='ltr'><strong>ίερίαν</strong></span> <span class='ocrx_word' id='word_1_503' title='bbox 1147 4448 1398 4521; x_wconf 76' lang='grc' dir='ltr'><strong>[ἱέρειαν]</strong></span> <span class='ocrx_word' id='word_1_504' title='bbox 1430 4449 1552 4505; x_wconf 73' lang='grc' dir='ltr'><strong>ἰδὼν</strong></span> <span class='ocrx_word' id='word_1_505' title='bbox 1599 4451 1770 4521; x_wconf 78' lang='grc' dir='ltr'><strong>ὑπερ-</strong></span> 
     </span>
    </p>
   </div>
   <div class='ocr_carea' id='block_1_74' title="bbox 1867 3287 3417 3361">
    <p class='ocr_par' dir='ltr' id='par_1_74' title="bbox 1867 3287 3417 3361">
     <span class='ocr_line' id='line_1_74' title="bbox 1867 3287 3417 3361; baseline 0.006 -23"><span class='ocrx_word' id='word_1_506' title='bbox 1867 3287 2008 3339; x_wconf 86' lang='lat' dir='ltr'><strong>enim</strong></span> <span class='ocrx_word' id='word_1_507' title='bbox 2056 3288 2317 3341; x_wconf 80' lang='lat' dir='ltr'><strong>crassiora</strong></span> <span class='ocrx_word' id='word_1_508' title='bbox 2356 3302 2451 3343; x_wconf 87' lang='lat' dir='ltr'><strong>seu</strong></span> <span class='ocrx_word' id='word_1_509' title='bbox 2489 3289 2733 3358; x_wconf 79' lang='lat' dir='ltr'><strong>graviora</strong></span> <span class='ocrx_word' id='word_1_510' title='bbox 2784 3292 2913 3345; x_wconf 90' lang='lat' dir='ltr'><strong>vitia</strong></span> <span class='ocrx_word' id='word_1_511' title='bbox 2954 3291 3169 3361; x_wconf 73' lang='lat' dir='ltr'><strong>effugit,</strong></span> <span class='ocrx_word' id='word_1_512' title='bbox 3210 3293 3417 3348; x_wconf 81' lang='lat' dir='ltr'><strong>levilms</strong></span> 
     </span>
    </p>
   </div>
   <div class='ocr_carea' id='block_1_75' title="bbox 1868 3376 3415 3451">
    <p class='ocr_par' dir='ltr' id='par_1_75' title="bbox 1868 3376 3415 3451">
     <span class='ocr_line' id='line_1_75' title="bbox 1868 3376 3415 3451; baseline 0.007 -25"><span class='ocrx_word' id='word_1_513' title='bbox 1868 3382 2046 3429; x_wconf 87' lang='lat' dir='ltr'><strong>tamen</strong></span> <span class='ocrx_word' id='word_1_514' title='bbox 2092 3377 2423 3431; x_wconf 66' lang='lat' dir='ltr'><strong>adhaerescit.</strong></span> <span class='ocrx_word' id='word_1_515' title='bbox 2455 3376 2655 3432; x_wconf 82' lang='lat' dir='ltr'><strong>Delicta</strong></span> <span class='ocrx_word' id='word_1_516' title='bbox 2701 3378 2845 3433; x_wconf 91' lang='lat' dir='ltr'><strong>enim</strong></span> <span class='ocrx_word' id='word_1_517' title='bbox 2904 3382 3101 3450; x_wconf 84' lang='lat' dir='ltr'><strong>(inquit</strong></span> <span class='ocrx_word' id='word_1_518' title='bbox 3136 3381 3303 3436; x_wconf 86' lang='lat' dir='ltr'><strong>David</strong></span> <span class='ocrx_word' id='word_1_519' title='bbox 3351 3385 3415 3451; x_wconf 77' lang='grc'><strong>⁶¹)</strong></span> 
     </span>
    </p>
   </div>
   <div class='ocr_carea' id='block_1_76' title="bbox 1865 3465 3419 3540">
    <p class='ocr_par' dir='ltr' id='par_1_76' title="bbox 1865 3465 3419 3540">
     <span class='ocr_line' id='line_1_76' title="bbox 1865 3465 3419 3540; baseline 0.006 -23"><span class='ocrx_word' id='word_1_520' title='bbox 1865 3465 1988 3533; x_wconf 84' lang='lat' dir='ltr'><strong>quis</strong></span> <span class='ocrx_word' id='word_1_521' title='bbox 2016 3466 2309 3537; x_wconf 87' lang='lat' dir='ltr'><strong>intelliget?</strong></span> <span class='ocrx_word' id='word_1_522' title='bbox 2328 3466 2385 3521; x_wconf 89' lang='lat' dir='ltr'><strong>Si</strong></span> <span class='ocrx_word' id='word_1_523' title='bbox 2406 3467 2548 3522; x_wconf 88' lang='lat' dir='ltr'><strong>enim</strong></span> <span class='ocrx_word' id='word_1_524' title='bbox 2574 3468 2824 3525; x_wconf 83' lang='lat' dir='ltr'><strong>Christus</strong></span> <span class='ocrx_word' id='word_1_525' title='bbox 2843 3471 2896 3525; x_wconf 91' lang='lat' dir='ltr'><strong>in</strong></span> <span class='ocrx_word' id='word_1_526' title='bbox 2917 3472 3071 3540; x_wconf 88' lang='lat' dir='ltr'><strong>cujus</strong></span> <span class='ocrx_word' id='word_1_527' title='bbox 3096 3487 3189 3526; x_wconf 90' lang='lat' dir='ltr'><strong>ore</strong></span> <span class='ocrx_word' id='word_1_528' title='bbox 3208 3487 3311 3527; x_wconf 88' lang='lat' dir='ltr'><strong>non</strong></span> <span class='ocrx_word' id='word_1_529' title='bbox 3337 3484 3419 3527; x_wconf 83' lang='lat' dir='ltr'><strong>est</strong></span> 
     </span>
    </p>
   </div>
   <div class='ocr_carea' id='block_1_77' title="bbox 1868 3554 3415 3628">
    <p class='ocr_par' dir='ltr' id='par_1_77' title="bbox 1868 3554 3415 3628">
     <span class='ocr_line' id='line_1_77' title="bbox 1868 3554 3415 3628; baseline 0.001 -17"><span class='ocrx_word' id='word_1_530' title='bbox 1868 3554 2029 3628; x_wconf 64' lang='lat'><strong>2“</strong></span> <span class='ocrx_word' id='word_1_531' title='bbox 2060 3557 2307 3612; x_wconf 82' lang='lat' dir='ltr'><strong>inventus</strong></span> <span class='ocrx_word' id='word_1_532' title='bbox 2336 3558 2495 3617; x_wconf 81' lang='lat' dir='ltr'><strong>dolus</strong></span> <span class='ocrx_word' id='word_1_533' title='bbox 2521 3559 2587 3625; x_wconf 79' lang='grc'><strong>⁸³,</strong></span> <span class='ocrx_word' id='word_1_534' title='bbox 2628 3569 2873 3617; x_wconf 89' lang='lat' dir='ltr'><strong>mortuus</strong></span> <span class='ocrx_word' id='word_1_535' title='bbox 2919 3570 3001 3617; x_wconf 89' lang='lat' dir='ltr'><strong>est</strong></span> <span class='ocrx_word' id='word_1_536' title='bbox 3018 3572 3072 3616; x_wconf 90' lang='lat' dir='ltr'><strong>ct</strong></span> <span class='ocrx_word' id='word_1_537' title='bbox 3102 3564 3415 3624; x_wconf 78' lang='lat' dir='ltr'><strong>resurrexit,</strong></span> 
     </span>
    </p>
   </div>
   <div class='ocr_carea' id='block_1_78' title="bbox 1866 3650 3418 3727">
    <p class='ocr_par' dir='ltr' id='par_1_78' title="bbox 1866 3650 3418 3727">
     <span class='ocr_line' id='line_1_78' title="bbox 1866 3650 3418 3727; baseline 0 -26"><span class='ocrx_word' id='word_1_538' title='bbox 1866 3650 1989 3719; x_wconf 88' lang='lat' dir='ltr'><strong>quis</strong></span> <span class='ocrx_word' id='word_1_539' title='bbox 2041 3658 2124 3703; x_wconf 90' lang='lat' dir='ltr'><strong>est</strong></span> <span class='ocrx_word' id='word_1_540' title='bbox 2177 3650 2270 3719; x_wconf 90' lang='lat' dir='ltr'><strong>qui</strong></span> <span class='ocrx_word' id='word_1_541' title='bbox 2325 3651 2530 3720; x_wconf 85' lang='lat' dir='ltr'><strong>peccati</strong></span> <span class='ocrx_word' id='word_1_542' title='bbox 2560 3661 2785 3707; x_wconf 89' lang='lat' dir='ltr'><strong>mortem</strong></span> <span class='ocrx_word' id='word_1_543' title='bbox 2828 3651 3066 3721; x_wconf 75' lang='lat' dir='ltr'><strong>effugiet,</strong></span> <span class='ocrx_word' id='word_1_544' title='bbox 3106 3667 3229 3706; x_wconf 80' lang='lat' dir='ltr'><strong>cum</strong></span> <span class='ocrx_word' id='word_1_545' title='bbox 3262 3668 3418 3727; x_wconf 74' lang='lat' dir='ltr'><strong>nemo</strong></span> 
     </span>
    </p>
   </div>
   <div class='ocr_carea' id='block_1_79' title="bbox 1868 3740 3413 3815">
    <p class='ocr_par' dir='ltr' id='par_1_79' title="bbox 1868 3740 3413 3815">
     <span class='ocr_line' id='line_1_79' title="bbox 1868 3740 3413 3815; baseline 0.006 -23"><span class='ocrx_word' id='word_1_546' title='bbox 1868 3753 2089 3809; x_wconf 88' lang='lat' dir='ltr'><strong>prorsus</strong></span> <span class='ocrx_word' id='word_1_547' title='bbox 2113 3756 2220 3796; x_wconf 90' lang='lat' dir='ltr'><strong>non</strong></span> <span class='ocrx_word' id='word_1_548' title='bbox 2257 3742 2479 3811; x_wconf 84' lang='lat' dir='ltr'><strong>peccet?</strong></span> <span class='ocrx_word' id='word_1_549' title='bbox 2503 3740 2700 3799; x_wconf 83' lang='lat' dir='ltr'><strong>Beatus</strong></span> <span class='ocrx_word' id='word_1_550' title='bbox 2728 3759 2858 3815; x_wconf 84' lang='lat' dir='ltr'><strong>ergo</strong></span> <span class='ocrx_word' id='word_1_551' title='bbox 2896 3745 2984 3799; x_wconf 87' lang='lat' dir='ltr'><strong>ille</strong></span> <span class='ocrx_word' id='word_1_552' title='bbox 3021 3745 3413 3814; x_wconf 45' lang='lat' dir='ltr'><strong>praedicandum</strong></span> 
     </span>
    </p>
   </div>
   <div class='ocr_carea' id='block_1_80' title="bbox 1867 3829 3414 3903">
    <p class='ocr_par' dir='ltr' id='par_1_80' title="bbox 1867 3829 3414 3903">
     <span class='ocr_line' id='line_1_80' title="bbox 1867 3829 3414 3903; baseline 0.001 -21"><span class='ocrx_word' id='word_1_553' title='bbox 1867 3829 1959 3898; x_wconf 84' lang='lat' dir='ltr'><strong>qui</strong></span> <span class='ocrx_word' id='word_1_554' title='bbox 2007 3844 2103 3898; x_wconf 83' lang='lat' dir='ltr'><strong>per</strong></span> <span class='ocrx_word' id='word_1_555' title='bbox 2142 3832 2509 3900; x_wconf 66' lang='lat' dir='ltr'><strong>penitentiam</strong></span> <span class='ocrx_word' id='word_1_556' title='bbox 2568 3841 2872 3888; x_wconf 88' lang='lat' dir='ltr'><strong>revocatur.</strong></span> <span class='ocrx_word' id='word_1_557' title='bbox 2926 3831 3211 3903; x_wconf 83' lang='lat' dir='ltr'><strong>Sequentis</strong></span> <span class='ocrx_word' id='word_1_558' title='bbox 3238 3842 3414 3886; x_wconf 71' lang='lat' dir='ltr'><strong>autem</strong></span> 
     </span>
    </p>
   </div>
   <div class='ocr_carea' id='block_1_81' title="bbox 1867 3919 3417 3990">
    <p class='ocr_par' dir='ltr' id='par_1_81' title="bbox 1867 3919 3417 3990">
     <span class='ocr_line' id='line_1_81' title="bbox 1867 3919 3417 3990; baseline 0 -19"><span class='ocrx_word' id='word_1_559' title='bbox 1867 3919 2134 3971; x_wconf 87' lang='lat' dir='ltr'><strong>sermonis</strong></span> <span class='ocrx_word' id='word_1_560' title='bbox 2159 3935 2253 3974; x_wconf 87' lang='lat' dir='ltr'><strong>seu</strong></span> <span class='ocrx_word' id='word_1_561' title='bbox 2286 3922 2433 3975; x_wconf 84' lang='lat' dir='ltr'><strong>verbi</strong></span> <span class='ocrx_word' id='word_1_562' title='bbox 2456 3936 2579 3975; x_wconf 90' lang='lat' dir='ltr'><strong>cum</strong></span> <span class='ocrx_word' id='word_1_563' title='bbox 2607 3920 2930 3990; x_wconf 67' lang='lat' dir='ltr'><strong>praecedenti</strong></span> <span class='ocrx_word' id='word_1_564' title='bbox 2968 3920 3112 3973; x_wconf 88' lang='lat' dir='ltr'><strong>dicto</strong></span> <span class='ocrx_word' id='word_1_565' title='bbox 3135 3920 3214 3973; x_wconf 89' lang='lat' dir='ltr'><strong>sic</strong></span> <span class='ocrx_word' id='word_1_566' title='bbox 3241 3922 3417 3973; x_wconf 45' lang='lat' dir='ltr'><strong>colite-</strong></span> 
     </span>
    </p>
   </div>
   <div class='ocr_carea' id='block_1_82' title="bbox 1869 4006 3415 4081">
    <p class='ocr_par' dir='ltr' id='par_1_82' title="bbox 1869 4006 3415 4081">
     <span class='ocr_line' id='line_1_82' title="bbox 1869 4006 3415 4081; baseline 0 -21"><span class='ocrx_word' id='word_1_567' title='bbox 1869 4015 1968 4060; x_wconf 86' lang='lat' dir='ltr'><strong>ret.</strong></span> <span class='ocrx_word' id='word_1_568' title='bbox 2005 4006 2110 4073; x_wconf 86' lang='lat' dir='ltr'><strong>Qui</strong></span> <span class='ocrx_word' id='word_1_569' title='bbox 2128 4009 2365 4076; x_wconf 84' lang='lat' dir='ltr'><strong>beatum,</strong></span> <span class='ocrx_word' id='word_1_570' title='bbox 2396 4011 2587 4080; x_wconf 86' lang='lat' dir='ltr'><strong>inquit,</strong></span> <span class='ocrx_word' id='word_1_571' title='bbox 2618 4010 2871 4081; x_wconf 64' lang='lat' dir='ltr'><strong>praedicat</strong></span> <span class='ocrx_word' id='word_1_572' title='bbox 2893 4010 3238 4079; x_wconf 68' lang='lat' dir='ltr'><strong>paenitentum</strong></span> <span class='ocrx_word' id='word_1_573' title='bbox 3277 4027 3290 4063; x_wconf 88' lang='lat'><strong>:</strong></span> <span class='ocrx_word' id='word_1_574' title='bbox 3330 4010 3415 4061; x_wconf 68' lang='lat' dir='ltr'><strong>Inc</strong></span> 
     </span>
    </p>
   </div>
   <div class='ocr_carea' id='block_1_83' title="bbox 1866 4098 3414 4169">
    <p class='ocr_par' dir='ltr' id='par_1_83' title="bbox 1866 4098 3414 4169">
     <span class='ocr_line' id='line_1_83' title="bbox 1866 4098 3414 4169; baseline 0 -18"><span class='ocrx_word' id='word_1_575' title='bbox 1866 4098 2007 4151; x_wconf 89' lang='lat' dir='ltr'><strong>enim</strong></span> <span class='ocrx_word' id='word_1_576' title='bbox 2040 4106 2125 4153; x_wconf 89' lang='lat' dir='ltr'><strong>est</strong></span> <span class='ocrx_word' id='word_1_577' title='bbox 2148 4099 2313 4169; x_wconf 88' lang='lat' dir='ltr'><strong>prior,</strong></span> <span class='ocrx_word' id='word_1_578' title='bbox 2340 4100 2441 4155; x_wconf 87' lang='lat' dir='ltr'><strong>hoc</strong></span> <span class='ocrx_word' id='word_1_579' title='bbox 2466 4110 2645 4154; x_wconf 89' lang='lat' dir='ltr'><strong>monet</strong></span> <span class='ocrx_word' id='word_1_580' title='bbox 2674 4110 2728 4155; x_wconf 94' lang='lat' dir='ltr'><strong>et</strong></span> <span class='ocrx_word' id='word_1_581' title='bbox 2746 4100 2922 4166; x_wconf 85' lang='lat' dir='ltr'><strong>docet,</strong></span> <span class='ocrx_word' id='word_1_582' title='bbox 2954 4099 3101 4153; x_wconf 91' lang='lat' dir='ltr'><strong>nullo</strong></span> <span class='ocrx_word' id='word_1_583' title='bbox 3132 4100 3291 4152; x_wconf 87' lang='lat' dir='ltr'><strong>modo</strong></span> <span class='ocrx_word' id='word_1_584' title='bbox 3317 4098 3414 4151; x_wconf 86' lang='lat' dir='ltr'><strong>de-</strong></span> 
     </span>
    </p>
   </div>
   <div class='ocr_carea' id='block_1_84' title="bbox 1868 4188 3409 4260">
    <p class='ocr_par' dir='ltr' id='par_1_84' title="bbox 1868 4188 3409 4260">
     <span class='ocr_line' id='line_1_84' title="bbox 1868 4188 3409 4260; baseline 0.001 -19"><span class='ocrx_word' id='word_1_585' title='bbox 1868 4188 2190 4257; x_wconf 88' lang='lat' dir='ltr'><strong>sperandum</strong></span> <span class='ocrx_word' id='word_1_586' title='bbox 2215 4190 2282 4245; x_wconf 91' lang='lat' dir='ltr'><strong>iis</strong></span> <span class='ocrx_word' id='word_1_587' title='bbox 2309 4190 2401 4260; x_wconf 90' lang='lat' dir='ltr'><strong>qui</strong></span> <span class='ocrx_word' id='word_1_588' title='bbox 2428 4190 2755 4245; x_wconf 90' lang='lat' dir='ltr'><strong>ceciderunt.</strong></span> <span class='ocrx_word' id='word_1_589' title='bbox 2790 4190 2913 4246; x_wconf 83' lang='lat' dir='ltr'><strong>Sive</strong></span> <span class='ocrx_word' id='word_1_590' title='bbox 2945 4232 2959 4246; x_wconf 91' lang='lat'><strong>.</strong></span> <span class='ocrx_word' id='word_1_591' title='bbox 2998 4232 3013 4246; x_wconf 94' lang='lat'><strong>.</strong></span> <span class='ocrx_word' id='word_1_592' title='bbox 3051 4228 3066 4244; x_wconf 92' lang='lat'><strong>.</strong></span> <span class='ocrx_word' id='word_1_593' title='bbox 3104 4232 3118 4245; x_wconf 92' lang='lat'>.</span> <span class='ocrx_word' id='word_1_594' title='bbox 3147 4234 3160 4245; x_wconf 93' lang='lat'>.</span> <span class='ocrx_word' id='word_1_595' title='bbox 3197 4230 3210 4244; x_wconf 92' lang='lat'><strong>.</strong></span> <span class='ocrx_word' id='word_1_596' title='bbox 3240 4232 3252 4244; x_wconf 89' lang='lat'>.</span> <span class='ocrx_word' id='word_1_597' title='bbox 3284 4229 3298 4243; x_wconf 94' lang='lat'><strong><em>.</em></strong></span> <span class='ocrx_word' id='word_1_598' title='bbox 3346 4229 3359 4242; x_wconf 91' lang='lat'><em>.</em></span> <span class='ocrx_word' id='word_1_599' title='bbox 3394 4229 3409 4243; x_wconf 94' lang='lat'><em>.</em></span> 
     </span>
    </p>
   </div>
   <div class='ocr_carea' id='block_1_85' title="bbox 1870 4282 3488 4360">
    <p class='ocr_par' dir='ltr' id='par_1_85' title="bbox 1870 4282 3488 4360">
     <span class='ocr_line' id='line_1_85' title="bbox 1870 4282 3488 4360; baseline 0.001 -29"><span class='ocrx_word' id='word_1_600' title='bbox 1870 4293 1979 4332; x_wconf 90' lang='lat' dir='ltr'><strong>non</strong></span> <span class='ocrx_word' id='word_1_601' title='bbox 2024 4290 2233 4349; x_wconf 88' lang='lat' dir='ltr'><strong>oportet</strong></span> <span class='ocrx_word' id='word_1_602' title='bbox 2294 4282 2578 4349; x_wconf 81' lang='lat' dir='ltr'><strong>desperare</strong></span> <span class='ocrx_word' id='word_1_603' title='bbox 2630 4284 2719 4353; x_wconf 91' lang='lat' dir='ltr'><strong>qui</strong></span> <span class='ocrx_word' id='word_1_604' title='bbox 2748 4282 2967 4338; x_wconf 88' lang='lat' dir='ltr'><strong>cadunt.</strong></span> <span class='ocrx_word' id='word_1_605' title='bbox 2999 4282 3131 4337; x_wconf 84' lang='lat' dir='ltr'><strong>illud</strong></span> <span class='ocrx_word' id='word_1_606' title='bbox 3159 4284 3412 4343; x_wconf 75' lang='grc' dir='ltr'><strong>δυσωπεῖ,</strong></span> <span class='ocrx_word' id='word_1_607' title='bbox 3486 4357 3488 4360; x_wconf 11' lang='grc' dir='ltr'>ν</span> 
     </span>
    </p>
   </div>
   <div class='ocr_carea' id='block_1_86' title="bbox 1869 4371 3412 4443">
    <p class='ocr_par' dir='ltr' id='par_1_86' title="bbox 1869 4371 3412 4443">
     <span class='ocr_line' id='line_1_86' title="bbox 1869 4371 3412 4443; baseline -0.003 -17"><span class='ocrx_word' id='word_1_608' title='bbox 1869 4378 2041 4438; x_wconf 71' lang='lat' dir='ltr'><strong>rogat,</strong></span> <span class='ocrx_word' id='word_1_609' title='bbox 2100 4371 2251 4439; x_wconf 84' lang='lat' dir='ltr'><strong>ponit</strong></span> <span class='ocrx_word' id='word_1_610' title='bbox 2309 4385 2407 4439; x_wconf 88' lang='lat' dir='ltr'><strong>pro</strong></span> <span class='ocrx_word' id='word_1_611' title='bbox 2449 4375 2722 4443; x_wconf 80' lang='grc' dir='ltr'><strong>παραινεῖ,</strong></span> <span class='ocrx_word' id='word_1_612' title='bbox 2757 4372 2811 4428; x_wconf 84' lang='lat' dir='ltr'><strong>id</strong></span> <span class='ocrx_word' id='word_1_613' title='bbox 2853 4386 2956 4439; x_wconf 89' lang='lat' dir='ltr'><strong>est,</strong></span> <span class='ocrx_word' id='word_1_614' title='bbox 2997 4375 3256 4434; x_wconf 66' lang='lat' dir='ltr'><strong>hortatu»,</strong></span> <span class='ocrx_word' id='word_1_615' title='bbox 3303 4392 3412 4423; x_wconf 72' lang='lat' dir='ltr'><strong>mc-</strong></span> 
     </span>
    </p>
   </div>
   <div class='ocr_carea' id='block_1_87' title="bbox 1868 4467 2677 4516">
    <p class='ocr_par' dir='ltr' id='par_1_87' title="bbox 1868 4467 2677 4516">
     <span class='ocr_line' id='line_1_87' title="bbox 1868 4467 2677 4516; baseline 0.007 -6"><span class='ocrx_word' id='word_1_616' title='bbox 1868 4467 2677 4516; x_wconf 84' lang='lat' dir='ltr'><strong>net...............</strong></span> 
     </span>
    </p>
   </div>
   <div class='ocr_carea' id='block_1_88' title="bbox 215 4502 1768 4619">
    <p class='ocr_par' dir='ltr' id='par_1_88' title="bbox 215 4502 1765 4619">
     <span class='ocr_line' id='line_1_88' title="bbox 215 4502 1765 4619; baseline 0.014 -46"><span class='ocrx_word' id='word_1_617' title='bbox 215 4502 353 4619; x_wconf 53' lang='grc' dir='ltr'><strong>ϐολῇ</strong></span> <span class='ocrx_word' id='word_1_618' title='bbox 381 4525 520 4598; x_wconf 77' lang='grc' dir='ltr'><strong>καλῇ</strong></span> <span class='ocrx_word' id='word_1_619' title='bbox 553 4502 828 4596; x_wconf 74' lang='grc' dir='ltr'><strong>φανεῖσαν,</strong></span> <span class='ocrx_word' id='word_1_620' title='bbox 875 4502 1167 4597; x_wconf 55' lang='grc' dir='ltr'><strong>ἀνέξευξεν</strong></span> <span class='ocrx_word' id='word_1_621' title='bbox 1200 4502 1470 4602; x_wconf 45' lang='grc' dir='ltr'><strong>εδθὺςιὲέ</strong></span> <span class='ocrx_word' id='word_1_622' title='bbox 1520 4502 1765 4607; x_wconf 49' lang='grc' dir='ltr'><strong>Ἐᾦέσολῃ</strong></span> 
     </span>
    </p>
   </div>
   <div class='ocr_carea' id='block_1_89' title="bbox 1868 4502 3414 4619">
    <p class='ocr_par' dir='ltr' id='par_1_89' title="bbox 1871 4502 3414 4619">
     <span class='ocr_line' id='line_1_89' title="bbox 1871 4502 3414 4619; baseline 0.001 -16"><span class='ocrx_word' id='word_1_623' title='bbox 1871 4551 2089 4604; x_wconf 87' lang='lat' dir='ltr'><strong>iterum.</strong></span> <span class='ocrx_word' id='word_1_624' title='bbox 2141 4548 2343 4619; x_wconf 82' lang='lat' dir='ltr'><strong>Regum</strong></span> <span class='ocrx_word' id='word_1_625' title='bbox 2368 4550 2633 4619; x_wconf 86' lang='lat' dir='ltr'><strong>quispiam</strong></span> <span class='ocrx_word' id='word_1_626' title='bbox 2666 4502 2949 4619; x_wconf 71' lang='lat' dir='ltr'><strong>Epliesiam</strong></span> <span class='ocrx_word' id='word_1_627' title='bbox 2980 4557 3307 4608; x_wconf 82' lang='lat' dir='ltr'><strong>sacerdotem</strong></span> <span class='ocrx_word' id='word_1_628' title='bbox 3334 4554 3414 4605; x_wconf 85' lang='lat' dir='ltr'><strong>in-</strong></span> 
     </span>
    </p>
   </div>
   <div class='ocr_carea' id='block_1_90' title="bbox 216 4612 1768 4697">
    <p class='ocr_par' dir='ltr' id='par_1_90' title="bbox 216 4612 1768 4697">
     <span class='ocr_line' id='line_1_90' title="bbox 216 4612 1768 4697; baseline 0.012 -32"><span class='ocrx_word' id='word_1_629' title='bbox 216 4612 553 4686; x_wconf 66' lang='grc' dir='ltr'><strong>ςιδούμενος</strong></span> <span class='ocrx_word' id='word_1_630' title='bbox 581 4617 659 4690; x_wconf 77' lang='grc' dir='ltr'><strong>μὴ</strong></span> <span class='ocrx_word' id='word_1_631' title='bbox 704 4618 851 4689; x_wconf 79' lang='grc' dir='ltr'><strong>παρὰ</strong></span> <span class='ocrx_word' id='word_1_632' title='bbox 895 4621 1118 4691; x_wconf 82' lang='grc' dir='ltr'><strong>γνώμην</strong></span> <span class='ocrx_word' id='word_1_633' title='bbox 1164 4624 1424 4696; x_wconf 74' lang='grc' dir='ltr'><strong>ἐκϐιασθῇ</strong></span> <span class='ocrx_word' id='word_1_634' title='bbox 1464 4628 1666 4697; x_wconf 77' lang='grc' dir='ltr'><strong>πρᾶξαί</strong></span> <span class='ocrx_word' id='word_1_635' title='bbox 1707 4644 1768 4683; x_wconf 75' lang='grc' dir='ltr'><strong>τι</strong></span> 
     </span>
    </p>
   </div>
   <div class='ocr_carea' id='block_1_91' title="bbox 214 4705 1768 4788">
    <p class='ocr_par' dir='ltr' id='par_1_91' title="bbox 214 4705 1768 4788">
     <span class='ocr_line' id='line_1_91' title="bbox 214 4705 1768 4788; baseline 0.011 -29"><span class='ocrx_word' id='word_1_636' title='bbox 214 4705 331 4760; x_wconf 72' lang='grc' dir='ltr'><strong>τῶν</strong></span> <span class='ocrx_word' id='word_1_637' title='bbox 355 4706 452 4776; x_wconf 81' lang='grc' dir='ltr'><strong>οὐχ</strong></span> <span class='ocrx_word' id='word_1_638' title='bbox 481 4709 665 4767; x_wconf 78' lang='grc' dir='ltr'><strong>ὁσίων.</strong></span> <span class='ocrx_word' id='word_1_639' title='bbox 707 4712 816 4767; x_wconf 79' lang='grc' dir='ltr'><strong>Καὶ</strong></span> <span class='ocrx_word' id='word_1_640' title='bbox 845 4712 1023 4785; x_wconf 80' lang='grc' dir='ltr'><strong>Κῦρος</strong></span> <span class='ocrx_word' id='word_1_641' title='bbox 1062 4714 1118 4767; x_wconf 84' lang='grc' dir='ltr'><strong>δὲ</strong></span> <span class='ocrx_word' id='word_1_642' title='bbox 1165 4717 1194 4770; x_wconf 88' lang='grc' dir='ltr'><strong>ό</strong></span> <span class='ocrx_word' id='word_1_643' title='bbox 1226 4717 1439 4788; x_wconf 80' lang='grc' dir='ltr'><strong>Πέρσης</strong></span> <span class='ocrx_word' id='word_1_644' title='bbox 1485 4720 1606 4772; x_wconf 82' lang='grc' dir='ltr'><strong>οὐδὲ</strong></span> <span class='ocrx_word' id='word_1_645' title='bbox 1640 4722 1768 4777; x_wconf 81' lang='grc' dir='ltr'><strong>ἰδεῖν</strong></span> 
     </span>
    </p>
   </div>
   <div class='ocr_carea' id='block_1_92' title="bbox 214 4795 1768 4883">
    <p class='ocr_par' dir='ltr' id='par_1_92' title="bbox 214 4795 1768 4883">
     <span class='ocr_line' id='line_1_92' title="bbox 214 4795 1768 4883; baseline 0.013 -35"><span class='ocrx_word' id='word_1_646' title='bbox 214 4795 319 4867; x_wconf 78' lang='grc' dir='ltr'><strong>τὴν</strong></span> <span class='ocrx_word' id='word_1_647' title='bbox 344 4796 609 4853; x_wconf 78' lang='grc' dir='ltr'><strong>Πάνθειαν</strong></span> <span class='ocrx_word' id='word_1_648' title='bbox 630 4803 916 4876; x_wconf 74' lang='grc' dir='ltr'><strong>ἐτόλμησε,</strong></span> <span class='ocrx_word' id='word_1_649' title='bbox 941 4805 1244 4878; x_wconf 81' lang='grc' dir='ltr'><strong>θαυμαστόν</strong></span> <span class='ocrx_word' id='word_1_650' title='bbox 1272 4825 1344 4871; x_wconf 87' lang='grc' dir='ltr'><strong>τι,</strong></span> <span class='ocrx_word' id='word_1_651' title='bbox 1376 4811 1469 4863; x_wconf 77' lang='grc' dir='ltr'><strong>καὶ</strong></span> <span class='ocrx_word' id='word_1_652' title='bbox 1491 4812 1768 4883; x_wconf 75' lang='grc' dir='ltr'><strong>ἀμήχανον</strong></span> 
     </span>
    </p>
   </div>
   <div class='ocr_carea' id='block_1_93' title="bbox 216 4885 1766 4974">
    <p class='ocr_par' dir='ltr' id='par_1_93' title="bbox 216 4885 1766 4974">
     <span class='ocr_line' id='line_1_93' title="bbox 216 4885 1766 4974; baseline 0.01 -32"><span class='ocrx_word' id='word_1_653' title='bbox 216 4885 417 4951; x_wconf 72' lang='grc' dir='ltr'><strong>κάλλος</strong></span> <span class='ocrx_word' id='word_1_654' title='bbox 431 4886 574 4959; x_wconf 69' lang='grc' dir='ltr'><strong>ἔχειν</strong></span> <span class='ocrx_word' id='word_1_655' title='bbox 601 4897 1066 4974; x_wconf 82' lang='grc' dir='ltr'><strong>μαρτυρουμένην.</strong></span> <span class='ocrx_word' id='word_1_656' title='bbox 1086 4898 1147 4951; x_wconf 84' lang='lat' dir='ltr'><strong>El</strong></span> <span class='ocrx_word' id='word_1_657' title='bbox 1175 4898 1352 4952; x_wconf 83' lang='grc' dir='ltr'><strong>τοίνυν</strong></span> <span class='ocrx_word' id='word_1_658' title='bbox 1379 4899 1473 4953; x_wconf 83' lang='grc' dir='ltr'><strong>καὶ</strong></span> <span class='ocrx_word' id='word_1_659' title='bbox 1495 4901 1565 4954; x_wconf 83' lang='grc' dir='ltr'><strong>τὰ</strong></span> <span class='ocrx_word' id='word_1_660' title='bbox 1588 4905 1766 4974; x_wconf 81' lang='grc' dir='ltr'><strong>πράγ-</strong></span> 
     </span>
    </p>
   </div>
   <div class='ocr_carea' id='block_1_94' title="bbox 218 4972 1763 5063">
    <p class='ocr_par' dir='ltr' id='par_1_94' title="bbox 218 4972 1763 5063">
     <span class='ocr_line' id='line_1_94' title="bbox 218 4972 1763 5063; baseline 0.011 -32"><span class='ocrx_word' id='word_1_661' title='bbox 218 4996 393 5051; x_wconf 79' lang='grc' dir='ltr'><strong>ματα,</strong></span> <span class='ocrx_word' id='word_1_662' title='bbox 429 4981 521 5034; x_wconf 75' lang='grc' dir='ltr'><strong>καὶ</strong></span> <span class='ocrx_word' id='word_1_663' title='bbox 570 4983 621 5034; x_wconf 80' lang='grc' dir='ltr'><strong>οι</strong></span> <span class='ocrx_word' id='word_1_664' title='bbox 669 4984 865 5051; x_wconf 78' lang='grc' dir='ltr'><strong>εξωθεν</strong></span> <span class='ocrx_word' id='word_1_665' title='bbox 890 4972 991 5059; x_wconf 75' lang='grc' dir='ltr'><strong>⁵.τῷ</strong></span> <span class='ocrx_word' id='word_1_666' title='bbox 1038 4990 1229 5061; x_wconf 82' lang='grc' dir='ltr'><strong>Παύλῳ</strong></span> <span class='ocrx_word' id='word_1_667' title='bbox 1278 4972 1642 5063; x_wconf 23' lang='grc' dir='ltr'><strong>μαρτυροῦσιν</strong></span> <span class='ocrx_word' id='word_1_668' title='bbox 1672 4972 1763 5047; x_wconf 70' lang='grc' dir='ltr'><strong>λέ.</strong></span> 
     </span>
    </p>
   </div>
   <div class='ocr_carea' id='block_1_95' title="bbox 217 5072 1764 5157">
    <p class='ocr_par' dir='ltr' id='par_1_95' title="bbox 217 5072 1764 5157">
     <span class='ocr_line' id='line_1_95' title="bbox 217 5072 1764 5157; baseline 0.014 -38"><span class='ocrx_word' id='word_1_669' title='bbox 217 5088 391 5139; x_wconf 69' lang='grc' dir='ltr'><strong>τον-τιν</strong></span> <span class='ocrx_word' id='word_1_670' title='bbox 432 5072 760 5138; x_wconf 68' lang='lat' dir='ltr'><strong>Truentde</strong></span> <span class='ocrx_word' id='word_1_671' title='bbox 789 5079 980 5147; x_wconf 62' lang='lat' dir='ltr'><strong>ponito</strong></span> <span class='ocrx_word' id='word_1_672' title='bbox 1026 5081 1203 5152; x_wconf 82' lang='grc' dir='ltr'><strong>σῶμα,</strong></span> <span class='ocrx_word' id='word_1_673' title='bbox 1232 5083 1325 5137; x_wconf 84' lang='grc' dir='ltr'><strong>καὶ</strong></span> <span class='ocrx_word' id='word_1_674' title='bbox 1353 5082 1675 5153; x_wconf 83' lang='grc' dir='ltr'><strong>δουλαγωγῶ</strong></span> <span class='ocrx_word' id='word_1_675' title='bbox 1711 5087 1764 5157; x_wconf 78' lang='grc' dir='ltr'><strong>(ἡ</strong></span> 
     </span>
    </p>
   </div>
   <div class='ocr_carea' id='block_1_96' title="bbox 216 5163 1763 5245">
    <p class='ocr_par' dir='ltr' id='par_1_96' title="bbox 216 5163 1763 5245">
     <span class='ocr_line' id='line_1_96' title="bbox 216 5163 1763 5245; baseline 0.008 -26"><span class='ocrx_word' id='word_1_676' title='bbox 216 5164 333 5233; x_wconf 80' lang='grc' dir='ltr'><strong>γὰρ</strong></span> <span class='ocrx_word' id='word_1_677' title='bbox 376 5164 601 5235; x_wconf 80' lang='grc' dir='ltr'><strong>συνεχὴς</strong></span> <span class='ocrx_word' id='word_1_678' title='bbox 618 5163 714 5217; x_wconf 86' lang='grc' dir='ltr'><strong>θέα</strong></span> <span class='ocrx_word' id='word_1_679' title='bbox 737 5166 854 5231; x_wconf 83' lang='grc' dir='ltr'><strong>ὁδός</strong></span> <span class='ocrx_word' id='word_1_680' title='bbox 880 5172 1026 5227; x_wconf 65' lang='grc' dir='ltr'><strong>ἐστιν</strong></span> <span class='ocrx_word' id='word_1_681' title='bbox 1049 5173 1142 5227; x_wconf 79' lang='grc' dir='ltr'><strong>ἐπὶ</strong></span> <span class='ocrx_word' id='word_1_682' title='bbox 1173 5172 1271 5245; x_wconf 81' lang='grc' dir='ltr'><strong>τὴν</strong></span> <span class='ocrx_word' id='word_1_683' title='bbox 1303 5173 1499 5243; x_wconf 81' lang='grc' dir='ltr'><strong>πρᾶξιν</strong></span> <span class='ocrx_word' id='word_1_684' title='bbox 1527 5176 1733 5245; x_wconf 74' lang='grc' dir='ltr'><strong>ἄγουσα</strong></span> <span class='ocrx_word' id='word_1_685' title='bbox 1749 5195 1763 5207; x_wconf 90' lang='grc'><strong>·</strong></span> 
     </span>
    </p>
   </div>
   <div class='ocr_carea' id='block_1_97' title="bbox 216 5256 1768 5341">
    <p class='ocr_par' dir='ltr' id='par_1_97' title="bbox 216 5256 1768 5341">
     <span class='ocr_line' id='line_1_97' title="bbox 216 5256 1768 5341; baseline 0.01 -31"><span class='ocrx_word' id='word_1_686' title='bbox 216 5256 271 5310; x_wconf 74' lang='grc' dir='ltr'><strong>εἰ</strong></span> <span class='ocrx_word' id='word_1_687' title='bbox 313 5256 387 5313; x_wconf 72' lang='grc' dir='ltr'><strong>δι</strong></span> <span class='ocrx_word' id='word_1_688' title='bbox 411 5258 503 5311; x_wconf 80' lang='grc' dir='ltr'><strong>καὶ</strong></span> <span class='ocrx_word' id='word_1_689' title='bbox 529 5259 610 5320; x_wconf 84' lang='grc' dir='ltr'><strong>είς</strong></span> <span class='ocrx_word' id='word_1_690' title='bbox 644 5256 800 5329; x_wconf 76' lang='grc' dir='ltr'><strong>ἔργον</strong></span> <span class='ocrx_word' id='word_1_691' title='bbox 829 5262 905 5333; x_wconf 76' lang='grc' dir='ltr'><strong>μὴ</strong></span> <span class='ocrx_word' id='word_1_692' title='bbox 935 5265 1180 5341; x_wconf 73' lang='grc' dir='ltr'><strong>ἐκϐαίνῃ,</strong></span> <span class='ocrx_word' id='word_1_693' title='bbox 1229 5266 1442 5337; x_wconf 79' lang='grc' dir='ltr'><strong>μολύνει</strong></span> <span class='ocrx_word' id='word_1_694' title='bbox 1467 5268 1582 5322; x_wconf 79' lang='grc' dir='ltr'><strong>’τὸν</strong></span> <span class='ocrx_word' id='word_1_695' title='bbox 1624 5271 1768 5339; x_wconf 86' lang='grc' dir='ltr'><strong>λογι-</strong></span> 
     </span>
    </p>
   </div>
   <div class='ocr_carea' id='block_1_98' title="bbox 218 5346 1767 5429">
    <p class='ocr_par' dir='ltr' id='par_1_98' title="bbox 218 5346 1767 5429">
     <span class='ocr_line' id='line_1_98' title="bbox 218 5346 1767 5429; baseline 0.012 -30"><span class='ocrx_word' id='word_1_696' title='bbox 218 5346 490 5419; x_wconf 75' lang='grc' dir='ltr'><strong>σμὸν,καὶ</strong></span> <span class='ocrx_word' id='word_1_697' title='bbox 516 5348 698 5421; x_wconf 83' lang='grc' dir='ltr'><strong>μοιχὸν</strong></span> <span class='ocrx_word' id='word_1_698' title='bbox 719 5351 1001 5421; x_wconf 76' lang='grc' dir='ltr'><strong>ἀποφαίνει</strong></span> <span class='ocrx_word' id='word_1_699' title='bbox 1035 5357 1124 5411; x_wconf 84' lang='grc' dir='ltr'><strong>τὸν</strong></span> <span class='ocrx_word' id='word_1_700' title='bbox 1154 5358 1388 5429; x_wconf 79' lang='grc' dir='ltr'><strong>ἁλόντα),</strong></span> <span class='ocrx_word' id='word_1_701' title='bbox 1418 5358 1500 5422; x_wconf 84' lang='grc' dir='ltr'><strong>τίς</strong></span> <span class='ocrx_word' id='word_1_702' title='bbox 1517 5365 1767 5419; x_wconf 84' lang='grc' dir='ltr'><strong>τοσοῦτόν</strong></span> 
     </span>
    </p>
   </div>
   <div class='ocr_carea' id='block_1_99' title="bbox 214 5434 1766 5527">
    <p class='ocr_par' dir='ltr' id='par_1_99' title="bbox 214 5434 1766 5527">
     <span class='ocr_line' id='line_1_99' title="bbox 214 5434 1766 5527; baseline 0.01 -34"><span class='ocrx_word' id='word_1_703' title='bbox 214 5438 338 5492; x_wconf 72' lang='grc' dir='ltr'><strong>ἐστι</strong></span> <span class='ocrx_word' id='word_1_704' title='bbox 365 5439 651 5511; x_wconf 77' lang='grc' dir='ltr'><strong>τολμηρὸς,</strong></span> <span class='ocrx_word' id='word_1_705' title='bbox 679 5443 752 5507; x_wconf 81' lang='grc' dir='ltr'><strong>ὡς</strong></span> <span class='ocrx_word' id='word_1_706' title='bbox 780 5446 888 5508; x_wconf 73' lang='grc' dir='ltr'><strong>τοῖς</strong></span> <span class='ocrx_word' id='word_1_707' title='bbox 914 5446 1211 5521; x_wconf 78' lang='grc' dir='ltr'><strong>ἀλλοτρίοις</strong></span> <span class='ocrx_word' id='word_1_708' title='bbox 1241 5434 1474 5523; x_wconf 83' lang='grc' dir='ltr'><strong>συνεχῶς</strong></span> <span class='ocrx_word' id='word_1_709' title='bbox 1502 5455 1766 5527; x_wconf 76' lang='grc' dir='ltr'><strong>ἑστιώμε-</strong></span> 
     </span>
    </p>
   </div>
   <div class='ocr_carea' id='block_1_100' title="bbox 1872 4639 3413 4711">
    <p class='ocr_par' dir='ltr' id='par_1_100' title="bbox 1872 4639 3413 4711">
     <span class='ocr_line' id='line_1_100' title="bbox 1872 4639 3413 4711; baseline 0.001 -16"><span class='ocrx_word' id='word_1_710' title='bbox 1872 4640 2113 4696; x_wconf 82' lang='lat' dir='ltr'><strong>credibili</strong></span> <span class='ocrx_word' id='word_1_711' title='bbox 2145 4639 2541 4710; x_wconf 87' lang='lat' dir='ltr'><strong>pulchritudine</strong></span> <span class='ocrx_word' id='word_1_712' title='bbox 2572 4640 2918 4711; x_wconf 80' lang='lat' dir='ltr'><strong>refulgentem</strong></span> <span class='ocrx_word' id='word_1_713' title='bbox 2966 4644 3210 4707; x_wconf 79' lang='lat' dir='ltr'><strong>intuitus,</strong></span> <span class='ocrx_word' id='word_1_714' title='bbox 3234 4645 3413 4697; x_wconf 85' lang='lat' dir='ltr'><strong>statim</strong></span> 
     </span>
    </p>
   </div>
   <div class='ocr_carea' id='block_1_101' title="bbox 1872 4730 3414 4805">
    <p class='ocr_par' dir='ltr' id='par_1_101' title="bbox 1872 4730 3414 4805">
     <span class='ocr_line' id='line_1_101' title="bbox 1872 4730 3414 4805; baseline -0.002 -18"><span class='ocrx_word' id='word_1_715' title='bbox 1872 4733 2086 4802; x_wconf 83' lang='lat' dir='ltr'><strong>Epheso</strong></span> <span class='ocrx_word' id='word_1_716' title='bbox 2116 4732 2367 4793; x_wconf 80' lang='lat' dir='ltr'><strong>excessit,</strong></span> <span class='ocrx_word' id='word_1_717' title='bbox 2398 4747 2463 4785; x_wconf 91' lang='lat' dir='ltr'><strong>ne</strong></span> <span class='ocrx_word' id='word_1_718' title='bbox 2489 4730 2617 4800; x_wconf 91' lang='lat' dir='ltr'><strong>quid</strong></span> <span class='ocrx_word' id='word_1_719' title='bbox 2646 4732 2795 4802; x_wconf 89' lang='lat' dir='ltr'><strong>impii</strong></span> <span class='ocrx_word' id='word_1_720' title='bbox 2831 4735 2946 4805; x_wconf 87' lang='lat' dir='ltr'><strong>(seu</strong></span> <span class='ocrx_word' id='word_1_721' title='bbox 2968 4735 3137 4804; x_wconf 84' lang='lat' dir='ltr'><strong>stupri</strong></span> <span class='ocrx_word' id='word_1_722' title='bbox 3168 4747 3219 4786; x_wconf 81' lang='lat' dir='ltr'><strong>et</strong></span> <span class='ocrx_word' id='word_1_723' title='bbox 3246 4735 3414 4785; x_wconf 74' lang='lat' dir='ltr'><strong>sueri-</strong></span> 
     </span>
    </p>
   </div>
   <div class='ocr_carea' id='block_1_102' title="bbox 1870 4822 3414 4896">
    <p class='ocr_par' dir='ltr' id='par_1_102' title="bbox 1870 4822 3414 4896">
     <span class='ocr_line' id='line_1_102' title="bbox 1870 4822 3414 4896; baseline 0.001 -18"><span class='ocrx_word' id='word_1_724' title='bbox 1870 4825 2017 4893; x_wconf 75' lang='lat' dir='ltr'><strong>lcgii)</strong></span> <span class='ocrx_word' id='word_1_725' title='bbox 2063 4830 2254 4891; x_wconf 64' lang='lat' dir='ltr'><strong>printer</strong></span> <span class='ocrx_word' id='word_1_726' title='bbox 2306 4822 2633 4876; x_wconf 89' lang='lat' dir='ltr'><strong>voluntatem</strong></span> <span class='ocrx_word' id='word_1_727' title='bbox 2684 4837 2992 4896; x_wconf 85' lang='lat' dir='ltr'><strong>perpetrare</strong></span> <span class='ocrx_word' id='word_1_728' title='bbox 3023 4834 3317 4891; x_wconf 76' lang='lat' dir='ltr'><strong>cogeretur.</strong></span> <span class='ocrx_word' id='word_1_729' title='bbox 3354 4825 3414 4879; x_wconf 77' lang='lat' dir='ltr'><strong>Et</strong></span> 
     </span>
    </p>
   </div>
   <div class='ocr_carea' id='block_1_103' title="bbox 1868 4912 3412 4985">
    <p class='ocr_par' dir='ltr' id='par_1_103' title="bbox 1868 4912 3412 4985">
     <span class='ocr_line' id='line_1_103' title="bbox 1868 4912 3412 4985; baseline 0.001 -16"><span class='ocrx_word' id='word_1_730' title='bbox 1868 4916 2041 4985; x_wconf 77' lang='lat' dir='ltr'><strong>Cyrus</strong></span> <span class='ocrx_word' id='word_1_731' title='bbox 2076 4912 2361 4967; x_wconf 86' lang='lat' dir='ltr'><strong>Persarum</strong></span> <span class='ocrx_word' id='word_1_732' title='bbox 2416 4928 2508 4968; x_wconf 74' lang='lat' dir='ltr'><strong>rex</strong></span> <span class='ocrx_word' id='word_1_733' title='bbox 2554 4913 2866 4971; x_wconf 82' lang='lat' dir='ltr'><strong>Pauthciam</strong></span> <span class='ocrx_word' id='word_1_734' title='bbox 2899 4931 2994 4970; x_wconf 79' lang='lat' dir='ltr'><strong>nec</strong></span> <span class='ocrx_word' id='word_1_735' title='bbox 3026 4916 3099 4969; x_wconf 82' lang='lat' dir='ltr'><strong>ad</strong></span> <span class='ocrx_word' id='word_1_736' title='bbox 3134 4928 3412 4985; x_wconf 68' lang='lat' dir='ltr'><strong>aspectum</strong></span> 
     </span>
    </p>
   </div>
   <div class='ocr_carea' id='block_1_104' title="bbox 1872 5004 3413 5077">
    <p class='ocr_par' dir='ltr' id='par_1_104' title="bbox 1872 5004 3413 5077">
     <span class='ocr_line' id='line_1_104' title="bbox 1872 5004 3413 5077; baseline 0.003 -19"><span class='ocrx_word' id='word_1_737' title='bbox 1872 5005 2088 5074; x_wconf 87' lang='lat' dir='ltr'><strong>quidem</strong></span> <span class='ocrx_word' id='word_1_738' title='bbox 2126 5004 2410 5060; x_wconf 87' lang='lat' dir='ltr'><strong>admittere</strong></span> <span class='ocrx_word' id='word_1_739' title='bbox 2429 5022 2595 5062; x_wconf 91' lang='lat' dir='ltr'><strong>ausus</strong></span> <span class='ocrx_word' id='word_1_740' title='bbox 2634 5017 2738 5075; x_wconf 89' lang='lat' dir='ltr'><strong>est,</strong></span> <span class='ocrx_word' id='word_1_741' title='bbox 2767 5023 2925 5077; x_wconf 85' lang='lat' dir='ltr'><strong>quam</strong></span> <span class='ocrx_word' id='word_1_742' title='bbox 2976 5007 3108 5061; x_wconf 79' lang='lat' dir='ltr'><strong>satis</strong></span> <span class='ocrx_word' id='word_1_743' title='bbox 3133 5018 3413 5061; x_wconf 67' lang='lat' dir='ltr'><strong>COIIsltt.utt</strong></span> 
     </span>
    </p>
   </div>
   <div class='ocr_carea' id='block_1_105' title="bbox 1869 5096 3407 5167">
    <p class='ocr_par' dir='ltr' id='par_1_105' title="bbox 1869 5096 3407 5167">
     <span class='ocr_line' id='line_1_105' title="bbox 1869 5096 3407 5167; baseline -0.001 -17"><span class='ocrx_word' id='word_1_744' title='bbox 1869 5110 1989 5150; x_wconf 82' lang='lat' dir='ltr'><strong>esse</strong></span> <span class='ocrx_word' id='word_1_745' title='bbox 2017 5096 2417 5165; x_wconf 84' lang='lat' dir='ltr'><strong>pulchritudine</strong></span> <span class='ocrx_word' id='word_1_746' title='bbox 2448 5099 2763 5153; x_wconf 86' lang='lat' dir='ltr'><strong>admiranda</strong></span> <span class='ocrx_word' id='word_1_747' title='bbox 2792 5100 3213 5167; x_wconf 69' lang='lat' dir='ltr'><strong>inexpugnabili.</strong></span> <span class='ocrx_word' id='word_1_748' title='bbox 3258 5102 3407 5165; x_wconf 69' lang='lat' dir='ltr'><strong>Quod</strong></span> 
     </span>
    </p>
   </div>
   <div class='ocr_carea' id='block_1_106' title="bbox 1871 5186 3407 5259">
    <p class='ocr_par' dir='ltr' id='par_1_106' title="bbox 1871 5186 3407 5259">
     <span class='ocr_line' id='line_1_106' title="bbox 1871 5186 3407 5259; baseline 0.001 -19"><span class='ocrx_word' id='word_1_749' title='bbox 1871 5186 1915 5241; x_wconf 83' lang='lat' dir='ltr'><strong>si</strong></span> <span class='ocrx_word' id='word_1_750' title='bbox 1976 5201 2105 5257; x_wconf 87' lang='lat' dir='ltr'><strong>ergo</strong></span> <span class='ocrx_word' id='word_1_751' title='bbox 2144 5194 2198 5243; x_wconf 88' lang='lat' dir='ltr'><strong>et</strong></span> <span class='ocrx_word' id='word_1_752' title='bbox 2229 5204 2316 5244; x_wconf 87' lang='lat' dir='ltr'><strong>res</strong></span> <span class='ocrx_word' id='word_1_753' title='bbox 2364 5188 2512 5259; x_wconf 58' lang='lat' dir='ltr'><strong>ipsa},</strong></span> <span class='ocrx_word' id='word_1_754' title='bbox 2544 5197 2599 5241; x_wconf 87' lang='lat' dir='ltr'><strong>et</strong></span> <span class='ocrx_word' id='word_1_755' title='bbox 2646 5187 2838 5256; x_wconf 84' lang='lat' dir='ltr'><strong>pagani</strong></span> <span class='ocrx_word' id='word_1_756' title='bbox 2883 5203 3119 5258; x_wconf 73' lang='lat' dir='ltr'><strong>quoque,</strong></span> <span class='ocrx_word' id='word_1_757' title='bbox 3152 5199 3206 5243; x_wconf 86' lang='lat' dir='ltr'><strong>et</strong></span> <span class='ocrx_word' id='word_1_758' title='bbox 3242 5194 3407 5242; x_wconf 70' lang='lat' dir='ltr'><strong>exteri</strong></span> 
     </span>
    </p>
   </div>
   <div class='ocr_carea' id='block_1_107' title="bbox 1869 5275 3411 5347">
    <p class='ocr_par' dir='ltr' id='par_1_107' title="bbox 1869 5275 3411 5347">
     <span class='ocr_line' id='line_1_107' title="bbox 1869 5275 3411 5347; baseline -0.005 -16"><span class='ocrx_word' id='word_1_759' title='bbox 1869 5275 2192 5331; x_wconf 83' lang='lat' dir='ltr'><strong>conﬁrmant</strong></span> <span class='ocrx_word' id='word_1_760' title='bbox 2236 5275 2388 5332; x_wconf 88' lang='lat' dir='ltr'><strong>Pauli</strong></span> <span class='ocrx_word' id='word_1_761' title='bbox 2443 5278 2645 5331; x_wconf 90' lang='lat' dir='ltr'><strong>dictum</strong></span> <span class='ocrx_word' id='word_1_762' title='bbox 2690 5276 3049 5345; x_wconf 77' lang='lat' dir='ltr'><strong>afﬁrmantis:</strong></span> <span class='ocrx_word' id='word_1_763' title='bbox 3086 5280 3189 5347; x_wconf 68' lang='grc' dir='ltr'><strong>Ιιίειω</strong></span> <span class='ocrx_word' id='word_1_764' title='bbox 3220 5282 3411 5347; x_wconf 65' lang='lat' dir='ltr'><strong>(Mityn</strong></span> 
     </span>
    </p>
   </div>
   <div class='ocr_carea' id='block_1_108' title="bbox 1870 5370 3088 5441">
    <p class='ocr_par' dir='ltr' id='par_1_108' title="bbox 1870 5370 3088 5441">
     <span class='ocr_line' id='line_1_108' title="bbox 1870 5370 3088 5441; baseline 0.003 -19"><span class='ocrx_word' id='word_1_765' title='bbox 1870 5385 2054 5438; x_wconf 80' lang='lat' dir='ltr'><strong>corpus</strong></span> <span class='ocrx_word' id='word_1_766' title='bbox 2083 5387 2272 5435; x_wconf 81' lang='lat' dir='ltr'><strong>meum,</strong></span> <span class='ocrx_word' id='word_1_767' title='bbox 2311 5381 2359 5424; x_wconf 86' lang='lat' dir='ltr'><strong>et</strong></span> <span class='ocrx_word' id='word_1_768' title='bbox 2392 5372 2445 5422; x_wconf 86' lang='lat' dir='ltr'><strong>iu</strong></span> <span class='ocrx_word' id='word_1_769' title='bbox 2473 5370 2771 5424; x_wconf 70' lang='lat' dir='ltr'><strong>servitutem</strong></span> <span class='ocrx_word' id='word_1_770' title='bbox 2820 5372 2997 5441; x_wconf 77' lang='lat' dir='ltr'><strong>redigo</strong></span> <span class='ocrx_word' id='word_1_771' title='bbox 3047 5378 3088 5403; x_wconf 64' lang='grc' dir='ltr'>δδ</span> 
     </span>
    </p>
   </div>
   <div class='ocr_carea' id='block_1_109' title="bbox 1868 5461 3407 5533">
    <p class='ocr_par' dir='ltr' id='par_1_109' title="bbox 1868 5461 3407 5533">
     <span class='ocr_line' id='line_1_109' title="bbox 1868 5461 3407 5533; baseline -0.001 -19"><span class='ocrx_word' id='word_1_772' title='bbox 1868 5461 2009 5515; x_wconf 89' lang='lat' dir='ltr'><strong>enim</strong></span> <span class='ocrx_word' id='word_1_773' title='bbox 2036 5474 2283 5533; x_wconf 86' lang='lat' dir='ltr'><strong>aspectus</strong></span> <span class='ocrx_word' id='word_1_774' title='bbox 2310 5461 2392 5513; x_wconf 80' lang='lat' dir='ltr'><strong>via</strong></span> <span class='ocrx_word' id='word_1_775' title='bbox 2421 5470 2503 5514; x_wconf 90' lang='lat' dir='ltr'><strong>est</strong></span> <span class='ocrx_word' id='word_1_776' title='bbox 2521 5476 2641 5530; x_wconf 68' lang='lat' dir='ltr'><strong>quae</strong></span> <span class='ocrx_word' id='word_1_777' title='bbox 2657 5462 2804 5517; x_wconf 87' lang='lat' dir='ltr'><strong>ducit</strong></span> <span class='ocrx_word' id='word_1_778' title='bbox 2832 5464 2897 5517; x_wconf 85' lang='lat' dir='ltr'><strong>ad</strong></span> <span class='ocrx_word' id='word_1_779' title='bbox 2922 5465 3089 5533; x_wconf 72' lang='lat' dir='ltr'><strong>ipsum</strong></span> <span class='ocrx_word' id='word_1_780' title='bbox 3114 5467 3370 5515; x_wconf 44' lang='lat' dir='ltr'><strong>nationem</strong></span> <span class='ocrx_word' id='word_1_781' title='bbox 3397 5482 3407 5511; x_wconf 93' lang='lat'>:</span> 
     </span>
    </p>
   </div>
   <div class='ocr_carea' id='block_1_110' title="bbox 3144 5374 3409 5433">
    <p class='ocr_par' dir='ltr' id='par_1_110' title="bbox 3144 5374 3409 5433">
     <span class='ocr_line' id='line_1_110' title="bbox 3144 5374 3409 5433; baseline -0.015 -9"><span class='ocrx_word' id='word_1_782' title='bbox 3144 5374 3409 5433; x_wconf 59' lang='lat' dir='ltr'><strong>(assiduus</strong></span> 
     </span>
    </p>
   </div>
   <div class='ocr_carea' id='block_1_111' title="bbox 289 5597 1768 5724">
    <p class='ocr_par' dir='ltr' id='par_1_111' title="bbox 289 5597 1759 5714">
     <span class='ocr_line' id='line_1_111' title="bbox 289 5597 1759 5714; baseline 0.014 -24"><span class='ocrx_word' id='word_1_783' title='bbox 289 5635 336 5669; x_wconf 86' lang='grc'><strong>⁶¹</strong></span> <span class='ocrx_word' id='word_1_784' title='bbox 358 5597 515 5693; x_wconf 52' lang='lat' dir='ltr'><strong>hom.</strong></span> <span class='ocrx_word' id='word_1_785' title='bbox 545 5656 641 5709; x_wconf 77' lang='grc' dir='ltr'><strong>νη,</strong></span> <span class='ocrx_word' id='word_1_786' title='bbox 680 5643 770 5699; x_wconf 76' lang='grc'><strong>24.</strong></span> <span class='ocrx_word' id='word_1_787' title='bbox 845 5644 889 5675; x_wconf 84' lang='grc'><strong>⁶²</strong></span> <span class='ocrx_word' id='word_1_788' title='bbox 910 5598 1053 5701; x_wconf 82' lang='lat' dir='ltr'><strong>Psal.</strong></span> <span class='ocrx_word' id='word_1_789' title='bbox 1083 5663 1235 5714; x_wconf 79' lang='lat' dir='ltr'><strong>xvut,</strong></span> <span class='ocrx_word' id='word_1_790' title='bbox 1271 5652 1356 5706; x_wconf 80' lang='lat' dir='ltr'><strong>l5.</strong></span> <span class='ocrx_word' id='word_1_791' title='bbox 1432 5651 1476 5682; x_wconf 82' lang='lat'>“</span> <span class='ocrx_word' id='word_1_792' title='bbox 1503 5650 1521 5705; x_wconf 89' lang='grc' dir='ltr'><strong>Ι</strong></span> <span class='ocrx_word' id='word_1_793' title='bbox 1545 5650 1688 5709; x_wconf 81' lang='lat' dir='ltr'><strong>Petr.</strong></span> <span class='ocrx_word' id='word_1_794' title='bbox 1724 5672 1759 5710; x_wconf 84' lang='grc' dir='ltr'><strong>ιι</strong></span> 
     </span>
    </p>
   </div>
   <div class='ocr_carea' id='block_1_112' title="bbox 1868 5597 2448 5724">
    <p class='ocr_par' dir='ltr' id='par_1_112' title="bbox 1868 5658 2448 5720">
     <span class='ocr_line' id='line_1_112' title="bbox 1868 5658 2448 5720; baseline 0.002 -10"><span class='ocrx_word' id='word_1_795' title='bbox 1868 5658 1909 5711; x_wconf 72' lang='grc' dir='ltr'><strong>Ξ.</strong></span> <span class='ocrx_word' id='word_1_796' title='bbox 1986 5658 2031 5688; x_wconf 69' lang='grc'>⁸³</span> <span class='ocrx_word' id='word_1_797' title='bbox 2066 5658 2084 5712; x_wconf 78' lang='grc' dir='ltr'><strong>Ι</strong></span> <span class='ocrx_word' id='word_1_798' title='bbox 2114 5658 2239 5714; x_wconf 90' lang='lat' dir='ltr'><strong>Cor.</strong></span> <span class='ocrx_word' id='word_1_799' title='bbox 2273 5659 2448 5720; x_wconf 63' lang='lat' dir='ltr'><strong>tx,97.</strong></span> 
     </span>
    </p>
   </div>
   <div class='ocr_carea' id='block_1_113' title="bbox 289 5794 2615 5882">
    <p class='ocr_par' dir='ltr' id='par_1_113' title="bbox 289 5794 2615 5882">
     <span class='ocr_line' id='line_1_113' title="bbox 289 5794 2615 5882; baseline 0.008 -35"><span class='ocrx_word' id='word_1_800' title='bbox 289 5794 365 5865; x_wconf 81' lang='grc' dir='ltr'><strong>(α)</strong></span> <span class='ocrx_word' id='word_1_801' title='bbox 407 5794 603 5849; x_wconf 81' lang='lat' dir='ltr'><strong>Desunt</strong></span> <span class='ocrx_word' id='word_1_802' title='bbox 659 5812 826 5864; x_wconf 81' lang='lat' dir='ltr'><strong>pauca</strong></span> <span class='ocrx_word' id='word_1_803' title='bbox 858 5799 1038 5859; x_wconf 73' lang='lat' dir='ltr'><strong>verba.</strong></span> <span class='ocrx_word' id='word_1_804' title='bbox 1083 5815 1130 5853; x_wconf 71' lang='grc' dir='ltr'><strong>(ε.</strong></span> <span class='ocrx_word' id='word_1_805' title='bbox 1174 5816 1221 5870; x_wconf 86' lang='lat' dir='ltr'><strong>g.</strong></span> <span class='ocrx_word' id='word_1_806' title='bbox 1264 5814 1318 5857; x_wconf 92' lang='lat' dir='ltr'><strong>ut</strong></span> <span class='ocrx_word' id='word_1_807' title='bbox 1358 5805 1546 5857; x_wconf 80' lang='lat' dir='ltr'><strong>iterum</strong></span> <span class='ocrx_word' id='word_1_808' title='bbox 1586 5810 1951 5873; x_wconf 67' lang='lat' dir='ltr'><strong>[tu&#39;nitcnliultl</strong></span> <span class='ocrx_word' id='word_1_809' title='bbox 1984 5824 2140 5880; x_wconf 71' lang='lat' dir='ltr'><strong>ngam</strong></span> <span class='ocrx_word' id='word_1_810' title='bbox 2175 5816 2259 5882; x_wconf 60' lang='lat' dir='ltr'><strong>qui</strong></span> <span class='ocrx_word' id='word_1_811' title='bbox 2306 5830 2345 5881; x_wconf 71' lang='grc' dir='ltr'>μ</span> <span class='ocrx_word' id='word_1_812' title='bbox 2372 5828 2615 5870; x_wconf 79' lang='grc' dir='ltr'><strong>(·‹;ιιίιιιι.</strong></span> 
     </span>
    </p>
   </div>
  </div>
