4030 6342
645 405 747 473 911
1883 401 1946 461 s.
1972 393 2289 462 JOANNts
2337 405 2640 468 CLIMACI
3757 407 3862 472 912

642 524 786 594 quod
841 521 886 575 si
941 519 1003 574 ad
1066 535 1201 589 opus
1235 518 1410 587 ipsum
1473 531 1578 570 non
1613 511 1923 573 descendat,
1952 510 2201 580 inquinat

2313 531 2391 576 νος
2440 517 2678 582 κάλλεσι,
2706 517 2852 586 λέγει
2882 518 3043 590 μηδὲν
3095 519 3155 572 τὸ
3191 521 3446 590 παράπαν
3491 518 3860 589 mlunt-160m;

643 630 820 671 tamen
863 623 1118 674 mentem,
1145 623 1198 666 et
1233 620 1449 680 captum
1473 616 1690 678 aspectu
1717 603 1950 660 ostendit
1990 601 2196 654 adulte-

2313 605 2362 657 Εί
2413 606 2469 658 δὲ
2516 606 2672 659 τοῦτο
2719 608 3004 675 δύσκολον,
3056 610 3159 679 χρὴ
3215 611 3446 677 μάλιστα
3501 609 3724 677 φεύγειν
3766 609 3862 668 τὰς

646 706 828 770 ιυιιι);
870 702 990 770 quis
1009 711 1116 754 tam
1153 701 1327 754 audax
1357 701 1480 764 erit,
1520 698 1612 768 qui
1646 695 1862 751 assidue
1910 692 2051 744 inter
2083 691 2198 745 ele-

2313 700 2547 766 συνεχεῖς
2575 699 2683 752 τῶν
2724 701 2993 768 γυναικῶν
3021 701 3303 765 ἐντεύξεις.
3334 702 3394 754 Εἰ
3425 701 3482 755 δὲ
3514 701 3730 768 ἀνάγκη
3756 700 3863 765 εἴη,

643 803 832 862 gattlcs
864 793 1091 846 aliarum
1141 789 1342 846 formas
1383 801 1625 844 versatus
1672 787 1850 847 dicat,
1904 782 2110 835 nullum
2143 797 2200 836 sc

2313 787 2555 855 χαλινοῦν
2588 789 2713 850 τοὺς
2744 790 3070 860 ὀφθαλμούς.

644 886 764 938 inde
805 883 1555 952 incommodumaccepisse?
1604 879 1660 935 Si
1712 885 1890 933 autem
1943 873 2047 927 hoc
2097 873 2315 930 difficile
2365 887 2467 940 est,
2525 890 2672 934 certe
2705 896 3028 952 magnopere
3088 881 3407 936 feminarum
3446 879 3862 934 consuetudines

641 988 766 1030 sunt
795 975 1137 1043 refugienda.
1185 973 1283 1028 Ubi
1309 986 1486 1028 tamen
1521 986 1742 1029 necesse
1795 970 1958 1024 fuerit
2024 970 2078 1021 in
2137 982 2484 1036 Conspectum
2523 971 2731 1024 illarum
2786 973 2986 1034 venire,
3042 971 3284 1028 lrenaudi
3311 982 3436 1028 sunt
3462 959 3603 1026 oculi
3624 981 3682 1025 et
3708 985 3861 1023 CMT-

643 1070 814 1123 rrndi.

1227 1153 1474 1212 Scholion
1509 1153 1600 1209 20.

715 1255 954 1319 Quatuor
998 1260 1126 1307 sunt
1156 1251 1380 1305 virtutes
1413 1267 1534 1320 quae
1586 1264 1774 1320 puram
1825 1251 2054 1306 reddunt
2087 1253 2200 1306 ani-

648 1363 810 1409 mam,
867 1345 1180 1407 silentium,
1248 1343 1494 1396 custodia
1556 1355 1979 1411 praeceptorum,
2029 1358 2200 1412 angu-

643 1450 758 1494 stus
812 1439 963 1493 locus
991 1435 1083 1508 [an
1117 1437 1378 1505 angustia:
1427 1445 1480 1489 et
1521 1436 1695 1490 luctus
1717 1434 1784 1506 ?],
1811 1446 1864 1488 et
1901 1435 2068 1488 animi
2101 1435 2196 1488 de-

643 1533 850 1589 missio.

1231 1617 1478 1673 Scholion
1513 1620 1604 1673 21.

715 1714 990 1785 Superbus
1020 1728 1049 1766 a
1081 1711 1340 1766 charitalc
1362 1713 1606 1764 desertus
1635 1711 1849 1775 cecidit,
1888 1717 1942 1766 et
1975 1725 2038 1785 ex
2067 1724 2198 1764 casu

645 1782 867 1862 humilis
909 1805 1084 1859 factus
1121 1814 1224 1870 cst,
1253 1814 1308 1858 et
1333 1803 1407 1858 ita
1434 1805 1685 1874 superbia
1715 1805 1942 1874 praebuit
1973 1782 2049 1858 illi
2073 1819 2203 1857 cau-

645 1918 758 1954 sam
788 1897 1125 1953 humilitatis.

1324 1989 1508 2041 Aliud-

717 2085 998 2140 llnmilitas
1025 2094 1107 2139 est
1151 2098 1318 2138 mens.
1357 2081 1608 2135 omnibus
1649 2079 1910 2145 subjecta,
1958 2083 2199 2132 nascitur

645 2193 707 2230 ex
738 2176 1018 2230 affectione
1054 2175 1210 2229 fortis
1241 2183 1294 2227 et
1347 2187 1617 2242 generosa:
1671 2173 1888 2234 animae,
1948 2183 2201 2241 metuque

641 2268 832 2340 judicii
859 2283 952 2323 seu
977 2267 1261 2323 examinis.

1129 2355 1289 2427 245
1327 2352 1574 2410 Scholion
1593 2352 1686 2405 22.

716 2451 1010 2508 Sciendum
1065 2449 1236 2504 solam
1287 2441 1670 2498 abstinentiam
1722 2453 1826 2494 non
1862 2439 2105 2495 sullicere
2131 2440 2198 2495 ad

646 2543 873 2599 vitiosos
895 2540 1118 2593 allectus
1146 2533 1498 2596 edomandos,
1534 2531 1628 2586 sed
1660 2531 1793 2585 alias
1821 2544 2039 2600 quoque
2089 2531 2200 2584 vir-

648 2645 790 2690 tutes
836 2629 1153 2694 desiderari,
1226 2627 1524 2699 praesertim
1577 2630 1791 2694 oportet
1824 2631 1884 2676 ut
1927 2623 2203 2678 humilitas

647 2729 937 2798 conjuncta
981 2724 1053 2780 sit
1102 2737 1225 2777 cum
1259 2720 1604 2781 abstinentia.
1635 2730 1756 2788 qua:
1789 2718 1984 2772 fastum
2018 2732 2083 2770 ex
2115 2718 2202 2770 illa

649 2818 909 2872 orientem
938 2813 1197 2882 reprimat
1241 2819 1294 2864 et
1339 2817 1655 2863 aversetur:
1690 2808 1781 2876 qui
1823 2806 1867 2860 si
1920 2816 2204 2861 enervatus

649 2907 833 2966 fuerit,
864 2905 914 2957 in
942 2911 1189 2973 promptu
1223 2900 1326 2956 erit
1362 2899 1529 2954 animi
1563 2897 1925 2968 tranquillitas
1962 2897 2029 2950 ab
2057 2897 2203 2951 omni

651 2994 1116 3064 perturbationum
1151 2991 1382 3046 tumultu
1431 2989 1618 3043 libera.

1200 3083 1258 3139 S.
1298 3082 1520 3136 Maximi
1556 3081 1649 3136 25.
2030 3150 2036 3156 _

714 3177 1008 3232 llutnilitas
1062 3184 1119 3229 et
1169 3175 1487 3228 atllictiones
1516 3171 1787 3225 hominem
1813 3169 1882 3222 ab
1909 3167 2055 3222 omni
2086 3182 2208 3237 pec-

650 3282 773 3325 cato
833 3271 1103 3323 liberant:
1147 3282 1271 3320 nam
1336 3264 1426 3319 illa
1485 3261 1780 3326 auimi,h:e
1811 3259 2053 3329 corporis
2082 3258 2206 3312 vitia

653 3361 917 3417 recidunt.
954 3358 1065 3416 Hoc
1091 3358 1235 3416 enim
1274 3358 1463 3413 beatus
1501 3354 1665 3409 David
1691 3354 1904 3407 videtur
1937 3352 2114 3406 facere
2156 3351 2212 3405 iu

654 3457 722 3510 iis
749 3471 867 3525 qua:
889 3469 919 3507 a
949 3453 1058 3509 Deo
1083 3468 1114 3523 p
1186 3460 1350 3514 *atur,
1371 3465 1492 3504 cum
1525 3447 1687 3502 dicit:
1722 3446 1846 3500 Vide
1865 3444 2214 3498 humilitatem

655 3563 818 3600 meum
853 3555 901 3599 et
933 3545 1163 3599 laborem
1191 3558 1383 3608 meum,
1431 3549 1482 3594 et
1527 3526 1731 3592 dimitte
1783 3538 2024 3590 universa
2082 3535 2215 3588 deli-

655 3649 740 3693 cta
775 3654 887 3691 mea
914 3636 982 3692 °'.

1216 3722 1467 3779 Scholion
1499 3720 1590 3774 ει.

726 3821 1006 3876 Exerravit
1067 3818 1211 3888 quis,
1261 3825 1316 3871 et
1371 3829 1467 3885 per
1491 3815 1632 3868 viam
1662 3826 1815 3867 suam
1865 3825 2025 3881 aqua
2053 3807 2217 3863 decli-

658 3926 894 3981 naverat,
949 3926 1195 3968 reversus
1241 3918 1322 3964 est
1384 3911 1614 3971 iterum;
1667 3903 1879 3973 negavit
1907 3903 2028 3972 quis
2056 3900 2217 3955 veluti

658 4027 752 4081 per
801 4009 1037 4077 linguam
1096 4002 1286 4064 Deum,
1345 4007 1400 4054 et
1429 4013 1522 4068 per
1553 3997 1796 4050 eamdem
1833 4007 2021 4064 rursus
2051 3991 2218 4047 Deum

658 4099 942 4156 confessus
978 4106 1101 4162 est;
1132 4093 1312 4164 rapuit
1337 4090 1610 4150 manibus.
1643 4103 1697 4142 et
1724 4087 1972 4141 manibus
2010 4086 2062 4139 in
2090 4100 2221 4154 pau-

660 4207 816 4263 peres
845 4189 1099 4256 diSpei-sit
1127 4227 1141 4252 ,
1175 4195 1227 4239 et
1255 4181 1475 4253 perinde
1503 4181 1569 4235 de
1616 4179 1738 4234 aliis
1773 4176 2058 4246 loquendo.
2116 4174 2220 4240 Qui

661 4262 839 4338 autem
870 4290 1057 4336 contra
1091 4278 1395 4334 castitatem
1445 4271 1705 4343 peccarit,
1762 4284 1868 4322 non
1927 4282 2021 4335 per
2072 4262 2230 4320 eam!

660 4379 780 4429 dem
822 4372 986 4436 viam,
1017 4386 1108 4440 per
1133 4384 1297 4439 quam
1337 4365 1551 4430 cecidit,
1583 4363 1676 4418 sed
1708 4375 1800 4431 per
1829 4360 1992 4414 aliam
2046 4373 2223 4413 rever-

661 4465 812 4518 titur.
847 4459 1026 4514 Plorat
1053 4459 1196 4513 enim
1218 4466 1273 4511 et
1304 4457 1557 4518 abstinet,
1598 4462 1652 4508 et
1677 4453 1856 4524 gemit.
1887 4449 2223 4521 Quapropter

661 4554 877 4614 luxuria
909 4551 930 4625 [
968 4546 1304 4620 fornicatio]
1346 4549 1562 4618 proprie
1582 4547 1737 4601 ruina
1772 4560 1867 4599 seu
1918 4558 2075 4597 casus
2131 4558 2220 4612 ap~

2900 1152 3154 1220 Σχό.ἶιον
3201 1159 3270 1205 κ’.

2379 1239 2656 1310 Τέσσαρές
2698 1242 2834 1293 εἰσιν
2879 1242 3069 1313 ἀρεταὶ
3113 1245 3426 1311 ἀγνίςουσαι
3457 1243 3554 1316 τὴν
3581 1245 3792 1314 ψυχὴν·
3829 1250 3858 1316 ἡ

2305 1327 2501 1398 σιωπὴ,
2533 1329 2627 1382 καὶ
2674 1330 2733 1382 τὸ
2759 1329 3090 1398 φυλάξασθαι
3119 1334 3216 1396 τὰς
3262 1333 3500 1400 ἐντολὰς,
3527 1336 3619 1386 καὶ
3660 1337 3693 1403 ἠ
3740 1353 3860 1388 στι-

2297 1421 2549 1488 νοχωρία,
2581 1421 2674 1474 καὶ
2702 1422 2736 1492 ἡ
2767 1422 3257 1494 ταπεινοφροσύνῃ.

2871 1618 3133 1686 Σχόλιον
3175 1625 3281 1673 κα⁹.

2377 1705 2436 1757 '0
2470 1708 2938 1778 ὑπερηφανευθεὶς
2965 1711 3069 1763 ὑπὸ
3096 1712 3193 1782 τῆς
3227 1712 3445 1783 χάριτος
3475 1714 3855 1783 καταλειφθεὶς

2300 1797 2513 1862 ἔπεσεν,
2541 1801 2634 1853 καὶ
2667 1801 2846 1854 πεσὼν
2878 1804 3236 1874 ἐταπεινώθη,
3267 1805 3362 1858 καὶ
3382 1806 3597 1874 γέγονεν
3623 1808 3682 1859 ἐν
3712 1807 3862 1876 αὐτῷ

2287 1891 2334 1958 ’ἡ
2367 1889 2708 1962 ὑπερηφανία
2731 1893 3226 1964 ταπεινοφροσύνης
3251 1897 3422 1950 αἰτία.

2968 1984 3172 2037 Ἄλλο.

2374 2071 2851 2143 Ταπεινοφροσύνη
2904 2073 3020 2125 ἐστὶ
3061 2073 3251 2144 γνώμη
3301 2077 3464 2129 πᾶσιν
3495 2075 3860 2147 ὑποκειμένη·

2305 2161 2510 2230 γίνεται
2539 2162 2608 2250 ⁸δὲ
2642 2164 2706 2215 ἐκ
2741 2162 3029 2228 διαθέσεως
3077 2165 3320 2236 ἀνδρείας
3361 2166 3536 2238 ψυχῆς
3574 2169 3668 2220 καὶ
3702 2169 3865 2236 φόὸου

2306 2252 2626 2317 ἐξετάσεως.

2886 2347 2934 2398 Σ
2935 2345 3149 2414 χόλιον
3179 2345 3281 2416 κβ’.

2376 2437 2572 2490 ’ἰστέον
2601 2438 2676 2502 ὼς
2705 2438 2804 2491 οὐκ
2832 2437 3052 2509 ἐξαρκεῖ
3091 2439 3124 2508 ἡ
3166 2437 3459 2508 ἐγκράτεια
3497 2438 3634 2492 κατά
3677 2442 3865 2494 παθῶν

2309 2527 2467 2596 μόνη,
2491 2528 2540 2580 εί
2572 2528 2644 2599 μὴ
2671 2527 2762 2581 καὶ
2785 2526 2940 2580 ἄλλαι
2971 2527 3164 2598 ἀρεταὶ
3201 2527 3462 2580 σύνεισιν·
3496 2526 3787 2600 ἐξαιρέτως
3812 2531 3865 2582 δὲ

2307 2619 2340 2686 ἡ
2368 2616 2832 2686 ταπεινοφροσύνη
2858 2616 3059 2686 ὀφείλει
3089 2619 3322 2670 συνεῖναι
3344 2619 3409 2689 τῇ
3441 2618 3752 2689 ἐγκρατείᾳ,
3785 2620 3864 2672 ἵνα

2307 2707 2399 2760 τὸν
2453 2710 2517 2761 ἐκ
2567 2708 2769 2778 ταύτης
2821 2707 3239 2778 προσγινόμενον
3292 2709 3605 2780 ἀποστρέφῃ
3661 2711 3860 2777 ὄγκον·

2305 2800 2404 2881 ’ἐὰν
2433 2799 2542 2867 γὰρ
2597 2790 2750 2861 οὗτος
2799 2798 3139 2871 καταργηθῇ,
3171 2799 3206 2870 ἡ
3249 2799 3486 2858 ἀπάθεια
3522 2805 3868 2871 προσγίνεται

2311 2887 2560 2956 ἑτοίμως.

2595 3066 2853 3132 Σχόλιον
2871 3064 2976 3120 τοῦ
3005 3067 3176 3137 ἁγίου
3199 3067 3470 3137 Μαξίμου
3499 3069 3607 3138 κγ’.

2380 3155 2719 3219 Ταπείνωσις
2741 3157 2835 3210 καὶ
2859 3157 3195 3212 κακοπάθεια
3225 3159 3403 3228 πάσης
3424 3161 3694 3232 ἁμαρτίας
3723 3160 3869 3214 ἐλευ-

2237 3302 2279 3357 C
2313 3247 2528 3357 θεροῦσι
2560 3248 2650 3302 τὸν
2676 3249 2960 3317 ἄνθρωπον
2985 3266 3001 3280 ⁶
3035 3250 3068 3321 ὴ
3095 3251 3195 3322 μὲν
3221 3253 3288 3306 τὰ
3312 3252 3413 3323 τῆς
3440 3253 3631 3325 ψυχῆς,
3663 3255 3698 3326 ἡ
3723 3255 3780 3309 δὲ
3803 3254 3868 3307 τὰ

2313 3345 2405 3398 τοῦ
2438 3344 2689 3416 σώματος
2717 3344 3118 3416 περικόπτουσα
3148 3347 3313 3417 πάθη.
3336 3347 3506 3401 Τοῦτο
3542 3351 3648 3420 γὰρ
3685 3349 3716 3402 ό
3764 3366 3868 3417 μα-

2313 3440 2501 3508 κάριος
2531 3437 2692 3491 Δαυῖδ
2727 3438 2894 3492 ποιῶν
2928 3439 3211 3507 φαίνεται,
3266 3439 3326 3492 ἐν
3359 3434 3443 3503 οἷς
3485 3439 3704 3510 εὔχεται
3737 3441 3869 3512 πρὸς

2313 3533 2402 3585 τὸν
2424 3532 2554 3584 Θεὸν
2579 3531 2750 3598 λέγων
2782 3549 2797 3562 ·
2833 3531 2953 3588 Ἴδε
2972 3531 3088 3597 τὴν
3103 3533 3468 3587 ταπείνουίν
3481 3550 3620 3602 μου,
3648 3534 3748 3586 καί
3770 3534 3866 3586 τεν

2315 3625 2508 3678 κόπον
2533 3637 2672 3691 μου,
2705 3620 2806 3674 καὶ
2827 3622 2976 3691 ἄφες
2996 3621 3200 3689 πάσας
3223 3621 3329 3690 τὰς
3355 3613 3640 3693 ἀμῳτῖας
3663 3641 3803 3694 μου.

2906 3716 3164 3783 Σχόλιον
3185 3717 3283 3772 κδ’.

2400 3805 2635 3876 Ἐσφάλη
2658 3822 2762 3869 τις,
2795 3805 2891 3860 καὶ
2923 3807 2987 3860 δι’
3019 3803 3086 3878 ἦς
3117 3795 3251 3863 ὀδοῦ
3269 3809 3598 3881 παρετράπη
3633 3846 3652 3872 ,
3700 3808 3870 3861 ἐπαν-

2317 3899 2446 3969 ἦλθε
2486 3897 2680 3951 πάλιν
2726 3900 2999 3970 ἠρνήσατο
3044 3900 3152 3971 γὰρ
3195 3893 3310 3955 οἷον
3338 3899 3430 3953 διὰ
3466 3899 3567 3970 τῆς
3603 3898 3871 3968 γλώσσης,

2319 3989 2415 4041 καὶ
2451 3989 2611 4043 πάλιν
2642 3989 2708 4042 δι’
2755 3990 2923 4059 αὐτῆς
2961 3991 3308 4062 ὡμολόγησεν
3336 4006 3350 4020 ο
3390 3991 3607 4062 ἥρπασε
3647 3991 3734 4044 διά
3768 3991 3871 4044 τῶν

2321 4080 2542 4152 χειρῶν,
2574 4082 2666 4133 καί⁸
2697 4081 2765 4134 δι’
2798 4055 2976 4134 αὐτῶν
3012 4055 3331 4154 ἐσκόρπισε,
3371 4055 3468 4136 καὶ
3503 4084 3596 4137 ἐπὶ
3636 4083 3745 4152 τῶν
3781 4074 3871 4135 ἆλ-
3935 4055 3946 4076 ί

2325 4175 2431 4226 λων
2455 4174 2675 4244 ὁμοίως.
2718 4175 2778 4226 ’0
2807 4175 2864 4227 δὲ
2900 4177 3222 4248 πορνεύσας,
3249 4175 3360 4228 οὐδ’
3396 4175 3613 4248 ἐκείνης
3632 4174 3732 4245 τῆς
3755 4173 3870 4227 ὁδοῦ

2323 4268 2388 4320 δι’
2417 4261 2484 4337 ἦς
2535 4269 2630 4320 καὶ
2677 4267 2899 4322 ἐπεσενο
2952 4270 3087 4324 ἀλλά
3133 4269 3202 4322 δι’
3255 4267 3444 4342 ἐτέρας
3503 4269 3869 4340 ἐπανέρχεται.

2326 4360 2518 4414 κλαίει
2541 4363 2670 4432 γὰρ,
2700 4362 2968 4432 νηστεύει,
2999 4362 3195 4416 στένει.
3220 4361 3312 4416 Διὸ
3338 4362 3432 4418 καὶ
3460 4361 3664 4433 κυρίως
3689 4363 3725 4429 ἡ
3750 4376 3873 4430 πορ·

2325 4455 2442 4507 νεία
2475 4453 2675 4523 πτῶμα
2715 4469 2728 4481 '
2776 4453 2950 4516 ἄλλως
2989 4470 3049 4506 τε
3093 4453 3188 4507 καὶ
3228 4455 3296 4526 τῇ
3335 4451 3592 4526 μοναδικῇ
3641 4450 3875 4520 πολιτείᾳ

2327 4536 2486 4599 τοῦτο
2516 4544 2667 4616 παρά
2711 4544 2781 4597 τὰ
2824 4544 2986 4597 λοιπά
3025 4545 3372 4617 οἰκειότερον,
3417 4543 3479 4597 τὸ
3510 4542 3872 4613 παρθενεύειν,

661 4648 914 4719 pellatur,
943 4643 1242 4714 praesertim
1280 4654 1405 4695 cum
1439 4638 1702 4707 religiosae
1733 4636 1852 4689 vitae
1877 4643 2068 4704 praeter
2120 4634 2213 4687 alia

2329 4638 2355 4688 ὃ
2382 4638 2475 4691 καὶ
2507 4636 2756 4707 βούλεται
2801 4639 2833 4706 ἠ
2866 4636 2958 4690 τοῦ
2984 4637 3254 4707 μοναχοῦ
3290 4635 3661 4707 προσηγορία,
3699 4634 3789 4687 καὶ
3820 4632 3874 4683 τὸ

661 4743 733 4797 sit
775 4738 947 4808 magis
977 4736 1239 4790 familiare
1262 4742 1319 4790 et
1359 4731 1636 4803 proprium
1697 4727 1931 4783 studium
1995 4727 2220 4796 virgini-

662 4834 810 4896 tatis,
837 4830 980 4902 quod
1005 4838 1058 4882 et
1087 4827 1374 4898 appellatio
1403 4821 1644 4878 monachi
1683 4821 1778 4890 (ut
1806 4821 1896 4890 qui
1932 4819 2078 4874 solus
2109 4821 2224 4874 sine

2330 4728 2670 4800 ἐπάγγελμα.
2717 4729 2776 4782 '0
2820 4726 2911 4783 οὖν
2966 4729 3281 4800 διαφθείρας
3322 4727 3420 4799 τὴν
3451 4725 3743 4798 παρθενίαν
3781 4724 3867 4776 πέ-

2335 4839 2550 4875 πτωκεν
2578 4822 2812 4892 ἀληθῶς,
2852 4822 3121 4892 ἀθετήσας
3155 4821 3183 4873 δ
3219 4819 3596 4891 ἐπηγγείλατο.

664 4940 915 4984 consorte
970 4927 1178 4981 habitet
1211 4927 1226 4993 )
1259 4925 1497 4979 declarat
1523 4931 1576 4976 et
1607 4918 1873 4991 professio
1899 4933 1994 4974 seu
2036 4927 2240 4973 votum.
2276 4917 2376 4984 Qui
2433 4933 2562 4989 ergo
2599 4917 2960 4989 virginitatem
3016 4916 3280 4987 corrupit,
3314 4929 3441 4970 vere
3497 4913 3706 4980 cecidit,
3766 4907 3873 4964 irri-

663 5032 777 5076 tum
808 5020 1074 5074 reddendo
1113 5018 1256 5087 quod
1291 5017 1538 5085 promisit
1561 5030 1656 5069 seu
1689 5015 1854 5067 vovit.

1083 5109 1330 5164 Scholion
1371 5108 1628 5162 Thalassii
1653 5108 1742 5162 ‘25.

735 5205 823 5258 Ille
857 5218 980 5258 vere
1009 5202 1304 5257 solitariam
1338 5203 1504 5254 vitam
1551 5209 1714 5259 amat,
1775 5195 1868 5265 qui
1932 5194 2063 5249 nihil
2112 5193 2227 5248 alli-

663 5293 803 5347 citur
837 5307 961 5362 erga
991 5307 1076 5347 res
1107 5291 1294 5346 mundi
1323 5301 1375 5345 et
1419 5288 1639 5359 quosvis
1687 5286 1932 5340 homines
1981 5294 2072 5338 aut
2126 5285 2228 5338 bu-

665 5399 845 5441 mana.

1252 5467 1498 5524 Scholion
1543 5469 1631 5525 9.6.

740 5564 971 5620 llzeresis
998 5570 1081 5616 est
1102 5560 1344 5617 seductio
1369 5562 1585 5626 mentis,
1622 5571 1674 5616 et
1719 5563 1914 5631 lingua:
1958 5559 2226 5620 ministra,

666 5659 807 5713 unde
833 5668 887 5713 et
916 5673 1088 5712 error.
1123 5655 1360 5712 Luxuria
1423 5667 1603 5713 autem
1663 5670 1849 5710 omnes
1921 5669 2112 5711 sensus
2176 5663 2232 5709 et

742 5840 788 5869 “
814 5836 961 5893 Psal.
991 5852 1138 5905 xxiv,
1172 5836 1258 5890 18.

2718 5099 2974 5169 Σχόλιον
3013 5096 3363 5155 Θαλαωίου
3399 5101 3498 5149 κε’.

2417 5191 2696 5263 Ἦσυχίαν
2734 5191 2942 5261 ἀγαπᾷ,
2976 5192 3003 5243 ό
3046 5190 3121 5260 μὴ
3156 5187 3378 5256 πάσχων
3421 5185 3557 5259 πρὸς
3584 5183 3652 5237 τά
3679 5180 3769 5236 τοῦ
3794 5179 3871 5234 κό-

2338 5299 2473 5353 σμου
2504 5284 2598 5336 καὶ
2628 5282 2837 5342 πάντας
2873 5279 3212 5353 ἀνθρώπους,
3247 5279 3276 5331 ό
3307 5277 3474 5348 μηδὲν
3516 5274 3741 5343 ἀγαπῶν
3787 5275 3871 5326 ἁνε-

2335 5374 2361 5427 θ
2372 5375 2624 5446 ρώπινον.

2915 5468 2960 5519 Σ
2962 5464 3171 5532 χόλιον
3197 5469 3311 5529 κςθ.

2417 5557 2478 5608 'll
2508 5557 2605 5626 μὲν
2633 5555 2844 5626 αἵρεσις
2873 5556 2988 5617 νοός
3019 5555 3134 5608 ἐστι
3163 5549 3539 5625 παρεκτροπὴ,
3584 5553 3678 5605 καὶ
3709 5549 3868 5619 γλώσ-

2337 5663 2433 5717 σης
2466 5647 2775 5715 ὑπουργία·
2820 5646 2941 5700 ὅθεν
2992 5647 3084 5699 καὶ
3133 5645 3351 5715 σφάλμα
3404 5641 3691 5716 [σφάλλει].
3733 5640 3792 5693 'u
3824 5635 3871 5688 at
