4030 6342
246 460 348 524 ³11

1227 469 1453 531 SCALA
1475 470 1853 533 PARADISI.
1874 495 1947 508 --
1973 471 2279 533 GRADUS
2309 472 2430 533 XV.

3338 468 3445 537 918

226 576 307 627 hac
350 590 415 626 τε
458 573 558 643 τῆς
597 573 891 645 ἀγγελικῆς
945 578 1301 649 προτροπῆςο
1348 580 1488 634 ὥστε
1533 584 1664 646 τοὺς
1699 584 1798 653 μὲν

1901 592 2059 638 tatem
2091 582 2300 638 arbitrii
2329 599 2344 637 :
2391 590 2507 637 tum
2532 582 2694 637 etiam
2723 597 2790 640 ex
2824 584 3065 654 angelico
3096 584 3349 639 instinctu
3395 595 3448 639 et

253 663 517 734 πονηροὺς
560 664 625 717 ὲκ
659 664 752 717 δύο
786 667 883 737 τὴν
915 667 1172 723 σύστασιν
1200 662 1386 740 ἔχειν,
1418 672 1547 736 τοὺς
1574 673 1632 726 δὲ
1659 674 1797 742 ἀγα-

220 752 373 817 θοὺς
412 754 475 806 ὲκ
513 754 697 824 τριῶν.
742 758 1109 828 Μνημονεύειν
1158 757 1252 814 οὖν
1295 760 1400 833 χρὴ
1441 763 1582 816 κατὰ
1614 764 1800 818 τοῦτον

221 842 335 897 τδν
360 843 551 914 καιρὸν
572 844 667 899 τοῦ
706 847 983 918 είρηκότος
1006 848 1252 919 θεολόγοι)
1281 868 1296 882 -
1346 853 1687 921 Ἀντίστητε
1720 855 1801 919 τῷ

224 932 524 997 διαϐόλω,
556 935 657 991 καί
681 938 959 1006 φεύξεται
1007 939 1108 1010 ἀφ’
1137 940 1306 1011 ὑμῶν
1336 942 1434 1012 (a).
1480 943 1590 998 Καὶ
1617 945 1801 1000 λοιπὸν

224 1014 324 1067 δεῖ
341 1018 406 1068 ὲν
433 1016 642 1087 ἀγωνίᾳ
662 1020 1034 1089 ἐγκαρτερεῖν.
1066 1022 1140 1075 Τὸ
1167 1023 1226 1075 δὲ
1254 1023 1512 1093 ἔμπαλιν,
1542 1026 1604 1079 τὸ
1629 1028 1688 1079 ὲν
1720 1027 1800 1097 τῷ

228 1102 440 1174 κόσμῳ
465 1104 873 1176 διαπολεμητον,
924 1107 1073 1170 δόλος
1103 1110 1221 1163 ἐστὶ
1250 1111 1342 1167 τοῦ
1370 1111 1589 1184 ἐχθροῦ,
1623 1115 1798 1170 καὶού

821 1380 1076 1447 Σχόλιον
1104 1380 1213 1445 λς’.

309 1463 609 1534 Φεύγωμεν
643 1466 805 1522 ἓνεκα
846 1469 941 1523 τοῦ
988 1472 1072 1541 μὴ
1122 1472 1340 1539 βλέπειν
1394 1471 1529 1543 μηδὲ
1586 1473 1803 1528 ἀκούειν

232 1554 485 1623 καρποῦ,
502 1551 567 1627 ,οὗ
596 1557 669 1630 μὴ
693 1560 988 1627 γεύσασθαι
1012 1562 1194 1616 λοιπὸν
1223 1562 1647 1633 συνεταξάμεθα.
1674 1565 1802 1616 Λεί-

236 1636 339 1696 σεει
363 1644 423 1698 δὲ
450 1645 531 1708 τὸ,
560 1647 756 1712 ἕνεκα,
784 1651 1137 1721 αἰτιολογικὸς
1165 1652 1473 1723 συνδεσμός.
1509 1654 1803 1725 Φεύγωμεν

234 1734 383 1805 γὰρ.
415 1739 595 1807 φησὶν,
637 1738 799 1795 ἕνεκα
829 1742 1005 1798 τοῦδε.
1056 1742 1226 1797 Βλέπε
1272 1744 1507 1798 ἐνταῦθα
1549 1747 1584 1816 ἡ
1613 1746 1678 1798 ὲκ
1708 1745 1801 1799 τοῦ

235 1834 420 1887 τόπου
444 1836 764 1905 μετάστασις
791 1837 912 1910 [τῆς
942 1840 1346 1913 μεταστάσεως]
1378 1841 1478 1911 τὴν
1503 1841 1765 1911 ὠφέλειαν
1785 1860 1799 1875 ’

235 1924 558 1990 διδάξαντος
576 1928 682 1999 γὰρ
710 1928 802 1983 τοῦ
832 1931 1093 2000 παναγίου
1126 1932 1440 2003 Πνεύματος
1466 1934 1593 1998 τοὺς
1634 1934 1800 1987 πατέη
1832 1913 1875 1968 Β

242 2031 377 2085 ρας,
398 2017 476 2069 ὅτι
499 2017 715 2073 δύναται
737 2021 859 2085 τοὺς
883 2022 1114 2093 τρόπους
1160 2025 1223 2076 εκ
1255 2026 1365 2077 τῶν
1392 2025 1573 2078 τόπων
1616 2028 1645 2080 ό
1696 2044 1804 2080 πα-

236 2108 419 2167 λαίων
450 2114 715 2185 ἀμείϐειν,
747 2110 893 2172 οὗτοι
931 2118 1094 2189 βοῶσι
1122 2138 1139 2153 ·
1180 2122 1412 2190 Φεύγετε
1450 2127 1575 2189 τοὺς
1610 2127 1806 2189 τόπους

233 2190 362 2253 ’τῶν
390 2205 709 2273 πτωμάτων.
738 2206 813 2272 ὡς
838 2209 932 2262 καὶ
950 2209 1182 2264 ἐνταῦθα
1206 2229 1219 2242 ·
1255 2212 1553 2281 Φεύγοντες
1594 2214 1808 2284 φεύγω-

244 2308 381 2362 μεν,
416 2295 509 2349 τοῦ
539 2297 700 2352 Δαυίδ
731 2300 1105 2369 μνημονεύσας
1147 2301 1248 2371 τῆς
1277 2303 1421 2357 κατὰ
1460 2305 1561 2377 τὴν
1589 2306 1805 2377 Βηρσα-

239 2383 345 2438 ϐεὲ
379 2386 613 2459 ἱστορίας
629 2388 728 2462 τὴν
747 2390 963 2462 ἀπάτην
987 2393 1267 2464 ἐνέφηνεν.

914 2482 1125 2539 Ἄλλο.

318 2563 465 2627 Νοῦς
486 2566 563 2636 μὴ
590 2567 892 2623 ἐπιστατῶν
928 2575 993 2644 τῇ
1034 2574 1305 2646 αἰσθήσει,
1343 2576 1411 2630 δι’
1451 2577 1623 2647 αὐτῆς
1646 2596 1804 2650 περι-

241 2652 444 2708 πίπτει
466 2660 653 2721 κακοῖς
674 2675 689 2689 ’
712 2660 801 2729 ὑφ’
819 2662 1006 2734 ἡδονῆς
1026 2664 1134 2736 γὰρ
1159 2667 1269 2720 τῶν
1296 2668 1567 2738 αἰσθητῶν
1586 2670 1801 2740 ἀπατη-

241 2742 429 2809 θεῖσα,
456 2745 628 2802 τίκτει
657 2749 805 2820 αὑτῷ
847 2753 1176 2824 φαυλότητα.

765 2952 1022 3021 Σχόλιον
1066 2954 1292 3010 Ἰσαάκ.

331 3035 397 3094 Ὅ
429 3037 503 3112 μὴ
534 3041 821 3112 μακρύνων
846 3044 1033 3097 ἑαυτὸν
1056 3044 1166 3097 τῶν
1210 3043 1400 3099 αἰτιῶν
1435 3046 1545 3099 τῶν
1586 3047 1798 3114 παθῶν,

240 3128 511 3194 ικουσίως
536 3132 801 3195 ἀκουσίως
839 3133 942 3186 ὑπὸ
972 3136 1068 3197 τῆς
1098 3136 1371 3205 ἁμαρτίας
1419 3137 1744 3191 καθέλκεται
1782 3156 1797 3171 ·

1900 671 2152 738 impulsu,
2194 672 2269 726 ita
2298 678 2358 726 ut
2380 672 2534 727 malae
2564 672 2917 744 cogitationes
2960 690 3027 729 ex
3066 675 3272 729 duobus
3312 676 3448 729 dun-

1898 770 2045 816 taxat
2099 760 2339 818 fontibus
2402 764 2668 827 oriantur,
2726 765 2883 819 bonae
2938 780 3070 821 vero
3127 782 3195 820 ex
3255 767 3444 819 tribus.

1898 850 2213 907 Meminisse
2238 867 2369 923 ergo
2401 853 2454 907 in
2478 855 2730 923 praesenti
2768 856 2891 910 vitae
2947 862 3088 909 statu
3138 865 3347 925 oportet
3385 856 3450 909 il-

1899 940 2005 995 lius
2050 941 2195 1012 quod
2260 942 2541 1013 theologus
2604 943 2786 998 dixit:
2856 942 3098 998 Resislite
3145 945 3450 1012 diabolo,et

1898 1031 2064 1103 fugiet
2109 1050 2143 1087 a
2187 1033 2349 1089 vobis.
2395 1033 2658 1090 Caeterum
2688 1035 3077 1116 persistendum
3117 1044 3199 1091 est
3230 1037 3449 1093 inluctn

1899 1140 1994 1177 seu
2024 1126 2338 1180 certamine.
2365 1124 2590 1190 Contra,
2615 1141 2738 1182 cum
2769 1126 2823 1180 in
2857 1128 3058 1183 mundo
3086 1128 3319 1182 versanti
3351 1142 3449 1198 op-

1902 1224 2167 1284 pugnatus
2232 1216 2393 1279 cedit,
2458 1217 2607 1273 fraus
2660 1227 2744 1273 est
2812 1218 3008 1283 hostis,
3037 1235 3143 1274 non
3171 1219 3451 1276 clementia

1901 1310 1981 1359 vel
2011 1308 2341 1363 humanitas.

2455 1400 2703 1456 Scholion
2730 1403 2818 1457 36.

1970 1487 2281 1560 Fug‘amus,
2326 1509 2394 1548 ne
2422 1492 2702 1549 videamus
2755 1508 2928 1563 neque
2988 1493 3275 1551 audiamus
3337 1494 3452 1549 fru—

1901 1589 2070 1645 ctum,
2107 1582 2175 1637 de
2195 1598 2303 1654 quo
2324 1597 2424 1638 nos
2462 1598 2568 1637 non
2598 1593 2909 1653 gustaturos
2936 1584 3293 1640 decrevimus.
3350 1585 3451 1641 Der

1901 1672 2172 1727 sideratur
2228 1682 2410 1729 autem
2474 1690 2576 1729 vox
2627 1674 2793 1728 ἓνεκα
2837 1674 3145 1746 conjunctio
3196 1676 3450 1732 causalis.

1902 1764 2039 1819 Dicit
2067 1766 2207 1820 enim
2239 1784 2253 1821 :
2301 1766 2593 1837 Fugiamus
2620 1777 2834 1837 propter
2867 1768 2993 1824 hoc.
3024 1767 3155 1841 Vide
3178 1768 3265 1824 hic
3289 1784 3451 1838 quam

1902 1855 2003 1911 loci
2031 1857 2258 1911 mutatio
2287 1857 2474 1913 aﬂerat
2497 1859 2799 1914 utilitatem.
2841 1858 2978 1914 Cum
3034 1862 3177 1915 enim
3225 1860 3453 1914 sanctis-

1904 1948 2074 2001 simus
2118 1946 2353 2017 Spiritus
2400 1948 2583 2003 Patres
2630 1945 2923 2011 docdisset,
2971 1949 3117 2017 quod
3164 1949 3337 2005 hostis
3387 1964 3452 2005 ex

1906 2039 2144 2093 locorum
2198 2040 2495 2095 mutatione
2544 2051 2728 2111 posset
2782 2056 2959 2097 mores
3009 2042 3319 2107 immutare,
3346 2042 3455 2098 cla-
3570 2086 3571 2089 η

1907 2138 2054 2183 maot
2080 2129 2134 2182 bi
2166 2146 2179 2182 :
2230 2128 2418 2199 Fugite
2451 2130 2566 2184 loca
2595 2130 2807 2184 casibus
2830 2137 3172 2199 peccatorum
3198 2131 3452 2196 obnoxia,

1908 2228 2040 2275 utet
2065 2219 2195 2274 hic:
2242 2218 2529 2287 Fugientes
2579 2219 2872 2290 fugiamus.
2922 2219 3192 2275 Climacus
3241 2219 3454 2274 Davidis

1904 2327 1969 2363 ex
1994 2301 2208 2379 aspectu
2244 2311 2521 2366 Bersabeaa
2557 2310 2766 2380 decepti
2824 2310 3103 2367 historiam
3154 2326 3455 2365 memorans

1903 2400 2164 2470 designat.

2578 2489 2759 2543 Aliud.

1973 2577 2123 2635 Mens
2173 2595 2292 2648 quae
2319 2576 2567 2635 sensibus
2595 2579 2854 2650 indulget,
2895 2594 2992 2649 per
3029 2579 3149 2634 illos
3199 2579 3361 2651 249
3400 2581 3467 2635 in.

1905 2683 2120 2743 peccata
2144 2673 2358 2737 incidit;
2396 2658 2757 2743 voluptatibus
2800 2671 2943 2727 enim
2995 2681 3049 2727 et
3104 2673 3466 2726 delectatione

1904 2780 2080 2819 rerum
2102 2780 2221 2833 quas
2255 2765 2356 2819 sub
2384 2779 2577 2819 selisus
2603 2764 2805 2819 cadunt
2827 2765 3020 2832 delusi,
3054 2764 3291 2818 animum
3358 2768 3455 2818 de-

1902 2856 2113 2909 bilitant
2143 2864 2198 2909 et
2225 2853 2500 2923 frangunt.

2456 2966 2622 3022 Aliud
2655 2950 2681 3020 1
2685 2968 2851 3023 saaci.

1908 3088 1913 3093 -
1968 3060 2070 3128 Qui
2098 3075 2203 3113 non
2228 3057 2415 3129 procul
2443 3075 2503 3116 se
2527 3070 2764 3115 removet
2785 3070 2838 3115 et
2868 3061 3065 3116 recedit
3100 3075 3129 3114 a
3180 3061 3359 3114 causis
3403 3069 3458 3115 et

1900 3147 2272 3201 occasionibus
2307 3146 2583 3210 vitiorum,
2612 3148 2799 3203 volens
2830 3149 3018 3205 uolens
3069 3150 3122 3203 in
3177 3160 3453 3217 peccatum

238 3216 421 3271 ταῦτα
456 3219 513 3272 δέ
538 3222 641 3272 είσι
666 3222 734 3273 τὰ
756 3221 912 3285 ¹αῐιιιια
951 3222 1048 3292 τῆς
1075 3224 1367 3293 ἁμαρτίας·
1392 3226 1421 3277 ό
1461 3224 1601 3289 οἶνος
1624 3229 1715 3281 καὶ
1742 3228 1799 3282 αἱ

1901 3238 2151 3290 trahitur.
2201 3238 2392 3292 Causa:
2452 3250 2630 3292 autem
2686 3239 2889 3306 peccati
2949 3255 3042 3293 seu
3112 3243 3453 3296 incitamenta

239 3310 526 3378 γονιτκες,
555 3311 584 3364 ὁ
610 3310 857 3377 πλοῦτος,
888 3312 980 3365 καί
1004 3315 1039 3383 ή
1064 3312 1245 3377 εὐεξία
1265 3312 1359 3367 τοῦ
1387 3313 1636 3384 σώματος
1652 3356 1668 3381 ,
1700 3317 1801 3390 οὐχ

238 3397 336 3452 δτι
356 3397 595 3466 φυσικῶς
613 3400 856 3470 ἁμαρτία
883 3402 989 3455 εἰσὶ
1022 3402 1217 3467 ταῦτα.
1245 3403 1361 3457 ἀλλ’
1381 3402 1462 3456 ὅτι
1488 3406 1521 3474 ἡ
1544 3406 1705 3473 φύσις
1738 3408 1797 3474 ἐξ

239 3487 432 3541 αὐτῶν
456 3490 691 3553 εὐκόλως
710 3490 866 3562 κλίνῃ
899 3493 1033 3563 πρὸς
1060 3495 1130 3548 τὰ
1173 3495 1317 3565 πάθη
1350 3494 1451 3565 τῆς
1489 3497 1759 3567 ἁμαρτίας
1784 3514 1797 3529 ο

242 3576 353 3632 καὶ
376 3577 463 3631 διὰ
496 3578 651 3633 τοῦτο
674 3581 875 3649 ὀφείλει
911 3586 939 3636 ό
981 3583 1265 3657 ἄνθρωπος
1290 3587 1802 3658 παραφυλάττεσθαι

242 3666 575 3729 σπουδαίως.
1212 3690 1233 3704 κ

835 3862 1090 3931 Σχόλιον
1116 3865 1213 3930 λζ’.

340 3946 596 4003 Ἐνταῦθα
641 3951 740 4004 οὐκ
781 3952 1126 4008 ἁνταπέδωκε
1164 3956 1256 4009 τὸν
1299 3956 1368 4009 δὲ
1398 3960 1802 4028 συμπλεκτικὸν

245 4038 548 4108 σύνδεσμον
578 4041 812 4110 σχήματι
849 4042 927 4112 τῷ
955 4045 1095 4098 κατὰ
1129 4045 1395 4100 ἀπόλυτον
1425 4049 1711 4119 μερισμὸν,
1755 4051 1803 4103 εί

245 4133 351 4185 καὶ
404 4131 830 4201 ὲπιτηδευμένως
872 4130 1022 4203 οἶμαι
1046 4174 1063 4202 ,
1107 4137 1190 4190 ὅτι
1227 4137 1306 4208 τῷ
1344 4138 1532 4211 Πέτρῳ
1561 4139 1665 4213 [ὲν]
1705 4141 1805 4214 βίῳ

246 4222 711 4293 προσομιλήσαντι
755 4226 811 4277 αἱ
866 4225 1015 4289 κλεῖς
1066 4227 1165 4298 τῆς
1209 4228 1485 4299 βασιλείας
1528 4234 1805 4307 ἀπενεμέ)-

246 4310 449 4383 θησαν.

848 4431 1103 4499 2161:07-
1130 4433 1233 4504 λη’.

329 4518 444 4571 Πᾶν
476 4521 650 4591 νόημα
693 4521 1010 4593 πράγματος
1041 4524 1321 4596 αἰσθητοῦ,
1365 4526 1426 4578 ἐν
1449 4517 1494 4594 ᾦ
1514 4526 1747 4597 χρονίζει
1773 4530 1803 4581 ό

1900 3338 2027 3383 sunt
2053 3330 2261 3391 vinum,
2292 3329 2565 3391 mulieres,
2592 3344 2745 3397 opes,
2774 3330 2946 3385 bonus
2984 3331 3200 3386 habitus
3258 3346 3454 3401 corpo-

1899 3420 2012 3473 ris:
2087 3434 2193 3473 non
2243 3421 2388 3489 quod
2430 3419 2547 3474 haec
2569 3429 2763 3474 natura
2790 3436 2887 3475 sua
2919 3429 3139 3490 peccata
3188 3422 3456 3491 sint(aut

1901 3510 2253 3579 peccatum),
2313 3510 2409 3565 sed
2475 3511 2619 3581 quod
2670 3522 2862 3565 natura
2920 3502 3013 3581 per
3070 3514 3182 3568 haec
3214 3513 3453 3567 facilead

1900 3599 2101 3668 peccati
2152 3599 2371 3654 morbos
2447 3609 2502 3657 et
2552 3601 2680 3654 vitia
2738 3601 3025 3656 inclinatur
3092 3612 3147 3656 et
3201 3602 3452 3657 trahitur.

1900 3686 2133 3743 Proinde
2200 3690 2406 3744 homini
2488 3691 2771 3765 diligenter
2834 3680 2917 3745 ab.
2988 3693 3073 3748 bis
3157 3694 3462 3767 cavendum,

1900 3786 2003 3832 est.

2491 3887 2739 3942 Scholion
2776 3888 2863 3943 57.

1970 3974 2068 4029 llic
2122 3990 2228 4030 non
2293 3976 2520 4030 reddidit
2588 3978 3021 4047 conjunctioncm
3098 3980 3449 4048 copulativam

1903 4066 2022 4138 (δὲ,
2051 4081 2202 4133 vero,
2242 4076 2422 4122 autem
2449 4068 2468 4137 )
2499 4069 2681 4139 ﬁgurae~
2726 4084 2819 4138 per
2864 4070 3159 4124 absolutam
3210 4075 3452 4140 partitio-

1901 4174 2052 4222 nem,
2084 4160 2189 4214 etsi
2232 4174 2331 4214 nec
2370 4160 2549 4215 studio
2602 4161 2834 4217 arbitror
2869 4179 2883 4214 :
2916 4162 3043 4230 quia
3097 4160 3278 4230 Petro,
3320 4166 3449 4222 dum

1900 4251 2123 4316 viveret,
2163 4251 2487 4321 colloquenti
2512 4253 2719 4307 traditae
2777 4262 2906 4304 sunt
2946 4252 3122 4309 claves
3150 4258 3298 4326 regni
3341 4274 3451 4314 ca:-

1901 4342 2050 4397 lestis
2074 4341 2140 4396 ⁸⁶.
2734 4338 2739 4343 ”

1980 4514 1987 4515 ί
2525 4453 2771 4509 Scholion
2806 4457 2896 4513 58.

1970 4541 2157 4597 Omnis
2216 4545 2470 4616 cOgitatio
2540 4547 2615 4601 rei
2669 4550 2799 4616 quae
2822 4550 2924 4605 sub
2955 4567 3175 4609 sensum
3200 4553 3361 4618 cadit,
3390 4552 3447 4609 in

245 4603 400 4667 νοῦς,
433 4607 643 4671 πάντως
661 4608 823 4678 δηλοῖ,
858 4611 939 4663 ὅτι
968 4609 1137 4675 πάθος
1163 4611 1277 4682 εχει
1309 4612 1445 4683 πρὸς
1489 4614 1653 4667 αὐτό’
1685 4618 1804 4670 Οὐκ

1905 4647 2011 4701 qua
2034 4648 2187 4689 mens
2214 4635 2304 4689 diu
2340 4645 2597 4699 moratur,
2629 4640 2852 4695 omnino
2878 4645 3134 4710 ostendit,
3171 4644 3313 4715 quod
3359 4659 3449 4699 er.

245 4696 526 4763 ἐκλείψω
546 4695 659 4751 οὖν
686 4698 755 4763 ἐξ
783 4700 952 4755 οἵκου
976 4701 1161 4768 αὐτοῦ
1186 4702 1512 4771 τονορῤὐης
1555 4703 1654 4758 καὶ
1704 4708 1805 4760 .18-

249 4784 429 4852 πρὸς,
455 4785 682 4853 κρατῶν
706 4789 1041 4858 σκυτάλην,
1065 4792 1163 4845 καί
1200 4791 1269 4845 πί

248 4890 463 4929 αυτου.
957 4922 961 4943 ε
1397 4909 1426 4927 η

829 4976 1088 5083 Σχόλᾷιον
1115 5010 1211 5068 λθ’.

326 5091 680 5165 Σημειωτέον,
705 5094 803 5160 τὰς
822 5097 944 5151 καθ’
973 5096 1140 5154 ὕπνον
1172 5103 1484 5177 διακρίσεις,
1511 5107 1708 5177 μᾶλλον
1740 5110 1799 5164 δὲ

1900 4740 1967 4794 ga
2022 4727 2167 4780 illam
2197 4724 2456 4780 adiciatur
2484 4743 2499 4779 :
2553 4727 2676 4784 Non
2741 4734 2951 4801 deﬁciat
2984 4752 3105 4806 ergo
3126 4736 3326 4790 adomo
3356 4744 3447 4790 tua

1269 4806 1431 4846 πτων
1451 4792 1521 4846 ἐν
1542 4795 1804 4866 ῥομφαίᾳ

1901 4818 2101 4884 ﬂuxum
2135 4818 2405 4887 sanguinis
2429 4821 2716 4887 sustinens,
2748 4835 2796 4878 et
2858 4827 3112 4895 leprosus,
3176 4836 3224 4880 et
3274 4836 3447 4883 tenens

1896 4910 2168 4974 scuticam,
2190 4915 2238 4960 et
2262 4908 2453 4964 cadens
2479 4912 2533 4963 in
2553 4913 2733 4981 gladio
2765 4917 2831 4971 ".

2494 5022 2736 5080 Scholion
2773 5029 2859 5083 '59.

1970 5109 2157 5180 Magna
2185 5112 2471 5181 prudentia
2506 5118 2808 5174 adhibenda
2840 5130 2921 5175 est
2969 5121 3020 5174 in
3090 5122 3158 5176 iis
3212 5139 3332 5194 quas
3391 5125 3445 5181 in

248 5183 346 5282 δια
365 5185 430 5239 τὸ
458 5186 532 5257 μὴ
552 5186 807 5251 ὡσαύτως
834 5188 975 5258 ἔχειν
998 5190 1086 5244 ἀεὶ
1106 5195 1267 5248 παντὶ
1305 5196 1563 5267 φευκτέον
1607 5216 1622 5230 ο
1655 5197 1797 5254 πάνυ

1902 5217 2091 5257 somno
2122 5218 2225 5258 usu
2273 5206 2518 5275 veniunt,
2568 5209 2700 5278 quin
2744 5213 2922 5282 potius
2952 5212 3079 5282 quia
3134 5216 3445 5271 inconstans

247 5274 366 5346 γὰρ
382 5275 577 5346 ὀλίγων
600 5278 655 5330 αἰ
673 5276 987 5351 διακρίσεις.

325 5541 373 5577 ⁸⁸
397 5543 585 5601 Matth.
616 5560 728 5613 xvr,
753 5547 842 5603 l6.
915 5548 965 5582 ’τ
992 5547 1035 5605 ll
1084 5534 1218 5621 Reg.
1260 5567 1348 5615 Ill,
1386 5553 1475 5607 29.

1902 5299 1985 5349 est
2011 5308 2200 5349 eorum
2228 5297 2386 5364 ratio,
2419 5300 2641 5355 omnino
2678 5302 2992 5374 negligenda
3039 5313 3185 5373 sunt;
3246 5320 3443 5377 pauco-

1904 5380 2025 5438 rum
2049 5386 2193 5440 enim
2218 5400 2407 5443 eorum
2436 5391 2767 5459 dijudicatio.

326 5726 617 5822 ffljf'fﬂll;
642 5738 817 5804 θροδθο
848 5733 1007 5804 cpi-it-
1037 5751 1085 5793 οο
1128 5748 1269 5799 IVN.
1306 5737 1358 5791 7-
1386 5736 1675 5809 υἰοηγεῐιιε
1724 5754 1913 5799 omnes
1939 5751 2209 5817 apostolos
2244 5754 2517 5822 theologos
2545 5766 2719 5821 vocat,
2744 5764 2797 5811 et
2821 5754 2876 5807 S.
2915 5753 3132 5810 Petrum
3189 5754 3437 5812 verticem

253 5799 642 5871 theologorum.
