4030 6342
1170 605 1414 660 Scholion
1440 605 1531 660 40.

633 701 734 769 Qui
764 701 1032 754 motiones
1083 698 1327 768 corporis
1388 697 1665 750 molliores
1715 707 1768 752 et
1826 697 2115 751 delectabi-

568 796 645 850 lcs
678 792 896 864 repulit,
929 805 1028 844 nec
1067 789 1245 854 carni,
1285 803 1384 843 nec
1413 788 1659 858 sanguini
1688 789 1943 859 pepercit.

1153 879 1402 935 Scholion
1437 879 1527 934 61.

671 972 1056 1029 lnsidiatricem
1121 972 1428 1033 materiam,
1492 984 1708 1024 carnem
1777 969 2012 1039 appellat
2067 983 2120 1024 et

566 1064 905 1132 sanguinem,
962 1061 1202 1115 materia:
1262 1075 1359 1114 seu
1415 1059 1660 1128 corporis
1715 1067 1962 1128 expertes
2012 1058 2120 1114 dae-

569 1171 778 1208 monas.
810 1153 1045 1207 Materia:
1069 1151 1278 1226 aﬂixam
1312 1160 1366 1205 et
1405 1151 1654 1204 innexum
1693 1150 1928 1204 animam
1995 1165 2118 1206 cor-

567 1244 1072 1316 poriconjunctam.
1113 1241 1342 1296 Mentem
1371 1241 1533 1296 etiam
1562 1243 1679 1296 sine
1723 1242 1944 1295 materia
1995 1256 2118 1295 cum

569 1334 900 1388 daemonibus
931 1332 1244 1386 luctantem.
1283 1331 1587 1386 Mirandum
1626 1347 1756 1400 ergo
1783 1333 1860 1386 ait
1895 1345 2122 1401 quomo-

568 1425 638 1476 do
667 1432 857 1477 natura
890 1423 1132 1490 corporis
1187 1422 1538 1476 concretione
1577 1422 1829 1489 impedita
1855 1437 1978 1474 cum
2009 1419 2118 1474 da:-

569 1512 821 1568 monibus
855 1512 1188 1581 incorporeis
1220 1520 1421 1580 pugnet
1450 1522 1504 1567 et
1541 1511 1742 1565 vincat.

1127 1598 1373 1653 Scholion
1407 1599 1495 1652 49..

634 1691 927 1763 Captivitas
953 1690 1196 1760 sequitur
1231 1691 1668 1761 conjunctionem
1735 1704 1830 1742 seu
1872 1703 2123 1759 congres-

568 1799 689 1838 sum
740 1791 794 1837 et
853 1781 1177 1850 colloquium
1215 1781 1450 1847 (anima:
1494 1779 1658 1848 250
1702 1794 1824 1832 cum
1859 1779 2124 1832 incidente

570 1873 915 1944 cogitatione)
955 1887 1075 1941 qua:
1102 1879 1156 1926 et
1191 1870 1498 1927 diuturnior
1526 1881 1579 1924 et
1605 1871 1969 1925 vehementior
2009 1880 2118 1936 est;

570 1964 844 2020 ventilatio
869 1963 977 2033 jam
1012 1961 1195 2016 calens
1222 1962 1467 2030 sequitur
1495 1974 1834 2015 communem
1869 1976 1963 2015 seu
1993 1974 2122 2014 con-

565 2057 810 2124 junetum
851 2062 1092 2121 raptum;
1132 2059 1348 2120 repente
1378 2050 1520 2104 enim
1555 2051 1671 2105 sine
1732 2048 1930 2115 studio,
1986 2057 2123 2104 tem-

570 2160 807 2215 porcque
866 2154 923 2198 ut
951 2143 1268 2212 plurimum,
1295 2151 1350 2197 et
1377 2141 1729 2210 dispositione
1754 2142 1918 2210 pestis
1964 2139 2125 2194 simul

569 2238 804 2308 abreptis
833 2235 992 2290 nobis
1021 2235 1273 2289 tenuibus
1301 2244 1355 2287 et
1386 2233 1672 2288 subtilibus
1709 2230 2126 2302 cogitationibus

569 2340 622 2384 et
652 2329 904 2386 sensibus
934 2327 1146 2397 obrepit
1170 2335 1229 2382 et
1263 2339 1383 2381 sese
1413 2323 1672 2380 insinuat.

923 2425 928 2428 ’
1091 2416 1336 2473 Scholion
1373 2415 1552 2470 lsaaci
1569 2415 1670 2484 με.

643 2511 774 2566 Vide
824 2509 955 2581 quid
1005 2510 1152 2565 dicat
1197 2509 1464 2565 Climacus
1487 2509 1555 2561 de
1590 2504 1798 2560 vitiosis
1827 2501 2128 2560 affectioni-

569 2606 670 2659 bus
702 2605 815 2659 sive
833 2603 1199 2674 passionibus,
1228 2601 1373 2670 quod
1421 2598 1736 2669 pmnitentia
1782 2593 2128 2650 convenienti

571 2698 679 2750 sint
710 2695 972 2756 eluendae,
1001 2703 1094 2746 aut
1121 2691 1304 2746 iuturo
1325 2689 1529 2759 judicio
1569 2696 1927 2742 reserventur.
1975 2681 2129 2738 Unde

569 2799 696 2854 ergo
719 2784 842 2838 novi
875 2782 1214 2853 legislatores
1245 2781 1362 2835 sine
1428 2779 1590 2849 digna
1642 2775 1959 2847 pcenitentia
2022 2773 2129 2828 illis

573 2876 885 2949 indulgent?

704 2963 707 2965 ’
1018 2969 1180 3023 Aliud
1211 2967 1398 3020 Basilii
1435 2962 1638 3033 Magni.

641 3063 894 3130 Quzstio.
948 3059 1051 3127 Qui
1109 3068 1235 3114 sunt
1275 3056 1484 3111 fructus
1523 3053 1692 3124 ,digui
1748 3049 2130 3124 pmnitentim?

575 3159 737 3228 Resp.
786 3157 960 3226 Opera
982 3154 1207 3224 justitim
1231 3159 1450 3220 peccato
1473 3147 1771 3212 contraria,
1797 3161 1918 3216 quae
1951 3138 2129 3214 pinni-

572 3249 703 3306 tenti
732 3257 858 3302 sunt
884 3245 1149 3308 facienda,
1181 3251 1241 3297 ut
1274 3240 1416 3311 quod
1443 3239 1706 3306 scriptum
1743 3246 1846 3303 est,
1882 3235 2123 3307 impleat,
2152 3262 2194 3319 ε

571 3347 626 3397 in
654 3342 794 3396 omni
822 3355 972 3409 open
1004 3337 1133 3391 bono
1174 3333 1550 3404 fructiﬁcantes
1577 3331 1642 3386 ⁸⁸.

1131 3508 1380 3564 Scholion
1410 3506 1502 3562 44.

670 3610 800 3676 Quze
862 3621 926 3661 ex
977 3601 1223 3672 corporis
1279 3598 1533 3654 sensibus
1598 3598 1868 3660 oriuntur,
1931 3603 2129 3652 nocent

575 3696 823 3767 corpori;
853 3702 907 3750 et
927 3706 1048 3762 qua:
1069 3705 1133 3748 ex
1168 3688 1364 3743 animae
1385 3686 1751 3750 facultatibus,
1773 3686 1982 3740 animae.

1251 3778 1432 3834 Aliud.

643 3874 835 3929 Malam
868 3870 1251 3943 cogitationem
1283 3867 1536 3938 praecedit
1564 3867 1703 3921 mala
1735 3865 1945 3921 aﬂectio
1973 3882 1988 3930 ;
2048 3863 2128 3918 al-

577 3967 822 4024 lectionis
874 3973 1054 4019 autem
1105 3975 1272 4017 causa
1317 3967 1401 4014 est
1450 3972 1664 4025 sensus,
1705 3958 1906 4022 abusus
1948 3964 2128 4011 autem

578 4058 738 4128 hujus
756 4062 839 4111 est
895 4068 1070 4107 mens.

981 4163 986 4167 -
1075 4141 1235 4195 Aliud
1264 4139 1324 4194 s.
1368 4137 1608 4192 Maximi.
1945 4204 1953 4210 '

644 4241 728 4294 Ab
789 4235 1041 4293 sensibus
1094 4233 1344 4288 oriuntur
1392 4229 1522 4283 mali
1596 4223 2130 4295 ali'ectus,-quipm-

577 4341 728 4387 sente
759 4327 1018 4382 cbaritate
1069 4333 1124 4379 et
1172 4319 1526 4392 temperantia
1585 4333 1694 4372 non
1735 4315 2127 4381 movebuntur;

579 4423 798 4474 absente
826 4425 1005 4471 autem
1031 4411 1411 4466 movebuntur.
1436 4407 1688 4461 Pluribus
1726 4414 1930 4467 autem,
1976 4418 2130 4459 exce-

580 4521 670 4582 pta
726 4504 1180 4577 concupiscentia,
1248 4502 1471 4571 indiget,
1512 4497 1764 4554 remediis
1787 4498 1889 4562 ira,
1923 4505 1976 4550 et
2006 4510 2129 4564 pro-

1808 495 1867 553 S.
1891 493 2208 554 JOANNIS
2230 494 2533 556 CLIMAEI

2145 609 2197 668 Α

3668 483 3782 547 920

2811 603 3064 672 Σχόλιον
3100 606 3175 672 μ’.

2300 695 2357 748 '0
2388 695 2455 749 τά
2482 695 2603 748 καθ’
2634 693 2825 765 ἡδονὴν
2859 693 3098 763 κινήσεις
3140 687 3636 762 άποκρουσάμενος,
3678 686 3781 738 καὶ

2220 785 2418 856 σαρκὸς
2445 785 2536 838 καὶ
2568 785 2793 854 αἵματος
2831 783 3140 852 ἀφειδήσας.

2793 877 3050 943 Σχόλιον
3074 879 3186 944 μα’.

2300 967 2608 1020 Ἑπίϐουλον
2633 966 2764 1037 ὓλην
2790 967 2888 1034 τήν
2911 967 3087 1036 σάρκα
3113 961 3247 1034 φησὶ
3269 961 3363 1016 καὶ
3389 955 3546 1031 αἷμα,
3567 959 3770 1023 ἀῦλους

2217 1062 2340 1123 τοὺς
2366 1059 2622 1129 δαίμονας
2650 1075 2663 1088 ·
2707 1057 2889 1110 ἐνυλον
2915 1058 3013 1127 τὴν
3062 1054 3444 1125 συζευχθεϊσαν
3478 1053 3650 1124 ψυχὴν
3687 1050 3774 1122 τῷ

2220 1152 2430 1220 σώματι
2462 1167 2473 1179 ·
2501 1148 2662 1202 άῦλον
2691 1145 2852 1201 πάλιν
2877 1145 2971 1198 τὸν
3003 1145 3146 1210 νοῦν,
3173 1145 3266 1198 τὸν
3301 1143 3438 1213 μετὰ
3470 1143 3575 1195 τῶν
3599 1159 3769 1194 πνευ-

2222 1243 2402 1310 μάτων
2447 1239 2747 1310 μαχόμενον
2771 1255 2784 1269 ⁸
2841 1236 3024 1307 θαῦμα
3075 1231 3170 1289 οὖν
3210 1251 3342 1304 φησι
3383 1231 3497 1296 πῶς
3540 1233 3573 1302 ή
3625 1231 3774 1285 κατά

2222 1329 2403 1399 σχέσιν
2427 1327 2607 1390 ἒνυλος
2628 1329 2738 1390 τοῖς
2759 1326 2942 1388 ἀΰλοις
2971 1322 3335 1394 συμπλέκεται
3367 1319 3460 1374 καὶ
3497 1320 3639 1389 νικᾷ.

2793 1587 3050 1654 Σχόλιον
3079 1583 3188 1654 μβ’.

2299 1684 2365 1736 'H
2396 1683 2494 1752 μὲν
2523 1677 2866 1749 αἱχμαλωσία
2905 1676 2981 1746 τῷ
3011 1671 3331 1742 συνδυασμῷ
3357 1671 3635 1725 ἀκολουθεῖ
3675 1671 3778 1724 καὶ

2221 1773 2409 1843 χρόνον
2448 1771 2543 1824 καὶ
2586 1769 2786 1840 τρόπον
2831 1766 3198 1834 σφοδροτέρως
3238 1761 3606 1833 ἐπιτηροῦσα·
3641 1763 3670 1813 6
3711 1761 3779 1813 δὲ

2223 1859 2664 1932 παραρριπισμὸς
2690 1859 2759 1928 τῇ
2789 1857 3127 1925 ωναρπαγῇ,
3154 1854 3415 1924 ἐξαπίνης
3439 1852 3546 1921 γάρ
3575 1853 3778 1918 ἐπιτη-

2220 1952 2448 2015 δεύσεως
2477 1951 2663 2020 χωρὶς,
2695 1949 2788 2002 καὶ
2814 1948 3024 2018 χρόνον,
3055 1946 3129 2008 ὠς
3148 1946 3215 1998 τὰ
3242 1943 3427 2005 πολλὰ,
3468 1944 3560 1996 καὶ
3584 1941 3779 1994 διαθέ-

2225 2059 2360 2104 σεως
2389 2041 2562 2105 ἐκτὸς,
2588 2041 2617 2091 6
2643 2038 2860 2108 ὄλεθρος
2907 2037 3305 2107 παρυφίσταται
3332 2034 3510 2104 ψιλαῖς
3540 2033 3782 2095 ἐννοίαις

2222 2127 2316 2182 καὶ
2342 2127 2622 2196 αἰσθήσεσι
2660 2124 3150 2195 συναρπαζομένων
3180 2123 3358 2192 ήμῶν.

2703 2433 2711 2439 -
2799 2396 3056 2466 Σχόλιον
3089 2409 3164 2464 μγ
3181 2432 3194 2447 .

2293 2497 2435 2566 Ὅρα
2459 2492 2510 2545 τί
2535 2507 2667 2560 φησι
2695 2489 2824 2560 περὶ
2847 2484 3168 2558 ἐμπαθείας.
3189 2484 3272 2536 ὅτι
3294 2480 3567 2550 αντιζύγῳ
3595 2497 3776 2548 μετα-

2223 2584 2357 2654 νοῐᾳ,
2403 2584 2436 2653 ἢ
2485 2583 2553 2652 τῇ
2603 2577 2868 2650 μελλούσῃ
2895 2576 3074 2648 κρίσει
3113 2573 3417 2626 ὑπόκειται.
3464 2571 3632 2625 Πόθεν
3679 2568 3784 2628 οὖν

2224 2675 2349 2730 ἄνευ
2377 2674 2474 2743 τῆς
2504 2669 2883 2744 προσηκούσης
2928 2666 3214 2737 μετανοίας
3257 2663 3306 2717 οἱ
3350 2662 3460 2717 νέοι
3485 2661 3786 2734 νομοθέται

2224 2766 2321 2829 τὰς
2344 2762 2678 2833 συμπαθείας
2705 2757 2984 2814 ποιοῦνται
3009 2772 3026 2823 ;

2511 2942 2696 2995 'A11o
2727 2937 2833 2993 τοῦ
2862 2936 3126 3007 μεγάλου
3151 2930 3492 2988 Βασιλείου.

2309 3033 2626 3101 Ἐρώτησις.
2655 3029 2811 3090 Τίνες
2839 3028 2976 3079 εἰσιν
2994 3025 3043 3078 οἱ
3071 3022 3210 3089 aeto;
3238 3019 3439 3086 καρποὶ
3471 3016 3571 3085 τῆς
3604 3029 3785 3084 μετα-

2229 3126 2405 3187 νοίας;
2461 3119 2790 3190 Ἀπόκρισις.
2823 3117 2904 3168 Τὰ
2936 3111 3284 3181 ἀντικείμενα
3313 3110 3382 3179 τῇ
3415 3105 3657 3176 ἁμαρτίᾳ
3682 3102 3788 3174 ἐρ-

2228 3231 2300 3283 γα
2349 3209 2708 3278 δικαιοσύνης,
2748 3207 2892 3276 ἅπερ
2936 3203 2966 3256 6
3011 3199 3282 3272 μετανοῶν
3337 3197 3538 3266 ὀφείλει
3581 3195 3786 3257 ποιεῖν,

2228 3304 2332 3372 πλη
2341 3301 2446 3372 ρῶν
2459 3300 2518 3354 τὸ
2536 3295 2933 3368 γεγραμμένον,
2963 3292 3032 3346 ἐν
3058 3290 3238 3346 παντὶ
3254 3290 3404 3360 ἔργῳ
3425 3283 3619 3357 ἀταθῴ
3636 3299 3790 3352 καρ-

2225 3391 2644 3463 ποςςοροῦντες.

2806 3476 3066 3546 Σχόλιον
3281 3507 3287 3515 .

2296 3577 2378 3631 Τὰ
2419 3577 2483 3628 ἐκ
2510 3573 2616 3627 τῶν
2643 3570 2774 3641 περὶ
2805 3570 2867 3623 τδ
2895 3568 3072 3637 σῶμα,
3102 3567 3165 3619 τὸ
3199 3565 3356 3634 σῶμα
3390 3560 3635 3634 βλάπτει,
3686 3555 3792 3610 καὶ

2225 3669 2294 3725 τά
2317 3670 2382 3724 ἐκ
2411 3667 2519 3721 τῶν
2545 3665 2673 3736 περὶ
2697 3663 2797 3731 τὴν
2815 3659 3010 3731 ψυχὴν,
3038 3658 3135 3730 τὴν
3161 3657 3359 3728 ψυχήν.

2692 3806 2696 3809 .
2885 3753 3096 3807 "A110.

2301 3851 2490 3921 Κακῆς
2516 3848 2726 3911 ἐννοίας
2758 3845 3079 3917 προηγεῖται
3115 3839 3286 3904 πάθος
3313 3855 3328 3871 ·
3355 3837 3450 3893 τοῦ
3477 3836 3538 3891 δέ
3571 3834 3787 3899 πάθους

2230 3948 2379 4001 αίτία
2406 3948 2735 4016 καθέστηκεν
2759 3946 2793 4014 ἠ
2832 3939 3083 4010 αἴσθησις
3107 3953 3122 3969 ο
3171 3937 3273 4009 τῆς
3309 3937 3367 3992 δὲ
3405 3933 3576 4005 κακῆς
3611 3931 3792 4003 αὐτῆς
3846 3945 3866 3962 ⁶

2230 4042 2474 4112 χρήσεως
2505 4038 2747 4107 δηλονότι
2773 4039 2802 4090 6
2832 4033 2976 4096 νοῦς.

2582 4128 2771 4182 Ἀλλο
2803 4125 2909 4179 τοῦ
2939 4123 3109 4195 ἁγίου
3139 4119 3428 4188 Μαξίμου.

2312 4223 2444 4276 Ὑπὺ
2467 4220 2575 4274 τῶν
2603 4217 2903 4288 αἰσθήσεων
2934 4216 3142 4286 πέφυκε
3166 4208 3429 4264 κινεῖσθαι
3476 4206 3544 4261 τά
3580 4203 3729 4274 πάθη
3765 4215 3786 4234 ·

2232 4316 2326 4370 καὶ
2371 4311 2647 4384 παρούσης
2678 4307 2775 4378 μὲν
2804 4307 3019 4377 ἀγάπης
3048 4305 3143 4358 καὶ
3173 4299 3492 4373 ἐγκρατείας
3531 4297 3592 4351 ού
3625 4311 3792 4384 κινηέ

2230 4383 2488 4477 θήσεται⁸
2519 4401 2758 4472 ἀπούσης
2785 4400 2841 4453 δὲ
2861 4397 3228 4467 κινηθήσεται,
3257 4387 3598 4477 Πλειὸνωνῗδέ
3631 4383 3794 4477 παρὰ

2230 4470 2325 4568 τήν
2339 4491 2627 4563 ἐπιθυμίαν
2648 4490 2677 4542 6
2699 4470 2865 4559 θυμὸς
2888 4486 3056 4539 δεῖται
3072 4483 3396 4554 φαρμάκων,
3420 4477 3512 4568 καὶ
3526 4473 3610 4528 διὰ
3624 4470 3794 4568 τοῦτο

581 4561 758 4674 pterea
805 4561 1035 4654 chaiitas
1085 4605 1310 4652 vocatur
1359 4561 1569 4663 inagna,
1619 4590 1761 4662 quod
1804 4561 1881 4645 sit
1917 4561 2128 4644 frenum

2226 4561 2454 4660 μεγάλη
2504 4561 2724 4650 λέγεται
2772 4579 2811 4645 ἡ
2862 4575 3100 4646 ἀτάπη’
3153 4576 3234 4628 ὅτι
3284 4567 3498 4642 χαλινός
3540 4568 3654 4619 ἐστι
3685 4561 3793 4614 τοῦ

581 4699 694 4759 irae,
719 4707 880 4765 quam
905 4689 1232 4747 sanctusille
1265 4686 1441 4741 Moses
1463 4683 1752 4755 appellavit
1793 4683 1846 4736 in
1896 4680 2134 4753 physicis

582 4799 675 4839 seu
698 4780 1031 4836 naturalibus
1062 4793 1156 4848 per
1183 4774 1638 4846 comparationem
1664 4781 1742 4828 .et
1775 4771 1998 4842 tiguram
2041 4784 2134 4839 op-

523 4939 526 4941 ,
581 4871 949 4945 pugnatricem
977 4877 1288 4938 serpentum
1315 4867 1380 4920 ".

1171 4979 1329 5035 Aliud
1367 4977 1564 5032 lsaaci.

651 5081 828 5134 Animi
889 5092 987 5133 seu
1031 5074 1422 5145 cogitationum
1477 5080 1656 5124 motus
1713 5068 1768 5122 in
1825 5063 2040 5118 homine
2069 5079 2131 5116 ex

2236 4657 2428 4751 θυμοῦ,
2456 4674 2659 4745 ταύτην
2684 4671 2778 4726 καὶ
2798 4667 3002 4738 Μωσῆς
3027 4667 3229 4727 ἐκεῖνος
3245 4663 3275 4716 6
3299 4661 3452 4729 ἅγιος
3477 4659 3536 4711 ἐν
3553 4657 3664 4718 τοῖς
3683 4669 3795 4720 φυ-

2235 4775 2404 4835 σικοῖς
2437 4761 2776 4838 συμὸολικῶς
2802 4756 3100 4828 ὀφιομάχον
3134 4752 3435 4824 ὠνόμασεν.

2704 4961 2888 5015 “A110
2916 4954 3023 5010 τοῦ
3059 4949 3285 5009 Ἰσαάκ.

2313 5059 2374 5110 Ἣ
2423 5055 2633 5124 κίνησις
2673 5051 2780 5105 τῶν
2825 5046 3099 5117 λογισμῶν
3142 5044 3200 5097 ἐν
3242 5037 3320 5109 τῷ
3366 5033 3630 5106 ἀνθρώπῳ
3676 5029 3795 5084 ἀπὸ

890 5125 987 5133 --_
1040 5125 1252 5145 --σαψ

580 5180 812 5241 quatuor
857 5179 1144 5223 causarum
1193 5162 1433 5217 fontibus
1480 5158 1746 5213 oriuntur.
1809 5152 2045 5208 Primum
2069 5167 2128 5206 ex

2235 5147 2507 5217 τεσσάρων
2535 5142 2721 5200 αίτιῶν
2749 5141 2978 5210 γίνεται.
3008 5134 3228 5208 Πρῶτον
3257 5127 3356 5241 μὲὲν
3380 5129 3445 5180 ἐκ
3480 5125 3790 5194 θελήματος

581 5218 814 5317 naturali
877 5257 1059 5313 carnis
1113 5254 1438 5317 voluntate;
1487 5247 1679 5304 deinde
1727 5244 2128 5315 exlphantasia

2235 5246 2332 5312 τῆς
2362 5237 2559 5307 σαρκὸς
2585 5234 2679 5289 τοῦ
2705 5227 2934 5304 φυσικοῦ
2957 5245 2973 5261 ο
3007 5226 3254 5295 δεύτερον
3280 5219 3337 5273 δὲ
3368 5220 3431 5272 ἐκ
3460 5218 3557 5286 τῆς
3584 5227 3796 5317 φανταῗ

580 5369 674 5408 seu
705 5348 1084 5420 imaginatione
1108 5358 1362 5403 sensuum
1385 5359 1415 5398 e
1436 5341 1618 5398 sazculi
1649 5339 1809 5395 rebus
1834 5352 1968 5407 quas
1997 5336 2128 5392 videi

2234 5300 2355 5395 σίας
2397 5300 2508 5381 τιῦν
2552 5300 2856 5396 αἰσθήσεων
2895 5319 3004 5375 τῶν
3043 5313 3138 5370 τοῦ
3185 5311 3390 5382 κόσμου
3423 5300 3797 5420 πραγμάτων,

582 5444 664 5496 vel
728 5395 898 5506 audit,
944 5447 1102 5503 nata;
1173 5435 1334 5491 tertio
1375 5448 1439 5488 ex
1490 5433 1558 5489 iis
1602 5446 1723 5501 qua:
1751 5437 2128 5501 praecesserunl

2242 5419 2316 5479 ὧν
2341 5420 2640 5492 παρακούει
2659 5395 2753 5470 καὶ
2781 5413 2963 5483 βλέπει
2981 5429 2994 5442 ·
3015 5407 3196 5480 τρίτον
3217 5406 3281 5457 ἐκ
3307 5402 3416 5506 τιῖζν
3444 5395 3796 5506 προλήιιιειιινζ

584 5533 895 5588 inveteratis
953 5526 1456 5589 consuetudinibus,
1506 5534 1560 5580 et
1611 5523 1805 5578 animae
1875 5520 2128 5578 effusione

2242 5514 2338 5570 καὶ
2398 5487 2462 5566 ἐκ
2512 5511 2611 5581 τῆς
2666 5505 2934 5568 ἐκλύσεως
2978 5501 3076 5572 τῆς
3131 5497 3329 5589 ψνχής,
3365 5487 3442 5589 ὢν
3490 5489 3603 5589 ἔξει
3649 5487 3802 5589 κατὰ

584 5639 718 5695 quas
750 5614 909 5679 habet
941 5624 993 5678 in
1024 5630 1200 5675 mente
1226 5638 1241 5683 ;
1282 5626 1554 5690 postremo
1581 5631 1644 5669 cx
1679 5616 1990 5670 "daemonum
2035 5614 2128 5667 im-

2241 5605 2363 5662 νοῦν
2396 5622 2409 5636 ο
2464 5579 2719 5672 τέταρτον
2773 5599 2838 5652 ὲκ
2891 5594 3003 5650 τῶν
3037 5585 3348 5662 πρωσολῶν
3375 5582 3486 5638 τῶν
3523 5579 3804 5653 δαιμόνων

588 5715 827 5787 pulsibus
873 5725 925 5769 et
948 5711 1400 5784 suggestionibus.

2238 5696 2626 5768 πολεμούντων.

661 5895 704 5926 ’⁸
745 5893 953 5949 Coloss.
995 5912 1032 5955 ι,
1075 5892 1156 5946 IO.
1233 5892 1276 5924 θ’
1319 5889 1491 5946 Levit.
1525 5886 1716 5953 νβ’-3.
