4030 6342
297 477 407 543 921

886 591 1140 659 Σχόλιον
1180 597 1284 662 με’.

386 682 520 735 Ὀσα
547 680 640 750 ἀφ’
666 680 857 734 ἐαυτοῦ
896 681 1163 751 λογίζεται
1194 684 1224 737 6
1254 666 1377 750 νοῦς
1414 688 1556 759 πάθη
1590 688 1808 754 λέγεται
1836 728 1851 753 ,

291 771 409 824 ὅσα
442 769 817 839 ἐνοχλούμενος
844 772 948 824 ὑπὸ
988 772 1079 825 τοῦ
1107 773 1689 843 σώματος,⁴ταῦτα“ὼς
1722 779 1855 847 πρὸς

292 861 402 914 τὸν
423 861 544 913 νοῦν
570 860 790 929 ἐμπαθῆ
814 876 830 892 ο
854 862 922 913 τὰ
942 862 998 915 δέ
1030 864 1161 933 πρὸς
1192 865 1446 922 σύστασιν
1482 870 1575 921 τοῦ
1606 869 1854 940 σώματος

292 950 647 1023 Αογιξόμενα,
673 952 859 1006 κακίαι
888 952 980 1005 τοῦ
1008 953 1097 1006 νοῦ
1124 956 1217 1009 καὶ
1252 959 1358 1027 eici.
1392 962 1484 1012 καὶ
1513 960 1779 1029 λέγονται.

931 1224 978 1274 Σ
980 1224 1205 1289 χόλων.
1240 1192 1253 1207 ι

396 1316 857 1387 Ἀνακρινὰτωσαν
883 1315 975 1368 καὶ
1012 1293 1506 1386 emendarem.

614 1414 619 1417 “
976 1406 1186 1461 ν”Αλλω
1504 1409 1517 1417 “

380 1497 456 1552 Τὸ
484 1497 757 1568 κοπρῶδες
786 1495 958 1560 πάθος
985 1496 1141 1551 καλεῖ
1170 1497 1392 1569 κόπρον.

883 1674 1140 1742 Σχόλιον
1175 1680 1290 1744 μς¹.

377 1762 667 1834 Φιλόδωρος
686 1763 761 1814 ὣν
782 1763 809 1814 6
833 1762 960 1824 Θεὸς
983 1762 1211 1841 παρέχει
1243 1765 1353 1825 τοῖς
1389 1762 1557 1826 ἀξίοις
1588 1761 1654 1813 τὰ
1689 1761 1857 1831 πρόσ-

299 1870 473 1923 φορα,
503 1852 536 1924 ἦ
566 1855 629 1923 τῇ
656 1851 832 1922 οίκείᾳ
856 1852 1150 1922 ἁγαθότητι
1178 1852 1510 1923 χρώμενος,ἢ
1540 1854 1605 1923 τῇ
1627 1851 1734 1903 τῶν
1765 1853 1855 1904 αἰ-

1308 454 1535 548 SCALA
1556 485 1935 551 PARADISI.
1961 516 2030 527 —
2057 493 2359 557 GRADUS
2378 498 2501 559 xv.

1889 604 1938 658 Δ

3393 495 3497 558 (£2

2515 603 2761 658 Scholion
2786 606 2875 660 65.

2025 689 2368 762 Quaecunque
2393 709 2546 747 mens
2574 710 2667 763 per
2690 711 2749 750 se
2785 694 3020 765 concipit
3045 694 3199 764 251
3235 701 3285 747 et
3305 694 3507 761 coquit,

1955 779 2233 848 passiones
2279 797 2373 835 seu
2420 782 2730 839 affectiones
2772 785 3063 839 dicuntur:
3118 797 3239 851 quae
3279 792 3508 835 autema

1956 884 2182 939 corpore
2212 872 2427 939 patitur,
2454 871 2789 942 appellantur
2840 885 3018 928 motus
3084 883 3338 940 tanquam
3383 886 3509 940 erga

1954 962 2193 1015 animum
2216 961 2406 1017 affecti.
2435 964 2563 1029 Quae
2592 972 2769 1017 autem
2795 964 2849 1017 in
2896 964 3117 1034 gratiam
3145 961 3408 1030 corporis,
3458 970 3511 1013 et

1955 1052 2203 1106 allectum
2253 1069 2283 1106 a
2342 1064 2521 1108 mente
2588 1063 3007 1124 pertractantur,
3069 1053 3196 1106 vitia
3235 1051 3511 1105 mentiset

1957 1152 2083 1198 sunt
2108 1151 2162 1196 et
2191 1143 2461 1197 dicuntur.

2594 1233 2865 1289 Scholion.

2024 1319 2327 1390 Dijudicent
2354 1328 2408 1375 et
2439 1335 2864 1391 perscrutentur.

2364 1484 2369 1489 ι
2627 1415 2809 1467 Aliud.

2021 1503 2291 1571 Impuram
2340 1501 2672 1559 aﬂ'ectionem
2730 1514 2942 1559 stercus
3005 1507 3098 1554 aut
3156 1500 3345 1554 ﬁnium
3404 1513 3499 1568 ap-

1957 1592 2140 1662 pellat.
2640 1661 2644 1664 ν

2250 1738 2253 1741 .
2542 1681 2786 1737 Scholion
2824 1681 2913 1737 46.

2023 1769 2292 1839 Benignus
2338 1771 2479 1827 Deus
2519 1772 2583 1826 iis
2616 1771 2707 1840 qui
2739 1769 2886 1838 digni
2927 1777 3054 1822 sunt
3094 1767 3314 1821 exhibet
3356 1780 3509 1819 com-

1963 1863 2116 1930 moda
2151 1863 2282 1929 ipsis
2303 1862 2671 1917 convenientia
2700 1869 2793 1914 aut
2820 1874 2919 1914 sua
2947 1860 3189 1912 bonitate
3223 1858 3507 1926 impulsus,

296 1945 581 2015 τουμὲνων
624 1943 1029 2013 ἐπικλινόμενος
1065 1944 1266 2015 δεήσει,
1318 1944 1456 1997 κατὰ
1486 1943 1547 1995 τὸ
1586 1942 1680 1995 τοῦ
1720 1942 1852 1995 ἀπο-

1958 1962 2051 2007 aut
2093 1955 2385 2023 petentium
2414 1955 2554 2007 votis
2588 1950 2815 2006 inﬂexus
2840 1990 2854 2013 ,
2899 1959 2958 2003 ιιι
3007 1949 3197 2002 Petrus
3235 1949 3525 2016 apostolus

302 2038 499 2092 στόλου
533 2036 737 2107 Πέτρου
771 2038 1013 2106 αἴνιγμα.

879 2128 1138 2195 Σχόλιον
1179 2124 1287 2196 μζη

378 2217 609 2281 Δικαίως
658 2217 821 2288 εὐχὴν
852 2217 1063 2285 νοερὰν,
1105 2213 1224 2284 ῆτις
1254 2212 1549 2283 πράττεται
1582 2212 1673 2264 καὶ
1715 2211 1857 2264 δικο-

297 2310 458 2364 νοῦσι
491 2308 833 2381 σωματικῶς.
866 2308 975 2362 Καὶ
990 2306 1099 2377 γὰρ
1124 2306 1249 2359 ὅταν
1271 2306 1403 2376 πρὸς
1428 2306 1522 2364 τὰς
1546 2303 1858 2374 σωματικὰς

297 2400 579 2465 διακονίας
622 2402 671 2454 οί
715 2394 965 2469 δαίμονες
1010 2398 1192 2451 ῐδωσιν
1241 2395 1706 2465 ἐνασχολούμενον,
1737 2393 1857 2446 ἐπεὶ

301 2492 633 2563 σωματικῶς
657 2490 912 2554 εὔξασθαι
937 2488 1075 2543 κατὰ
1115 2487 1225 2540 τῶν
1257 2486 1464 2557 ἐχθρῶν
1514 2487 1611 2556 οὐχ
1644 2481 1750 2549 οἶός
1796 2485 1856 2538 τέ

305 2574 480 2645 ἐστιῦ,
520 2582 850 2635 ἐπιτίθενται
879 2579 1024 2649 αὑτῷ
1052 2580 1141 2633 διὰ
1176 2577 1282 2630 τῶν
1321 2577 1611 2646 αἰσχίστων
1642 2574 1855 2629 ἐννοιῶν

302 2672 534 2741 βαρέως,
556 2673 650 2725 καὶ
672 2673 751 2734 είς
778 2665 944 2740 ἦτταν
976 2667 1338 2740 προσκαλοῦσι
1360 2684 1375 2699 ο
1404 2667 1577 2737 χρεὼν
1598 2661 1689 2718 οὖν
1715 2665 1836 2717 τότε

302 2762 402 2816 τοῦ
424 2762 643 2832 διακονή
653 2778 822 2831 ματος
852 2759 1191 2831 προτιμῆσαι
1223 2757 1321 2828 τὴν
1346 2759 1486 2811 κατὰ
1527 2755 1644 2817 ἔθος
1670 2770 1856 2823 σωμα-

298 2854 461 2924 τικὴν
481 2852 809 2923 προσευχὴν,
848 2851 947 2922 τῆς
982 2850 1173 2921 νοερᾶς
1210 2848 1449 2919 δηλονότι
1491 2860 1856 2914 καταφρονου-

305 2944 498 3017 μένης.

882 3052 1135 3121 Σχόλιον
1168 3048 1277 3121 μη’.

374 3145 473 3201 Διὰ
498 3145 656 3200 τοῦτο
679 3145 778 3219 τὴν
800 3143 992 3215 νοερὰν
1033 3142 1271 3197 διδάσκει
1315 3135 1615 3211 προσευχὴν
1650 3135 1745 3191 καὶ
1769 3134 1857 3190 ἐν·-

300 3237 565 3292 διάθετον.

868 3316 1124 3387 Σχόλιον
1166 3314 1270 3385 μθ¹.

373 3410 679 3482 Προσεύχου
707 3407 967 3479 πρότερον
993 3405 1121 3475 περὶ
1139 3402 1232 3457 τοῦ
1265 3400 1597 3473 καθαρθῆναι
1623 3397 1810 3453 παθῶν
1834 3412 1851 3429 ⁸

303 3505 401 3558 καὶ
425 3502 671 3574 δεύτερον
708 3499 836 3566 περὶ
866 3495 958 3551 τοῦ
988 3490 1245 3566 ρυσθῆναι
1278 3493 1383 3547 ἀπὸ
1427 3492 1527 3562 τῆς
1555 3488 1849 3560 ἀγνωσίας’

304 3592 398 3645 καὶ
445 3591 622 3663 τρίτον
662 3587 769 3642 ἀπὸ
819 3584 1016 3648 παντὸς
1052 3581 1356 3657 πειρασμοῦ
1400 3582 1497 3635 καὶ
1528 3577 1849 3647 ἐγκαταλεί-

302 3679 469 3751 ψεως.

946 3767 994 3819 Σ
994 3764 1223 3833 χόλιον.

373 3860 448 3914 Τὸ
468 3858 578 3929 γὰρ
606 3857 707 3926 τῆς
734 3854 827 3909 τοῦ
856 3852 991 3906 Θεοῦ
1025 3849 1276 3921 βοηθείας
1320 3849 1677 3920 πειρασθῆναι
1710 3863 1852 3920 ιπει-

304 3949 553 4025 ραθῆναι]
582 3950 749 4021 ἡμᾶς,
781 3945 1069 4017 ἀντίδωρον
1084 3943 1184 4014 τῆς
1205 3942 1380 4013 ψυχῆς
1407 3942 1561 4012 ὴμῶν
1580 3937 1851 3994 καταστά-

305 4059 466 4107 σεως.

512 4151 768 4221 sxum
793 4147 899 4203 τοῦ
926 4146 1097 4213 ἁγίου
1122 4142 1545 4214 Χρυσοστόμου
1576 4146 1639 4195 ν’.

383 4243 581 4298 Ἰστέον
596 4242 677 4295 ὅτι
710 4240 773 4293 οὐ
806 4238 1048 4309 ζητεῖται
1079 4236 1239 4296 τόπος
1257 4233 1354 4303 τῆς
1376 4230 1694 4302 προσευχῆς,
1714 4228 1851 4283 ἀλλὰ

299 4334 521 4408 τρόπος.
562 4331 622 4384 '0
660 4329 929 4400 Ἱερεμίας
957 4330 1017 4381 ἐν
1060 4326 1298 4397 βορὸόρῳ
1334 4320 1429 4394 ἦν,
1462 4323 1557 4377 καὶ
1594 4322 1685 4376 τὸν
1719 4321 1852 4408 Θεὸν

302 4407 663 4476 ἐπεσπάσατο.
702 4416 763 4469 '0
791 4413 987 4483 Δανιὴλ
1036 4414 1092 4465 ἐν
1130 4414 1313 4481 λάκκῳ
1348 4411 1594 4474 λεόντων,
1623 4408 1716 4462 καὶ
1758 4407 1852 4459 τὸν

303 4509 437 4562 Θεὸν
488 4503 870 4575 ἐξευμενίσατο
901 4515 917 4531 ’
942 4499 993 4551 οί
1035 4501 1184 4570 τρεῖς
1227 4498 1408 4560 παῖδες
1451 4497 1596 4564 ἐντῇ
1637 4491 1850 4563 καμίνῳ

1957 2042 2112 2112 quasi
2147 2056 2239 2110 per
2269 2040 2492 2109 aenigma
2521 2041 2694 2093 docet.

2546 2126 2794 2181 Scholion
2832 2125 2923 2181 47.

2022 2219 2212 2275 Merito
2248 2219 2605 2290 precationem
2649 2233 2770 2287 qua:
2813 2224 2993 2270 mente
3022 2214 3097 2279 ﬁt,
3126 2227 3353 2282 quaeque
3385 2226 3507 2280 per-

1954 2316 2130 2384 agitur
2148 2314 2309 2368 etiam
2338 2312 2405 2366 ab
2434 2312 2500 2365 iis
2527 2310 2619 2380 qui
2651 2308 2896 2378 corporis
2925 2306 3116 2361 ciliciis
3143 2312 3501 2374 occupantur.

1953 2406 2163 2461 Etenim
2189 2405 2403 2476 quando
2430 2405 2699 2459 daemones
2729 2398 2911 2453 vident
2933 2398 3243 2467 religiosum
3269 2397 3509 2450 externis

1953 2498 2196 2567 corporis
2229 2496 2545 2551 ministeriis
2575 2493 2892 2549 distractum
2923 2506 3031 2545 non
3067 2505 3227 2557 posse
3256 2490 3510 2558 precibus

1951 2587 2228 2643 vocalibus
2258 2602 2475 2657 operam
2501 2586 2651 2652 dare,
2679 2585 2939 2640 invadunt
2968 2582 3142 2651 ipsum
3167 2581 3506 2650 graviSsimc,

1952 2689 2008 2735 et
2058 2678 2397 2747 turpissimas
2425 2676 2778 2746 cogitationes
2809 2674 3092 2744 objiciunt,
3123 2673 3319 2741 quibus
3357 2671 3506 2723 illum

1952 2768 2022 2825 ad
2071 2770 2285 2824 ruinam
2332 2766 2626 2836 impellant.
2670 2764 2809 2819 Tum
2853 2778 2980 2818 vero
3040 2776 3260 2816 necesse
3314 2768 3400 2829 est
3449 2767 3509 2811 ut

1952 2864 2255 2936 posthabita
2284 2862 2632 2917 meditatione
2660 2860 2855 2912 mentis
2878 2856 2981 2912 sub
3009 2870 3171 2925 opere
3203 2854 3269 2906 ad
3295 2850 3508 2904 vocales

1954 2966 2008 3012 et
2037 2966 2323 3013 consuetas
2348 2966 2532 3025 preces
2563 2958 2827 3004 recurrat.

2548 3040 2790 3095 Scholion
2827 3037 2915 3091 48.

2031 3136 2193 3191 Docet
2258 3136 2523 3189 intentam
2580 3147 2698 3200 quae
2762 3138 2938 3183 mente
3002 3126 3177 3196 agitur
3238 3122 3508 3194 precatio-

1880 3263 1922 3319 ο
1959 3243 2105 3282 lem.

2544 3312 2787 3367 Scholion
2828 3310 2915 3363 49.

2022 3396 2260 3459 Primum
2290 3419 2507 3473 precare
2533 3412 2588 3455 ut
2617 3404 2683 3455 ab
2710 3401 2854 3452 omni
2890 3396 3201 3465 passionum
3231 3392 3507 3461 impuritia

1951 3497 2290 3567 repurgeris;
2337 3494 2532 3547 deinde
2586 3500 2645 3543 ut
2701 3490 2768 3544 ab
2827 3486 3174 3555 ignorantia;
3237 3492 3507 3551 postremo

1950 3592 2019 3646 ab
2044 3588 2189 3644 omni
2218 3587 2508 3642 tentatione
2543 3593 2596 3639 et
2616 3584 2827 3638 interno
2856 3577 3072 3633 delectu
3116 3575 3384 3629 libereris.

2593 3759 2860 3821 Scholion.

2022 3860 2268 3913 Divinum
2292 3857 2433 3912 enim
2468 3852 2725 3907 auxilium
2753 3840 2983 3917 experiri
3022 3856 3107 3901 est
3150 3844 3510 3899 remuneratio

1950 3952 2143 4006 animae
2172 3956 2366 4002 nostrae
2400 3946 2452 3998 in
2482 3944 2623 3997 bono
2659 3949 2802 3994 statu
2841 3937 3131 3991 versatilis.

2301 4131 2549 4188 Scholion
2583 4129 2643 4187 S.
2676 4127 3035 4199 Chrysostomi
3068 4127 3156 4181 50.

2023 4224 2314 4281 Sciendum
2341 4224 2483 4294 quod
2511 4238 2618 4277 non
2646 4228 2915 4291 quaeratur
2947 4217 3047 4270 loci
3080 4225 3331 4285 aspectus
3357 4258 3372 4284 ,
3408 4220 3503 4275 sed

1953 4317 2149 4373 mentis
2170 4314 2390 4371 affectus
2424 4312 2523 4384 (α).
2568 4310 2832 4367 Jeremias
2854 4310 2909 4362 in
2936 4322 3094 4362 caeno
3127 4318 3181 4379 et
3215 4310 3328 4363 luto
3354 4319 3506 4376 erat,

1951 4416 2005 4460 et
2030 4405 2197 4459 Deum
2242 4402 2489 4473 precibus
2512 4401 2695 4464 ﬂexit;
2738 4396 2922 4451 Daniel
2954 4398 3009 4453 in
3040 4398 3159 4453 lacu
3189 4397 3354 4453 Deum
3399 4400 3503 4453 sibi

1952 4493 2294 4558 conciliavit;
2340 4500 2449 4547 tres
2486 4490 2634 4560 pueri
2674 4489 2727 4541 in
2774 4487 2994 4544 camino
3024 4488 3192 4543 Deum
3244 4491 3503 4556 propitia-

301 4592 465 4669 ἦσαν,
500 4594 593 4647 καὶ
618 4592 710 4645 τὸν
728 4592 857 4645 Θεὸν
880 4585 1228 4655 ἐδυσώπησαν
1244 4601 1259 4614 ·
1286 4586 1315 4637 6
1330 4583 1448 4636 ’1ὼὸ
1472 4587 1529 4635 ἐν
1543 4584 1607 4651 τῇ
1626 4579 1845 4659 κοπρίᾳ,

1954 4590 2113 4649 runt;
2163 4578 2263 4635 Job
2308 4580 2363 4633 in
2407 4576 2745 4646 sterquilinio
2786 4576 2953 4631 Deum
2993 4577 3161 4641 vidit;
3196 4575 3406 4647 Moyses
3449 4579 3503 4630 in

311 4686 408 4740 καὶ
436 4685 526 4737 τὸν
548 4682 678 4735 Θεὸν
701 4680 940 4753 ἑώρακεν
957 4694 977 4708 ν’
1011 4679 1039 4731 6
1067 4675 1302 4744 Μωῦσῆς
1337 4672 1428 4725 ἐπὶ
1451 4672 1545 4741 τῆς
1562 4669 1852 4739 θαλάσσης,

314 4778 410 4830 καὶ
441 4775 624 4840 ἔλεγεν
643 4770 789 4840 αὐτῷ
810 4772 839 4823 6
870 4770 999 4834 Θεός
1017 4784 1031 4797 ·
1054 4766 1117 4821 Τί
1146 4766 1268 4837 βοᾷς
1306 4764 1439 4833 πρός
1468 4777 1568 4833 με;
1599 4763 1628 4815 6
1652 4759 1854 4833 λῃστὴς

308 4866 369 4918 ἐν
406 4864 485 4935 τῷ
513 4859 749 4931 σταυρῷ,
784 4858 879 4912 καὶ
899 4858 992 4911 τὸν
1029 4856 1352 4927 παράδεισον
1383 4851 1607 4923 ἦνοιξεν.
1644 4848 1851 4903 Οὐκοῦν

1952 4676 2084 4730 mari
2110 4715 2126 4741 ,
2156 4674 2244 4729 cui
2271 4672 2406 4727 dixit
2433 4669 2574 4723 Deus
2598 4683 2611 4718 :
2633 4665 2775 4731 Quid
2801 4668 2996 4722 clamas
3028 4666 3096 4719 ad
3127 4684 3206 4720 me
3229 4669 3315 4721 7°?
3341 4668 3505 4721 Latro

1949 4768 2001 4822 in
2050 4779 2214 4821 cruce
2260 4759 2567 4832 paradisum
2626 4761 2855 4828 aperuit.
2912 4758 3051 4828 Ergo
3106 4759 3266 4829 252
3324 4768 3378 4812 et
3442 4768 3502 4811 tu

1949 4858 2256 4926 ubicunque
2309 4850 2515 4917 fueris,
2580 4850 2635 4905 in
2683 4867 2816 4922 pura
2865 4850 3196 4907 conscientia
3242 4865 3502 4922 precare,

304 4958 399 5011 καὶ
426 4958 492 5010 σὺ
516 4957 646 5008 ὅπου
675 4951 742 5007 ἂν
771 4947 860 5023 ἧς,
894 4948 1052 5025 εὖχον
1096 4951 1153 5003 ἐν
1190 4946 1415 5017 καθαρῷ
1441 4943 1719 5007 συνειδότι,
1756 4943 1851 4995 καὶ

1953 4959 1999 5004 et
2030 4949 2171 5005 Deus
2198 4942 2367 5002 audit.
2413 4946 2592 5017 Ipsius
2626 4946 2769 5004 enim
2811 4950 2895 5000 est
2940 4954 3083 5003 terra
3126 4955 3181 5003 et
3225 4944 3503 5017 plenitudo

303 5052 334 5103 6
367 5048 500 5111 Θεὸς
538 5044 743 5100 ἀκούει.
769 5041 940 5097 Αὑτοῦ
967 5041 1122 5145 γὰρὴ
1146 5041 1238 5114 γῆ,
1270 5042 1364 5093 καὶ
1387 5040 1447 5093 τὸ
1468 5034 1851 5132 πλήρωμαναύ-

300 5143 421 5212 τῆς.

371 5336 488 5409 Οὐχ
508 5340 539 5393 ό
560 5336 721 5399 τόπος
750 5333 848 5417 τὴν
877 5284 1245 5403 ἀρετιῆῖὲλῖ
1277 5330 1312 5401 ὴ
1336 5328 1504 5401 ἀρετὴ
1528 5287 1739 5395 πέιρυκε
1756 5323 1848 5380 τὸν

296 5427 462 5482 τόπον
487 5428 789 5499 σεμνύνειν.

364 5607 415 5644 ’⁸
440 5607 609 5663 Exod.
641 5626 749 5677 xiv,
787 5608 869 5663 l5.
943 5603 986 5637 '”
1021 5603 1163 5662 Psal.
1209 5622 1367 5674 xxtu,
1392 5608 1441 5663 1.

1954 5042 2072 5113 ejus
2107 5042 2175 5095 '“.

2627 5232 2809 5287 Aliud.

2020 5324 2134 5379 Non
2170 5325 2317 5381 locus
2346 5325 2528 5380 virtuti
2569 5364 2583 5390 ,
2629 5326 2721 5380 sed
2750 5328 2919 5380 virtus
2951 5326 3236 5382 loco'solet
3269 5343 3493 5382 venera-

1952 5418 2154 5471 tionem
2185 5418 2490 5472 conciliare.

364 5766 443 5833 (a)
480 5764 610 5823 Vide
632 5766 861 5839 Agnetis
896 5764 1083 5835 imper.
1111 5764 1459 5833 qua-stionem
1481 5761 1620 5832 apud
1671 5762 2022 5830 Damianum;
2059 5758 2115 5817 S'.
2162 5758 2312 5815 Pauli
2355 5755 2666 5831 Epistolam,
2716 5756 2772 5812 in
2822 5755 2962 5813 omni
2988 5753 3103 5808 loco
3130 5767 3293 5820 puras
3321 5751 3530 5811 levare.

293 5852 482 5894 morm
