4030 6342
590 417 693 481 927

1829 414 1891 475 S.
1914 414 2227 475 JOANNIS
2263 411 2561 475 CLIMACI

3700 397 3814 459 923

591 527 902 598 impellunt:
969 527 1258 595 voluptatis
1309 541 1484 592 amor,
1541 541 1638 579 seu
1693 527 1799 580 vita
1853 529 2148 592 luxuriosa,

2262 522 2555 596 φιληδονία,
2593 515 2885 583 κενοδοξία,
2911 517 3003 570 καὶ
3045 514 3267 569 ἀπιστία
3293 528 3311 544 ο
3343 509 3698 585 χαλεπωτέρα
3750 510 3814 563 δε

593 621 772 674 inanis
804 619 986 688 glorize
1019 619 1282 682 studium,
1312 627 1366 673 et
1429 619 1714 672 inﬁdelitas
1764 617 2142 690 [incredulitas

590 711 674 763 vel
702 708 1036 780 diﬂidentiaj,
1078 724 1199 779 qua:
1226 718 1496 779 postrema
1544 717 1624 764 est
1665 710 1905 766 omnium
1941 713 2148 782 gravis-

593 799 756 854 siina.

1149 868 1305 921 Aliud
1338 869 1593 937 ejusdem.

664 963 906 1028 Quatuor
953 970 1077 1017 sunt
1113 962 1388 1016 hominum
1420 978 1616 1034 genera
1651 963 1910 1033 pecunias
1963 961 2153 1018 sitien-

598 1056 727 1108 tium
757 1073 771 1108 :
803 1057 1032 1123 primum
1064 1053 1163 1107 tria
1192 1053 1279 1107 illa
1305 1054 1416 1124 jam
1454 1054 1614 1109 modo
1649 1055 1933 1125 explicata,
1955 1054 2154 1124 quibus

596 1146 802 1202 accedit
837 1156 1088 1216 quartum
1124 1144 1292 1215 patris
1340 1145 1580 1213 familiae,
1619 1146 1714 1217 qui
1751 1146 1902 1202 solus
1928 1155 2074 1201 recte
2099 1154 2156 1200 et

597 1238 787 1292 ordine
811 1237 903 1291 dat
924 1252 1140 1306 operam
1183 1237 1426 1306 pecuniis
1460 1238 1825 1308 acquirendis,
1859 1246 1918 1291 ut
1975 1237 2156 1292 omni-

597 1331 700 1383 bus
756 1329 1057 1384 necessaria
1103 1328 1382 1398 largiatur,
1435 1344 1502 1386 ne
1531 1329 1826 1400 aliquando
1877 1327 2007 1399 quid
2058 1329 2156 1385 de-

549 1437 551 1439 '
600 1419 765 1474 ﬁciat.

1004 1489 1163 1542 Aliud
1196 1487 1418 1544 Joannis
1455 1489 1750 1559 Carpathii.

671 1577 761 1634 Est
791 1578 882 1650 qui
911 1578 1029 1648 plus
1073 1578 1327 1648 possidet,
1371 1595 1532 1650 quam
1584 1581 1792 1650 privata
1859 1580 2157 1637 necessitas

601 1670 786 1742 exigit,
819 1678 877 1724 ut
901 1671 1020 1724 aliis
1049 1685 1367 1725 succurrere
1391 1672 1579 1740 possit,
1609 1687 1715 1726 non
1749 1673 1819 1727 ob
1845 1670 2153 1744 possidendi

602 1761 874 1816 libidinem
927 1759 1056 1831 [non
1119 1761 1263 1829 quod
1315 1762 1387 1816 sit
1436 1777 1592 1817 amor
1644 1763 1855 1835 opum].
1903 1763 2161 1829 Quamvis

2248 614 2356 668 τῶν
2388 613 2500 676 δύο,
2533 612 2567 682 ἡ
2596 609 2840 665 ἀπιστία.

2742 847 2930 901 Ἄλλο
2976 844 3078 900 τοῦ
3121 843 3327 900 αὐτοῦ.

2318 938 2594 1010 Τέσσαρές
2632 939 2770 991 εἰσιν
2822 938 2872 991 0i
2916 937 3350 1009 περιποιούμενοι
3407 935 3696 1005 χρήματα·
3746 933 3805 986 0t

2253 1029 2633 1101 προειρημένοι
2651 1031 2818 1101 τρεῖς,
2839 1029 2934 1082 καὶ
2951 1029 2978 1081 ό
3002 1027 3356 1098 οἰκονομικός·
3383 1026 3536 1096 μόνος
3562 1025 3619 1080 δὲ
3640 1016 3810 1088 οὗτος

2253 1122 2490 1192 δηλονότι
2517 1120 2691 1192 ὀρθῶς
2725 1119 3102 1190 περιποιεῖται,
3137 1119 3224 1172 ἶνα
3250 1117 3465 1188 ἑκάστῳ
3483 1116 3580 1188 τὴν
3601 1115 3816 1188 κρείαν

2255 1211 2528 1282 παρέχων,
2567 1210 2642 1281 μὴ
2667 1202 2900 1263 διαλίποι
2925 1208 3072 1262 ποτέ.

2583 1499 2765 1552 Ἄλλο
2813 1488 3088 1553 Ἰωάννου
3110 1497 3474 1566 Καρπαθίου.

2329 1588 2513 1641 Ἔστιν
2542 1587 2686 1650 ὅστις
2736 1587 2916 1640 πλεῖον
2950 1587 3048 1658 τῆς
3087 1587 3218 1649 ίδίας
3261 1586 3448 1656 χρείας
3489 1585 3759 1665 χέκτηται
3787 1623 3818 1652 ,

2257 1680 2352 1749 τῆς
2375 1680 2574 1752 ἐτέρων
2607 1680 2895 1752 θεραπείας
2923 1682 3125 1746 ἕνεκεν,
3169 1682 3282 1736 ἀλλ’
3325 1683 3423 1761 ούχ
3463 1683 3620 1754 ἡδονῇ
3667 1683 3817 1752 κτή-

2260 1790 2427 1837 σεως·
2465 1775 2515 1826 εί
2544 1773 2649 1844 γὰρ
2676 1774 2770 1828 καὶ
2803 1774 2948 1827 δοκεῖ
2992 1774 3092 1843 τῆς
3159 1773 3354 1827 ἑαυτοῦ
3406 1773 3590 1844 χρείας
3634 1773 3815 1825 πλέον

599 1854 746 1908 enim
779 1853 1020 1908 videatur
1067 1853 1188 1923 plus
1216 1854 1494 1923 possidere
1540 1870 1702 1926 quam
1731 1872 1865 1911 usus
1903 1855 2158 1926 praprius

2262 1863 2589 1934 κεκτῆσθαι,
2641 1863 2754 1918 ἀλλ’
2781 1865 2841 1918 οὐ
2893 1864 3071 1917 πλεῖον
3109 1864 3399 1934 κέκτηται,
3445 1865 3565 1917 ἐπεὶ
3611 1862 3821 1936 χρείαν

599 1944 797 2014 exigat,
823 1959 928 1998 non
955 1943 1076 2014 plus
1126 1952 1306 2001 tamen
1348 1946 1612 2016 possidet,
1643 1947 1766 2017 quia
1787 1946 2050 2001 auxilium
2082 1946 2160 1999 al-

601 2036 768 2089 terius
792 2049 888 2088 seu
923 2034 1299 2091 liberalitatem
1329 2037 1383 2090 in
1414 2037 1570 2104 alios,
1597 2037 1976 2108 interpretatur
2005 2052 2157 2092 suam

609 2125 1010 2182 necessitatem.

1179 2193 1239 2250 S.
1268 2194 1494 2250 Maximi
1523 2196 1575 2250 4.

674 2288 746 2344 Ut
772 2303 918 2344 mors
967 2295 1022 2344 et
1051 2288 1161 2342 vita
1201 2289 1363 2344 simul
1410 2290 1464 2360 in
1491 2289 1680 2344 eodem
1725 2289 1969 2359 subjecto
1989 2289 2152 2359 recipi

603 2395 711 2434 non
740 2391 985 2450 possunt,
1021 2380 1096 2435 ita
1125 2381 1363 2437 Charitas
1399 2381 1563 2438 simul
1592 2396 1715 2436 cum
1761 2383 2003 2451 pecuniis
2024 2398 2153 2437 con-

601 2473 793 2527 sistere
832 2472 980 2527 nullo
1009 2473 1170 2527 modo
1200 2481 1393 2542 potest.
1443 2472 1695 2528 Charitas
1723 2474 1869 2527 enim
1899 2488 2006 2528 non
2058 2489 2152 2528 so-

604 2563 715 2618 lum
745 2564 882 2620 tollit
907 2579 1145 2620 amorem
1185 2565 1446 2636 pecuniae,
1481 2566 1576 2620 sed
1623 2567 1784 2622 etiam
1833 2575 2153 2636 praesentem

602 2657 819 2725 exponit
849 2657 1036 2710 vitam.

987 2902 1149 2972 256
1179 2900 1457 2957 GRADUS
1494 2900 1750 2970 xvu.(a)

847 2997 919 3050 De
951 3007 1256 3065 paupertate
1279 2996 1347 3048 ad
1373 2995 1556 3048 cretum
1588 3005 1920 3063 properante.

676 3077 942 3159 Beligiosa
960 3095 1244 3156 paupertas
1271 3095 1352 3140 est
1379 3101 1632 3140 curarum
1667 3085 1958 3155 abdicatio,
1990 3086 2156 3143 libera

607 3160 997 3244 acuris'vitaa,
1056 3178 1251 3232 viatrix
1292 3177 1564 3247 expedita,
1616 3177 1921 3234 observatio
1959 3195 2159 3250 praece-

609 3284 849 3345 ptorum,
868 3274 935 3326 ab
955 3271 1102 3325 omni
1131 3270 1378 3325 molestia
1407 3270 1610 3325 aliena.
1643 3269 1851 3341 Pauper
1879 3272 2160 3340 religiosus

609 3373 696 3419 est
725 3363 982 3419 dominus
1009 3362 1220 3427 mundi,
1253 3361 1348 3431 qui
1386 3376 1577 3417 omnes
1651 3378 1813 3417 curas
1870 3364 2058 3432 rejecit
2108 3366 2161 3416 in

611 3455 806 3516 Deum.
835 3455 1033 3523 quique
1053 3469 1149 3522 per
1172 3453 1331 3507 fidem
1352 3467 1543 3515 omnes
1572 3467 1702 3508 suos
1756 3453 1917 3508 efﬁcit
1955 3470 2168 3508 servos.

522 3600 528 3605 _
612 3544 715 3600 Ubi
747 3559 806 3599 re
833 3543 1008 3613 aliqua
1032 3540 1225 3612 egebit,
1281 3541 1557 3609 querelam
1598 3550 1706 3608 non
1752 3544 1979 3610 deponet
2028 3543 2166 3610 apud

612 3637 904 3692 hominem.
954 3635 1082 3699 Quae
1125 3647 1252 3687 vero
1284 3629 1364 3686 illi
1430 3632 1762 3698 praebentur,
1827 3643 2079 3703 tanquam
2139 3649 2169 3687 e

612 3745 776 3785 manu
809 3727 1015 3782 Domini
1051 3724 1290 3796 recipiet.
1322 3725 1544 3802 Pauper
1571 3725 1860 3796 religiosus
1919 3727 2168 3802 alumnus

611 3829 696 3877 est
731 3819 1139 3889 tranquillitatis
1167 3817 1356 3884 animi,
1389 3800 1458 3873 ab
1483 3818 1635 3873 omni
1653 3817 1857 3872 'aﬂ‘ectu
1892 3800 2048 3884 liber,
2073 3818 2165 3887 qui

611 3924 721 3962 non
751 3909 917 3977 magis
970 3914 1123 3962 curat
1148 3902 1454 3976 praesentia,
1490 3920 1653 3974 quam
1682 3905 1943 3971 abSentia,
1976 3914 2069 3960 aut
2104 3923 2165 3959 ca

614 4012 736 4064 quae
764 3995 982 4048 omnino
1011 4009 1116 4048 non
1149 4004 1294 4058 sunt,
1346 3993 1690 4048 solitudinem
1719 3994 1995 4064 ingressus
2048 4010 2166 4048 om-

616 4085 707 4138 nia
739 4084 1084 4138 arbitrabitur
1116 4092 1174 4138 ut
1210 4093 1453 4139 stercora
1484 4085 1570 4142 ‘9:
1625 4087 1772 4152 quod
1817 4087 1862 4139 si
1917 4088 2166 4153 quapiam

618 4187 677 4228 re
707 4173 950 4242 indigens
975 4171 1171 4238 doleat,
1199 4164 1440 4226 nondum
1466 4181 1550 4227 est
1576 4187 1798 4241 pauper.
1847 4171 1942 4225 Vir
1968 4188 2169 4241 pauper

616 4280 779 4334 puras
829 4262 939 4316 Deo
982 4246 1180 4332 preces.
1214 4262 1429 4316 sternit.
1483 4261 1694 4317 Avarus
1746 4262 2032 4315 simulacra
2088 4278 2171 4316 re-

615 4351 736 4408 rum
770 4354 824 4408 in
858 4354 1099 4407 oratione
1129 4353 1324 4421 quierit
1364 4351 1469 4421 (ὁ).
1509 4350 1613 4416 Qui
1661 4350 1762 4404 sub
1785 4352 2006 4405 alterius
2065 4351 2169 4404 im-

620 4444 1000 4513 perio'vivunt,
1032 4444 1102 4499 ab
1165 4445 1316 4498 omni
1365 4445 1606 4514 pecuniae
1663 4442 1956 4511 cupiditate
2008 4443 2168 4497 alieni

621 4543 785 4598 suat;
814 4536 1101 4604 cum‘enim
1127 4537 1287 4590 etiam
1315 4549 1514 4604 corpus
1560 4549 1719 4588 suum
1752 4534 2165 4604 emanciparint,

2257 1953 2468 2021 ἡγεῖται
2500 1950 2636 2004 ίδίαν
2656 1950 2753 2022 τὴν
2785 1951 2984 2024 ἐτέρων
3008 1951 3316 2023 θεραπείαν.

2501 2211 2761 2279 Σχόλιον
2801 2207 2907 2262 τοῦ
2955 2208 3125 2277 ἁγίου
3156 2206 3429 2277 Μαξίμου
3462 2205 3524 2261 δ.

2338 2304 2426 2367 Ὠς
2445 2301 2590 2372 ζωὴν
2616 2301 2709 2354 καὶ
2742 2301 2966 2354 θάνατον
2985 2301 3098 2368 ἅμα
3127 2299 3396 2369 συμϐῆναι
3424 2300 3482 2352 tv
3501 2291 3677 2368 ταυτῷ
3696 2296 3824 2350 τῶν

2255 2390 2353 2443 οὐκ
2383 2387 2739 2458 ἐνδεχομένων
2758 2389 2902 2440 ὲστὶν
2921 2427 2936 2450 ,
2974 2386 3144 2449 οὕτως
3170 2386 3390 2456 ἀγάπην
3418 2386 3656 2456 χρήμασι
3682 2401 3821 2436 συν-

2257 2475 2492 2545 υπάρξαι
2547 2475 2655 2528 τῶν
2707 2475 2978 2529 ἀδυνάτων
3026 2472 3188 2526 ἐστίν.
3231 2471 3566 2542 ’Δναιρετικὴ
3596 2471 3704 2541 γὰρ
3750 2471 3820 2522 οὐ

2261 2567 2420 2637 μόνον
2451 2568 2744 2636 χρημάτων
2789 2567 2821 2635 ὴ
2872 2566 3078 2638 ἀγάπη,
3129 2564 3266 2620 ἀλλά
3313 2566 3408 2619 καὶ
3449 2563 3613 2635 αὐτῆς
3652 2563 3824 2633 ἡμῶν

2269 2659 2366 2726 τῆς
2390 2657 2718 2728 προσκαίρου
2747 2655 2908 2728 ζωῆς.

2845 2909 3058 2964 ΛΟΓΟΣ
3111 2910 3186 2964 ΙΖ’
3197 2949 3216 2962 .

2385 3000 2521 3068 Περὶ
2548 3001 2967 3069 ἀκτημοσύγης
3004 2998 3137 3071 [τῆς
3164 2998 3647 3073 οὐρανοδρόμου].

2343 3090 2713 3161 ’Δκτημοσύνη
2755 3090 2872 3144 ἐστὶ
2908 3091 3198 3160 φροντίδων
3231 3090 3484 3155 ἀπόθεσις
3527 3091 3637 3162 (ι),
3672 3091 3828 3162 ἀμε-

2266 3181 2449 3253 ριμνία
2479 3182 2614 3253 βίου,
2635 3182 2907 3254 ὁδοιπόρος
2930 3182 3339 3252 ἀνεμπόδιστος,
3364 3183 3546 3247 πίστις.
3564 3182 3825 3246 ἐντολῶν,

2190 3313 2234 3375 C
2263 3269 2436 3338 λύπης
2471 3269 2744 3368 ἀλλότριος
2769 3286 2783 3300 ’
2818 3271 3077 3375 axz!)hW
3116 3269 3345 3370 μοναχδς
3394 3269 3657 3341 δεσπότης
3715 3273 3828 3326 κό-

2267 3372 2424 3425 σμου,
2444 3354 2523 3425 τῷ
2543 3355 2659 3425 Θεῷ
2674 3359 2773 3425 τὴν
2795 3355 3046 3425 φροντίδα
3066 3355 3351 3420 πιστεύων,
3371 3356 3465 3409 καὶ
3477 3357 3563 3410 διὰ
3579 3358 3830 3422 πίστεως

2266 3447 2470 3507 πάντας
2493 3446 2709 3510 δούλους
2743 3446 3101 3516 κεκτημένοςο
3126 3446 3224 3499 οὐκ
3254 3437 3368 3516 ἐρεῖ
3387 3446 3654 3518 ἀνθρώπῳ
3682 3450 3831 3519 περὶ

2266 3530 2468 3606 χρείας⁹
2486 3535 2648 3590 αὐτοῦ
2671 3554 2684 3566 ·
2729 3537 2797 3589 τά
2831 3536 2888 3590 δὲ
2917 3536 3184 3606 ἐρχόμενα
3213 3533 3290 3598 ὡς
3313 3536 3378 3588 ὲκ
3405 3538 3582 3608 χειρὸς
3604 3539 3829 3607 κυρίου

2266 3626 2491 3692 δέξεται.
2538 3626 2822 3696 ’Δκτήμων
2852 3627 3105 3696 ιργάτης,
3135 3625 3538 3696 ἀπροσπαθείας
3564 3625 3676 3690 υίὺς
3697 3667 3715 3690 ,
3752 3627 3832 3683 τὰ

2268 3718 2538 3789 προσόντα
2568 3718 2716 3789 αὐτῷ
2751 3719 2825 3783 ὡς
2858 3719 2932 3790 μὴ
2952 3719 3080 3773 ὄντα
3123 3717 3484 3790 λογιζόμενος,
3525 3719 3831 3791 ἀναχωρή-

2269 3826 2404 3873 σεως
2424 3808 2830 3880 καταλαϐούσης
2854 3811 3096 3881 ἡγήσατο
3126 3810 3300 3863 πάντα
3330 3796 3574 3865 σκύϐαλα
3644 3811 3706 3878 Εί
3761 3811 3829 3866 δὲ

2266 3901 2506 3956 λυπεῖται
2531 3900 2586 3953 ἐν
2622 3917 2746 3965 τινι,
2780 3899 2929 3955 οὔπω
2955 3902 3209 3972 ἀκτήμων
3241 3901 3483 3970 γέγονεν.
3525 3901 3831 3971 ’Δκτήμων

2265 3993 2402 4063 ἀνὴρ
2433 3993 2490 4044 ὲν
2517 3995 2786 4062 προσευχῇ
2808 3991 3042 4064 καθαρὸς
3059 4029 3073 4055 ,
3093 3993 3121 4044 ὀ
3145 3991 3201 4044 δὲ
3223 3991 3447 4064 φιλοκτή
3456 4009 3570 4064 μων
3599 3994 3830 4057 εἰκόνας

2267 4083 2398 4159 ὕλης
2421 4082 2806 4153 προσεύχεταιο
2833 4084 2884 4134 οι
2925 4084 2981 4135 tv
3013 4084 3257 4154 ὑποταγῇ
3286 4084 3667 4155 διατρίϐοντες,
3720 4101 3828 4154 φι-

2265 4172 2562 4242 λαργυρίας
2596 4171 2864 4242 ἀλλότριοι
2892 4187 2907 4202 ο
2950 4173 3080 4226 ὅπου
3125 4172 3235 4244 γὰρ
3265 4175 3362 4229 καὶ
3402 4175 3467 4228 τὸ
3506 4173 3662 4243 σῶμα
3690 4174 3830 4239 ἃ.ξέ-

2266 4260 2462 4326 δωκαν,
2489 4257 2542 4314 τί
2568 4259 2750 4338 λοιπὸν
2781 4260 3036 4332 κέκτηται
3064 4262 3225 4328 ῐδιον;
3260 4263 3362 4318 Ἐν
3381 4266 3430 4318 οί
3459 4262 3682 4317 τοιοῦτοι
3693 4263 3829 4320 ibi:

2267 4352 2476 4405 κεῖσθαι
2512 4350 2834 4420 πεφύκασιν,
2860 4354 2938 4415 είς
2971 4352 3263 4422 μετάϐασιν
3285 4355 3527 4424 εὐχερεῖς
3551 4351 3641 4404 καὶ
3670 4349 3828 4404 ἕτοι-

2271 4458 2359 4511 μοι
2414 4441 2764 4512 ὑπάρχοντες.
2818 4437 2966 4497 Εἶδον
2997 4442 3127 4514 ὓλην
3163 4443 3436 4516 ὑπομονὴν
3470 4441 3721 4512 μοναχοϊς
3758 4442 3827 4494 tu

2267 4533 2412 4604 τόπῳ
2440 4535 2795 4606 γεννήσασαν.
2849 4534 3098 4589 Ἐκείνων
3141 4534 3202 4589 δὲ
3242 4531 3368 4600 ἐγὼ
3408 4533 3534 4594 τοὺς
3577 4531 3665 4586 διὰ
3695 4533 3827 4586 Κύ-

621 4626 749 4694 quid
782 4626 1031 4695 deinceps
1074 4629 1347 4698 proprium
1413 4627 1761 4699 possideant?
1815 4624 1935 4681 Uno
1995 4634 2162 4680 tamen

2274 4638 2386 4691 ριον
2441 4622 2826 4695 πελαζομένοις
2884 4625 3045 4678 πλέον
3104 4623 3434 4693 δμακάρισα.
3504 4623 3562 4678 '0
3608 4625 3827 4692 γευσά-

621 4717 960 4790 incommodo
991 4717 1250 4783 laborant,
1281 4720 1423 4790 quod
1461 4722 1642 4776 faciles
1684 4732 1738 4775 et
1763 4735 1973 4790 sempcr
1999 4720 2170 4790 parati

622 4809 731 4874 siut
755 4807 822 4862 ad
848 4808 1261 4882 permutandum
1291 4810 1492 4866 locum.
1539 4809 1659 4868 Vidi
1691 4814 1890 4882 quibus
1915 4828 2003 4867 res
2020 4821 2170 4882 parta

625 4909 683 4952 ut
718 4900 773 4954 in
793 4892 910 4954 tceo
937 4910 1338 4969 perseverarent
1375 4903 1684 4972 adiumento
1747 4904 1871 4967 fuit,
1921 4903 2018 4960 sed
2066 4903 2172 4957 illis

624 4991 887 5046 beatiores
915 4989 1150 5058 iudicavi
1188 4997 1404 5058 propter
1426 4989 1712 5048 Dominum
1745 4995 1799 5049 in
1831 4994 1952 5049 loco
1987 5008 2172 5062 perse-

621 5089 890 5136 verantes.
917 5081 1019 5147 Qui
1047 5078 1287 5140 cwlestia
1320 5080 1645 5149 degustavit,
1697 5083 1884 5140 faciles
1927 5093 2169 5139 contem-

625 5175 704 5227 nit
733 5181 961 5226 terrena.
988 5171 1087 5237 Qui
1117 5185 1243 5226 vero
1279 5156 1778 5227 rerum‘cmlestium
1815 5187 2028 5243 gustum
2052 5172 2172 5226 nul-

625 5265 735 5319 lum
762 5271 846 5318 est
865 5272 1139 5330 expertus,
1177 5262 1370 5332 opibus
1400 5261 1650 5317 humanis
1679 5264 1986 5324 delectatur.
2010 5263 2170 5336 25⁸1

623 5351 836 5422 Pauper
863 5349 980 5404 sine
1007 5348 1227 5419 ‘judicio
1261 5349 1318 5404 in
1339 5348 1448 5423 duo
1493 5347 1635 5403 mala
1676 5348 1863 5408 incidit
1895 5369 2170 5426 :praeseu-

694 5525 744 5560 "
778 5524 1012 5598 Philipp.
1042 5540 1126 5592 Ill,
1143 5523 1195 5580 8.

697 5640 776 5711 _(a)
829 5641 1131 5699 Camaldul.
1194 5655 1301 5697 non
1347 5639 1627 5711 distinguit
1681 5639 1826 5694 hunc
1865 5642 2085 5711 gradum
2133 5658 2162 5696 a

631 5709 836 5832 gignor.
888 5713 982 5769 sed
1020 5713 1349 5771 membrana:
1396 5713 1453 5768 et
1484 5709 1684 5766 charta:
1747 5709 1931 5767 omnes
1983 5729 2162 5770 secer-

2271 4728 2426 4780 μενος
2466 4713 2572 4768 τῶν
2603 4715 2736 4780 ἄνω,
2776 4714 3013 4786 εὐχερῶς
3066 4714 3392 4783 καταφρονεῖ
3447 4711 3558 4768 τῶν
3615 4713 3773 4768 κάτω
3801 4730 3822 4748 ο

2268 4803 2381 4861 δ’δὲ
2425 4810 2646 4865 ἐκείνων
2697 4811 2978 4879 ἄγευστος,
3032 4807 3124 4860 ἐπὶ
3183 4807 3461 4878 κτήμασιν
3497 4808 3819 4877 ἀγάλλεται.

2272 4901 2491 4969 Ἀλογος
2537 4903 2797 4973 ἀκτήμων
2845 4900 2938 4953 δύο
2985 4899 3244 4954 ἀδικεῖται
3279 4915 3297 4932 ο
3364 4900 3472 4958 τῶν
3531 4901 3833 4972 παρόντων

2269 4991 2616 5063 ἀπεχόμενος,
2638 4993 2730 5044 καὶ
2750 4988 2854 5044 τῶν
2887 4989 3182 5058 μελλόντων
3208 4987 3584 5060 στερούμενος.
3608 4988 3703 5062 Μὴ
3718 4986 3826 5046 οὖν

2272 5080 2546 5152 φανῶμεν,
2577 5074 2624 5133 ὦ
2655 5080 2898 5151 μοναχοὶ,
2921 5078 3029 5131 τῶν
3058 5079 3313 5132 πετεινῶν
3338 5079 3681 5153 ἀπιστότεροι
3709 5081 3838 5154 (2),

2250 5160 2345 5224 “οὑ
2375 5168 2498 5242 γάρ⁴
2515 5169 2870 5243 μεριμνῶσιν,
2898 5168 3014 5239 οὐδὲ
3040 5167 3358 5238 συνάγουσιν
3380 5185 3398 5201 ο
3447 5170 3615 5240 μέγας
3645 5171 3760 5242 γὰρ
3790 5177 3836 5230 6

2272 5261 2654 5334 ἀποκτώμενος
2678 5257 2912 5322 εὐσεϐῶς
2939 5261 3195 5340 χρήματα.
3215 5275 3230 5290 ⁸
3263 5259 3416 5330 ἀτιος
3435 5261 3493 5340 δὲ.
3519 5264 3548 5316 ό
3566 5263 3828 5320 ammir-

2277 5367 2433 5422 μενος
2456 5351 2515 5406 τὸ
2533 5349 2724 5404 ἑαυτοῦ
2752 5349 2981 5421 θέλημα.
3015 5349 3074 5404 '0
3105 5349 3207 5421 μὲν
3233 5350 3757 5409 ἑκατονταπλασίονα
3785 5357 3826 5432 ἢ

2348 5618 2424 5707 (α)
2448 5639 2501 5693 ld
2538 5648 2642 5704 est,
2670 5639 2820 5703 idola,
2855 5639 3091 5714 materia
3142 5641 3351 5714 adorat,
3377 5644 3495 5701 sive
3543 5641 3824 5714 imagine.

2271 5721 2853 5780 rerumicorporearum
2889 5710 2990 5765 sibi
3016 5710 3355 5780 imaginatur.
3663 5710 3691 5718 ”

2340 5782 2416 5850 (a)
2427 5778 2751 5848 Stulte,quid
2767 5788 2844 5834 est
2856 5778 3267 5852 εοιιιιιιισ,9ἐίὶάω
3287 5782 3390 5839 ιιἱαὶ
3404 5781 3590 5838 mortis
3600 5782 3778 5849 imago
3790 5783 3822 5836 2
