4030 6342
217 456 311 516 929

1185 461 1409 520 SCALA
1432 459 1807 521 PARADISI.
1854 484 1923 497 ·-
1956 460 2259 520 GRADUS
2286 461 2469 522 XVII-

3322 460 3426 523 930

214 564 297 614 διὰ
321 564 637 632 χρημάτων,
663 566 695 635 ἢ
718 566 803 618 διὰ
831 567 1178 637 χαρισμάτων
1200 567 1425 635 λήψεται
1447 583 1459 595 ·
1491 568 1519 617 ὁ
1541 567 1597 619 δὲ
1622 567 1765 635 ζωὴν

1869 568 2015 622 tibus
2045 582 2150 621 non
2185 566 2405 630 fruitur.
2436 569 2632 623 futuris
2656 568 2812 623 bonis
2842 548 3099 638 privatur.
3126 571 3424 626 Caveamus

216 652 424 706 αἰώνιον
452 655 853 727 κληρονομήσει
876 673 888 685 ·
931 657 1028 710 οὐκ
1054 656 1284 724 ἐκλείψει
1311 657 1530 728 κύματα
1551 638 1759 710 ’θάλασο

216 759 351 808 σαν,
396 744 515 796 οὐδὲ
582 745 915 817 φιλάργυρον
970 747 1104 817 ὀργὴ
1151 748 1241 801 καὶ
1285 746 1450 819 λύπη.
1500 748 1556 802 Ὀ
1602 765 1766 801 κατα-

216 836 481 905 φρονήσας
511 835 662 905 ὕλης,
706 838 981 910 ἐλυτρώθη
1028 838 1387 906 δικαιολογίας
1426 828 1518 891 καὶ
1554 839 1764 893 ἀντιλο-

216 926 336 993 γίας
358 942 372 955 ⁸
423 931 452 980 ὁ
485 928 542 982 δὲ
572 931 916 1001 φιλοκτίηιων
959 930 1096 1002 ὑπὲρ
1146 929 1364 1001 ῥαφίδος
1402 931 1504 993 ἓως
1538 930 1764 986 Θανάτου

215 1017 511 1070 πυκτεύει·
586 1021 767 1088 πίστις
819 1021 1039 1091 ἀκλινὴς
1090 1022 1373 1091 περικόψει
1437 1023 1760 1092 φροντίδας·

210 1107 443 1161 θανάτου
475 1110 531 1162 δὲ
563 1113 749 1181 μνήμη
774 1113 1091 1180 ἀπαρνεῖται
1122 1113 1215 1165 καὶ
1244 1113 1420 1182 σῶμα.
1457 1114 1571 1167 Οὐκ
1611 1110 1675 1183 ἦν
1709 1117 1764 1165 ὲν

214 1199 290 1268 τῷ
329 1199 449 1251 ’1ὼὸ
479 1202 836 1273 φιλαργυρίας
870 1200 1011 1271 ἴχνος
1034 1220 1051 1234 ’
1086 1202 1166 1256 διὸ
1194 1206 1286 1256 καὶ
1312 1202 1613 1275 στερηθεὶς,
1639 1204 1765 1256 ἀθό-

214 1291 373 1361 ρυϐος
402 1292 603 1362 ἔμεινε.
650 1295 801 1357 Ῥίςα
832 1294 1044 1348 πάντων
1072 1294 1179 1348 τῶν
1206 1295 1392 1349 κακῶν
1417 1297 1531 1348 ἐστι
1559 1295 1652 1347 καὶ
1682 1296 1767 1348 λέ-

216 1398 366 1449 γεται
417 1387 453 1455 η
504 1385 831 1455 φιλαργυρία
855 1401 869 1417 ο
930 1388 1082 1454 μῖσος
1122 1387 1250 1457 γὰρ,
1284 1386 1380 1440 καὶ
1413 1386 1637 1449 κλοπὰς,
1673 1388 1765 1440 καὶ

217 1474 462 1543 φθόνους,
494 1477 589 1528 καὶ
618 1478 949 1546 χωρισμοὺς,
979 1478 1072 1530 καὶ
1096 1471 1310 1548 ἔχθρας,
1344 1479 1438 1533 καὶ
1469 1479 1652 1544 ζάλας,
1675 1482 1767 1533 καὶ

218 1568 602 1635 μνησικακίας.
650 1568 746 1620 καὶ
794 1569 1196 1640 ἀσπλαγχνίας,
1244 1570 1340 1622 καὶ
1390 1570 1583 1637 φόνους
1627 1571 1765 1641 αὕτη

216 1658 452 1727 ἐποίησε.
489 1659 585 1711 Διὰ
618 1659 815 1731 μικροῦ
843 1661 1012 1731 πυρός
1039 1678 1182 1724 τινες
1218 1661 1416 1732 πολλὴν
1440 1661 1573 1732 ὕλην
1603 1665 1765 1717 κατέ-

215 1764 439 1814 καυσαν,
472 1751 566 1802 καὶ
595 1749 683 1803 διά
717 1752 915 1819 μικρᾶς
940 1752 1138 1821 ἀρετῆς
1167 1750 1261 1805 ὅλα
1287 1753 1355 1807 τά
1381 1753 1640 1824 παρόντα,
1672 1756 1765 1808 καὶ

213 1838 280 1891 ea
304 1839 570 1910 εἰρημένα
594 1840 789 1908 ἔφυγον
819 1841 960 1910 πάθη
988 1858 1001 1871 ·
1044 1840 1178 1912 αὕτη
1210 1842 1452 1897 καλεῖται
1478 1844 1763 1913 ἀπροσπά-

1864 660 2192 723 omonachi,
2226 675 2294 713 ne
2315 649 2534 715 alitibus
2590 662 2881 715 deteriores
2946 663 3239 730 videamur,
3305 681 3425 735 qua:

1861 752 1953 820 (de
2009 750 2262 819 crastino)
2316 766 2443 804 non.
2480 752 2727 805 sollicitae
2788 761 2934 813 sunt,
2976 768 3148 822 neque
3198 770 3423 826 congre-

1864 851 2010 910 gant.
2042 840 2265 910 Magnus
2295 849 2377 896 est
2408 842 2499 909 qui
2530 856 2589 896 se
2616 842 2858 911 pecuniis
2886 843 3000 897 suis
3030 844 3276 911 religiose
3326 846 3420 898 ab-

1863 933 2046 987 dicat:
2105 931 2196 986 sed
2229 931 2566 985 ille'sanctus
2618 944 2699 986 est
2734 934 2824 1002 qui
2852 933 2918 987 de
2958 950 3068 987 sua:
3126 936 3425 991 voluntatis

1858 1022 1981 1091 jure
2019 1032 2209 1091 sponte
2249 1023 2476 1078 decedit.
2513 1021 2606 1077 Ille
2640 1024 2855 1093 quidem
2917 1026 3221 1094 centuplum
3280 1029 3424 1082 acci-

1864 1114 1991 1182 piet,
2023 1115 2135 1167 sive
2165 1129 2259 1182 per
2284 1114 2560 1182 pecunias,
2601 1115 2711 1169 sive
2743 1130 2836 1184 per
2880 1115 3117 1170 coelestia
3166 1118 3305 1172 dena
3372 1130 3427 1173 et

1864 1204 2097 1275 gratias;
2135 1204 2223 1257 hic
2257 1218 2381 1257 vero
2417 1203 2577 1256 vitam
2614 1213 2871 1257 :eternam
2908 1205 3217 1274 possidebit.
3276 1207 3424 1261 Nun-

1863 1310 2025 1365 quam
2064 1296 2258 1349 lluctus
2290 1296 2582 1349 destituent
2615 1310 2784 1356 mare,
2824 1288 2999 1366 neque
3034 1313 3271 1365 unquam
3297 1314 3424 1351 ava-

1865 1401 1958 1440 rus
1989 1387 2193 1440 carebit
2223 1385 2467 1440 molestia
2505 1394 2559 1438 et
2582 1385 2681 1439 ira.
2715 1385 2817 1450 Qui
2880 1403 3012 1456 opes
3078 1390 3421 1457 contempsit,

1864 1479 1931 1533 ab
1958 1478 2211 1533 omnibus
2242 1479 2427 1533 litibus
2455 1487 2511 1533 et
2538 1479 2926 1534 controversiis
2968 1495 3088 1535 sese
3134 1482 3422 1550 expedivit.

1863 1572 1991 1625 Auri
2018 1572 2342 1641 mancipium
2371 1587 2533 1641 super
2555 1588 2653 1626 acu
2687 1572 2752 1625 ad
2784 1587 2966 1627 necent
3001 1588 3173 1641 usque
3237 1577 3429 1629 decere

1863 1662 2013 1717 tabit.
2062 1659 2386 1716 Inconcussa
2417 1662 2548 1716 ﬁdes
2590 1663 2728 1715 tollit
2756 1677 2943 1716 omnes
3005 1678 3185 1719 curas.
3242 1665 3427 1719 Mortis

1863 1747 2137 1801 meditatio
2181 1746 2357 1815 ipsum
2410 1746 2641 1814 abnegat
2683 1762 2898 1816 corpus.
2964 1746 3177 1801 Nullum
3216 1748 3270 1801 in
3334 1765 3427 1818 pa-

1866 1840 2028 1893 tiente
2058 1836 2158 1890 Job
2188 1837 2471 1906 vestigium
2524 1835 2627 1890 fuit
2679 1838 2961 1903 avaritiae,
3030 1838 3173 1893 unde
3228 1838 3425 1894 factum

216 1929 348 1984 θεια.
398 1931 616 2001 Ταύτην
646 1932 701 1985 δὲ
734 1932 886 1986 ἔτεκε
934 1937 1095 2004 πεῖρα
1139 1936 1231 1987 καὶ
1280 1934 1467 2003 γεῦσις
1510 1937 1763 2004 γνώσεως

1868 1939 1945 1984 est
2007 1936 2064 1983 ut
2112 1928 2362 1983 omnibus
2428 1928 2584 1983 bonis
2649 1927 2889 1982 funditus
2954 1945 3196 1994 eversus,
3251 1939 3426 1985 tamen

216 2020 366 2085 Θεοῦ,
401 2022 500 2074 καὶ
545 2023 763 2092 φροντὶς
805 2025 1093 2092 ἀπολογίας
1122 2025 1320 2091 ἐξόδου.
1356 2028 1468 2079 Οὐκ
1505 2028 1764 2098 ἠγνόηται

219 2114 312 2183 μὲν
335 2113 412 2184 τῷ
436 2113 578 2184 μετά
603 2116 872 2185 προσοχῆς
896 2116 1218 2183 ἀνεγνωκότι
1245 2116 1424 2189 πάσης
1443 2117 1544 2187 τῆς
1569 2135 1765 2189 μητρο-

217 2206 381 2260 κάκου
405 2208 434 2259 ὁ
454 2206 611 2274 λόγος
631 2207 728 2276 (5).
755 2208 892 2277 Φησὶ
921 2207 1027 2279 γὰρ
1060 2208 1119 2260 ὲν
1147 2210 1214 2278 τῇ
1241 2210 1452 2279 πονηρᾷ
1479 2210 1648 2280 αὐτῆς
1672 2210 1765 2263 καὶ

214 2297 475 2368 ἑπαράτῳ
496 2293 825 2369 τεκνογονίᾳ,
846 2298 1090 2369 δεύτερον
1118 2300 1286 2370 αὐτῆς
1311 2296 1449 2353 εἶναι
1481 2291 1762 2369 ἀπόγονον,

177 2407 184 2413 ·
216 2388 304 2441 τὸν
327 2387 682 2458 ἀναισθησίας
711 2388 854 2445 λίθον
877 2406 894 2419 ο
940 2388 1214 2443 κεκώλυκε
1242 2389 1298 2443 δέ
1330 2408 1398 2460 με
1435 2391 1532 2463 τὴν
1562 2392 1768 2447 οἰκείαν

219 2479 361 2550 αὖτῷ
387 2478 542 2543 τάξιν
585 2482 876 2553 ἀπονεῖμαι
905 2484 933 2533 ὁ
964 2483 1330 2552 πολυκέφαλος
1363 2485 1462 2554 τῆς
1487 2485 1767 2539 εἰδωλολα-

219 2570 365 2639 τρίας
408 2570 555 2641 ὄφις.
610 2572 812 2643 Τρίτην
843 2572 959 2636 πῶς
986 2573 1085 2626 οὐκ
1112 2569 1230 2627 οἴδα
1276 2573 1451 2644 λαχὼν
1480 2576 1632 2645 παρά
1658 2580 1768 2642 τοῖς

216 2662 569 2734 διακριτικοίς
601 2663 709 2717 τῶν
751 2664 1001 2736 πατέρων
1044 2666 1101 2739 έν
1129 2668 1193 2735 τῇ
1223 2664 1333 2718 τῶν
1364 2666 1506 2719 ὀκτὼ
1538 2666 1724 2721 ἁλύσει
1750 2685 1763 2699 ·

216 2755 273 2807 ὃν
314 2755 644 2827 συμμέτρως
694 2756 1134 2827 ἀποπεράναντες
1188 2756 1365 2824 λέγειν
1406 2750 1600 2810 λοιπὸν
1639 2759 1768 2828 περὶ

218 2846 568 2916 ἀναισθησίας
608 2844 937 2917 βουλόμεθα,
976 2845 1051 2909 ὡς
1082 2846 1267 2917 τρίτης
1299 2847 1643 2917 ὖπαρχςάσης
1669 2848 1768 2918 τῆς

219 2937 273 2989 ἐν
300 2938 508 3005 γενέσει
534 2936 807 3007 δευτέρας,
857 2934 975 3006 μεθ’
1003 2937 1070 3006 ἢν
1100 2935 1279 2989 λοιπὸν
1311 2937 1404 2990 καὶ
1443 2939 1569 3009 περὶ
1602 2936 1766 2991 ὕπνου

218 3028 307 3081 καὶ
334 3026 638 3099 ἀγρυπνίας
655 3042 670 3057 °
702 3027 763 3080 οὐ
797 3025 901 3098 μὴν
926 3025 983 3080 δὲ
1011 3024 1143 3080 ἀλλά
1170 3024 1262 3079 xa't
1288 3026 1415 3095 περὶ
1439 3026 1537 3096 τῆς
1564 3025 1769 3096 νηπιιίι-

217 3119 331 3182 δους
357 3122 454 3174 καὶ
482 3118 743 3189 ἀνάνδρου
772 3118 991 3185 δειλίας,
1021 3117 1226 3188 βραχέα
1247 3116 1587 3188 διαλάϐωμεν
1614 3134 1630 3149 ο
1658 3120 1769 3171 ela—

218 3210 504 3279 αγωγικῶν
536 3208 642 3282 γὰρ
671 3208 739 3263 τά
770 3208 989 3264 τοιαῦτα
1020 3210 1319 3279 νοσήματα.

1863 2036 1969 2075 ηοη
2040 2019 2462 2089 perturbaretur.
2520 2018 2758 2073 Avaritia
2818 2027 2900 2073 est
2951 2026 3005 2071 et
3070 2019 3266 2073 dicitur
3309 2035 3429 2073 om-

1864 2112 2011 2165 nium
2057 2110 2317 2163 malorum
2361 2109 2534 2171 radix,
2591 2124 2711 2179 qua:
2755 2108 2897 2172 odia,
2950 2108 3110 2169 furta,
3148 2109 3426 2175 invidiam,

1867 2201 2119 2264 divortia,
2150 2198 2480 2264 inimicitias,
2516 2199 2979 2268 perturbationum
3020 2199 3303 2268 procellas,
3342 2201 3428 2252 in-

1864 2278 2130 2361 juriarum
2174 2289 2486 2353 memorias,
2525 2290 2996 2351 inhumanitatem,
3026 2299 3078 2343 et
3108 2290 3278 2345 caedes
3328 2289 3425 2343 de—

1870 2385 2034 2453 nique
2067 2397 2253 2437 creare
2299 2382 2455 2436 solet.
2501 2381 2603 2435 Per
2661 2383 2913 2451 exiguum
2955 2382 3247 2451 igniculum
3314 2399 3427 2435 ma-

1869 2491 1971 2547 gna
1992 2489 2132 2544 saepe
2158 2473 2291 2529 silva
2322 2481 2515 2528 exusta
2528 2481 2632 2537 est,
2657 2483 2703 2527 et
2723 2489 2816 2542 per
2836 2474 3080 2542 exiguam
3099 2488 3429 2542 parvamque

1870 2568 2123 2621 virtutem
2158 2566 2309 2619 multi
2344 2566 2523 2619 omnia
2554 2568 2832 2633 praesentia
2867 2582 2988 2635 quae
3029 2565 3287 2628 diximus,
3344 2565 3429 2617 vi-

1870 2658 1941 2713 tia
1977 2657 2292 2727 effugerunt.
2330 2654 2454 2710 llaec
2489 2668 2777 2724 paupertas
2822 2666 2967 2710 recte
2993 2656 3278 2724 appellatur
3318 2668 3429 2707 om-

1872 2750 2015 2837 nium
2042 2747 2305 2801 malarum
2336 2747 2691 2815 cupiditatum
2732 2747 2981 2815 privatio,
3020 2761 3183 2813 quam
3222 2746 3427 2814 peperit

1871 2836 2065 2895 divinae
2096 2838 2417 2909 cognitionis
2474 2846 2664 2906 gustus
2713 2846 2764 2890 et
2803 2852 2953 2900 usus,
2981 2846 3142 2905 atque
3200 2836 3428 2889 rationis

1872 2932 1925 2986 in
1957 2938 2136 2986 morte"
2165 2930 2447 2985 reddendae
2488 2928 2814 2982 sollicitudo.
2862 2925 2978 2981 Non
3034 2927 3291 2997 ignoratis
3333 2926 3426 2994 qui

1872 3039 1993 3079 cum
2028 3021 2315 3076 attentione
2342 3020 2467 3089 legit
2494 3027 2746 3088 quartum
2786 3017 3055 3073 decimum
3094 3024 3274 3085 caput
3329 3031 3426 3068 seu

1874 3113 2096 3184 gradum
2131 3110 2196 3165 de
2222 3111 2347 3183 gula
2378 3110 2619 3164 onmium
2679 3107 2944 3162 malorum
3007 3117 3244 3176 parente,
3309 3120 3430 3173 quae

1791 3205 1833 3262 C
1868 3206 1919 3259 in
1948 3203 2190 3274 improba
2242 3213 2296 3257 et
2341 3210 2620 3256 exsecrata
2668 3214 2763 3254 sua
2814 3198 3068 3267 progenie
3124 3194 3427 3259 allirmavit,

217 3303 374 3374 258
405 3304 701 3358 secundam
742 3318 895 3357 suam
941 3303 1142 3373 prolem
1182 3316 1302 3356 esse
1357 3313 1579 3353 saxeum
1632 3300 1797 3353 animi
1845 3306 2143 3367 stuporem,
2190 3296 2277 3349 cui
2345 3293 2635 3362 quominus
2669 3305 2824 3343 suum
2865 3289 3039 3342 locum
3094 3288 3297 3347 darem,
3344 3285 3429 3335 in-

219 3396 463 3451 tercessit
503 3395 791 3464 nmltieeps
822 3394 986 3448 draco
1020 3403 1074 3447 et
1100 3393 1367 3447 idolorum
1432 3388 1623 3443 cultrix
1676 3390 1899 3443 avaritia
1954 3405 1967 3439 :

218 3491 400 3548 Patres
438 3494 493 3546 in
549 3492 639 3546 illa
669 3501 793 3546 octo
824 3490 1080 3547 vitiorum
1117 3488 1256 3544 serie
1277 3498 1330 3542 et
1367 3495 1556 3541 catena
1610 3485 1904 3555 occuparit,
1959 3481 2161 3536 nescio.
2190 3478 2301 3532 Sed
2354 3476 2631 3531 avaritiam
2684 3487 2807 3527 cum
2859 3471 3201 3527 mediocriter
3255 3468 3426 3537 expli-

223 3585 544 3650 mverimus,
585 3582 841 3651 deinceps
886 3581 953 3636 de
1012 3580 1104 3635 illo
1146 3580 1309 3635 animi
1362 3593 1583 3654 stupore
1642 3577 1819 3629 dicere
1858 3571 2164 3649 statuimus,
2211 3567 2396 3637 utqui
2442 3565 2630 3619 tertius
2676 3563 2730 3618 in
2764 3562 2971 3654 ordine,
3010 3560 3100 3654 sed
3141 3558 3432 3630 propagine

222 3677 492 3733 secundus
537 3684 640 3731 est.
666 3673 794 3728 Post
833 3666 991 3743 quem
1018 3672 1085 3728 de
1130 3688 1325 3728 somno
1372 3683 1433 3729 et
1458 3652 1684 3741 Vvigilia,
1725 3677 1932 3720 necnon
1966 3659 2032 3715 de
2072 3658 2261 3732 puerili
2298 3666 2350 3713 et
2379 3657 2643 3726 degenere
2703 3656 2895 3710 timore
2950 3652 3183 3707 breviter
3229 3659 3432 3704 tracta-

221 3769 416 3835 bimus,
452 3785 574 3841 quae
603 3778 730 3824 sunt
753 3769 883 3822 vitia
932 3778 986 3822 et
1050 3769 1220 3822 morbi
1276 3768 1590 3838 plerumque
1628 3764 1891 3819 tironum.

299 3863 789 3920 Ἑπτακαιδέκατον
815 3857 976 3917 ἆθλον
1003 3864 1032 3917 δ
1060 3863 1415 3934 κτησάμενος,
1445 3863 1582 3933 πρὸς
1608 3860 1771 3930 οὐρα·

222 3960 305 4015 νὺν
336 3958 514 4021 ἀθλως
541 3955 831 4026 ὁδοιπορεῖ.

598 4212 847 4274 ΣΧυΛῐΑ
875 4218 982 4273 ΕΙΣ
1011 4214 1235 4272 ΛΟΓΟΝ
1263 4212 1353 4273 1Ζ’.

695 4357 831 4426 Περὶ
860 4341 1301 4426 ἁκτημοσύνῄς.

822 4469 1072 4537 Σχόλιον
1099 4474 1168 4521 α’.

303 4564 683 4639 ’Δκτημοσύνη
729 4562 845 4615 ἐστὶ
882 4558 1043 4630 νοητὴ
1066 4598 1082 4623 ,
1129 4559 1163 4629 η
1202 4560 1477 4623 παντελῶς
1517 4558 1771 4625 ἀπάθεια,

178 4690 179 4693 η
227 4658 342 4713 καθ’
368 4660 436 4730 ἢν
462 4656 752 4726 γενόμενος
781 4651 811 4704 ὁ
837 4648 959 4713 νοῦς
983 4649 1251 4719 ἀναχωρεῖ
1278 4647 1385 4701 τῶν
1418 4648 1668 4704 ἐνταῦθα.

573 4853 765 4908 Ἀλλο
790 4850 898 4905 τοῦ
933 4848 1100 4917 ἁγίου
1130 4844 1420 4915 Μαξίμου.

304 4948 593 5020 ’Δκτήμων
627 4942 773 4997 ἐστὶν
810 4943 839 4994 δ
865 4939 1272 5010 ἀποταξάμενος
1304 4939 1436 4989 πᾶσι
1464 4934 1575 4998 τοῖς
1604 4934 1776 5005 ὐπάρ-

230 5060 406 5113 χουσιν
438 5034 609 5108 αὐτῷ,
644 5032 738 5086 καὶ
768 5031 932 5102 μηδὲν
966 5030 1027 5111 τὸ
1059 5030 1272 5084 σύνολον
1300 5028 1392 5081 ἐπὶ
1417 5027 1514 5098 τῆς
1546 5024 1651 5095 γῆς
1682 5042 1773 5078 κε-

229 5130 512 5199 κτημένος,
558 5122 701 5193 πλὴν
726 5118 820 5172 τοῦ
852 5117 1117 5199 σώματος,
1150 5118 1244 5172 κα)⁸
1277 5117 1375 5187 τεὴν
1401 5115 1535 5187 πρὸς
1565 5113 1694 5165 αὐτὸ
1719 5113 1774 5166 δὲ

230 5219 406 5288 σχέσιν
431 5212 750 5288 διαρρήξας,
777 5208 857 5280 τῷ
880 5202 997 5280 Θεῷ
1022 5211 1241 5274 καὶτοῖς
1264 5207 1507 5262 εὐσεϐέσι
1530 5206 1625 5274 τὴν
1647 5206 1772 5259 ἐαυ-

229 5309 316 5363 τοῦ
351 5311 775 5362 κατεπίστευσεν
805 5301 1130 5372 οἰκονομίαν.

828 5393 935 5452 Τοῦ
967 5394 1171 5449 αὐτοῦ.

280 5493 361 5545 ·⁴0
394 5491 496 5561 μὲν
535 5492 651 5553 τοῖς
696 5482 1010 5559 πράγμασιν
1056 5484 1457 5555 ἀποταξάμενος
1485 5524 1500 5549 ,
1549 5474 1658 5533 οἷον
1702 5482 1769 5551 τῇ

230 5585 456 5655 γυναικὶ,
493 5584 593 5636 καὶ
634 5584 744 5645 τοῖς
773 5581 1032 5652 χρήμασι,
1063 5578 1155 5631 καὶ
1194 5580 1304 5641 τοῖς
1336 5577 1493 5647 ἑξῆς,
1539 5574 1629 5627 τὸν
1667 5572 1771 5639 ἔξω

230 5678 503 5747 ἄνθρωπον
536 5672 759 5742 ἐποίησε
798 5672 1023 5744 μοναχὸν
1047 5713 1063 5737 ,
1111 5667 1261 5724 οὔπω
1290 5669 1346 5723 δὲ
1377 5669 1469 5724 καὶ
1502 5668 1591 5721 τὸν
1622 5665 1728 5718 ἔσω
1752 5681 1765 5695 ·

232 5767 257 5819 ὁ
283 5767 337 5821 δὲ
363 5767 474 5830 τοῖς
501 5761 708 5817 τούτων
731 5762 1000 5832 ὲμπαθέσι
1028 5762 1277 5831 νοήμασι,
1306 5760 1397 5815 τὸν
1431 5760 1537 5812 ἔσω
1566 5756 1773 5827 ἀνθρω-

231 5871 347 5925 πον,
372 5856 431 5922 ὃς
458 5856 608 5910 ἐστιν
635 5852 666 5908 ὁ
690 5848 812 5916 νοῦς
832 5866 848 5884 ο
894 5850 1095 5905 καὶτὸν
1124 5849 1224 5922 μὲν
1250 5848 1353 5916 ἔξω
1376 5847 1657 5921 ἄνθρωπον
1685 5846 1773 5899 εὑ-

1947 3848 2246 3918 Septimum
2292 3845 2561 3900 decimum
2615 3841 2929 3897 certaminis
2970 3840 3250 3910 praemi-um
3300 3841 3430 3894 ade-

1873 3952 1999 4012 ptus
2025 3939 2091 3992 ad
2118 3938 2313 3992 coelum
2336 3934 2733 4006 quodammodo
2792 3932 2910 3987 sine
2932 3947 2990 3986 re
3054 3939 3261 3986 terrena
3312 3946 3430 4000 pro-

1874 4032 2154 4090 ﬁciscitur.

2217 4197 2507 4254 SCHOLIA
2528 4196 2616 4250 AD
2640 4195 2921 4251 GRADUM
2946 4194 3110 4250 XVII.

2291 4335 2365 4389 De
2398 4342 2712 4405 paupertate
2766 4332 3009 4401 spiritus.

2482 4446 2728 4503 Scholion
2762 4447 2813 4502 1.

1945 4542 2240 4613 Paupertas
2288 4550 2371 4596 est
2418 4540 2641 4595 omnino
2675 4541 2907 4609 perlecta
2949 4538 3111 4591 animi
3166 4538 3429 4607 tranquil-
3471 4607 3475 4610 φ

1878 4636 2021 4698 litas,
2061 4648 2224 4703 quam
2272 4640 2555 4687 assecutus
2618 4631 2831 4685 animus
2897 4644 3119 4698 prorsus
3186 4646 3216 4683 a
3270 4631 3428 4684 rebus

1806 4748 1851 4804 ι)
1879 4726 2230 4801 praesentibus
2281 4724 2506 4782 recedit.

2326 4834 2485 4887 Aliud
2514 4834 2685 4887 sancti
2729 4830 2977 4886 Maximi.

1947 4929 2040 4984 Ille
2066 4926 2196 4981 nihil
2221 4925 2459 4996 possidet
2487 4933 2539 4979 et
2589 4940 2711 4979 vere
2734 4939 2936 4994 pauper
2966 4938 3067 4990 est,
3106 4926 3195 4995 qui
3222 4938 3277 4979 se
3308 4938 3427 4977 om-

1874 5022 2035 5078 nibus
2066 5019 2180 5074 suis
2217 5017 2374 5073 bonis
2406 5017 2693 5079 abdicavit,
2726 5026 2780 5071 et
2824 5018 2957 5072 nihil
2993 5032 3209 5088 prorsus
3235 5015 3286 5068 in
3317 5024 3427 5069 ter-

1875 5130 1933 5168 ra
1969 5112 2235 5184 possidet,
2265 5118 2458 5180 praater
2496 5123 2692 5177 corpus
2734 5127 2747 5162 :
2792 5110 2992 5180 quique
3031 5122 3239 5161 omnem
3279 5108 3340 5159 ad
3378 5109 3429 5160 id

1879 5205 2210 5259 all‘ectionem
2253 5200 2482 5268 abrupit,
2536 5198 2751 5271 Deoque
2775 5212 2827 5256 et
2871 5198 3133 5269 religiosis
3190 5201 3434 5269 patribus

1880 5310 2065 5352 curam
2104 5293 2223 5346 vitze
2248 5292 2538 5345 commisit.

2432 5383 2590 5437 Aliud
2626 5384 2875 5453 ejusdem.

1944 5476 2045 5545 Qui
2084 5476 2244 5531 rebus
2290 5474 2542 5530 humanis
2577 5490 2633 5529 se
2655 5475 2942 5538 abdicavit,
3005 5474 3159 5528 uxori
3216 5488 3426 5541 nempe,

1876 5572 2087 5641 opibus,
2118 5576 2170 5622 et
2200 5567 2301 5620 hoc
2365 5583 2537 5637 genus
2588 5566 2726 5631 aliis,
2774 5565 3093 5619 exteriorem
3156 5563 3425 5617 hominem

1876 5661 2005 5717 fecit
2033 5658 2640 5725 mnnachum,nondum
2689 5666 2869 5711 autem
2934 5657 3259 5711 interiorem.
3323 5655 3427 5719 Qui

1876 5764 2052 5807 autem
2083 5749 2332 5805 allectum
2380 5752 2538 5805 etiam
2568 5748 2733 5802 animi
2766 5758 2817 5804 et
2867 5747 3247 5817 cogitationum
3300 5762 3428 5815 erga

1876 5840 2093 5899 easdem
2128 5854 2213 5896 res
2246 5839 2417 5906 exuit,
2463 5838 2549 5893 ille
2579 5837 2740 5896 etiam
2794 5838 3099 5897 interiorem
3152 5836 3430 5896 hominem

2018 3386 2233 3440 tertium
2292 3383 2468 3436 locum
2521 3394 2627 3449 qua
2683 3378 2889 3431 ratione
2941 3376 3078 3446 apud
3142 3375 3429 3445 prudentes
3519 3393 3527 3404 ι
