4030 6342
549 439 653 503 931

1797 438 1850 496 S.
1886 437 2200 499 JOANNIS
2225 439 2526 501 CLIMACI

3666 435 3787 498 932

551 547 780 603 mutavit
803 545 860 600 in
886 543 1235 606 monachum,
1271 543 1363 612 qui
1392 550 1477 598 est
1504 541 1740 600 animus.
1768 541 1834 596 Et
1852 559 1959 612 qua
2011 557 2108 597 ex-

2227 545 2378 608 ιόλως
2415 563 2499 610 τις
2543 545 2687 598 ποιεῖ
2735 543 2984 614 μοναχὸν,
3036 544 3197 614 μόνον
3241 545 3336 599 ὲάν
3381 545 3580 618 θελήσῃ
3603 587 3621 610 ,
3668 549 3783 600 οὐκ

553 641 753 694 teriora
781 636 940 692 facile
969 636 1093 706 quis
1118 634 1443 689 monachum
1500 633 1712 697 induat,
1755 632 1920 686 modo
1960 633 2110 698 velit,

552 730 718 800 259
749 728 840 784 sed
867 727 1175 781 interiorem
1198 725 1469 779 hominem
1504 724 1558 778 in
1583 723 1910 779 monachum
1943 732 2116 780 trans-

553 821 814 886 tortnare,
852 817 955 874 hoc
980 831 1140 887 opus,
1175 815 1262 869 hic
1292 815 1442 868 labor
1469 822 1573 869 est.

1176 903 1420 959 Scholion
1446 905 1501 958 2.

629 999 803 1054 Altius
835 997 1092 1066 intellige,
1119 1007 1172 1050 et
1201 995 1444 1049 volucres
1481 993 1603 1048 cteli
1643 993 1994 1063 interpretare
2018 1007 2115 1049 eos

555 1091 648 1160 qui
677 1087 1116 1158 contemplationi
1147 1086 1366 1149 addicti,
1407 1086 1678 1156 rebusque
1718 1086 1972 1140 omnibus
2002 1085 2107 1139 lin-

559 1182 733 1236 manis
769 1189 824 1234 et
859 1178 1207 1247 secularibus
1234 1177 1406 1231 turbis
1455 1176 1668 1245 penitus
1692 1175 1946 1243 abdicati,
1993 1187 2113 1231 tau-

555 1279 671 1327 tttm
702 1268 899 1323 divinis
921 1277 974 1322 et
999 1265 1310 1322 caelestibus
1352 1265 1534 1319 animo
1566 1276 1695 1320 sunt
1720 1265 1929 1320 intenti.

1182 1421 1434 1476 Scholion
1469 1421 1524 1477 3.

631 1512 759 1568 Sive
790 1513 946 1584 gulte,
988 1509 1144 1582 cuius
1193 1511 1266 1565 ibi
1311 1512 1534 1566 alteram
1594 1507 1800 1580 prolem
1842 1509 2125 1580 appellavit

561 1605 817 1661 duritiem
848 1603 1048 1668 cordis,
1078 1604 1165 1659 hic
1207 1603 1452 1657 eamdem
1487 1612 1642 1656 vocat
1684 1613 1960 1671 stuporem
1999 1617 2126 1655 sen-

560 1716 718 1754 suutn
761 1713 856 1752 seu
899 1696 1114 1757 mentis,
1151 1709 1262 1764 quo
1297 1694 1565 1764 signiﬁcat
1611 1694 1750 1748 idem
1789 1707 1910 1749 esse
1957 1692 2122 1747 animi

563 1804 837 1859 Stuporem
866 1800 920 1842 et
946 1786 1198 1840 duritiem
1229 1785 1430 1840 cordis.

1083 1953 1366 2012 GRADUS
1400 1952 1588 2008 XVIII.

563 2053 640 2107 De
683 2051 970 2107 insensibili
1013 2049 1199 2102 utentis
1247 2056 1454 2112 stupore
1500 2061 1589 2098 seu
1626 2043 1819 2125 duritie
1861 2052 1911 2097 et
1960 2053 2123 2097 morte

903 2134 1094 2173 αι.ιιιιω
1120 2126 1238 2169 ante
1268 2125 1484 2167 mortem
1508 2130 1764 2181 corpora.

640 2216 842 2283 Stupor
868 2225 1127 2266 sensuum
1180 2218 1288 2262 tam
1317 2207 1371 2260 in
1398 2220 1624 2276 corpore
1644 2219 1803 2275 quam
1831 2202 2018 2273 spiritu
2042 2209 2125 2256 est

566 2314 820 2362 mortuus
849 2317 1063 2365 sensus,
1095 2299 1187 2371 qui
1216 2314 1281 2354 ex
1325 2298 1583 2352 diuturno
1617 2297 1825 2358 morbo,
1861 2303 1915 2349 et
1955 2293 2123 2361 negli-

564 2395 745 2467 gentia
780 2393 832 2446 in
872 2401 1142 2460 stuporem
1176 2401 1433 2441 sensuum
1479 2383 1694 2438 desinit.
1736 2380 2025 2436 lndolentia
2045 2389 2128 2434 est

570 2487 897 2558 negligentia
930 2499 1052 2554 qua:
1087 2483 1140 2536 in
1165 2496 1321 2535 usum
1361 2489 1412 2533 et
1468 2477 1709 2532 habitum
1747 2475 1915 2538 venit,
1941 2482 2127 2542 torpor

565 2581 784 2650 quidam
827 2577 1040 2638 mentis,
1090 2571 1526 2643 praesumptionis
1573 2578 1794 2639 partus,
1839 2564 2128 2620 alacritatis

567 2671 804 2742 pedicas,
855 2667 1098 2740 generosi
1160 2663 1325 2718 animi
1385 2663 1643 2732 laqueus,
1699 2655 2128 2728 compunctionis

569 2761 899 2831 ignorantia,
923 2759 1086 2828 janua
1131 2753 1545 2824 desperationis,
1575 2749 1863 2804 oblivionis
1893 2761 2126 2817 parens;

568 2863 731 2923 quam
754 2850 844 2904 tibi
872 2847 1156 2918 pepererit,
1196 2847 1308 2914 ipsa
1339 2851 1462 2896 nata
1491 2841 1549 2895 lit
1578 2849 1750 2895 mater
1778 2852 1889 2893 sum
1918 2838 2125 2900 matris,

570 2957 692 3011 qure
728 2942 976 2994 timorem
1020 2935 1228 2989 Domini
1283 2932 1498 3002 penitus
1529 2929 1786 2984 excludit.
1833 2927 2131 2998 Religiosus

571 3034 819 3104 stupidus
843 3042 896 3086 et
925 3043 1208 3094 exsensus,
1246 3036 1300 3082 et
1319 3025 1518 3080 stultus
1543 3021 1900 3093 philosophus
1918 3020 2009 3090 qui
2033 3019 2131 3074 do-

571 3124 742 3178 cendo
781 3121 1016 3190 seipsum
1056 3119 1420 3180 condemnat;
1459 3121 1641 3166 orator
1685 3111 1777 3181 qui
1811 3119 1996 3164 contra
2043 3123 2131 3164 se-

2218 636 2396 706 ὀλίγος
2413 636 2478 719 Δδὲ
2504 634 2673 704 ἀγὼν,
2703 635 2794 688 τὸν
2821 636 2930 688 ἔσω
2958 633 3241 706 ἄνθρωπον
3269 639 3491 693 ποιῆσαι
3515 638 3760 708 μοναχόν

2828 895 3080 964 Σχόλιον
3106 893 3169 966 β’.

2286 977 2498 1056 Νόησον
2543 984 2899 1057 ὑψηλότερον,
2947 987 3166 1040 πετεινά
3218 987 3448 1061 ούρανοῦ
3497 990 3625 1052 τοὺς
3669 988 3786 1060 τὴν

2219 1076 2553 1149 θεωρητικήν
2611 1077 2891 1147 μετιόντας
2955 1077 3299 1145 φιλοσοφίαν,
3355 1081 3450 1133 καὶ
3515 1081 3616 1151 τῆς
3670 1082 3786 1151 μὲν

2221 1167 2486 1236 κοσμικῆς
2511 1167 2742 1236 σχέσεως
2770 1168 2863 1219 καὶ
2884 1165 3086 1236 τύρϐης
3113 1167 3550 1238 ἀπεξενωμένους
3568 1171 3784 1224 παντάο

2220 1275 2376 1320 πασι,
2425 1257 2559 1326 πρὸς
2609 1257 2745 1327 μόνα
2789 1257 2846 1311 δὲ
2888 1257 3004 1312 θεῖα
3053 1260 3144 1312 καὶ
3182 1261 3476 1333 ἐπουράνια
3515 1265 3606 1316 τὸν
3649 1263 3785 1317 νοῦν

2221 1349 2684 1414 ὲπανατείνοντας.
2824 1422 2872 1473 Σ
2911 1420 2983 1474 όλ

2876 1437 2909 1474 1

2872 1427 3080 1489 χόλων
3106 1427 3176 1489 γ’.

2297 1509 2498 1576 ’Ῑίγουν
2525 1508 2621 1579 τῆς
2641 1474 3099 1580 γάπριμαργίας,
3117 1474 3203 1580 ¹ἧς
3225 1511 3489 1579 ἀπόγονον
3516 1512 3633 1566 ἐκεῖ
3655 1513 3787 1566 δεύ-

2222 1615 2377 1668 τερον
2419 1599 2689 1669 ὀνομάσας
2733 1600 2832 1671 τὴν
2879 1601 3216 1672 σκληρότητα
3261 1603 3358 1672 τῆς
3390 1604 3634 1676 καρδίας,
3678 1605 3786 1658 νῦν

2223 1689 2579 1759 ἀναισθησίαν
2625 1691 2772 1759 λέγει
2812 1693 3012 1764 ταύτην
3049 1694 3126 1756 ὡς
3157 1693 3257 1763 τῆς
3294 1695 3645 1766 ἀναισθησίας
3681 1701 3788 1751 καὶ

2153 1782 2194 1838 Β
2221 1785 2320 1852 τῆς
2351 1783 2713 1854 σκληρότητος
2739 1785 2801 1837 τὸ
2824 1786 2954 1838 αύτὺ
2987 1781 3373 1856 σημαινούσης.

2827 1956 3041 2008 ΛΟΓΟΣ
3077 1957 3182 2011 1Η’.

2220 2044 2361 2114 Περὶ
2391 2045 2799 2117 ἀναισθησίας
2819 2046 3007 2117 ἤγουν
3036 2046 3377 2117 καρώσεως
3410 2046 3638 2117 ψυχῆς.
3676 2051 3786 2104 καί

2412 2115 2667 2170 θανάτου
2704 2116 2845 2180 νοὸς
2872 2116 2984 2185 πρὸ
3015 2116 3270 2170 θανάτου
3296 2115 3565 2187 σώματος

2304 2206 2653 2278 Ἀναισθησία
2681 2209 2776 2261 καὶ
2807 2208 2900 2260 ἐπὶ
2943 2207 3204 2279 σωμάτων
3233 2209 3310 2278 (I)
3355 2209 3448 2264 καὶ
3480 2210 3577 2264 ἐπὶ
3608 2227 3788 2264 πνευ-

2227 2297 2410 2368 μάτων
2443 2299 2588 2352 ἐστὶν
2625 2300 2999 2370 νενεκρωμένη
3041 2297 3308 2368 αἴσθησις,
3350 2301 3415 2354 ὲκ
3444 2299 3663 2370 χρονίας
3690 2301 3792 2353 νό-

2226 2405 2320 2440 σου
2343 2428 2358 2452 ,
2411 2387 2507 2442 καὶ
2553 2388 2811 2458 ἀμελείας
2862 2390 2942 2452 είς
2999 2390 3355 2460 ἀναισθησίαν
3404 2389 3789 2461 καταλήξασα.

2237 2478 2565 2549 Ἀναλγησία
2595 2480 2713 2531 ἐστὶ
2742 2478 3090 2549 πεποιωμένη
3133 2479 3382 2548 ἀμέλεια,
3412 2479 3667 2552 ναρκῶσα
3698 2479 3794 2532 ἔν-

2225 2585 2382 2624 νοιαι
2433 2568 2750 2640 προλήψεως
2781 2569 3048 2638 γέννημα,
3088 2568 3392 2638 προθυμίας
3436 2569 3632 2637 παγὶς,
3681 2570 3790 2622 άν-

2225 2662 2404 2731 δρείας
2455 2661 2644 2732 βρόχος
2668 2675 2683 2689 °
2746 2659 3082 2724 κατανύξεως
3125 2659 3314 2726 ἄγνοια
3338 2673 3352 2688 ⁸
3417 2659 3792 2728 ἀπογνώσεως

2226 2753 2386 2824 θύρα,
2428 2752 2595 2822 λήθης
2625 2752 2804 2822 μήτηρ
2835 2751 2935 2821 (‘2),
2976 2751 3070 2804 καὶ
3101 2750 3238 2822 μετὰ
3267 2751 3423 2804 τόκον
3460 2749 3663 2821 μητρὸς
3702 2753 3790 2803 oi-

2233 2843 2387 2906 κείας
2435 2843 2648 2914 μήτηρ,
2700 2841 2968 2912 διάκρισις
3012 2840 3178 2910 φόϐου
3214 2856 3230 2871 ο
3285 2840 3583 2911 ἀνάλγητός
3633 2841 3794 2893 ἐστιν

2227 2933 2414 3004 ἄφρων
2429 2932 2713 3001 φιλόσοφος
2733 2933 3184 3002 αὐτοκατάκριτος
3205 2933 3472 3005 ἐξηγητής
3493 2950 3507 2965 ·
3530 2932 3796 2987 αύτεναν-

2227 3025 2338 3087 tios
2361 3023 2636 3092 φιλολόγος
2660 3024 2756 3093 (3),
2773 3023 2966 3092 τυφλὸς
2989 3021 3300 3086 διδάσκαλος
3318 3024 3412 3078 τοῦ
3436 3024 3650 3094 βλέπειν
3667 3025 3788 3096 (4):

2229 3132 2295 3168 πε
2305 3115 2356 3186 pl
2377 3115 2475 3185 τῆς
2492 3113 2583 3168 τοῦ
2605 3114 2911 3186 τραύματος
2934 3115 3139 3183 ὑγιείας
3160 3113 3486 3183 διαλέγεται,
3511 3115 3793 3170 καὶτοῦτο

571 3209 749 3278 ipsum
793 3221 1010 3263 causam
1043 3205 1379 3275 agit;c:eeus
1399 3201 1607 3255 videndi
1631 3198 2129 3267 medicus;doctor,

2232 3207 2537 3278 ὲπικνήθων
2583 3206 2642 3260 οὐ
2693 3204 2946 3271 παύεται,
2984 3207 3125 3260 κάτά
3162 3205 3256 3260 τοῦ
3288 3206 3497 3270 πάθους
3545 3209 3792 3279 φθέγγεο

570 3303 665 3370 qni
700 3300 765 3354 de
803 3299 1026 3352 vulnere
1057 3295 1299 3352 curando
1335 3294 1589 3364 disputat,
1641 3301 1694 3346 et
1723 3292 1918 3346 vulnus
1946 3290 2124 3361 ipsum

574 3390 791 3446 interim
839 3389 1144 3444 refricando
1184 3387 1495 3442 exulcerare
1529 3401 1635 3438 non
1685 3391 1884 3439 cessat.
1929 3382 2128 3438 Contra

577 3481 827 3535 morbum
864 3479 1098 3542 disserit,
1133 3487 1186 3530 et
1225 3479 1340 3546 ipse
1393 3476 1462 3530 ab
1502 3475 1680 3529 noxiis
1720 3474 1855 3528 cibis
1892 3487 1998 3526 non
2029 3473 2130 3526 ab-

575 3570 741 3623 stinet
775 3587 790 3624 :
819 3576 1005 3622 contra
1046 3565 1206 3636 260
1249 3580 1308 3620 se
1347 3565 1694 3635 deprecatur,
1747 3571 1800 3616 et
1841 3560 2022 3616 statim
2063 3560 2131 3614 ad

576 3673 795 3730 pravam
844 3657 1033 3725 agendi
1084 3655 1527 3710 consuetudinem
1572 3652 1897 3706 revertitur:
1933 3651 1986 3705 in
2023 3666 2129 3721 qua

577 3752 706 3806 dum
731 3757 998 3814 versatur,
1027 3756 1217 3800 contra
1252 3747 1489 3815 Seipsnm
1532 3745 1858 3812 indignatur,
1892 3749 1947 3797 et
1971 3755 2132 3810 super

578 3843 695 3898 suis
731 3840 911 3896 verbis
950 3840 1133 3895 inlelix
1175 3854 1281 3893 non
1331 3837 1619 3891 erubescit.
1670 3833 1805 3888 Male
1839 3833 1993 3900 facio,
2018 3835 2132 3888 ela-

579 3944 715 4000 mat,
755 3934 808 3987 in
839 3932 1046 3988 facinus
1081 3941 1259 3985 tamen
1289 3930 1520 4000 graviter
1547 3925 1829 3980 incumbit.
1860 3924 1968 3981 Ore
1998 3939 2132 3978 eon-

579 4035 664 4081 tra
693 4039 753 4079 se
782 4031 1054 4093 precatur,
1110 4035 1340 4090 corpore
1371 4035 1468 4089 pro
1505 4034 1563 4073 se
1590 4018 1818 4072 laborat.
1867 4016 1940 4070 De
1959 4026 2133 4071 morte

580 4115 1014 4186 philosophatur,
1064 4121 1119 4166 et
1169 4110 1283 4179 ipse
1316 4119 1374 4163 ut
1410 4108 1732 4162 immortalis
1767 4117 1850 4161 est
1890 4106 2130 4160 eﬂ'eetus.

585 4209 659 4261 De
681 4207 1009 4277 migratione
1041 4206 1160 4258 vitae
1189 4202 1511 4273 ingemiscit,
1553 4209 1608 4254 et
1636 4201 1748 4268 ipse
1791 4198 1936 4252 velut
1979 4207 2133 4252 teter-

525 4357 528 4360 ,
583 4311 687 4352 nus
726 4295 939 4350 futurus
976 4296 1252 4350 dormitat.
1304 4295 1375 4348 De
1426 4291 1749 4347 abstinentia
1781 4291 2050 4354 dissertat,
2081 4296 2135 4342 et

584 4390 722 4459 gulae
753 4389 1014 4457 genioque
1051 4385 1348 4439 liberaliter
1391 4384 1646 4452 indulget.
1695 4380 1922 4436 Lectitat
1945 4381 2012 4434 de
2036 4395 2134 4433 ex-

586 4475 1005 4546 tremojudicio,
1039 4483 1094 4530 et
1128 4474 1406 4528 subridere
1459 4472 1682 4540 incipit;
1721 4469 1789 4524 de
1831 4469 2132 4523 vana'item

2223 3317 2318 3353 ται
2339 3298 2417 3369 (5)
2445 3312 2460 3327 ·
2494 3299 2588 3351 καὶ
2614 3298 2682 3352 τὰ
2711 3297 3008 3369 βλάπτοντα
3036 3297 3227 3352 ἐσθίων
3257 3297 3318 3352 ού
3357 3299 3583 3355 παύεται
3607 3317 3624 3333 ο
3659 3302 3795 3356 κατ’

2226 3389 2392 3444 αὑτοῦ
2423 3388 2803 3462 προσεύχεται,
2834 3388 2927 3444 καὶ
2949 3388 3150 3453 εύθέως
3177 3389 3270 3444 ἐπὶ
3299 3390 3398 3461 τήν
3421 3390 3587 3446 αὐτοῦ
3615 3393 3796 3464 ἔργα-

2229 3484 2350 3538 σίαν
2377 3483 2666 3552 πορεύεται
2689 3499 2706 3515 ο
2753 3482 2850 3536 ἐπὶ
2884 3485 2950 3555 τῇ
2977 3481 3167 3535 τούτου
3195 3483 3430 3555 ἐργασίᾳ
3457 3484 3580 3538 κατ’
3611 3485 3794 3540 αὑτοῦ

2227 3574 2502 3647 ὀργίζεται
2523 3588 2542 3605 ο
2583 3574 2677 3628 καὶ
2701 3575 2826 3637 τοὺς
2853 3572 3044 3629 ἑαυτοῦ
3072 3572 3261 3652 λόγους
3283 3575 3384 3629 οὐκ
3411 3574 3728 3646 αἰσχύνεται
3762 3580 3796 3631 ὀ

2228 3667 2413 3731 τάλας.
2456 3665 2658 3730 Κακῶς
2689 3665 2932 3737 πράττω,
2963 3664 3080 3738 βοᾷ,
3113 3665 3208 3720 καὶ
3243 3663 3536 3737 προθύμως
3569 3668 3794 3722 ἐπίκει-

2228 3774 2318 3811 ται
2339 3773 2355 3788 ο
2384 3756 2445 3810 τδ
2473 3755 2644 3828 στόμα
2668 3755 2789 3810 κατ’
2816 3753 2981 3812 αὐτοῦ
3009 3753 3384 3827 προσεύχεται,
3411 3755 3504 3810 καὶΙ
3534 3755 3595 3810 τό
3624 3757 3796 3828 σῶμα

2231 3846 2370 3918 ὑπὲρ
2395 3845 2556 3901 αὑτοῦ
2585 3845 2926 3916 ἀγωνίζεται.
2948 3845 3084 3916 Περὶ
3109 3843 3337 3900 θανάτου
3367 3847 3665 3917 φιλοσοφεῖ,
3688 3849 3796 3902 καὶ

2229 3934 2305 3997 ὡς
2336 3933 2594 3998 ἀθάνατος
2623 3933 2905 3987 διάκειται.
2934 3933 3066 4002 Περὶ
3094 3932 3370 4004 χωρισμοῦ
3400 3933 3666 3998 στενάζει,
3689 3935 3796 3988 καὶ

2227 4025 2304 4089 ώς
2335 4025 2549 4088 αίώνιος
2590 4024 2860 4088 νυστάζει.
2913 4023 3047 4094 Περὶ
3095 4023 3417 4094 ἐγκρατείας
3455 4024 3792 4094 διαλέγεται,

2228 4117 2324 4170 καὶ
2352 4116 2480 4186 περὶ
2515 4114 2952 4186 γαστριμαργίας
2990 4113 3332 4182 ἀγωνίζεται.
3371 4115 3508 4196 ῌερὶ
3547 4118 3794 4188 κρίσεως

2229 4206 2608 4274 ἀναγινώσκει,
2651 4205 2747 4259 καὶ
2777 4205 2985 4277 μειδιᾷν
3026 4203 3248 4276 ἄρχεται
3291 4206 3420 4279 περὶ
3455 4206 3789 4274 κενοδοξίας,

2188 4360 2190 4363 ι
2229 4296 2322 4348 καὶ
2348 4296 2404 4347 ιν
2431 4296 2564 4366 αὐτῇ
2588 4297 2653 4367 τῇ
2674 4294 2977 4365 ἀναγνώσει
3001 4294 3267 4362 κενοδοξεί
3286 4311 3302 4327 °
3329 4297 3456 4368 περὶ
3476 4297 3794 4366 ἀγρυπνίας

2229 4383 2557 4453 ὲκστηθίζει,
2606 4385 2700 4440 καὶ
2755 4385 2830 4456 τῷ
2873 4384 3026 4458 ὕπνῳ
3064 4385 3262 4451 εὐθέως
3305 4387 3495 4441 ἑαυτὸν
3539 4388 3792 4444 καταϐα-

2231 4475 2410 4540 πτίζει
2431 4491 2445 4505 ·
2477 4475 2574 4547 τὴν
2604 4475 2909 4548 προσευχήν
2936 4478 3287 4548 ἐγκωμιάζει,
3314 4478 3409 4532 καὶ
3433 4477 3509 4543 ὡς
3535 4479 3644 4533 ἀπὸ
3674 4482 3793 4550 μά-

586 4567 777 4637 gloria,
806 4575 860 4620 et
893 4566 992 4621 sub
1022 4566 1134 4635 ipsa
1157 4563 1387 4619 lectione
1418 4561 1642 4632 gloriam
1676 4574 1868 4614 vanam
1892 4575 2126 4629 aucupa-

2229 4584 2408 4635 στιγος
2436 4569 2637 4639 ταύτης
2668 4567 2858 4637 φεύγει
2885 4585 2898 4600 ·
2935 4571 3034 4641 τὴν
3054 4570 3313 4639 ,ὑπακοὴν
3343 4569 3655 4642 μακαρίζει,
3684 4575 3791 4628 καὶ

587 4670 695 4714 tur.
731 4656 950 4726 Vigilias
975 4666 1201 4721 eructat,
1228 4665 1280 4711 et
1309 4655 1421 4725 ipse
1447 4654 1626 4708 statim
1651 4653 1759 4709 alto
1781 4667 1972 4721 sopore
1993 4668 2134 4707 mer-

587 4757 747 4825 gitur.
778 4752 971 4807 Preces
995 4754 1240 4806 laudibus
1263 4753 1520 4812 celebrat,
1548 4764 1578 4804 a
1604 4749 1802 4818 quibus
1825 4756 2002 4803 tamen
2025 4759 2137 4803 tan—

587 4860 750 4916 quam
781 4860 809 4898 a
840 4844 1006 4914 ﬂagro
1024 4841 1216 4911 refugit
1239 4853 1292 4897 et
1317 4843 1589 4894 abhorret.
1620 4836 1986 4892 Obedientiam
2011 4839 2137 4893 bea-

589 4951 698 4993 tam
736 4938 1006 5007 prtedieat,
1047 4950 1209 5006 quam
1244 4936 1450 5004 primus
1476 4933 1589 5003 ipse
1619 4931 1781 4984 violat
1801 4930 1908 5003 [cui
1931 4933 2136 5003 primus

590 5031 706 5100 ipse
758 5025 1058 5097 repugnat].
1097 5023 1314 5078 Extollit
1349 5025 1467 5079 illos
1499 5023 1589 5090 qui
1627 5023 1826 5079 nullius
1857 5025 1934 5078 rei
1981 5023 2137 5090 cupi-

593 5124 759 5176 ditate
787 5129 1055 5183 tenentur,
1093 5126 1146 5171 et
1189 5117 1302 5186 ipse
1340 5130 1439 5184 pro
1475 5114 1738 5168 vilissimo
1780 5115 1938 5181 panni
1968 5113 2134 5166 noceo

593 5229 699 5267 non
722 5211 990 5267 erubescit
1015 5210 1169 5262 irasci
1186 5217 1240 5263 et
1260 5206 1444 5262 rixari.
1468 5205 1778 5274 Indignatur
1796 5187 2133 5260 cumirasci-

594 5313 703 5368 tur,
736 5310 791 5356 et
840 5302 983 5368 quod
1038 5298 1340 5366 indignatus
1395 5295 1483 5360 sit,
1525 5296 1715 5349 iterum
1773 5295 2040 5357 irascitur,
2082 5303 2136 5348 et

591 5408 716 5448 cum
764 5391 1051 5445 identidem
1085 5387 1332 5440 vincatur
1363 5397 1416 5441 et
1438 5393 1578 5448 ruat,
1606 5387 1904 5453 iterumque
1947 5385 2131 5438 vinca-

595 5496 683 5537 tur
727 5490 783 5537 et
823 5491 964 5544 ruat,
1015 5481 1224 5533 ruinam
1281 5487 1455 5531 tamen
1505 5477 1749 5545 stupidus
1797 5492 1903 5531 non
1952 5477 2132 5533 sentit.

596 5573 737 5626 Bene
762 5572 1005 5642 saginato
1038 5583 1217 5624 ventre
1249 5568 1486 5638 ptenitet,
1510 5577 1562 5621 et
1579 5569 1792 5635 paulum
1824 5582 2136 5639 progressus

596 5665 838 5731 saginam
874 5662 1075 5730 sagina":
1099 5658 1263 5724 addit,
1297 5669 1349 5713 et
1399 5659 1590 5712 iterum
1631 5669 1799 5714 vorat.
1853 5659 2134 5714 Silentium

598 5754 808 5807 beatum
849 5753 1093 5814 allirmat,
1127 5759 1179 5802 et
1215 5761 1400 5804 contra
1435 5749 1704 5805 silentium
1732 5751 1894 5804 multa
1931 5751 1996 5805 de
2029 5749 2139 5803 lau-

597 5846 752 5913 pibus
774 5846 965 5900 silentii
1006 5843 1164 5910 garrit
1193 5860 1204 5906 ς
1230 5841 1294 5896 de
1326 5843 1732 5900 mansuetudine
1762 5844 1936 5908 docet,
1970 5851 2024 5900 et
2052 5843 2132 5898 in-

2235 4659 2447 4729 πρῶτος
2464 4660 2624 4723 αὐτὸς
2644 4659 2966 4729 παρακούει.
2988 4661 3126 4725 Τοὺς
3150 4661 3518 4732 ἀπροσπαθεῖς
3544 4664 3786 4732 ἐπαινεῖ,

2233 4749 2324 4802 καὶ
2363 4749 2452 4805 διά
2499 4751 2664 4820 ῥάκος
2709 4749 3078 4821 μνησικακῶν,
3124 4749 3218 4803 καὶ
3257 4741 3507 4822 πολεμῶν
3546 4752 3649 4806 οὐκ
3693 4755 3790 4806 αί-

2234 4840 2502 4912 σχύνεται.
2543 4840 2916 4912 Ὀργιζόμενος
2951 4839 3313 4910 πικραίνεται,
3342 4843 3436 4896 καὶ
3468 4841 3560 4895 ἐπὶ
3589 4845 3659 4915 τῇ
3690 4861 3790 4898 πι-

2231 4933 2362 5005 κρίᾳ
2387 4933 2546 4987 πάλιν
2571 4933 2864 5003 ὀργίζεται,
2895 4932 2988 4986 καὶ
3009 4934 3074 5004 τῇ
3109 4931 3246 5007 ήττῃ
3270 4928 3440 5006 ἧτταν
3469 4934 3788 5006 προστιθεὶς

2231 5025 2331 5077 οὑκ
2355 5022 2704 5078 αἰσθάνεται’
2739 5021 3016 5094 κορεσθεὶς
3043 5025 3447 5095 μεταμελεῖται,
3465 5023 3561 5077 καὶ⁵
3585 5027 3788 5098 μικρὸν

2234 5115 2463 5189 προόὰς,
2492 5115 2653 5169 πάλιν
2674 5115 2754 5186 τῷ
2781 5114 2925 5184 κόρῳ
2949 5115 3274 5186 προσέθηκε.
3304 5113 3416 5185 Τήν
3443 5112 3652 5187 σιωπὴν
3678 5133 3787 5187 μα-

2233 5204 2468 5276 καρίζει,
2497 5207 2590 5259 καὶ
2614 5205 2702 5259 διὰ
2725 5204 3044 5274 πολυλογίας
3068 5205 3236 5276 αὐτὴν
3259 5203 3612 5274 ὲγκωμιάζει.
3645 5207 3788 5279 Περὶ

2234 5297 2534 5367 πραότητος
2557 5295 2812 5359 διδάσκει,
2843 5295 2937 5348 καὶ
2959 5297 3029 5361 ἐν,
3048 5295 3184 5366 αὐτῇ
3211 5297 3278 5366 τῇ
3307 5293 3624 5369 διδασκαλίᾳ
3651 5299 3787 5352 πολ-

2232 5388 2388 5449 λάκις
2412 5386 2706 5458 ὀργίζεται,
2727 5385 2820 5440 καὶ
2849 5386 2941 5440 ἐπὶ
2966 5389 3034 5458 τῇ
3063 5385 3257 5456 πικρίᾳ
3283 5383 3445 5439 πάλιν
3469 5385 3782 5456 ὀργίζεται·

2233 5476 2507 5548 ἀνανήψας
2538 5476 2806 5542 ἐστέναξε,
2836 5479 2930 5533 καὶ
2964 5478 3062 5547 τὴν
3090 5475 3327 5545 κεφαλήν
3353 5472 3578 5547 κινήσας
3618 5479 3786 5530 πάλιν

2231 5568 2325 5622 τοῦ
2365 5568 2566 5630 πάθους
2596 5567 2793 5636 ἔχεται.
2841 5569 2944 5622 Τὸν
2981 5567 3189 5636 γέλωτα
3215 5565 3393 5636 ψέγει,
3436 5567 3531 5623 καὶ
3557 5567 3787 5638 μειδιῶν

2234 5660 2364 5729 περὶ
2411 5657 2636 5718 πένθους
2679 5655 2938 5714 διδάσκει.
2982 5653 3201 5709 Ἑαυτὸν
3244 5654 3319 5718 ώς
3365 5654 3640 5718 κενόδοξον
3689 5657 3786 5708 ὲπί

2232 5768 2388 5803 τινων
2410 5747 2844 5818 καταμέμφεται,
2874 5747 2964 5800 καὶ
2993 5746 3080 5800 διὰ
3109 5746 3200 5800 τοῦ
3228 5749 3397 5819 ψόγου
3425 5746 3578 5811 δόξαν
3599 5747 3786 5816 ἑαυτῷ

2237 5838 2692 5911 πραγματεύεται.
2733 5839 3018 5906 Ἐμπαθῶς
3046 5847 3122 5903 εἰς
3143 5860 3159 5889 τ
3189 5842 3425 5910 έρίεςιιιπον
3455 5836 3661 5904 βλέπει,
3683 5839 3783 5892 καὶ
