4030 6342
55 139 515 285 ’π

1150 396 1374 456 SCALA
1418 394 1791 456 PARADISI.
1825 421 1892 433 -
1913 394 2217 454 GRADUS
2244 392 2458 453 XVIII.
3322 393 3423 459 .33t

204 504 335 574 step).
371 503 723 573 σωῖιροσύνης
763 501 1080 570 διαλέγεται.
1128 502 1267 564 Τοὺς
1317 500 1684 571 ἡσυχάζοντας
1716 502 1763 551 ἐπι

1875 511 1956 555 ter
1990 501 2287 555 docendum
2325 514 2466 569 saepe
2494 498 2767 562 irascitur,
2808 509 2860 554 et
2891 515 3103 554 rursum
3137 506 3279 572 quod
3315 523 3423 557 tra-

202 590 394 660 κόσμῳ
421 590 711 659 διατρίϐων
754 591 997 653 ἐπαινεῖ,
1022 588 1141 641 -καὶ
1172 586 1359 641 ἑαυτὸν
1398 588 1664 657 αἰσχύνων
1702 589 1763 641 οὐ

1867 601 2077 655 scatur,
2110 592 2378 645 irascitur.
2412 590 2752 659 Resipisccns
2776 591 3095 661 iugemiscit,
3128 603 3181 647 et
3213 604 3423 647 motato

202 686 479 736 κατανοεῖ.
514 682 653 743 Τοὺς
677 681 972 749 ἐλεήμονας
1001 680 1233 745 δοξάζει,
1266 681 1500 742 καὶτοὺς
1519 680 1763 749 πτωχοὺς

1866 684 2044 753 capite
2087 698 2277 737 rursus
2306 680 2585 736 relabitur.
2619 681 2806 736 Risum
2838 682 3203 751 reprehendit,
3229 698 3275 739 et
3311 686 3423 755 ipse

200 772 470 838 ὀνειδίζει.
504 773 741 828 Πάντοτε
767 772 961 826 ἑαυτοῦ
986 770 1288 843 κατήγορος
1313 772 1517 840 γίνεται
1541 770 1643 843 (6),
1669 773 1763 824 καὶ

1863 775 1930 829 de
1981 773 2126 828 luctu
2192 772 2473 827 subridens
2522 773 2694 825 docet.
2752 773 2906 843 261
2966 771 3213 843 Seipsum
3275 791 3425 829 vanae

199 864 286 926 εἰς
312 861 663 934 συναίσθησιν
686 862 861 916 ὲλθεῖν
893 864 953 917 ού
988 862 1252 933 βούλεται,
1290 863 1379 916 ἵνα
1411 862 1488 933 μὴ
1525 863 1664 917 είπω
1695 862 1758 912 ού

1863 859 2049 930 gloriae
2067 874 2247 913 coram
2275 858 2544 925 aliquibus
2573 876 2720 913 reum
2748 863 3046 929 prolitetur,
3069 872 3123 917 et
3147 880 3236 930 per
3255 865 3423 933 ipsam

197 952 446 1008 δύναται,
1863 949 2003 1002 hanc
2025 948 2414 1017 professionem
2471 963 2660 1002 vanam
2690 950 2912 1018 gloriam
2930 962 3131 1020 captat.
3157 954 3427 1024 Impudice

197 1046 387 1102 vultus
418 1046 647 1102 aliorum
676 1048 1103 1119 contemplatur,
1139 1057 1193 1103 et
1224 1047 1292 1102 de
1349 1047 1606 1118 pudicitia
1658 1045 1863 1100 interea
1928 1052 2355 1113 argumentatur.
2417 1042 2593 1097 Vitam
2637 1045 2930 1100 solitariam
2976 1046 3090 1115 ipse
3142 1056 3290 1102 extra
3342 1066 3428 1104 so-

201 1137 494 1193 litudinem
530 1139 584 1193 in
622 1140 819 1193 saeculo
855 1140 1055 1209 degens
1086 1138 1375 1202 collaudat,
1436 1147 1489 1191 et
1520 1134 1664 1205 quod
1712 1134 1952 1199 seipsum
2018 1130 2304 1198 redarguat
2349 1146 2414 1184 ac
2465 1130 2807 1201 pudefaciat,
2847 1135 3089 1202 stupidus
3134 1152 3239 1189 non
3270 1138 3425 1193 intel-

199 1235 339 1304 ligit.
364 1233 635 1304 Benignos
668 1235 722 1289 in
749 1250 1014 1305 pauperes
1039 1234 1291 1289 laudibus
1342 1230 1710 1303 prosequitur,
1756 1236 1812 1281 et
1855 1226 1969 1294 ipse
2001 1224 2263 1279 mendicis
2305 1225 2519 1279 interim
2566 1227 2923 1281 conviciator.
2970 1226 3025 1281 ln
3059 1231 3312 1285 outnibus
3342 1252 3426 1289 sc-

201 1327 383 1397 ipsum
412 1333 653 1391 accusat,
682 1334 737 1379 et
760 1339 866 1380 non
897 1324 1075 1381 studet
1104 1324 1443 1395 resipiscere,
1467 1336 1537 1377 ne
1554 1321 1754 1378 dicam.
1789 1332 1895 1370 non
1925 1324 2119 1384 potest.

279 1417 537 1488 Ἑώρακα
570 1418 679 1487 ἐγὼ
712 1419 983 1481 τοιούτους
1023 1418 1248 1482 πολλοὺς
1290 1419 1418 1490 περὶ
1454 1416 1635 1484 ἐξόδου
1661 1415 1756 1469 καί

199 1510 451 1580 φοϐερῶν
490 1509 784 1581 κριτηρίων
822 1510 1122 1581 ἀκηκοότας
1156 1513 1250 1563 καὶ
1284 1510 1631 1580 δακρύοντας,
1663 1509 1759 1590 καὶ

198 1602 282 1654 ἔτι
322 1601 432 1656 τῶν
472 1601 720 1672 δακρύων
753 1602 811 1655 tv
856 1600 1151 1673 ὀφθαλμοῖς
1201 1601 1550 1671 ὑπαρχόντων
1595 1618 1761 1655 σπου-

198 1694 368 1759 δαίως
394 1696 615 1765 ὲπὶλτὴν
658 1696 934 1766 τράπεζαν
981 1695 1243 1761 ἐϐάδιζον.
1292 1696 1403 1749 Kal.
1442 1695 1761 1766 τεθαύμακα

200 1788 321 1851 πῶς
352 1789 448 1840 καὶ
476 1787 668 1850 πένθος
698 1787 836 1857 αὕτη
881 1788 915 1856 ἡ
948 1786 1198 1839 δέσποινα
1244 1788 1337 1840 καὶ
1377 1786 1609 1857 όζοθήκη
1639 1804 1760 1857 τρο·

199 1875 492 1930 πώσασθαι
534 1876 771 1946 ἠδυνήθη
815 1875 875 1941 ἐξ
906 1874 1239 1945 ἀναλγησίας
1266 1874 1465 1945 πολλῆς
1496 1893 1757 1947 κρατυνο-

1933 1406 2051 1463 Vidi
2080 1424 2208 1478 ergo
2236 1411 2528 1479 permultos
2545 1426 2609 1464 ex
2630 1410 2729 1464 hoc
2758 1426 2950 1478 genere
2966 1413 3266 1477 hominum,
3301 1432 3423 1471 cum

1863 1500 1929 1553 de
1957 1500 2102 1554 exitu
2139 1502 2280 1561 vitae.
2308 1512 2361 1555 et
2395 1505 2670 1556 tremendo
2733 1502 2938 1557 Judicis
2986 1507 3261 1567 tribunali.
3292 1511 3426 1563 alios

1866 1602 2182 1659 perorantes
2213 1592 2483 1655 audirent,
2518 1592 2770 1662 lacrymis
2794 1593 3063 1662 perfundi,
3096 1599 3427 1668 eosdemque

1877 1681 2300 1750 lacrymautibus
2328 1683 2511 1743 adhuc
2530 1683 2700 1736 oculis
2741 1683 2807 1737 ad
2842 1686 3082 1738 menSam
3114 1702 3422 1755 properare.

1873 1770 1944 1825 Et
1987 1770 2283 1826 demiratus
2316 1788 2458 1836 sum,
2498 1774 2773 1841 quomodo
2810 1774 2922 1828 hac
2944 1776 3087 1828 olida
3118 1777 3331 1830 domina
3362 1795 3425 1832 ex

1866 1861 2119 1914 diuturna
2155 1862 2443 1915 indolentia
2478 1872 2530 1915 et
2559 1870 2779 1930 stupore
2824 1865 3169 1919 corroborata
3198 1868 3427 1935 potuerit

203 1965 370 2037 μένη.
420 1965 575 2019 Κατά
602 1965 699 2035 τὴν
729 1964 956 2036 δύναμιν
998 1966 1097 2037 τὴν
1136 1966 1297 2036 ψιλὴν
1328 1967 1425 2037 τὴν
1455 1968 1760 2039 προσοῦσάν

1865 1952 2026 2004 etiam
2079 1951 2282 2005 luctum
2333 1952 2509 2021 ipsum
2560 1954 2796 2008 vincere.
2849 1952 2960 2024 Ego
2990 1970 3087 2024 pro
3127 1958 3270 2009 tenui
3309 1974 3425 2011 mea

204 2072 296 2125 μοι
341 2056 440 2126 τῆς
483 2054 735 2118 λιθώδους
766 2056 987 2126 ταύτης,
1017 2056 1113 2110 καὶ
1154 2056 1456 2130 ἀκροτόμου
1482 2058 1757 2127 μαινάδος,

202 2149 298 2202 καὶ
329 2149 521 2218 μωρᾶς
565 2148 691 2211 τοὺς
718 2147 919 2213 δολους,
963 2148 1059 2202 καὶ
1108 2148 1377 2219 μώλωπας
1409 2150 1755 2221 γεγύμνωκα.

213 2239 339 2292 Ἐπὶ
366 2238 497 2291 πολὺ
522 2237 629 2309 γάρ
650 2237 949 2307 φιλολογεῖν
973 2238 1110 2309 πρὸς
1126 2240 1310 2311 αὐτὴν
1335 2240 1435 2293 ούκ
1463 2241 1724 2311 ἀνέχομαι
1743 2254 1758 2269 ⁶

200 2332 230 2383 ὸ
253 2331 312 2384 6t
341 2330 631 2401 δυνάμενος
666 2333 723 2385 tv
746 2330 932 2402 Κυρίῳ
952 2331 1375 2403 εκπειρατθῆναι
1403 2334 1515 2395 τοῖς
1539 2331 1759 2401 μώλωᾲι

199 2424 274 2476 τὰ
317 2406 619 2495 φάρμακα,
668 2423 743 2495 μὴ
782 2425 1143 2497 κατοκνήσει·
1193 2424 1254 2478 οὐ
1296 2423 1404 2495 γὰρ
1437 2423 1760 2495 αίσγύνομαι

202 2515 345 2585 πρὸς
368 2514 540 2569 ταῦτα
563 2515 861 2586 ἀδυναμίαν
884 2514 1313 2586 προὸαλλόμενος
1332 2515 1408 2580 ὡς
1437 2518 1540 2570 ὑπὸ
1558 2517 1760 2587 ταύτης

205 2607 443 2686 ἰσχυρῶς
473 2607 849 2679 κατεχόμενος,
880 2608 1001 2662 ούδὲ
1025 2624 1089 2676 γε
1116 2609 1240 2670 τοὺς
1270 2608 1452 2672 δόλους
1476 2609 1643 2680 αὐτῆς
1666 2614 1761 2664 καὶ

204 2702 456 2772 μηχανάς
498 2702 559 2767 ἐξ
587 2699 780 2755 ἑαυτοῦ
811 2699 1209 2756 καταλαϐέσθαι
1244 2702 1459 2772 ῐσχυσα,
1508 2702 1558 2755 εί
1590 2705 1663 2774 μή
1695 2721 1757 2773 γε

204 2792 376 2863 αὐτήν
398 2810 503 2847 που
542 2793 880 2864 κατειληφὼς
912 2792 1003 2866 βίᾳ
1030 2794 1360 2867 κεκράτηκε.
1400 2795 1509 2847 Kal.
1529 2795 1597 2848 τά
1624 2811 1758 2867 προ-

206 2882 467 2955 λεχθέντα
518 2884 810 2955 βασανίσας
858 2887 1028 2958 αὐτὴν
1084 2887 1412 2958 ὁμολογῆσαι
1466 2887 1758 2957 πεποίηκα,

210 2979 437 3047 μάστιγι
480 2978 648 3048 φόόου
692 2979 918 3051 Κυρίου,
956 2981 1054 3035 καὶ
1084 2982 1425 3036 ἀδιαλείπτου
1458 2964 1761 3053 προσεύχῆς

210 3071 563 3141 μαστιγώσας
602 3070 791 3143 αὐτήν.
834 3071 926 3126 Διὸ
962 3073 1057 3125 καὶ
1092 3073 1275 3142 ἔλεγεν
1302 3076 1337 3146 η
1371 3076 1620 3144 τυραννὶς
1668 3078 1762 3130 καὶ

206 3164 512 3237 κακοῦργος
534 3180 548 3196 ·
607 3166 670 3218 Οί
715 3165 838 3235 ἐμοὶ
885 3164 1206 3218 ὑπόσπονδοι
1258 3167 1481 3238 νεκροὺς
1528 3168 1760 3239 ὁρῶντες

206 3260 441 3326 γελῶσιν
461 3277 477 3292 ·
524 3260 586 3314 tv
626 3263 899 3332 προσευχῇ
940 3261 1352 3333 παριστάμενοι,
1383 3261 1623 3327 λιθώδεις
1650 3264 1760 3317 ὃλοι
1787 3266 1830 3320 C

208 3354 305 3406 καὶ
354 3352 580 3424 σκληροὶ
628 3353 725 3408 καὶ
784 3353 1045 3407 σκοτεινοὶ
1086 3355 1451 3424 τυγχάνουσι*
1503 3354 1641 3425 πρὸς
1668 3355 1765 3427 τὴν

212 3444 366 3516 ίερὰν
390 3444 669 3516 τράπεζαν
699 3445 1091 3516 παριστάμενοι
1120 3445 1499 3516 άναισθητοῦσι
1532 3445 1630 3499 τοῦ
1660 3446 1762 3499 δὼ-

211 3554 307 3608 ρου
345 3536 847 3608 μεταλαμϐάνοντες
870 3537 946 3601 ὡς
969 3537 1123 3606 ψιλοῦ
1150 3538 1316 3609 ἄρτου
1348 3537 1628 3605 ὲπιγεύσει
1652 3538 1764 3593 διά-

211 3645 419 3683 κεινται
442 3645 458 3660 ⁸
514 3627 623 3699 ἐγὼ
666 3629 1170 3699 κατανυσσομὲνους
1207 3628 1389 3699 όρῶσα
1427 3629 1762 3699 μυκτηρίζω.

206 3719 399 3776 Πάντα
430 3719 499 3773 τά
540 3720 831 3790 τικτόμενα
858 3720 918 3785 ἐξ
959 3719 1205 3791 ἀνδρείας
1250 3720 1346 3773 καὶ
1388 3720 1555 3774 πόθου
1584 3722 1765 3788 ἀγαθά

211 3810 323 3881 ἐγὼ
354 3811 691 3874 ἀποκτείνειν
725 3810 833 3863 ὑπὸ
876 3809 970 3863 τοῦ
1014 3810 1115 3879 εμὲ
1148 3812 1533 3879 γεγεννηκότος
1562 3812 1766 3881 πατρὸς

215 3901 531 3970 μεμάθηκα.
564 3899 703 3968 Ἐγὼ
721 3899 954 3968 γέλωτος
972 3899 1153 3970 μήτηρ
1174 3914 1189 3930 ⁸
1212 3898 1323 3967 ἐγὼ
1347 3898 1513 3952 ὕπνου
1533 3901 1728 3968 τροφός
1747 3917 1762 3932 ο

212 3991 322 4059 ἐγὼ
348 3990 519 4059 κόρου
552 3987 676 4058 φίλη
697 4005 712 4021 ο
737 3986 873 4056 --ἒγὼ
918 3986 1303 4058 ψευδευλασείᾳ
1343 3988 1721 4057 συμπλέκομαι
1746 4005 1760 4020 ο

213 4084 324 4153 ἐγὼ
351 4081 679 4153 ἔλεγχομενη
705 4080 769 4134 ού
799 4079 945 4134 πονῶ
963 4096 979 4112 ο
1013 4077 1123 4147 εγὼ
1149 4074 1243 4134 οὖν
1270 4080 1300 4132 ό
1324 4078 1484 4142 τάλας
1510 4078 1611 4148 τῆς
1637 4096 1764 4150 μαι-

214 4174 370 4237 νάδος
398 4173 460 4226 τὸ
488 4172 663 4241 λόγιον
698 4169 1020 4243 θαμσηθεὶς,
1059 4168 1285 4242 ἠρώτων
1320 4166 1415 4222 τοῦ
1442 4167 1642 4240 ταύτην
1667 4185 1764 4237 γε-

213 4262 538 4337 γεννηκότος
560 4263 623 4316 τὸ
655 4261 826 4335 ὄνομα
855 4262 1144 4334 μανθάνειν
1187 4260 1375 4315 θέλων.
1416 4260 1479 4314 Ἦ
1503 4260 1561 4315 δέ
1580 4278 1596 4293 ·
1637 4261 1766 4315 Γέν-

214 4375 371 4430 νησιν
408 4355 536 4427 μίαν
562 4354 625 4409 ού
652 4348 926 4423 κέκτημαι
944 4356 977 4384 ·⁷
992 4352 1158 4425 μικτὴ
1180 4352 1237 4407 δέ
1267 4370 1383 4417 πως
1413 4354 1508 4408 καὶ
1535 4354 1764 4418 άστατος

214 4449 251 4520 η
276 4448 387 4520 ιμὴ
422 4445 731 4516 καθέστηκα
756 4442 983 4515 κύησιςο
1030 4443 1131 4513 ιμὶ
1161 4443 1417 4515 κρατύνει
1447 4444 1627 4516 κόρος,
1664 4445 1765 4516 ἐμὲ

214 4538 423 4611 ηὔξησε
466 4535 693 4609 χρόνος,
737 4534 840 4605 ἐμὲ
881 4532 1199 4600 πεπαγίωκε
1237 4534 1490 4605 συνήθεια
1533 4536 1761 4606 πονηρά,

1861 2040 2113 2097 facultate
2156 2041 2317 2112 hujus
2359 2058 2569 2109 saxeae,
2601 2044 2995 2114 praecipitisque
3024 2056 3078 2099 et
3120 2046 3330 2101 furiosa:
3366 2064 3428 2103 ac

1861 2131 2067 2186 stolida:
2096 2131 2338 2196 dominae
2388 2132 2557 2187 malas
2610 2143 2753 2187 artes
2791 2142 2844 2188 et
2891 2134 3175 2200 vulnerum
3227 2136 3428 2193 vibices

1860 2222 2034 2276 detexi
2060 2241 2071 2277 :
2102 2238 2225 2277 nam
2264 2224 2431 2278 multa
2453 2239 2575 2278 cum
2611 2225 2698 2278 illa
2728 2224 2956 2279 fabulari
2989 2236 3043 2280 et
3067 2228 3423 2281 sermocinari

1865 2329 1969 2366 non
2014 2314 2279 2368 sustineo.
2328 2313 2383 2369 Si
2423 2315 2549 2384 quis
2588 2323 2767 2369 tamen
2808 2324 2912 2382 est,
2956 2316 3051 2386 qui
3091 2333 3188 2370 usu
3236 2319 3429 2372 doctus

1864 2404 2180 2458 vulneribus
2211 2405 2295 2459 bis
2333 2405 2531 2459 mederi
2565 2390 2761 2474 potest,
2792 2405 2843 2459 id
2890 2405 3067 2460 facere
3110 2422 3175 2459 ne
3206 2418 3424 2461 cuncte-

1863 2505 1972 2551 tur.
2004 2494 2114 2566 Ego
2138 2498 2337 2566 quippe
2362 2512 2467 2550 non
2498 2512 2685 2551 vereor
2721 2498 2948 2567 ingenue
2983 2501 3248 2563 conﬁteri,
3279 2518 3426 2554 nimus

1860 2589 1925 2641 ad
1960 2588 2099 2643 hanc
2131 2604 2243 2642 rem
2286 2590 2426 2643 vires
2461 2589 2711 2654 deficere,
2755 2600 2812 2644 ut
2854 2592 2945 2660 qui
2990 2576 3102 2661 ipse
3150 2594 3273 2648 huic
3297 2596 3427 2647 vitio

1862 2678 2019 2733 valde
2063 2680 2332 2735 obnoxius
2380 2681 2507 2743 sim,
2548 2682 2704 2751 cujus
2739 2683 2989 2752 strophas
3032 2693 3084 2737 et
3118 2684 3329 2739 fraudes
3360 2704 3426 2739 ne

1860 2771 2256 2841 deprehendere
2273 2772 2488 2850 quidem
2513 2789 2607 2842 per
2634 2788 2718 2827 me
2747 2774 3064 2843 potuissem.
3091 2776 3189 2829 nisi
3219 2777 3423 2846 impro-

1861 2865 1982 2918 bam
2007 2865 2148 2920 hanc
2173 2866 2555 2920 insidiatricem
2590 2867 2640 2920 vi
2665 2867 3109 2936 comprehensam
3142 2869 3417 2937 “agroque

1861 2957 2069 3012 timoris
2086 2956 2316 3021 Domini,
2330 2959 2623 3013 ctassiduis
2639 2960 2885 3029 precibus
2901 2969 3095 3013 tortam
3109 2976 3171 3013 ea
3183 2962 3426 3016 confiteri

1860 3062 1981 3114 qua:
2012 3049 2184 3104 dcilla
2202 3051 2411 3121 scripsi,
2430 3053 2749 3122 coegissent.
2771 3051 2951 3121 Itaque
2980 3052 3140 3123 262
3187 3054 3426 3122 improha

1862 3140 1952 3194 illa
1973 3150 2027 3195 et
2049 3156 2188 3196 sava
2205 3144 2445 3212 tyrannis
2465 3145 2741 3213 prolocuta
2764 3162 2777 3197 :
2798 3143 3061 3199 Ftnderati
3083 3146 3206 3204 mei.
3232 3144 3422 3215 inquit.

1862 3232 2122 3286 cadavera
2156 3236 2581 3303 contemplantes
2603 3235 2796 3298 rident,
2826 3236 2965 3289 inter
2989 3250 3173 3305 preces
3196 3237 3342 3290 saxei
3370 3244 3425 3290 et.

1870 3322 2013 3387 duri,
2052 3324 2369 3391 confusique
2415 3339 2509 3378 seu
2553 3325 2682 3378 caeci
2736 3334 2900 3390 sunt;
2942 3340 3066 3379 cum
3115 3327 3180 3378 ad
3213 3341 3421 3381 sacram

1867 3416 2094 3485 synaxin
2138 3415 2400 3469 accedunt
2444 3414 2562 3469 sine
2605 3414 2716 3468 ullo
2744 3414 2957 3484 pietatis
2998 3431 3157 3471 sensu
3208 3417 3424 3471 caeleste

1867 3506 2093 3569 donum,
2126 3506 2345 3574 perinde
2372 3519 2434 3560 ac
2464 3506 2509 3559 si
2542 3505 2645 3559 vile
2702 3507 2857 3576 panis
2892 3508 3194 3561 crustulum
3240 3520 3423 3577 gusta-

1867 3608 2003 3663 rcut,
2050 3598 2370 3668 percipiunt.
2403 3596 2514 3667 Ego
2543 3598 2759 3665 quando
2789 3610 3141 3667 compunctus
3170 3600 3324 3654 video
3356 3601 3425 3653 ir-

1868 3692 2033 3746 rideo.
2070 3690 2180 3761 Ego
2203 3693 2382 3745 omnia
2422 3693 2675 3761 praclara
2718 3708 2879 3761 opera
2908 3707 2974 3746 ex
3011 3708 3272 3763 generoso
3304 3693 3453 3767 ani-_‘

1866 3797 1953 3837 mo
1983 3793 2037 3837 et
2058 3784 2199 3837 bono
2230 3783 2421 3837 atl'ectu
2453 3795 2572 3839 nata
2602 3784 2671 3837 ab
2694 3798 2760 3838 eo
2786 3784 2881 3852 qui
2904 3799 2989 3839 me
3017 3785 3222 3853 genuit,
3249 3794 3421 3853 patre,

1863 3888 2098 3933 mactare
2124 3880 2305 3935 didici.
2341 3880 2451 3948 Ego
2482 3894 2679 3949 parens
2714 3895 2834 3934 smn
2875 3879 3108 3933 levitatis
3150 3889 3205 3933 ct
3238 3884 3380 3936 risus
3406 3924 3420 3939 .

1864 3986 1964 4039 ego
1989 3972 2167 4026 nutrix
2192 3972 2369 4027 somni
2397 3991 2410 4026 :
2434 3986 2533 4041 ego
2566 3971 2840 4036 societatis
2876 3972 3047 4026 amica
3077 3990 3092 4026 :
3117 3988 3217 4041 ego
3244 3975 3422 4029 simu-

1809 4083 1812 4087 ν
1863 4062 1983 4115 lata:
2012 4063 2196 4131 pietati
2236 4078 2321 4117 me
2361 4065 2597 4133 adjungo
2625 4078 2763 4133 :ego
2794 4063 3073 4133 objurgata
3104 4081 3210 4117 non
3242 4066 3418 4121 doleo.

1863 4150 1986 4207 Haec
2023 4168 2122 4223 ego
2160 4152 2341 4207 infelix
2371 4170 2493 4209 eum
2523 4155 2590 4208 ab
2618 4154 2720 4209 hac
2752 4154 2888 4208 furia
2921 4157 3321 4226 coguoxissem,
3366 4159 3418 4213 in

1863 4256 2131 4300 summam
2182 4245 2590 4299 admirationem
2642 4259 2865 4315 raptus,
2920 4257 2975 4302 et
3016 4249 3421 4318 obstupefactus

1861 4340 2085 4395 omnino
2131 4340 2311 4410 cupivi
2363 4356 2555 4395 nomen
2602 4342 2773 4410 patris
2834 4342 3001 4411 hujus
3072 4359 3418 4413 cognosci-rc.

1864 4429 1975 4499 Ego
2006 4442 2151 4496 vero,
2183 4428 2375 4498 inquit,
2407 4444 2510 4483 non
2540 4444 2570 4484 e
2600 4430 2828 4498 simplici
2859 4448 3072 4502 unaque
3097 4434 3265 4502 stirpe
3294 4446 3420 4491 nata

1865 4537 2027 4577 sum:
2058 4522 2253 4577 mistus
2296 4523 2439 4577 enim
2478 4522 2611 4577 tnihi
2650 4532 2703 4578 et
2733 4524 2973 4579 incertus
3009 4526 3241 4595 originis
3293 4544 3421 4582 san-

216 4593 435 4698 t'xs'iqu
842 4624 941 4678 ούκ
986 4593 1473 4693 ἐλευθερωθήσεται
1517 4640 1620 4693 μου
1655 4593 1762 4695 ἴηξ

1867 4612 1988 4679 guis
2014 4622 2117 4677 est,
2142 4612 2398 4683 variaque
2440 4622 2731 4682 conceptus
2775 4615 2933 4669 ratio.
2983 4593 3193 4673 Ninnius
3231 4631 3316 4683 me
3342 4618 3419 4669 ci-

228 4716 488 4789 Ἐπίμενε
519 4716 757 4788 μελετῶν
804 4716 862 4769 tv
890 4711 1163 4784 ἀγρυπνία
1203 4710 1371 4782 πολλῇ
1417 4712 1597 4781 κρίσιν
1632 4715 1767 4767 αἰω-

216 4810 356 4877 νίαν,
408 4812 540 4876 ἴσως
569 4809 764 4883 μικρὸν
810 4806 1130 4880 ύποχαλάσω
1162 4820 1263 4858 σοι.
1306 4803 1447 4872 Ὅρα
1491 4800 1590 4872 τὴν
1626 4803 1767 4875 ἐμὴν

217 4903 400 4957 αἰτίαν
446 4901 611 4956 πόθεν
650 4901 710 4955 tv
742 4901 827 4955 col.
851 4900 1104 4969 τίκτομαι
1128 4910 1144 4925 ⁶
1192 4895 1286 4949 καὶ
1326 4891 1466 4946 κατά
1502 4892 1603 4960 τῆς
1629 4894 1766 4963 ἐμῆς

218 4991 490 5062 ἀγωνίζου
519 4993 724 5065 μητρός
747 5008 763 5023 ’
808 4990 871 5045 οὐ
900 4990 1011 5062 γὰρ
1052 4988 1179 5060 μίαν
1208 4989 1267 5041 tv
1300 4986 1433 5039 πᾶσι
1474 4981 1767 5053 κέκτημαι.

231 5083 322 5137 Ἔν
347 5086 529 5155 σοροῖς
554 5083 854 5154 προσεύχου
883 5082 1065 5136 πυκνά
1088 5095 1103 5111 ⁸
1150 5079 1332 5135 είκόνα
1355 5076 1557 5131 τούτων
1578 5076 1769 5143 ἀνεξά-

218 5170 441 5226 λειπτον
483 5172 784 5244 ζωγραφῶν
813 5173 873 5227 tv
920 5174 988 5243 σῇ
1022 5171 1220 5243 καρδίᾳ
1246 5188 1261 5202 ⁸
1312 5168 1510 5238 ταύτης
1548 5165 1658 5237 γὰρ
1690 5169 1767 5237 μὴ

222 5261 528 5406 magis
555 5262 801 5334 γραφείῳ
822 5261 1095 5333 νηστείας.
1125 5263 1188 5318 οὺ
1222 5262 1296 5333 μή
1326 5277 1393 5331 με
1429 5259 1654 5330 νικήσῃς
1689 5260 1769 5321 εις

340 5368 379 5406 α
451 5368 537 5406 να.

340 5368 537 5407 αιωνα.

1857 4704 1971 4758 .bus
2005 4705 2260 4770 roborat,
2313 4714 2525 4774 tempus
2557 4715 2750 4774 auget,
2794 4708 3039 4775 improba
3087 4708 3419 4761 consuetudo

1870 4801 2047 4853 firmat
2088 4796 2358 4870 [detinet],
2398 4813 2504 4866 qua
2542 4800 2635 4866 qui
2683 4807 2914 4864 tenetur,
2946 4816 2976 4854 a
3016 4816 3101 4855 me
3143 4816 3416 4867 nunquam

1870 4890 2203 4944 liberabitur.
2240 4887 2527 4943 Persevera
2556 4888 2607 4941 in
2627 4890 2842 4943 assidua
2872 4904 2963 4957 per
2987 4892 3181 4945 multas
3209 4892 3419 4959 vigilias

1864 4980 2053 5049 judicii
2094 4980 2323 5035 extremi
2369 4980 2732 5047 meditatione,
2777 4989 2830 5034 et.
2893 4980 3119 5037 fortasse
3173 4984 3417 5036 nonnihil

1871 5072 1966 5128 tibi
1994 5070 2200 5126 cedam.
2229 5069 2444 5141 Dispice
2470 5072 2753 5143 diligenter
2786 5088 3025 5137 causam,
3056 5089 3121 5128 ex
3169 5090 3274 5143 qua
3324 5076 3416 5130 tibi

1870 5180 1993 5223 nata
2013 5182 2159 5231 sum,
2183 5176 2236 5222 et
2262 5167 2521 5224 adversus
2544 5166 2769 5223 matrem
2793 5186 2966 5225 meam
2993 5170 3228 5233 decerta,
3254 5187 3418 5241 quam

1871 5278 1975 5314 non
2027 5274 2188 5313 unam
2247 5260 2435 5315 habeo.
2486 5261 2543 5318 In
2596 5264 2821 5319 assariis
2876 5268 3242 5334 sepulcrorum
3314 5265 3419 5317 fre-

1871 5358 2099 5421 quenter
2142 5364 2380 5417 precare,
2426 5361 2481 5407 et
2531 5354 2583 5408 in
2626 5356 2790 5409 conte
2820 5367 2913 5409 tuo
2953 5356 3236 5425 imaginem
3272 5370 3386 5408 mor

226 5455 442 5500 tuorum
492 5455 749 5505 attemam
804 5450 1030 5524 depinge
1072 5470 1084 5507 :
1141 5452 1241 5509 hac
1284 5455 1425 5509 enim
1468 5450 1520 5505 in
1570 5452 1751 5501 mente
1794 5454 1906 5511 tua,
1952 5445 2198 5517 penicillo
2252 5445 2440 5516 jejunii
2486 5464 2591 5503 non
2645 5449 2931 5517 descripta,
2992 5449 3151 5503 nullis
3208 5447 3417 5501 saxulis

226 5556 312 5596 me
332 5540 534 5594 vinces.
