4030 6342
604 403 711 468 935

804 497 964 584 233
1003 509 1292 568 scnoua
1331 511 1421 566 AD
1459 511 1740 567 GRADUM
1773 511 1948 567 xvm.

1117 612 1194 678 De.
1216 635 1429 694 stupore
1469 627 1651 679 animi.

1214 712 1462 768 Scholion
1505 715 1552 768 1.

671 801 764 856 Ille
789 811 1005 872 stupore
1045 803 1255 858 laborat
1283 800 1604 870 nervorum,‘
1624 805 1781 875 cujus
1810 805 2158 860 instrumenta

601 905 856 946 sensuum
883 903 1009 954 sunt
1034 895 1211 948 otiosa
1249 903 1303 948 et
1329 899 1602 959 enervata,
1635 896 1841 965 quique
1872 895 2161 952 destitutus

601 993 684 1036 est
738 982 1086 1038 facultatibus
1146 994 1372 1049 naturae,
1419 985 1616 1054 quibus
1673 1002 1930 1042 sensuum
1984 990 2158 1045 ofﬁcia

599 1085 928 1144 exsequatur
959 1093 974 1129 :
1001 1076 1299 1144 eademque
1328 1075 1464 1130 ratio
1489 1077 1868 1147 cogitationqu
1898 1079 1950 1133 in
1982 1095 2046 1135 eo
2067 1081 2158 1152 qui

599 1164 766 1218 animi
793 1174 1013 1234 stupore
1053 1165 1284 1219 laborat.

1206 1253 1452 1309 Scholion
1485 1255 1538 1310 2.

668 1342 866 1414 Stupor
893 1345 1058 1398 animi
1085 1355 1136 1400 et
1155 1345 1357 1400 oblivio
1387 1361 1445 1400 se
1494 1357 1679 1402 mutuo
1708 1347 1940 1417 pariunt,
1965 1349 2159 1404 altera-

497 1446 504 1452 ·
597 1450 704 1504 que
750 1444 834 1488 est
875 1429 1300 1492 alterius'mater
1335 1447 1389 1492 et
1411 1439 1647 1494 soboles.
1675 1439 1884 1494 Oblivio
1923 1449 2006 1496 est
2046 1456 2159 1496 me-

598 1528 782 1581 moria:
813 1528 1055 1583 abolitio.

1201 1619 1449 1674 Scholion
1501 1621 1555 1675 ὃ.

668 1710 782 1766 Sibi
815 1711 918 1781 ipsi
947 1720 1000 1766 et
1021 1711 1208 1794 verbis
1239 1722 1294 1768 et
1319 1712 1480 1769 factis
1505 1712 1621 1770 suis
1650 1715 1979 1774 contrarius.

1205 1910 1454 1967 Scholion
1499 1915 1554 1970 4.

668 2001 771 2067 Qui
799 2017 942 2071 aeger
968 2013 1053 2058 est
1073 2005 1139 2060 ab
1165 2007 1370 2070 animo,
1399 2015 1453 2062 et
1477 2009 1596 2064 aliis
1621 2019 1764 2065 recte
1791 2009 2004 2066 vivendi
2027 2025 2162 2067 con-

599 2091 778 2146 silium
809 2093 1069 2164 suggerit,
1086 2095 1308 2164 perinde
1339 2096 1468 2153 facit
1496 2107 1556 2154 ut
1581 2114 1758 2156 caecus
1772 2101 1862 2172 qui
1883 2102 2006 2158 aliis
2021 2103 2160 2158 viam

598 2193 881 2238 monstrat.

1222 2277 1473 2334 Scholion
1511 2281 1566 2336 5.

665 2363 805 2418 Sunt
845 2365 937 2434 qui
978 2365 1276 2434 loquuntur
1302 2369 1368 2424 de
1398 2373 1654 2440 operibus
1687 2374 1882 2443 quibus
1934 2391 2158 2446 regnum

595 2453 691 2508 Dei
726 2455 1048 2523 acquiritur,
1080 2472 1203 2526 qua:
1243 2467 1419 2514 tamen
1458 2460 1556 2530 ipsi
1593 2477 1699 2516 non
1753 2463 1976 2519 faciunt.
2021 2467 2160 2524 Sunt

593 2544 683 2612 qui
716 2553 768 2597 et
797 2545 1020 2610 faciunt,
1058 2546 1149 2600 sed
1181 2562 1287 2600 non
1335 2555 1494 2602 caute
1523 2558 1578 2603 et
1622 2552 1854 2606 scienter
1885 2571 1897 2607 :
1947 2555 2022 2608 illi
2057 2572 2156 2609 au-

598 2647 728 2695 tem,
772 2634 838 2687 de
871 2635 1069 2714 quibus
1096 2650 1278 2691 sermo
1313 2639 1852 2709 Salvatorisloquitur
1879 2662 1894 2698 :
1922 2643 2158 2714 Regnum

595 2723 692 2777 Dei
733 2726 873 2777 intra
891 2713 991 2778 ὐοε
1015 2718 1093 2779 est
1115 2726 1185 2792 ⁷⁷,
1209 2737 1264 2782 et
1297 2730 1454 2798 pauci
1481 2739 1611 2786 sunt
1641 2741 1699 2786 et
1733 2733 1838 2789 rari
1865 2745 1920 2790 et
1939 2713 2153 2790 inventu

596 2813 865 2868 difficiles.

1276 2906 1459 2960 Aliud.

665 2995 778 3050 Hoc
811 2997 1096 3052 molestum
1143 3007 1227 3054 est
1267 3001 1411 3069 quod
1465 3001 1688 3056 verbum
1719 3001 2002 3070 ἀπάθειαν,
2053 3006 2154 3063 hoc
2237 3021 2239 3023 ‘

594 3095 698 3153 est,
741 3089 908 3142 animi
951 3089 1393 3159 tranquillitatem
1424 3093 1571 3146 omni
1599 3095 2028 3162 pertubationum
2069 3096 2153 3151 af-

1848 406 1906 465 S.
1934 406 2250 469 IOANNIS
2273 409 2577 473 CLIMACI

2618 519 2862 572 ΣΧΟΛΙΑ
2903 521 3008 572 ΕΙΣ
3047 522 3270 576 ΛΟΓΟΝ
3303 525 3409 580 lll'.

2743 633 2882 700 Περὶ
2916 633 3337 701 ἀναισθησίας.

2863 727 2911 777 Σ
2910 724 3117 792 χόλιον
3153 724 3222 778 α’.

2349 813 2693 883 ’Δναίσθητός
2749 813 2896 866 ἐστιν
2943 815 2973 866 6
3015 814 3291 886 ἀνέργητα
3356 819 3688 889 κεκτημένος
3755 821 3821 877 τὰ

2267 903 2611 975 αἰσθητήρια,
2647 905 2739 957 καὶ
2771 904 3119 976 ἀφῃρημένος
3168 905 3228 959 τὸ
3264 909 3505 977 πεφυκὸς
3537 909 3646 962 τῶν
3675 914 3818 966 κατὰ

2266 997 2333 1050 τὰ
2354 997 2680 1068 αἰσθητήρια
2727 997 2912 1066 ἕξεων,
2981 998 3076 1052 καὶ
3109 999 3208 1053 ἐπὶ
3239 1000 3346 1054 τῶν
3376 1001 3593 1056 ἐννοιῶν
3635 1004 3816 1059 ὡσαύ-

2264 1103 2390 1148 τως.

2853 1264 2902 1315 Σ
2903 1262 3111 1330 χόλιον
3157 1258 3224 1330 β’.

2345 1349 2692 1420 Ἀναισθησία
2724 1351 2816 1404 καὶ
2843 1351 2980 1423 λήθη
3005 1351 3565 1424 ἀλληλομητρότεκνος
3580 1354 3777 1422 γεννεά
3797 1371 3812 1384 ·

2263 1440 2400 1511 λήθη
2431 1443 2545 1494 ἐστὶ
2565 1444 2781 1512 μνήμης
2819 1442 3075 1514 ἁποδολή.

2857 1621 3114 1688 Σχόλιον
3138 1618 3207 1688 γ’.

2341 1710 2552 1783 Ἑαυτῷ
2579 1711 2674 1765 καὶ
2719 1713 2830 1775 τοῖς
2883 1711 3033 1775 ἰδίοις
3077 1711 3274 1782 λόγοις,
3305 1713 3397 1766 καὶ⁵
3426 1711 3690 1784 πράξεσιν
3724 1715 3814 1766 ἑν-

2261 1803 2442 1858 αντιού
2450 1821 2629 1874 μενος.

2849 1899 2897 1950 Σ
2899 1897 3106 1964 χόλων
3144 1897 3187 1950 δ’
3193 1939 3208 1953 .

2295 2053 2309 2062 .
2343 1988 2400 2041 Ὀ
2428 1989 2526 2058 τὴν
2559 1987 2736 2060 ψυχὴν
2781 1987 3039 2052 ἀσθενῶν,
3071 1991 3300 2055 καὶτοῖς
3345 1989 3523 2052 ἄλλοις
3570 1979 3814 2061 διορθοῦ-

2259 2077 2383 2130 σθαι
2435 2077 2838 2148 συμϐουλεύων,
2875 2077 3063 2150 ὥσπερ
3101 2078 3383 2150 ἄνθρωπός
3427 2079 3545 2132 ἐστι
3583 2077 3809 2146 τυφλὸς,

2258 2169 2353 2222 καὶ
2383 2167 2642 2222 δεικνύων
2662 2168 2760 2237 τὴν
2789 2167 2925 2221 ὁδόν.

2853 2264 2900 2315 Σ
2901 2261 3108 2330 χόλιον
3155 2267 3216 2316 ε’.

2325 2349 2446 2404 Είσί
2477 2365 2622 2412 τινες
2667 2348 2952 2413 λαλοῦντες
2994 2349 3064 2402 τὰ
3097 2349 3198 2419 τῆς
3235 2349 3507 2419 βασιλείας
3545 2349 3703 2421 ἔργα,
3733 2349 3812 2421 μὴ

2255 2439 2610 2512 ἐργαζόμενοι
2656 2439 2713 2493 δὲ
2763 2439 2920 2494 αὑτά.
2969 2441 3079 2494 Καὶ
3129 2442 3232 2494 είσί
3270 2459 3415 2504 τινες
3449 2442 3809 2512 ἐργαζόμενοι

2252 2531 2321 2584 τὰ
2357 2531 2453 2601 τῆς
2489 2529 2779 2599 βασιλείας,
2803 2530 2916 2585 ἀλλ’
2949 2530 3049 2583 οὐκ
3067 2531 3124 2584 ὲν
3151 2531 3386 2602 φυλακῇ,
3413 2532 3534 2586 οὐδὲ
3570 2534 3628 2584 ἑν
3659 2532 3808 2599 γνὼ-

2254 2637 2338 2674 σει
2359 2636 2373 2650 ·
2397 2622 2456 2673 ὲν
2473 2616 2561 2684 οἷς.
2592 2620 2650 2674 δὲ
2680 2612 2898 2688 γέγονεν
2931 2621 2962 2672 6
2992 2619 3146 2688 λόγος
3173 2620 3267 2673 τοῦ
3297 2619 3566 2690 Σωτῆρος,
3589 2620 3654 2673 τό
3675 2638 3692 2651 ·
3741 2619 3809 2674 Ἢ

2246 2711 2536 2775 ,βασιλεία
2563 2709 2681 2764 τῶν
2701 2710 2973 2780 οὐρανῶν
3005 2711 3176 2775 ἐντὸς
3199 2710 3364 2781 ὑμῶν
3401 2712 3594 2778 ἐστιν,
3634 2711 3808 2782 ὀλίγοι

2253 2803 2348 2856 καὶ
2381 2801 2597 2857 σπάνιοί
2623 2802 2730 2854 είσι
2764 2803 2860 2856 καὶ
2887 2801 3219 2873 δυσεύρετοι.

2930 2895 3129 2949 Ἄλλο.
3217 2968 3220 2970 γ

2321 2983 2491 3039 Τοῦτό
2523 2984 2638 3038 ἐστι
2679 2983 2870 3050 κόπος,
2894 2985 2977 3040 ὅτι
3003 2983 3102 3057 τὴν
3133 2985 3402 3040 ἀπάθειαν
3424 2985 3621 3057 ἔχομεν
3647 2986 3708 3039 ὲν
3727 2985 3806 3056 τῷ

2256 3074 2505 3147 στόματι,
2527 3075 2626 3148 τὴν
2645 3074 2703 3129 δὲ
2727 3074 2974 3147 ἀνομίαν,
3013 3077 3108 3131 καὶ
3127 3077 3236 3147 τὴν
3259 3077 3457 3131 κακίαν
3481 3078 3540 3132 ὲν
3571 3080 3638 3148 τῇ
3665 3094 3804 3147 nap-

594 3177 733 3232 fectu
763 3191 1033 3236 carentem
1090 3181 1143 3235 in
1171 3195 1266 3234 ore
1303 3181 1622 3249 habeamus,
1657 3193 1712 3239 et
1751 3187 1803 3240 in
1849 3190 2011 3243 conde
2045 3189 2147 3244 ini-
2174 3197 2217 3257 (ζ
2249 3166 2358 3239 5‘9-

593 3270 851 3338 quitatem
892 3281 946 3328 et
975 3272 1238 3326 malitiam
1268 3286 1363 3327 seu
1393 3274 1582 3330 vitium
1610 3277 1952 3335 retineamus.

1281 3365 1462 3420 Aliud—

661 3448 805 3505 Nibil
827 3462 911 3507 est
939 3458 1252 3526 pauperius,
1285 3468 1341 3515 et
1386 3458 1636 3514 miserius
1661 3466 1838 3513 mente
1859 3467 2153 3528 quaeat-ct

595 3537 727 3606 Deo,
748 3552 803 3594 et
829 3542 895 3595 de
923 3543 1032 3599 Deo
1053 3547 1463 3620 philosophatur
1491 3557 1546 3602 et
1583 3547 1845 3616 disputat.

1286 3635 1471 3688 Aliud.

667 3721 775 3786 Qui
813 3721 1010 3778 fatetur
1033 3723 1374 3780 dulcedinem
1403 3732 1458 3780 et
1489 3738 1598 3780 non
1624 3732 1802 3797 gustat
1831 3723 1897 3779 de
1921 3723 2032 3790 illa,
2063 3723 2154 3780 hic

597 3829 841 3869 amaram
873 3829 992 3870 esse
1020 3816 1166 3870 illam
1191 3816 1447 3872 ostendit.

1300 3907 1482 3961 Aliud.

663 3997 764 4063 Qui
793 4011 852 4052 se
884 3997 1051 4052 multa
1086 3998 1226 4054 scire
1257 4006 1312 4052 et
1356 4012 1527 4068 pauca
1563 3996 1735 4052 facere
1773 3997 2027 4064 ostendit,
2064 3997 2150 4055 ille

593 4088 782 4144 morbo
809 4089 1080 4146 insensilis
1113 4091 1353 4162 stuporis
1381 4090 1611 4148 laborat.

1273 4183 1454 4236 Aliud.
1512 4183 1515 4186 ’

662 4269 902 4324 Observa
933 4271 1076 4338 quod
1105 4272 1196 4340 qui
1227 4273 1465 4342 seipsum
1503 4270 1682 4328 verbis
1725 4271 1962 4339 damnat,
2013 4274 2148 4329 nihil

595 4371 664 4412 ex
719 4371 786 4412 eo
839 4356 1048 4414 fructus
1091 4360 1374 4429 percipiat,
1418 4359 1580 4431 264
1617 4359 1721 4417 nisi
1765 4362 1926 4416 simul
1972 4377 2150 4418 mores

594 4447 863 4510 emendet,
891 4455 944 4501 et
973 4449 1286 4503 melioribus
1329 4456 1615 4517 permutet.

1080 4537 1315 4608 Gregorii
1346 4537 1400 4591 Ν
1402 4537 1570 4606 ysseni
1595 4536 1650 4590 6.

661 4634 902 4704 Quorum
964 4630 1275 4700 magnitudo
1315 4629 1442 4682 ntali
1489 4629 1651 4684 simul
1692 4644 1909 4686 sensum
1953 4646 2139 4687 eorum

592 4743 714 4799 qua:
735 4727 1010 4798 patiuntur
1039 4722 1282 4777 abstulit.

1019 4811 1178 4865 Aliud
1206 4809 1382 4864 Photii
1406 4811 1742 4879 patriarchae.

664 4907 936 4962 Virtutum
985 4901 1238 4976 paulatim
1282 4903 1512 4960 defectio
1544 4913 1802 4974 quantum
1855 4903 1922 4960 de
1977 4920 2136 4960 sensu

596 4998 871 5068 peccantis
898 4996 1168 5061 subducit,
1214 5003 1364 5049 tanto
1413 4995 1630 5064 gravius
1674 4995 1926 5050 damnum
1959 4995 2136 5050 ellicit.

597 5087 884 5155 Postquam
905 5087 1050 5140 enim
1081 5099 1299 5139 sensum
1325 5084 1449 5140 mali
1473 5086 1746 5151 exstinxit,
1771 5085 2016 5140 morbum
2045 5085 2142 5140 imo

596 5177 966 5234 medicabilem
997 5172 1176 5229 edicit.

1223 5260 1465 5316 Scholion
1484 5262 1542 5319 .7.

665 5356 713 5410 Α
739 5366 970 5424 quorum
1000 5352 1174 5408 oculis
1201 5350 1359 5406 timor
1397 5351 1490 5408 Dei
1519 5354 1862 5413 absconditus
1888 5357 2133 5424 recessit,

599 5445 700 5503 hos
737 5441 1062 5500 insensibilis
1093 5440 1259 5495 animi
1292 5450 1478 5512 stupor
1510 5447 1927 5516 comprehendit.

1190 5531 1349 5585 Aliud
1384 5531 1579 5590 Isauri.

665 5629 814 5686 ﬂens
845 5625 1106 5682 fermento
1125 5622 1376 5680 vitiorum
1407 5635 1654 5696 corrupta
1685 5644 1790 5686 non
1810 5640 1984 5702 potest
2002 5629 2136 5688 οσον

669 5820 714 5857 "
745 5821 876 5880 Luc.
904 5836 1030 5904 avu,
1063 5822 1150 5878 21.

2919 3360 3120 3413 Ἄλλο.
3583 3399 3588 3406 -

2316 3451 2483 3508 Οὐδὲν
2509 3450 2853 3520 πτωχότερον
2896 3449 3156 3513 διανοίας,
3200 3447 3359 3511 εκτὸς
3392 3447 3548 3512 Θεοῦ,
3580 3448 3798 3518 φιλοσο-

2248 3544 2454 3614 φούσης
2486 3540 2556 3595 τὰ
2592 3538 2686 3593 τοῦ
2711 3537 2867 3593 Θεοῦ.
3237 3530 3244 3534 ’

2916 3630 3122 3684 Ἄλλο.

2317 3723 2388 3780 El
2413 3739 2497 3787 τις
2527 3719 2782 3792 ὁμολογεῖ
2811 3718 3142 3790 γλυκύτητα,
3176 3717 3251 3791 μὴ
3279 3717 3447 3773 ἐσθίει
3485 3719 3544 3773 δὲ
3575 3720 3671 3775 ἀπ’
3701 3723 3799 3776 a6-

2245 3814 2368 3886 τῆς,
2395 3814 2426 3867 6
2453 3812 2690 3876 τοιοῦτος
2713 3810 2914 3881 πικρὰν
2947 3810 3112 3881 αὐτὴν
3150 3809 3410 3864 δείκνυσι.

2911 3902 3120 3956 Ἄλλο.

2325 3995 2384 4050 '0
2432 3993 2727 4065 γνωστικδν
2782 3992 2974 4048 ἑαυτὸν
3027 3990 3309 4061 δεικνύων,
3362 3993 3456 4047 καὶ
3480 3992 3541 4046 οὺ
3592 3993 3794 4064 μᾶλλον

2242 4086 2564 4159 πρακτικὸν,
2591 4083 2948 4156 ἀναισθησίαν
2981 4084 3146 4136 νοσεῖ.

2907 4175 3119 4230 Ἀλλο.

2315 4268 2629 4340 missimus
2656 4268 2739 4321 ὅτι
2773 4268 2802 4320 6
2824 4266 2912 4321 διὰ
2951 4266 3113 4337 λόγου
3143 4268 3336 4324 ἑαυτοῦ
3367 4269 3792 4336 καταγινώσκων

2244 4361 2395 4414 οὐδὲν
2418 4358 2708 4426 ὠφελεῖται
2735 4359 2800 4412 εκ
2822 4356 3032 4422 τούτου,
3061 4359 3158 4415 ἐὰν
3194 4360 3270 4432 μὴ
3298 4361 3394 4414 καὶ
3418 4360 3516 4430 τὴν
3543 4358 3633 4411 διὰ
3665 4359 3789 4428 τρό-

2249 4465 2366 4506 πων
2390 4445 2722 4518 ἐπιστροφὴν
2751 4448 3035 4520 κτήσηται.

2513 4539 2767 4607 Σχόλιον
2789 4541 3115 4610 Γρηγορίου
3143 4539 3429 4604 Νυσσέως
3449 4545 3526 4603 ς’.

2246 4624 2346 4682 Ὧν
2390 4629 2423 4700 ἠ
2466 4628 2738 4700 ύπερὸολὴ
2775 4629 2870 4685 τοῦ
2921 4631 3114 4696 κακοῦ,
3144 4632 3239 4684 καὶ
3268 4628 3368 4700 τὴν
3409 4627 3686 4700 αἴσθησιν,
3716 4623 3788 4684 ὧν

2245 4720 2533 4790 πάσχουσι,
2569 4721 3014 4791 προσαφῄρηται.

2582 4816 2760 4870 Ἀλλο
2794 4813 3018 4869 Mla”
3065 4809 3443 4879 πατριάρχου.
3682 4878 3687 4883 _

2318 4906 2382 4960 Ἦ
2409 4906 2550 4961 κατὰ
2580 4905 2741 4976 μέρος
2770 4901 3096 4972 τῶνὰρετῶν
3111 4900 3376 4973 ἀπορροὴ.
3415 4901 3536 4954 ὅσον
3558 4900 3786 4956 ὑποκλέ-

2240 5014 2361 5052 πτει
2397 4999 2497 5069 τὴν
2544 4994 2814 5065 αἴσθησιν,
2855 4989 3106 5047 τοσοῦτον
3146 4989 3245 5061 τὴν
3295 4989 3498 5060 βλάϐην
3535 4991 3784 5060 χαλεπω-

2241 5087 2403 5158 τέραν
2429 5087 2748 5159 ἐργάζεταιο
2801 5081 3195 5153 ἀνεπαίσθητον
3238 5081 3348 5152 γὰρ
3393 5083 3782 5154 ἐπιφερόμενον

2239 5179 2298 5232 τὸ
2325 5179 2514 5245 κακὸν,
2563 5174 2930 5246 ἀθεράπευτον
2955 5172 3056 5244 τὴν
3102 5172 3254 5226 νόσον
3287 5171 3442 5226 είωθε
3465 5176 3658 5228 ποιεῖν.

2820 5263 2868 5316 Σ
2869 5262 3075 5331 χόλιον
3112 5259 3177 5325 ζ’.

2311 5352 2413 5412 Ὧν
2465 5354 2571 5411 ἀπὸ
2613 5353 2722 5408 τῶν
2762 5349 3051 5421 ὀφθαλμῶν
3088 5351 3118 5404 6
3151 5349 3315 5421 φόϐος
3352 5351 3646 5426 ἀπεκρύὸη
3686 5355 3782 5409 τοῦ

2239 5447 2397 5514 Θεοῦ,
2427 5445 2647 5508 τούτους
2667 5441 2984 5511 ἀναισθησία
3012 5441 3336 5514 πεπέδηκιν.

2768 5533 2956 5587 Ἄλλο
2987 5531 3206 5588 Ἰσαάκ.

2308 5629 2451 5694 Νοῦς
2489 5610 2904 5699 ἐμπεφυρμένος
2951 5622 3014 5677 ού
3054 5623 3270 5680 δύναται
3319 5628 3510 5702 φυγεῖν
3560 5627 3662 5700 τὴν
3689 5625 3781 5699 λή-
