  <div class='ocr_page' id='page_1' title='image "/cluster/home/n/w/nwhite01/storage/ocr_20150623/88/pst.000005712946/494.png"; bbox 0 0 4030 6342; ppageno 0'>
   <div class='ocr_carea' id='block_1_1' title="bbox 195 414 291 475">
    <p class='ocr_par' dir='ltr' id='par_1_1' title="bbox 195 414 291 475">
     <span class='ocr_line' id='line_1_1' title="bbox 195 414 291 475; baseline 0 -2"><span class='ocrx_word' id='word_1_1' title='bbox 195 414 291 475; x_wconf 74' lang='grc' dir='ltr'><strong>93ῗ</strong></span> 
     </span>
    </p>
   </div>
   <div class='ocr_carea' id='block_1_2' title="bbox 1179 400 2411 470">
    <p class='ocr_par' dir='ltr' id='par_1_2' title="bbox 1179 400 2411 470">
     <span class='ocr_line' id='line_1_2' title="bbox 1179 400 2411 470; baseline -0.008 -3"><span class='ocrx_word' id='word_1_2' title='bbox 1179 411 1402 470; x_wconf 74' lang='lat' dir='ltr'><strong>SCALA</strong></span> <span class='ocrx_word' id='word_1_3' title='bbox 1437 402 1808 467; x_wconf 75' lang='lat' dir='ltr'><strong>PARADISL</strong></span> <span class='ocrx_word' id='word_1_4' title='bbox 1840 429 1898 436; x_wconf 49' lang='grc' dir='ltr'><strong>ψη</strong></span> <span class='ocrx_word' id='word_1_5' title='bbox 1938 403 2240 460; x_wconf 59' lang='grc' dir='ltr'>(ηιιῡιῖδ</span> <span class='ocrx_word' id='word_1_6' title='bbox 2280 400 2411 458; x_wconf 70' lang='lat' dir='ltr'><strong>XIX</strong></span> 
     </span>
    </p>
   </div>
   <div class='ocr_carea' id='block_1_3' title="bbox 3293 396 3396 450">
    <p class='ocr_par' dir='ltr' id='par_1_3' title="bbox 3293 396 3396 450">
     <span class='ocr_line' id='line_1_3' title="bbox 3293 396 3396 450; baseline 0 -6"><span class='ocrx_word' id='word_1_7' title='bbox 3293 396 3396 450; x_wconf 43' lang='lat'><strong>“5&#39;8</strong></span> 
     </span>
    </p>
   </div>
   <div class='ocr_carea' id='block_1_4' title="bbox 197 504 1747 595">
    <p class='ocr_par' dir='ltr' id='par_1_4' title="bbox 197 515 1736 595">
     <span class='ocr_line' id='line_1_4' title="bbox 197 515 1736 595; baseline -0.012 -13"><span class='ocrx_word' id='word_1_8' title='bbox 197 531 312 595; x_wconf 72' lang='grc' dir='ltr'>θην,</span> <span class='ocrx_word' id='word_1_9' title='bbox 339 526 432 578; x_wconf 78' lang='grc' dir='ltr'><strong>καὶ</strong></span> <span class='ocrx_word' id='word_1_10' title='bbox 460 525 493 593; x_wconf 83' lang='grc' dir='ltr'><strong>ή</strong></span> <span class='ocrx_word' id='word_1_11' title='bbox 533 523 693 591; x_wconf 76' lang='grc' dir='ltr'>σοφία</span> <span class='ocrx_word' id='word_1_12' title='bbox 724 522 819 592; x_wconf 81' lang='grc' dir='ltr'>τὴν</span> <span class='ocrx_word' id='word_1_13' title='bbox 852 519 1044 589; x_wconf 73' lang='grc' dir='ltr'>εαυτῆς</span> <span class='ocrx_word' id='word_1_14' title='bbox 1072 518 1240 589; x_wconf 81' lang='grc' dir='ltr'>θύραν</span> <span class='ocrx_word' id='word_1_15' title='bbox 1280 519 1356 587; x_wconf 77' lang='grc' dir='ltr'>τῷ</span> <span class='ocrx_word' id='word_1_16' title='bbox 1389 517 1612 584; x_wconf 80' lang='grc' dir='ltr'>τοιούτῳ</span> <span class='ocrx_word' id='word_1_17' title='bbox 1639 515 1736 566; x_wconf 81' lang='grc' dir='ltr'><strong>οὑκ</strong></span> 
     </span>
    </p>
   </div>
   <div class='ocr_carea' id='block_1_5' title="bbox 1852 504 3393 595">
    <p class='ocr_par' dir='ltr' id='par_1_5' title="bbox 1852 504 3393 578">
     <span class='ocr_line' id='line_1_5' title="bbox 1852 504 3393 578; baseline -0.006 -14"><span class='ocrx_word' id='word_1_18' title='bbox 1852 526 1963 578; x_wconf 64' lang='grc' dir='ltr'>,τρια</span> <span class='ocrx_word' id='word_1_19' title='bbox 1984 511 2330 571; x_wconf 68' lang='lat' dir='ltr'><strong>oblivionem,</strong></span> <span class='ocrx_word' id='word_1_20' title='bbox 2366 520 2417 561; x_wconf 77' lang='grc' dir='ltr'>«ιι</span> <span class='ocrx_word' id='word_1_21' title='bbox 2445 508 2702 577; x_wconf 63' lang='lat' dir='ltr'><strong>sapientia</strong></span> <span class='ocrx_word' id='word_1_22' title='bbox 2734 507 2821 560; x_wconf 83' lang='lat' dir='ltr'><strong>tali</strong></span> <span class='ocrx_word' id='word_1_23' title='bbox 2853 507 3053 561; x_wconf 87' lang='lat' dir='ltr'><strong>aditum</strong></span> <span class='ocrx_word' id='word_1_24' title='bbox 3084 504 3144 557; x_wconf 87' lang='lat' dir='ltr'><strong>ad</strong></span> <span class='ocrx_word' id='word_1_25' title='bbox 3176 519 3232 558; x_wconf 83' lang='lat' dir='ltr'><strong>se</strong></span> <span class='ocrx_word' id='word_1_26' title='bbox 3263 522 3393 570; x_wconf 61' lang='grc' dir='ltr'>ιιιτει-</span> 
     </span>
    </p>
   </div>
   <div class='ocr_carea' id='block_1_6' title="bbox 200 616 417 683">
    <p class='ocr_par' dir='ltr' id='par_1_6' title="bbox 200 616 417 683">
     <span class='ocr_line' id='line_1_6' title="bbox 200 616 417 683; baseline -0.009 -13"><span class='ocrx_word' id='word_1_27' title='bbox 200 616 417 683; x_wconf 57' lang='grc' dir='ltr'>ἀνοίγει.</span> 
     </span>
    </p>
   </div>
   <div class='ocr_carea' id='block_1_7' title="bbox 1844 603 2028 657">
    <p class='ocr_par' dir='ltr' id='par_1_7' title="bbox 1844 603 2028 657">
     <span class='ocr_line' id='line_1_7' title="bbox 1844 603 2028 657; baseline -0.011 -1"><span class='ocrx_word' id='word_1_28' title='bbox 1844 603 2028 657; x_wconf 86' lang='lat' dir='ltr'><strong>cludit.</strong></span> 
     </span>
    </p>
   </div>
   <div class='ocr_carea' id='block_1_8' title="bbox 213 746 3386 786">
    <p class='ocr_par' dir='ltr' id='par_1_8' title="bbox 213 746 3386 786">
     <span class='ocr_line' id='line_1_8' title="bbox 213 746 3386 786; baseline 0 -8"><span class='ocrx_word' id='word_1_29' title='bbox 213 746 3386 786; x_wconf 36' lang='lat' dir='ltr'><strong>Ma”.</strong></span> 
     </span>
    </p>
   </div>
   <div class='ocr_carea' id='block_1_9' title="bbox 784 846 1126 909">
    <p class='ocr_par' dir='ltr' id='par_1_9' title="bbox 784 846 1126 909">
     <span class='ocr_line' id='line_1_9' title="bbox 784 846 1126 909; baseline -0.006 0"><span class='ocrx_word' id='word_1_30' title='bbox 784 854 1000 909; x_wconf 82' lang='grc' dir='ltr'><strong>ΛΟΓΟΣ</strong></span> <span class='ocrx_word' id='word_1_31' title='bbox 1025 846 1126 908; x_wconf 81' lang='grc' dir='ltr'><strong>ῘΘ¹.</strong></span> 
     </span>
    </p>
   </div>
   <div class='ocr_carea' id='block_1_10' title="bbox 193 966 1732 1037">
    <p class='ocr_par' dir='ltr' id='par_1_10' title="bbox 193 966 1732 1037">
     <span class='ocr_line' id='line_1_10' title="bbox 193 966 1732 1037; baseline -0.006 -14"><span class='ocrx_word' id='word_1_32' title='bbox 193 968 330 1037; x_wconf 77' lang='grc' dir='ltr'>Περὶ</span> <span class='ocrx_word' id='word_1_33' title='bbox 372 968 566 1022; x_wconf 74' lang='grc' dir='ltr'>ὕπνου</span> <span class='ocrx_word' id='word_1_34' title='bbox 613 966 1130 1037; x_wconf 42' lang='grc' dir='ltr'>καί-προσευχῆς,</span> <span class='ocrx_word' id='word_1_35' title='bbox 1175 967 1272 1021; x_wconf 83' lang='grc' dir='ltr'><strong>καί</strong></span> <span class='ocrx_word' id='word_1_36' title='bbox 1318 966 1428 1034; x_wconf 83' lang='grc' dir='ltr'>τῆς</span> <span class='ocrx_word' id='word_1_37' title='bbox 1469 966 1537 1017; x_wconf 81' lang='grc' dir='ltr'><strong>ἐν</strong></span> <span class='ocrx_word' id='word_1_38' title='bbox 1583 979 1732 1015; x_wconf 84' lang='grc' dir='ltr'>συν-</span> 
     </span>
    </p>
   </div>
   <div class='ocr_carea' id='block_1_11' title="bbox 686 1035 1437 1105">
    <p class='ocr_par' dir='ltr' id='par_1_11' title="bbox 686 1035 1437 1105">
     <span class='ocr_line' id='line_1_11' title="bbox 686 1035 1437 1105; baseline 0.004 -17"><span class='ocrx_word' id='word_1_39' title='bbox 686 1035 820 1102; x_wconf 80' lang='grc' dir='ltr'>οδίᾳ</span> <span class='ocrx_word' id='word_1_40' title='bbox 872 1036 1242 1105; x_wconf 66' lang='grc' dir='ltr'>ψαλμῳδίας.</span> <span class='ocrx_word' id='word_1_41' title='bbox 1426 1045 1437 1056; x_wconf 90' lang='grc'><em>’</em></span> 
     </span>
    </p>
   </div>
   <div class='ocr_carea' id='block_1_12' title="bbox 263 1122 1743 1195">
    <p class='ocr_par' dir='ltr' id='par_1_12' title="bbox 263 1122 1743 1195">
     <span class='ocr_line' id='line_1_12' title="bbox 263 1122 1743 1195; baseline -0.005 -14"><span class='ocrx_word' id='word_1_42' title='bbox 263 1129 468 1191; x_wconf 81' lang='grc' dir='ltr'>’Υπνος</span> <span class='ocrx_word' id='word_1_43' title='bbox 527 1128 645 1181; x_wconf 76' lang='grc' dir='ltr'>ἐστὶ</span> <span class='ocrx_word' id='word_1_44' title='bbox 704 1126 916 1195; x_wconf 82' lang='grc' dir='ltr'>φύσεως</span> <span class='ocrx_word' id='word_1_45' title='bbox 973 1124 1535 1194; x_wconf 59' lang='lat' dir='ltr'><strong>medicationem“)</strong></span> <span class='ocrx_word' id='word_1_46' title='bbox 1582 1122 1743 1176; x_wconf 86' lang='grc' dir='ltr'>εἰκὼν</span> 
     </span>
    </p>
   </div>
   <div class='ocr_carea' id='block_1_13' title="bbox 192 1212 1745 1287">
    <p class='ocr_par' dir='ltr' id='par_1_13' title="bbox 192 1212 1745 1287">
     <span class='ocr_line' id='line_1_13' title="bbox 192 1212 1745 1287; baseline -0.007 -12"><span class='ocrx_word' id='word_1_47' title='bbox 192 1220 442 1282; x_wconf 84' lang='grc' dir='ltr'>θανάτου,</span> <span class='ocrx_word' id='word_1_48' title='bbox 475 1218 775 1287; x_wconf 74' lang='grc' dir='ltr'>αἰσθήσεων</span> <span class='ocrx_word' id='word_1_49' title='bbox 814 1216 997 1286; x_wconf 84' lang='grc' dir='ltr'>ἀργία.</span> <span class='ocrx_word' id='word_1_50' title='bbox 1054 1212 1147 1279; x_wconf 76' lang='grc' dir='ltr'><strong>Εἷς</strong></span> <span class='ocrx_word' id='word_1_51' title='bbox 1184 1219 1280 1287; x_wconf 85' lang='grc' dir='ltr'><strong>μὲν</strong></span> <span class='ocrx_word' id='word_1_52' title='bbox 1307 1220 1334 1271; x_wconf 89' lang='grc' dir='ltr'><strong>ὁ</strong></span> <span class='ocrx_word' id='word_1_53' title='bbox 1368 1217 1557 1278; x_wconf 82' lang='grc' dir='ltr'>ὑπνος,</span> <span class='ocrx_word' id='word_1_54' title='bbox 1592 1213 1745 1266; x_wconf 84' lang='grc' dir='ltr'>πλεί-</span> 
     </span>
    </p>
   </div>
   <div class='ocr_carea' id='block_1_14' title="bbox 198 1307 1737 1379">
    <p class='ocr_par' dir='ltr' id='par_1_14' title="bbox 198 1307 1737 1379">
     <span class='ocr_line' id='line_1_14' title="bbox 198 1307 1737 1379; baseline -0.005 -12"><span class='ocrx_word' id='word_1_55' title='bbox 198 1330 327 1375; x_wconf 83' lang='grc' dir='ltr'><strong>στας</strong></span> <span class='ocrx_word' id='word_1_56' title='bbox 365 1311 420 1369; x_wconf 75' lang='grc' dir='ltr'>δὲ</span> <span class='ocrx_word' id='word_1_57' title='bbox 467 1310 567 1374; x_wconf 81' lang='grc' dir='ltr'>τὰς</span> <span class='ocrx_word' id='word_1_58' title='bbox 612 1309 917 1372; x_wconf 85' lang='grc' dir='ltr'>ὑποθέσεις,</span> <span class='ocrx_word' id='word_1_59' title='bbox 952 1310 1027 1371; x_wconf 81' lang='grc' dir='ltr'>ὡς</span> <span class='ocrx_word' id='word_1_60' title='bbox 1070 1311 1165 1363; x_wconf 66' lang='grc' dir='ltr'><strong>καὶ</strong></span> <span class='ocrx_word' id='word_1_61' title='bbox 1213 1312 1246 1379; x_wconf 79' lang='grc' dir='ltr'><strong>ἡ</strong></span> <span class='ocrx_word' id='word_1_62' title='bbox 1294 1308 1556 1377; x_wconf 77' lang='grc' dir='ltr'>ἐπιθυμία</span> <span class='ocrx_word' id='word_1_63' title='bbox 1603 1307 1737 1375; x_wconf 75' lang='grc' dir='ltr'>ἔχει.</span> 
     </span>
    </p>
   </div>
   <div class='ocr_carea' id='block_1_15' title="bbox 194 1397 1737 1470">
    <p class='ocr_par' dir='ltr' id='par_1_15' title="bbox 194 1397 1737 1470">
     <span class='ocr_line' id='line_1_15' title="bbox 194 1397 1737 1470; baseline -0.005 -15"><span class='ocrx_word' id='word_1_64' title='bbox 194 1404 353 1470; x_wconf 83' lang='grc' dir='ltr'><strong>Λέγω</strong></span> <span class='ocrx_word' id='word_1_65' title='bbox 395 1401 451 1454; x_wconf 81' lang='grc' dir='ltr'>δὲ</span> <span class='ocrx_word' id='word_1_66' title='bbox 506 1401 571 1453; x_wconf 80' lang='grc' dir='ltr'>ἐκ</span> <span class='ocrx_word' id='word_1_67' title='bbox 623 1398 857 1467; x_wconf 82' lang='grc' dir='ltr'>φύσεως,</span> <span class='ocrx_word' id='word_1_68' title='bbox 887 1401 951 1453; x_wconf 82' lang='grc' dir='ltr'>ὲκ</span> <span class='ocrx_word' id='word_1_69' title='bbox 996 1400 1317 1470; x_wconf 79' lang='grc' dir='ltr'><strong>βρωμάτων,</strong></span> <span class='ocrx_word' id='word_1_70' title='bbox 1345 1401 1419 1452; x_wconf 79' lang='grc' dir='ltr'><strong>ὲκ·</strong></span> <span class='ocrx_word' id='word_1_71' title='bbox 1450 1397 1737 1468; x_wconf 75' lang='grc' dir='ltr'>δαιμόνων,</span> 
     </span>
    </p>
   </div>
   <div class='ocr_carea' id='block_1_16' title="bbox 194 1486 1736 1561">
    <p class='ocr_par' dir='ltr' id='par_1_16' title="bbox 194 1486 1736 1561">
     <span class='ocr_line' id='line_1_16' title="bbox 194 1486 1736 1561; baseline 0.013 -21"><span class='ocrx_word' id='word_1_72' title='bbox 194 1490 393 1561; x_wconf 79' lang='grc' dir='ltr'>ἧτάχα</span> <span class='ocrx_word' id='word_1_73' title='bbox 436 1506 541 1543; x_wconf 91' lang='grc' dir='ltr'><strong>που</strong></span> <span class='ocrx_word' id='word_1_74' title='bbox 587 1490 682 1541; x_wconf 75' lang='grc' dir='ltr'><strong>καὶ</strong></span> <span class='ocrx_word' id='word_1_75' title='bbox 731 1488 792 1553; x_wconf 74' lang='grc' dir='ltr'><strong>ἐξ</strong></span> <span class='ocrx_word' id='word_1_76' title='bbox 836 1490 1009 1559; x_wconf 81' lang='grc' dir='ltr'>ἄκρας</span> <span class='ocrx_word' id='word_1_77' title='bbox 1038 1488 1429 1559; x_wconf 78' lang='grc' dir='ltr'>ἐπιτεταμένης</span> <span class='ocrx_word' id='word_1_78' title='bbox 1448 1486 1696 1556; x_wconf 75' lang='grc' dir='ltr'>νηστείας</span> <span class='ocrx_word' id='word_1_79' title='bbox 1722 1502 1736 1515; x_wconf 85' lang='grc'><em>’</em></span> 
     </span>
    </p>
   </div>
   <div class='ocr_carea' id='block_1_17' title="bbox 196 1574 1739 1654">
    <p class='ocr_par' dir='ltr' id='par_1_17' title="bbox 196 1574 1739 1654">
     <span class='ocr_line' id='line_1_17' title="bbox 196 1574 1739 1654; baseline -0.015 -6"><span class='ocrx_word' id='word_1_80' title='bbox 196 1582 255 1648; x_wconf 72' lang='grc' dir='ltr'><strong>ἒξ</strong></span> <span class='ocrx_word' id='word_1_81' title='bbox 276 1577 344 1654; x_wconf 74' lang='grc' dir='ltr'>ἧς</span> <span class='ocrx_word' id='word_1_82' title='bbox 388 1580 740 1645; x_wconf 77' lang='grc' dir='ltr'>ὲξασθενοῦσα</span> <span class='ocrx_word' id='word_1_83' title='bbox 767 1582 801 1649; x_wconf 86' lang='grc' dir='ltr'><strong>ή</strong></span> <span class='ocrx_word' id='word_1_84' title='bbox 838 1579 993 1650; x_wconf 78' lang='grc' dir='ltr'>σὰρξ,</span> <span class='ocrx_word' id='word_1_85' title='bbox 1029 1578 1096 1632; x_wconf 80' lang='grc' dir='ltr'>δι’</span> <span class='ocrx_word' id='word_1_86' title='bbox 1123 1578 1290 1632; x_wconf 86' lang='grc' dir='ltr'>ὑπνου</span> <span class='ocrx_word' id='word_1_87' title='bbox 1336 1576 1517 1631; x_wconf 85' lang='grc' dir='ltr'>λοιπὸν</span> <span class='ocrx_word' id='word_1_88' title='bbox 1544 1574 1739 1645; x_wconf 79' lang='grc' dir='ltr'>ἑαυτὴν</span> 
     </span>
    </p>
   </div>
   <div class='ocr_carea' id='block_1_18' title="bbox 196 1655 1741 1743">
    <p class='ocr_par' dir='ltr' id='par_1_18' title="bbox 196 1655 1741 1743">
     <span class='ocr_line' id='line_1_18' title="bbox 196 1655 1741 1743; baseline -0.005 -17"><span class='ocrx_word' id='word_1_89' title='bbox 196 1655 632 1743; x_wconf 71' lang='grc' dir='ltr'>παραμυθεῖσθαι</span> <span class='ocrx_word' id='word_1_90' title='bbox 676 1670 942 1741; x_wconf 81' lang='grc' dir='ltr'>βούλεται,</span> <span class='ocrx_word' id='word_1_91' title='bbox 969 1670 1159 1741; x_wconf 83' lang='grc' dir='ltr'>ὥσπερ</span> <span class='ocrx_word' id='word_1_92' title='bbox 1204 1673 1237 1741; x_wconf 87' lang='grc' dir='ltr'><strong>ή</strong></span> <span class='ocrx_word' id='word_1_93' title='bbox 1283 1668 1583 1723; x_wconf 87' lang='grc' dir='ltr'>πολυποσία</span> <span class='ocrx_word' id='word_1_94' title='bbox 1618 1683 1741 1720; x_wconf 89' lang='grc' dir='ltr'>συν-</span> 
     </span>
    </p>
   </div>
   <div class='ocr_carea' id='block_1_19' title="bbox 196 1760 1741 1834">
    <p class='ocr_par' dir='ltr' id='par_1_19' title="bbox 196 1760 1741 1834">
     <span class='ocr_line' id='line_1_19' title="bbox 196 1760 1741 1834; baseline -0.003 -19"><span class='ocrx_word' id='word_1_95' title='bbox 196 1763 351 1833; x_wconf 82' lang='grc' dir='ltr'>ηθείᾳ</span> <span class='ocrx_word' id='word_1_96' title='bbox 381 1764 642 1834; x_wconf 67' lang='grc' dir='ltr'>ἢρτηται·</span> <span class='ocrx_word' id='word_1_97' title='bbox 677 1760 848 1824; x_wconf 82' lang='grc' dir='ltr'>οὑτως</span> <span class='ocrx_word' id='word_1_98' title='bbox 879 1762 972 1814; x_wconf 72' lang='grc' dir='ltr'><strong>καὶ</strong></span> <span class='ocrx_word' id='word_1_99' title='bbox 1001 1763 1035 1832; x_wconf 83' lang='grc' dir='ltr'><strong>ή</strong></span> <span class='ocrx_word' id='word_1_100' title='bbox 1074 1762 1378 1816; x_wconf 83' lang='grc' dir='ltr'>πολυῢπνία</span> <span class='ocrx_word' id='word_1_101' title='bbox 1398 1779 1412 1793; x_wconf 71' lang='grc' dir='ltr'><strong>ο</strong></span> <span class='ocrx_word' id='word_1_102' title='bbox 1452 1761 1533 1813; x_wconf 92' lang='grc' dir='ltr'><strong>διὸ</strong></span> <span class='ocrx_word' id='word_1_103' title='bbox 1565 1762 1621 1813; x_wconf 77' lang='grc' dir='ltr'>ὲν</span> <span class='ocrx_word' id='word_1_104' title='bbox 1643 1760 1741 1827; x_wconf 87' lang='grc' dir='ltr'><strong>ἀρ-</strong></span> 
     </span>
    </p>
   </div>
   <div class='ocr_carea' id='block_1_20' title="bbox 197 1846 1741 1925">
    <p class='ocr_par' dir='ltr' id='par_1_20' title="bbox 197 1846 1741 1925">
     <span class='ocr_line' id='line_1_20' title="bbox 197 1846 1741 1925; baseline -0.003 -21"><span class='ocrx_word' id='word_1_105' title='bbox 197 1854 316 1923; x_wconf 82' lang='grc' dir='ltr'>χαῖς</span> <span class='ocrx_word' id='word_1_106' title='bbox 363 1851 592 1920; x_wconf 80' lang='grc' dir='ltr'>μάλιστα</span> <span class='ocrx_word' id='word_1_107' title='bbox 632 1850 730 1925; x_wconf 79' lang='grc' dir='ltr'>τῇς</span> <span class='ocrx_word' id='word_1_108' title='bbox 769 1850 1045 1919; x_wconf 81' lang='grc' dir='ltr'><strong>ὑποταγῆς</strong></span> <span class='ocrx_word' id='word_1_109' title='bbox 1092 1852 1212 1903; x_wconf 84' lang='grc' dir='ltr'>κατ’</span> <span class='ocrx_word' id='word_1_110' title='bbox 1247 1852 1419 1920; x_wconf 82' lang='grc' dir='ltr'>αὑτῆς</span> <span class='ocrx_word' id='word_1_111' title='bbox 1462 1846 1741 1918; x_wconf 83' lang='grc' dir='ltr'>ἀγωνισώ-</span> 
     </span>
    </p>
   </div>
   <div class='ocr_carea' id='block_1_21' title="bbox 2384 852 2837 906">
    <p class='ocr_par' dir='ltr' id='par_1_21' title="bbox 2384 852 2837 906">
     <span class='ocr_line' id='line_1_21' title="bbox 2384 852 2837 906; baseline 0 -1"><span class='ocrx_word' id='word_1_112' title='bbox 2384 852 2663 906; x_wconf 62' lang='grc' dir='ltr'><strong>(ἶίὶλυιᾷδ</strong></span> <span class='ocrx_word' id='word_1_113' title='bbox 2702 852 2837 905; x_wconf 68' lang='lat' dir='ltr'><strong>XIX.</strong></span> 
     </span>
    </p>
   </div>
   <div class='ocr_carea' id='block_1_22' title="bbox 1851 964 3395 1033">
    <p class='ocr_par' dir='ltr' id='par_1_22' title="bbox 1851 964 3395 1033">
     <span class='ocr_line' id='line_1_22' title="bbox 1851 964 3395 1033; baseline -0.003 -16"><span class='ocrx_word' id='word_1_114' title='bbox 1851 964 1923 1019; x_wconf 84' lang='lat' dir='ltr'><strong>De</strong></span> <span class='ocrx_word' id='word_1_115' title='bbox 1947 966 2427 1033; x_wconf 77' lang='lat' dir='ltr'><strong>somno,prccibus,</strong></span> <span class='ocrx_word' id='word_1_116' title='bbox 2472 967 2593 1017; x_wconf 76' lang='lat' dir='ltr'><strong>etin</strong></span> <span class='ocrx_word' id='word_1_117' title='bbox 2632 965 2839 1030; x_wconf 83' lang='lat' dir='ltr'><strong>publica</strong></span> <span class='ocrx_word' id='word_1_118' title='bbox 2881 975 3126 1017; x_wconf 77' lang='lat' dir='ltr'><strong>concentu</strong></span> <span class='ocrx_word' id='word_1_119' title='bbox 3169 966 3395 1031; x_wconf 74' lang='lat' dir='ltr'><strong>psalmo-</strong></span> 
     </span>
    </p>
   </div>
   <div class='ocr_carea' id='block_1_23' title="bbox 2469 1044 2794 1087">
    <p class='ocr_par' dir='ltr' id='par_1_23' title="bbox 2469 1044 2794 1087">
     <span class='ocr_line' id='line_1_23' title="bbox 2469 1044 2794 1087; baseline 0.003 -2"><span class='ocrx_word' id='word_1_120' title='bbox 2469 1052 2582 1085; x_wconf 82' lang='lat' dir='ltr'><strong>rum</strong></span> <span class='ocrx_word' id='word_1_121' title='bbox 2617 1044 2794 1087; x_wconf 75' lang='lat' dir='ltr'><strong>cantu.</strong></span> 
     </span>
    </p>
   </div>
   <div class='ocr_carea' id='block_1_24' title="bbox 1922 1123 3393 1194">
    <p class='ocr_par' dir='ltr' id='par_1_24' title="bbox 1922 1123 3393 1194">
     <span class='ocr_line' id='line_1_24' title="bbox 1922 1123 3393 1194; baseline -0.001 -15"><span class='ocrx_word' id='word_1_122' title='bbox 1922 1123 2158 1179; x_wconf 86' lang='lat' dir='ltr'><strong>Somnus</strong></span> <span class='ocrx_word' id='word_1_123' title='bbox 2191 1135 2276 1180; x_wconf 76' lang='lat' dir='ltr'><strong>est</strong></span> <span class='ocrx_word' id='word_1_124' title='bbox 2314 1136 2485 1180; x_wconf 84' lang='lat' dir='ltr'><strong>status</strong></span> <span class='ocrx_word' id='word_1_125' title='bbox 2531 1142 2622 1180; x_wconf 87' lang='lat' dir='ltr'><strong>seu</strong></span> <span class='ocrx_word' id='word_1_126' title='bbox 2664 1125 2884 1180; x_wconf 77' lang='lat' dir='ltr'><strong>allectus</strong></span> <span class='ocrx_word' id='word_1_127' title='bbox 2922 1126 3137 1194; x_wconf 89' lang='lat' dir='ltr'><strong>quidam</strong></span> <span class='ocrx_word' id='word_1_128' title='bbox 3175 1132 3393 1185; x_wconf 57' lang='lat' dir='ltr'><strong>natura;</strong></span> 
     </span>
    </p>
   </div>
   <div class='ocr_carea' id='block_1_25' title="bbox 1849 1212 3395 1286">
    <p class='ocr_par' dir='ltr' id='par_1_25' title="bbox 1849 1212 3395 1286">
     <span class='ocr_line' id='line_1_25' title="bbox 1849 1212 3395 1286; baseline -0.001 -17"><span class='ocrx_word' id='word_1_129' title='bbox 1849 1216 2041 1269; x_wconf 84' lang='lat' dir='ltr'><strong>mortis</strong></span> <span class='ocrx_word' id='word_1_130' title='bbox 2073 1217 2248 1286; x_wconf 83' lang='lat' dir='ltr'><strong>imago</strong></span> <span class='ocrx_word' id='word_1_131' title='bbox 2290 1216 2383 1283; x_wconf 79' lang='grc' dir='ltr'>(α),</span> <span class='ocrx_word' id='word_1_132' title='bbox 2421 1231 2697 1276; x_wconf 86' lang='lat' dir='ltr'><strong>sensuum,</strong></span> <span class='ocrx_word' id='word_1_133' title='bbox 2734 1217 2889 1284; x_wconf 89' lang='lat' dir='ltr'><strong>quies</strong></span> <span class='ocrx_word' id='word_1_134' title='bbox 2919 1225 2972 1269; x_wconf 86' lang='lat' dir='ltr'><strong>et</strong></span> <span class='ocrx_word' id='word_1_135' title='bbox 3001 1218 3244 1269; x_wconf 80' lang='lat' dir='ltr'><strong>cessatio.</strong></span> <span class='ocrx_word' id='word_1_136' title='bbox 3283 1212 3395 1267; x_wconf 60' lang='lat' dir='ltr'><strong>lina</strong></span> 
     </span>
    </p>
   </div>
   <div class='ocr_carea' id='block_1_26' title="bbox 1846 1306 3396 1375">
    <p class='ocr_par' dir='ltr' id='par_1_26' title="bbox 1846 1306 3396 1375">
     <span class='ocr_line' id='line_1_26' title="bbox 1846 1306 3396 1375; baseline -0.003 -16"><span class='ocrx_word' id='word_1_137' title='bbox 1846 1306 2059 1375; x_wconf 86' lang='lat' dir='ltr'><strong>quidem</strong></span> <span class='ocrx_word' id='word_1_138' title='bbox 2090 1315 2174 1360; x_wconf 89' lang='lat' dir='ltr'><strong>est</strong></span> <span class='ocrx_word' id='word_1_139' title='bbox 2206 1306 2346 1358; x_wconf 88' lang='lat' dir='ltr'><strong>ratio</strong></span> <span class='ocrx_word' id='word_1_140' title='bbox 2380 1307 2578 1370; x_wconf 86' lang='lat' dir='ltr'><strong>somni,</strong></span> <span class='ocrx_word' id='word_1_141' title='bbox 2614 1309 2704 1359; x_wconf 85' lang='lat' dir='ltr'><strong>sed</strong></span> <span class='ocrx_word' id='word_1_142' title='bbox 2741 1307 3023 1374; x_wconf 85' lang='lat' dir='ltr'><strong>plurimas,</strong></span> <span class='ocrx_word' id='word_1_143' title='bbox 3052 1307 3212 1359; x_wconf 71' lang='lat' dir='ltr'><strong>veluti</strong></span> <span class='ocrx_word' id='word_1_144' title='bbox 3246 1307 3396 1371; x_wconf 76' lang='lat' dir='ltr'><strong>mpi-</strong></span> 
     </span>
    </p>
   </div>
   <div class='ocr_carea' id='block_1_27' title="bbox 1845 1396 3397 1465">
    <p class='ocr_par' dir='ltr' id='par_1_27' title="bbox 1845 1396 3397 1465">
     <span class='ocr_line' id='line_1_27' title="bbox 1845 1396 3397 1465; baseline -0.004 -16"><span class='ocrx_word' id='word_1_145' title='bbox 1845 1396 2005 1461; x_wconf 90' lang='lat' dir='ltr'><strong>ditas,</strong></span> <span class='ocrx_word' id='word_1_146' title='bbox 2040 1396 2197 1450; x_wconf 88' lang='lat' dir='ltr'><strong>habet</strong></span> <span class='ocrx_word' id='word_1_147' title='bbox 2239 1410 2451 1450; x_wconf 84' lang='lat' dir='ltr'><strong>causas.</strong></span> <span class='ocrx_word' id='word_1_148' title='bbox 2482 1398 2557 1450; x_wconf 83' lang='lat' dir='ltr'><strong>Ex</strong></span> <span class='ocrx_word' id='word_1_149' title='bbox 2601 1406 2814 1459; x_wconf 89' lang='lat' dir='ltr'><strong>natura,</strong></span> <span class='ocrx_word' id='word_1_150' title='bbox 2868 1397 3108 1465; x_wconf 88' lang='lat' dir='ltr'><strong>inquam,</strong></span> <span class='ocrx_word' id='word_1_151' title='bbox 3143 1412 3205 1447; x_wconf 76' lang='lat' dir='ltr'><strong>ex</strong></span> <span class='ocrx_word' id='word_1_152' title='bbox 3239 1396 3397 1455; x_wconf 59' lang='grc' dir='ltr'>ι-ιιιὶμ,</span> 
     </span>
    </p>
   </div>
   <div class='ocr_carea' id='block_1_28' title="bbox 1846 1484 3401 1547">
    <p class='ocr_par' dir='ltr' id='par_1_28' title="bbox 1846 1484 3401 1547">
     <span class='ocr_line' id='line_1_28' title="bbox 1846 1484 3401 1547; baseline -0.003 -8"><span class='ocrx_word' id='word_1_153' title='bbox 1846 1500 1877 1539; x_wconf 90' lang='lat' dir='ltr'><strong>a</strong></span> <span class='ocrx_word' id='word_1_154' title='bbox 1909 1485 2263 1547; x_wconf 80' lang='lat' dir='ltr'><strong>daemonibus,</strong></span> <span class='ocrx_word' id='word_1_155' title='bbox 2300 1494 2393 1539; x_wconf 87' lang='lat' dir='ltr'><strong>aut</strong></span> <span class='ocrx_word' id='word_1_156' title='bbox 2437 1484 2667 1540; x_wconf 78' lang='lat' dir='ltr'><strong>fortasse</strong></span> <span class='ocrx_word' id='word_1_157' title='bbox 2699 1487 2856 1540; x_wconf 86' lang='lat' dir='ltr'><strong>etiam</strong></span> <span class='ocrx_word' id='word_1_158' title='bbox 2887 1504 2948 1541; x_wconf 78' lang='lat' dir='ltr'><strong>ex</strong></span> <span class='ocrx_word' id='word_1_159' title='bbox 2981 1502 3189 1540; x_wconf 90' lang='lat' dir='ltr'><strong>summa</strong></span> <span class='ocrx_word' id='word_1_160' title='bbox 3228 1494 3278 1536; x_wconf 76' lang='grc' dir='ltr'>(ιι</span> <span class='ocrx_word' id='word_1_161' title='bbox 3320 1486 3401 1536; x_wconf 85' lang='lat' dir='ltr'><strong>ni-</strong></span> 
     </span>
    </p>
   </div>
   <div class='ocr_carea' id='block_1_29' title="bbox 1846 1576 3401 1646">
    <p class='ocr_par' dir='ltr' id='par_1_29' title="bbox 1846 1576 3401 1646">
     <span class='ocr_line' id='line_1_29' title="bbox 1846 1576 3401 1646; baseline -0.001 -16"><span class='ocrx_word' id='word_1_162' title='bbox 1846 1578 1952 1630; x_wconf 88' lang='lat' dir='ltr'><strong>mia</strong></span> <span class='ocrx_word' id='word_1_163' title='bbox 1979 1576 2167 1646; x_wconf 73' lang='lat' dir='ltr'><strong>jejunii</strong></span> <span class='ocrx_word' id='word_1_164' title='bbox 2200 1576 2399 1641; x_wconf 90' lang='lat' dir='ltr'><strong>inedia,</strong></span> <span class='ocrx_word' id='word_1_165' title='bbox 2422 1593 2527 1645; x_wconf 84' lang='lat' dir='ltr'><strong>qua</strong></span> <span class='ocrx_word' id='word_1_166' title='bbox 2550 1577 2883 1632; x_wconf 83' lang='lat' dir='ltr'><strong>debilitatum</strong></span> <span class='ocrx_word' id='word_1_167' title='bbox 2912 1593 3108 1646; x_wconf 75' lang='lat' dir='ltr'><strong>cm-pus</strong></span> <span class='ocrx_word' id='word_1_168' title='bbox 3140 1594 3231 1645; x_wconf 79' lang='lat' dir='ltr'><strong>per</strong></span> <span class='ocrx_word' id='word_1_169' title='bbox 3259 1592 3401 1629; x_wconf 83' lang='lat' dir='ltr'><strong>smu—</strong></span> 
     </span>
    </p>
   </div>
   <div class='ocr_carea' id='block_1_30' title="bbox 1846 1668 3402 1737">
    <p class='ocr_par' dir='ltr' id='par_1_30' title="bbox 1846 1668 3402 1737">
     <span class='ocr_line' id='line_1_30' title="bbox 1846 1668 3402 1737; baseline -0.001 -16"><span class='ocrx_word' id='word_1_170' title='bbox 1846 1684 1973 1722; x_wconf 90' lang='lat' dir='ltr'><strong>num</strong></span> <span class='ocrx_word' id='word_1_171' title='bbox 1999 1668 2247 1737; x_wconf 83' lang='lat' dir='ltr'><strong>deinceps</strong></span> <span class='ocrx_word' id='word_1_172' title='bbox 2270 1680 2497 1722; x_wconf 86' lang='lat' dir='ltr'><strong>conatur</strong></span> <span class='ocrx_word' id='word_1_173' title='bbox 2519 1685 2575 1724; x_wconf 90' lang='lat' dir='ltr'><strong>se</strong></span> <span class='ocrx_word' id='word_1_174' title='bbox 2598 1670 2814 1724; x_wconf 88' lang='lat' dir='ltr'><strong>reﬁcere</strong></span> <span class='ocrx_word' id='word_1_175' title='bbox 2842 1680 2895 1723; x_wconf 84' lang='lat' dir='ltr'><strong>et</strong></span> <span class='ocrx_word' id='word_1_176' title='bbox 2923 1685 3181 1724; x_wconf 86' lang='lat' dir='ltr'><strong>recreare.</strong></span> <span class='ocrx_word' id='word_1_177' title='bbox 3202 1671 3402 1733; x_wconf 71' lang='lat' dir='ltr'><strong>Quem-</strong></span> 
     </span>
    </p>
   </div>
   <div class='ocr_carea' id='block_1_31' title="bbox 1846 1758 3401 1829">
    <p class='ocr_par' dir='ltr' id='par_1_31' title="bbox 1846 1758 3401 1829">
     <span class='ocr_line' id='line_1_31' title="bbox 1846 1758 3401 1829; baseline -0.001 -16"><span class='ocrx_word' id='word_1_178' title='bbox 1846 1758 2134 1813; x_wconf 81' lang='lat' dir='ltr'><strong>admodum</strong></span> <span class='ocrx_word' id='word_1_179' title='bbox 2168 1759 2421 1828; x_wconf 82' lang='lat' dir='ltr'><strong>frequens</strong></span> <span class='ocrx_word' id='word_1_180' title='bbox 2454 1769 2507 1812; x_wconf 89' lang='lat' dir='ltr'><strong>et</strong></span> <span class='ocrx_word' id='word_1_181' title='bbox 2550 1759 2696 1829; x_wconf 82' lang='lat' dir='ltr'><strong>larga</strong></span> <span class='ocrx_word' id='word_1_182' title='bbox 2741 1761 2987 1828; x_wconf 88' lang='lat' dir='ltr'><strong>potitatio</strong></span> <span class='ocrx_word' id='word_1_183' title='bbox 3013 1776 3076 1813; x_wconf 78' lang='lat' dir='ltr'><strong>ex</strong></span> <span class='ocrx_word' id='word_1_184' title='bbox 3116 1770 3401 1813; x_wconf 61' lang='lat' dir='ltr'><strong>caus-uetu-</strong></span> 
     </span>
    </p>
   </div>
   <div class='ocr_carea' id='block_1_32' title="bbox 1846 1851 3402 1920">
    <p class='ocr_par' dir='ltr' id='par_1_32' title="bbox 1846 1851 3402 1920">
     <span class='ocr_line' id='line_1_32' title="bbox 1846 1851 3402 1920; baseline -0.002 -16"><span class='ocrx_word' id='word_1_185' title='bbox 1846 1851 1972 1906; x_wconf 91' lang='lat' dir='ltr'><strong>dine</strong></span> <span class='ocrx_word' id='word_1_186' title='bbox 2013 1860 2136 1905; x_wconf 89' lang='lat' dir='ltr'><strong>nata</strong></span> <span class='ocrx_word' id='word_1_187' title='bbox 2167 1860 2269 1916; x_wconf 89' lang='lat' dir='ltr'><strong>est,</strong></span> <span class='ocrx_word' id='word_1_188' title='bbox 2304 1852 2373 1903; x_wconf 82' lang='lat' dir='ltr'><strong>ita</strong></span> <span class='ocrx_word' id='word_1_189' title='bbox 2399 1851 2602 1906; x_wconf 87' lang='lat' dir='ltr'><strong>nmltus</strong></span> <span class='ocrx_word' id='word_1_190' title='bbox 2625 1861 2678 1905; x_wconf 88' lang='lat' dir='ltr'><strong>et</strong></span> <span class='ocrx_word' id='word_1_191' title='bbox 2701 1851 2894 1920; x_wconf 76' lang='lat' dir='ltr'><strong>longus</strong></span> <span class='ocrx_word' id='word_1_192' title='bbox 2931 1866 3154 1905; x_wconf 87' lang='lat' dir='ltr'><strong>somnus</strong></span> <span class='ocrx_word' id='word_1_193' title='bbox 3180 1870 3190 1903; x_wconf 88' lang='lat'>:</span> <span class='ocrx_word' id='word_1_194' title='bbox 3216 1860 3402 1903; x_wconf 80' lang='lat' dir='ltr'><strong>contra</strong></span> 
     </span>
    </p>
   </div>
   <div class='ocr_carea' id='block_1_33' title="bbox 200 1926 1747 2015">
    <p class='ocr_par' dir='ltr' id='par_1_33' title="bbox 200 1943 1745 2015">
     <span class='ocr_line' id='line_1_33' title="bbox 200 1943 1745 2015; baseline 0.002 -19"><span class='ocrx_word' id='word_1_195' title='bbox 200 1943 357 2013; x_wconf 89' lang='grc' dir='ltr'>μεθα.</span> <span class='ocrx_word' id='word_1_196' title='bbox 410 1944 655 1997; x_wconf 81' lang='grc' dir='ltr'><strong>Χαλεπὸν</strong></span> <span class='ocrx_word' id='word_1_197' title='bbox 704 1944 813 2013; x_wconf 80' lang='grc' dir='ltr'><strong>γὰρ</strong></span> <span class='ocrx_word' id='word_1_198' title='bbox 855 1945 1138 2014; x_wconf 82' lang='grc' dir='ltr'>συνήθειαν</span> <span class='ocrx_word' id='word_1_199' title='bbox 1201 1945 1418 2015; x_wconf 81' lang='grc' dir='ltr'>μακράν</span> <span class='ocrx_word' id='word_1_200' title='bbox 1470 1946 1745 1999; x_wconf 75' lang='grc' dir='ltr'>ἰάσασθαι·</span> 
     </span>
    </p>
   </div>
   <div class='ocr_carea' id='block_1_34' title="bbox 1852 1926 3402 2015">
    <p class='ocr_par' dir='ltr' id='par_1_34' title="bbox 1852 1940 3402 2012">
     <span class='ocr_line' id='line_1_34' title="bbox 1852 1940 3402 2012; baseline -0.004 -16"><span class='ocrx_word' id='word_1_201' title='bbox 1852 1957 2012 2012; x_wconf 84' lang='lat' dir='ltr'><strong>quem</strong></span> <span class='ocrx_word' id='word_1_202' title='bbox 2036 1944 2086 1996; x_wconf 90' lang='lat' dir='ltr'><strong>in</strong></span> <span class='ocrx_word' id='word_1_203' title='bbox 2114 1943 2230 2011; x_wconf 90' lang='lat' dir='ltr'><strong>ipso</strong></span> <span class='ocrx_word' id='word_1_204' title='bbox 2258 1941 2529 2011; x_wconf 82' lang='lat' dir='ltr'><strong>religionis</strong></span> <span class='ocrx_word' id='word_1_205' title='bbox 2565 1950 2619 1996; x_wconf 90' lang='lat' dir='ltr'><strong>et</strong></span> <span class='ocrx_word' id='word_1_206' title='bbox 2653 1940 2887 1995; x_wconf 88' lang='lat' dir='ltr'><strong>tirocinii</strong></span> <span class='ocrx_word' id='word_1_207' title='bbox 2908 1941 3132 1995; x_wconf 79' lang='lat' dir='ltr'><strong>exordio</strong></span> <span class='ocrx_word' id='word_1_208' title='bbox 3163 1956 3402 2009; x_wconf 77' lang='lat' dir='ltr'><strong>pugnan-</strong></span> 
     </span>
    </p>
   </div>
   <div class='ocr_carea' id='block_1_35' title="bbox 208 2034 1745 2105">
    <p class='ocr_par' dir='ltr' id='par_1_35' title="bbox 208 2034 1745 2105">
     <span class='ocr_line' id='line_1_35' title="bbox 208 2034 1745 2105; baseline -0.001 -17"><span class='ocrx_word' id='word_1_209' title='bbox 208 2034 656 2105; x_wconf 86' lang='grc' dir='ltr'>Ἐπιτηρήσωμεν</span> <span class='ocrx_word' id='word_1_210' title='bbox 679 2034 773 2086; x_wconf 66' lang='grc' dir='ltr'>καὶ</span> <span class='ocrx_word' id='word_1_211' title='bbox 790 2035 1089 2105; x_wconf 76' lang='grc' dir='ltr'>εὑρήσομεν</span> <span class='ocrx_word' id='word_1_212' title='bbox 1110 2036 1209 2105; x_wconf 84' lang='grc' dir='ltr'>τῆς</span> <span class='ocrx_word' id='word_1_213' title='bbox 1230 2036 1600 2104; x_wconf 75' lang='grc' dir='ltr'><strong>πνευματικῆς</strong></span> <span class='ocrx_word' id='word_1_214' title='bbox 1620 2035 1745 2089; x_wconf 88' lang='grc' dir='ltr'>σάλ-</span> 
     </span>
    </p>
   </div>
   <div class='ocr_carea' id='block_1_36' title="bbox 197 2123 1744 2196">
    <p class='ocr_par' dir='ltr' id='par_1_36' title="bbox 197 2123 1744 2196">
     <span class='ocr_line' id='line_1_36' title="bbox 197 2123 1744 2196; baseline 0.001 -20"><span class='ocrx_word' id='word_1_215' title='bbox 197 2140 393 2191; x_wconf 86' lang='grc' dir='ltr'>πιγγος</span> <span class='ocrx_word' id='word_1_216' title='bbox 465 2123 832 2195; x_wconf 80' lang='grc' dir='ltr'><strong>σημαινούσης</strong></span> <span class='ocrx_word' id='word_1_217' title='bbox 893 2125 1101 2196; x_wconf 82' lang='grc' dir='ltr'>ὁρατῶς</span> <span class='ocrx_word' id='word_1_218' title='bbox 1173 2125 1271 2194; x_wconf 89' lang='grc' dir='ltr'>μὲν</span> <span class='ocrx_word' id='word_1_219' title='bbox 1330 2125 1744 2196; x_wconf 79' lang='grc' dir='ltr'>ἀθροιζομένους</span> 
     </span>
    </p>
   </div>
   <div class='ocr_carea' id='block_1_37' title="bbox 197 2214 1741 2287">
    <p class='ocr_par' dir='ltr' id='par_1_37' title="bbox 197 2214 1741 2287">
     <span class='ocr_line' id='line_1_37' title="bbox 197 2214 1741 2287; baseline 0.013 -27"><span class='ocrx_word' id='word_1_220' title='bbox 197 2215 475 2282; x_wconf 75' lang='grc' dir='ltr'>ἀδελφοὺς,</span> <span class='ocrx_word' id='word_1_221' title='bbox 523 2215 763 2285; x_wconf 82' lang='grc' dir='ltr'>ἀοράτως</span> <span class='ocrx_word' id='word_1_222' title='bbox 793 2215 849 2268; x_wconf 82' lang='grc' dir='ltr'>δὲ</span> <span class='ocrx_word' id='word_1_223' title='bbox 882 2214 1274 2286; x_wconf 81' lang='grc' dir='ltr'>συναγομένους</span> <span class='ocrx_word' id='word_1_224' title='bbox 1308 2217 1431 2278; x_wconf 78' lang='grc' dir='ltr'>τοὺς</span> <span class='ocrx_word' id='word_1_225' title='bbox 1472 2215 1704 2287; x_wconf 75' lang='grc' dir='ltr'>ἐχθρούς</span> <span class='ocrx_word' id='word_1_226' title='bbox 1726 2231 1741 2246; x_wconf 85' lang='grc'><strong>·</strong></span> 
     </span>
    </p>
   </div>
   <div class='ocr_carea' id='block_1_38' title="bbox 197 2289 1747 2376">
    <p class='ocr_par' dir='ltr' id='par_1_38' title="bbox 197 2289 1747 2376">
     <span class='ocr_line' id='line_1_38' title="bbox 197 2289 1747 2376; baseline 0 -19"><span class='ocrx_word' id='word_1_227' title='bbox 197 2304 276 2357; x_wconf 82' lang='grc' dir='ltr'><strong>διὸ</strong></span> <span class='ocrx_word' id='word_1_228' title='bbox 302 2305 355 2357; x_wconf 86' lang='grc' dir='ltr'><strong>οί</strong></span> <span class='ocrx_word' id='word_1_229' title='bbox 396 2303 495 2374; x_wconf 70' lang='grc' dir='ltr'>μὲν</span> <span class='ocrx_word' id='word_1_230' title='bbox 521 2304 612 2357; x_wconf 74' lang='grc' dir='ltr'><strong>ἐπὶ</strong></span> <span class='ocrx_word' id='word_1_231' title='bbox 641 2303 739 2375; x_wconf 82' lang='grc' dir='ltr'>τὴν</span> <span class='ocrx_word' id='word_1_232' title='bbox 769 2304 958 2376; x_wconf 81' lang='grc' dir='ltr'>κλίνην</span> <span class='ocrx_word' id='word_1_233' title='bbox 1004 2307 1323 2369; x_wconf 77' lang='grc' dir='ltr'>ἐπιστάντες</span> <span class='ocrx_word' id='word_1_234' title='bbox 1352 2306 1488 2374; x_wconf 71' lang='grc' dir='ltr'>μετὰ</span> <span class='ocrx_word' id='word_1_235' title='bbox 1511 2305 1612 2375; x_wconf 87' lang='grc' dir='ltr'><strong>τὴν</strong></span> <span class='ocrx_word' id='word_1_236' title='bbox 1631 2289 1635 2292; x_wconf 36' lang='grc'><em>’</em></span> <span class='ocrx_word' id='word_1_237' title='bbox 1654 2306 1747 2359; x_wconf 84' lang='grc' dir='ltr'><strong>ἀν-</strong></span> 
     </span>
    </p>
   </div>
   <div class='ocr_carea' id='block_1_39' title="bbox 198 2395 1746 2467">
    <p class='ocr_par' dir='ltr' id='par_1_39' title="bbox 198 2395 1746 2467">
     <span class='ocr_line' id='line_1_39' title="bbox 198 2395 1746 2467; baseline -0.001 -18"><span class='ocrx_word' id='word_1_238' title='bbox 198 2396 437 2467; x_wconf 75' lang='grc' dir='ltr'>έγερσιν,</span> <span class='ocrx_word' id='word_1_239' title='bbox 472 2395 630 2449; x_wconf 83' lang='grc' dir='ltr'>πᾶλιν</span> <span class='ocrx_word' id='word_1_240' title='bbox 664 2396 809 2466; x_wconf 79' lang='grc' dir='ltr'>ἡμᾶς</span> <span class='ocrx_word' id='word_1_241' title='bbox 837 2397 930 2449; x_wconf 70' lang='grc' dir='ltr'>ἐπὶ</span> <span class='ocrx_word' id='word_1_242' title='bbox 957 2396 1533 2467; x_wconf 78' lang='grc' dir='ltr'>ταύτηνάνακλιθῆναι</span> <span class='ocrx_word' id='word_1_243' title='bbox 1560 2395 1746 2448; x_wconf 83' lang='grc' dir='ltr'>ὑποτί-</span> 
     </span>
    </p>
   </div>
   <div class='ocr_carea' id='block_1_40' title="bbox 197 2486 1743 2559">
    <p class='ocr_par' dir='ltr' id='par_1_40' title="bbox 197 2486 1743 2559">
     <span class='ocr_line' id='line_1_40' title="bbox 197 2486 1743 2559; baseline -0.001 -18"><span class='ocrx_word' id='word_1_244' title='bbox 197 2488 382 2541; x_wconf 84' lang='grc' dir='ltr'>θενται</span> <span class='ocrx_word' id='word_1_245' title='bbox 420 2488 635 2550; x_wconf 77' lang='grc' dir='ltr'>Μεῖνον,</span> <span class='ocrx_word' id='word_1_246' title='bbox 676 2486 943 2554; x_wconf 90' lang='grc' dir='ltr'>λέγοντες,</span> <span class='ocrx_word' id='word_1_247' title='bbox 987 2488 1114 2558; x_wconf 79' lang='grc' dir='ltr'>ἄχρι</span> <span class='ocrx_word' id='word_1_248' title='bbox 1158 2486 1598 2559; x_wconf 85' lang='grc' dir='ltr'>συμπληρώσεως</span> <span class='ocrx_word' id='word_1_249' title='bbox 1633 2486 1743 2539; x_wconf 87' lang='grc' dir='ltr'>τῶν</span> 
     </span>
    </p>
   </div>
   <div class='ocr_carea' id='block_1_41' title="bbox 198 2574 1748 2648">
    <p class='ocr_par' dir='ltr' id='par_1_41' title="bbox 198 2574 1748 2648">
     <span class='ocr_line' id='line_1_41' title="bbox 198 2574 1748 2648; baseline -0.002 -17"><span class='ocrx_word' id='word_1_250' title='bbox 198 2576 569 2648; x_wconf 68' lang='grc' dir='ltr'>προοιμιακιῖΝ</span> <span class='ocrx_word' id='word_1_251' title='bbox 596 2574 800 2646; x_wconf 81' lang='grc' dir='ltr'>ὓμνων,</span> <span class='ocrx_word' id='word_1_252' title='bbox 847 2575 944 2630; x_wconf 77' lang='grc' dir='ltr'>εἷθ’</span> <span class='ocrx_word' id='word_1_253' title='bbox 980 2577 1151 2641; x_wconf 86' lang='grc' dir='ltr'>οὑτως</span> <span class='ocrx_word' id='word_1_254' title='bbox 1173 2579 1229 2630; x_wconf 74' lang='grc' dir='ltr'>ὲν</span> <span class='ocrx_word' id='word_1_255' title='bbox 1264 2580 1331 2647; x_wconf 85' lang='grc' dir='ltr'>τῇ</span> <span class='ocrx_word' id='word_1_256' title='bbox 1356 2578 1617 2647; x_wconf 76' lang='grc' dir='ltr'>ἐκκλησίᾳ</span> <span class='ocrx_word' id='word_1_257' title='bbox 1651 2594 1748 2629; x_wconf 88' lang='grc' dir='ltr'>πο-</span> 
     </span>
    </p>
   </div>
   <div class='ocr_carea' id='block_1_42' title="bbox 200 2666 1749 2740">
    <p class='ocr_par' dir='ltr' id='par_1_42' title="bbox 200 2666 1749 2740">
     <span class='ocr_line' id='line_1_42' title="bbox 200 2666 1749 2740; baseline -0.001 -21"><span class='ocrx_word' id='word_1_258' title='bbox 200 2668 387 2740; x_wconf 77' lang='grc' dir='ltr'>ρεύσῃ.</span> <span class='ocrx_word' id='word_1_259' title='bbox 431 2668 495 2721; x_wconf 78' lang='grc' dir='ltr'><strong>Οἱ</strong></span> <span class='ocrx_word' id='word_1_260' title='bbox 534 2667 592 2720; x_wconf 78' lang='grc' dir='ltr'>δὲ</span> <span class='ocrx_word' id='word_1_261' title='bbox 641 2670 700 2720; x_wconf 80' lang='grc' dir='ltr'>ὲν</span> <span class='ocrx_word' id='word_1_262' title='bbox 732 2669 800 2737; x_wconf 82' lang='grc' dir='ltr'>τῇ</span> <span class='ocrx_word' id='word_1_263' title='bbox 852 2670 1125 2739; x_wconf 81' lang='grc' dir='ltr'>προσευχῇ</span> <span class='ocrx_word' id='word_1_264' title='bbox 1183 2669 1620 2738; x_wconf 82' lang='grc' dir='ltr'>παρισταμένους</span> <span class='ocrx_word' id='word_1_265' title='bbox 1670 2666 1749 2735; x_wconf 82' lang='grc' dir='ltr'><strong>τῷ</strong></span> 
     </span>
    </p>
   </div>
   <div class='ocr_carea' id='block_1_43' title="bbox 199 2757 1742 2831">
    <p class='ocr_par' dir='ltr' id='par_1_43' title="bbox 199 2757 1742 2831">
     <span class='ocr_line' id='line_1_43' title="bbox 199 2757 1742 2831; baseline 0.001 -21"><span class='ocrx_word' id='word_1_266' title='bbox 199 2758 349 2828; x_wconf 78' lang='grc' dir='ltr'>ὕπνῳ</span> <span class='ocrx_word' id='word_1_267' title='bbox 391 2757 904 2823; x_wconf 71' lang='grc' dir='ltr'>κατασαπτίζουσιν.</span> <span class='ocrx_word' id='word_1_268' title='bbox 931 2761 1147 2831; x_wconf 84' lang='grc' dir='ltr'>Ἕτεροι</span> <span class='ocrx_word' id='word_1_269' title='bbox 1194 2761 1293 2830; x_wconf 79' lang='grc' dir='ltr'><strong>τὴν</strong></span> <span class='ocrx_word' id='word_1_270' title='bbox 1318 2759 1563 2827; x_wconf 78' lang='grc' dir='ltr'>γαστέρα</span> <span class='ocrx_word' id='word_1_271' title='bbox 1590 2759 1742 2830; x_wconf 86' lang='grc' dir='ltr'><strong>παρὰ</strong></span> 
     </span>
    </p>
   </div>
   <div class='ocr_carea' id='block_1_44' title="bbox 197 2849 1741 2920">
    <p class='ocr_par' dir='ltr' id='par_1_44' title="bbox 197 2849 1741 2920">
     <span class='ocr_line' id='line_1_44' title="bbox 197 2849 1741 2920; baseline 0.002 -19"><span class='ocrx_word' id='word_1_272' title='bbox 197 2850 296 2919; x_wconf 77' lang='grc' dir='ltr'>τὴν</span> <span class='ocrx_word' id='word_1_273' title='bbox 320 2849 605 2919; x_wconf 86' lang='grc' dir='ltr'>συνήθειαν</span> <span class='ocrx_word' id='word_1_274' title='bbox 629 2850 1029 2920; x_wconf 77' lang='grc' dir='ltr'>ἐπιτεταμένως</span> <span class='ocrx_word' id='word_1_275' title='bbox 1077 2851 1353 2905; x_wconf 84' lang='grc' dir='ltr'>νύττουσιν</span> <span class='ocrx_word' id='word_1_276' title='bbox 1374 2868 1386 2880; x_wconf 92' lang='grc'><strong>·</strong></span> <span class='ocrx_word' id='word_1_277' title='bbox 1422 2851 1569 2906; x_wconf 81' lang='grc' dir='ltr'>ἄλλοι</span> <span class='ocrx_word' id='word_1_278' title='bbox 1615 2867 1741 2904; x_wconf 90' lang='grc' dir='ltr'>συν-</span> 
     </span>
    </p>
   </div>
   <div class='ocr_carea' id='block_1_45' title="bbox 198 2939 1745 3014">
    <p class='ocr_par' dir='ltr' id='par_1_45' title="bbox 198 2939 1745 3014">
     <span class='ocr_line' id='line_1_45' title="bbox 198 2939 1745 3014; baseline 0.002 -22"><span class='ocrx_word' id='word_1_279' title='bbox 198 2940 389 3009; x_wconf 83' lang='grc' dir='ltr'>τυχίας</span> <span class='ocrx_word' id='word_1_280' title='bbox 433 2942 607 2992; x_wconf 83' lang='grc' dir='ltr'>ποιεῖν</span> <span class='ocrx_word' id='word_1_281' title='bbox 638 2939 695 2992; x_wconf 80' lang='grc' dir='ltr'>ὲν</span> <span class='ocrx_word' id='word_1_282' title='bbox 736 2940 813 3008; x_wconf 82' lang='grc' dir='ltr'>τῷ</span> <span class='ocrx_word' id='word_1_283' title='bbox 837 2941 1099 3012; x_wconf 79' lang='grc' dir='ltr'>Κυριακῷ</span> <span class='ocrx_word' id='word_1_284' title='bbox 1136 2942 1530 3014; x_wconf 88' lang='grc' dir='ltr'>προτρέπονται</span> <span class='ocrx_word' id='word_1_285' title='bbox 1552 2958 1563 2970; x_wconf 84' lang='grc'><strong>’</strong></span> <span class='ocrx_word' id='word_1_286' title='bbox 1597 2942 1745 2996; x_wconf 85' lang='grc' dir='ltr'>ἄλλοι</span> 
     </span>
    </p>
   </div>
   <div class='ocr_carea' id='block_1_46' title="bbox 198 3028 1744 3104">
    <p class='ocr_par' dir='ltr' id='par_1_46' title="bbox 198 3028 1744 3104">
     <span class='ocr_line' id='line_1_46' title="bbox 198 3028 1744 3104; baseline 0.001 -20"><span class='ocrx_word' id='word_1_287' title='bbox 198 3029 290 3084; x_wconf 81' lang='grc' dir='ltr'><strong>τὸν</strong></span> <span class='ocrx_word' id='word_1_288' title='bbox 316 3028 442 3083; x_wconf 84' lang='grc' dir='ltr'><strong>νοῦν</strong></span> <span class='ocrx_word' id='word_1_289' title='bbox 473 3032 552 3093; x_wconf 82' lang='grc' dir='ltr'>εὶς</span> <span class='ocrx_word' id='word_1_290' title='bbox 580 3030 871 3098; x_wconf 78' lang='grc' dir='ltr'>λογισμοὺς</span> <span class='ocrx_word' id='word_1_291' title='bbox 900 3032 1157 3101; x_wconf 78' lang='grc' dir='ltr'>αἰσχροὺς</span> <span class='ocrx_word' id='word_1_292' title='bbox 1183 3033 1542 3104; x_wconf 85' lang='grc' dir='ltr'>ὑποσύρουσιν</span> <span class='ocrx_word' id='word_1_293' title='bbox 1569 3048 1582 3061; x_wconf 86' lang='lat'><strong><em>°</em></strong></span> <span class='ocrx_word' id='word_1_294' title='bbox 1622 3035 1744 3087; x_wconf 74' lang='grc' dir='ltr'>ἔτε-</span> 
     </span>
    </p>
   </div>
   <div class='ocr_carea' id='block_1_47' title="bbox 202 3120 1718 3193">
    <p class='ocr_par' dir='ltr' id='par_1_47' title="bbox 202 3120 1718 3193">
     <span class='ocr_line' id='line_1_47' title="bbox 202 3120 1718 3193; baseline 0.001 -19"><span class='ocrx_word' id='word_1_295' title='bbox 202 3138 285 3191; x_wconf 85' lang='grc' dir='ltr'><strong>ροι</strong></span> <span class='ocrx_word' id='word_1_296' title='bbox 311 3120 369 3173; x_wconf 81' lang='grc' dir='ltr'>δὲ</span> <span class='ocrx_word' id='word_1_297' title='bbox 401 3120 481 3191; x_wconf 82' lang='grc' dir='ltr'>τῷ</span> <span class='ocrx_word' id='word_1_298' title='bbox 526 3121 688 3191; x_wconf 83' lang='grc' dir='ltr'>τοίχῳ</span> <span class='ocrx_word' id='word_1_299' title='bbox 720 3122 888 3191; x_wconf 82' lang='grc' dir='ltr'>ἡμᾶς,</span> <span class='ocrx_word' id='word_1_300' title='bbox 935 3121 1010 3184; x_wconf 88' lang='grc' dir='ltr'>ὡς</span> <span class='ocrx_word' id='word_1_301' title='bbox 1062 3123 1486 3193; x_wconf 83' lang='grc' dir='ltr'>ὲξατονήσαντας</span> <span class='ocrx_word' id='word_1_302' title='bbox 1528 3123 1718 3177; x_wconf 89' lang='grc' dir='ltr'>άνακλί</span> 
     </span>
    </p>
   </div>
   <div class='ocr_carea' id='block_1_48' title="bbox 198 3210 1737 3283">
    <p class='ocr_par' dir='ltr' id='par_1_48' title="bbox 198 3210 1737 3283">
     <span class='ocr_line' id='line_1_48' title="bbox 198 3210 1737 3283; baseline 0.001 -18"><span class='ocrx_word' id='word_1_303' title='bbox 198 3228 412 3265; x_wconf 60' lang='grc' dir='ltr'>νουσιν</span> <span class='ocrx_word' id='word_1_304' title='bbox 445 3210 556 3264; x_wconf 75' lang='grc' dir='ltr'>ἔστι</span> <span class='ocrx_word' id='word_1_305' title='bbox 597 3211 655 3265; x_wconf 84' lang='grc' dir='ltr'>δὲ</span> <span class='ocrx_word' id='word_1_306' title='bbox 691 3212 782 3265; x_wconf 84' lang='grc' dir='ltr'>ὅτε</span> <span class='ocrx_word' id='word_1_307' title='bbox 829 3213 923 3265; x_wconf 70' lang='grc' dir='ltr'><strong>καὶ</strong></span> <span class='ocrx_word' id='word_1_308' title='bbox 956 3212 1195 3283; x_wconf 87' lang='grc' dir='ltr'>χάσμαις</span> <span class='ocrx_word' id='word_1_309' title='bbox 1246 3215 1453 3267; x_wconf 80' lang='grc' dir='ltr'>πλείοσι</span> <span class='ocrx_word' id='word_1_310' title='bbox 1492 3214 1737 3283; x_wconf 79' lang='grc' dir='ltr'>περιϐάλ-</span> 
     </span>
    </p>
   </div>
   <div class='ocr_carea' id='block_1_49' title="bbox 199 3302 1746 3374">
    <p class='ocr_par' dir='ltr' id='par_1_49' title="bbox 199 3302 1746 3374">
     <span class='ocr_line' id='line_1_49' title="bbox 199 3302 1746 3374; baseline 0 -18"><span class='ocrx_word' id='word_1_311' title='bbox 199 3302 350 3357; x_wconf 85' lang='grc' dir='ltr'>λουσι</span> <span class='ocrx_word' id='word_1_312' title='bbox 372 3318 387 3332; x_wconf 88' lang='grc'><strong>·</strong></span> <span class='ocrx_word' id='word_1_313' title='bbox 418 3303 560 3366; x_wconf 83' lang='grc' dir='ltr'>τινὲς</span> <span class='ocrx_word' id='word_1_314' title='bbox 599 3303 698 3372; x_wconf 84' lang='grc' dir='ltr'>μὲν</span> <span class='ocrx_word' id='word_1_315' title='bbox 741 3303 919 3356; x_wconf 86' lang='grc' dir='ltr'>αὑτῶν</span> <span class='ocrx_word' id='word_1_316' title='bbox 946 3304 1155 3372; x_wconf 87' lang='grc' dir='ltr'>γέλωτα</span> <span class='ocrx_word' id='word_1_317' title='bbox 1181 3304 1440 3368; x_wconf 83' lang='grc' dir='ltr'>πολλάκις</span> <span class='ocrx_word' id='word_1_318' title='bbox 1467 3307 1524 3357; x_wconf 83' lang='grc' dir='ltr'>ἐν</span> <span class='ocrx_word' id='word_1_319' title='bbox 1552 3304 1629 3374; x_wconf 85' lang='grc' dir='ltr'>τῷ</span> <span class='ocrx_word' id='word_1_320' title='bbox 1650 3305 1746 3373; x_wconf 82' lang='grc' dir='ltr'>τῆς</span> 
     </span>
    </p>
   </div>
   <div class='ocr_carea' id='block_1_50' title="bbox 202 3394 1744 3466">
    <p class='ocr_par' dir='ltr' id='par_1_50' title="bbox 202 3394 1744 3466">
     <span class='ocr_line' id='line_1_50' title="bbox 202 3394 1744 3466; baseline 0 -18"><span class='ocrx_word' id='word_1_321' title='bbox 202 3396 511 3466; x_wconf 78' lang='grc' dir='ltr'>προσευχῆς</span> <span class='ocrx_word' id='word_1_322' title='bbox 538 3394 712 3466; x_wconf 87' lang='grc' dir='ltr'>καιρῷ</span> <span class='ocrx_word' id='word_1_323' title='bbox 746 3395 994 3464; x_wconf 82' lang='grc' dir='ltr'>γενέσθαι</span> <span class='ocrx_word' id='word_1_324' title='bbox 1025 3396 1308 3466; x_wconf 78' lang='grc' dir='ltr'>ἐποίησαν,</span> <span class='ocrx_word' id='word_1_325' title='bbox 1334 3398 1417 3450; x_wconf 82' lang='grc' dir='ltr'>ἵνα</span> <span class='ocrx_word' id='word_1_326' title='bbox 1440 3398 1506 3449; x_wconf 78' lang='grc' dir='ltr'>δι’</span> <span class='ocrx_word' id='word_1_327' title='bbox 1533 3396 1744 3449; x_wconf 71' lang='grc' dir='ltr'>ἐκείνου</span> 
     </span>
    </p>
   </div>
   <div class='ocr_carea' id='block_1_51' title="bbox 199 3485 1744 3559">
    <p class='ocr_par' dir='ltr' id='par_1_51' title="bbox 199 3485 1744 3559">
     <span class='ocr_line' id='line_1_51' title="bbox 199 3485 1744 3559; baseline -0.001 -18"><span class='ocrx_word' id='word_1_328' title='bbox 199 3488 293 3541; x_wconf 83' lang='grc' dir='ltr'><strong>τὸν</strong></span> <span class='ocrx_word' id='word_1_329' title='bbox 315 3486 449 3540; x_wconf 84' lang='grc' dir='ltr'>Θεὸν</span> <span class='ocrx_word' id='word_1_330' title='bbox 474 3485 595 3539; x_wconf 86' lang='grc' dir='ltr'>καθ’</span> <span class='ocrx_word' id='word_1_331' title='bbox 626 3485 780 3557; x_wconf 79' lang='grc' dir='ltr'>ἡμῶν</span> <span class='ocrx_word' id='word_1_332' title='bbox 826 3488 906 3550; x_wconf 88' lang='grc' dir='ltr'><strong>είς</strong></span> <span class='ocrx_word' id='word_1_333' title='bbox 941 3488 1313 3557; x_wconf 81' lang='grc' dir='ltr'>ἀγανάκτησιν</span> <span class='ocrx_word' id='word_1_334' title='bbox 1368 3488 1703 3559; x_wconf 85' lang='grc' dir='ltr'>διεγείρωσιν</span> <span class='ocrx_word' id='word_1_335' title='bbox 1732 3504 1744 3516; x_wconf 90' lang='grc'><strong>·</strong></span> 
     </span>
    </p>
   </div>
   <div class='ocr_carea' id='block_1_52' title="bbox 174 3577 1745 3651">
    <p class='ocr_par' dir='ltr' id='par_1_52' title="bbox 174 3577 1745 3651">
     <span class='ocr_line' id='line_1_52' title="bbox 174 3577 1745 3651; baseline 0 -18"><span class='ocrx_word' id='word_1_336' title='bbox 174 3612 177 3613; x_wconf 53' lang='grc' dir='ltr'><strong>ν</strong></span> <span class='ocrx_word' id='word_1_337' title='bbox 200 3578 354 3633; x_wconf 74' lang='grc' dir='ltr'>ἄλλοι</span> <span class='ocrx_word' id='word_1_338' title='bbox 373 3577 619 3632; x_wconf 85' lang='grc' dir='ltr'>σπεύδειν</span> <span class='ocrx_word' id='word_1_339' title='bbox 638 3579 785 3649; x_wconf 79' lang='grc' dir='ltr'>ἡμᾶς</span> <span class='ocrx_word' id='word_1_340' title='bbox 804 3579 861 3632; x_wconf 79' lang='grc' dir='ltr'>ὲν</span> <span class='ocrx_word' id='word_1_341' title='bbox 876 3582 943 3649; x_wconf 79' lang='grc' dir='ltr'>τῇ</span> <span class='ocrx_word' id='word_1_342' title='bbox 966 3580 1029 3633; x_wconf 85' lang='grc' dir='ltr'>ὲκ</span> <span class='ocrx_word' id='word_1_343' title='bbox 1050 3580 1321 3651; x_wconf 75' lang='grc' dir='ltr'>ῥᾳθυμίας</span> <span class='ocrx_word' id='word_1_344' title='bbox 1341 3580 1613 3651; x_wconf 76' lang='grc' dir='ltr'>βιάζονται</span> <span class='ocrx_word' id='word_1_345' title='bbox 1638 3580 1713 3650; x_wconf 72' lang='lat'><strong>(2)</strong></span> <span class='ocrx_word' id='word_1_346' title='bbox 1734 3595 1745 3606; x_wconf 80' lang='lat'><strong>&#39;</strong></span> 
     </span>
    </p>
   </div>
   <div class='ocr_carea' id='block_1_53' title="bbox 178 3666 1750 3742">
    <p class='ocr_par' dir='ltr' id='par_1_53' title="bbox 178 3666 1750 3742">
     <span class='ocr_line' id='line_1_53' title="bbox 178 3666 1750 3742; baseline 0.001 -20"><span class='ocrx_word' id='word_1_347' title='bbox 178 3666 353 3722; x_wconf 76' lang='grc' dir='ltr'>’ἄλλοι</span> <span class='ocrx_word' id='word_1_348' title='bbox 391 3666 760 3738; x_wconf 85' lang='grc' dir='ltr'>σχολαιότερον</span> <span class='ocrx_word' id='word_1_349' title='bbox 799 3668 1021 3737; x_wconf 78' lang='grc' dir='ltr'>ψάλλειν</span> <span class='ocrx_word' id='word_1_350' title='bbox 1048 3670 1120 3723; x_wconf 81' lang='grc' dir='ltr'><strong>,ἐκ</strong></span> <span class='ocrx_word' id='word_1_351' title='bbox 1157 3669 1465 3741; x_wconf 78' lang='grc' dir='ltr'>φιληδονίας</span> <span class='ocrx_word' id='word_1_352' title='bbox 1513 3672 1750 3742; x_wconf 85' lang='grc' dir='ltr'>προτρέ-</span> 
     </span>
    </p>
   </div>
   <div class='ocr_carea' id='block_1_54' title="bbox 203 3752 1743 3829">
    <p class='ocr_par' dir='ltr' id='par_1_54' title="bbox 203 3752 1743 3829">
     <span class='ocr_line' id='line_1_54' title="bbox 203 3752 1743 3829; baseline 0.003 -22"><span class='ocrx_word' id='word_1_353' title='bbox 203 3752 583 3807; x_wconf 81' lang='grc' dir='ltr'>πονται.Ἔστι</span> <span class='ocrx_word' id='word_1_354' title='bbox 605 3754 663 3806; x_wconf 84' lang='grc' dir='ltr'>δὲ</span> <span class='ocrx_word' id='word_1_355' title='bbox 686 3755 773 3807; x_wconf 84' lang='grc' dir='ltr'><strong>ὅτε</strong></span> <span class='ocrx_word' id='word_1_356' title='bbox 798 3756 892 3809; x_wconf 78' lang='grc' dir='ltr'>καὶ</span> <span class='ocrx_word' id='word_1_357' title='bbox 914 3756 992 3826; x_wconf 84' lang='grc' dir='ltr'>τῷ</span> <span class='ocrx_word' id='word_1_358' title='bbox 1015 3757 1240 3826; x_wconf 85' lang='grc' dir='ltr'>στόματι</span> <span class='ocrx_word' id='word_1_359' title='bbox 1269 3759 1743 3829; x_wconf 84' lang='grc' dir='ltr'>παρακαθήμενοι,</span> 
     </span>
    </p>
   </div>
   <div class='ocr_carea' id='block_1_55' title="bbox 199 3842 1747 3917">
    <p class='ocr_par' dir='ltr' id='par_1_55' title="bbox 199 3842 1747 3917">
     <span class='ocr_line' id='line_1_55' title="bbox 199 3842 1747 3917; baseline 0.003 -20"><span class='ocrx_word' id='word_1_360' title='bbox 199 3842 588 3912; x_wconf 78' lang='grc' dir='ltr'>κεκλεισμένον</span> <span class='ocrx_word' id='word_1_361' title='bbox 633 3842 791 3897; x_wconf 78' lang='grc' dir='ltr'>τοῦτο</span> <span class='ocrx_word' id='word_1_362' title='bbox 839 3846 934 3897; x_wconf 78' lang='grc' dir='ltr'>καὶ</span> <span class='ocrx_word' id='word_1_363' title='bbox 958 3845 1303 3899; x_wconf 84' lang='grc' dir='ltr'>δυσάνοικτον</span> <span class='ocrx_word' id='word_1_364' title='bbox 1328 3848 1747 3917; x_wconf 81' lang='grc' dir='ltr'>ἀπεργάζονται.</span> 
     </span>
    </p>
   </div>
   <div class='ocr_carea' id='block_1_56' title="bbox 213 3932 1751 4007">
    <p class='ocr_par' dir='ltr' id='par_1_56' title="bbox 213 3932 1751 4007">
     <span class='ocr_line' id='line_1_56' title="bbox 213 3932 1751 4007; baseline 0.003 -21"><span class='ocrx_word' id='word_1_365' title='bbox 213 3932 276 3986; x_wconf 84' lang='grc'><strong>’0</strong></span> <span class='ocrx_word' id='word_1_366' title='bbox 299 3932 422 4003; x_wconf 85' lang='grc' dir='ltr'><strong>Θεῷ</strong></span> <span class='ocrx_word' id='word_1_367' title='bbox 450 3932 814 4003; x_wconf 79' lang='grc' dir='ltr'>παρίστασθαι</span> <span class='ocrx_word' id='word_1_368' title='bbox 852 3934 1216 4005; x_wconf 81' lang='grc' dir='ltr'>λογιζόμενος,</span> <span class='ocrx_word' id='word_1_369' title='bbox 1247 3936 1306 3989; x_wconf 79' lang='grc' dir='ltr'>ἐν</span> <span class='ocrx_word' id='word_1_370' title='bbox 1334 3936 1582 4007; x_wconf 77' lang='grc' dir='ltr'>αἰσθήσει</span> <span class='ocrx_word' id='word_1_371' title='bbox 1615 3955 1751 4007; x_wconf 89' lang='grc' dir='ltr'>καρ-</span> 
     </span>
    </p>
   </div>
   <div class='ocr_carea' id='block_1_57' title="bbox 203 4023 1751 4098">
    <p class='ocr_par' dir='ltr' id='par_1_57' title="bbox 203 4023 1751 4098">
     <span class='ocr_line' id='line_1_57' title="bbox 203 4023 1751 4098; baseline 0.001 -20"><span class='ocrx_word' id='word_1_372' title='bbox 203 4023 343 4088; x_wconf 84' lang='grc' dir='ltr'>δίας,</span> <span class='ocrx_word' id='word_1_373' title='bbox 372 4025 433 4077; x_wconf 78' lang='grc' dir='ltr'>ὲν</span> <span class='ocrx_word' id='word_1_374' title='bbox 460 4026 732 4095; x_wconf 82' lang='grc' dir='ltr'>προσευχῇ</span> <span class='ocrx_word' id='word_1_375' title='bbox 764 4024 949 4089; x_wconf 86' lang='grc' dir='ltr'>στύλος</span> <span class='ocrx_word' id='word_1_376' title='bbox 977 4025 1233 4097; x_wconf 83' lang='grc' dir='ltr'>ἀκίνητος</span> <span class='ocrx_word' id='word_1_377' title='bbox 1255 4026 1628 4098; x_wconf 87' lang='grc' dir='ltr'>εὑρεθήσεται,</span> <span class='ocrx_word' id='word_1_378' title='bbox 1658 4029 1751 4081; x_wconf 88' lang='grc' dir='ltr'>ὑπ’</span> 
     </span>
    </p>
   </div>
   <div class='ocr_carea' id='block_1_58' title="bbox 203 4116 1750 4190">
    <p class='ocr_par' dir='ltr' id='par_1_58' title="bbox 203 4116 1750 4190">
     <span class='ocr_line' id='line_1_58' title="bbox 203 4116 1750 4190; baseline 0 -19"><span class='ocrx_word' id='word_1_379' title='bbox 203 4116 416 4179; x_wconf 82' lang='grc' dir='ltr'>οὐδενὸς</span> <span class='ocrx_word' id='word_1_380' title='bbox 442 4116 551 4169; x_wconf 83' lang='grc' dir='ltr'>τῶν</span> <span class='ocrx_word' id='word_1_381' title='bbox 574 4117 981 4190; x_wconf 76' lang='grc' dir='ltr'>προειρημένων</span> <span class='ocrx_word' id='word_1_382' title='bbox 1026 4116 1450 4188; x_wconf 78' lang='grc' dir='ltr'>ἐμπαιξόμενος.</span> <span class='ocrx_word' id='word_1_383' title='bbox 1496 4118 1556 4171; x_wconf 83' lang='grc'><strong>’0</strong></span> <span class='ocrx_word' id='word_1_384' title='bbox 1584 4119 1750 4183; x_wconf 77' lang='grc' dir='ltr'>ὅντως</span> 
     </span>
    </p>
   </div>
   <div class='ocr_carea' id='block_1_59' title="bbox 203 4205 1751 4281">
    <p class='ocr_par' dir='ltr' id='par_1_59' title="bbox 203 4205 1751 4281">
     <span class='ocr_line' id='line_1_59' title="bbox 203 4205 1751 4281; baseline 0.001 -19"><span class='ocrx_word' id='word_1_385' title='bbox 203 4208 468 4278; x_wconf 87' lang='grc' dir='ltr'>ὑπήκοος,</span> <span class='ocrx_word' id='word_1_386' title='bbox 486 4205 741 4271; x_wconf 84' lang='grc' dir='ltr'>πολλάκις</span> <span class='ocrx_word' id='word_1_387' title='bbox 768 4208 1024 4279; x_wconf 74' lang='grc' dir='ltr'>ἐξαίφνης</span> <span class='ocrx_word' id='word_1_388' title='bbox 1043 4210 1136 4263; x_wconf 67' lang='grc' dir='ltr'>ἐπὶ</span> <span class='ocrx_word' id='word_1_389' title='bbox 1156 4210 1462 4281; x_wconf 85' lang='grc' dir='ltr'>προσευχὴν</span> <span class='ocrx_word' id='word_1_390' title='bbox 1477 4210 1610 4273; x_wconf 85' lang='grc' dir='ltr'>ὅλως</span> <span class='ocrx_word' id='word_1_391' title='bbox 1638 4228 1751 4278; x_wconf 82' lang='grc' dir='ltr'><strong>φω-</strong></span> 
     </span>
    </p>
   </div>
   <div class='ocr_carea' id='block_1_60' title="bbox 202 4298 1750 4373">
    <p class='ocr_par' dir='ltr' id='par_1_60' title="bbox 202 4298 1750 4373">
     <span class='ocr_line' id='line_1_60' title="bbox 202 4298 1750 4373; baseline 0.001 -21"><span class='ocrx_word' id='word_1_392' title='bbox 202 4298 379 4363; x_wconf 83' lang='grc' dir='ltr'>τεινὸς</span> <span class='ocrx_word' id='word_1_393' title='bbox 432 4299 525 4350; x_wconf 83' lang='grc' dir='ltr'>καὶ</span> <span class='ocrx_word' id='word_1_394' title='bbox 571 4298 970 4368; x_wconf 81' lang='grc' dir='ltr'>ἀγαλλιώμενος</span> <span class='ocrx_word' id='word_1_395' title='bbox 1018 4301 1247 4369; x_wconf 84' lang='grc' dir='ltr'>γίνεται.</span> <span class='ocrx_word' id='word_1_396' title='bbox 1296 4303 1750 4373; x_wconf 85' lang='grc' dir='ltr'>Προπαρεσκευα-</span> 
     </span>
    </p>
   </div>
   <div class='ocr_carea' id='block_1_61' title="bbox 206 4384 1755 4464">
    <p class='ocr_par' dir='ltr' id='par_1_61' title="bbox 206 4384 1755 4464">
     <span class='ocr_line' id='line_1_61' title="bbox 206 4384 1755 4464; baseline 0.002 -20"><span class='ocrx_word' id='word_1_397' title='bbox 206 4389 407 4460; x_wconf 77' lang='grc' dir='ltr'>σμένος</span> <span class='ocrx_word' id='word_1_398' title='bbox 439 4389 546 4458; x_wconf 83' lang='grc' dir='ltr'><strong>γάρ</strong></span> <span class='ocrx_word' id='word_1_399' title='bbox 565 4384 632 4458; x_wconf 79' lang='grc' dir='ltr'>ἦν</span> <span class='ocrx_word' id='word_1_400' title='bbox 662 4388 750 4442; x_wconf 80' lang='grc' dir='ltr'>διὰ</span> <span class='ocrx_word' id='word_1_401' title='bbox 768 4393 867 4459; x_wconf 83' lang='grc' dir='ltr'>τῆς</span> <span class='ocrx_word' id='word_1_402' title='bbox 896 4392 1179 4445; x_wconf 80' lang='grc' dir='ltr'>ἀνοθεύτου</span> <span class='ocrx_word' id='word_1_403' title='bbox 1202 4393 1477 4457; x_wconf 82' lang='grc' dir='ltr'>διακονίας</span> <span class='ocrx_word' id='word_1_404' title='bbox 1504 4395 1596 4447; x_wconf 79' lang='grc' dir='ltr'><strong>καὶ</strong></span> <span class='ocrx_word' id='word_1_405' title='bbox 1629 4412 1755 4464; x_wconf 66' lang='grc' dir='ltr'>προσ</span> 
     </span>
    </p>
   </div>
   <div class='ocr_carea' id='block_1_62' title="bbox 204 4480 1753 4559">
    <p class='ocr_par' dir='ltr' id='par_1_62' title="bbox 204 4480 1753 4559">
     <span class='ocr_line' id='line_1_62' title="bbox 204 4480 1753 4559; baseline 0.003 -24"><span class='ocrx_word' id='word_1_406' title='bbox 204 4481 598 4553; x_wconf 82' lang='grc' dir='ltr'>πεπυρωμένος</span> <span class='ocrx_word' id='word_1_407' title='bbox 619 4483 647 4534; x_wconf 85' lang='grc' dir='ltr'><strong>ὁ</strong></span> <span class='ocrx_word' id='word_1_408' title='bbox 667 4480 897 4552; x_wconf 82' lang='grc' dir='ltr'>πύκτης.</span> <span class='ocrx_word' id='word_1_409' title='bbox 917 4483 1055 4535; x_wconf 71' lang='lat' dir='ltr'><strong>[Iden</strong></span> <span class='ocrx_word' id='word_1_410' title='bbox 1084 4484 1182 4552; x_wconf 83' lang='grc' dir='ltr'>μὲν</span> <span class='ocrx_word' id='word_1_411' title='bbox 1203 4486 1424 4539; x_wconf 90' lang='grc' dir='ltr'>δυνατὸν</span> <span class='ocrx_word' id='word_1_412' title='bbox 1454 4488 1591 4557; x_wconf 83' lang='grc' dir='ltr'>μετὰ</span> <span class='ocrx_word' id='word_1_413' title='bbox 1615 4491 1753 4559; x_wconf 82' lang='grc' dir='ltr'>πλή-</span> 
     </span>
    </p>
   </div>
   <div class='ocr_carea' id='block_1_63' title="bbox 1846 2031 3401 2088">
    <p class='ocr_par' dir='ltr' id='par_1_63' title="bbox 1846 2031 3401 2088">
     <span class='ocr_line' id='line_1_63' title="bbox 1846 2031 3401 2088; baseline -0.003 -1"><span class='ocrx_word' id='word_1_414' title='bbox 1846 2034 1973 2088; x_wconf 92' lang='lat' dir='ltr'><strong>dum</strong></span> <span class='ocrx_word' id='word_1_415' title='bbox 2004 2044 2103 2088; x_wconf 84' lang='lat' dir='ltr'><strong>est.</strong></span> <span class='ocrx_word' id='word_1_416' title='bbox 2135 2031 2482 2086; x_wconf 77' lang='lat' dir='ltr'><strong>lnveteratam</strong></span> <span class='ocrx_word' id='word_1_417' title='bbox 2504 2032 2645 2085; x_wconf 91' lang='lat' dir='ltr'><strong>enim</strong></span> <span class='ocrx_word' id='word_1_418' title='bbox 2663 2032 3401 2087; x_wconf 88' lang='lat' dir='ltr'><strong>consuetudinememendare</strong></span> 
     </span>
    </p>
   </div>
   <div class='ocr_carea' id='block_1_64' title="bbox 1844 2122 3400 2179">
    <p class='ocr_par' dir='ltr' id='par_1_64' title="bbox 1844 2122 3400 2179">
     <span class='ocr_line' id='line_1_64' title="bbox 1844 2122 3400 2179; baseline -0.004 0"><span class='ocrx_word' id='word_1_419' title='bbox 1844 2135 1898 2179; x_wconf 85' lang='lat' dir='ltr'><strong>et</strong></span> <span class='ocrx_word' id='word_1_420' title='bbox 1930 2139 2125 2179; x_wconf 89' lang='lat' dir='ltr'><strong>sanare</strong></span> <span class='ocrx_word' id='word_1_421' title='bbox 2149 2133 2231 2177; x_wconf 89' lang='lat' dir='ltr'><strong>est</strong></span> <span class='ocrx_word' id='word_1_422' title='bbox 2277 2122 2507 2177; x_wconf 72' lang='lat' dir='ltr'><strong>difﬁcile.</strong></span> <span class='ocrx_word' id='word_1_423' title='bbox 2540 2122 2898 2177; x_wconf 81' lang='lat' dir='ltr'><strong>Observemus</strong></span> <span class='ocrx_word' id='word_1_424' title='bbox 2932 2132 3180 2176; x_wconf 79' lang='lat' dir='ltr'><strong>accurate</strong></span> <span class='ocrx_word' id='word_1_425' title='bbox 3222 2130 3275 2175; x_wconf 89' lang='lat' dir='ltr'><strong>et</strong></span> <span class='ocrx_word' id='word_1_426' title='bbox 3317 2122 3400 2173; x_wconf 92' lang='lat' dir='ltr'><strong>iu-</strong></span> 
     </span>
    </p>
   </div>
   <div class='ocr_carea' id='block_1_65' title="bbox 1846 2213 3403 2286">
    <p class='ocr_par' dir='ltr' id='par_1_65' title="bbox 1846 2213 3403 2286">
     <span class='ocr_line' id='line_1_65' title="bbox 1846 2213 3403 2286; baseline 0 -19"><span class='ocrx_word' id='word_1_427' title='bbox 1846 2215 2148 2284; x_wconf 79' lang='lat' dir='ltr'><strong>telligemus</strong></span> <span class='ocrx_word' id='word_1_428' title='bbox 2187 2215 2341 2284; x_wconf 81' lang='lat' dir='ltr'><strong>signo</strong></span> <span class='ocrx_word' id='word_1_429' title='bbox 2370 2229 2541 2268; x_wconf 72' lang='lat' dir='ltr'><strong>sacra:</strong></span> <span class='ocrx_word' id='word_1_430' title='bbox 2570 2213 2727 2286; x_wconf 76' lang='lat'><strong>265</strong></span> <span class='ocrx_word' id='word_1_431' title='bbox 2754 2214 2892 2268; x_wconf 80' lang='lat' dir='ltr'><strong>tuba:</strong></span> <span class='ocrx_word' id='word_1_432' title='bbox 2913 2223 3137 2268; x_wconf 87' lang='lat' dir='ltr'><strong>canente</strong></span> <span class='ocrx_word' id='word_1_433' title='bbox 3161 2213 3275 2282; x_wconf 77' lang='lat' dir='ltr'><strong>cogi</strong></span> <span class='ocrx_word' id='word_1_434' title='bbox 3303 2213 3403 2267; x_wconf 82' lang='lat' dir='ltr'><strong>l‘ra-</strong></span> 
     </span>
    </p>
   </div>
   <div class='ocr_carea' id='block_1_66' title="bbox 1848 2306 3402 2374">
    <p class='ocr_par' dir='ltr' id='par_1_66' title="bbox 1848 2306 3402 2374">
     <span class='ocr_line' id='line_1_66' title="bbox 1848 2306 3402 2374; baseline 0.001 -15"><span class='ocrx_word' id='word_1_435' title='bbox 1848 2316 1987 2359; x_wconf 86' lang='lat' dir='ltr'><strong>trum</strong></span> <span class='ocrx_word' id='word_1_436' title='bbox 2011 2313 2185 2361; x_wconf 73' lang='lat' dir='ltr'><strong>coetus</strong></span> <span class='ocrx_word' id='word_1_437' title='bbox 2206 2307 2379 2360; x_wconf 91' lang='lat' dir='ltr'><strong>oculis</strong></span> <span class='ocrx_word' id='word_1_438' title='bbox 2406 2316 2670 2373; x_wconf 80' lang='lat' dir='ltr'><strong>parentes;</strong></span> <span class='ocrx_word' id='word_1_439' title='bbox 2698 2306 2965 2374; x_wconf 89' lang='lat' dir='ltr'><strong>simulque</strong></span> <span class='ocrx_word' id='word_1_440' title='bbox 2996 2306 3402 2374; x_wconf 79' lang='lat' dir='ltr'><strong>inaspectabilcs</strong></span> 
     </span>
    </p>
   </div>
   <div class='ocr_carea' id='block_1_67' title="bbox 1848 2397 3400 2468">
    <p class='ocr_par' dir='ltr' id='par_1_67' title="bbox 1848 2397 3400 2468">
     <span class='ocr_line' id='line_1_67' title="bbox 1848 2397 3400 2468; baseline 0 -18"><span class='ocrx_word' id='word_1_441' title='bbox 1848 2397 2032 2452; x_wconf 89' lang='lat' dir='ltr'><strong>hostes</strong></span> <span class='ocrx_word' id='word_1_442' title='bbox 2059 2408 2276 2452; x_wconf 87' lang='lat' dir='ltr'><strong>nostros</strong></span> <span class='ocrx_word' id='word_1_443' title='bbox 2316 2413 2636 2453; x_wconf 85' lang='lat' dir='ltr'><strong>concurrere</strong></span> <span class='ocrx_word' id='word_1_444' title='bbox 2682 2398 2774 2468; x_wconf 90' lang='lat' dir='ltr'><strong>qui</strong></span> <span class='ocrx_word' id='word_1_445' title='bbox 2808 2398 2873 2453; x_wconf 88' lang='lat' dir='ltr'><strong>ad</strong></span> <span class='ocrx_word' id='word_1_446' title='bbox 2901 2399 3096 2452; x_wconf 81' lang='lat' dir='ltr'><strong>lectum</strong></span> <span class='ocrx_word' id='word_1_447' title='bbox 3126 2398 3400 2451; x_wconf 84' lang='lat' dir='ltr'><strong>cubicula-</strong></span> 
     </span>
    </p>
   </div>
   <div class='ocr_carea' id='block_1_68' title="bbox 1850 2477 3400 2559">
    <p class='ocr_par' dir='ltr' id='par_1_68' title="bbox 1850 2477 3400 2559">
     <span class='ocr_line' id='line_1_68' title="bbox 1850 2477 3400 2559; baseline -0.003 -16"><span class='ocrx_word' id='word_1_448' title='bbox 1850 2504 1964 2543; x_wconf 90' lang='lat' dir='ltr'><strong>rem</strong></span> <span class='ocrx_word' id='word_1_449' title='bbox 1995 2498 2191 2551; x_wconf 84' lang='lat' dir='ltr'><strong>astant,</strong></span> <span class='ocrx_word' id='word_1_450' title='bbox 2228 2477 2291 2543; x_wconf 64' lang='lat' dir='ltr'><strong>cf</strong></span> <span class='ocrx_word' id='word_1_451' title='bbox 2308 2504 2406 2543; x_wconf 90' lang='lat' dir='ltr'><strong>nos</strong></span> <span class='ocrx_word' id='word_1_452' title='bbox 2434 2502 2718 2559; x_wconf 87' lang='lat' dir='ltr'><strong>postquam</strong></span> <span class='ocrx_word' id='word_1_453' title='bbox 2748 2489 3142 2558; x_wconf 73' lang='lat' dir='ltr'><strong>evigilarimus,</strong></span> <span class='ocrx_word' id='word_1_454' title='bbox 3188 2505 3400 2544; x_wconf 85' lang='lat' dir='ltr'><strong>rursum</strong></span> 
     </span>
    </p>
   </div>
   <div class='ocr_carea' id='block_1_69' title="bbox 1846 2584 3399 2653">
    <p class='ocr_par' dir='ltr' id='par_1_69' title="bbox 1846 2584 3399 2653">
     <span class='ocr_line' id='line_1_69' title="bbox 1846 2584 3399 2653; baseline -0.003 -15"><span class='ocrx_word' id='word_1_455' title='bbox 1846 2584 2181 2638; x_wconf 87' lang='lat' dir='ltr'><strong>conanturin</strong></span> <span class='ocrx_word' id='word_1_456' title='bbox 2216 2584 2407 2637; x_wconf 87' lang='lat' dir='ltr'><strong>lectum</strong></span> <span class='ocrx_word' id='word_1_457' title='bbox 2430 2584 2679 2653; x_wconf 84' lang='lat' dir='ltr'><strong>dejicere.</strong></span> <span class='ocrx_word' id='word_1_458' title='bbox 2712 2584 2883 2648; x_wconf 84' lang='lat' dir='ltr'><strong>Mane,</strong></span> <span class='ocrx_word' id='word_1_459' title='bbox 2905 2584 3173 2652; x_wconf 88' lang='lat' dir='ltr'><strong>inquiunt,</strong></span> <span class='ocrx_word' id='word_1_460' title='bbox 3208 2584 3399 2636; x_wconf 85' lang='lat' dir='ltr'><strong>tantis-</strong></span> 
     </span>
    </p>
   </div>
   <div class='ocr_carea' id='block_1_70' title="bbox 1850 2667 3405 2745">
    <p class='ocr_par' dir='ltr' id='par_1_70' title="bbox 1850 2667 3405 2745">
     <span class='ocr_line' id='line_1_70' title="bbox 1850 2667 3405 2745; baseline -0.001 -16"><span class='ocrx_word' id='word_1_461' title='bbox 1850 2691 1970 2745; x_wconf 89' lang='lat' dir='ltr'><strong>per,</strong></span> <span class='ocrx_word' id='word_1_462' title='bbox 2006 2675 2133 2730; x_wconf 90' lang='lat' dir='ltr'><strong>dum</strong></span> <span class='ocrx_word' id='word_1_463' title='bbox 2169 2676 2325 2744; x_wconf 90' lang='lat' dir='ltr'><strong>primi</strong></span> <span class='ocrx_word' id='word_1_464' title='bbox 2364 2667 2678 2744; x_wconf 73' lang='lat' dir='ltr'><strong>psalmodize</strong></span> <span class='ocrx_word' id='word_1_465' title='bbox 2715 2676 2898 2745; x_wconf 83' lang='lat' dir='ltr'><strong>hymni</strong></span> <span class='ocrx_word' id='word_1_466' title='bbox 2939 2676 3318 2737; x_wconf 74' lang='lat' dir='ltr'><strong>absolvantur,</strong></span> <span class='ocrx_word' id='word_1_467' title='bbox 3351 2685 3405 2727; x_wconf 73' lang='lat' dir='ltr'><strong>et</strong></span> 
     </span>
    </p>
   </div>
   <div class='ocr_carea' id='block_1_71' title="bbox 1849 2765 3398 2822">
    <p class='ocr_par' dir='ltr' id='par_1_71' title="bbox 1849 2765 3398 2822">
     <span class='ocr_line' id='line_1_71' title="bbox 1849 2765 3398 2822; baseline -0.003 -1"><span class='ocrx_word' id='word_1_468' title='bbox 1849 2777 1961 2821; x_wconf 91' lang='lat' dir='ltr'><strong>tum</strong></span> <span class='ocrx_word' id='word_1_469' title='bbox 1997 2768 2127 2821; x_wconf 87' lang='lat' dir='ltr'><strong>satis</strong></span> <span class='ocrx_word' id='word_1_470' title='bbox 2167 2766 2344 2821; x_wconf 89' lang='lat' dir='ltr'><strong>adhuc</strong></span> <span class='ocrx_word' id='word_1_471' title='bbox 2399 2776 2611 2822; x_wconf 87' lang='lat' dir='ltr'><strong>mature</strong></span> <span class='ocrx_word' id='word_1_472' title='bbox 2656 2765 2722 2821; x_wconf 88' lang='lat' dir='ltr'><strong>ad</strong></span> <span class='ocrx_word' id='word_1_473' title='bbox 2761 2767 3045 2821; x_wconf 88' lang='lat' dir='ltr'><strong>ecclesiam</strong></span> <span class='ocrx_word' id='word_1_474' title='bbox 3090 2766 3398 2819; x_wconf 78' lang='lat' dir='ltr'><strong>descendes.</strong></span> 
     </span>
    </p>
   </div>
   <div class='ocr_carea' id='block_1_72' title="bbox 1849 2855 3401 2926">
    <p class='ocr_par' dir='ltr' id='par_1_72' title="bbox 1849 2855 3401 2926">
     <span class='ocr_line' id='line_1_72' title="bbox 1849 2855 3401 2926; baseline -0.001 -18"><span class='ocrx_word' id='word_1_475' title='bbox 1849 2855 1950 2909; x_wconf 82' lang='lat' dir='ltr'><strong>Alii</strong></span> <span class='ocrx_word' id='word_1_476' title='bbox 1973 2856 2220 2926; x_wconf 85' lang='lat' dir='ltr'><strong>precibus</strong></span> <span class='ocrx_word' id='word_1_477' title='bbox 2254 2866 2505 2911; x_wconf 78' lang='lat' dir='ltr'><strong>vacantes</strong></span> <span class='ocrx_word' id='word_1_478' title='bbox 2550 2857 2927 2920; x_wconf 86' lang='lat' dir='ltr'><strong>circumstant,</strong></span> <span class='ocrx_word' id='word_1_479' title='bbox 2976 2866 3034 2910; x_wconf 92' lang='lat' dir='ltr'><strong>ut</strong></span> <span class='ocrx_word' id='word_1_480' title='bbox 3067 2873 3164 2910; x_wconf 85' lang='lat' dir='ltr'><strong>nos</strong></span> <span class='ocrx_word' id='word_1_481' title='bbox 3212 2871 3401 2911; x_wconf 87' lang='lat' dir='ltr'><strong>somno</strong></span> 
     </span>
    </p>
   </div>
   <div class='ocr_carea' id='block_1_73' title="bbox 1851 2948 3404 3017">
    <p class='ocr_par' dir='ltr' id='par_1_73' title="bbox 1851 2948 3404 3017">
     <span class='ocr_line' id='line_1_73' title="bbox 1851 2948 3404 3017; baseline -0.001 -17"><span class='ocrx_word' id='word_1_482' title='bbox 1851 2957 2115 3017; x_wconf 79' lang='lat' dir='ltr'><strong>mergant.</strong></span> <span class='ocrx_word' id='word_1_483' title='bbox 2156 2948 2258 3002; x_wconf 81' lang='lat' dir='ltr'><strong>Alii</strong></span> <span class='ocrx_word' id='word_1_484' title='bbox 2307 2956 2500 3016; x_wconf 60' lang='lat' dir='ltr'><strong>praeter</strong></span> <span class='ocrx_word' id='word_1_485' title='bbox 2547 2964 2754 3003; x_wconf 91' lang='lat' dir='ltr'><strong>morem</strong></span> <span class='ocrx_word' id='word_1_486' title='bbox 2808 2948 3181 3017; x_wconf 83' lang='lat' dir='ltr'><strong>intempestive</strong></span> <span class='ocrx_word' id='word_1_487' title='bbox 3227 2948 3404 3000; x_wconf 73' lang='lat' dir='ltr'><strong>alvum</strong></span> 
     </span>
    </p>
   </div>
   <div class='ocr_carea' id='block_1_74' title="bbox 1854 3037 3405 3109">
    <p class='ocr_par' dir='ltr' id='par_1_74' title="bbox 1854 3037 3405 3109">
     <span class='ocr_line' id='line_1_74' title="bbox 1854 3037 3405 3109; baseline -0.001 -19"><span class='ocrx_word' id='word_1_488' title='bbox 1854 3038 2231 3093; x_wconf 79' lang='lat' dir='ltr'><strong>vehementius</strong></span> <span class='ocrx_word' id='word_1_489' title='bbox 2260 3049 2485 3109; x_wconf 81' lang='lat' dir='ltr'><strong>urgent;</strong></span> <span class='ocrx_word' id='word_1_490' title='bbox 2518 3038 2608 3092; x_wconf 86' lang='lat' dir='ltr'><strong>alii</strong></span> <span class='ocrx_word' id='word_1_491' title='bbox 2652 3053 2749 3092; x_wconf 90' lang='lat' dir='ltr'><strong>nos</strong></span> <span class='ocrx_word' id='word_1_492' title='bbox 2773 3039 2838 3093; x_wconf 82' lang='lat' dir='ltr'><strong>ad</strong></span> <span class='ocrx_word' id='word_1_493' title='bbox 2872 3037 3081 3092; x_wconf 82' lang='lat' dir='ltr'><strong>fabulas</strong></span> <span class='ocrx_word' id='word_1_494' title='bbox 3109 3040 3161 3090; x_wconf 89' lang='lat' dir='ltr'><strong>iu</strong></span> <span class='ocrx_word' id='word_1_495' title='bbox 3209 3037 3405 3105; x_wconf 83' lang='lat' dir='ltr'><strong>templo</strong></span> 
     </span>
    </p>
   </div>
   <div class='ocr_carea' id='block_1_75' title="bbox 1849 3128 3407 3197">
    <p class='ocr_par' dir='ltr' id='par_1_75' title="bbox 1849 3128 3407 3197">
     <span class='ocr_line' id='line_1_75' title="bbox 1849 3128 3407 3197; baseline -0.002 -15"><span class='ocrx_word' id='word_1_496' title='bbox 1849 3131 2213 3186; x_wconf 85' lang='lat' dir='ltr'><strong>conserendas</strong></span> <span class='ocrx_word' id='word_1_497' title='bbox 2243 3132 2469 3185; x_wconf 89' lang='lat' dir='ltr'><strong>incitant</strong></span> <span class='ocrx_word' id='word_1_498' title='bbox 2493 3133 2514 3195; x_wconf 64' lang='lat'><strong>;&#39;</strong></span> <span class='ocrx_word' id='word_1_499' title='bbox 2536 3132 2625 3185; x_wconf 87' lang='lat' dir='ltr'><strong>alii</strong></span> <span class='ocrx_word' id='word_1_500' title='bbox 2655 3140 2885 3185; x_wconf 90' lang='lat' dir='ltr'><strong>mentem</strong></span> <span class='ocrx_word' id='word_1_501' title='bbox 2907 3132 2971 3183; x_wconf 86' lang='lat' dir='ltr'><strong>ad</strong></span> <span class='ocrx_word' id='word_1_502' title='bbox 2995 3129 3232 3197; x_wconf 90' lang='lat' dir='ltr'><strong>impuras</strong></span> <span class='ocrx_word' id='word_1_503' title='bbox 3260 3128 3407 3196; x_wconf 82' lang='lat' dir='ltr'><strong>cogi-</strong></span> 
     </span>
    </p>
   </div>
   <div class='ocr_carea' id='block_1_76' title="bbox 1849 3221 3407 3291">
    <p class='ocr_par' dir='ltr' id='par_1_76' title="bbox 1849 3221 3407 3291">
     <span class='ocr_line' id='line_1_76' title="bbox 1849 3221 3407 3291; baseline -0.003 -17"><span class='ocrx_word' id='word_1_504' title='bbox 1849 3222 2082 3275; x_wconf 89' lang='lat' dir='ltr'><strong>tationes</strong></span> <span class='ocrx_word' id='word_1_505' title='bbox 2113 3225 2468 3291; x_wconf 86' lang='lat' dir='ltr'><strong>pertrahunt;</strong></span> <span class='ocrx_word' id='word_1_506' title='bbox 2496 3224 2585 3277; x_wconf 88' lang='lat' dir='ltr'><strong>alii</strong></span> <span class='ocrx_word' id='word_1_507' title='bbox 2624 3238 2723 3277; x_wconf 93' lang='lat' dir='ltr'><strong>nos</strong></span> <span class='ocrx_word' id='word_1_508' title='bbox 2755 3224 2807 3276; x_wconf 90' lang='lat' dir='ltr'><strong>in</strong></span> <span class='ocrx_word' id='word_1_509' title='bbox 2837 3223 3091 3290; x_wconf 87' lang='lat' dir='ltr'><strong>parietem</strong></span> <span class='ocrx_word' id='word_1_510' title='bbox 3119 3221 3281 3275; x_wconf 70' lang='lat' dir='ltr'><strong>veluti</strong></span> <span class='ocrx_word' id='word_1_511' title='bbox 3308 3221 3407 3271; x_wconf 75' lang='lat' dir='ltr'><strong>dc—</strong></span> 
     </span>
    </p>
   </div>
   <div class='ocr_carea' id='block_1_77' title="bbox 1853 3312 3406 3379">
    <p class='ocr_par' dir='ltr' id='par_1_77' title="bbox 1853 3312 3406 3379">
     <span class='ocr_line' id='line_1_77' title="bbox 1853 3312 3406 3379; baseline 0.001 -13"><span class='ocrx_word' id='word_1_512' title='bbox 1853 3312 1988 3367; x_wconf 90' lang='lat' dir='ltr'><strong>biles</strong></span> <span class='ocrx_word' id='word_1_513' title='bbox 2015 3321 2068 3367; x_wconf 89' lang='lat' dir='ltr'><strong>et</strong></span> <span class='ocrx_word' id='word_1_514' title='bbox 2094 3314 2384 3367; x_wconf 84' lang='lat' dir='ltr'><strong>exhaustos</strong></span> <span class='ocrx_word' id='word_1_515' title='bbox 2414 3314 2704 3379; x_wconf 83' lang='lat' dir='ltr'><strong>inclinant;</strong></span> <span class='ocrx_word' id='word_1_516' title='bbox 2751 3314 2839 3368; x_wconf 82' lang='lat' dir='ltr'><strong>a&#39;lii</strong></span> <span class='ocrx_word' id='word_1_517' title='bbox 2873 3314 3077 3369; x_wconf 84' lang='lat' dir='ltr'><strong>crebris</strong></span> <span class='ocrx_word' id='word_1_518' title='bbox 3119 3330 3217 3369; x_wconf 89' lang='lat' dir='ltr'><strong>nos</strong></span> <span class='ocrx_word' id='word_1_519' title='bbox 3262 3315 3406 3368; x_wconf 87' lang='lat' dir='ltr'><strong>osci-</strong></span> 
     </span>
    </p>
   </div>
   <div class='ocr_carea' id='block_1_78' title="bbox 1854 3404 3409 3474">
    <p class='ocr_par' dir='ltr' id='par_1_78' title="bbox 1854 3404 3409 3474">
     <span class='ocr_line' id='line_1_78' title="bbox 1854 3404 3409 3474; baseline 0 -15"><span class='ocrx_word' id='word_1_520' title='bbox 1854 3404 2146 3459; x_wconf 85' lang='lat' dir='ltr'><strong>tationibus</strong></span> <span class='ocrx_word' id='word_1_521' title='bbox 2190 3404 2713 3474; x_wconf 71' lang='lat' dir='ltr'><strong>fatigantuionnulli</strong></span> <span class='ocrx_word' id='word_1_522' title='bbox 2746 3407 2909 3460; x_wconf 79' lang='lat' dir='ltr'><strong>risum</strong></span> <span class='ocrx_word' id='word_1_523' title='bbox 2934 3408 3092 3459; x_wconf 87' lang='lat' dir='ltr'><strong>etiam</strong></span> <span class='ocrx_word' id='word_1_524' title='bbox 3133 3406 3249 3474; x_wconf 86' lang='lat' dir='ltr'><strong>ipso</strong></span> <span class='ocrx_word' id='word_1_525' title='bbox 3292 3422 3409 3474; x_wconf 73' lang='lat' dir='ltr'><strong>pre-</strong></span> 
     </span>
    </p>
   </div>
   <div class='ocr_carea' id='block_1_79' title="bbox 1857 3495 3410 3565">
    <p class='ocr_par' dir='ltr' id='par_1_79' title="bbox 1857 3495 3410 3565">
     <span class='ocr_line' id='line_1_79' title="bbox 1857 3495 3410 3565; baseline -0.001 -15"><span class='ocrx_word' id='word_1_526' title='bbox 1857 3495 2011 3550; x_wconf 91' lang='lat' dir='ltr'><strong>candi</strong></span> <span class='ocrx_word' id='word_1_527' title='bbox 2046 3505 2287 3565; x_wconf 85' lang='lat' dir='ltr'><strong>tempore</strong></span> <span class='ocrx_word' id='word_1_528' title='bbox 2324 3496 2480 3550; x_wconf 89' lang='lat' dir='ltr'><strong>nobis</strong></span> <span class='ocrx_word' id='word_1_529' title='bbox 2531 3505 2770 3562; x_wconf 75' lang='lat' dir='ltr'><strong>movent,</strong></span> <span class='ocrx_word' id='word_1_530' title='bbox 2807 3508 2867 3551; x_wconf 89' lang='lat' dir='ltr'><strong>ut</strong></span> <span class='ocrx_word' id='word_1_531' title='bbox 2901 3498 3023 3551; x_wconf 87' lang='lat' dir='ltr'><strong>irati</strong></span> <span class='ocrx_word' id='word_1_532' title='bbox 3066 3499 3300 3550; x_wconf 87' lang='lat' dir='ltr'><strong>numinis</strong></span> <span class='ocrx_word' id='word_1_533' title='bbox 3329 3499 3410 3549; x_wconf 93' lang='lat' dir='ltr'><strong>in-</strong></span> 
     </span>
    </p>
   </div>
   <div class='ocr_carea' id='block_1_80' title="bbox 1856 3591 3408 3659">
    <p class='ocr_par' dir='ltr' id='par_1_80' title="bbox 1856 3591 3408 3659">
     <span class='ocr_line' id='line_1_80' title="bbox 1856 3591 3408 3659; baseline -0.003 -14"><span class='ocrx_word' id='word_1_534' title='bbox 1856 3591 2219 3659; x_wconf 70' lang='lat' dir='ltr'><strong>dignationem</strong></span> <span class='ocrx_word' id='word_1_535' title='bbox 2263 3591 2525 3646; x_wconf 87' lang='lat' dir='ltr'><strong>adversus</strong></span> <span class='ocrx_word' id='word_1_536' title='bbox 2574 3607 2676 3647; x_wconf 90' lang='lat' dir='ltr'><strong>nos</strong></span> <span class='ocrx_word' id='word_1_537' title='bbox 2719 3591 3038 3657; x_wconf 79' lang='lat' dir='ltr'><strong>concitent;</strong></span> <span class='ocrx_word' id='word_1_538' title='bbox 3073 3592 3161 3644; x_wconf 87' lang='lat' dir='ltr'><strong>alii</strong></span> <span class='ocrx_word' id='word_1_539' title='bbox 3199 3606 3295 3642; x_wconf 85' lang='lat' dir='ltr'><strong>nos</strong></span> <span class='ocrx_word' id='word_1_540' title='bbox 3344 3591 3408 3642; x_wconf 89' lang='lat' dir='ltr'><strong>ad</strong></span> 
     </span>
    </p>
   </div>
   <div class='ocr_carea' id='block_1_81' title="bbox 1859 3680 3436 3752">
    <p class='ocr_par' dir='ltr' id='par_1_81' title="bbox 1859 3680 3436 3752">
     <span class='ocr_line' id='line_1_81' title="bbox 1859 3680 3436 3752; baseline -0.002 -18"><span class='ocrx_word' id='word_1_541' title='bbox 1859 3682 2270 3751; x_wconf 54' lang='lat' dir='ltr'><strong>praecipitandos</strong></span> <span class='ocrx_word' id='word_1_542' title='bbox 2298 3683 2632 3752; x_wconf 86' lang='lat' dir='ltr'><strong>psalmorum</strong></span> <span class='ocrx_word' id='word_1_543' title='bbox 2676 3697 2866 3737; x_wconf 84' lang='lat' dir='ltr'><strong>versus</strong></span> <span class='ocrx_word' id='word_1_544' title='bbox 2897 3697 2961 3736; x_wconf 80' lang='lat' dir='ltr'><strong>ex</strong></span> <span class='ocrx_word' id='word_1_545' title='bbox 2987 3683 3195 3751; x_wconf 78' lang='lat' dir='ltr'><strong>ignavia</strong></span> <span class='ocrx_word' id='word_1_546' title='bbox 3221 3680 3436 3748; x_wconf 83' lang='lat' dir='ltr'><strong>ilupeI-‘</strong></span> 
     </span>
    </p>
   </div>
   <div class='ocr_carea' id='block_1_82' title="bbox 1860 3772 3410 3843">
    <p class='ocr_par' dir='ltr' id='par_1_82' title="bbox 1860 3772 3410 3843">
     <span class='ocr_line' id='line_1_82' title="bbox 1860 3772 3410 3843; baseline -0.002 -15"><span class='ocrx_word' id='word_1_547' title='bbox 1860 3775 2010 3841; x_wconf 86' lang='lat' dir='ltr'><strong>lunt;</strong></span> <span class='ocrx_word' id='word_1_548' title='bbox 2057 3775 2148 3829; x_wconf 89' lang='lat' dir='ltr'><strong>alii</strong></span> <span class='ocrx_word' id='word_1_549' title='bbox 2179 3784 2237 3830; x_wconf 91' lang='lat' dir='ltr'><strong>ut</strong></span> <span class='ocrx_word' id='word_1_550' title='bbox 2271 3774 2476 3829; x_wconf 89' lang='lat' dir='ltr'><strong>tardius</strong></span> <span class='ocrx_word' id='word_1_551' title='bbox 2496 3789 2618 3828; x_wconf 90' lang='lat' dir='ltr'><strong>cum</strong></span> <span class='ocrx_word' id='word_1_552' title='bbox 2652 3773 2882 3843; x_wconf 90' lang='lat' dir='ltr'><strong>quadam</strong></span> <span class='ocrx_word' id='word_1_553' title='bbox 2909 3772 3259 3826; x_wconf 85' lang='lat' dir='ltr'><strong>delectatione</strong></span> <span class='ocrx_word' id='word_1_554' title='bbox 3288 3786 3410 3838; x_wconf 88' lang='lat' dir='ltr'><strong>pro-</strong></span> 
     </span>
    </p>
   </div>
   <div class='ocr_carea' id='block_1_83' title="bbox 1860 3865 3407 3934">
    <p class='ocr_par' dir='ltr' id='par_1_83' title="bbox 1860 3865 3407 3934">
     <span class='ocr_line' id='line_1_83' title="bbox 1860 3865 3407 3934; baseline -0.001 -13"><span class='ocrx_word' id='word_1_555' title='bbox 1860 3870 2173 3923; x_wconf 88' lang='lat' dir='ltr'><strong>nuntiemus</strong></span> <span class='ocrx_word' id='word_1_556' title='bbox 2213 3870 2531 3933; x_wconf 89' lang='lat' dir='ltr'><strong>hortantur;</strong></span> <span class='ocrx_word' id='word_1_557' title='bbox 2573 3867 2664 3921; x_wconf 88' lang='lat' dir='ltr'><strong>alii</strong></span> <span class='ocrx_word' id='word_1_558' title='bbox 2698 3867 2927 3934; x_wconf 89' lang='lat' dir='ltr'><strong>denique</strong></span> <span class='ocrx_word' id='word_1_559' title='bbox 2977 3866 3129 3934; x_wconf 83' lang='lat' dir='ltr'><strong>quasi</strong></span> <span class='ocrx_word' id='word_1_560' title='bbox 3172 3865 3407 3932; x_wconf 70' lang='lat' dir='ltr'><strong>linguam</strong></span> 
     </span>
    </p>
   </div>
   <div class='ocr_carea' id='block_1_84' title="bbox 1857 3957 3409 4027">
    <p class='ocr_par' dir='ltr' id='par_1_84' title="bbox 1857 3957 3409 4027">
     <span class='ocr_line' id='line_1_84' title="bbox 1857 3957 3409 4027; baseline 0 -16"><span class='ocrx_word' id='word_1_561' title='bbox 1857 3966 1986 4011; x_wconf 86' lang='lat' dir='ltr'><strong>ctos</strong></span> <span class='ocrx_word' id='word_1_562' title='bbox 2010 3957 2340 4023; x_wconf 87' lang='lat' dir='ltr'><strong>obsiderent,</strong></span> <span class='ocrx_word' id='word_1_563' title='bbox 2372 3958 2669 4027; x_wconf 88' lang='lat' dir='ltr'><strong>impediunt</strong></span> <span class='ocrx_word' id='word_1_564' title='bbox 2701 3972 2798 4012; x_wconf 92' lang='lat' dir='ltr'><strong>uos</strong></span> <span class='ocrx_word' id='word_1_565' title='bbox 2837 3966 2891 4011; x_wconf 89' lang='lat' dir='ltr'><strong>et</strong></span> <span class='ocrx_word' id='word_1_566' title='bbox 2932 3973 2992 4012; x_wconf 88' lang='lat' dir='ltr'><strong>os</strong></span> <span class='ocrx_word' id='word_1_567' title='bbox 3035 3958 3325 4013; x_wconf 88' lang='lat' dir='ltr'><strong>occludunt</strong></span> <span class='ocrx_word' id='word_1_568' title='bbox 3354 3972 3409 4011; x_wconf 90' lang='lat' dir='ltr'><strong>ut</strong></span> 
     </span>
    </p>
   </div>
   <div class='ocr_carea' id='block_1_85' title="bbox 1856 4048 3409 4119">
    <p class='ocr_par' dir='ltr' id='par_1_85' title="bbox 1856 4048 3409 4119">
     <span class='ocr_line' id='line_1_85' title="bbox 1856 4048 3409 4119; baseline 0.003 -17"><span class='ocrx_word' id='word_1_569' title='bbox 1856 4063 1997 4117; x_wconf 81' lang='lat' dir='ltr'><strong>aegre</strong></span> <span class='ocrx_word' id='word_1_570' title='bbox 2029 4048 2170 4103; x_wconf 87' lang='lat' dir='ltr'><strong>labia</strong></span> <span class='ocrx_word' id='word_1_571' title='bbox 2201 4049 2510 4118; x_wconf 88' lang='lat' dir='ltr'><strong>aperiamus</strong></span> <span class='ocrx_word' id='word_1_572' title='bbox 2532 4088 2548 4114; x_wconf 96' lang='lat'><strong>,</strong></span> <span class='ocrx_word' id='word_1_573' title='bbox 2572 4049 2700 4103; x_wconf 90' lang='lat' dir='ltr'><strong>dum</strong></span> <span class='ocrx_word' id='word_1_574' title='bbox 2730 4049 2954 4119; x_wconf 90' lang='lat' dir='ltr'><strong>psalmis</strong></span> <span class='ocrx_word' id='word_1_575' title='bbox 2994 4066 3269 4107; x_wconf 75' lang='lat' dir='ltr'><strong>vacamus.</strong></span> <span class='ocrx_word' id='word_1_576' title='bbox 3307 4052 3409 4119; x_wconf 82' lang='lat' dir='ltr'><strong>Qui</strong></span> 
     </span>
    </p>
   </div>
   <div class='ocr_carea' id='block_1_86' title="bbox 1858 4135 3411 4208">
    <p class='ocr_par' dir='ltr' id='par_1_86' title="bbox 1858 4135 3411 4208">
     <span class='ocr_line' id='line_1_86' title="bbox 1858 4135 3411 4208; baseline 0.005 -20"><span class='ocrx_word' id='word_1_577' title='bbox 1858 4135 1969 4191; x_wconf 90' lang='lat' dir='ltr'><strong>Deo</strong></span> <span class='ocrx_word' id='word_1_578' title='bbox 1999 4136 2257 4192; x_wconf 87' lang='lat' dir='ltr'><strong>assistere</strong></span> <span class='ocrx_word' id='word_1_579' title='bbox 2291 4152 2349 4192; x_wconf 92' lang='lat' dir='ltr'><strong>se</strong></span> <span class='ocrx_word' id='word_1_580' title='bbox 2375 4138 2593 4208; x_wconf 79' lang='lat' dir='ltr'><strong>COgitat,</strong></span> <span class='ocrx_word' id='word_1_581' title='bbox 2622 4138 2677 4191; x_wconf 90' lang='lat' dir='ltr'><strong>in</strong></span> <span class='ocrx_word' id='word_1_582' title='bbox 2703 4138 2894 4193; x_wconf 91' lang='lat' dir='ltr'><strong>intimo</strong></span> <span class='ocrx_word' id='word_1_583' title='bbox 2927 4155 3084 4195; x_wconf 67' lang='lat' dir='ltr'><strong>sensu</strong></span> <span class='ocrx_word' id='word_1_584' title='bbox 3128 4143 3305 4195; x_wconf 83' lang='lat' dir='ltr'><strong>cordis</strong></span> <span class='ocrx_word' id='word_1_585' title='bbox 3329 4143 3411 4195; x_wconf 90' lang='lat' dir='ltr'><strong>in-</strong></span> 
     </span>
    </p>
   </div>
   <div class='ocr_carea' id='block_1_87' title="bbox 1858 4229 3409 4299">
    <p class='ocr_par' dir='ltr' id='par_1_87' title="bbox 1858 4229 3409 4299">
     <span class='ocr_line' id='line_1_87' title="bbox 1858 4229 3409 4299; baseline 0.003 -19"><span class='ocrx_word' id='word_1_586' title='bbox 1858 4235 1941 4281; x_wconf 91' lang='lat' dir='ltr'><strong>ter</strong></span> <span class='ocrx_word' id='word_1_587' title='bbox 1962 4242 2150 4297; x_wconf 88' lang='lat' dir='ltr'><strong>preces</strong></span> <span class='ocrx_word' id='word_1_588' title='bbox 2189 4236 2446 4297; x_wconf 88' lang='lat' dir='ltr'><strong>tanquam</strong></span> <span class='ocrx_word' id='word_1_589' title='bbox 2493 4229 2786 4284; x_wconf 89' lang='lat' dir='ltr'><strong>immobilis</strong></span> <span class='ocrx_word' id='word_1_590' title='bbox 2818 4231 3067 4285; x_wconf 92' lang='lat' dir='ltr'><strong>columna</strong></span> <span class='ocrx_word' id='word_1_591' title='bbox 3100 4233 3409 4299; x_wconf 82' lang='lat' dir='ltr'><strong>reperietur,</strong></span> 
     </span>
    </p>
   </div>
   <div class='ocr_carea' id='block_1_88' title="bbox 1858 4319 3411 4385">
    <p class='ocr_par' dir='ltr' id='par_1_88' title="bbox 1858 4319 3411 4385">
     <span class='ocr_line' id='line_1_88' title="bbox 1858 4319 3411 4385; baseline 0.003 -14"><span class='ocrx_word' id='word_1_592' title='bbox 1858 4319 2005 4372; x_wconf 90' lang='lat' dir='ltr'><strong>nulla</strong></span> <span class='ocrx_word' id='word_1_593' title='bbox 2036 4333 2095 4373; x_wconf 90' lang='lat' dir='ltr'><strong>re</strong></span> <span class='ocrx_word' id='word_1_594' title='bbox 2126 4333 2312 4372; x_wconf 88' lang='lat' dir='ltr'><strong>eorum</strong></span> <span class='ocrx_word' id='word_1_595' title='bbox 2356 4334 2477 4385; x_wconf 73' lang='lat' dir='ltr'><strong>quae</strong></span> <span class='ocrx_word' id='word_1_596' title='bbox 2513 4331 2640 4375; x_wconf 85' lang='lat' dir='ltr'><strong>sunt</strong></span> <span class='ocrx_word' id='word_1_597' title='bbox 2685 4333 2933 4376; x_wconf 86' lang='lat' dir='ltr'><strong>enarrata</strong></span> <span class='ocrx_word' id='word_1_598' title='bbox 2970 4322 3207 4375; x_wconf 88' lang='lat' dir='ltr'><strong>delusus.</strong></span> <span class='ocrx_word' id='word_1_599' title='bbox 3240 4320 3411 4376; x_wconf 79' lang='lat' dir='ltr'><strong>Verus</strong></span> 
     </span>
    </p>
   </div>
   <div class='ocr_carea' id='block_1_89' title="bbox 1857 4408 3409 4481">
    <p class='ocr_par' dir='ltr' id='par_1_89' title="bbox 1857 4408 3409 4481">
     <span class='ocr_line' id='line_1_89' title="bbox 1857 4408 3409 4481; baseline 0.003 -18"><span class='ocrx_word' id='word_1_600' title='bbox 1857 4419 1920 4463; x_wconf 84' lang='lat' dir='ltr'><strong>et.</strong></span> <span class='ocrx_word' id='word_1_601' title='bbox 1941 4408 2195 4465; x_wconf 90' lang='lat' dir='ltr'><strong>obediens</strong></span> <span class='ocrx_word' id='word_1_602' title='bbox 2241 4410 2524 4480; x_wconf 80' lang='lat' dir='ltr'><strong>religiosus</strong></span> <span class='ocrx_word' id='word_1_603' title='bbox 2556 4427 2697 4481; x_wconf 68' lang='lat' dir='ltr'><strong>szepe</strong></span> <span class='ocrx_word' id='word_1_604' title='bbox 2736 4423 2953 4481; x_wconf 84' lang='lat' dir='ltr'><strong>repente</strong></span> <span class='ocrx_word' id='word_1_605' title='bbox 2990 4412 3053 4464; x_wconf 91' lang='lat' dir='ltr'><strong>ad</strong></span> <span class='ocrx_word' id='word_1_606' title='bbox 3084 4416 3409 4479; x_wconf 79' lang='lat' dir='ltr'><strong>precandum</strong></span> 
     </span>
    </p>
   </div>
   <div class='ocr_carea' id='block_1_90' title="bbox 1860 4488 3413 4570">
    <p class='ocr_par' dir='ltr' id='par_1_90' title="bbox 1860 4488 3413 4570">
     <span class='ocr_line' id='line_1_90' title="bbox 1860 4488 3413 4570; baseline 0.003 -17"><span class='ocrx_word' id='word_1_607' title='bbox 1860 4500 2071 4570; x_wconf 87' lang='lat' dir='ltr'><strong>prosilit</strong></span> <span class='ocrx_word' id='word_1_608' title='bbox 2094 4508 2239 4553; x_wconf 92' lang='lat' dir='ltr'><strong>totus</strong></span> <span class='ocrx_word' id='word_1_609' title='bbox 2261 4500 2558 4555; x_wconf 85' lang='lat' dir='ltr'><strong>illustratus</strong></span> <span class='ocrx_word' id='word_1_610' title='bbox 2580 4488 2997 4568; x_wconf 73' lang='lat' dir='ltr'><strong>etelestibusque</strong></span> <span class='ocrx_word' id='word_1_611' title='bbox 3028 4502 3235 4570; x_wconf 80' lang='lat' dir='ltr'><strong>gaudiis</strong></span> <span class='ocrx_word' id='word_1_612' title='bbox 3256 4504 3413 4558; x_wconf 83' lang='lat' dir='ltr'><strong>inun-</strong></span> 
     </span>
    </p>
   </div>
   <div class='ocr_carea' id='block_1_91' title="bbox 204 4568 1747 4669">
    <p class='ocr_par' dir='ltr' id='par_1_91' title="bbox 204 4568 1747 4647">
     <span class='ocr_line' id='line_1_91' title="bbox 204 4568 1747 4647; baseline 0.005 -24"><span class='ocrx_word' id='word_1_613' title='bbox 204 4569 334 4633; x_wconf 80' lang='grc' dir='ltr'>θους</span> <span class='ocrx_word' id='word_1_614' title='bbox 379 4568 793 4641; x_wconf 82' lang='grc' dir='ltr'>προσεύχεσθαι,</span> <span class='ocrx_word' id='word_1_615' title='bbox 842 4573 954 4633; x_wconf 81' lang='grc' dir='ltr'>τοῖς</span> <span class='ocrx_word' id='word_1_616' title='bbox 1000 4571 1211 4634; x_wconf 87' lang='grc' dir='ltr'>πολλοῖς</span> <span class='ocrx_word' id='word_1_617' title='bbox 1249 4573 1308 4625; x_wconf 86' lang='grc' dir='ltr'>δὲ</span> <span class='ocrx_word' id='word_1_618' title='bbox 1353 4575 1606 4644; x_wconf 79' lang='grc' dir='ltr'>ἁρμόδιον</span> <span class='ocrx_word' id='word_1_619' title='bbox 1634 4579 1747 4647; x_wconf 77' lang='grc' dir='ltr'>μεθ’</span> 
     </span>
    </p>
   </div>
   <div class='ocr_carea' id='block_1_92' title="bbox 1852 4568 3409 4669">
    <p class='ocr_par' dir='ltr' id='par_1_92' title="bbox 1859 4568 3409 4657">
     <span class='ocr_line' id='line_1_92' title="bbox 1859 4568 3409 4657; baseline 0 -10"><span class='ocrx_word' id='word_1_620' title='bbox 1859 4568 2017 4647; x_wconf 82' lang='lat' dir='ltr'><strong>datus</strong></span> <span class='ocrx_word' id='word_1_621' title='bbox 2048 4600 2103 4646; x_wconf 91' lang='lat' dir='ltr'><strong>et</strong></span> <span class='ocrx_word' id='word_1_622' title='bbox 2126 4592 2482 4646; x_wconf 83' lang='lat' dir='ltr'><strong>exhilaratus.</strong></span> <span class='ocrx_word' id='word_1_623' title='bbox 2541 4590 2636 4645; x_wconf 87' lang='lat' dir='ltr'><strong>Est</strong></span> <span class='ocrx_word' id='word_1_624' title='bbox 2688 4591 2830 4643; x_wconf 86' lang='lat' dir='ltr'><strong>enim</strong></span> <span class='ocrx_word' id='word_1_625' title='bbox 2883 4568 3255 4657; x_wconf 78' lang='lat' dir='ltr'><strong>hujuscemodi</strong></span> <span class='ocrx_word' id='word_1_626' title='bbox 3291 4598 3409 4649; x_wconf 86' lang='lat' dir='ltr'><strong>reli-</strong></span> 
     </span>
    </p>
   </div>
   <div class='ocr_carea' id='block_1_93' title="bbox 200 4660 1753 4736">
    <p class='ocr_par' dir='ltr' id='par_1_93' title="bbox 200 4660 1753 4736">
     <span class='ocr_line' id='line_1_93' title="bbox 200 4660 1753 4736; baseline 0 -19"><span class='ocrx_word' id='word_1_627' title='bbox 200 4660 481 4731; x_wconf 74' lang='grc' dir='ltr'>ὁμαιιὺχου</span> <span class='ocrx_word' id='word_1_628' title='bbox 528 4661 709 4729; x_wconf 83' lang='grc' dir='ltr'>μόνου.</span> <span class='ocrx_word' id='word_1_629' title='bbox 761 4660 985 4729; x_wconf 85' lang='grc' dir='ltr'>Ὀλίγων</span> <span class='ocrx_word' id='word_1_630' title='bbox 1026 4660 1134 4729; x_wconf 85' lang='grc' dir='ltr'>γὰρ</span> <span class='ocrx_word' id='word_1_631' title='bbox 1172 4660 1292 4713; x_wconf 91' lang='grc' dir='ltr'>λίαν</span> <span class='ocrx_word' id='word_1_632' title='bbox 1329 4664 1365 4730; x_wconf 83' lang='grc' dir='ltr'><strong>ή</strong></span> <span class='ocrx_word' id='word_1_633' title='bbox 1396 4666 1753 4736; x_wconf 84' lang='grc' dir='ltr'>μεμονωμένη</span> 
     </span>
    </p>
   </div>
   <div class='ocr_carea' id='block_1_94' title="bbox 204 4751 1755 4824">
    <p class='ocr_par' dir='ltr' id='par_1_94' title="bbox 204 4751 1755 4824">
     <span class='ocr_line' id='line_1_94' title="bbox 204 4751 1755 4824; baseline 0.001 -19"><span class='ocrx_word' id='word_1_634' title='bbox 204 4753 485 4824; x_wconf 84' lang='grc' dir='ltr'>προσευχή</span> <span class='ocrx_word' id='word_1_635' title='bbox 512 4769 528 4784; x_wconf 88' lang='grc'><strong>·</strong></span> <span class='ocrx_word' id='word_1_636' title='bbox 562 4752 698 4821; x_wconf 83' lang='grc' dir='ltr'>μετὰ</span> <span class='ocrx_word' id='word_1_637' title='bbox 741 4752 977 4822; x_wconf 81' lang='grc' dir='ltr'>πλήθους</span> <span class='ocrx_word' id='word_1_638' title='bbox 1013 4751 1216 4822; x_wconf 84' lang='grc' dir='ltr'>ὑμνῶν,</span> <span class='ocrx_word' id='word_1_639' title='bbox 1250 4752 1311 4803; x_wconf 87' lang='grc' dir='ltr'><strong>οὑ</strong></span> <span class='ocrx_word' id='word_1_640' title='bbox 1347 4752 1547 4822; x_wconf 81' lang='grc' dir='ltr'>δυνήσῃ</span> <span class='ocrx_word' id='word_1_641' title='bbox 1577 4755 1755 4819; x_wconf 82' lang='grc' dir='ltr'>άῢλως</span> 
     </span>
    </p>
   </div>
   <div class='ocr_carea' id='block_1_95' title="bbox 202 4840 1755 4915">
    <p class='ocr_par' dir='ltr' id='par_1_95' title="bbox 202 4840 1755 4915">
     <span class='ocr_line' id='line_1_95' title="bbox 202 4840 1755 4915; baseline 0.002 -18"><span class='ocrx_word' id='word_1_642' title='bbox 202 4844 629 4915; x_wconf 78' lang='grc' dir='ltr'>προσεύξασθαι.</span> <span class='ocrx_word' id='word_1_643' title='bbox 666 4844 842 4898; x_wconf 84' lang='grc' dir='ltr'>Ἔστω</span> <span class='ocrx_word' id='word_1_644' title='bbox 865 4845 919 4897; x_wconf 80' lang='grc' dir='ltr'><strong>δέ</strong></span> <span class='ocrx_word' id='word_1_645' title='bbox 943 4862 1023 4897; x_wconf 88' lang='grc' dir='ltr'><strong>σοι</strong></span> <span class='ocrx_word' id='word_1_646' title='bbox 1052 4840 1128 4907; x_wconf 82' lang='grc' dir='ltr'>εἰς</span> <span class='ocrx_word' id='word_1_647' title='bbox 1158 4842 1415 4913; x_wconf 78' lang='grc' dir='ltr'>ἐργασίαν</span> <span class='ocrx_word' id='word_1_648' title='bbox 1439 4844 1558 4906; x_wconf 88' lang='grc' dir='ltr'>νοὸς</span> <span class='ocrx_word' id='word_1_649' title='bbox 1585 4847 1617 4914; x_wconf 81' lang='grc' dir='ltr'><strong>ὴ</strong></span> <span class='ocrx_word' id='word_1_650' title='bbox 1648 4848 1755 4900; x_wconf 82' lang='grc' dir='ltr'>τῶν</span> 
     </span>
    </p>
   </div>
   <div class='ocr_carea' id='block_1_96' title="bbox 202 4932 1755 5008">
    <p class='ocr_par' dir='ltr' id='par_1_96' title="bbox 202 4932 1755 5008">
     <span class='ocr_line' id='line_1_96' title="bbox 202 4932 1755 5008; baseline 0.003 -21"><span class='ocrx_word' id='word_1_651' title='bbox 202 4936 515 5005; x_wconf 85' lang='grc' dir='ltr'>λεγομένων</span> <span class='ocrx_word' id='word_1_652' title='bbox 553 4936 746 5004; x_wconf 89' lang='grc' dir='ltr'>λογίων</span> <span class='ocrx_word' id='word_1_653' title='bbox 771 4934 991 5006; x_wconf 83' lang='grc' dir='ltr'>θεωρία,</span> <span class='ocrx_word' id='word_1_654' title='bbox 1021 4936 1055 5006; x_wconf 80' lang='grc' dir='ltr'>ἢ</span> <span class='ocrx_word' id='word_1_655' title='bbox 1093 4934 1253 4988; x_wconf 88' lang='grc' dir='ltr'>πάλιν</span> <span class='ocrx_word' id='word_1_656' title='bbox 1307 4932 1583 5005; x_wconf 81' lang='grc' dir='ltr'>ὡρισμένη</span> <span class='ocrx_word' id='word_1_657' title='bbox 1622 4939 1755 5008; x_wconf 77' lang='grc' dir='ltr'>εὐχὴ</span> 
     </span>
    </p>
   </div>
   <div class='ocr_carea' id='block_1_97' title="bbox 203 5025 1758 5099">
    <p class='ocr_par' dir='ltr' id='par_1_97' title="bbox 203 5025 1758 5099">
     <span class='ocr_line' id='line_1_97' title="bbox 203 5025 1758 5099; baseline 0.004 -22"><span class='ocrx_word' id='word_1_658' title='bbox 203 5025 263 5078; x_wconf 75' lang='grc' dir='ltr'>ὲν</span> <span class='ocrx_word' id='word_1_659' title='bbox 294 5028 363 5095; x_wconf 80' lang='grc' dir='ltr'>τῇ</span> <span class='ocrx_word' id='word_1_660' title='bbox 385 5027 630 5097; x_wconf 80' lang='grc' dir='ltr'>άναμονῇ</span> <span class='ocrx_word' id='word_1_661' title='bbox 655 5025 748 5079; x_wconf 83' lang='grc' dir='ltr'>τοῦ</span> <span class='ocrx_word' id='word_1_662' title='bbox 781 5026 963 5096; x_wconf 85' lang='grc' dir='ltr'>στίχου</span> <span class='ocrx_word' id='word_1_663' title='bbox 1001 5025 1092 5079; x_wconf 80' lang='grc' dir='ltr'>τοῦ</span> <span class='ocrx_word' id='word_1_664' title='bbox 1125 5025 1368 5095; x_wconf 84' lang='grc' dir='ltr'>πλησίον.</span> <span class='ocrx_word' id='word_1_665' title='bbox 1409 5029 1595 5082; x_wconf 78' lang='grc' dir='ltr'>Οὐδενὶ</span> <span class='ocrx_word' id='word_1_666' title='bbox 1629 5032 1758 5099; x_wconf 87' lang='grc' dir='ltr'>πρέ-</span> 
     </span>
    </p>
   </div>
   <div class='ocr_carea' id='block_1_98' title="bbox 205 5114 1748 5195">
    <p class='ocr_par' dir='ltr' id='par_1_98' title="bbox 205 5114 1748 5195">
     <span class='ocr_line' id='line_1_98' title="bbox 205 5114 1748 5195; baseline 0.004 -28"><span class='ocrx_word' id='word_1_667' title='bbox 205 5130 308 5167; x_wconf 82' lang='grc' dir='ltr'><strong>πον</strong></span> <span class='ocrx_word' id='word_1_668' title='bbox 341 5114 403 5166; x_wconf 79' lang='grc' dir='ltr'>ὲν</span> <span class='ocrx_word' id='word_1_669' title='bbox 427 5120 701 5187; x_wconf 80' lang='grc' dir='ltr'>προσευχῇ</span> <span class='ocrx_word' id='word_1_670' title='bbox 732 5117 1004 5195; x_wconf 80' lang='grc' dir='ltr'>πάρεργον</span> <span class='ocrx_word' id='word_1_671' title='bbox 1036 5117 1134 5187; x_wconf 78' lang='grc'><strong>(5).</strong></span> <span class='ocrx_word' id='word_1_672' title='bbox 1169 5117 1365 5187; x_wconf 80' lang='grc' dir='ltr'>μᾶλλον</span> <span class='ocrx_word' id='word_1_673' title='bbox 1384 5117 1440 5170; x_wconf 81' lang='grc' dir='ltr'>δὲ</span> <span class='ocrx_word' id='word_1_674' title='bbox 1470 5119 1748 5189; x_wconf 84' lang='grc' dir='ltr'>κάτεργον.</span> 
     </span>
    </p>
   </div>
   <div class='ocr_carea' id='block_1_99' title="bbox 202 5201 1753 5277">
    <p class='ocr_par' dir='ltr' id='par_1_99' title="bbox 202 5201 1753 5277">
     <span class='ocr_line' id='line_1_99' title="bbox 202 5201 1753 5277; baseline 0.005 -23"><span class='ocrx_word' id='word_1_675' title='bbox 202 5201 378 5257; x_wconf 76' lang='grc' dir='ltr'>τοῦτο</span> <span class='ocrx_word' id='word_1_676' title='bbox 402 5204 511 5275; x_wconf 81' lang='grc' dir='ltr'>γὰρ</span> <span class='ocrx_word' id='word_1_677' title='bbox 536 5207 717 5275; x_wconf 82' lang='grc' dir='ltr'>σαφῶς</span> <span class='ocrx_word' id='word_1_678' title='bbox 744 5208 1058 5262; x_wconf 78' lang='grc' dir='ltr'>ἐπαίδευσεν</span> <span class='ocrx_word' id='word_1_679' title='bbox 1084 5210 1112 5260; x_wconf 85' lang='grc' dir='ltr'><strong>ὁ</strong></span> <span class='ocrx_word' id='word_1_680' title='bbox 1139 5209 1279 5262; x_wconf 77' lang='grc' dir='ltr'>κατὰ</span> <span class='ocrx_word' id='word_1_681' title='bbox 1311 5208 1401 5260; x_wconf 86' lang='grc' dir='ltr'><strong>τὸν</strong></span> <span class='ocrx_word' id='word_1_682' title='bbox 1437 5208 1606 5277; x_wconf 81' lang='grc' dir='ltr'>μέγαν</span> <span class='ocrx_word' id='word_1_683' title='bbox 1639 5212 1753 5262; x_wconf 78' lang='grc' dir='ltr'><strong>Ἀν-</strong></span> 
     </span>
    </p>
   </div>
   <div class='ocr_carea' id='block_1_100' title="bbox 204 5291 1752 5371">
    <p class='ocr_par' dir='ltr' id='par_1_100' title="bbox 204 5291 1752 5371">
     <span class='ocr_line' id='line_1_100' title="bbox 204 5291 1752 5371; baseline 0.017 -27"><span class='ocrx_word' id='word_1_684' title='bbox 204 5291 401 5346; x_wconf 76' lang='grc' dir='ltr'>τώνιον</span> <span class='ocrx_word' id='word_1_685' title='bbox 441 5294 689 5363; x_wconf 75' lang='grc' dir='ltr'>ἄγγελος.</span> <span class='ocrx_word' id='word_1_686' title='bbox 742 5299 1030 5369; x_wconf 74' lang='grc' dir='ltr'>Δοκιμάξει</span> <span class='ocrx_word' id='word_1_687' title='bbox 1071 5300 1169 5371; x_wconf 77' lang='grc' dir='ltr'><strong>μὲν</strong></span> <span class='ocrx_word' id='word_1_688' title='bbox 1208 5300 1315 5369; x_wconf 75' lang='grc' dir='ltr'>γὰρ</span> <span class='ocrx_word' id='word_1_689' title='bbox 1356 5300 1581 5366; x_wconf 75' lang='grc' dir='ltr'>κάμινος</span> <span class='ocrx_word' id='word_1_690' title='bbox 1624 5318 1752 5368; x_wconf 78' lang='grc' dir='ltr'><strong>Χρυ-</strong></span> 
     </span>
    </p>
   </div>
   <div class='ocr_carea' id='block_1_101' title="bbox 208 5380 1745 5460">
    <p class='ocr_par' dir='ltr' id='par_1_101' title="bbox 208 5380 1745 5460">
     <span class='ocr_line' id='line_1_101' title="bbox 208 5380 1745 5460; baseline 0.004 -25"><span class='ocrx_word' id='word_1_691' title='bbox 208 5380 302 5435; x_wconf 89' lang='grc' dir='ltr'><strong>σὸν</strong></span> <span class='ocrx_word' id='word_1_692' title='bbox 331 5382 436 5452; x_wconf 74' lang='grc'><strong>(4),</strong></span> <span class='ocrx_word' id='word_1_693' title='bbox 460 5388 766 5458; x_wconf 79' lang='grc' dir='ltr'>προσευχῆς</span> <span class='ocrx_word' id='word_1_694' title='bbox 788 5389 842 5443; x_wconf 77' lang='grc' dir='ltr'>δὲ</span> <span class='ocrx_word' id='word_1_695' title='bbox 864 5391 1197 5460; x_wconf 81' lang='grc' dir='ltr'>παράστασις</span> <span class='ocrx_word' id='word_1_696' title='bbox 1233 5389 1463 5458; x_wconf 84' lang='grc' dir='ltr'>σπουδὴν</span> <span class='ocrx_word' id='word_1_697' title='bbox 1486 5389 1580 5439; x_wconf 76' lang='grc' dir='ltr'>καὶ</span> <span class='ocrx_word' id='word_1_698' title='bbox 1608 5390 1745 5456; x_wconf 83' lang='grc' dir='ltr'>ἁγά-</span> 
     </span>
    </p>
   </div>
   <div class='ocr_carea' id='block_1_102' title="bbox 207 5471 918 5550">
    <p class='ocr_par' dir='ltr' id='par_1_102' title="bbox 207 5471 918 5550">
     <span class='ocr_line' id='line_1_102' title="bbox 207 5471 918 5550; baseline 0.014 -28"><span class='ocrx_word' id='word_1_699' title='bbox 207 5487 317 5543; x_wconf 81' lang='grc' dir='ltr'><strong>πην</strong></span> <span class='ocrx_word' id='word_1_700' title='bbox 338 5471 478 5542; x_wconf 84' lang='grc' dir='ltr'>πρὸς</span> <span class='ocrx_word' id='word_1_701' title='bbox 502 5472 633 5528; x_wconf 86' lang='grc' dir='ltr'>Θεὸν</span> <span class='ocrx_word' id='word_1_702' title='bbox 654 5478 918 5550; x_wconf 85' lang='grc' dir='ltr'>μοναχῶν.</span> 
     </span>
    </p>
   </div>
   <div class='ocr_carea' id='block_1_103' title="bbox 1833 4680 3411 4752">
    <p class='ocr_par' dir='ltr' id='par_1_103' title="bbox 1833 4680 3411 4752">
     <span class='ocr_line' id='line_1_103' title="bbox 1833 4680 3411 4752; baseline 0.004 -17"><span class='ocrx_word' id='word_1_703' title='bbox 1833 4680 2171 4752; x_wconf 78' lang='lat' dir='ltr'><strong>&#39;giosusjam</strong></span> <span class='ocrx_word' id='word_1_704' title='bbox 2203 4690 2328 4735; x_wconf 88' lang='lat' dir='ltr'><strong>ante</strong></span> <span class='ocrx_word' id='word_1_705' title='bbox 2355 4696 2450 4748; x_wconf 91' lang='lat' dir='ltr'><strong>per</strong></span> <span class='ocrx_word' id='word_1_706' title='bbox 2474 4680 2897 4734; x_wconf 87' lang='lat' dir='ltr'><strong>sineerisslmmn</strong></span> <span class='ocrx_word' id='word_1_707' title='bbox 2943 4692 2997 4737; x_wconf 90' lang='lat' dir='ltr'><strong>et</strong></span> <span class='ocrx_word' id='word_1_708' title='bbox 3041 4684 3411 4742; x_wconf 89' lang='lat' dir='ltr'><strong>ﬁdelissimum</strong></span> 
     </span>
    </p>
   </div>
   <div class='ocr_carea' id='block_1_104' title="bbox 1860 4771 3410 4845">
    <p class='ocr_par' dir='ltr' id='par_1_104' title="bbox 1860 4771 3410 4845">
     <span class='ocr_line' id='line_1_104' title="bbox 1860 4771 3410 4845; baseline 0.005 -20"><span class='ocrx_word' id='word_1_709' title='bbox 1860 4772 2216 4825; x_wconf 66' lang='lat' dir='ltr'><strong>ministerium</strong></span> <span class='ocrx_word' id='word_1_710' title='bbox 2250 4779 2505 4838; x_wconf 86' lang='lat' dir='ltr'><strong>tanquam</strong></span> <span class='ocrx_word' id='word_1_711' title='bbox 2550 4771 2797 4841; x_wconf 76' lang='lat' dir='ltr'><strong>egregius</strong></span> <span class='ocrx_word' id='word_1_712' title='bbox 2817 4774 2961 4843; x_wconf 79' lang='lat' dir='ltr'><strong>pugil</strong></span> <span class='ocrx_word' id='word_1_713' title='bbox 2991 4789 3318 4845; x_wconf 69' lang='lat' dir='ltr'><strong>prtuparatus</strong></span> <span class='ocrx_word' id='word_1_714' title='bbox 3346 4782 3410 4834; x_wconf 88' lang='lat' dir='ltr'><strong>ad</strong></span> 
     </span>
    </p>
   </div>
   <div class='ocr_carea' id='block_1_105' title="bbox 1857 4855 3393 4932">
    <p class='ocr_par' dir='ltr' id='par_1_105' title="bbox 1857 4855 3393 4932">
     <span class='ocr_line' id='line_1_105' title="bbox 1857 4855 3393 4932; baseline 0.004 -18"><span class='ocrx_word' id='word_1_715' title='bbox 1857 4859 2177 4914; x_wconf 89' lang='lat' dir='ltr'><strong>orationem.</strong></span> <span class='ocrx_word' id='word_1_716' title='bbox 2207 4857 2368 4927; x_wconf 79' lang='lat'><strong>266</strong></span> <span class='ocrx_word' id='word_1_717' title='bbox 2386 4855 2587 4913; x_wconf 88' lang='lat' dir='ltr'><strong>Omnes</strong></span> <span class='ocrx_word' id='word_1_718' title='bbox 2613 4860 2829 4929; x_wconf 90' lang='lat' dir='ltr'><strong>quidem</strong></span> <span class='ocrx_word' id='word_1_719' title='bbox 2859 4876 3084 4932; x_wconf 83' lang='lat' dir='ltr'><strong>possunt</strong></span> <span class='ocrx_word' id='word_1_720' title='bbox 3109 4866 3246 4919; x_wconf 84' lang='lat' dir='ltr'><strong>inter</strong></span> <span class='ocrx_word' id='word_1_721' title='bbox 3272 4870 3393 4921; x_wconf 90' lang='lat' dir='ltr'><strong>mul-</strong></span> 
     </span>
    </p>
   </div>
   <div class='ocr_carea' id='block_1_106' title="bbox 1859 4946 3412 5025">
    <p class='ocr_par' dir='ltr' id='par_1_106' title="bbox 1859 4946 3412 5025">
     <span class='ocr_line' id='line_1_106' title="bbox 1859 4946 3412 5025; baseline 0.006 -23"><span class='ocrx_word' id='word_1_722' title='bbox 1859 4958 1943 5002; x_wconf 89' lang='lat' dir='ltr'><strong>tos</strong></span> <span class='ocrx_word' id='word_1_723' title='bbox 1970 4961 2090 5000; x_wconf 86' lang='lat' dir='ltr'><strong>cum</strong></span> <span class='ocrx_word' id='word_1_724' title='bbox 2121 4946 2304 5001; x_wconf 89' lang='lat' dir='ltr'><strong>multis</strong></span> <span class='ocrx_word' id='word_1_725' title='bbox 2334 4949 2626 5016; x_wconf 90' lang='lat' dir='ltr'><strong>precationi</strong></span> <span class='ocrx_word' id='word_1_726' title='bbox 2652 4966 2861 5014; x_wconf 82' lang='lat' dir='ltr'><strong>vacare,</strong></span> <span class='ocrx_word' id='word_1_727' title='bbox 2906 4954 2995 5005; x_wconf 88' lang='lat' dir='ltr'><strong>sed</strong></span> <span class='ocrx_word' id='word_1_728' title='bbox 3025 4954 3206 5007; x_wconf 86' lang='lat' dir='ltr'><strong>multis</strong></span> <span class='ocrx_word' id='word_1_729' title='bbox 3221 4970 3412 5025; x_wconf 83' lang='lat' dir='ltr'><strong>oppor-</strong></span> 
     </span>
    </p>
   </div>
   <div class='ocr_carea' id='block_1_107' title="bbox 1858 5037 3411 5110">
    <p class='ocr_par' dir='ltr' id='par_1_107' title="bbox 1858 5037 3411 5110">
     <span class='ocr_line' id='line_1_107' title="bbox 1858 5037 3411 5110; baseline 0.007 -19"><span class='ocrx_word' id='word_1_730' title='bbox 1858 5037 2043 5091; x_wconf 90' lang='lat' dir='ltr'><strong>tunius</strong></span> <span class='ocrx_word' id='word_1_731' title='bbox 2064 5045 2146 5088; x_wconf 86' lang='lat' dir='ltr'><strong>est</strong></span> <span class='ocrx_word' id='word_1_732' title='bbox 2164 5050 2287 5089; x_wconf 90' lang='lat' dir='ltr'><strong>cum</strong></span> <span class='ocrx_word' id='word_1_733' title='bbox 2316 5053 2424 5092; x_wconf 93' lang='lat' dir='ltr'><strong>uno</strong></span> <span class='ocrx_word' id='word_1_734' title='bbox 2446 5040 2562 5093; x_wconf 92' lang='lat' dir='ltr'><strong>solo</strong></span> <span class='ocrx_word' id='word_1_735' title='bbox 2612 5041 2852 5110; x_wconf 84' lang='lat' dir='ltr'><strong>ejusdem</strong></span> <span class='ocrx_word' id='word_1_736' title='bbox 2892 5044 3054 5096; x_wconf 88' lang='lat' dir='ltr'><strong>animi</strong></span> <span class='ocrx_word' id='word_1_737' title='bbox 3109 5056 3155 5097; x_wconf 83' lang='lat' dir='ltr'><strong>et</strong></span> <span class='ocrx_word' id='word_1_738' title='bbox 3189 5037 3411 5102; x_wconf 73' lang='lat' dir='ltr'><strong>aﬁ‘eétus</strong></span> 
     </span>
    </p>
   </div>
   <div class='ocr_carea' id='block_1_108' title="bbox 1859 5120 3407 5199">
    <p class='ocr_par' dir='ltr' id='par_1_108' title="bbox 1859 5120 3407 5199">
     <span class='ocr_line' id='line_1_108' title="bbox 1859 5120 3407 5199; baseline 0.008 -22"><span class='ocrx_word' id='word_1_739' title='bbox 1859 5123 2099 5191; x_wconf 90' lang='lat' dir='ltr'><strong>psallere.</strong></span> <span class='ocrx_word' id='word_1_740' title='bbox 2130 5120 2433 5180; x_wconf 86' lang='lat' dir='ltr'><strong>Paucorum</strong></span> <span class='ocrx_word' id='word_1_741' title='bbox 2461 5128 2602 5181; x_wconf 91' lang='lat' dir='ltr'><strong>enim</strong></span> <span class='ocrx_word' id='word_1_742' title='bbox 2625 5139 2708 5183; x_wconf 92' lang='lat' dir='ltr'><strong>est</strong></span> <span class='ocrx_word' id='word_1_743' title='bbox 2737 5131 2971 5185; x_wconf 79' lang='lat' dir='ltr'><strong>solitaria</strong></span> <span class='ocrx_word' id='word_1_744' title='bbox 2995 5133 3166 5187; x_wconf 83' lang='lat' dir='ltr'><strong>oratio</strong></span> <span class='ocrx_word' id='word_1_745' title='bbox 3190 5153 3203 5199; x_wconf 89' lang='lat'>;</span> <span class='ocrx_word' id='word_1_746' title='bbox 3226 5138 3267 5189; x_wconf 82' lang='lat' dir='ltr'><strong>si</strong></span> <span class='ocrx_word' id='word_1_747' title='bbox 3287 5155 3407 5191; x_wconf 85' lang='lat' dir='ltr'><strong>cum</strong></span> 
     </span>
    </p>
   </div>
   <div class='ocr_carea' id='block_1_109' title="bbox 1860 5213 3407 5295">
    <p class='ocr_par' dir='ltr' id='par_1_109' title="bbox 1860 5213 3407 5295">
     <span class='ocr_line' id='line_1_109' title="bbox 1860 5213 3407 5295; baseline 0.01 -31"><span class='ocrx_word' id='word_1_748' title='bbox 1860 5213 2041 5265; x_wconf 89' lang='lat' dir='ltr'><strong>multis</strong></span> <span class='ocrx_word' id='word_1_749' title='bbox 2076 5214 2294 5281; x_wconf 87' lang='lat' dir='ltr'><strong>psallas,</strong></span> <span class='ocrx_word' id='word_1_750' title='bbox 2320 5232 2426 5271; x_wconf 93' lang='lat' dir='ltr'><strong>non</strong></span> <span class='ocrx_word' id='word_1_751' title='bbox 2458 5220 2660 5286; x_wconf 86' lang='lat' dir='ltr'><strong>poteris</strong></span> <span class='ocrx_word' id='word_1_752' title='bbox 2701 5222 3050 5288; x_wconf 86' lang='lat' dir='ltr'><strong>contemplari</strong></span> <span class='ocrx_word' id='word_1_753' title='bbox 3076 5225 3191 5279; x_wconf 91' lang='lat' dir='ltr'><strong>sine</strong></span> <span class='ocrx_word' id='word_1_754' title='bbox 3220 5228 3407 5295; x_wconf 80' lang='lat' dir='ltr'><strong>imagi-</strong></span> 
     </span>
    </p>
   </div>
   <div class='ocr_carea' id='block_1_110' title="bbox 1860 5298 3406 5375">
    <p class='ocr_par' dir='ltr' id='par_1_110' title="bbox 1860 5298 3406 5375">
     <span class='ocr_line' id='line_1_110' title="bbox 1860 5298 3406 5375; baseline 0.008 -23"><span class='ocrx_word' id='word_1_755' title='bbox 1860 5314 1986 5375; x_wconf 86' lang='lat' dir='ltr'><strong>num</strong></span> <span class='ocrx_word' id='word_1_756' title='bbox 2015 5298 2220 5355; x_wconf 81' lang='lat' dir='ltr'><strong>formis.</strong></span> <span class='ocrx_word' id='word_1_757' title='bbox 2247 5301 2438 5357; x_wconf 80' lang='lat' dir='ltr'><strong>Sittibi</strong></span> <span class='ocrx_word' id='word_1_758' title='bbox 2462 5306 2525 5357; x_wconf 85' lang='lat' dir='ltr'><strong>ad</strong></span> <span class='ocrx_word' id='word_1_759' title='bbox 2546 5306 2911 5374; x_wconf 86' lang='lat' dir='ltr'><strong>occupandam</strong></span> <span class='ocrx_word' id='word_1_760' title='bbox 2954 5321 3185 5366; x_wconf 79' lang='lat' dir='ltr'><strong>mentem</strong></span> <span class='ocrx_word' id='word_1_761' title='bbox 3226 5328 3406 5365; x_wconf 81' lang='lat' dir='ltr'><strong>sacro-</strong></span> 
     </span>
    </p>
   </div>
   <div class='ocr_carea' id='block_1_111' title="bbox 1855 5388 3405 5465">
    <p class='ocr_par' dir='ltr' id='par_1_111' title="bbox 1855 5388 3405 5465">
     <span class='ocr_line' id='line_1_111' title="bbox 1855 5388 3405 5465; baseline 0.008 -24"><span class='ocrx_word' id='word_1_762' title='bbox 1855 5404 1972 5442; x_wconf 88' lang='lat' dir='ltr'><strong>rum</strong></span> <span class='ocrx_word' id='word_1_763' title='bbox 1993 5389 2328 5460; x_wconf 89' lang='lat' dir='ltr'><strong>eloquiorum</strong></span> <span class='ocrx_word' id='word_1_764' title='bbox 2351 5409 2469 5465; x_wconf 72' lang='lat' dir='ltr'><strong>qua:</strong></span> <span class='ocrx_word' id='word_1_765' title='bbox 2487 5396 2799 5461; x_wconf 90' lang='lat' dir='ltr'><strong>recitantur,</strong></span> <span class='ocrx_word' id='word_1_766' title='bbox 2814 5400 3121 5455; x_wconf 88' lang='lat' dir='ltr'><strong>meditatio:</strong></span> <span class='ocrx_word' id='word_1_767' title='bbox 3142 5388 3405 5455; x_wconf 84' lang='lat' dir='ltr'><strong>autetiam</strong></span> 
     </span>
    </p>
   </div>
   <div class='ocr_carea' id='block_1_112' title="bbox 1855 5484 3403 5559">
    <p class='ocr_par' dir='ltr' id='par_1_112' title="bbox 1855 5484 3403 5559">
     <span class='ocr_line' id='line_1_112' title="bbox 1855 5484 3403 5559; baseline 0.006 -26"><span class='ocrx_word' id='word_1_768' title='bbox 1855 5489 2001 5533; x_wconf 86' lang='lat' dir='ltr'><strong>certa</strong></span> <span class='ocrx_word' id='word_1_769' title='bbox 2038 5485 2299 5549; x_wconf 87' lang='lat' dir='ltr'><strong>precatio,</strong></span> <span class='ocrx_word' id='word_1_770' title='bbox 2321 5484 2446 5540; x_wconf 86' lang='lat' dir='ltr'><strong>dum</strong></span> <span class='ocrx_word' id='word_1_771' title='bbox 2491 5496 2792 5556; x_wconf 80' lang='lat' dir='ltr'><strong>exspectas,</strong></span> <span class='ocrx_word' id='word_1_772' title='bbox 2825 5493 2999 5559; x_wconf 89' lang='lat' dir='ltr'><strong>quoad</strong></span> <span class='ocrx_word' id='word_1_773' title='bbox 3033 5493 3165 5546; x_wconf 87' lang='lat' dir='ltr'><strong>alter</strong></span> <span class='ocrx_word' id='word_1_774' title='bbox 3192 5506 3403 5543; x_wconf 68' lang='lat' dir='ltr'><strong>versum</strong></span> 
     </span>
    </p>
   </div>
   <div class='ocr_carea' id='block_1_113' title="bbox 206 5561 3403 5646">
    <p class='ocr_par' dir='ltr' id='par_1_113' title="bbox 206 5561 3403 5646">
     <span class='ocr_line' id='line_1_113' title="bbox 206 5561 3403 5646; baseline 0.005 -27"><span class='ocrx_word' id='word_1_775' title='bbox 206 5562 365 5619; x_wconf 71' lang='lat' dir='ltr'><strong>ﬁniat</strong></span> <span class='ocrx_word' id='word_1_776' title='bbox 400 5561 497 5633; x_wconf 69' lang='grc' dir='ltr'><strong>(Β).</strong></span> <span class='ocrx_word' id='word_1_777' title='bbox 528 5561 644 5620; x_wconf 82' lang='lat' dir='ltr'><strong>Non</strong></span> <span class='ocrx_word' id='word_1_778' title='bbox 672 5568 824 5625; x_wconf 82' lang='lat' dir='ltr'><strong>decet</strong></span> <span class='ocrx_word' id='word_1_779' title='bbox 842 5573 952 5628; x_wconf 89' lang='lat' dir='ltr'><strong>ullo</strong></span> <span class='ocrx_word' id='word_1_780' title='bbox 978 5572 1137 5628; x_wconf 89' lang='lat' dir='ltr'><strong>modo</strong></span> <span class='ocrx_word' id='word_1_781' title='bbox 1164 5583 1223 5628; x_wconf 87' lang='lat' dir='ltr'><strong>ut</strong></span> <span class='ocrx_word' id='word_1_782' title='bbox 1246 5572 1382 5628; x_wconf 87' lang='lat' dir='ltr'><strong>inter</strong></span> <span class='ocrx_word' id='word_1_783' title='bbox 1416 5584 1599 5640; x_wconf 90' lang='lat' dir='ltr'><strong>preces</strong></span> <span class='ocrx_word' id='word_1_784' title='bbox 1623 5572 1767 5625; x_wconf 86' lang='lat' dir='ltr'><strong>aliud</strong></span> <span class='ocrx_word' id='word_1_785' title='bbox 1804 5580 1993 5642; x_wconf 76' lang='lat' dir='ltr'><strong>agatur</strong></span> <span class='ocrx_word' id='word_1_786' title='bbox 2044 5588 2136 5630; x_wconf 89' lang='lat' dir='ltr'><strong>seu</strong></span> <span class='ocrx_word' id='word_1_787' title='bbox 2175 5579 2538 5634; x_wconf 85' lang='lat' dir='ltr'><strong>necessarium</strong></span> <span class='ocrx_word' id='word_1_788' title='bbox 2595 5581 2681 5646; x_wconf 88' lang='lat' dir='ltr'><strong>sit,</strong></span> <span class='ocrx_word' id='word_1_789' title='bbox 2730 5574 2824 5638; x_wconf 86' lang='lat' dir='ltr'><strong>seu</strong></span> <span class='ocrx_word' id='word_1_790' title='bbox 2878 5600 2982 5638; x_wconf 87' lang='lat' dir='ltr'><strong>non</strong></span> <span class='ocrx_word' id='word_1_791' title='bbox 3020 5582 3403 5636; x_wconf 88' lang='lat' dir='ltr'><strong>necessarium.</strong></span> 
     </span>
    </p>
   </div>
   <div class='ocr_carea' id='block_1_114' title="bbox 305 5697 1835 5775">
    <p class='ocr_par' dir='ltr' id='par_1_114' title="bbox 305 5697 1835 5775">
     <span class='ocr_line' id='line_1_114' title="bbox 305 5697 1835 5775; baseline 0.005 -24"><span class='ocrx_word' id='word_1_792' title='bbox 305 5701 362 5775; x_wconf 71' lang='grc' dir='ltr'><strong>ᾳ)</strong></span> <span class='ocrx_word' id='word_1_793' title='bbox 392 5697 717 5775; x_wconf 41' lang='grc' dir='ltr'>δίκίιεηᾳιιὶά</span> <span class='ocrx_word' id='word_1_794' title='bbox 737 5714 817 5775; x_wconf 69' lang='lat' dir='ltr'><strong>eu</strong></span> <span class='ocrx_word' id='word_1_795' title='bbox 838 5722 1066 5771; x_wconf 62' lang='lat' dir='ltr'><strong>tantum,</strong></span> <span class='ocrx_word' id='word_1_796' title='bbox 1087 5710 1271 5775; x_wconf 71' lang='lat' dir='ltr'><strong>gelida:</strong></span> <span class='ocrx_word' id='word_1_797' title='bbox 1289 5710 1389 5762; x_wconf 80' lang='lat' dir='ltr'><strong>nisi</strong></span> <span class='ocrx_word' id='word_1_798' title='bbox 1414 5706 1589 5759; x_wconf 82' lang='lat' dir='ltr'><strong>mortis</strong></span> <span class='ocrx_word' id='word_1_799' title='bbox 1622 5706 1835 5774; x_wconf 78' lang='lat' dir='ltr'><strong>imago?</strong></span> 
     </span>
    </p>
   </div>
   <div class='ocr_carea' id='block_1_115' title="bbox 309 5770 2034 5846">
    <p class='ocr_par' dir='ltr' id='par_1_115' title="bbox 309 5770 2034 5846">
     <span class='ocr_line' id='line_1_115' title="bbox 309 5770 2034 5846; baseline 0.005 -23"><span class='ocrx_word' id='word_1_800' title='bbox 309 5770 363 5842; x_wconf 69' lang='grc' dir='ltr'><strong>ὁ)</strong></span> <span class='ocrx_word' id='word_1_801' title='bbox 397 5770 633 5825; x_wconf 74' lang='lat' dir='ltr'><strong>Alternis</strong></span> <span class='ocrx_word' id='word_1_802' title='bbox 662 5773 805 5826; x_wconf 86' lang='lat' dir='ltr'><strong>enim</strong></span> <span class='ocrx_word' id='word_1_803' title='bbox 835 5770 1119 5838; x_wconf 70' lang='lat' dir='ltr'><strong>canebant,</strong></span> <span class='ocrx_word' id='word_1_804' title='bbox 1152 5787 1209 5830; x_wconf 91' lang='lat' dir='ltr'><strong>ut</strong></span> <span class='ocrx_word' id='word_1_805' title='bbox 1242 5779 1400 5833; x_wconf 91' lang='lat' dir='ltr'><strong>hodie</strong></span> <span class='ocrx_word' id='word_1_806' title='bbox 1452 5778 1652 5846; x_wconf 90' lang='lat' dir='ltr'><strong>passim</strong></span> <span class='ocrx_word' id='word_1_807' title='bbox 1694 5770 1748 5829; x_wconf 74' lang='lat' dir='ltr'><strong>ixi</strong></span> <span class='ocrx_word' id='word_1_808' title='bbox 1773 5775 2034 5832; x_wconf 78' lang='lat' dir='ltr'><strong>ecclesiis.</strong></span> 
     </span>
    </p>
   </div>
   <div class='ocr_carea' id='block_1_116' title="bbox 468 5860 1331 5957">
    <p class='ocr_par' dir='ltr' id='par_1_116' title="bbox 468 5860 1331 5957">
     <span class='ocr_line' id='line_1_116' title="bbox 468 5860 1331 5957; baseline 0.015 -36"><span class='ocrx_word' id='word_1_809' title='bbox 468 5956 471 5957; x_wconf 12' lang='grc' dir='ltr'><em>ν</em></span> <span class='ocrx_word' id='word_1_810' title='bbox 539 5860 801 5926; x_wconf 77' lang='grc' dir='ltr'>ΡΑτιιοι.</span> <span class='ocrx_word' id='word_1_811' title='bbox 837 5866 948 5926; x_wconf 75' lang='lat' dir='ltr'><strong>Gn.</strong></span> <span class='ocrx_word' id='word_1_812' title='bbox 978 5869 1331 5934; x_wconf 78' lang='lat' dir='ltr'><strong>LXXXVIII.</strong></span> 
     </span>
    </p>
   </div>
   <div class='ocr_carea' id='block_1_117' title="bbox 3074 5877 3150 5937">
    <p class='ocr_par' dir='ltr' id='par_1_117' title="bbox 3074 5877 3150 5937">
     <span class='ocr_line' id='line_1_117' title="bbox 3074 5877 3150 5937; baseline 0 0"><span class='ocrx_word' id='word_1_813' title='bbox 3074 5877 3150 5937; x_wconf 83' lang='lat'><strong>30</strong></span> 
     </span>
    </p>
   </div>
  </div>
