4030 6342
612 404 715 466 939
1787 353 1791 356 ’
1847 391 1906 449 s.
1929 389 2198 448 JOANNI

2222 389 2243 446 Ξ
2271 388 2571 448 CLIMACI
2627 425 2629 427 ι
3709 396 3813 461 9ξο

614 508 725 564 Hoc
747 509 888 564 enim
911 520 1164 577 expresse
1183 504 1386 568 docuit,
1409 510 1543 557 teste
1600 512 1797 569 magno
1852 497 2103 562 Antonio,
2169 498 2424 567 angelus;
2471 499 2610 570 ignis
2642 500 2884 569 explorat
2947 517 3160 568 aurum,
3230 514 3430 561 attenta
3485 517 3538 562 ct
3596 509 3812 564 sincera

611 597 787 653 oratio
843 597 1226 652 monachorum
1272 593 1507 653 studium
1552 599 1605 643 ct
1652 588 1973 643 charitatem
2031 601 2157 656 erga
2204 587 2389 642 Deum.

681 692 793 746 Hoc
849 691 1112 746 laudabile
1175 688 1428 758 precandi
1480 684 1714 740 studium
1756 683 1850 751 qui
1901 681 2156 750 possidet,
2189 693 2237 748 Α

2216 694 2237 746 ι
2349 683 2658 736 Ἐπαινετου
2694 684 2895 754 ἔργονὸ
2924 689 3283 756 κτησάμενος,
3313 690 3406 742 καὶ
3431 687 3548 757 Θεῷ
3579 689 3807 758 πλησιά-

612 785 776 839 [Mirum
807 785 872 838 ad
910 799 968 837 se
1001 782 1212 841 invitat,
1243 792 1296 834 ct
1323 781 1594 833 daemonas
1624 773 1792 843 fugat.

1563 791 1594 829 is
1624 773 1792 843 fugat.
2264 771 2370 836 ζει,
2406 773 2499 824 καὶ
2531 772 2783 842 δαίμονας
2810 775 3154 844 δραπετεύει.

970 868 1252 924 SCHOLIA
1289 868 1378 920 AD
1407 863 1686 920 GRADUM
1717 861 1854 916 ΠΧ.

1808 861 1854 916 Κ.
2645 865 2893 919 ΣΧΟΛΙΑ
2919 868 3025 920 ΕΙΣ
3050 867 3274 921 ΔΟΓΟΝ
3303 867 3399 924 ΙΘ’.

1145 1011 1147 1013 ,
1237 959 1309 1011 De
1334 973 1511 1010 somno

2829 958 2966 1025 Περὶ
3005 958 3219 1014 ὕπνου.
3256 970 3258 973 ’

1156 1049 1404 1104 Scholion
1452 1048 1503 1101 1.

2851 1044 3109 1117 sxum
3147 1057 3215 1103 α’.

681 1144 775 1198 I:.st
823 1157 1068 1207 somnus,
1110 1141 1247 1194 bona
1279 1140 1543 1193 bonorum
1577 1138 1759 1202 actio;
1793 1144 1847 1190 et
1893 1145 1973 1190 est
2014 1135 2159 1190 Iaho-

2331 1139 2516 1192 Ἔστιν
2544 1139 2572 1190 ὁ
2596 1137 2780 1201 ὕπνος,
2803 1141 2896 1191 καὶ
2931 1140 3149 1206 ἀγαθῶν
3179 1141 3470 1214 εὐπραξία,
3501 1146 3594 1199 καὶ
3617 1150 3803 1216 καμά-

616 1251 732 1288 rum
773 1232 1037 1296 remissio,
1074 1241 1129 1284 ut
1167 1231 1293 1284 illud
1329 1229 1520 1298 psalmi
1555 1237 1781 1282 testatur
1815 1226 1983 1280 :Cum
2007 1229 2159 1280 dede-

2263 1248 2370 1282 των
2408 1230 2610 1293 ἄνεσις,
2644 1233 2785 1284 κατὰ
2827 1232 2889 1283 τὸ
2915 1272 2930 1294 ,
2971 1232 3147 1286 Ὅταν
3189 1233 3272 1298 δῷ
3319 1233 3440 1299 τοῖς
3480 1236 3806 1305 ἀγαπητοῖς

613 1327 680 1378 rit
709 1325 907 1377 dilectis
930 1325 1038 1376 suis
1061 1338 1298 1376 somnum
1331 1322 1396 1373 ⁷⁸.
1425 1320 1488 1371 Ει
1519 1339 1531 1372 ;
1561 1319 1895 1371 Dormicrunt
1924 1335 2158 1372 somnum

2258 1321 2441 1374 αὐτοῦ
2496 1321 2707 1374 ὕπνον.
2781 1323 2889 1374 Καὶ
2911 1361 2927 1384 ,
2963 1323 3289 1377 ’Υπνωσαν
3341 1323 3536 1378 ὕπνον
3583 1328 3804 1392 αὐτῶν,

612 1433 783 1479 suum,
809 1428 854 1468 et
886 1417 1016 1468 nihil
1043 1419 1341 1468 invenerunt
1372 1413 1425 1464 in
1453 1413 1689 1464 manibus
1721 1412 1830 1463 suis
1854 1412 1914 1463 "’.

1372 1413 1425 1464 in
1453 1413 1689 1464 manibus
1721 1412 1830 1463 suis
1854 1412 1914 1463 "’.
2259 1411 2352 1462 καὶ
2389 1411 2498 1479 οὐχ
2527 1406 2705 1478 εὗρον
2735 1411 2933 1465 οὐδέν.

1233 1503 1481 1558 Scholion
1503 1503 1554 1554 9..

2842 1504 3000 1570 Σχόλ
3007 1521 3097 1556 ιον

681 1602 908 1671 Pigritiaa
948 1616 1143 1669 prteses
1183 1600 1389 1652 daemon
1433 1606 1486 1650 et
1533 1607 1722 1665 stupor
1762 1595 1927 1648 animi
1965 1605 2160 1664 urgent

2327 1589 2434 1642 Καὶ
2462 1593 2489 1642 ὁ
2514 1590 2722 1660 δαίμων
2752 1592 2779 1642 ὁ
2803 1591 2901 1660 τῆς
2935 1592 3180 1660 ἀκηδιας,
3212 1593 3456 1648 σπεύδειν
3479 1595 3626 1665 ἡμᾶς
3649 1596 3709 1648 ὲν
3735 1600 3801 1666 τῇ

612 1705 710 1746 nos
738 1701 794 1744 ut
823 1691 875 1743 in
913 1691 1240 1759 psalmorum
1274 1687 1581 1740 recitatione
1609 1698 1975 1754 properemus.

1755 1698 1975 1738 aremus.
2259 1678 2560 1747 στιχολογίᾳ
2596 1682 2756 1742 ποιεῖ,
2802 1681 2894 1731 καὶ
2935 1683 2967 1750 ἡ
3005 1681 3346 1752 ἀναισθησία.

1215 1777 1457 1832 Scholion
1488 1778 1538 1830 5.

2855 1776 2898 1825 Σ
2899 1774 3108 1841 χόλων
3152 1778 3221 1839 γ’.

679 1869 1100 1935 Observandum,
1137 1884 1433 1938 nunquam,
1465 1868 1592 1921 dum
1644 1882 1731 1921 res
1759 1865 1939 1919 divina
1971 1863 2046 1927 lit,
2075 1862 2156 1917 ul-

2324 1861 2658 1933 Σημειωτέον
2684 1865 2765 1916 ὅτι
2805 1865 2861 1913 ἐν
2892 1862 3115 1932 οὐδεμιᾷ
3149 1862 3457 1935 λειτουργίᾳ
3486 1862 3652 1917 αὑτοῦ
3685 1865 3803 1916 τινὰ

610 1961 720 2012 lum
749 1977 883 2029 opus
912 1977 1169 2015 manuum
1200 1959 1417 2013 omnino
1447 1957 1836 2026 attingendum.
2189 2009 2201 2029 Ι

1695 1957 1836 2010 dum.
2189 2009 2230 2029 ﬁ
2257 1954 2360 2022 χρὴ
2392 1953 2699 2022 ἐργόχειρον
2723 1955 2940 2022 κρατεῖν
2970 1952 3028 2003 τὸ
3059 1952 3286 2010 σύνολον.

1171 2009 1639 2110 sagi-5.1“
1697 2009 1706 2010 θ
2188 2009 2232 2067 Β
2259 2009 2304 2022 “·
2349 2009 2360 2022 ·
2425 2009 2478 2022 "
2522 2009 2553 2086 '7
2611 2009 2622 2022 ‘

1611 2009 1656 2020 iv
1697 2009 1706 2010 ὲ
2188 2009 2304 2067 Bm
2349 2009 2360 2022 Ι
2425 2009 2436 2022 ι
2467 2009 2478 2020 '
2522 2009 2553 2086 Τ
2611 2009 2622 2022 .
2762 2009 2773 2022 .
2868 2043 3114 2110 Σχέλιον
3139 2043 3202 2097 δ’.

681 2136 951 2200 Studium,
980 2136 1169 2204 inquit,
1196 2136 1446 2204 precandi
1491 2135 1724 2189 ostendit
1761 2134 2151 2188 monachorum

2339 2134 2401 2184 Ἥ
2433 2132 2529 2202 τῆς
2579 2135 2901 2201 προσευχῆς,
2935 2132 3089 2200 φησὶ,
3117 2133 3479 2202 παράστασις,
3509 2133 3612 2204 τὴν
3635 2152 3805 2188 σπου·
3881 2184 3883 2187 .

615 2227 946 2296 diligentiam
981 2237 1035 2279 et
1061 2226 1372 2279 charitatem
1411 2241 1570 2294 quam
1608 2226 1803 2278 habent
1827 2239 1951 2293 erga
1979 2226 2151 2278 solum

2257 2221 2350 2291 δὴν
2375 2222 2467 2274 καὶ
2496 2221 2592 2290 τὴν
2625 2222 2842 2290 ἀγάπην
2873 2221 2976 2273 τῶν
3007 2223 3250 2293 μοναχῶν
3279 2230 3516 2296 φανεροί,
3555 2227 3624 2296 ἣν
3670 2229 3806 2298 πρὸς

611 2318 796 2381 Deum,
820 2326 873 2370 et
900 2332 1006 2369 non
1039 2316 1103 2368 ad
1131 2315 1273 2367 aliud
1310 2314 1531 2382 aliquid,
1573 2329 1734 2382 quam
1765 2314 2002 2367 laborem
2031 2329 2150 2367 cor-

2257 2312 2348 2364 τὺν
2386 2311 2514 2363 Θεὸν
2547 2311 2710 2380 μόνον
2739 2311 2938 2379 ἔχουσι,
2972 2313 3064 2363 καὶ
3099 2314 3158 2364 ού
3193 2313 3329 2383 πρὸς
3372 2316 3498 2369 ἄλλο
3535 2333 3609 2381 τι,
3645 2316 3805 2388 ἐργό-

608 2410 753 2478 poris
775 2409 887 2462 sive
910 2407 1076 2461 animi
1106 2403 1496 2474 evagatioucm.
2184 2463 2192 2472 _

1290 2403 1496 2458 .ioncm.
2184 2463 2192 2472 _
2258 2417 2454 2471 χειρον,
2486 2399 2519 2469 ἢ
2551 2399 2881 2469 ῥεμδασμὸν.

1067 2617 1223 2688 237
1263 2614 1538 2670 GnAous
1591 2613 1704 2668 xx.
2470 2603 2491 2606 ”
2519 2615 2543 2630 λ
2580 2646 2584 2647 ν

2470 2603 2491 2606 "
2519 2615 2543 2630 κ
2580 2646 2584 2647 κ
2848 2609 3062 2661 ΛΟΓΟΣ
3098 2609 3181 2662 rc.
3437 2665 3446 2672 ,
3524 2670 3527 2676 ,

615 2711 682 2762 Dc
730 2710 920 2778 vigiliis
951 2711 1197 2776 corporis,
1226 2706 1480 2778 quomodo
1528 2721 1619 2778 per
1665 2721 1752 2757 eas
1781 2703 1913 2778 ﬁant
1966 2701 2155 2770 vigilia:

2259 2700 2394 2769 Περὶ
2433 2700 2764 2778 ἀγρυπνίας
2810 2699 3169 2778 σωματικῆς,
3217 2699 3700 2778 πῶς-διρτρύτης
3719 2703 3807 2774 τι-

779 2769 988 2844 spiritus
1010 2769 1094 2840 ,ἐι
1119 2769 1371 2845 quomodo
1425 2775 1502 2828 hae
1529 2769 1645 2826 'sint
1667 2769 1982 2825 exercendas.
2020 2769 2025 2770 ί
2322 2790 2370 2823 νε

1142 2879 1159 2886 --
2323 2859 2370 2891 ιιι

2322 2771 2558 2890 νεταὲνή
2610 2769 2716 2820 τοῦ
2747 2771 3100 2837 πνεύματος,
3147 2771 3245 2822 καὶ
3286 2770 3410 2836 πῶς
3434 2769 3529 2824 δεῖ
3575 2769 3807 2838 ταύτὴν

2323 2855 2446 2891 ιιετι
2517 2854 2592 2890 αι.

679 2934 778 2999 Qui
806 2943 1065 2985 terrarum
1098 2946 1251 3000 reges
1272 2930 1494 2998 stipant,
1525 2929 1615 2982 alii
1656 2929 1888 2981 inermes
1940 2935 1994 2980 et
2025 2925 2154 2979 nudi

2365 2859 2592 2891 ετιεναι.

2320 2859 2445 2988 got;
2487 2927 2579 2978 ἐπὶ
2618 2926 2718 2993 γῆς
2761 2925 3069 2994 βασιλεῦσιν
3101 2929 3152 2979 oi
3187 2927 3283 2997 μὲν
3320 2928 3508 2981 άοπλοί
3535 2946 3684 2991 τινες
3713 2931 3808 2984 καὶ

611 3033 756 3084 sunt,
789 3023 875 3074 alii
903 3021 1156 3084 fascibus,
1221 3019 1310 3086 alii
1339 3019 1526 3083 scutis,
1560 3019 1648 3071 alii
1702 3018 1891 3084 gladiis
1940 3018 2151 3070 armati.

2254 3006 2468 3086 γυμνοὶ,
2488 3018 2536 3069 οἱ
2566 3017 2622 3068 δὲ
2655 3016 2880 3084 ῥάϐδους
2915 3012 3250 3086 κατέχοντες,
3283 3019 3332 3071 οἱ
3377 3019 3433 3070 δὲ
3465 3018 3718 3088 θυρεοὺς,
3754 3021 3804 3072 οἱ

612 3114 899 3180 lnterquos
930 3120 1106 3165 tamen
1137 3108 1282 3176 ipsos
1309 3123 1560 3176 magnum
1595 3115 1679 3160 est
1736 3114 1790 3160 et
1817 3107 2154 3175 incompara-

2254 3106 2311 3158 δὲ
2363 3105 2633 3175 μαχαίρας
2680 3107 3072 3174 παρίστανται·
3101 3106 3268 3175 πολλὴ
3312 3107 3369 3160 δέ
3398 3125 3480 3170 τις
3513 3108 3807 3177 ήδιαφορὰ

610 3203 714 3256 bile
743 3201 1055 3264 discrimen,
1089 3212 1212 3253 cum
1247 3197 1336 3250 alii
1369 3196 1510 3250 inter
1571 3197 1814 3261 ultimos,
1865 3197 1954 3249 alii
2016 3197 2156 3252 inter

2253 3198 2359 3250 τῶν
2382 3198 2763 3268 πρωτευόντων
2790 3198 2940 3268 παρὰ
2969 3197 3098 3260 τοὺς
3133 3197 3391 3268 ἐσχάτους
3417 3199 3512 3251 καὶ
3535 3197 3808 3269 ἀσύγκρι-

609 3288 809 3354 primos
833 3287 956 3340 sint.
991 3285 1058 3338 lii
1091 3279 1287 3354 quippe
1337 3285 1552 3353 cognati
1587 3293 1639 3336 et
1681 3285 1960 3339 domestici
2001 3284 2156 3338 fami-
2193 3353 2200 3357 _

2216 3356 2219 3357 ν
2255 3305 2364 3349 τος.
2413 3280 2571 3339 Οὗτοι
2612 3287 2718 3354 γὰρ
2764 3287 2856 3338 καὶ
2894 3290 3174 3355 συγγενεῖς
3220 3288 3447 3357 κυρίως,
3480 3288 3575 3340 καὶ¹
3613 3290 3807 3342 οἰκεῖοι

610 3353 875 3444 liaresque
907 3375 1045 3444 regis
1083 3353 1200 3429 esse
1225 3375 1412 3428 solent.
1449 3373 1619 3442 Atque
1652 3375 1765 3428 hinc
1801 3373 1851 3427 in
1899 3375 1982 3429 his
2036 3376 2149 3429 ﬁeri
2179 3353 2201 3409 ί

2216 3356 2220 3408 ί
2253 3377 2344 3429 τοῦ
2395 3353 2654 3446 βασιλέως
2687 3353 2846 3430 εἶναι
2900 3353 3196 3445 πεφύκασι.
3257 3353 3365 3430 Κ-αὶ
3405 3377 3576 3432 ταῦτα
3611 3380 3719 3450 μὲν
3748 3380 3807 3432 ὲν

614 3475 1029 3521 consueverunt.
1061 3464 1345 3518 Enimvero
1371 3465 1649 3518 videamus
1670 3465 1941 3532 quomodo
1970 3474 2024 3517 et
2051 3480 2152 3518 nos

2248 3465 2452 3526 τούτοις
2475 3480 2488 3492 ·
2522 3464 2652 3534 φέρε
2689 3463 2755 3531 δὴ
2801 3463 2984 3515 λοιπὸν
3028 3465 3120 3516 καὶ
3146 3466 3300 3533 ἡμεῖς
3332 3465 3525 3534 ἴδωμεν
3551 3467 3674 3529 πῶς
3707 3467 3808 3537 τὴν

614 3570 882 3625 geramus,
917 3553 1131 3622 quando
1164 3553 1272 3606 Deo
1296 3555 1406 3623 regi
1437 3564 1620 3607 nostro
1658 3554 1712 3606 in
1741 3554 1990 3621 precibus
2009 3554 2154 3606 diur-

2249 3549 2521 3618 ὴμετέραν
2559 3550 2896 3617 παράστασιν
2949 3550 3087 3620 πρὸς
3129 3551 3221 3602 τὺν
3259 3550 3389 3604 Θεὸν
3432 3554 3528 3604 καὶ
3575 3553 3807 3623 βασιλέα

615 3648 716 3710 nis,
753 3644 1069 3714 vespertinis
1093 3650 1146 3695 et
1173 3643 1451 3694 nocturnis
1505 3642 1830 3696 assistimus.
1853 3642 1991 3695 Sunt
2009 3641 2153 3697 enim

2255 3638 2570 3706 ποιούμεθα,
2615 3638 2670 3690 ἔν
2711 3655 2770 3690 τε
2822 3642 2940 3697 ταῖς
2982 3641 3312 3710 ὲσπεριναῖς,
3358 3643 3449 3695 καὶ
3488 3644 3804 3714 ἡμεριναίς,

613 3736 706 3804 qui
757 3736 810 3787 iu
845 3731 1162 3802 vespertinis
1192 3740 1244 3785 et
1293 3731 1570 3784 nocturnis
1621 3731 1865 3784 excubiis
1910 3733 1977 3784 ab
2037 3748 2152 3787 om-

2254 3730 2344 3782 καὶ
2368 3732 2705 3798 νυκτεριναῖς
2745 3729 3111 3800 παραστάσεσι
3151 3733 3243 3784 καὶ
3267 3732 3472 3801 εὐχαῖς.
3499 3733 3661 3796 Τινὲς
3703 3736 3805 3806 μὲν

614 3825 771 3878 nibus
818 3807 995 3876 rerum
1030 3821 1436 3890 aspectabilium
1483 3819 1628 3873 curis
1660 3821 1808 3886 nudi,
1840 3830 1892 3874 et
1914 3822 2149 3890 expediti

2252 3822 2359 3890 γὰρ
2409 3823 2466 3873 ὲν
2502 3822 2568 3890 τῇ
2599 3821 2853 3890 ἐσπερινῇ
2903 3821 2977 3889 (l)
3010 3821 3440 3892 διανυκτερεύσει
3489 3823 3668 3885 ἇῦλοι,
3704 3826 3803 3879 καὶ

608 3929 771 3983 puras
802 3913 868 3967 ad
910 3912 1076 3966 Deum
1106 3913 1160 3965 in
1188 3910 1438 3981 precibus
1461 3925 1654 3965 manus
1687 3911 2001 3966 extendunt.
2048 3914 2153 3966 Alii

2253 3912 2445 3980 γυμνοὶ
2475 3911 2652 3981 πάσης
2693 3910 2986 3981 φροντίδος,
3027 3912 3118 3962 ἐπὶ
3146 3913 3450 3983 προσευχὴν
3479 3913 3576 3976 τὰς
3607 3918 3802 3984 χεῖρας

609 4021 701 4076 per
727 4005 1053 4073 psalmorum
1083 4011 1297 4057 cantum
1330 4002 1383 4054 in
1431 4001 1618 4054 iisdem
1651 4000 1935 4072 (excubiis)
1964 4017 2022 4058 se
2045 4002 2154 4058 Deo

2252 4002 2577 4054 ἐκτείνουσιν
2606 4019 2620 4030 ·
2667 4001 2840 4072 ἕτεροι
2865 4002 2940 4065 δὲ,
2974 4003 3110 4070 μετὰ
3137 4002 3447 4073 ψαλμῳδίας
3486 4007 3542 4058 ὲν
3568 4007 3801 4072 ταύταις

609 4099 1009 4160 repraesentant.
1047 4090 1148 4143 Alii
1177 4093 1229 4143 in
1256 4105 1436 4144 rerum
1467 4104 1742 4145 sacrarum
1771 4092 1998 4147 lectione
2040 4108 2156 4162 per-

2252 4092 2636 4161 παρίστανται·
2668 4091 2837 4154 ἄλλοι,
2870 4094 2935 4161 τῇ
2959 4091 3261 4159 ἀναγνώσει
3289 4093 3484 4162 μᾶλλον
3516 4111 3800 4164 προσκαρ-

607 4182 864 4251 vigilant;
889 4181 975 4234 alii
991 4175 1174 4234 mente
1201 4181 1503 4243 debiliores,
1533 4195 1692 4249 opere
1710 4190 1887 4237 tamen
1910 4182 2154 4240 faciendo

2250 4181 2464 4251 τεροῦσι
2483 4197 2495 4211 ·
2516 4182 2653 4244 τινες
2681 4181 2756 4244 δὲ,
2782 4181 2870 4233 διὰ
2890 4181 2980 4233 τοῦ
3004 4180 3162 4249 ἔργου
3178 4165 3296 4232 ’τῶν
3323 4182 3516 4251 χειρῶν
3543 4183 3602 4249 ἐξ
3635 4185 3799 4236 ἀσθε-

608 4282 864 4336 generose
875 4281 996 4321 cum
1015 4280 1204 4321 somno
1224 4265 1606 4330 colluctantur;
1632 4267 1719 4320 alii
1736 4269 1951 4322 assidua
1967 4272 2156 4324 mortis

2253 4273 2395 4333 νείας
2415 4271 2669 4340 ἀνδρείως
2697 4270 2772 4340 τῷ
2801 4271 2950 4340 ὕπνῳ
2979 4258 3235 4341 μάχονται
3259 4271 3335 4340 (2)
3367 4289 3380 4301 ·
3408 4274 3572 4337 ἄλλοι,
3608 4279 3680 4344 τῇ
3707 4276 3800 4328 τοῦ

611 4357 1034 4412 consideratione
1070 4355 1173 4410 sibi
1217 4354 1683 4424 compunctionem
1722 4358 2008 4411 conciliare
2037 4368 2157 4412 stu-

2255 4360 2482 4413 θανάτου
2515 4361 2691 4437 εννοίᾳ
2721 4359 3263 4430 προσασχολούμενοι,
3287 4360 3374 4415 διὰ
3401 4361 3601 4430 ταύτης
3629 4364 3801 4416 κατά-

613 4449 755 4500 dent.
791 4447 868 4501 Ex
894 4447 977 4503 his
1017 4446 1262 4502 omnibus
1299 4444 1459 4514 primi
1481 4455 1535 4499 et
1565 4445 1737 4499 ultimi
1759 4446 1816 4498 in
1838 4446 1945 4500 Deo
1967 4447 2158 4516 gratis-

2255 4449 2399 4513 νυξιν
2441 4448 2836 4519 προσλαϐέσθαι
2892 4449 3182 4519 βούλονται.
3227 4451 3444 4504 Τούτων
3494 4451 3722 4504 πάντων
3753 4454 3798 4504 οι

615 4535 763 4589 simis
781 4551 996 4603 precum
1021 4537 1313 4608 pervigiliis
1335 4535 1618 4592 excubant.
1641 4534 1874 4589 Secundi
1893 4538 2155 4592 monasti-

2255 4523 2456 4607 πρῶτοι
2493 4540 2588 4602 καὶ
2609 4538 2821 4608 ἔσχατοι
2850 4540 3084 4608 θεοφιλεῖ
3119 4540 3579 4612 προσκαρτεροῦσι
3616 4539 3787 4593 διανυ

615 4640 730 4679 eam
754 4621 1280 4691 precandi'rationem
1312 4637 1629 4698 sequuntur.
1662 4623 1832 4680 Tertii
1857 4635 2155 4680 extremum
2188 4661 2206 4716 ι

2206 4629 2566 4715 γκτερεύσει·
2609 4633 2656 4683 οἱ
2695 4631 2751 4683 δὲ
2784 4630 3041 4703 δεύτεροι,
3087 4634 3382 4702 μοναχικῇ·
3425 4632 3472 4682 οί
3507 4629 3559 4680 δὲ
3614 4631 3797 4699 τρίτοι

615 4725 670 4768 et
709 4715 948 4768 intimum
990 4719 1385 4771 exercitationis
1425 4720 1646 4787 gradum
1690 4715 1980 4778 insistunt;
2016 4713 2154 4769 Deus
2189 4713 2206 4716 ’

2255 4721 2626 4792 ὲσχατωτὲραν
2670 4719 2973 4791 βαδίζουσιν
2992 4722 3108 4775 ὀδόν
3132 4736 3147 4751 °
3178 4720 3316 4787 πλὴν
3354 4718 3496 4783 κατὰ
3527 4719 3620 4770 τὸν
3653 4719 3804 4790 λογι-

618 4816 793 4858 tamen
822 4819 916 4872 pro
939 4804 1142 4858 ratione
1163 4806 1263 4872 piae
1284 4808 1573 4862 voluntatis
1613 4815 1668 4862 et
1695 4803 1964 4861 facultatis
1993 4803 2155 4874 268

2257 4810 2391 4878 σμὸν
2445 4811 2540 4863 καὶ
2580 4812 2677 4880 τὴν
2723 4809 2797 4879 (ὅ)
2840 4809 3064 4879 δύναμιν
3099 4811 3128 4862 ὁ
3152 4808 3283 4870 Θεὸς
3310 4807 3378 4860 τὰ
3405 4807 3548 4876 δῶρα
3581 4807 3803 4877 δέχεται

617 4898 791 4951 oblata
818 4896 1030 4949 illorum
1080 4910 1305 4949 munera
1358 4907 1599 4966 acceptat
1634 4909 1688 4951 et
1716 4898 1963 4952 aestimat.
2015 4894 2152 4964 Vigil

2257 4901 2348 4952 καὶ
2378 4899 2645 4967 λογίζεται
2672 4916 2685 4929 ο
2718 4899 2992 4969 ἄγρυπνον
3012 4898 3164 4968 δμμα
3196 4898 3414 4965 ἥγνισεν
3457 4893 3600 4948 νοῦν.
3655 4899 3801 4968 Πλῆ-

617 4985 806 5046 oculus
833 4997 1020 5036 omnes
1065 4983 1260 5034 mentis
1293 4983 1438 5036 labes
1465 4984 1731 5040 abstersit.
1761 4982 1961 5037 Multus
2007 4996 2153 5037 som-

2256 4987 2343 5050 θος
2389 4989 2444 5042 δὲ
2483 4988 2652 5041 ὕπνου
2696 4987 2954 5056 ὲπὼρωσε
2992 4985 3168 5055 ψυχήν
3225 4984 3338 5051 (4)·
3365 4985 3393 5034 ὁ
3421 4982 3478 5034 δὲ
3523 4984 3801 5059 ὑπνώδης,

619 5089 722 5129 nus
748 5073 993 5129 obtundit
1029 5079 1080 5125 et
1106 5071 1339 5124 obcaecat
1365 5071 1616 5124 animam.
1665 5073 1957 5128 Monachus
2016 5072 2154 5141 vigi-

2250 5078 2446 5147 ταύτης
2477 5078 2702 5145 σύζυγος
2723 5093 2737 5106 ·
2763 5075 3034 5146 ἀγρυπνία
3063 5072 3360 5143 πυρώσεων
3400 5072 3629 5143 θραῦσις
3653 5091 3670 5106 ’
3710 5077 3802 5128 ὲν-

617 5169 734 5220 laus
758 5163 926 5217 hostis
951 5173 1032 5217 est
1052 5161 1313 5215 luxuriae:
1349 5162 1713 5217 somnolentus
1749 5179 1874 5217 vero
1904 5163 2047 5217 illius
2071 5170 2156 5217 est

2257 5168 2576 5236 υπνιασμῶν
2627 5167 2891 5235 λύτρωσις
2917 5179 2933 5194 ο
2964 5162 3229 5232 κάθυγρος
3257 5161 3544 5230 ὀφθαλμὸς,
3579 5165 3799 5233 ὴπαλυ-

617 5251 1064 5308 conturbernalis.
1094 5249 1299 5318 Vigiliaa
1330 5247 1566 5301 libidinis
1608 5248 1748 5304 faces
1788 5252 2152 5320 exstinguunt,

2257 5253 2388 5322 μένη
2419 5253 2632 5320 καρδία,
2668 5247 2941 5319 λογισμῶν
2985 5248 3217 5318 φυλακὴ,
3255 5247 3799 5320 βρωμάτωνχωνευ-

596 5343 883 5399 .iusomnia
923 5341 1063 5395 foeda
1077 5341 1301 5409 pellunt,
1337 5336 1521 5407 ocqus
1551 5338 1799 5407 lacrymis
1820 5341 2154 5405 sull‘undunt,

2253 5345 2456 5414 τήριον,
2481 5343 2800 5411 πνευμάτων
2827 5340 3070 5410 δαμαστή
3081 5356 3212 5409 ριον,
3237 5339 3477 5409 γλώττης
3522 5342 3798 5411 κολαστή-

619 5417 998 5491 conscientiam
1037 5431 1212 5484 cordis
1247 5438 1482 5483 teneram
1509 5437 1562 5481 et
1587 5427 1861 5484 delicatam
1905 5432 2153 5493 reddunt,

2261 5449 2392 5503 ριον,
2453 5431 2756 5502 φαντασιῶν
2811 5429 3250 5500 φυγαδευτήριον.
3314 5430 3559 5500 Μοναχδς
3623 5434 3772 5504 ἄγρυ

620 5526 966 5594 cogitationes
1011 5522 1063 5574 in
1093 5527 1353 5589 potestate
1381 5517 1574 5571 habent
1600 5525 1653 5572 et
1681 5521 1983 5574 custodiunt
2009 5541 2022 5573 :
2075 5520 2154 5572 ci-

2259 5541 2385 5586 πνος
2411 5523 2507 5594 (5),
2540 5520 2785 5589 ἀλιευτὴς
2823 5518 3113 5588 λογισμῶν,
3141 5518 3205 5571 ’ὲν
3239 5519 3444 5590 γαλήνῃ
3480 5521 3681 5585 νυκτὸς
3711 5523 3790 5574 εὖ.

619 5615 715 5670 bos
743 5624 996 5682 tanquam
1026 5609 1215 5664 fornax
1275 5609 1581 5670 absumunt,
1635 5607 1762 5662 vitia
1810 5612 2154 5680 cupiditatum

2260 5613 2426 5683 χερῶς
2453 5612 2669 5673 τούτους
2691 5612 2967 5662 κατανοεῖν
3009 5608 3108 5680 (6),
3142 5609 3233 5663 καὶ
3267 5611 3520 5687 ἀγρεύειν
3557 5611 3785 5681 δυνάμε-

688 5723 731 5755 "
758 5723 897 5779 Psal.
935 5736 1115 5787 cxxvr,
1139 5720 1193 5776 2.
1267 5719 1310 5752 τ’
1340 5716 1481 5774 Psal.
1510 5717 1756 5782 Lxxv1,6.
