4030 6342
194 461 283 519 9M

194 662 475 734 μαινούσης
507 665 654 733 λέγει
672 683 689 698 ο
714 662 871 733 Εὖγε,
901 661 1023 733 εὖγε
1046 667 1060 720 ί
1106 666 1165 717 '0
1188 665 1245 717 δὲ
1288 664 1525 735 ῥᾴθυμος
1552 660 1720 729 λέγει.

191 758 364 825 Οίμοι,
397 757 580 828 οἷμοιί
622 758 909 829 Τραπέζης
957 757 1242 828 ἑτοιμασία
1293 740 1580 821 ἐδοκίμασε
1620 768 1722 820 γα-

192 848 583 918 στριμάργουςο
650 848 743 903 καὶ
795 848 1097 919 προσευχῆς
1157 845 1385 917 ἐργασία
1434 843 1721 911 ἐδοκίμασε

189 937 463 1005 φιλοθέους
491 956 505 969 ·
530 940 562 993 ό
606 940 706 1009 μὲν
751 938 1014 1008 πρότερος
1067 937 1186 990 ίδὼν
1231 937 1462 1007 εκείνην,
1505 933 1719 1003 σκιρτᾷ,

188 1031 212 1080 ὁ
236 1027 291 1080 δὲ
320 1028 569 1097 δεύτερος
601 1026 978 1099 σκυθρωπάξει
1007 1027 1207 1097 ’λήθης
1248 1026 1501 1096 πρόξενος
1555 1023 1722 1086 ὕπνος

188 1117 344 1182 πολύς
365 1118 477 1189 (7)·
505 1116 777 1189 ἀγρυπνία
818 1117 875 1171 δὲ
910 1118 1131 1188 μνήμην
1174 1115 1483 1185 ἐκκαθαίρει
1508 1131 1523 1144 ο
1554 1112 1720 1166 πλοῦ-

188 1226 270 1274 τος
308 1213 572 1281 γερωγοῖς
598 1211 657 1265 ὲν
690 1209 852 1264 ἆλωνι
888 1209 982 1262 καὶ
1019 1207 1164 1278 ληνῷ
1198 1208 1481 1283 συνάγεται
1509 1221 1523 1233 ·
1555 1203 1720 1258 πλοῦ-

124 1330 130 1336 -
188 1303 271 1365 τός
293 1320 352 1355 τε
375 1304 470 1356 καὶ
489 1303 685 1371 γνῶσις
701 1305 954 1372 μοναχοίς
973 1301 1031 1354 ἐν
1054 1302 1382 1372 ἑσπριναῖς,
1401 1297 1495 1350 καὶ
1524 1312 1716 1349 νυκτε⁶

188 1395 352 1462 ριναῖς
378 1393 767 1464 παραπάσεσι,
786 1392 879 1445 καὶ
895 1390 1177 1463 ἐργασίαις
1204 1390 1345 1451 νοός’
1371 1386 1536 1450 ὕπνος
1553 1387 1720 1453 πολὺς

189 1480 403 1551 σύμϐιος
422 1482 605 1547 astro;
618 1497 633 1512 ο
647 1481 885 1552 τὺῆμισυ
899 1481 998 1551 τῆς
1010 1480 1151 1550 ζωῆς
1165 1480 1271 1532 τῶν
1284 1475 1540 1549 ῥᾳθύμων
1554 1479 1724 1548 ἀφαρο

189 1573 365 1636 πάζων
388 1573 483 1626 απ⁹
505 1572 756 1644 αὐτῶν,ἢ
781 1573 871 1627 καὶ
890 1572 1067 1625 ¹ιῐλιίον.
1098 1569 1373 1638 Ἀδόκιμος
1392 1568 1625 1638 μοναχὸς
1643 1568 1720 1637 (8)

190 1665 240 1717 ὲν
300 1666 638 1736 συντυχίαιςί
679 1667 966 1737 ἄγρυπνος,
1014 1664 1109 1716 καὶ
1155 1663 1302 1733 ὥρας
1354 1662 1515 1731 εὐχῆς
1555 1678 1722 1716 κατα-

189 1756 340 1810 λαὸού
347 1773 465 1826 σης,
475 1758 601 1821 τοὺς
613 1756 915 1826 ὀφθαλμοὺς
930 1755 1189 1825 ἐϐαρήθηο
1210 1753 1432 1823 μοναχδς
1447 1751 1640 1822 χαῦνος
1664 1754 1723 1806 ἐν

190 1845 520 1914 πολυλογίαις
564 1845 799 1915 δόκιμος,
840 1843 940 1897 »καὶ
968 1843 1317 1911 ἀναγνώσεως
1370 1841 1705 1913 ἐνεχθείσης,

188 1903 469 2003 ὲμδλέπὲιν
499 1903 608 1987 ἆπδ
654 1903 963 2000 τθῦ-ῒῦπνου
1012 1903 1093 1986 οὐ.
1124 1903 1363 1986 δύναται.
1745 1903 1793 1963 Β

189 2025 464 2094 γινομένης
484 2024 692 2094 νεκρῶν
716 2023 1022 2086 ἀνάστασις.
1056 2026 1149 2076 καὶ
1170 2022 1489 2096 ἁργολογίας
1542 2039 1711 2076 κατα-

188 2116 446 2185 λαϐούσης
492 2115 842 2187 κοιμωμένων
869 2115 1131 2187 ἁνάνηψις
1152 2131 1167 2146 ’
1214 2115 1381 2177 δόλιος
1433 2115 1581 2183 φίλος
1623 2114 1717 2168 τοῦ

188 2205 345 2258 ὕπνου
395 2207 423 2258 ὁ
466 2205 725 2275 τύραννος
750 2221 764 2235 ⁸
833 2206 1197 2278 κορεσθέντων
1253 2206 1411 2276 ἡμῶν
1463 2205 1717 2268 πολλάκις

188 2294 468 2364 ὑποχωρεῖ·
487 2294 579 2347 καὶ
602 2296 660 2347 ὲν
679 2293 837 2366 πείνῃ
859 2297 953 2349 καὶ
980 2297 1036 2347 ὲν
1056 2294 1182 2365 δίψῃ
1201 2295 1433 2366 ίσχυρῶς
1457 2295 1682 2364 πολεμεῖ
1701 2311 1713 2323 ’
1750 2364 1751 2367 η

186 2385 337 2455 ἔργον
357 2387 551 2457 χειρῶν
592 2389 651 2439 ὲν
674 2388 795 2450 ταῖς
841 2387 1023 2456 εὐχαῖς
1053 2386 1341 2456 βαστάζειν
1376 2386 1713 2440 tino-cibatur

186 2477 352 2547 ἄλλως
386 2477 495 2547 γὰρ
532 2468 961 2548 τὴν⁶προσευχὴν
997 2475 1104 2528 τῶν
1132 2474 1548 2547 άγρυπνούντων
1574 2474 1717 2543 ἀφα-

187 2564 417 2630 νίζεινοὺ
439 2564 660 2619 δύναται
686 2580 701 2595 ο
735 2567 846 2628 τοῖς
882 2566 1259 2632 είσαγωγικοῖς
1298 2563 1513 2633 πρῶτον
1538 2564 1595 2615 ὲν
1641 2563 1720 2631 τῷ

186 2655 401 2727 πολέμῳ
427 2655 828 2726 ὑπεισέρχεται,
861 2655 947 2710 ἵνα
979 2655 1286 2727 ρᾳθυμῆσαι
1321 2657 1383 2708 ὲκ
1423 2652 1719 2725 προοιμίων

189 2752 403 2818 ποιήσῃ,
434 2747 467 2815 ἢ
490 2746 577 2798 ἵνα
598 2745 676 2814 τῷ
698 2740 796 2814 τῆς
810 2742 1058 2815 πορνείας
1073 2743 1471 2814 προευτρεπίσῃ
1486 2741 1715 2811 δαίμονι.

195 2836 335 2898 Ἕως
357 2830 634 2889 οὖτούτου
665 2832 1129 2903 ὲλευθερωθῶμεν,
1165 2833 1301 2901 μετὰ
1327 2832 1566 2903 πλήθους
1588 2831 1721 2901 ψάλ-

186 2927 293 2991 λειν
317 2926 392 2998 μὴ
443 2924 934 2997 παραιτησώμεθα·
984 2924 1237 2987 πολλάκις
1260 2924 1365 2994 γὰρ
1395 2922 1720 2993 αἰδούμενοι,

184 3020 242 3071 οὒ
268 3018 595 3087 νυστάζομεν
619 3033 633 3046 ·
663 3015 933 3087 ἐχθραίνει
978 3017 1090 3078 τοῖς
1116 3015 1343 3083 λαγωοῖς
1369 3017 1398 3068 ό
1434 3014 1602 3079 κύων,
1628 3015 1724 3067 καὶ

184 3109 258 3180 τῷ
284 3110 436 3181 ὕπνῳ
461 3112 491 3162 ὁ
527 3110 625 3179 τῆς
666 3108 969 3175 κενοδοξίας
1020 3108 1243 3178 δαίμων.
1272 3108 1427 3161 Μετὰ
1482 3108 1581 3177 μὲν
1626 3107 1724 3177 τὴν

1159 462 1384 523 SCALA
1424 458 1798 523 PARADISI.
1823 454 1900 522 Ϊ-
1933 459 2235 523 GRADUS
2270 462 2395 524 XX.

196 589 309 633 νθς’
357 574 584 644 μοναχὸς
640 574 881 644 φιλόθεος
932 574 1225 642 σάλπιγγος
1280 573 1717 644 προσευχῆς-ση-

1822 578 1877 626 et
1903 572 2174 627 d:emonas
2195 576 2462 629 edomant.
2485 571 2703 644 Lingua:
2730 575 3077 643 petulantiam
3096 574 3355 645 plectunt,
3466 616 3471 622 ι

3257 468 3358 530 942

1820 664 2061 719 omnium
2111 665 2543 733 phantasmatum
2608 662 2813 720 formas
2873 667 3069 721 delent.
3124 665 3359 737 Pervigil

1819 756 2119 811 monachus
2144 758 2379 825 piscator
2403 756 2785 827 cogitationum
2817 773 3062 824 suarum,
3094 761 3238 815 nullo
3264 774 3359 816 ne-

1818 847 1963 915 gotio
1987 848 2104 902 illas
2131 848 2184 902 in
2215 848 2601 917 tranquillitate
2627 848 2801 901 noctis
2842 849 3090 903 observat
3113 857 3167 905 et
3195 850 3357 918 capit.

1818 934 2113 992 Monachus
2169 935 2260 990 Dei
2328 946 2537 991 amator
2592 938 2743 1008 signo
2797 937 2864 990 ad
2916 942 3357 1009 comprecandum

1818 1037 2045 1081 sonante
2078 1027 2251 1089 (laetus
2307 1036 2360 1081 et
2417 1028 2614 1096 alacer)
2660 1028 2955 1082 exclamat:
3006 1028 3149 1099 Euge
3205 1045 3356 1100 euge.

1820 1117 2018 1171 Socors
2060 1133 2184 1171 vero
2229 1126 2284 1172 et
2324 1118 2550 1186 ignavus
2606 1119 2909 1188 ingemiscit
2957 1138 2971 1172 :
3017 1118 3129 1174 Heu
3194 1122 3358 1182 mihi,

1819 1222 1898 1258 vae
1922 1206 2085 1261 mihi!
2124 1206 2408 1263 lnstructio
2460 1223 2659 1262 mensae
2701 1209 2934 1265 ostendit
2977 1210 3195 1278 gulosos
3247 1221 3363 1265 stu-

1817 1297 1965 1351 dium
2000 1296 2284 1366 precandi,
2313 1312 2467 1359 veros
2498 1288 2595 1354 (Dei
2642 1298 2896 1364 cultores,
2942 1298 3141 1368 Deique
3174 1316 3361 1354 aman-

1818 1399 1921 1442 tes.
1949 1386 2039 1443 llle
2067 1388 2381 1442 instructam
2412 1403 2650 1444 mensam
2679 1389 2894 1446 intuens
2936 1393 3175 1447 exsultat
3230 1408 3361 1462 gau-

1818 1476 1949 1541 dio;
2005 1476 2092 1531 hic
2128 1479 2336 1532 tristem
2376 1476 2582 1532 vultum
2604 1478 3088 1541 ostendit.Multus
3136 1494 3360 1536 somnus

1818 1565 2139 1620 oblivionem
2203 1566 2363 1635 parit,
2411 1566 2605 1636 vigilia:
2668 1576 2956 1637 repurgant
3020 1569 3359 1623 memoriam.

1818 1656 2077 1727 Agricolae
2104 1657 2230 1713 Suas
2278 1673 2408 1727 opes
2436 1658 2490 1712 in
2516 1674 2640 1717 area
2672 1669 2726 1714 et
2765 1659 3057 1716 torculario
3102 1662 3213 1717 vini
3242 1662 3361 1716 lacn

1823 1748 2119 1814 colligunt:
2152 1748 2398 1802 monachi
2425 1747 2736 1803 thesaurum
2765 1751 3004 1807 caelestis
3041 1751 3363 1821 cognitionis

1820 1839 2139 1909 vespertinis
2167 1850 2221 1895 et
2254 1833 2537 1896 nocturnis
2579 1841 2834 1910 precibus
2869 1843 3177 1913 mentisque
3203 1858 3362 1899 exer-

1818 1932 2069 1987 citatione
2096 1942 2147 1986 et
2179 1932 2628 2001 contemplatione
2649 1931 2752 1988 sibi
2772 1944 3106 2002 comparant.
3162 1934 3360 1989 Multus

1818 2039 2042 2079 somnus
2071 2023 2345 2092 improbus
2374 2032 2459 2077 est
2490 2023 2782 2089 convictor,
2812 2025 2904 2094 qui
2929 2024 3209 2079 dimidium
3241 2028 3360 2080 vita:

1817 2124 2046 2183 tempus.
2091 2115 2173 2167 vel
2200 2128 2264 2168 eo
2294 2113 2522 2183 amplius
2551 2113 2755 2184 ignavis
2816 2123 2872 2169 et
2923 2114 3183 2172 inertilus
3229 2118 3360 2171 sub-

1816 2204 1965 2257 ducit
1989 2213 2043 2256 et
2110 2203 2340 2257 furatur.
2417 2204 2701 2258 lllandatus
2762 2205 3045 2276 religiosus
3094 2207 3149 2260 in
3202 2205 3361 2262 fami-

1816 2294 1932 2346 liari
1964 2291 2186 2346 fratrum
2218 2290 2482 2363 colloquio
2514 2295 2699 2364 vigilat
2725 2311 2741 2351 :
2776 2310 2897 2349 cum
2926 2297 3178 2365 precandi
3230 2299 3361 2353 hom

1817 2386 1989 2448 adest,
2023 2399 2214 2439 somno
2249 2386 2529 2452 premitur.
2580 2384 2872 2441 Monachus
2924 2388 3132 2445 solutus
3178 2391 3244 2444 ad
3285 2390 3364 2444 fa-

1818 2475 1969 2530 hnlas
1995 2475 2159 2546 269
2184 2485 2462 2545 promptus
2482 2484 2635 2531 estet
2668 2477 2845 2531 alacer
2874 2496 2888 2532 :
2911 2479 3002 2533 ubi
3031 2494 3182 2534 sacra
3208 2481 3363 2534 lectio

1817 2566 2151 2633 proponitur,
2203 2566 2409 2634 sopitus
2448 2564 2619 2634 legere
2672 2581 2781 2621 non
2840 2577 3035 2636 potest.
3098 2556 3362 2633 Quemad-

1819 2655 2039 2708 modum
2064 2656 2131 2708 ad
2160 2656 2340 2708 tubam
2369 2656 2718 2709 novissimam
2776 2657 2971 2710 mortui
3054 2670 3382 2727 exsurgent,.

1819 2744 1895 2797 ita
1927 2758 2071 2798 nunc
2121 2745 2186 2798 ad
2227 2744 2429 2800 otiosas
2466 2729 2688 2800 fabulas
2734 2748 3056 2803 somnolenti
3111 2752 3360 2804 monachi

1819 2831 2090 2900 evigilant.
2116 2830 2298 2903 Fallax
2327 2840 2411 2887 est
2437 2834 2643 2887 amicus
2671 2835 2844 2889 somni
2892 2836 3162 2893 dominus.
3221 2839 3363 2893 Bene

1820 2921 2079 2989 saginatis
2105 2921 2261 2976 nobis
2292 2937 2428 2992 saepe
2462 2938 2522 2979 se
2551 2924 2801 2978 subducit
2832 2944 2845 2978 :
2885 2926 2937 2979 in
2967 2928 3108 2983 fame
3140 2945 3269 2983 vero
3309 2942 3362 2985 et

1824 3013 1912 3068 siti
1937 3028 2037 3068 nos
2061 3013 2403 3069 vehementer
2453 3013 2759 3086 [acerrime]
2811 3030 3097 3088 Oppugnat.
3159 3020 3363 3092 Sugge-

1823 3106 1897 3159 rit
1929 3119 2146 3175 quoque
2189 3116 2247 3160 ut
2284 3105 2420 3159 inter
2451 3121 2635 3174 preces
2662 3122 2799 3176 opus
2853 3107 3134 3173 faciamus,
3195 3128 3364 3181 quan-

185 3201 393 3272 ἡμέραν
423 3203 453 3254 ὁ
486 3200 695 3269 πράτης
741 3200 853 3270 (9)⁰
914 3199 1050 3269 μετὰ
1094 3199 1149 3252 δὲ
1206 3197 1303 3268 τὴν
1326 3198 1640 3268 ψαλμῳδίαν
1694 3198 1723 3249 ό

1825 3199 1894 3252 do
1924 3198 2079 3251 aliter
2132 3197 2562 3269 pervigilantium
2601 3214 2785 3266 preces
2814 3200 3132 3268 interpolare
3157 3212 3245 3257 ant
3272 3206 3365 3257 im-

184 3292 415 3362 ἐργάτης
443 3289 726 3351 καθεσθεὶς
754 3289 816 3341 τὸ
831 3289 1016 3357 κέρδος
1039 3287 1261 3357 ψηφίζει
1285 3304 1298 3316 ·
1340 3286 1549 3351 ἐκδεξαι
1585 3286 1723 3354 μετὰ

188 3378 489 3449 προσευχὴν
526 3378 800 3448 νηφόντως
830 3392 845 3405 ·
897 3376 989 3428 καὶ
1014 3377 1131 3427 τότε
1154 3376 1271 3443 ὄψει
1312 3374 1581 3444 ὁρμαθοὺς
1611 3375 1720 3427 δαι-

189 3468 359 3537 μόνων
390 3466 466 3530 ὡς
497 3465 897 3536 πολεμηθέντας
919 3466 1008 3533 ὑφ’
1041 3466 1195 3535 ἡμῶν
1219 3465 1353 3534 μετὰ
1366 3465 1465 3533 τὴν
1493 3482 1721 3535 προσευ-

185 3557 281 3627 χὴν
329 3560 448 3620 ταῖς
473 3556 691 3619 ἀτόποις
712 3557 857 3624 ἡμᾶς
882 3554 1196 3624 φαντασίαις
1217 3554 1719 3624 περιπείρεινὸοκι-

187 3648 471 3719 μὰζοντας·
508 3647 789 3711 καθεσθεὶς
818 3648 991 3719 τήρει,
1030 3646 1123 3699 καὶ
1149 3644 1266 3714 ὄψει
1290 3645 1415 3708 τοὺς
1443 3646 1721 3716 σεσυνηθι-

184 3741 345 3802 κότας
369 3741 469 3801 τὰς
494 3737 742 3808 ἀπαρχὰς
760 3738 1099 3807 ἀφαρπάζειν
1122 3738 1222 3803 τῆς
1253 3736 1447 3808 ψυχῆς·
1479 3736 1591 3788 ἔστι
1626 3737 1724 3805 μὲν

187 3833 323 3902 μετὰ
350 3834 479 3893 τοὺς
512 3830 709 3893 ὕπνους
739 3833 802 3884 ὲκ
831 3831 1104 3899 συνεχείας
1128 3830 1351 3900 μελετᾷν
1374 3831 1439 3882 τὰ
1458 3831 1566 3881 τῶν
1588 3831 1725 3899 ψαλ-

188 3922 301 3990 μῶν
330 3921 487 3989 λόγια
513 3936 529 3950 ⁶
559 3920 673 3973 ἐστι
702 3920 759 3972 δὲ
779 3920 866 3971 ὅτε
896 3922 944 3971 οἱ
971 3920 1219 3987 δαίμονες
1243 3921 1371 3990 ἡμῖν
1395 3920 1564 3971 ταῦτα
1595 3922 1726 3971 ὑπο-

186 4010 444 4073 τίθενται,
491 4008 579 4063 ἵνα
601 4011 735 4081 πρὸς
778 4009 1150 4079 ὑπερηφανίαν
1192 4010 1522 4077 άνεπάρωσι.
1552 4010 1624 4060 Τὸ
1668 4009 1725 4060 δὲ

185 4101 361 4170 ¹τρίτον
382 4101 680 4167 λέγεινούκ
699 4098 906 4170 ἤθελον,
937 4099 1076 4169 πλήν
1102 4098 1182 4161 τίς
1210 4114 1275 4166 με
1295 4098 1471 4165 λέγειν
1489 4096 1721 4166 βεϐίακε.

184 4192 344 4264 Ψυχὴ
398 4191 555 4258 λόγον
575 4190 776 4261 Κυρίου
806 4187 1154 4251 ἀδιαλείπτως
1190 4186 1307 4257 μεθ’
1332 4189 1541 4258 ἡμέραν
1571 4188 1728 4258 μελε-

182 4285 331 4339 τῶσα
370 4281 508 4354 (i0),
534 4283 629 4334 καὶ
657 4280 734 4352 τῷ
763 4281 911 4351 ὕπνῳ
945 4280 1189 4351 ἐντούτῳ
1212 4278 1605 4350 ἑμφιλοχωρείν
1628 4279 1725 4332 πέ-

185 4394 372 4445 φυκεν.
418 4372 753 4443 Ἀντιμισθία
824 4371 931 4440 γὰρ
981 4373 1181 4443 κυρίως
1240 4372 1333 4425 τοῦ
1367 4372 1629 4442 προτέρου
1667 4371 1729 4424 τὸ

183 4465 441 4549 δεύτεροι
475 4463 609 4535 πρὸς
658 4462 969 4531 ἀποτροπὴν
1018 4463 1338 4531 πνευμάτων
1377 4463 1471 4515 καὶ
1521 4477 1723 4527 φανταο

185 4558 431 4625 σμάτων.

1748 3245 1793 3305 C

1825 3282 2007 3355 pedire
2041 3294 2094 3339 et
2116 3277 2337 3338 abolere
2360 3301 2465 3339 non
2531 3298 2720 3365 potest.
2762 3287 3051 3344 Tironibus
3103 3293 3363 3361 religiosis

1824 3376 2054 3444 primum
2089 3383 2263 3427 movet
2295 3374 2491 3428 bellum
2524 3390 2619 3443 per
2644 3390 2917 3440 somnum,
2949 3390 3007 3431 ut
3034 3380 3153 3433 illos
3180 3385 3359 3437 statim

1823 3466 1890 3518 ab
1920 3465 2071 3518 initio
2100 3464 2322 3534 ignavos
2359 3464 2578 3529 reddat,
2611 3475 2703 3520 aut
2736 3466 2960 3522 luxnria:
2998 3471 3224 3525 (ιπηιοηί
3268 3475 3365 3527 ad-

1823 3554 1953 3609 itum
2009 3564 2176 3623 paret.
2210 3554 2395 3620 Quoad
2433 3540 2558 3624 ergo
2581 3557 2649 3610 ab
2670 3557 2773 3611 hoc
2804 3569 3031 3629 tyranno
3056 3562 3362 3630 liberemur,

1829 3661 1935 3699 non
1974 3660 2254 3715 gravemur
2306 3661 2427 3701 cum
2452 3658 2565 3700 toto
2625 3646 2853 3702 fratrum
2907 3662 3048 3704 coetu
3100 3654 3360 3722 psallere:

1828 3737 1907 3789 sic
1927 3736 2067 3790 enim
2096 3735 2414 3790 verecundia
2442 3738 2714 3810 prepediti
2764 3754 2903 3801 saepe
2965 3733 3068 3795 non
3104 3746 3367 3798 dormita-

1829 3825 2026 3879 bimus.
2054 3823 2178 3879 Odit
2214 3826 2418 3893 lepores
2454 3826 2703 3898 canis,et‘-
2725 3840 2975 3880 somnum
3012 3845 3158 3885 vanae
3184 3833 3365 3900 gloria:

1829 3913 2378 3987 spiritusauercator
2404 3915 2505 3967 sub
2558 3928 2855 3984 vesperam,
2912 3918 3193 3986 religiosus
3248 3935 3365 3989 post

1826 4004 2176 4071 psalmodiam
2202 4003 2443 4060 residens
2464 4006 2699 4060 rationes
2725 4008 2865 4075 parti
2895 4007 3029 4062 lucri
3088 4010 3204 4062 init.
3241 4012 3368 4067 Post

1826 4107 2011 4161 preces
2044 4093 2261 4150 sobrius
2280 4098 2433 4158 dura,
2462 4103 2518 4147 et
2562 4096 2829 4165 spectabis
2886 4111 3109 4166 magnas
3164 4098 3360 4153 daemo-

1831 4200 1959 4239 num
1993 4194 2196 4242 turmas
2219 4201 2250 4241 a
2276 4178 2435 4242 nobis
2469 4196 2841 4258 opppugnatas
2869 4198 2989 4257 post
3006 4190 3126 4260 pias
3151 4192 3371 4246 medita-

1832 4276 2003 4331 tiones
2032 4277 2282 4332 absurdis
2310 4276 2742 4345 phantasmatum
2772 4281 3181 4349 cogitationibus
3221 4283 3365 4353 obje-

1831 4369 1933 4424 ctis
1964 4369 2146 4424 conari
2177 4385 2275 4424 nos
2306 4369 2561 4425 infestare
2588 4378 2644 4423 et
2665 4370 3073 4424 circumvenire.
3130 4371 3366 4430 Observa

1830 4458 2045 4527 quietus
2071 4466 2131 4519 et.
2166 4459 2374 4514 videbis
2418 4460 2509 4528 qui
2550 4458 2659 4513 sint
2715 4460 2809 4529 qui
2858 4475 3046 4530 rapere
3104 4466 3411 4533 primitias.

1762 4544 1807 4598 D
1836 4550 2028 4603 animae
2052 4560 2107 4605 et
2138 4549 2513 4621 cogitationum
2544 4560 2958 4607 consueverunt.
2979 4553 3075 4611 Est
3101 4573 3223 4612 cum
3243 4560 3370 4614 sub-

182 4648 307 4705 inde
341 4649 400 4703 in
435 4660 648 4711 somno,
704 4652 919 4716 propter
981 4642 1252 4698 assiduum
1315 4642 1565 4711 precandi
1608 4657 1765 4697 usum
1804 4643 2134 4713 psalmorum
2184 4642 2403 4696 oracula
2435 4642 2776 4701 meditemur.
2807 4633 2903 4701 Es't
2937 4648 3097 4703 etiam
3131 4665 3249 4703 cum
3272 4651 3370 4705 ho.

183 4747 291 4795 stes
353 4737 585 4805 improbi
632 4737 790 4792 nobis
862 4734 957 4807 illa.
1003 4743 1313 4803 suggerunt,
1378 4743 1439 4786 ut
1494 4748 1594 4788 nos
1650 4734 1703 4787 in
1774 4734 2079 4801 superbiam
2134 4733 2411 4788 extollant.
2477 4730 2715 4790 Tertium
2766 4738 3003 4807 prudens
3056 4742 3366 4807 tacuissem,

183 4831 288 4887 nisi
314 4844 406 4886 me
439 4827 564 4898 quis
591 4845 685 4899 per
718 4831 826 4885 vim
854 4827 1034 4899 eloqui
1064 4842 1175 4882 rem
1207 4813 1488 4894 coegisset.
1520 4826 1683 4896 270
1714 4826 1905 4880 Anima
1936 4839 2055 4895 quae
2076 4838 2168 4892 per
2201 4824 2341 4879 diem
2373 4824 2593 4881 verbum
2632 4826 2728 4883 Dei
2758 4841 3011 4900 perpetuo
3045 4847 3224 4887 secum
3250 4847 3365 4886 me-

184 4922 407 4977 ditando
477 4920 723 4983 revolvit,
788 4921 843 4976 in
890 4936 1081 4993 somno
1132 4934 1349 4989 quoque
1398 4917 1539 4972 idem
1591 4932 1810 4974 versare
1845 4926 2021 4972 mente
2065 4918 2364 4972 consuevit.
2397 4914 2491 4973 Est
2510 4921 2655 4975 enim
2698 4922 2813 4979 hzec
2840 4939 2964 4979 vera
2993 4924 3189 4993 prioris
3215 4940 3370 4979 exer-

183 5014 460 5071 citationis
488 5025 692 5065 meras
725 5020 781 5065 et
812 4988 1195 5099 remuneratio,
1214 5026 1319 5081 qua
1349 5010 1718 5079 improborum
1756 5011 2059 5066 daemonum
2088 5009 2461 5077 phantasmata
2492 5028 2761 5069 arcemus.

249 5088 475 5174 Βαθμὸξ
510 5100 779 5164 εἰκοστόςο
810 5103 843 5180 ’ὁ
863 5088 1050 5157 τοῧτον
1095 5102 1345 5174 εἰληφὼς,
1376 5102 1490 5169 φῶς
1517 5100 1729 5167 ἐδέξατο

183 5193 276 5265 [αι.
303 5186 576 5263 ἔλαμψεν]
600 5189 658 5241 ὲν
675 5189 743 5258 τῇ
770 5189 964 5259 καρδίᾳ
994 5191 1177 5247 αὐτοῦ,
1369 5207 1378 5214 -
1508 5224 1513 5231 .

568 5405 811 5462 ΣΧΟΛΙΔ
840 5406 947 5458 ΕΙΣ
983 5406 1202 5459 ΛΟΓΟΝ
1261 5409 1339 5460 K'.

651 5540 658 5546 ·
692 5516 829 5585 Περὶ
868 5517 1214 5585 ἀγρυπνίας.
1308 5592 1323 5605 δ

780 5633 826 5684 Σ
828 5630 1036 5698 χόλιον
1068 5629 1134 5681 α’.
1322 5700 1323 5703 η

250 5722 389 5792 Οὲχὶ
416 5721 449 5789 ἠ
480 5723 669 5784 στᾶσις
698 5723 842 5775 ἐστὶν
888 5720 984 5790 ὅλη
1018 5720 1050 5790 ή
1082 5722 1390 5789 ἀγρυπνία·
1422 5720 1537 5773 οὐδὲ
1573 5720 1731 5774 πάλιν

183 5814 548 5895 ᾗστιχολογία
594 5814 703 5869 τῶν
731 5814 962 5885 ψαλμῶν
1018 5814 1193 5882 μόνων
1219 5827 1231 5842 ·
1263 5813 1375 5865 ἀλλ’
1404 5812 1547 5865 ἐστιν
1598 5814 1627 5863 ό
1676 5814 1733 5864 ἐν

1901 5098 2114 5173 Gradus
2152 5116 2242 5167 xx,
2293 5117 2451 5171 quem
2486 5106 2578 5170 qui
2617 5106 2886 5175 superavit
2925 5105 3071 5159 illius
3106 5108 3159 5160 in
3210 5112 3367 5166 corde

1834 5190 2052 5244 caeleste
2068 5190 2245 5244 lumen
2271 5191 2478 5249 refulsit
2507 5193 2616 5264 [hic
2654 5195 2708 5247 in
2730 5192 2892 5247 corde
2909 5207 3008 5248 suo
3028 5197 3245 5254 cmleste
3288 5200 3363 5254 lu-

1836 5298 1955 5336 men
1993 5284 2234 5353 recepit].

2161 5412 2448 5469 SCHOLIA
2473 5413 2561 5466 AD
2584 5411 2871 5469 GRADUM
2917 5417 3032 5474 XX.

2334 5544 2337 5555 -
2444 5527 2519 5580 De
2544 5527 2750 5596 vigiliis.
3019 5503 3022 5506 ’

2431 5639 2675 5693 Scholion
2732 5643 2783 5697 1.

1901 5724 2015 5779 Non
2041 5730 2340 5785 censistunt
2373 5740 2495 5785 tota:
2554 5734 2749 5803 vigilia:
2776 5736 2828 5787 in
2879 5735 3081 5799 stando,
3142 5744 3227 5788 ant
3286 5774 3295 5785 .
3349 5765 3365 5776 -

1835 5815 2086 5875 citatione
2135 5823 2623 5891 psalmorum;sed
2665 5834 2764 5891 est,
2830 5828 2921 5895 qni
2985 5836 3090 5880 tota
3155 5831 3367 5895 quidun
