4030 6342
646 437 750 500 943

1880 443 1934 499 S.
1961 437 2274 500 JOANNIS
2306 435 2609 496 CLIMACI
3736 445 3820 506 944

649 558 804 604 nocte
837 554 1032 620 psallit,
1057 562 1109 605 et
1139 565 1238 616 est,
1282 556 1373 624 qui
1421 557 1661 610 eamdem
1697 557 1747 608 iu
1781 555 1973 608 studiis
2022 551 2165 621 pomi

2292 546 2525 615 ψαλμοῖς
2567 546 2808 616 ἐκφέρων
2853 547 2978 617 ὅλην
3038 549 3134 619 τήν
3201 549 3376 604 δύκτα.
3408 552 3519 607 Καὶ
3562 553 3822 610 tamen

572 697 580 708 ,
646 643 820 696 tentia:
847 653 898 696 et
934 645 1177 712 precibus
1206 656 1258 700 et
1283 647 1630 701 inclinatione
1663 649 1715 700 in
1747 657 1943 700 terram
1985 659 2185 698 consu-

643 735 758 790 mit.
804 735 898 790 Est
931 737 1091 791 etiam
1123 740 1219 807 qui
1254 740 1306 792 iu
1334 741 1458 794 ﬂetu
1488 751 1542 794 et
1571 741 1821 810 lacrymis
1871 748 1925 792 et
1965 738 2184 808 planctu

641 839 800 892 super
854 827 1103 881 admissis
1151 831 1386 898 peceatis
1428 839 1593 884 totam
1651 831 1820 898 ponit.
1880 827 2181 898 Exiguntur

639 915 796 968 etiam
839 917 1051 986 vigilim,
1080 935 1203 973 cum
1245 921 1363 988 quis
1410 922 1510 976 sub
1546 921 1756 976 initium
1785 921 1992 990 vesperi
2047 920 2186 974 inci-

638 1006 769 1074 pita
820 1009 1150 1076 psalmorum
1188 1011 1519 1076 recitatione,
1577 1012 1949 1085 ct'rcliquum
2011 1011 2183 1065 noctis

613 1100 907 1170 x‘consumit
939 1101 992 1154 in
1031 1101 1284 1170 trepariis
1317 1116 1411 1156 seu
1473 1102 1723 1157 brevibus
1769 1092 1996 1157 canticis
2041 1101 2183 1155 dirc-

639 1139 907 1153 πωπω...
1033 1139 1284 1170 ..νμηυσ
1317 1139 1411 1156 ον..
1473 1139 1723 1157 meum”
1769 1139 1996 1157 νοω-νη
2041 1139 2180 1155 ...ιυ-

615 1139 733 1241 \utis
756 1189 820 1242 ad
852 1188 1014 1243 Deum
1063 1200 1116 1244 ct
1149 1201 1384 1246 sanctos.
1413 1192 1574 1247 Fiunt
1611 1209 1852 1256 rursum,
1887 1207 2012 1247 cum
2070 1190 2180 1248 Deo

633 1279 818 1334 laudes
855 1281 1228 1346 decantantur,
1251 1293 1344 1337 aut
1397 1284 1723 1353 praelectioni
1778 1282 2179 1352 impenduntur.

633 1367 991 1423 Instituuntur
1013 1371 1175 1423 etiam
1224 1388 1255 1425 a
1289 1372 1630 1441 quibusdam,
1693 1373 1787 1442 qui
1842 1372 1946 1426 sibi
2009 1371 2179 1442 legem

632 1456 836 1518 dicunt,
867 1472 933 1511 ne
958 1473 1094 1527 genu
1128 1471 1328 1527 ponant
1359 1468 1453 1515 aut
1479 1460 1696 1516 ﬂectant
1750 1461 1815 1515 ad
1867 1462 2178 1531 exemplum

632 1549 794 1612 illius,
829 1551 919 1620 qui
977 1553 1204 1608 luxuria:
1227 1555 1647 1624 cogitationibus
1680 1555 2106 1625 oppugnabatur.

1240 1643 1486 1698 Scholion
1508 1646 1562 1698 2.

700 1730 772 1784 hx
806 1731 1174 1786 imbecillitate
1201 1732 1416 1801 quidem
1447 1733 1636 1796 animi,
1670 1733 1763 1788 sed
1793 1737 2060 1790 constanti
2085 1751 2179 1806 pa-

629 1823 807 1877 tientia
841 1838 945 1893 qua
979 1824 1175 1878 bellum
1211 1825 1467 1880 adversus
1493 1840 1743 1880 somnum
1774 1826 2026 1882 sustinet.

1236 1912 1483 1968 Scholion
1530 1915 1579 1968 5.

693 2003 832 2057 Deus
859 2003 1065 2073 judicat
1089 2012 1140 2058 et
1169 2003 1401 2057 aestimat
1427 2018 1588 2072 opera
1631 2013 1815 2058 nostra
1843 2019 1941 2075 pro
1964 2006 2176 2062 ratione

625 2094 882 2163 propositi
933 2112 946 2147 :
990 2094 1109 2158 Det,
1143 2095 1332 2164 inquit,
1389 2095 1480 2148 tibi
1534 2094 1698 2160 Deus,
1749 2095 2027 2149 secundum
2088 2113 2177 2151 cur

623 2198 769 2238 luunt
797 2184 866 2238 ⁸ο.

1231 2277 1479 2331 Scholion
1529 2280 1558 2332 4
1571 2319 1584 2332 .

689 2365 907 2436 Semper
936 2367 1150 2437 quidem
1198 2369 1250 2420 in
1301 2368 1638 2423 orationibus
1663 2378 1715 2422 et
1742 2369 2062 2424 lectionibus
2093 2369 2171 2422 vi-

619 2457 783 2526 gilare
817 2457 1091 2527 iubemur,
1127 2457 1218 2512 sed
1245 2458 1588 2525 potissimum
1617 2458 1767 2514 festis
1817 2459 2029 2514 diebus.
2073 2459 2169 2530 {Vi-

617 2548 790 2616 gilans
843 2546 1142 2601 monachus
1173 2555 1406 2600 mentem
1433 2561 1586 2600 suam
1637 2548 1870 2610 exacuit,
1939 2557 1992 2601 et
2042 2549 2172 2603 sub-

617 2635 848 2688 tiliorem
883 2635 1055 2689 reddit
1080 2635 1146 2690 ad
1176 2634 1909 2704 contemplationem,utilem
1938 2637 2164 2691 animae:

502 2713 506 2716 ’
617 2725 816 2778 multus
841 2738 1063 2778 somnus
1091 2723 1334 2778 eamdem
1369 2722 1617 2777 obtundit
1639 2723 1794 2793 271
1826 2733 1879 2778 et
1932 2726 2168 2780 crassio-

615 2832 725 2872 rem
755 2815 931 2870 cilicii.
965 2814 1069 2869 Sed
1100 2829 1231 2870 cave
1257 2829 1324 2869 ne
1357 2813 1567 2884 vigilias
1615 2815 1767 2868 vanis
1823 2813 2020 2870 fabulis
2077 2825 2171 2871 aut

613 2905 874 2976 improbis
908 2905 1322 2975 cogitationibus
1387 2905 1685 2975 impendas.
1754 2905 1975 2959 Prmstat
2024 2908 2168 2960 enim

535 3051 539 3056 .
613 2996 848 3051 dormire
880 3009 1043 3064 quam
1071 2995 1225 3050 vanis
1252 2995 1594 3051 sermonibus
1641 3005 1695 3049 et
1751 2995 2170 3064 cogitationibus

614 3088 918 3158 invigilare.
1161 3090 1167 3095 ’

1227 3174 1470 3230 Scholion
1495 3176 1545 3229 5.

680 3269 905 3336 Quando
929 3283 1022 3337 per
1069 3266 1280 3338 vigilias
1309 3277 1634 3322 enervantur
1677 3267 1894 3322 malitia:
1922 3269 2166 3337 spiritus,

610 3374 662 3419 et
699 3364 834 3418 bella
865 3361 1178 3430 mitigantur
1226 3378 1240 3414 :
1283 3369 1376 3414 aut
1408 3359 1549 3428 quod
1590 3373 1684 3428 per
1724 3358 1932 3429 vigilias
1980 3359 2171 3414 animm

611 3455 888 3510 hominum
939 3451 1005 3505 ad
1054 3450 1290 3505 dolorem
1352 3449 1419 3503 de
1479 3449 1708 3517 peccatis
1762 3447 2168 3517 concipiendum

610 3553 1008 3619 permoventur.
1046 3540 1256 3613 Vigiliae
1301 3541 1444 3595 enim
1492 3549 1776 3595 conterunt
1825 3539 2082 3604 animam,
2116 3549 2170 3596 et

609 3638 676 3692 ad
709 3635 1060 3690 humilitatem
1107 3632 1396 3687 deducunt.

1226 3718 1471 3774 Scholion
1501 3718 1549 3772 6.

679 3819 827 3874 Tuba
859 3833 978 3887 qum
1016 3816 1082 3871 ad
1113 3814 1439 3885 precandum
1475 3828 1574 3868 nos
1605 3815 1824 3880 excitat,
1850 3818 2099 3889 ignavum
2135 3837 2164 3876 a

607 3914 793 3971 sedulo
822 3922 875 3966 et
901 3910 1062 3965 alacri
1096 3918 1326 3978 separat.
1345 3907 1478 3962 Nam
1510 3908 1607 3977 piae
1632 3909 1980 3979 cogitationes
1998 3911 2163 3969 Deum

605 4004 902 4060 amantium
928 4001 980 4054 in
1010 3999 1316 4070 perturbata
1346 4007 1522 4050 mente
1550 3997 1743 4052 durare
1777 4015 1881 4054 non
1915 4015 2160 4072 possunt,

607 4096 700 4151 sed
733 4094 787 4148 in
819 4092 1000 4146 animo
1032 4090 1176 4144 curis
1206 4102 1377 4142 vacuo
1403 4086 1814 4156 conquiescunt.

1207 4178 1449 4236 Scholion
1482 4178 1538 4232 7.

671 4277 882 4335 Oblivio
908 4292 1001 4347 per
1032 4289 1090 4332 se
1115 4275 1314 4330 nullam
1346 4271 1502 4327 habet
1529 4271 1656 4338 vim,
1709 4274 1802 4328 sed
1850 4275 1917 4329 ab
1953 4276 2159 4348 ignavia

603 4381 790 4427 nostra
818 4383 916 4440 pro
946 4373 1064 4420 rata
1085 4363 1329 4434 portione
1355 4363 1497 4418 vires
1520 4363 1704 4417 sumit.

1301 4544 1474 4599 Aliud.

669 4638 746 4695 Ne
778 4639 952 4695 dicas:
972 4637 1108 4706 Quid
1140 4637 1332 4692 faciam
1353 4637 1376 4690 ?
1396 4635 1531 4703 Quia
1559 4639 1758 4694 nolenti
1797 4641 2005 4710 obrepit
2025 4639 2160 4695 obli-

599 4734 706 4786 vio.
729 4729 866 4796 Quia
901 4743 1023 4784 cum
1053 4743 1261 4783 memor
1313 4743 1480 4796 esses,
1533 4728 1809 4800 neglexisti
1850 4740 1906 4786 et
1947 4731 2156 4788 elusisti

597 4821 827 4879 officium
865 4829 1014 4874 tuum
1045 4818 1069 4871 ἳ

1272 4911 1450 4964 Aliud.

664 5002 816 5068 Quod
846 4997 1158 5060 meministi,
1191 4997 1380 5064 facito;
1419 4999 1561 5068 quod
1585 5001 1781 5057 oblitus
1805 5017 1884 5066 es,
1908 5019 2013 5058 non
2044 5005 2147 5060 erit

596 5092 882 5147 tihil'raudi
917 5109 928 5145 :
959 5090 1051 5145 sed
1070 5088 1338 5158 aperietur
1390 5088 1507 5153 tibi;
1557 5091 1768 5146 interim
1808 5107 1914 5146 non
1962 5095 2144 5150 tradas

595 5194 794 5239 temere
820 5180 1166 5248 cogitationes
1188 5187 1304 5231 tuas
1341 5185 1392 5230 et
1426 5185 1659 5233 mentem
1691 5181 1961 5235 oblivioni.

1203 5287 1448 5343 Scholion
1475 5287 1526 5342 8.

664 5381 850 5440 Melius
880 5381 1034 5435 estin
1068 5371 1283 5434 silentio
1312 5391 1366 5434 ct
1411 5377 1634 5433 scientia
1684 5379 1935 5446 dormire,
1977 5398 2138 5453 quam

599 5489 713 5532 :um
742 5468 1061 5538 vaniloquiis
1105 5468 1340 5538 vigilare.

1197 5558 1440 5614 Scholion
1464 5560 1515 5615 9.

660 5647 783 5709 Dies
801 5650 930 5706 abiit
953 5659 1007 5706 et
1030 5658 1321 5718 certamen;
1341 5662 1579 5722 quastus
1600 5659 1857 5706 servatur.
1879 5651 2142 5738 Mercator

665 5829 711 5858 ’ω
737 5827 752 5875 1
780 5825 914 5895 Reg.
948 5827 1093 5893 1,17.

2293 637 2616 705 μετανοίαις,
2637 638 2729 689 καὶ
2750 639 2950 708 εὐχαῖς,
2979 640 3068 693 καὶ
3090 642 3463 696 κατακλίσεσιν
3490 646 3580 699 ἐπὶ
3594 646 3686 716 τῆς
3699 647 3790 718 γῆς
3804 664 3817 676 ·

2288 727 2378 779 καὶ
2398 726 2542 779 ἐστιν
2567 729 2595 781 ὁ
2625 729 2683 779 ἐν
2714 728 2992 800 κλαυθμῷ,
3018 733 3111 784 καὶ
3144 734 3209 785 ἐν’
3225 733 3472 804 δάκρυσι,
3501 737 3594 788 καὶ
3623 737 3822 808 θρήνοις

2288 821 2380 873 ἐπὶ
2433 822 2542 877 τοῖς
2596 820 3029 890 παραπτώμασιν
3064 823 3260 876 αὐτοῦ·
3307 825 3398 878 καὶ
3448 827 3648 894 γίνεται
3674 829 3820 883 πάλιν

2289 911 2450 980 ἡνίκα
2483 911 2658 979 ὀλίγον
2685 913 2742 965 ὲν
2768 915 2834 983 τῇ
2863 914 3068 984 ἑσπέρᾳ
3108 915 3498 984 στιχολογεῖτις
3517 921 3606 972 καὶ
3619 919 3678 971 τὸ
3698 920 3820 972 ὑπό-

2286 1002 2465 1056 λοιπον
2493 1001 2590 1073 τῆς
2621 1002 2808 1066 νυκτὸς
2837 1005 2916 1066 είς
2934 1005 3222 1077 τροπάρια·
3239 1007 3331 1060 καὶ
3354 1007 3561 1074 γίνεται
3580 1010 3728 1064 πάλιν
3748 998 3819 1073 εἷς

2283 1093 2606 1162 δοξο).ογίαν,
2635 1094 2955 1164 καὶγίνεται
2991 1098 3069 1160 είς
3099 1099 3429 1166 ἀνάγνωσιν·
3485 1102 3580 1152 καὶ
3628 1103 3820 1168 γίνεται

2286 1183 2445 1238 πάλιν
2467 1186 2548 1238 ὅτι
2579 1183 2690 1248 θεὶς
2711 1185 2834 1257 ὅρον
2868 1187 3058 1258 ἐαυτῷ,
3079 1189 3152 1259 μὴ
3180 1190 3354 1243 κλῖναι
3381 1192 3529 1260 γόνυ,
3560 1193 3673 1246 κατ’
3693 1196 3818 1246 Exsi-

2282 1290 2370 1326 νον
2402 1267 2492 1328 τὸν
2529 1274 2926 1347 πολεμούμενον
2974 1279 3078 1332 ὑπὸ
3123 1280 3214 1333 τοῦ
3252 1285 3346 1352 τῆς
3402 1285 3645 1352 πορνείας
3673 1279 3812 1346 λεγε-

2283 1381 2441 1434 σμου.

2870 1639 2915 1690 Σ
2916 1636 3125 1705 χόλιον
3167 1635 3235 1706 ﬂ".

2360 1724 2661 1790 Ἀσθενείας
2684 1729 2780 1797 μὲν
2804 1728 2896 1782 τοῦ
2919 1729 3032 1791 νοός
3049 1744 3062 1758 ⁸
3094 1729 3342 1801 ἀνδρείας
3355 1729 3412 1783 δὲ
3426 1729 3522 1800 τῆς
3539 1729 3819 1800 ὑπομονῆς,

2278 1814 2372 1869 τοῦ
2404 1816 2539 1886 πρὸς
2569 1817 2658 1870 τὸν
2684 1817 2848 1872 ὕπνον
2870 1819 3128 1890 πολέμου.

2876 1911 3133 1979 Σχόλιον
3153 1917 3222 1980 γ’.
3291 1918 3299 1924 ’

2357 1997 2414 2049 '0
2447 1996 2577 2060 Θεὸς
2597 1997 2692 2062 τὰς
2744 2000 2966 2069 πράξεις
3011 2001 3148 2070 μετὰ
3199 2002 3296 2066 τάς
3351 2002 3632 2075 προθέσεις
3684 2005 3823 2074 λογί-

2275 2086 2459 2148 ζεται·
2511 2087 2634 2156 Δῴη
2673 2090 2780 2162 γάρ
2833 2105 2952 2156 σοι,
2982 2093 3166 2162 φησιν,
3215 2097 3248 2149 ό
3279 2094 3492 2163 Κύριος
3542 2096 3688 2151 κατὰ
3714 2097 3823 2151 ti-r

2273 2178 2525 2246 καρδίαν
2548 2195 2683 2236 σου.

2866 2276 3123 2342 Σχόλιον
3149 2275 3212 2330 δ’.

2354 2363 2671 2432 Ἀγρυπνεῖν
2719 2365 2777 2416 ὲν
2817 2368 3143 2435 προσευχαῖς
3192 2365 3288 2420 καὶ
3337 2368 3667 2436 ἀναγνώσεσι
3696 2372 3825 2425 πάν-

2270 2467 2391 2504 τοτε
2441 2452 2560 2521 μὲν,
2599 2455 2656 2505 ἐν
2701 2455 2910 2527 ἑορταῖς
2959 2455 3018 2508 δὲ
3066 2456 3299 2527 μάλιστα
3339 2461 3779 2531 προπετάγμεθα
3803 2478 3822 2495 ο

2274 2541 2546 2613 ἄγρυπνος
2603 2543 2710 2615 γὰρ
2767 2546 2996 2616 μοναχδς
3046 2547 3299 2602 λεπτύνει
3356 2550 3594 2606 διάνοιαν
3641 2552 3823 2619 αὑτοῦ,

2271 2631 2405 2702 πρὸς
2469 2633 2699 2705 θεωρίαν
2756 2635 3085 2706 ψυχωφελῆ·
3140 2636 3304 2702 ὕπνος
3354 2639 3411 2693 δὲ
3480 2641 3645 2706 πολὺς
3703 2642 3827 2698 νοῦν

2269 2724 2528 2794 παχύνει·
2588 2726 2702 2780 ἀλλ’
2754 2728 2854 2799 ὅρα
2889 2727 2965 2800 μὴ
3017 2718 3122 2800 δῷς
3187 2732 3410 2786 σεαυτὸν
3458 2733 3518 2786 ἐν
3549 2736 3824 2806 ἀγρυπνίᾳ

2267 2817 2560 2888 διηγήμασι
2608 2821 2803 2888 κενοῖς,
2841 2820 2874 2891 ἢ
2909 2820 3184 2891 λογισμοῖς
3233 2825 3482 2893 πονηροῖς
3518 2840 3535 2856 ·
3579 2827 3828 2896 κρεῖσσον

2274 2908 2379 2979 γὰρ
2413 2909 2711 2972 καθεύδειν,
2757 2911 2791 2982 ἢ
2853 2913 2980 2982 περὶ
3037 2912 3226 2980 λόγους
3271 2931 3331 2976 τε
3390 2915 3485 2968 καὶ
3536 2916 3828 2988 λογισμοὺς

2269 2999 2565 3069 ἀγρυπνεῖν
2598 3001 2882 3071 ματαίους.

2869 3094 3127 3161 Σχόλιον
3163 3101 3225 3148 ε’.

2342 3181 2470 3233 Ὅτε
2501 3181 2591 3234 διὰ
2635 3184 2735 3253 τῆς
2761 3183 3068 3256 ἀγρυπνίας
3096 3185 3475 3258 ὲκνευροῦνται
3499 3187 3567 3241 τὰ
3593 3186 3694 3257 τῆς
3725 3205 3829 3240 πο-

2270 3271 2463 3344 νηρίας
2505 3271 2806 3343 πνεύματα,
2839 3275 2933 3328 καὶ
2973 3276 3022 3328 οἱ
3053 3276 3278 3346 πόλεμοι
3325 3277 3828 3348 καταπραΰνονται,

2268 3364 2300 3432 ἢ
2335 3363 2415 3415 ὅτι
2437 3363 2524 3416 διὰ
2548 3364 2646 3433 τῆς
2662 3365 2964 3436 ἀγρυπνίας
2993 3367 3072 3431 είς
3092 3367 3380 3434 κατάνυξιν
3401 3368 3622 3436 ἄγονται
3641 3370 3697 3421 al.
3717 3368 3831 3422 τῶν

2269 3453 2566 3519 ἀνθρώπων
2605 3454 2794 3525 ψυχαὶ,
2830 3456 3217 3527 συντριϐούσης
3260 3459 3355 3511 καὶ
3383 3461 3465 3522 είς
3497 3461 3830 3513 ταπείνωσιν

2267 3541 2506 3608 ἀγούσης
2537 3542 2723 3605 αὑτάς.

2842 3719 3098 3787 Σχόλιον
3135 3726 3209 3785 ς’.

2335 3805 2575 3876 Σάλπιγξ
2601 3809 2678 3870 είς
2711 3810 3013 3880 προσευχὴν
3058 3809 3412 3881 διεγείρουσα,
3449 3817 3542 3866 τον
3568 3813 3820 3885 ῥᾴθυμον

2262 3897 2486 3951 ἀπὸτοῦ
2520 3898 2799 3969 προθύμου
2854 3900 3103 3970 χωρίζει·
3151 3901 3386 3971 καὶγὰρ
3439 3905 3495 3957 αἱ
3550 3904 3824 3974 θεοφιλεῖς

2262 3986 2458 4039 ἔννοιαι
2488 3989 2545 4039 ὲν
2571 3989 2948 4059 τεταραγμένῃ
2967 3987 3174 4060 διανοίᾳ
3187 3986 3442 4060 ἐμμένειν
3458 3991 3521 4045 ού
3541 3992 3822 4060 δύνανται,

2260 4076 2377 4130 ἀλλ’
2415 4079 2472 4131 ὲν
2497 4077 2578 4130 νοῒ
2598 4078 2891 4148 φροντίδων
2923 4078 3340 4151 ἀπηλλαγμένῳ.

2847 4171 2893 4222 Σ
2895 4170 3102 4237 χόλων
3144 4171 3210 4235 ζ’.

2329 4260 2479 4332 Λήθη
2525 4260 2646 4316 καθ’
2691 4261 2886 4331 ἑαυτὴν
2931 4263 3182 4334 οὐδεμίαν
3226 4264 3338 4335 ἔχει
3389 4263 3638 4335 δύναμιν,
3697 4265 3824 4319 ἀλλ’

2259 4350 2323 4402 ἐκ
2347 4351 2455 4405 τῶν
2479 4336 2762 4421 ἡμετέρων
2780 4351 3046 4422 ἀμελειῶν
3067 4355 3204 4425 μετά
3226 4353 3520 4424 ἀναλογίαν
3547 4356 3820 4426 κρατύνε-

2258 4458 2367 4496 ται.

2937 4537 3145 4592 Ἄλλο.

2322 4625 2414 4696 Μὴ
2443 4625 2598 4694 λέγε·
2638 4625 2701 4678 Τί
2733 4627 2975 4698 ποιήσω;
3019 4628 3104 4681 ὃτι
3139 4627 3199 4681 ού
3243 4624 3404 4695 θέλω,
3437 4634 3530 4685 καὶ
3561 4630 3814 4702 ἔρχεται.

2253 4717 2398 4772 Διότι
2491 4717 2841 4789 μνημονεύων
2934 4717 3275 4789 παρελογίσω
3353 4721 3418 4776 τὸ
3471 4714 3478 4715 ﬁ
3515 4723 3815 4794 ὀφειλόμε-

2252 4825 2360 4862 νον.
3096 4835 3100 4838 “

2495 4933 2506 4942 ι
2915 4902 3126 4955 Ἀλλο.

2324 4991 2390 5043 Ὃ
2458 4992 2832 5061 μνημονεύεις,
2894 4991 3149 5062 ποίησον·
3207 4995 3299 5049 καὶ
3339 4997 3368 5049 ὃ
3441 4996 3812 5066 ἀμνημονεῖς,

2247 5081 2684 5136 ἀποκαλύπτεται
2729 5099 2842 5136 σοι·
2895 5084 2988 5137 καὶ
3026 5085 3088 5138 οὐ
3140 5087 3216 5160 μὴ
3260 5063 3813 5160 παραδιῖίς’ἀιιρξτει›ς

2248 5170 2386 5244 λήθῃ
2402 5173 2499 5239 τὴν
2527 5175 2782 5229 διάνοιαν.

2832 5289 2879 5340 Σ
2877 5289 3086 5356 χόλων
3132 5298 3202 5362 η’.

2329 5378 2555 5446 Ἀγαθὸν
2576 5376 2776 5432 ύπνοῦν
2808 5378 2866 5433 ὲν
2887 5382 3060 5452 σιωπῇ
3085 5381 3181 5437 καὶ
3196 5382 3416 5451 γνώσει,
3433 5382 3467 5455 ἢ
3486 5386 3806 5456 αγροπνεῖν

2245 5470 2303 5523 ἐν
2337 5471 2711 5541 ματαιολογίᾳ.

2841 5569 3098 5637 Σχόλιον
3150 5566 3216 5622 θ’.

2315 5655 2655 5730 Παρῆλθενή
2697 5658 2895 5731 ἡμέρα,
2932 5660 3066 5714 καὶὸ
3097 5657 3277 5728 ἁγών·
3328 5662 3360 5733 ἡ
3401 5660 3626 5734 ἐμπορία
3663 5659 3808 5713 ἑπισ-
