4030 6342
254 473 350 539 945

1238 484 1461 543 SCALA
1502 483 1871 544 PARADISI.
1909 510 1972 521 -··
2000 486 2306 550 .GRADUS
2334 491 2490 551 XXI.

3340 490 3443 555 956

254 589 490 659 τηρεῖται
507 603 519 615 ·
545 589 575 641 ό
617 588 851 661 ἔμπορος
865 591 1058 661 ἐρευνᾷ
1082 590 1131 643 τί
1155 590 1404 662 ἔπραξεν,
1427 594 1475 646 εἰ
1492 593 1789 665 ἐζημιώθη,

1901 596 2019 665 quid
2046 598 2213 667 egerit
2239 600 2478 670 inquirit,
2516 617 2582 655 an
2617 612 2876 672 quzestum
2922 602 3125 667 fecerit,
3172 616 3239 654 an
3293 600 3443 654 dam"

244 681 295 732 εί
326 679 564 750 ἡττήθη·
601 682 650 733 εἰ
678 682 816 735 κατὰ
842 680 1122 751 ἄνθρωπον
1150 682 1402 753 ἔπραξεν,
1425 686 1473 737 εί
1507 684 1645 737 κατὰ
1664 684 1794 737 Θεὸν

244 768 581 836 ἠγωνίσατο·
638 769 699 823 τὸ
750 772 849 841 μὲν
903 772 1010 843 γὰρ
1088 774 1374 842 φιλοθέουο
1429 775 1491 828 τὸ
1532 775 1587 828 δὲ
1651 775 1797 844 φιλο-

245 859 402 926 δόξου
427 877 441 892 °
467 862 561 916 καὶ
596 863 657 915 τὸ
689 864 788 932 μὲν
816 864 1021 934 κέρδος,
1039 865 1098 917 τὸ
1123 866 1179 918 δὲ
1208 865 1410 936 ζημίαν
1439 866 1514 936 (α)
1543 906 1559 922 .
1593 908 1603 918 .
1639 907 1650 919 .
1679 906 1691 920 .
1724 906 1737 921 .
1779 906 1792 919 .

836 1126 881 1176 Σ
882 1125 1089 1192 χόλων
1138 1132 1189 1179 ι’.

335 1209 396 1263 '0
437 1212 577 1264 κατὰ
606 1212 697 1265 τὸν
734 1214 893 1268 Δαυῒδ
939 1217 1031 1269 τὸν
1078 1218 1240 1288 νόμον
1264 1219 1357 1273 τοῦ
1424 1222 1628 1292 Κυρίου
1670 1226 1796 1293 ὃλην

246 1300 349 1371 τὴν
373 1301 579 1374 ἡμέραν
608 1305 833 1375 μελέτην
882 1308 1217 1379 ποιούμενος,
1250 1313 1342 1365 καὶ
1379 1314 1437 1366 ἐν
1477 1314 1552 1384 τῷ
1586 1316 1797 1369 ὑπνώτ-

252 1409 369 1446 τειν
415 1394 570 1448 τοῦτο
619 1395 706 1449 διὰ
763 1398 861 1469 τῆς
911 1401 1207 1467 φαντασίας
1261 1405 1667 1477 ἐμμελετᾷ·ὼς
1704 1411 1798 1462 καὶ

137 1496 140 1500 '
251 1485 340 1537 ἐπ’
403 1486 550 1557 αὐτῷ
606 1487 937 1560 πληροῦσθαι
994 1493 1055 1546 τὸ
1103 1494 1308 1562 φάσκον
1341 1497 1552 1566 λόγιον*
1614 1503 1705 1554 καὶ
1737 1504 1795 1556 ἐν

250 1575 328 1645 τῷ
382 1578 529 1649 νόμῳ
569 1581 771 1652 Κυρίου
834 1584 1116 1653 μελετήσει
1164 1587 1376 1660 ἡμέρας
1423 1591 1516 1644 καὶ
1572 1593 1793 1658 νυκτός”

253 1670 1791 1744 καὶτδ,Ἑγὼ(ίι)..................

1890 702 2019 741 num
2053 692 2341 760 acceperit,
2367 708 2432 746 an
2466 695 2639 749 victus
2679 696 2765 760 sit,
2806 712 2871 748 an
2900 695 3039 764 quod
3079 692 3206 748 fecit
3244 692 3309 747 ad
3352 707 3443 747 ca-

1889 780 2141 848 ptandam
2186 783 2477 839 littmanam
2516 788 2724 842 laudem
2775 787 3030 853 retulerit;
3058 802 3123 840 an
3149 801 3244 855 pro
3276 783 3443 854 gloria

1892 871 1982 925 Dei
2015 874 2317 930 decertarit.
2363 876 2474 931 lloc
2502 880 2647 933 enim
2690 892 2772 935 est
2827 880 3060 934 hominis
3101 878 3265 932 Deum
3323 891 3446 930 vere

1893 966 2147 1031 amantis;
2169 966 2299 1021 illud
2334 970 2600 1024 ambitiosi
2632 980 2685 1024 et
2734 987 2879 1024 vana:
2899 971 3080 1040 gloria:
3098 969 3346 1024 studiosi.
3382 967 3447 1022 Et

1893 1053 1995 1108 ltoc
2024 1054 2251 1122 lucrum,
2285 1058 2417 1114 illud
2449 1061 2702 1115 damnum
2733 1061 2891 1130 parit.
3328 1064 3331 1069 ’

2482 1152 2725 1207 Scholion
2760 1155 2844 1209 10.

1961 1236 2062 1304 Qui
2087 1238 2151 1293 ad
2178 1242 2480 1311 exemplum
2517 1243 2732 1298 Davidis
2784 1246 2949 1315 legem
2984 1243 3195 1299 Domini
3222 1240 3445 1296 medita-
3503 1226 3529 1250 ’⁷

1894 1340 1981 1385 tur
2010 1340 2121 1384 tota
2143 1331 2246 1396 die,
2275 1333 2434 1387 etiam
2464 1335 2588 1388 dum
2613 1337 2830 1399 dormit,
2873 1337 3010 1389 idem
3031 1350 3124 1405 per
3153 1334 3446 1387 formarum

1894 1422 2154 1492 imagines
2187 1422 2299 1497 [per
2332 1426 2692 1498 phantasiam]
2727 1428 2971 1492 revolvit,
3012 1437 3070 1481 ut
3099 1427 3151 1479 in
3184 1426 3300 1493 ipso
3325 1438 3446 1477 ora-

1893 1514 2071 1568 culum
2104 1516 2233 1569 illud
2284 1518 2599 1585 expleatur:
2634 1518 2698 1572 In
2729 1519 2837 1590 lege
2858 1519 3068 1572 Domini
3108 1516 3448 1570 meditabitur

1892 1605 1975 1659 die
2007 1616 2054 1659 et
2081 1610 2292 1672 nocte“;
2335 1618 2387 1664 et
2406 1610 2554 1676 illud,
2587 1614 2602 1631 ‘
2630 1610 2740 1681 Ego
2782 1652 2794 1665 .
2839 1651 2853 1665 .
2896 1651 2911 1665 .
2949 1650 2963 1663 .

818 1911 1036 1966 ΛΟΓΟΣ
1091 1900 1218 1968 KA'.

600 2021 738 2091 Περί
756 2022 865 2091 τῆς
887 2024 1188 2095 ἀνάνδρου
1208 2027 1453 2097 δειλίας.

321 2108 385 2163 Εί
436 2110 536 2181 μὲν
560 2112 619 2167 ἐν
669 2115 1012 2187 κοινοὸίοιςῆ
1066 2121 1125 2172 ὲν
1158 2123 1422 2187 συνοδίαις
1468 2123 1567 2193 τὴν
1599 2124 1793 2196 ἀρετὴν
1827 2160 1832 2162 ν

257 2199 510 2271 μετέρχῃ,
538 2202 597 2253 οὐ
626 2203 765 2257 πάνυ
787 2205 890 2258 ὑπὸ
916 2207 1113 2273 δειλίας
1133 2210 1477 2282 πολεμεῖσθαι
1526 2215 1791 2285 πέφυκας.

255 2290 317 2344 Εί
345 2290 403 2343 δὲ
442 2294 499 2345 ὲν
522 2295 1047 2369 ήσυχαστικωτέροις
1071 2302 1255 2366 τόποις
1284 2305 1541 2377 ἀγωνίζῃ,
1594 2308 1667 2377 μή
1702 2325 1793 2361 σου

254 2381 513 2454 κυριεύσῃ
539 2384 599 2436 τὸ
632 2386 730 2457 τῆς
771 2389 1071 2455 κενοδοξίας
1096 2393 1358 2465 γέννημα,
1396 2401 1495 2450 ’καὶ
1542 2399 1795 2466 ἀπιστίας

255 2470 500 2563 θυγάτηρ
518 2492 530 2504 ’
556 2476 724 2531 δειλία
758 2481 874 2535 ἐστὶ
892 2484 1158 2553 νηπιῶδες
1185 2481 1313 2557 ἦθος
1342 2491 1399 2543 ὲν
1440 2490 1681 2563 γηραλέα
1706 2510 1795 2545 κε-

254 2561 447 2632 νοδόξῳ
466 2564 638 2636 ψσυχῇο
665 2567 835 2622 δειλία
864 2571 1011 2625 ἐστὶν
1052 2575 1288 2647 ἐκτροπή
1319 2578 1552 2643 πίστεως
1580 2561 1666 2652 (ι)
1703 2582 1793 2635 ἐπὶ

254 2653 551 2741 προσδοκίᾳ
602 2657 904 2728 ἀδοκήτων·
951 2662 1113 2730 φόϐος
1161 2667 1276 2719 ἐστὶ
1319 2669 1794 2741 προμελετώμενος

255 2740 515 2806 κίνδυνος.
560 2747 629 2798 Ἦ
654 2748 818 2801 πάλιν
836 2766 852 2783 ο
882 2752 1044 2820 φόϐος
1088 2755 1203 2809 ἐστὶ
1231 2757 1525 2828 σύντρομος
1550 2762 1795 2831 αἴσθησις

254 2832 477 2912 καρδίμς
506 2837 640 2906 ,περὶ
692 2839 898 2909 ἀδήλων
952 2845 1240 2915 συμφορῶν
1300 2847 1621 2921 κλονουμένη
1644 2891 1659 2916 ,
1701 2853 1795 2906 καὶ

255 2926 626 2995 ἀσχάλλουσιν
681 2932 842 3000 φόϐος
889 2934 1006 2988 ἐστὶ
1080 2938 1443 3012 πληροφορίας
1521 2944 1790 3015 στέρησις.

266 3017 637 3109 ’Υπερᾼήφανος
668 3023 810 3095 ψυχή
864 3023 941 3096 (2)
973 3028 1085 3081 ἐστι
1112 3030 1309 3095 δειλίας
1331 3033 1486 3104 δούλη
1518 3035 1601 3103 ἐφ’
1630 3037 1792 3109 ἑαυτῇ

256 3107 562 3176 πεποιθυῖα,
602 3113 697 3166 καὶ¹
728 3114 964 3181 κτύπους
1019 3122 1325 3191 κτισμάτων
1373 3126 1465 3178 καὶ
1520 3128 1676 3192 σκιὰς
1712 3107 1797 3182 δελ

255 3198 440 3291 διιῖισα.
519 3204 580 3256 Ol
625 3204 724 3274 μὲν
780 3208 1095 3274 πενθοῦντες
1131 3214 1224 3265 καὶ
1278 3214 1647 3286 ἀπηλγηκότες
1694 3220 1791 3291 (5),

256 3288 450 3343 δειλίαν
476 3291 538 3345 οὐ
561 3294 843 3365 κέκτηνται
861 3313 877 3329 ·
909 3298 1159 3353 ἔκστασιν
1185 3302 1242 3354 δὲ
1268 3303 1519 3367 πολλάκις
1539 3288 1794 3361 δειλαινό-

2341 1921 2499 1991 272
2526 1919 2800 1976 GRADUS
2872 1919 3013 1975 xm.

2314 2028 2386 2083 De
2408 2031 2709 2099 eﬂ‘eminata
2738 2031 3033 2086 timiditate.

1968 2117 2073 2183 Qui
2092 2118 2142 2173 in
2159 2121 2415 2174 cmnobiis
2428 2130 2515 2174 aut
2536 2121 2811 2175 hominum
2833 2122 3201 2191 religiosorum
3222 2120 3450 2175 coetibus

1900 2209 2149 2265 virtutem
2175 2211 2432 2281 sequitur,
2464 2212 2532 2266 ab
2561 2213 2661 2267 hoc
2705 2227 2899 2282 pavore
2944 2228 3050 2267 non
3092 2213 3317 2267 multum
3353 2228 3448 2281 op-

1900 2307 2187 2369 pugnatur.
2232 2303 2274 2352 Τ
2277 2318 2309 2355 υ
2338 2317 2464 2356 vero
2489 2303 2579 2371 qui
2613 2302 2665 2355 in
2694 2303 2824 2358 locis
2856 2303 3027 2373 magis
3072 2302 3328 2357 solitariis
3354 2302 3449 2356 de-

1899 2399 2093 2454 certas,
2119 2406 2246 2447 cave
2272 2407 2337 2447 ne
2377 2394 2428 2447 in
2458 2405 2507 2447 te
2539 2394 2778 2463 improba
2832 2408 2983 2447 vana:
3009 2394 3191 2464 gloria:
3216 2393 3451 2455 soboles,

1900 2491 1953 2535 et
1976 2482 2302 2538 inﬁdelitatis
2322 2486 2497 2554 proles
2530 2484 2759 2540 formido
2796 2487 3119 2540 dominetur.
3170 2484 3450 2540 Timiditas

1898 2581 1981 2625 est
2008 2572 2226 2639 puerilis
2260 2574 2313 2626 in
2334 2573 2487 2627 senili
2508 2583 2563 2628 et
2587 2589 2736 2628 vanae
2788 2575 2972 2644 gloria:
3010 2574 3237 2629 obnoxia
3270 2575 3447 2628 anima

1899 2662 2141 2718 allectus.
2176 2662 2456 2719 Timiditas
2502 2674 2585 2720 est
2612 2664 2839 2721 defectio
2881 2665 3001 2721 tidei
3034 2682 3094 2722 ex
3128 2681 3306 2721 rerum
3359 2666 3448 2719 in-

1898 2756 2232 2824 opinatarum
2254 2750 2647 2827 exspectatione
2670 2767 2813 2813 nata.
2852 2759 3020 2815 Metus
3043 2769 3124 2814 est
3168 2757 3447 2829 praemedi—

1900 2855 2068 2901 tatum
2104 2848 2420 2917 periculum.
2453 2849 2575 2917 Aut,
2620 2859 2794 2907 metus
2843 2865 2936 2906 seu
2986 2850 3143 2904 timor
3177 2858 3261 2905 est
3286 2848 3450 2919 trepi-

1900 2938 2001 2993 dus
2019 2939 2194 2995 cordis
2227 2955 2415 2997 sensus
2461 2955 2529 2996 ex
2578 2941 2796 2995 incertis
2839 2940 3229 2996 calamitatibus
3254 2944 3449 2996 conce-

1901 3036 2026 3096 ptus
2047 3037 2100 3084 et
2117 3029 2365 3084 atllictus.
2396 3028 2583 3084 Timor
2604 3038 2686 3085 est
2712 3029 3045 3085 conﬁdentia:
3074 3029 3321 3100 perfecta:
3337 3030 3450 3100 pri-

1902 3118 2063 3172 vatio.
2083 3118 2274 3172 Anima
2298 3118 2525 3187 superba
2551 3126 2636 3173 est
2655 3133 2808 3173 serva
2836 3120 3135 3176 timiditatis
3172 3121 3275 3176 sibi
3312 3135 3446 3189 prter

1902 3206 2090 3271 ﬁdens,
2119 3216 2172 3260 et
2197 3207 2263 3261 ad
2303 3222 2497 3262 sonum
2536 3208 2777 3279 adeoque
2813 3210 2982 3279 ipsius
3020 3212 3225 3266 umbra:
3254 3224 3449 3278 pavens

1898 3307 1953 3351 et
1980 3296 2232 3352 tremens.
2289 3296 2390 3363 Qui
2426 3313 2549 3354 vere
2596 3310 2779 3372 lugent
2826 3311 2881 3357 et
2926 3301 3445 3366 dolere’desierunt,

258 3397 406 3449 μενοι
446 3382 886 3457 ὑπομεμενήκασι
918 3404 932 3418 ⁸
963 3390 1056 3442 καὶ
1105 3391 1344 3454 εἰκότως.
1405 3396 1634 3459 Δικαίως
1686 3397 1792 3471 γὰρ

1901 3402 2106 3442 omnem
2137 3403 2203 3443 ex
2228 3390 2411 3445 animo
2435 3406 2686 3461 pavorem
2730 3393 3060 3461 abjecerunt.
3114 3390 3297 3446 Pavidi
3320 3407 3450 3446 vero
3502 3382 3519 3394 ’

257 3472 381 3549 τοὺς
410 3474 787 3545 ὑπερηφάνως
817 3478 1276 3550 ὲγκαταλιμπάνει
1334 3485 1553 3555 Κύριος,
1588 3486 1671 3540 ἵνα
1701 3490 1793 3542 καὶ

257 3563 304 3614 oi
331 3563 507 3617 λοιποὶ
557 3567 928 3637 παιδευθῶμεν
958 3570 1031 3642 μὴ
1070 3573 1385 3644 ἐπαίρεσθαι
1421 3592 1435 3606 ο
1464 3578 1660 3642 πάντες
1696 3582 1794 3651 μὲν

257 3656 305 3706 oi
335 3656 637 3721 δειλιῶντες
668 3660 928 3725 κενόδοξοι
969 3662 1067 3732 (4).
1104 3664 1177 3717 Οὐ
1203 3667 1397 3730 πάντες
1422 3668 1475 3721 δὲ
1498 3671 1545 3722 οἱ
1573 3673 1646 3741 μὴ
1684 3676 1794 3725 δει-

258 3744 471 3810 λιῶντες
492 3750 926 3819 ταπεινόφρονες,
969 3755 1089 3808 ἐπεὶ
1113 3758 1206 3811 καὶ
1232 3758 1421 3829 λῃσταὶ
1464 3763 1558 3814 καὶ
1578 3779 1639 3814 τυ
1647 3764 1793 3833 μὸω-

261 3835 408 3925 ρύχοι
461 3838 523 3892 οὐ
548 3839 930 3925 νδειλιαίνονται
960 3845 1034 3908 ὡς
1064 3838 1300 3917 ἐτυχεν.⁶
1320 3851 1407 3902 Ἐν
1437 3849 1517 3915 οἷς
1545 3854 1796 3925 ἐκδειμα-

258 3921 474 3978 τοῦσθαι
499 3924 692 3990 εἴωθας
718 3928 901 3991 τόποις
928 3931 1026 4000 (5),
1056 3935 1231 4004 ἀωρίᾳ
1271 3936 1344 4007 μὴ
1372 3938 1517 3992 ὄκνει
1572 3921 1799 4011 παραγί-

258 4013 461 4069 νεσθαι.
516 4015 580 4068 Εί
622 4015 677 4068 δὲ
711 4017 1068 4088 ὐποχαλάσεις
1093 4022 1287 4091 ὀλίγον,
1339 4030 1668 4100 συγγηράσει
1718 4051 1799 4086 σοι

258 4105 411 4159 τοῦτο
436 4106 500 4159 τὺ
554 4107 819 4177 νηπιῶδες
848 4111 1015 4179 πάθος
1067 4114 1160 4167 καὶ
1214 4116 1440 4179 γελοῖον.
1496 4120 1798 4193 Πορευόμε-

259 4214 346 4260 νος
370 4198 468 4268 (6),
499 4203 768 4269 προσευχῇ
818 4201 1032 4266 ὁπλίζου
1058 4219 1074 4235 ·
1130 4205 1464 4273 καταλαϐὼν,
1500 4208 1595 4273 τὰς
1617 4214 1798 4283 χεῖρας

261 4288 603 4350 διαπέτασον,
648 4290 823 4358 Ἰησοῦ
866 4293 1086 4363 ὀνόματι
1120 4296 1342 4367 μάστιζε
1385 4300 1676 4369 πολεμίους
1702 4320 1713 4336 ·
1740 4305 1799 4357 οὐ

261 4380 368 4451 γάρ
398 4382 545 4434 ἔστιν
582 4382 641 4434 ὲν
678 4380 756 4452 τῷ
781 4383 990 4455 οὐρανῷ
1040 4387 1132 4440 καὶ
1180 4390 1273 4443 ἐπὶ
1318 4391 1417 4462 γῆς
1464 4391 1802 4465 ίσχυρότερον

262 4473 422 4527 ὅπλον
448 4490 463 4504 ·
499 4473 825 4543 ἀπαλλαγεὶς
855 4477 951 4545 τῆς
970 4479 1123 4532 νόσου
1151 4480 1376 4551 ἀνύμνει
1416 4484 1504 4536 τὸν
1532 4484 1803 4557 λυτρωσά-

267 4580 427 4633 μενον
447 4580 462 4596 '
497 4564 975 4637 εὐχαριστοῦμενος
996 4568 1104 4638 γὰρ
1127 4572 1204 4634 είς
1223 4573 1391 4627 αίῶνα
1419 4578 1675 4632 σκεπάσει
1702 4597 1760 4632 σε
1785 4596 1799 4611 ·

263 4652 514 4723 οὐδέποτε
568 4653 767 4727 δυνήσῃ
806 4654 923 4725 τὴν
953 4656 1189 4728 γαστέρα
1243 4658 1332 4726 ὑφ’
1376 4660 1432 4712 ἓν
1487 4664 1757 4737 ἐμπλῆσαι
1787 4684 1803 4699 ο

1894 3494 1988 3534 seu
2015 3479 2343 3535 formidolosi
2400 3495 2540 3551 saepe
2574 3472 2981 3546 exanimantur,
3039 3490 3093 3537 et
3147 3482 3204 3536 in
3257 3483 3450 3537 mentis

1895 3578 2163 3639 stuporem
2233 3569 2495 3635 incidunt,
2563 3584 2663 3624 nec
2731 3585 2861 3626 sane
2912 3572 3197 3626 immerito.
3257 3572 3451 3626 Sancte

1894 3660 2037 3715 enim
2056 3659 2183 3716 facit
2207 3659 2346 3715 Deus
2383 3676 2505 3715 cum
2555 3661 2812 3730 superbos
2843 3676 2941 3716 sua
2975 3662 3138 3716 tutela
3185 3660 3446 3716 destituit.

1899 3744 1985 3817 uti~
2007 3767 2107 3809 nos
2134 3768 2351 3824 quoque
2397 3754 2571 3808 alieno
2631 3753 2772 3808 malo
2827 3754 3119 3822 sapiamus,
3144 3760 3199 3806 et
3245 3750 3443 3807 cristas
3490 3766 3497 3774 ‘

1895 3846 2259 3900 demittamus.
2314 3845 2513 3901 Omnes
2574 3844 2789 3913 quidem
2863 3843 3031 3898 timidi
3096 3851 3222 3896 sunt
3298 3855 3449 3896 vana:

1896 3939 2078 4007 gloriae
2123 3937 2361 4002 obnoxii;
2409 3937 2500 3991 sed
2539 3950 2645 3991 non
2693 3949 2881 3990 omnes
2933 3933 3145 3989 timoris
3203 3942 3450 4002 expertes

1898 4036 2024 4080 sunt
2044 4026 2292 4081 bumiks.
2318 4024 2451 4078 Nam
2479 4032 2532 4078 et
2563 4023 2800 4078 latrones
2841 4031 2895 4077 et
2931 4022 3193 4093 bustirapi
3217 4038 3307 4078 seu
3336 4024 3449 4078 vio-

1898 4117 2096 4170 latores
2127 4114 2493 4183 sepulcrorum
2532 4114 2821 4183 aliquando
2844 4127 2952 4168 non
3000 4114 3209 4170 timent.
3243 4113 3451 4181 Quibus

1898 4205 1952 4258 in
1979 4204 2112 4259 locis
2148 4203 2335 4258 terreri
2366 4203 2527 4269 soles,
2562 4203 2678 4258 bzec
2726 4203 3046 4274 intempesta
3100 4212 3258 4259 nocte
3301 4202 3452 4258 adire

1898 4294 1974 4347 nil
2002 4293 2289 4351 cuncteris.
2316 4292 2373 4357 Si
2398 4308 2524 4349 vero
2573 4294 2657 4349 his
2702 4294 2860 4366 273
2888 4293 3337 4349 terriculamentis
3367 4292 3451 4346 vel

1900 4381 2164 4437 medicum
2196 4382 2422 4437 cesseris
2442 4372 2492 4436 ét
2524 4383 2829 4451 indulseris,
2860 4384 3081 4454 puerilis
3119 4383 3207 4436 hic
3231 4392 3283 4435 et
3320 4381 3451 4435 ridi-

1902 4469 2056 4523 culus
2087 4468 2310 4525 aﬂ'ectus
2342 4478 2396 4523 et
2424 4479 2596 4526 metus
2616 4479 2790 4526 tecum
2819 4479 3182 4526 consenescet.
3215 4470 3350 4523 Cum
3384 4471 3452 4525 ad

1902 4562 2173 4616 horrentia
2206 4561 2293 4616 illa
2315 4561 2428 4615 loca
2455 4569 2506 4616 te
2531 4559 2763 4623 confers,
2790 4561 2911 4614 vide
2934 4561 3255 4629 utprecibus
3273 4576 3453 4616 arma-

1906 4663 1992 4708 tus
2007 4652 2314 4723 egrediaris.
2332 4651 2556 4716 Quando
2567 4665 2631 4705 eo
2647 4651 2973 4719 perveneris,
3008 4653 3184 4721 passis
3202 4653 3452 4707 manibus

266 4739 453 4817 ὦσπςρ
513 4743 633 4798 οὐδὲ
685 4745 882 4799 δειλίαν
915 4746 1129 4816 νικῆσαι
1157 4765 1172 4796 '.
1220 4748 1360 4802 κατὰ
1387 4751 1446 4803 τὸ
1481 4753 1674 4825 μέτρον
1705 4758 1799 4812 τοῦ

1908 4743 2192 4813 implorato
2213 4742 2430 4795 nomine
2456 4739 2581 4794 Jesu
2616 4739 2795 4796 hostes
2823 4742 2987 4797 caede.
3014 4743 3194 4814 Neque
3230 4744 3372 4798 enim
3394 4744 3452 4797 in

270 4830 497 4896 πένθους
543 4834 731 4888 θᾶττον
784 4836 1139 4910 ὑποχωρήσει,
1188 4838 1281 4891 καὶ
1308 4840 1444 4895 κατὰ
1470 4842 1568 4912 τὴν
1597 4846 1804 4903 ἐκείνου
1837 4872 1851 4892 ι

272 4921 504 4993 ἔλλειψιν
523 4923 683 4980 δειλοὶ
713 4926 1034 5000 διαμένομεν
1060 4945 1077 4960 ⁸
1112 4930 1399 4997 Ἔφριξάν
1419 4949 1538 4999 μου
1586 4937 1802 5006 τρίχες,

273 5015 369 5067 καί
437 5014 678 5084 σάρκες,
707 5019 736 5071 ό
777 5018 995 5087 Ἐλιφὰζ
1031 5019 1216 5090 ἔφησε,
1275 5021 1371 5091 τὴν
1410 5022 1503 5076 τοῦ
1560 5024 1805 5096 δαίμονος

274 5106 610 5178 παγουργίαν
644 5105 728 5176 διη
740 5098 1010 5178 γούμενος.
1040 5113 1171 5170 Ποτὲ
1205 5112 1301 5182 μὲν
1325 5114 1359 5182 ἠ
1400 5112 1571 5183 ψυχὴ,
1593 5117 1722 5169 ποτὲ
1748 5119 1806 5171 δὲ

272 5190 332 5241 τὺ
363 5192 517 5258 σῶμα
571 5194 969 5264 προεδειλίασε·
1005 5199 1098 5252 καὶ
1136 5198 1213 5269 τῷ
1254 5200 1424 5271 ἑτέρῳ
1454 5201 1545 5253 τοῦ
1601 5203 1806 5269 πάθους

275 5280 591 5346 μετέδωκεν.
649 5285 815 5339 Ὅταν
858 5288 958 5356 τῆς
990 5289 1188 5359 σαρκὸς
1218 5291 1593 5361 δειλανθείσης,
1630 5294 1687 5345 ὲν
1739 5297 1804 5365 τῇ

270 5368 416 5439 ψυχῇ
448 5372 479 5421 ό
508 5374 950 5447 φῶοςὸἄκαιρος
982 5381 1081 5433 οὐκ
1112 5382 1367 5448 είσέδυσε,
1400 5382 1620 5452 πλησίον
1640 5383 1674 5452 ἡ
1709 5384 1807 5452 τῆς

275 5458 429 5510 νόσου
458 5461 737 5535 ἀπαλλαγή
762 5483 779 5497 ·
828 5469 953 5523 ὅταν
995 5469 1052 5523 δὲ
1103 5470 1266 5534 ὅντως
1290 5471 1487 5535 δειλίας
1514 5470 1811 5540 ἠλευθερώ-

277 5547 469 5639 Θημεν,
499 5551 559 5603 οὐ
590 5554 766 5608 τόπων
818 5560 1003 5613 σκοτία
1032 5562 1136 5614 ’καὶ
1169 5562 1371 5633 ἐρημία
1427 5566 1654 5631 ἐνισχύει
1689 5561 1807 5614 καθ’

277 5638 433 5709 ἡμῶν
459 5639 583 5703 τοὺς
607 5641 885 5716 δαίμονας,
918 5650 1054 5703 ἀλλά
1079 5651 1252 5722 ψυχῆς
1280 5654 1522 5723 ἀκαρπία
1550 5666 1563 5681 ·
1593 5650 1704 5705 ἔστι
1752 5652 1807 5705 δὲ

351 5758 392 5789 ⁸⁸
416 5754 557 5821 Psal.
590 5774 628 5822 ι,
652 5758 707 5811 2.
814 5733 870 5793 ’³³
897 5761 996 5818 Job
1023 5780 1095 5831 tv,
1122 5766 1208 5820 15.

356 5874 432 5945 (a)
464 5873 661 5932 Desunt
691 5876 788 5932 tria
811 5886 901 5932 aut
932 5890 1157 5947 quatuor
1190 5884 1345 5938 verba
1378 5884 1586 5940 abrasa.

1908 4834 2046 4889 cmlo
2068 4846 2241 4901 neque
2286 4833 2344 4885 in
2400 4838 2543 4887 terra
2586 4841 2715 4887 sunt
2758 4834 3059 4903 potentiora
3117 4848 3289 4891 arma.
3348 4832 3453 4889 Ubi

1907 4924 2142 4980 evaseris
2170 4938 2235 4977 ex
2251 4923 2354 4977 hoc
2381 4922 2587 4987 morbo,
2607 4926 3156 4994 gratulareliberatori
3174 4934 3266 4978 tuo
3285 4922 3451 4978 victo-

1910 5018 2064 5080 riam,
2099 5014 2258 5069 lauda
2288 5015 2463 5079 illum,
2510 5026 2721 5086 gratum
2753 5017 2895 5073 enim
2930 5016 3190 5072 tutabitur
3218 5028 3449 5085 semper.

1909 5106 2367 5174 Quemadmodum
2398 5122 2503 5162 non
2530 5124 2638 5165 uno
2690 5117 2961 5164 momento
3006 5106 3244 5176 placabis
3268 5116 3322 5161 et
3363 5124 3455 5164 sa-

1909 5197 2114 5252 turabis
2142 5208 2400 5263 ventrem,
2444 5199 2514 5254 ita
2553 5214 2653 5254 nec
2701 5211 2948 5269 pavorem
2998 5197 3143 5250 hunc
3183 5198 3457 5269 extemplo

1910 5290 2083 5360 pellis,
2111 5287 2203 5344 sed
2235 5304 2335 5361 pro
2364 5291 2568 5345 ratione
2595 5290 2822 5344 etmodo
2837 5286 3007 5344 sancti
3030 5288 3207 5343 luctus
3227 5289 3457 5344 celerius

1911 5380 2149 5444 decedet,
2186 5389 2259 5442 et,
2285 5397 2380 5450 pro
2404 5382 2563 5436 modo
2599 5379 2837 5434 defectus
2881 5379 3023 5433 illius
3064 5380 3247 5449 pavidi
3268 5394 3452 5432 mane-

1910 5471 2107 5523 bimus.
2140 5467 2518 5524 Inhorruerunt
2538 5469 2632 5538 pili
2673 5478 2721 5521 et
2757 5483 2935 5522 carnes
2966 5484 3113 5533 metu,
3142 5468 3314 5537 inquit
3346 5465 3445 5517 Eli-

1908 5562 2066 5629 phaz,
2087 5559 2214 5615 dum
2237 5563 2364 5616 mali
2386 5559 2835 5617 dmmonis'malas
2852 5569 2995 5615 artes
3014 5558 3249 5615 ostendit
3263 5557 3332 5609 ⁸³.
3360 5552 3454 5608 Est

1908 5667 2030 5705 cum
2054 5652 2202 5719 prius
2232 5655 2431 5719 anima,
2467 5662 2550 5708 est
2574 5667 2698 5705 cum
2729 5666 2925 5721 corpus
2948 5652 3213 5722 trepidare
3245 5645 3450 5716 incipit,

1992 5892 2061 5953 (θ’)
2098 5888 2253 5943 ουυδῐ
2297 5903 2433 5941 υηυδ
2470 5901 2652 5941 \‘L‘l‘SUS
2688 5885 2929 5939 abusus.
