4030 6342
212 512 304 577 949
1138 508 1364 567 SCALA
1392 507 1763 566 PARADISI.
1793 529 1861 541 -
1889 507 2190 566 GRADUS
2213 507 2400 565 XXII.
3281 501 3382 560 9.30

213 625 520 698 ιιιιτρόπους
568 623 810 691 λέγουσιν
854 615 1010 676 εἶναι.
1060 619 1118 672 '0
1159 620 1216 672 δὲ
1263 620 1508 688 θεολόγος
1538 619 1742 690 Γρηγό-

1869 620 2030 686 ςιιινίιιε
2058 617 2364 687 'l‘heorogus
2406 627 2459 672 et
2504 617 2591 670 alii
2622 623 2821 684 septem
2866 613 3124 666 duntaxat
3183 610 3384 664 deseri-

207 730 332 785 ριος,
364 712 456 766 καὶ
485 711 660 781 ἐτεροι
719 709 860 762 ἑπτὰ
889 709 1046 763 πάλιν
1076 708 1294 768 τούτους
1325 707 1592 774 ἐξέδωκαν
1612 723 1626 737 ·
1659 702 1738 769 οἷς

1869 725 2036 778 isere,
2069 711 2136 764 ad
2168 724 2402 779 quorum
2429 707 2792 776 sententiam,
2829 719 3000 757 meam
3043 716 3256 771 quoque
3296 700 3374 752 ad-

160 803 370 915 ,Erzzri
399 802 629 915 Ἦ·
651 798 1293 915 ,ῖῑῖῖῗθξῖῖξιξητῑῖξῗῖεέῖεο
1328 799 1424 915 1‘5
1455 797 1562 915 ιάρ

1871 817 2029 871 ungo.
2061 800 2270 855 Etenim
2315 801 2438 869 quis
2473 814 2622 853 vana:
2681 794 2863 867 gloria)
2902 796 3072 848 victor
3127 791 3386 862 superbia'

1878 895 1914 915 :.
1974 887 2273 915 __s...-_:--.'o
2325 891 2579 915 νείκει-η...
2625 899 2798 915 -..μ-,μη
2854 889 2990 915 ξηια-
3045 901 3101 915 on
3153 894 3355 915 ισιηιιηιι

202 893 370 957 δοξίαν
399 892 629 962 νικήσας
651 889 1025 962 ὑπερηφανίαν
1049 888 1304 959 κέκτηται
1327 889 1402 958 (2)
1426 905 1442 954 ;
1465 889 1740 958 Τοσαύτην

203 982 255 1035 δέ
279 981 437 1052 μόνον
463 979 598 1051 πρὸς
619 979 852 1050 ἀλλήλας
869 978 969 1050 τήν
994 979 1252 1050 διαφοράν
1279 978 1590 1048 κέκτηνται,
1611 979 1742 1047 ὅσην

1869 895 1920 948 ιιι
1969 887 2273 948 obnoxius?
2325 891 2584 946 Diﬁ‘eruut
2624 899 2801 944 autem
2854 889 2990 942 inter
3045 901 3103 940 se
3153 883 3425 945 tantum,‘

1869 991 2105 1052 [uantum
2137 996 2270 1052 puer
2310 995 2341 1035 a
2374 981 2522 1047 viro,
2554 988 2608 1035 et
2639 979 2965 1032 frumentum
2995 991 3025 1028 a
3057 988 3212 1043 pane.
3245 973 3388 1026 Vana

572 997 598 1043 ;
619 979 852 1050 ἀλλήλας
869 979 969 1050 τὴν
994 979 1252 1050 διαφοράν
1279 979 1590 1048 κέκτηνται,
1611 979 1742 1047 ὅσην

1869 991 2105 1050 [uantum
2137 996 2270 1050 puer
2310 995 2341 1035 a
2374 981 2522 1047 viro,
2554 988 2608 1035 et
2639 979 2965 1032 frumentum
2995 991 3025 1028 a
3057 988 3212 1043 pane.
3246 979 3388 1026 Vana

204 982 255 1035 δέ
279 981 437 1052 μόνον
463 979 598 1051 πρὸς
619 979 852 1050 ἀλλήλας
869 978 969 1050 τήν
994 979 1252 1055 διαφοράν
1279 978 1590 1048 κέκτηνται,
1611 979 1742 1047 ὅσην

204 1072 313 1142 ἔχει
342 1075 410 1141 τῇ
441 1071 599 1142 φύσει
631 1073 660 1124 6
707 1073 834 1133 παῖς
867 1070 1017 1140 παρά
1057 1069 1148 1121 τὸν
1189 1068 1375 1140 ἄνδρα,
1423 1069 1515 1121 καὶ
1544 1070 1574 1121 6
1602 1070 1742 1129 σῖτος

1869 991 2105 1053 [uantum
2137 996 2270 1052 puer
2310 995 2341 1035 a
2374 981 2522 1047 viro,
2554 988 2608 1035 et
2639 979 2965 1032 frumentum
2995 991 3025 1028 a
3057 988 3212 1043 pane.
3245 973 3388 1026 Vana

1869 1073 2032 1144 gloria:
2091 1073 2355 1143 cupiditas
2422 1080 2507 1125 est
2558 1070 2771 1124 initium
2801 1109 2818 1134 ,
2869 1065 3117 1136 superbia
3168 1062 3291 1116 finis
3340 1072 3392 1114 et

205 1163 346 1232 παρά
388 1162 478 1216 τὸν
507 1164 698 1231 ἄρτον·
727 1159 867 1231 ἀρχὴ
901 1159 999 1228 μὲν
1027 1160 1135 1230 γὰρ
1180 1159 1242 1211 τὸ
1284 1159 1562 1229 πρότερον,
1592 1158 1742 1221 τέλος

1869 1166 2158 1221 ιιιεοιυιιιηι
2201 1160 2417 1218 vitium.
2456 1160 2642 1232 Itaque
2686 1162 2755 1216 de
2798 1159 2952 1214 initio
2999 1164 3053 1210 et
3089 1153 3196 1208 ﬁne
3233 1151 3393 1219 hujus

205 1252 260 1304 δὲ
286 1251 350 1304 τδ
383 1251 649 1320 δεύτερον.
682 1249 889 1302 Οὐκοῦν
915 1249 1043 1318 περὶ
1067 1249 1239 1320 ἀρχῆς
1267 1248 1360 1302 καὶ¹
1386 1246 1744 1318 πληρώματος

206 1341 387 1396 παθῶν
411 1341 513 1410 τῆς
540 1339 752 1395 ἀνοσίου
779 1339 1008 1412 οἰήσεως
1041 1339 1232 1409 καιροῦ
1277 1339 1598 1402 καλέσαντος
1644 1337 1742 1408 ('5),

191 1433 447 1515 Istat-rapat;
476 1431 768 1502 συντόμως.
819 1431 876 1484 Ὀ
901 1431 1008 1500 γὰρ
1035 1429 1124 1482 διά
1146 1431 1353 1499 μήκους
1379 1429 1505 1498 περὶ
1544 1428 1746 1482 τούτων

205 1521 504 1589 φιλοσοφεῖν
532 1518 841 1591 ἐπιχειρῶν,
886 1519 1213 1590 ὅμοώςηέστι
1252 1519 1330 1589 τῷ
1363 1520 1488 1590 περὶ
1533 1519 1746 1589 ἀνέμων

207 1613 441 1684 σταθμοῦ
504 1612 1035 1684 πολυπραγμονοῦντι
1066 1612 1230 1680 εἰκῆ.
1294 1609 1579 1684 μενοδοξία
1631 1597 1756 1664 ἐστί’

209 1677 353 1757 κατὰ.
390 1702 489 1773 μὲν
515 1702 574 1755 τὸ
599 1677 738 1764 εἶδος
762 1677 989 1771 *φύσεως
1015 1677 1311 1769 ἐναλλαγὴξ
1333 1699 1426 1751 καὶ
1458 1699 1605 1768 ὴθῶν
1631 1699 1747 1752 δια-

188 1791 432 1864 ξστροφὴ,
479 1792 572 1845 καὶ
622 1792 998 1862 παρατήρησις
1036 1789 1324 1860 μέμψεως·
1373 1787 1514 1842 κατά
1553 1788 1610 1842 δὲ
1651 1789 1748 1858 τὴν

188 1879 495 1967 ξποιότητα,
547 1883 805 1953 καμάτων
860 1881 1308 1952 σκορπιστήριον,
1359 1878 1595 1950 ἱδρώτων
1641 1880 1748 1934 άπ-

1851 1253 1999 1326 impii
2029 1254 2202 1311 fastus
2222 1264 2276 1310 et
2308 1253 2536 1308 tumoris
2570 1253 2690 1306 loco
2714 1251 2826 1320 jam
2857 1249 2909 1304 id
2940 1247 3181 1316 exigente
3205 1241 3393 1312 paucis

1850 1346 2091 1400 dicemus
2127 1362 2142 1398 :
2188 1358 2313 1398 nam
2359 1344 2452 1412 qui
2500 1341 2680 1395 omnia
2720 1342 2789 1394 de
2833 1339 2918 1393 his
2958 1335 3101 1390 vitiis
3147 1331 3393 1401 persequi

1851 1438 2010 1502 volet,
2037 1435 2261 1505 perinde
2284 1433 2454 1488 faciet
2484 1442 2643 1501 atque
2675 1431 2722 1486 is
2750 1429 2845 1500 qui
2878 1439 3158 1482 ventorum
3190 1425 3394 1505 pondus

1853 1500 2209 1598 nequid—quam
2241 1525 2484 1594 inquirit.
2514 1500 2658 1577 vana
2699 1519 2866 1592 gloria
2891 1560 2906 1584 ,
2953 1520 2999 1573 si
3041 1517 3270 1571 formam
3300 1500 3391 1569 seu

1852 1618 2086 1691 speciem
2129 1631 2340 1687 quaeras
2364 1653 2378 1679 ,
2424 1623 2510 1670 est
2561 1622 2765 1668 natura:
2793 1609 3117 1681 permutatio
3138 1651 3153 1673 ,
3186 1622 3392 1661 morum

1855 1708 2176 1779 perversitas
2197 1746 2213 1772 ,
2243 1715 2298 1760 et
2324 1705 2613 1760 declinatio
2641 1699 3103 1774 reprehensionis;
3143 1698 3189 1752 si
3219 1697 3394 1765 quali-

1854 1811 2015 1858 tatem
2039 1842 2056 1868 ,
2088 1800 2331 1855 laborum
2363 1804 2446 1851 est
2483 1796 2765 1865 dissipatio
2788 1835 2804 1860 ,
2839 1793 3094 1847 sudorum
3129 1788 3358 1858 perditio
3381 1827 3396 1848 .

1853 1890 2096 1948 thesauri
2146 1887 2489 1953 insidiatrix,
2533 1885 2862 1940 infidelitatis
2908 1881 3158 1946 soboles,
3211 1879 3396 1931 nuntia

188 1960 387 2054 :dtkta,
425 1973 694 2045 θησαυροῦ
718 1972 994 2044 ἐπιϐουλὴ,
1028 1972 1280 2035 ἀπιστίας
1319 1966 1555 2040 ἔκγονος,
1584 1970 1749 2040 ὑπερ-

1869 1983 2155 2051 superbiae,
2185 1981 2240 2034 in
2269 1987 2427 2048 portu
2459 1975 2800 2046 naufragium
2827 2014 2842 2040 ,
2893 1975 2943 2025 in
2990 1987 3110 2025 arca
3148 1969 3395 2034 formica,

186 2061 438 2170 ³ηφανίαξ
485 2061 812 2170 πρόδρρμοςὲ
859 2062 919 2169 ἐν
971 2061 1148 2130 λιμένι
1196 2059 1467 2170 ναυάγιον,
1498 2061 1556 2112 ἐν
1587 2059 1752 2113 ἀλωνι

1869 2088 2019 2140 parva
2044 2072 2258 2141 quidem
2288 2069 2538 2133 bestiola,
2565 2065 2658 2121 sed
2684 2079 2804 2134 qua:
2823 2063 3076 2118 omnibus
3131 2059 3398 2114 laboribus

187 2145 453 2262 ἓμύρμηξ,
493 2150 703 2254 ’λεπτὸς
744 2151 842 2220 μὲν
891 2151 1170 2221 ὑπάρχων,
1221 2145 1382 2203 παντὶ
1425 2149 1483 2232 δέ
1528 2149 1756 2219 καμάτῳ

1869 2173 1906 2217 :t
1956 2161 2200 2230 frugibus
2255 2158 2420 2227 276
2470 2155 2774 2210 insidiatur.
2838 2155 3123 2220 Exspectat
3177 2148 3399 2202 formica

188 2243 308 2309 ἶκαὶ
333 2241 530 2313 καρπῷ
563 2241 950 2296 ἐπιϐουλεύων·
985 2242 1240 2312 ἀναμένει
1272 2239 1492 2312 μύρμηξ
1516 2240 1759 2310 τελεαθῆ.

1869 2256 1981 2308 ium
2021 2251 2214 2307 messis
2248 2249 2530 2318 colligatur
2552 2288 2566 2313 ,
2598 2260 2735 2298 vana
2770 2243 2942 2312 gloria
2973 2242 3101 2294 dum
3143 2239 3398 2292 virtutum

211 2351 297 2388 ναι
325 2334 420 2386 τὸν
453 2335 616 2397 σῖτον,
646 2333 742 2386 καὶ
783 2332 1052 2398 κενοδοξία
1090 2331 1416 2402 συναχθῆναι
1462 2332 1552 2384 τὸν
1593 2329 1756 2384 πλοῦ-

1869 2359 1986 2414 apes
2027 2348 2452 2411 comparentur:
2487 2337 2593 2400 illa
2634 2345 2693 2389 ut
2740 2349 2905 2402 grana
2951 2330 3245 2393 subducat,
3291 2329 3402 2380 haec

188 2419 321 2500 ιτὸν.
367 2423 424 2476 Ὀ
463 2422 562 2492 μέν
589 2422 696 2492 γάρ
737 2421 914 2492 χαίρει
957 2423 1043 2474 ἵνα
1075 2421 1262 2492 κλέψῃ,
1299 2424 1333 2492 ή
1377 2421 1433 2473 δὲ
1478 2421 1563 2474 ἵνα
1599 2437 1760 2491 σκορο

1869 2446 1919 2492 ιιι
1947 2436 2174 2489 virtutes
2209 2432 2452 2500 dissipet.
2495 2426 2729 2496 Spiritus
2757 2420 3150 2493 desperationis
3173 2420 3364 2487 gaudet
3389 2460 3401 2480 ,

187 2492 380 2584 ἶπες-ῃ·
411 2509 626 2582 πνεῦμα
664 2511 1021 2580 ἀπογνώσεως
1059 2512 1235 2582 χαίρει
1271 2510 1517 2583 θεωροῦν,
1553 2511 1758 2582 πληθυ-

213 2605 444 2674 νομένην
473 2603 686 2658 κακίαν·
709 2602 922 2674 πνεῦμα
944 2603 1000 2656 δὲ
1031 2604 1331 2670 κενοδοξίας
1358 2603 1761 2674 πληθύνομένην

211 2693 440 2778 ἀρετήν·
503 2691 642 2763 θύρα
687 2692 794 2764 γάρ
857 2691 951 2745 τοῦ
1020 2692 1282 2762 προτέρου
1319 2693 1386 2746 τὰ
1431 2693 1607 2762 πλήθη
1654 2693 1761 2746 τῶν

212 2782 567 2852 τραυμάτων·
596 2781 688 2834 τοῦ
720 2782 777 2836 δέ
806 2781 1079 2853 δευτέρου,
1105 2786 1135 2837 6
1164 2781 1388 2844 πλοῦτος
1433 2781 1540 2834 τῶν
1583 2782 1761 2846 καμά-

213 2886 342 2925 των.
387 2869 665 2945 Ἐπιτήρει
701 2869 801 2935 (4),
849 2871 943 2924 καὶ
990 2871 1152 2941 μέχρι
1202 2872 1478 2942 μνήματος
1519 2869 1618 2940 τὴν
1665 2872 1758 2924 ἀν-

213 2961 368 3015 οσίαν
408 2959 670 3015 ἀνθοῦσαν
712 2959 981 3032 εὑρήσεις,
1014 2962 1074 3013 ἐν
1108 2961 1362 3031 ἱματίοις,
1402 2962 1494 3014 καὶ
1549 2960 1758 3031 μύροις,

216 3054 308 3104 καὶ
354 3052 673 3123 προπομπῇ,
715 3051 810 3104 καὶ
858 3049 1134 3122 ἀρώμασι,
1185 3051 1280 3104 καὶ
1321 3051 1546 3122 ἑτέροις.
1593 3052 1764 3104 Πᾶσιν

214 3142 462 3210 ἀφθόνως
489 3143 691 3212 λάμπει
734 3145 762 3195 6
806 3141 976 3212 ἥλιος,
1008 3143 1102 3195 καὶ
1148 3145 1310 3196 πᾶσιν
1350 3141 1765 3213 ἐπιτηδεύμασιν

1860 2542 1982 2582 cum
2024 2525 2360 2578 innumeram
2403 2520 2511 2573 vim
2563 2517 2826 2573 scelerum
2874 2511 3286 2567 commissorum
3326 2508 3406 2560 in-

1862 2625 2082 2681 tuetur;
2129 2614 2352 2683 spiritus
2389 2609 2546 2664 νοηιὲ
2588 2607 2770 2679 glorize
2798 2604 3094 2672 triumphat
3131 2618 3252 2657 cum
3293 2615 3408 2653 ina-

1859 2721 2020 2776 gnum
2074 2705 2336 2758 virtutum
2377 2702 2688 2754 thesaurum
2732 2695 3160 2763 contemplatur;
3189 2695 3410 2760 januam

1859 2794 2216 2867 desperationi
2293 2791 2466 2862 aperit
2537 2789 2820 2842 vulnerum
2879 2783 3202 2846 multitudo;
3263 2798 3411 2835 Val‘lit:

1861 2891 2064 2963 gloriae,
2101 2887 2356 2942 collectus
2384 2900 2448 2939 ex
2491 2882 2765 2937 laboribus
2806 2878 3064 2932 virtutum
3105 2875 3410 2928 thesaurus.

1861 2985 2101 3043 Observa
2149 2992 2204 3038 et
2251 2978 2611 3051 deprehendes
2671 2978 2807 3030 hanc
2852 2983 3058 3043 pestem
3113 2984 3284 3038 usque
3339 2969 3408 3022 ad

1865 3079 2172 3150 sepulcrum
2204 3084 2258 3131 et
2292 3076 2503 3129 cineres
2533 3072 2664 3126 ﬂore
2695 3067 2929 3123 vestium
2949 3108 2964 3131 ,
2996 3071 3414 3133 unguentorum,

1866 3173 2205 3227 aromatum,
2234 3162 2439 3214 honore
2480 3170 2838 3226 pomparum,
2878 3163 2931 3206 et
2961 3151 3190 3204 aliarum
3238 3163 3416 3201 rerum

217 3234 488 3338 Exfxaipu
520 3232 789 3298 κενοδοξία
816 3233 929 3303 (5)·
961 3227 1075 3285 οἷόν
1099 3251 1153 3286 τι
1185 3234 1344 3301 λέγω,
1374 3231 1644 3302 νηστεύων
1673 3249 1765 3284 κε-

1869 3252 2139 3309 delectari.
2191 3249 2284 3302 Sol
2334 3247 2537 3301 affatim
2585 3243 2768 3298 omnia
2816 3242 2936 3294 luce
2976 3254 3073 3292 sua
3116 3236 3416 3306 perfundit,

214 3292 428 3387 vagit}!
440 3323 539 3394 (6),
572 3323 663 3376 καὶ
688 3292 967 3377 καταλύων
997 3324 1088 3376 ἵνα
1117 3323 1192 3393 μὴ
1233 3292 1478 3388 γνωσθῶ,
1517 3324 1591 3384 ὼς
1636 3323 1765 3392 φρό-

1869 3352 1920 3397 et
1946 3355 2083 3394 vana
2125 3339 2296 3410 gloria
2335 3331 2586 3401 omnibus
2625 3323 2888 3386 virts—tum
2939 3327 3133 3382 studiis
3183 3326 3412 3394 gaudet:

215 3431 374 3483 νιμος
437 3413 596 3469 πάλιν
652 3412 929 3478 κενοδοξῶ.
989 3413 1227 3482 Λαμπρά
1289 3411 1764 3482 περιϐεϐλημένος,

217 3505 469 3576 ἡττῶμαι
495 3505 687 3576 ταύτῃ,
723 3507 815 3560 καὶ
861 3506 1052 3575 εὐτελῆ
1081 3505 1439 3571 ἐξαλλάσσων,
1469 3505 1627 3559 πάλιν
1672 3484 1773 3558 κεέ

217 3591 418 3655 νοδοξῶ
436 3607 450 3620 ·
475 3591 644 3646 λαλῶν
664 3593 932 3664 ἡττῶμαι,
963 3595 1056 3646 καὶ
1083 3595 1298 3648 σιωπῶν
1327 3594 1484 3650 πάλιν
1512 3594 1766 3665 ἡττήθην.

229 3683 318 3747 Ὦς
361 3684 430 3738 ἂν
466 3684 626 3754 ῥίψῃς
669 3683 870 3755 ταύτην
908 3684 1006 3754 τὴν
1056 3684 1318 3754 τρίσολον,
1349 3685 1504 3756 ὀρθὸν
1547 3686 1608 3738 τὸ
1651 3686 1772 3738 κέν-

215 3788 348 3842 τρον
376 3775 612 3828 ⁴ιῖσταται.
644 3771 931 3836 Κενόδοξός
975 3773 1122 3824 ἐστιν
1151 3772 1536 3845 εἰδωλολάτρης
1564 3763 1769 3841 πιστὸς,

217 3859 355 3914 Θεὸν
387 3861 486 3928 μὲν
512 3860 589 3930 τῷ
614 3861 790 3915 δοκεῖν
819 3860 1124 3930 σεϐόμενος,
1154 3861 1454 3931 ἀνθρώποις
1480 3865 1559 3928 δὲ,
1587 3865 1682 3916 καὶ
1712 3865 1770 3916 οὐ

220 3947 367 4018 Θεῷ,
415 3948 667 4018 ἀρέσκειν
702 3948 1038 4020 βουλόμενος.
1089 3949 1376 4014 Κενόδοξός
1405 3952 1519 4003 ἐστι
1547 3955 1655 4014 πᾶς
1685 3970 1774 4019 φι-

222 4037 539 4109 λενδείκτης
595 4037 706 4108 (7)·
777 4039 1050 4103 κενοδόξου
1099 4040 1318 4110 νηστεία
1374 4040 1630 4110 ἄμισθος,
1683 4044 1775 4095 καὶ

165 4170 169 4174 -
220 4127 504 4199 προσευχὴ
571 4128 794 4199 ἄκαιρος
816 4144 830 4158 ·
883 4127 949 4180 δι’
980 4129 1197 4184 ἔπαινον
1220 4131 1324 4200 γὰρ
1351 4129 1646 4201 ἀνθρώπων
1672 4132 1775 4199 ἀμο

222 4221 433 4291 φότερα
460 4220 778 4291 ἐργάζεται·
800 4218 1084 4285 ’κενόδοξος
1117 4222 1356 4294 ἀσκητὴς
1396 4221 1660 4276 ἀδικεῖται
1700 4222 1774 4275 δι-

221 4309 410 4372 πλῶς⁶
463 4308 556 4362 καὶ
614 4308 675 4360 τὸ
723 4307 881 4378 σῶμα
927 4311 1268 4381 κατατήκων,
1319 4311 1416 4364 καὶ
1469 4311 1654 4380 μισθὸν
1703 4312 1776 4382 μὴ

221 4396 551 4468 λαμεάνων·
593 4395 676 4459 τίς
704 4395 781 4466 μὴ
822 4393 1022 4468 γελάσῃ
1047 4398 1138 4450 τὸν
1165 4399 1263 4468 τῆς
1289 4396 1584 4462 κενοδοξίας
1615 4400 1777 4469 ἐργά-

220 4504 349 4558 την,
373 4489 436 4542 ἐν
479 4489 598 4551 ταῖς
626 4486 961 4557 ψαλμῳδίαις
995 4488 1296 4556 ίστάμενον,
1327 4490 1420 4541 καὶ
1446 4489 1549 4541 ὑπὸ
1579 4489 1780 4560 ταύτης

1866 3446 2016 3495 ουιιι,
2047 3430 2289 3499 inquam,
2324 3425 2548 3496 jcjuniis
2581 3437 2797 3491 Operam
2832 3419 2919 3484 do,
2956 3431 3091 3470 vana
3120 3416 3287 3484 gloria
3337 3417 3419 3468 in--

1869 3533 2108 3579 tumesco
2143 3539 2157 3574 :
2199 3534 2320 3575 eum
2343 3515 2547 3587 jejunia
2579 3513 2777 3568 latendi
2805 3524 2972 3564 causa
3005 3507 3177 3571 solvo,
3208 3514 3261 3559 ιιι
3292 3520 3389 3573 pro

1868 3618 2001 3672 deus
2027 3613 2240 3669 efferor.
2267 3610 2402 3666 Cum
2435 3605 2746 3677 splendidus
2772 3601 2984 3664 incedo,
3014 3599 3082 3653 ab
3114 3598 3215 3652 hac
3249 3598 3424 3650 vietus

1871 3707 2117 3770 discedo;
2159 3718 2282 3757 cum
2313 3713 2503 3755 rursus
2533 3696 2709 3751 viliori
2746 3700 3019 3764 permoto,
3054 3690 3249 3750 iterum
3285 3702 3424 3739 vana

1873 3799 2041 3870 gloria
2075 3794 2325 3851 cxtollor.
2373 3787 2600 3856 Quando
2645 3787 2834 3851 loquor
2860 3824 2874 3846 ,
2929 3781 3054 3833 huic
3095 3777 3420 3841 succumbo,

1872 3867 2089 3959 quando
2147 3895 2298 3939 taceo
2350 3892 2567 3935 rursum
2621 3875 2808 3926 vincor
2860 3889 2872 3923 :
2936 3867 3426 3938 quomodoeunque

1875 3980 2109 4034 murices
2135 3978 2252 4044 _hos
2283 3968 2575 4040 abieceris,
2607 3962 2804 4034 jcceris
2831 4001 2846 4025 ,
2881 3959 3174 4030 sparseris,
3216 3971 3426 4023 semper

1873 4069 2070 4126 erectis
2106 4063 2457 4122 mucronibus
2504 4057 2738 4112 stabunt.
2787 4051 2951 4106 Vana:
2992 4050 3177 4118 gloria:
3218 4047 3423 4100 manci-

1875 4162 2024 4232 pium
2069 4165 2154 4214 est
2193 4153 2497 4210 idololatria
2528 4148 2872 4204 Christianus
2898 4183 2913 4206 ,
2965 4141 3057 4209 qui
3099 4141 3153 4191 in
3194 4138 3424 4207 speciem

1876 4228 2092 4324 quidem
2123 4249 2294 4304 Deum
2324 4246 2470 4308 colit,
2514 4240 2719 4296 homini
2749 4245 2928 4292 autem
2957 4233 3167 4301 placere
3199 4228 3379 4284 studet
3412 4245 3424 4279 :

1875 4360 2028 4400 vana:
2063 4343 2246 4413 gloriae
2281 4347 2502 4393 venator
2531 4332 2708 4389 omnis
2751 4338 2835 4383 est
2862 4326 2946 4381 sui
2981 4331 3298 4378 ostentator.
3336 4319 3427 4372 «1ο-

1876 4438 2086 4508 junium
2112 4434 2230 4502 ejus
2251 4431 2345 4499 qui
2371 4441 2562 4482 vanam
2604 4419 2831 4491 gloriam
2872 4423 3198 4484 aucupatur,
3232 4412 3428 4466 nullam

1882 4506 2042 4583 habet
2091 4522 2414 4580 mercedem.
2459 4515 2651 4570 Preces
2689 4511 2832 4563 illius
2881 4509 3103 4576 ingratae
3145 4516 3199 4559 et
3243 4506 3454 4557 intem-1

224 4577 588 4646 κινούμενονς
635 4577 769 4631 [lore
813 4576 911 4643 μὲν
950 4576 1136 4646 γελᾷν,
1168 4576 1298 4628 ποτὲ
1332 4576 1391 4628 δὲ
1426 4579 1519 4630 ἐπὶ
1567 4578 1766 4630 πάντα»

224 4666 445 4689 -Λ-ι--..
470 4667 863 4689 ---....-----ι.ν--
904 4665 1143 4689 π,.ε----
1175 4664 1375 4689 πλη--
1405 4665 1461 4689 ιε
1489 4665 1760 4689 λ,.ο..κ--,··.-

1885 4618 2101 4689 ρεειὶνεε
2128 4621 2274 4676 sunt,
2303 4618 2589 4672 utrumque
2622 4601 2764 4655 enim
2813 4607 3030 4668 propter
3063 4596 3272 4649 laudem
3313 4591 3443 4642 facit

222 4666 445 4720 κλαίειν
469 4667 887 4735 παρασκευάζει.
904 4665 1148 4735 Κρύπτει
1175 4664 1375 4734 Κύριος
1403 4665 1464 4728 ἐξ
1488 4665 1779 4736 ὀφθαλμῶν

221 4757 393 4829 ήμῶν
428 4755 701 4822 πολλάκις,
736 4758 830 4811 καὶ
859 4757 1000 4829 ἅπερ
1044 4755 1355 4828 κεκτήμεθα
1399 4754 1559 4827 καλάς.
1617 4755 1781 4829 Ἀνὴρ

221 4851 284 4905 δὲ
319 4848 638 4917 ἐπαινέτης,
671 4847 869 4916 μᾶλλον
914 4848 970 4902 ὣ
1002 4846 1294 4916 πλανήτης,
1323 4843 1410 4897 διὰ
1445 4842 1538 4896 τοῦ
1561 4843 1778 4897 ἐπαίνου

223 4941 358 5004 τοὺς
395 4936 707 5007 ὀφθαλμοὺς
725 4937 882 5006 ήμῶν
912 4937 1131 5019 ἀνέῳξε.
1161 4935 1373 4990 Τούτων
1391 4933 1444 4986 δὲ
1461 4933 1781 5000 ἀνοιγὲντων

224 5029 480 5099 dmino;
506 5029 536 5081 6
580 5025 804 5088 πλοῦτος
841 5027 1054 5112 ἐγένετο
1095 5028 1185 5096 ἀφ’
1221 5024 1405 5096 ἡμῶν·
1456 5023 1781 5094 κολακευτής

226 5122 350 5173 ἐστι
418 5117 688 5188 δαιμόνων
728 5106 969 5180 διάκῖινος
998 5106 1100 5186 ’(8),
1149 5113 1516 5185 ὑπερηφανίας
1566 5130 1789 5184 χειραγ-

225 5209 404 5277 ωγδς,
441 5205 777 5272 κατανύξεως
807 5205 1206 5278 ἐξολοθρευτὴς,
1249 5205 1424 5259 καλῶν
1474 5205 1789 5276 ἀφανιστὴς,

1885 4683 2187 4777 religiosus.
2219 4701 2381 4755 Vana:
2411 4695 2592 4766 gloria:
2625 4706 2821 4760 auceps
2850 4689 3049 4758 duplici
3095 4683 3437 4740 incoimuodo

1886 4774 2186 4855 mactatur,
2219 4785 2363 4857 quod
2418 4781 2574 4850 277
2631 4789 2686 4832 ct
2717 4793 2916 4846 corpus
2957 4774 3186 4844 afﬂigat,
3217 4779 3270 4822 et
3306 4782 3440 4835 pra:—

1885 4888 2055 4942 mium
2084 4881 2206 4936 inde
2240 4876 2442 4930 nullum
2473 4870 2747 4940 percipiat.
2772 4868 2908 4933 Quis
2942 4881 3046 4920 non
3085 4876 3232 4916 vanae
3262 4858 3444 4927 gloriae

1887 4982 2215 5046 captatorem
2249 4964 2525 5027 derideat,
2564 4976 2725 5036 quem
2769 4961 2824 5013 in
2863 4957 3107 5026 precibus
3143 4956 3445 5010 versantem

1893 5087 2028 5133 vana
2059 5071 2228 5142 gloria
2269 5081 2411 5122 nunc
2455 5065 2523 5119 ad
2573 5067 2740 5119 risum
2765 5101 2780 5126 ,
2819 5073 2962 5114 nunc
3005 5055 3068 5108 ad
3094 5054 3359 5119 Iacrymas
3391 5049 3446 5101 in

1894 5171 2136 5230 Omnium
2177 5165 2685 5233 conspectu‘movet
2727 5165 2781 5209 et
2824 5152 3052 5208 incitat?
3095 5144 3277 5199 Bonus
3308 5141 3449 5195 Deus

228 5250 446 5363 πλάνος
474 5298 593 5353 ὀδοῦ
610 5250 701 5353 ’ὀί
719 5250 827 5368 τάρ
841 5250 1268 5366 ὶακὶρίζοάτῖες
1294 5294 1465 5367 ὑμᾶς,

1898 5275 2126 5334 subinde
2152 5273 2381 5326 virtutes
2407 5281 2543 5335 quas
2569 5259 2930 5334 possidemus,
2960 5250 3243 5306 abscondit
3283 5263 3314 5300 a
3354 5259 3448 5299 no-

2498 5366 2506 5368 “
2649 5361 2663 5368 ⁸
2805 5367 2811 5368 ν
2954 5352 2968 5368 ¹
3099 5367 3122 5368 η
3142 5364 3159 5368 ι
3176 5366 3192 5368 Α
3227 5347 3402 5368 Ι---Διιι

227 5387 420 5459 ὑμᾶς,
453 5390 616 5457 φησιν
639 5391 670 5442 6
701 5386 1001 5459 προφήτης.

1901 5381 2020 5444 his;
2050 5375 2296 5430 laudator
2325 5379 2476 5431 vero,
2496 5366 2605 5418 imo
2632 5361 2901 5428 deceptor,
2937 5352 3066 5407 dum
3097 5364 3197 5404 nos
3227 5347 3407 5400 laudat
3426 5379 3440 5401 .

232 5435 420 5459 'r")r
459 5435 609 5457 ττι-’ν
643 5435 667 5442 ν
708 5435 1001 5459 ’τι-’ῐ-ιηιν-
1904 5435 1923 5436 η
2007 5435 2018 5444 ι

225 5478 434 5534 oculos
457 5477 648 5546 aperit.
673 5477 770 5534 His
791 5492 949 5548 porro
975 5477 1189 5544 apertis,
1223 5478 1512 5531 thesaurus
1531 5475 1786 5532 virtutum
1827 5473 2068 5532 omnium
2148 5462 2441 5538 evanescit.
2510 5455 2770 5511 Adulator
2815 5456 2898 5502 est
2940 5444 3182 5498 minister
3216 5435 3408 5495 diaboli
3430 5449 3445 5473 ν

229 5578 290 5626 οι
319 5569 526 5635 doc”!
577 5529 878 5637 superbi-63.
947 5566 1184 5638 perditor
1231 5565 1693 5636 compunctiouis,
1721 5567 2027 5636 :exstinctor
2084 5536 2375 5620 virtutum,
2429 5545 2631 5606 erroris
2654 5542 2795 5604 dux,
2824 5535 2928 5602 Qui
2959 5535 3092 5590 cnim
3128 5547 3212 5586 vos
3276 5529 3445 5580 beatos

231 5659 539 5731 pradicant
558 5694 575 5722 ,
601 5657 862 5726 decipiunt
893 5672 978 5712 ros
999 5655 1043 5688 ⁸³
1063 5695 1077 5720 ,
1112 5655 1287 5725 inquit
1311 5656 1590 5726 propheta.

311 5859 496 5916 "lsa.
538 5867 622 5923 ιιι,
653 5853 733 5908 12.
767 5846 773 5852 ’
