4030 6342
635 477 724 538 951
1873 479 1931 537 S.
1956 478 2270 539 JOANNIS
2291 474 2604 545 ICIJMACI

705 591 912 645 Escelsi
962 589 1179 659 quidem
1228 590 1394 643 animi
1443 601 1526 643 est
1570 603 1834 658 generoso
1885 599 2100 659 pectore
2141 602 2194 644 et
2221 598 2271 655 Α

633 693 880 751 prompto
913 682 1099 736 animo
1127 682 1353 750 injurias
1395 693 1450 736 et
1492 682 1849 736 contumelias
1880 681 2107 738 sull‘erre
2143 692 2198 737 et

634 772 960 842 decoquere;
1006 771 1104 829 sed
1164 773 1307 826 nulla
1366 773 1488 841 capi
1545 772 1720 827 laudis
1777 771 2064 828 dulcedine
2115 781 2198 828 est

633 865 786 930 plane
812 863 908 916 viri
946 861 1180 932 religiosi
1207 858 1604 915 etsancti.Vidi
1637 876 1736 929 ego
1768 851 2033 929 lugentes,
2068 861 2196 916 dum

633 955 979 1008 laudarentur
1000 994 1016 1019 ,
1061 953 1139 1007 ira
1169 952 1393 1007 accendi
1419 993 1433 1016 ,
1471 961 1525 1005 et
1558 953 1701 1006 velut
1735 953 1787 1006 in
1817 953 2030 1022 publica
2061 968 2194 1008 con-

632 1046 1086 1101 Lioue‘alIcctum
1147 1044 1339 1098 all‘ectu
1395 1053 1751 1114 commutare.
1822 1044 1990 1098 Nemo
2058 1046 2196 1099 novit

631 1140 754 1205 quid
799 1139 866 1190 sit
915 1138 966 1190 in
1009 1139 1218 1191 nomine
1246 1137 1348 1190 nisi
1377 1137 1595 1204 spiritus
1625 1137 1848 1189 hominis
1872 1135 1939 1188 ⁸⁸.
1985 1135 2196 1191 Erube-

631 1239 785 1282 scant
825 1244 954 1299 ergo
1003 1241 1057 1283 et
1095 1229 1509 1291 obmutescam,
1559 1229 1651 1297 qui
1692 1244 1789 1282 nos
1818 1229 1872 1281 in
1904 1243 1966 1283 os
1997 1228 2196 1281 audent

631 1320 850 1373 laudare
892 1327 947 1374 et
985 1320 1172 1374 beatos
1213 1320 1527 1389 praedicare.
1570 1319 1800 1385 Quando
1835 1329 1888 1374 te
1923 1319 2193 1389 quispiam

630 1424 695 1461 ex
746 1409 1010 1477 proximis
1043 1409 1124 1463 vel
1170 1410 1361 1464 amicis
1390 1410 1552 1464 etiam
1589 1425 1685 1463 seu
1729 1420 2046 1478 przescntem
2096 1423 2192 1482 seu

631 1501 906 1554 absentem
958 1501 1320 1555 calumniatus
1371 1499 1564 1564 fuerit,
1618 1499 1759 1554 hunc
1807 1510 1864 1554 tu
1921 1500 2193 1554 laudando

631 1607 812 1645 amore
864 1600 914 1644 te
958 1592 1211 1662 prosequi
1255 1592 1498 1646 ostende.
1542 1590 1636 1645 Est
1682 1606 1788 1645 non
1829 1583 2022 1661 exigua
2071 1592 2191 1647 laus

634 1679 895 1733 humanas
926 1678 1109 1732 laudes
1141 1679 1210 1732 ab
1246 1679 1428 1732 anima
1459 1692 1686 1747 prorsus
1717 1667 2004 1735 excludere
2039 1701 2052 1735 :
2093 1680 2190 1736 sed

632 1767 798 1821 multo
845 1769 1165 1825 laudabilius
1198 1779 1283 1824 est
1319 1771 1510 1825 laudes
1547 1771 1854 1825 daemonum
1892 1774 2184 1828 exsecrari.

631 1861 744 1915 Non
804 1863 889 1916 ille
934 1878 1088 1918 suam
1146 1863 1279 1917 mibi
1340 1865 1700 1919 humilitatem
1757 1865 2043 1934 probarit,
2095 1868 2187 1936 qui

629 1955 868 2023 seipsum
919 1956 1083 2010 verbo
1131 1957 1515 2027 parvipendit,
1570 1964 1664 2010 aut
1717 1957 1875 2011 v'ilem
1937 1958 2194 2027 praedicat

629 2050 788 2116 (quis
823 2052 964 2102 enim
1007 2059 1100 2103 aut
1143 2050 1420 2119 quomodo
1449 2050 1686 2119 seipsum
1739 2067 1844 2105 non
1873 2050 2068 2120 ferat),
2102 2051 2194 2106 sed

627 2139 715 2192 ille
743 2141 833 2206 qui
871 2141 939 2194 ab
979 2141 1086 2196 alio
1127 2141 1344 2209 probris
1388 2141 1732 2210 exagitatus,
1780 2156 2021 2195 amorem
2067 2156 2193 2211 erga

624 2228 1044 2296 cxprobrantem
1093 2228 1268 2298 278
1323 2243 1429 2282 non
1484 2229 1779 2286 imminuit.
1829 2229 2195 2284 Animadverti

624 2318 872 2384 spiritum
921 2332 1072 2371 vanrc
1121 2318 1306 2388 gloria:
1355 2317 1710 2388 cogitationes
1741 2319 2000 2387 quasdam
2041 2318 2196 2374 fratri

623 2408 835 2462 cuidam
879 2408 1216 2478 suggessisse
1240 2450 1255 2474 ,
1291 2423 1431 2476 quas
1463 2409 1616 2462 alteri
1645 2425 1864 2479 quoque
1896 2411 2151 2466 revelavit
2175 2450 2191 2478 ,

620 2487 906 2566 i‘ﬂecitque
940 2508 998 2550 ut
1042 2497 1090 2552 is
1135 2497 1306 2566 priori
1349 2498 1424 2551 illi
1469 2514 1668 2553 arcana
1707 2500 1892 2554 cordis
1931 2501 2015 2555 sui
2059 2516 2195 2570 pan-

625 2589 813 2648 deret,
857 2600 1017 2657 atque
1063 2588 1136 2642 ita
1185 2590 1540 2658 posteriorem
1573 2591 1829 2661 deinceps
1862 2601 1920 2646 ut
1949 2581 2192 2646 diiinum

587 2665 798 2734 'vatem
846 2683 1062 2736 beatum
1118 2679 1457 2751 praedicaret.
1509 2683 1648 2749 Quin
1705 2683 1998 2752 aliquando
2051 2684 2191 2738 idem

625 2773 900 2840 improbus
924 2788 1074 2826 vanae
1103 2773 1289 2842 glorise
1316 2775 1526 2827 darmon
1556 2774 1719 2828 etiam
1747 2775 1994 2844 corporis
2024 2791 2192 2828 mem-

625 2865 717 2918 bra
756 2865 1007 2917 invadere
1057 2865 1233 2926 solet,
1280 2873 1338 2918 ut
1386 2865 1647 2935 palpitent
1693 2876 1747 2921 et
1793 2868 2029 2923 motibus
2065 2867 2190 2937 qui-

625 2956 848 3009 busdam
892 2956 1166 3009 exsiliant.
1221 2955 1438 3025 Repelle
1487 2957 1650 3023 etiam
1706 2956 1897 3020 illum,
1949 2956 2044 3024 qui
2094 2955 2190 3008 tibi

624 3047 970 3113 pontiﬁcatus
1015 3055 1068 3099 et
1111 3047 1487 3100 coenobiorum
1531 3046 1880 3117 praefecturas
1919 3056 1972 3100 et
2015 3047 2190 3115 magi-

624 3125 786 3187 steria
820 3137 1089 3202 proponit.
1121 3133 1342 3188 Diﬂicile
1369 3135 1516 3188 enim
1546 3146 1630 3190 est
1683 3150 1873 3190 canem
1907 3150 1936 3188 a
1967 3135 2191 3191 macello

3752 481 3852 545 952

2385 596 2630 666 Ὑψηλῶν
2655 601 2771 669 μὲν,
2804 599 2864 653 τὸ
2895 601 3206 667 ὑπενεγκεῖν
3243 599 3498 666 γενναίως
3546 596 3640 650 καὶ
3681 594 3854 662 ἀσμέ-

2302 687 2607 758 νωςσῦϐριν.
2647 689 2836 757 ’Δγὲων
2863 692 2919 743 δὲ
2953 691 3046 744 καὶ
3073 690 3252 754 ὁσίων,
3286 690 3345 743 τὸ
3369 689 3618 751 ἀϐλαϐῶς
3648 683 3852 756 παρελ-

2302 776 2412 829 θεῖν
2456 777 2544 828 τὸν
2581 777 2814 833 ἔπαινον.
2869 775 3020 832 Εἶδον
3069 778 3394 841 πενθοῦντας
3445 773 3848 834 ἐπαινεθέντας,

2300 870 2393 920 καὶ
2444 871 2522 930 είς
2570 868 2737 938 ὀργὴν
2779 869 3124 938 ἐξαφθέντας,
3168 869 3261 922 καὶ
3311 868 3386 931 ὼς
3435 870 3492 920 ἐν
3548 864 3852 934 πανηγύρει

2299 957 2467 1020 πάθος
2495 957 2940 1024 συναλλάξαντας.
2965 949 3172 1022 Οὐδείς
3204 956 3477 1026 γινώσκει
3505 956 3577 1011 τὰ
3608 953 3720 1008 τοῦ
3748 953 3852 1005 ἀν-

2299 1047 2552 1114 θρώπου.
2578 1050 2630 1101 εἰ
2676 1049 2762 1118 μὴ
2803 1050 2869 1103 τὸ
2932 1049 3163 1118 πνεῦμα
3228 1048 3332 1102 τοῦ
3375 1046 3710 1114 ἀνθρώπου.
3765 1043 3854 1095 Αί-

2299 1140 2673 1208 σχυνέσθωσαν
2717 1136 2809 1194 οὖν
2834 1142 2927 1195 καὶ
2950 1141 3336 1212 φιμούσθωσαν
3365 1141 3414 1192 οἱ
3438 1137 3531 1190 ἐπὶ
3561 1137 3852 1207 πρόσωπον

2298 1231 2620 1302 μακαρίζειν
2687 1230 3335 1303 ἐπιχειροῦντες.’⁹’οταν
3385 1228 3622 1299 ἀκούσῃς
3684 1228 3768 1280 ὅτι
3825 1226 3854 1277 ὁ

2295 1325 2517 1396 πλησίον
2549 1343 2640 1379 σου
2669 1325 2744 1396 ω)
2779 1327 2873 1380 καὶ
2899 1329 2928 1380 ό
2957 1326 3106 1396 φίλος
3151 1323 3455 1393 ἐλοιδόρησέ
3509 1338 3570 1374 σε
3623 1321 3850 1385 ἀπόντα,

2293 1416 2326 1485 ἠ
2373 1415 2644 1486 παρόντα,
2691 1416 2812 1487 τότε
2867 1417 2966 1486 τὴν
3013 1415 3234 1484 ἀγάπην
3279 1413 3508 1478 ἔνδειξαι
3563 1411 3854 1472 ἐπαινέσας

2292 1508 2486 1566 αὐτόν·
2532 1508 2673 1578 μέγα
2700 1497 3174 1560 τὸὲἀποσείσασθαι
3203 1507 3266 1558 ἐκ
3292 1505 3390 1573 τῆς
3428 1503 3604 1573 ψυχῆς
3637 1501 3854 1555 ἔπαινον

2291 1598 2591 1669 ἀνθρώπων
2611 1615 2623 1628 ·
2676 1595 2858 1668 μεῖζον
2890 1597 2966 1662 δὲ,
3012 1595 3234 1650 ἔπαινον
3263 1596 3550 1665 δαιμόνων.
3586 1593 3854 1646 Ταπεινο·

2291 1689 2564 1758 φροσύνην
2612 1686 2809 1754 ἔδειξεν
2839 1686 2974 1758 (10),
3004 1685 3126 1755 οὐχὶ
3155 1684 3342 1738 ἑαυτὸν
3381 1682 3667 1746 εὐτελίζων
3701 1679 3855 1748 (πῶς

2291 1780 2396 1848 γάρ
2428 1779 2618 1832 ἑαυτὸν
2660 1778 2720 1830 οὐ
2756 1774 3088 1847 βαστάσεις)
3147 1773 3264 1831 ἀλλ’
3291 1775 3320 1826 ό
3343 1773 3473 1841 παρ’
3502 1771 3689 1840 ἐτέρου
3723 1767 3857 1819 ὀνει-

2232 1915 2277 1975 B
2302 1871 2520 1933 δισθείς,
2551 1869 2645 1922 καὶ
2674 1869 2772 1937 τὴν
2827 1856 3046 1936 ἀγάπην
3078 1863 3243 1956 αὑτοῦ
3297 1862 3370 1934 μὴ
3417 1861 3674 1931 μειώσας.
3731 1858 3856 1966 Ἐπ-

2302 1961 2672 2032 εσημεινάμην
2698 1935 2789 2011 τον
2811 1958 2909 2029 τῆς
2953 1935 3253 2020 κενοδοξίας
3298 1953 3523 2023 δαίμονα
3566 1948 3856 2020 λογισμοὺς

2301 2052 2510 2122 ἀδελφῷ
2539 2051 2908 2106 ὑποϐάλλοντα
2943 2049 3076 2119 (Η),
3111 2048 3203 2102 καὶ
3247 2046 3418 2117 ἑτέρῳ
3463 2042 3681 2104 τούτους
3722 2042 3856 2095 ἀπο·

2302 2147 2636 2217 καλύψαντα,
2670 2144 2906 2214 κάκείνῳ
2944 2143 3012 2197 τά
3042 2141 3301 2213 ἐγκάρδια
3329 2137 3492 2192 αὑτοῦ
3542 2138 3715 2189 είπεῖν
3754 2150 3857 2188 πα-

2303 2239 2737 2312 ρασκευάσαντα,
2783 2237 2879 2290 καὶ
2925 2235 3000 2298 ὡς
3044 2223 3395 2305 προγνώστην
3439 2227 3622 2282 λοιπὸν
3670 2223 3856 2279 τοῦτον

2304 2331 2690 2403 μακαρίζοντα.
2742 2330 2897 2382 Ἐστι
2937 2327 2994 2380 δὲ
3029 2326 3118 2379 ὅτε
3156 2325 3248 2377 καὶ
3275 2321 3451 2376 αὐτῶν
3477 2337 3583 2373 των
3625 2317 3722 2370 τοῦ
3755 2315 3855 2369 σώ-

2303 2442 2470 2497 ματος
2501 2423 2676 2494 μελῶν
2707 2419 3076 2490 ἐφαπτόμενος
3114 2416 3359 2485 παλμοὺς
3387 2413 3618 2466 ποιεῖν-ό
3642 2411 3854 2472 ἀνόσιος

2299 2517 2559 2585 πέφυκεν.
2589 2515 2679 2584 Μὴ
2711 2509 2984 2584 παραδέξῃ
3014 2506 3194 2569 αὐτὸν,
3222 2503 3525 2572 ἐπισκοπὴν
3547 2517 3651 2564 σοι,
3673 2501 3768 2553 καὶ
3792 2499 3853 2570 ή-

2298 2606 2641 2676 γουμενείαν,
2663 2605 2754 2656 καὶ
2777 2599 3119 2654 διδασκαλίαν
3143 2593 3526 2651 ὑποϐάλλοντα.
3551 2592 3733 2654 Κόπος
3747 2589 3853 2660 γὰρ

2298 2699 2435 2753 κύνα
2483 2697 2590 2750 ἀπὸ
2637 2692 2966 2765 μακελλικῆς
2995 2689 3268 2761 τραπέζης
3295 2685 3504 2750 διῶξαι.
3563 2684 3732 2738 Ἐπάν
3763 2699 3852 2753 μι-

2297 2792 2426 2862 κρόν
2456 2808 2507 2842 τι
2537 2786 2812 2859 εἰρηνικὴν
2849 2785 2931 2855 ἴδῃ
2957 2783 3175 2854 ἔχοντας
3205 2781 3551 2842 κατάστασιν,
3584 2777 3750 2840 εὐθὺς
3789 2776 3854 2829 ἐκ

2296 2885 2392 2954 τῆς
2421 2884 2626 2950 ἐρήμου
2661 2881 2740 2942 εἰς
2766 2877 2869 2947 τὸν
2909 2877 3110 2946 κόσμον
3133 2871 3535 2944 παραγενέσθαι
3560 2868 3852 2940 προτρέπε-

2295 2992 2384 3028 ται
2407 3013 2420 3036 ,
2476 2971 2738 3034 Ἀπελθε,
2785 2968 2978 3038 λέγων,
3026 2969 3106 3028 εἰς
3162 2964 3434 3034 σωτηρίαν
3470 2961 3852 3029 ἀπολλυμένων

2296 3065 2500 3136 ψυχῶν.
2537 3063 2702 3133 ’Ἄλλη
2747 3061 2928 3132 μορφὴ
2956 3057 3151 3112 Αίθιότ.
3280 3059 3375 3109 καὶ
3402 3055 3561 3122 ἑτέρα
3601 3052 3850 3123 ἀνδριάνο

2294 3177 2402 3212 των
2426 3175 2440 3187 ·
2467 3157 2560 3208 καὶ
2597 3154 2753 3216 ἄλλος
2781 3154 2810 3205 ό
2836 3151 2935 3222 τῆς
2961 3149 3068 3202 τῶν
3096 3150 3146 3201 ἐι
3199 3146 3445 3216 κοινοϐίῳ
3475 3143 3852 3214 διατριϐόντων

623 3237 673 3277 υι
709 3242 892 3279 mensa
925 3226 1162 3295 abigere.
1188 3224 1295 3280 Ubi
1325 3227 1638 3297 quempiam
1670 3227 1752 3281 vel
1788 3227 2062 3281 modicum
2105 3229 2188 3282 vi-

2293 3248 2594 3314 κενοδοξίας
2623 3245 2843 3317 τρόπος,
2893 3241 3041 3313 παρά
3083 3241 3173 3293 τὸν
3227 3238 3336 3292 τῶν
3383 3238 3441 3290 ἐν
3494 3235 3722 3306 ἐρήμοις
3763 3232 3850 3284 δν-

624 3318 763 3370 ιΙυι·ἱι
809 3319 860 3370 in
901 3319 1086 3385 quieto
1119 3328 1173 3372 et
1203 3319 1497 3386 tranquillo
1537 3320 1850 3375 solitudinis
1889 3329 2032 3374 statu
2065 3335 2193 3388 pro-

625 3411 848 3472 ιὐυἰςεο,
896 3410 1077 3462 statim
1132 3410 1285 3464 illum
1338 3419 1399 3463 ut
1451 3424 1515 3464 ex
1567 3426 1750 3466 eremo
1808 3412 1861 3464 in
1914 3411 2192 3480 publicum

625 3500 882 3568 prodeat,
917 3501 1156 3570 impellit.
1198 3501 1323 3565 Abi,
1357 3501 1554 3572 inquit,
1592 3501 1660 3556 ad
1692 3502 1922 3558 salutem
1956 3516 2192 3571 pereun-

623 3593 758 3642 tium
829 3589 1136 3644 animarum
1191 3589 1642 3645 conservandam.
1701 3589 1819 3643 Alia
1886 3588 2061 3645 forma
2111 3597 2195 3644 est

623 3681 958 3750 :ethiopuin,
1002 3681 1110 3734 alia
1165 3691 1514 3746 statuarum;
1567 3681 1672 3735 alia
1720 3681 1861 3735 ratio
1912 3690 1995 3736 est
2040 3697 2195 3737 vanze

623 3773 809 3843 gloriae
846 3772 986 3841 apud
1028 3787 1122 3827 eos
1173 3773 1264 3842 qui
1307 3773 1360 3825 in
1407 3772 1675 3827 coenobiis
1712 3773 1940 3839 vivunt,
1990 3783 2045 3829 et
2086 3776 2194 3838 alia

621 3879 810 3919 eorum
845 3864 936 3933 qui
969 3864 1022 3918 in
1055 3865 1348 3920 solitudine
1376 3865 1599 3935 degunt.
1635 3864 1989 3920 Saecularium
2017 3867 2193 3923 homi-

623 3971 750 4010 num
777 3955 1040 4010 adventus
1062 3955 1312 4024 praecipit
1339 3956 1522 4010 animo
1548 3970 1686 4010 vana
1717 3955 1915 4026 gloria,
1945 3965 2000 4011 et
2023 3956 2194 4014 leviu-

622 4046 804 4101 sculos
831 4048 1134 4100 monachos
1165 4047 1373 4111 incitat,
1409 4057 1469 4100 ut
1505 4047 1611 4102 illis
1643 4047 1861 4102 obviam
1891 4047 2188 4117 prodeant,

620 4149 674 4192 ct
703 4138 768 4190 ad
805 4137 968 4206 pedes
997 4140 1186 4191 ecrum
1222 4152 1281 4192 se
1316 4129 1612 4206 abjiciant:
1648 4139 1982 4208 simulatque
2010 4140 2189 4195 humi-

619 4237 820 4290 litatem
845 4276 860 4301 ,
892 4250 1016 4289 cum
1043 4235 1198 4304 plena
1228 4243 1438 4304 turgeat
1457 4235 1730 4305 superbia.
1759 4236 1840 4290 Ad
1870 4237 2188 4294 modestiam

621 4342 800 4380 mores
828 4337 881 4379 et
905 4342 1091 4381 vocem
1116 4327 1413 4397 componit,
1445 4338 1499 4382 et
1526 4328 1742 4383 interim
1772 4329 1964 4384 oculos
1992 4329 2044 4384 in
2078 4346 2190 4386 ma-

619 4435 724 4473 nus
763 4418 1039 4488 hospitum
1075 4433 1171 4488 spe
1199 4419 1404 4490 aliquid
1435 4420 1770 4491 accipiendi,
1799 4420 2024 4490 conjicit
2045 4462 2062 4488 ,
2090 4423 2188 4477 do-

619 4511 798 4564 minos
836 4527 967 4566 suos
1009 4511 1288 4580 appellitat
1338 4521 1392 4564 et
1441 4513 1735 4580 praesides,
1785 4523 1838 4567 et
1885 4513 2186 4569 secundum

2294 3361 2402 3400 των
2447 3342 2580 3412 (12).
2620 3337 2914 3408 Κοσμικῶν
2951 3333 3243 3406 ἐπιδημίας
3289 3329 3660 3406 προλαμϐάνει
3704 3343 3851 3380 κενο-

2293 3437 2441 3502 δοξία
2485 3434 2618 3504 (15),
2670 3431 2762 3484 καὶ
2802 3429 2929 3490 τοὺς
2959 3426 3315 3494 κουροτέρους
3364 3424 3444 3486 είς
3470 3422 3716 3493 ἀπαντὴν
3746 3420 3850 3473 τῶν

2295 3527 2602 3599 ἐρχομένων
2646 3520 2908 3593 μοναχοὺς
2937 3516 3299 3588 προτρέπεται
3329 3513 3582 3581 ἐξελθεῖν,
3614 3513 3723 3585 πρὸ
3744 3511 3848 3566 τῶν

2295 3618 2473 3672 ποδῶν
2520 3615 2743 3669 ἐκείνων
2772 3607 3178 3680 παρασκευάζει
3210 3607 3593 3678 προσπίπτειν,
3625 3607 3721 3658 καὶ
3758 3622 3851 3659 ταο

2293 3710 2549 3763 πείνωσιν
2585 3704 2871 3759 ὑποδύεται
2905 3703 2938 3772 ὴ
2967 3699 3341 3772 ὑπερηφανίας
3367 3699 3680 3761 ἀνάπλεως·
3720 3692 3846 3768 ἦθος

2293 3802 2388 3856 καὶ
2428 3801 2611 3870 φωνὴν
2641 3793 3008 3857 καταστέλλει,
3053 3794 3148 3846 καὶ
3192 3789 3326 3862 πρὸς
3372 3789 3471 3853 τὰς
3511 3789 3699 3858 χεῖρας
3739 3786 3845 3840 τῶν

2293 3890 2744 3962 ἐπιδημησάντων
2772 3888 2907 3958 πρὸς
2933 3886 2994 3938 τὸ
3030 3882 3213 3940 λαϐεῖν
3242 3880 3556 3945 ἀποϐλέπει,
3585 3879 3844 3940 δεσπότας

2292 3984 2446 4038 καλεῖ
2475 3983 2568 4035 καὶ
2595 3979 2922 4049 προστάτας.
2955 3976 3050 4029 καὶ
3077 3973 3215 4045 μετά
3239 3972 3370 4026 Θεὸν
3401 3972 3500 4043 τὴν
3523 3970 3668 4042 ζωὴν
3697 3985 3844 4040 χαρι-

2293 4072 2548 4143 ζομένους
2567 4087 2582 4102 ο
2609 4072 2686 4134 είς
2714 4071 2812 4138 τὴν
2833 4065 3106 4150 τράπεζαν
3130 4065 3487 4124 καθεσθέντας
3514 4060 3841 4133 ἐγκρατεύε-

2293 4164 2416 4218 σθαι
2466 4149 2861 4234 προτρέπεται·
2913 4159 3006 4211 καὶ
3056 4149 3167 4224 τοῖς
3217 4154 3545 4225 κατωτέροις
3602 4150 3842 4224 ἀνηλεῶς

2292 4255 2611 4326 ἐπιπλήττει
2631 4268 2646 4284 ο
2679 4253 2736 4306 ἐν
2768 4249 3054 4321 ψαλμῳδία
3083 4248 3375 4311 σταθέντας
3402 4246 3525 4308 τοὺς
3570 4242 3841 4317 ῥᾳθύμους

2290 4349 2563 4419 ἀνδρείους
2591 4343 2810 4415 ἐποίησε
2841 4343 2952 4414 (14)
2977 4358 2992 4373 ·
3021 4343 3146 4405 τοὺς
3176 4338 3422 4408 ἀφώνους
3451 4334 3836 4404 καλλιφώνους,

2290 4439 2383 4493 καὶ
2407 4441 2531 4502 τοὺς
2559 4455 2618 4490 νυ
2629 4435 2860 4498 πακτάς
2887 4434 3215 4506 ἀγρύπνους.
3247 4431 3351 4486 Τὸν
3374 4432 3467 4486 ἐπὶ
3489 4431 3585 4484 τοῦ
3620 4427 3838 4491 κανόνος

2292 4529 2559 4584 θωπεύει·
2589 4527 2682 4579 καὶ
2710 4526 2777 4579 τὰ
2798 4526 3034 4597 πρωτεῖα
3063 4521 3210 4594 αὐτῷ
3235 4520 3558 4595 χαρίσασθαι
3583 4520 3836 4582 δυσωπεῖ,

617 4603 785 4657 Deum
815 4603 937 4657 vita:
965 4612 1291 4658 servatores.
1323 4603 1471 4657 Vana
1498 4605 1668 4673 gloria
1694 4607 1820 4659 dum
1845 4607 1912 4660 ad
1945 4621 2187 4660 mensam

2293 4622 2500 4691 πατέρα
2517 4619 2609 4673 καὶ
2623 4589 2933 4672 διδάσκαλον
2959 4615 3132 4680 καλεῖ,
3155 4589 3280 4687 ἀχρι
3293 4589 3392 4683 τῆς
3409 4611 3517 4665 τῶν
3536 4611 3700 4676 ξένων
3715 4611 3840 4665 ἀπο-

615 4694 978 4758 accumbitur,
1007 4695 1200 4750 suadet
1236 4697 1659 4762 abstinentiam,
1715 4707 1770 4752 et
1811 4698 2096 4754 inferiores
2129 4713 2191 4753 se

615 4789 812 4843 acriter
853 4787 1166 4859 perstringit
1209 4807 1223 4843 :
1275 4790 1416 4846 inter
1457 4805 1646 4861 {Wes
1687 4805 1754 4844 ex
1803 4792 2013 4863 ignavis
2055 4791 2186 4847 facit

615 4897 939 4952 generosos,
971 4898 1036 4937 ex
1085 4883 1266 4937 raucis
1300 4894 1354 4937 et
1391 4884 1612 4940 absonis
1657 4885 1866 4940 vocales
1916 4885 2081 4956 279
2130 4897 2186 4942 et

615 4985 846 5026 sonoros
889 4987 956 5026 ex
1003 4972 1358 5027 somnolentis
1408 4974 1616 5044 vigiles.
1671 4971 1932 5030 Praefecto
1986 4985 2182 5032 cantus

615 5058 868 5110 adulatur
926 5068 1188 5128 rogatque
1235 5070 1293 5113 ut
1341 5059 1445 5114 sibi
1513 5061 1714 5129 primas
1769 5061 1824 5116 in
1873 5064 2182 5132 psalmodia

615 5166 794 5226 partes
825 5158 1067 5229 assiguet
1089 5199 1104 5224 ,
1139 5160 1502 5230 eumdemque
1532 5171 1739 5229 patrem
1772 5170 1826 5216 et
1858 5163 2180 5233 magistrum

613 5258 808 5313 vocitat
834 5297 852 5323 ,
887 5259 1064 5329 quoad
1100 5260 1341 5330 hospites
1367 5261 1668 5318 discedant.
1703 5263 2087 5320 Honoratiores
2125 5265 2178 5319 in

2288 4714 2503 4785 δημίαςο
2529 4709 2970 4782 προτιμωμένους
3002 4707 3378 4781 ὑπερηφάνους
3399 4705 3717 4775 κατέστησεο
3747 4699 3836 4758 καὶ

2289 4825 2466 4876 καταφ
2476 4808 2826 4876 ρονουμένους
2843 4805 3208 4875 μνησικάκους
3223 4800 3408 4869 ἔδειξε.
3421 4790 3708 4867 Κενοδοξία
3721 4795 3835 4854 ἀντὶ

2287 4902 2450 4970 τιμῆς
2491 4898 2746 4959 πολλάκις
2787 4896 3007 4967 ἀτιμίας
3035 4894 3251 4962 ἐγένετο
3293 4893 3549 4966 πρόξενος
3587 4892 3723 4962 (15)·
3750 4890 3834 4960 όρ-

2285 4991 2517 5060 γισθεῖσι
2545 4991 2653 5063 γὰρ
2677 4992 2790 5053 τοῖς
2818 4987 2989 5057 αὐτῆς
3015 4985 3280 5056 μαθηταῖς
3309 4986 3570 5056 αἰσχύνην
3598 4982 3832 5054 μεγάλην
3859 5022 3862 5035 ,

2288 5084 2650 5154 προσήγαγεν.
2698 5080 2982 5144 Κενοδοξία
3033 5077 3159 5141 τοὺς
3207 5077 3347 5144 ὀξεῖς
3396 5078 3487 5130 ἐπὶ
3539 5075 3830 5146 ἀνθρώπων

2289 5177 2479 5248 πραεῖς
2505 5174 2822 5248 είργάσατοο
2853 5172 3098 5241 φυσικοῖς
3126 5170 3452 5242 χαρίσμασιν
3475 5165 3718 5236 ἐπιπηδᾷ
3742 5179 3863 5296 με·ι

2289 5265 2460 5296 υιιἹι.ιρ
3345 5291 3349 5296 .

2285 5265 2460 5334 γάλως
3345 5291 3349 5296 ·

613 5348 868 5402 rmnobio
899 5320 1058 5420 erigit
1091 5349 1144 5404 in
1179 5320 1529 5420 superbiam,
1571 5353 1789 5410 viliores
1834 5365 1886 5410 ct
1934 5353 2176 5424 abiectos
2240 5320 2561 5425 iniuriarum
2631 5367 2898 5410 memores
2950 5348 3398 5423 [COIllClIllOSOS]
3435 5347 3611 5404 eﬂicit.
3687 5320 3871 5400 Vana'

614 5445 780 5511 gloria
815 5461 1189 5515 smpenumero
1219 5461 1317 5517 pro
1360 5447 1563 5504 bonore
1603 5449 1954 5519 ignominiam
1990 5449 2271 5513 conciliat;
2315 5464 2437 5503 nam
2467 5451 2760 5505 irascentes
2797 5448 2896 5502 sibi
2933 5455 3120 5501 mutuo
3181 5443 3475 5512 discipulos
3535 5455 3671 5497 suos
3726 5455 3827 5495 ma-

615 5555 720 5606 gno
750 5541 955 5608 pudore
988 5537 1173 5598 allicit.
1221 5540 1372 5597 Vana
1446 5543 1614 5612 gloria
1680 5543 1968 5598 iracundos
2011 5552 2201 5597 natura
2225 5581 2237 5603 ,
2281 5542 2420 5610 apud
2455 5543 2589 5599 alios
2619 5541 2820 5611 efﬁngit
2849 5550 3181 5596 mansuetos.
3214 5534 3432 5605 Naturae
3471 5533 3628 5591 bonis
3661 5544 3715 5590 ct
3740 5548 3824 5588 or-

617 5633 883 5687 namentis
914 5633 1143 5688 miriﬁce
1167 5637 1418 5703 exsultat,
1447 5649 1499 5692 et
1529 5654 1620 5706 per
1652 5637 1765 5692 bace
1794 5639 1904 5706 ipsa
1947 5639 2174 5692 miseros
2212 5635 2410 5698 dt'ilCll.

686 5718 804 5773 Vidi
837 5737 960 5775 cum
1014 5724 1190 5780 malus
1238 5725 1448 5782 daemon
1486 5745 1644 5783 suum
1694 5728 1859 5797 ipsius
1906 5731 2166 5786 cultorem

687 5873 731 5903 "
760 5870 777 5924 l
808 5872 933 5926 L'or.
972 5892 1036 5938 ιι,
1079 5878 1154 5929 lli.

2360 5726 2509 5784 Εἶδον
2535 5728 2758 5798 δαίμονα
2793 5727 2880 5781 τὸν
2916 5727 3106 5783 ἑαυτοῦ
3140 5723 3360 5794 ἀδελφὸν
3394 5723 3709 5798 λυπήσαντα
3739 5718 3826 5777 καὶ
