4030 6342
186 494 285 557 953

1150 436 1400 546 .SCALA
1423 486 1796 547 PARADISI.
1824 508 1891 520 —
1917 479 2219 545 omnes
2244 438 2424 543 Xxn.

3284 480 3388 545 954

184 602 452 666 διώξαντα
483 616 497 629 '
543 599 898 671 ὀργιζομένου
942 598 1049 668 γάρ
1090 598 1220 651 ποτέ
1250 616 1396 661 τινος
1422 598 1648 666 ἀδελφοῦ
1680 600 1735 651 ἐν

1852 607 2058 651 vexaret
2104 606 2157 651 et
2209 602 2651 665 persequeretur;
2698 609 2818 649 eum
2854 611 2999 649 enim
3034 598 3230 650 rixanti
3263 610 3387 648 cum

185 694 262 762 τῷ
310 691 517 762 μεταξὺ
566 690 845 760 κοσμικῶν
892 688 1157 760 παρουσία
1208 688 1488 754 κατέλαϐε,
1537 693 1627 743 καὶ
1675 692 1740 759 τῇ

186 782 466 853 κενοδοξία⁵
491 781 550 846 ἐξ
577 782 745 851 ὀργῆς
773 780 1081 851 μετεπράθη
1107 781 1135 831 ό
1156 780 1333 843 ἄθλιος
1355 795 1371 810 ο
1404 768 1743 851 ὁμοθυμαδὸν

185 874 295 943 γάρ
345 872 536 934 αὑταξ
586 870 863 925 δουλεῦσαι
922 871 1021 922 οὐκ
1067 869 1314 940 ἠδύνατο.
1367 870 1423 923 '0
1475 871 1744 940 κενοδοξία

185 961 601 1031 ἀπεμποληθεὶς
623 961 839 1014 διπλοῦν
857 960 946 1012 τὸν
966 948 1077 1029 βίον
1101 960 1388 1029 κέκτηται·
1420 962 1476 1013 ὲν
1499 963 1744 1030 μοναχοῖς

191 1054 290 1123 μὲν
321 1051 617 1122 διατρίϐων
645 1051 726 1121 τῷ
755 1052 1014 1121 σχήματι,
1049 1054 1105 1103 ἐν
1135 1052 1323 1121 κόσμῳ
1356 1052 1413 1104 δὲ
1442 1052 1518 1121 τῷ
1546 1055 1744 1123 φρονή-

198 1162 323 1212 ματι
370 1144 469 1195 καὶ
519 1143 595 1214 τῷ
646 1140 1007 1212 ἐνθυμήματι.
1050 1142 1174 1194 Ἐὰν
1207 1142 1340 1211 πρὸς
1373 1142 1468 1212 τὴν
1517 1144 1626 1195 άνω
1657 1144 1745 1194 εὑ-

188 1232 485 1301 αρέστησιν
512 1232 724 1303 τρέχειν
755 1229 1117 1299 ἐπειγώμεθα,
1144 1230 1241 1299 τῆς
1268 1230 1378 1302 ἄνω
1425 1230 1577 1299 δόξης
1609 1231 1746 1283 πάν-

188 1339 295 1384 τως
325 1323 425 1375 καὶ
450 1322 778 1393 γευσόμεϐα.
815 1322 1054 1392 Ἐκείνης
1083 1321 1137 1373 δὲ
1165 1324 1193 1373 ὁ
1217 1323 1545 1389 γευσάμενος
1571 1321 1748 1389 πάσης

191 1411 286 1480 τῆς
312 1413 565 1481 ἐπιγείου
592 1412 1010 1484 καταφρονήσει.
1040 1411 1311 1481 Θαυμάζω
1340 1413 1448 1483 γάρ
1473 1414 1519 1465 εί
1546 1412 1620 1482 μὴ
1649 1412 1747 1481 τῆς

191 1503 468 1573 προτέρας
505 1520 590 1565 τις
621 1503 980 1573 γευσάμενος,
1014 1503 1193 1573 πάσης
1223 1503 1320 1573 τῆς
1342 1503 1593 1572 δευτέρας
1620 1519 1749 1555 κατ-

190 1593 482 1664 ε’ςρὸνησε.
499 1593 760 1657 Πολλάκις
779 1593 882 1647 ὑπὸ
906 1592 1207 1659 κενοδοξίας
1232 1591 1567 1662 συληθέντες,
1593 1608 1751 1661 στρα-

192 1685 382 1753 φέντες
410 1686 573 1754 ἡμεῖς
604 1686 976 1757 εὐφυεστέρως
1004 1685 1170 1755 αὐτὴν
1202 1685 1559 1757 ὲσυλήσαμεν.
1596 1680 1751 1739 Είδόν

190 1790 340 1836 τινας
372 1773 637 1844 ἐργασίας
667 1774 1034 1845 πνευματικῆς
1074 1775 1138 1829 ἐκ
1170 1775 1473 1841 κενοδοξίας
1504 1776 1748 1847 ἀπαρξα-

195 1864 411 1932 μένους,
440 1863 534 1917 καὶ
563 1865 661 1933 τῆς
684 1864 854 1935 ἀρχῆς
872 1863 1296 1936 καταϐληθείσης
1321 1866 1586 1937 μωμητῆς
1611 1866 1743 1936 (1⁷),

193 1953 253 2005 τὸ
285 1954 443 2017 τέλος
466 1954 685 2023 γέγονεν
710 1933 1007 2019 ἐπαινετὸν,
1040 1933 1126 2009 διά
1158 1956 1217 2009 τὸ
1247 1933 1629 2027 μετενεχθῆναι
1650 1933 1744 2027 τήν
1778 1933 1819 1987 Β

195 2044 424 2097 ἔννοιαν.
483 2045 542 2098 '0
575 2047 667 2097 ἐπὶ
699 2049 944 2113 φυσικοῖς
973 2045 1401 2118 πλεονεκτήμασι
1433 2047 1566 2118 (18),
1606 2047 1747 2115 λέγω

194 2132 256 2202 δὴ
287 2134 558 2204 ἀγχινοίᾳ,
590 2134 868 2206 εὐμαθείᾳ,
903 2137 1220 2204 ἀναγνώσει,
1253 2140 1500 2209 προφορᾷ
1531 2140 1745 2210 εὐφυΐᾳ,

196 2226 287 2274 καὶ
312 2226 427 2287 τοῖς
450 2224 706 2289 τοιούτοις
752 2228 883 2279 πᾶσι
913 2231 1022 2292 τοῖς
1051 2229 1265 2293 ἀπόνως
1305 2231 1591 2302 προσοῦσιν
1619 2234 1749 2301 ἡμῖν

196 2314 577 2383 ἐπαιρόμενος,
606 2315 860 2370 οὐδέποτε
895 2317 1001 2371 τῶν
1045 2319 1181 2389 ὑπὲρ
1216 2320 1373 2388 φύσιν
1412 2321 1626 2389 ἀγαθῶν
1666 2323 1749 2374 ὲν·

196 2404 464 2467 τεύξεται·
505 2405 566 2458 '0
590 2406 790 2476 γὰρέν
814 2409 991 2476 ὀλίγῳ
1030 2409 1297 2476 ἄπιστος,
1339 2413 1430 2463 καὶ
1475 2415 1531 2465 ὲν
1577 2411 1751 2483 πολλῷ

197 2497 444 2561 ἄπιστος,
474 2499 568 2552 καὶ
594 2499 861 2566 κενόδοξος
881 2516 894 2531 ·
926 2501 991 2555 δι’
1017 2486 1282 2556 ἀπάθειαν
1310 2504 1634 2575 ἀκροτάτην,
1660 2505 1753 2559 καὶ

198 2589 429 2642 πλοῦτον
461 2591 829 2661 χαρισμάτων,
870 2592 963 2645 καὶ
1000 2593 1288 2665 θαυμάτων
1325 2596 1622 2667 ἐνέργειαν,
1659 2600 1752 2651 καὶ

198 2684 560 2755 προγνώσεως
587 2687 834 2756 δύναμιν,
866 2688 1009 2751 τινὲς
1038 2688 1107 2740 τὰ
1150 2689 1352 2742 ἑαυτῶν
1390 2691 1613 2759 σώματα
1632 2692 1749 2759 είκῆ

199 2779 586 2848 κατατρίϐουσι
612 2782 721 2851 (l9)
745 2797 758 2811 °
789 2781 1041 2845 λαθόντες
1070 2785 1118 2835 ot
1140 2784 1382 2850 τάλανες,
1403 2784 1478 2847 ώς
1498 2784 1557 2835 οὐ
1583 2784 1751 2849 πόνοι,

197 2868 331 2921 ἀλλά
362 2870 563 2939 μᾶλλον
602 2872 925 2937 ταπείνωσις
962 2874 1068 2937 τῶν
1106 2874 1357 2929 τοιούτων
1397 2876 1578 2945 μήτηρ
1622 2875 1754 2928 καθ-

200 2961 448 3031 έστηκεν.
467 2962 524 3016 Ὀ
543 2962 599 3015 δὲ
614 2963 889 3034 χρεώστην
910 2966 1097 3019 ἑαυτὸν
1117 2967 1473 3037 λογιζόμενος,
1494 2968 1757 3038 ἀπροσδό-

201 3069 362 3119 κητον
416 3052 641 3107 πλοῦτον
676 3056 769 3108 καὶ
817 3057 1075 3126 αἰφνίδιον
1122 3058 1366 3129 λήψεται.
1441 3061 1531 3130 Μὴ
1570 3060 1754 3113 πείθου

1842 689 1964 742 aliis
1994 696 2247 743 externus
2275 688 2665 753 intervenisset,
2694 684 2859 741 miser
2890 687 2976 741 ille
3011 688 3193 743 statim
3218 686 3390 755 posita

1843 781 1924 833 ira
1951 794 2014 834 se
2044 794 2193 832 vanae
2217 773 2655 848 gloriaa'addixit,
2684 779 2826 847 quod
2855 779 3016 833 simul
3055 780 3264 834 duobus
3290 777 3390 831 do-

1841 867 2005 920 minis
2039 866 2153 936 (irze
2179 875 2235 919 et
2266 880 2415 919 vana:
2440 866 2631 939 gloriae
2659 867 2899 935 inquam)
2935 882 3040 921 non
3077 876 3258 937 posset
3277 882 3393 921 ser-

1842 960 1976 1011 vire.
2008 956 2169 1010 Vana:
2190 958 2372 1026 gloriae
2396 958 2722 1027 mancipium
2744 958 3010 1026 duplicem
3034 958 3199 1012 vitam
3230 958 3392 1022 vivit;

1844 1064 1969 1103 nam
1997 1049 2183 1102 habitu
2216 1049 2459 1118 corporis
2488 1064 2580 1103 seu
2613 1058 2758 1104 veste
2785 1059 3026 1104 versatur
3056 1065 3179 1107 cum
3208 1064 3403 1107 mona—

1843 1140 1981 1205 chis,
2014 1140 2197 1194 animo
2227 1155 2351 1194 vero
2389 1150 2442 1194 et
2480 1141 2893 1211 cogitationibus
2926 1142 2979 1193 in
3016 1141 3231 1195 saeculo.
3267 1140 3397 1193 Stu-

1844 1230 2075 1286 deamus
2102 1230 2209 1285 Deo
2243 1231 2473 1300 placere,
2505 1242 2555 1286 et
2580 1220 3108 1302 celestemgloriam
3147 1232 3398 1301 degusta-

1844 1322 2053 1392 bimus,
2101 1338 2207 1392 qua
2261 1333 2469 1391 gustata
2514 1338 2728 1378 onmem
2777 1324 2961 1377 mundi
3000 1323 3219 1392 gloriam
3268 1338 3379 1375 con-

1846 1388 2169 1469 temnemus.
2220 1413 2464 1468 Demiror
2512 1430 2639 1468 vero
2672 1415 2717 1469 si
2754 1416 2877 1484 quis
2928 1429 3163 1484 unquam
3207 1429 3395 1467 vanam

1847 1506 2073 1575 gloriam
2105 1489 2445 1576 contempsit,
2468 1505 2559 1575 qui
2581 1507 2852 1560 ctelestem
2879 1522 2984 1560 non
3010 1506 3259 1577 gustavit.
3284 1504 3395 1558 Non

1848 1612 1974 1652 raro
2016 1614 2114 1653 nos
2144 1614 2174 1652 a
2211 1615 2347 1661 vana
2378 1599 2543 1670 gloria
2583 1600 2841 1653 virtutum
2874 1600 3143 1654 thesauris
3185 1598 3398 1667 spoliati

1848 1697 1905 1743 et
1933 1690 2104 1754 exuti,
2135 1691 2593 1761 eonversipostea
2622 1692 2766 1744 illam
2794 1690 2961 1745 multo
2994 1691 3249 1745 solertius
3276 1704 3402 1758 spo-

1850 1778 2119 1833 liavimus.
2160 1780 2529 1834 Animadverti
2553 1781 2811 1847 quosdam
2852 1780 3068 1834 virtutis
3106 1788 3157 1833 et
3182 1780 3402 1848 spiritus

1851 1870 2023 1924 sancti
2069 1870 2243 1924 studia
2289 1886 2411 1923 cum
2454 1887 2588 1924 vana
2630 1872 2797 1942 gloria
2833 1872 2995 1941 280
3019 1872 3267 1940 coepisse,
3305 1871 3400 1925 sed

1846 1961 2191 2031 postmodum
2237 1961 2445 2030 abjecto
2477 1961 2619 2014 malo
2649 1963 2893 2028 exordio,
2947 1962 3147 2032 optimo
3204 1961 3305 2014 ﬁne
3333 1962 3401 2015 ob

1846 2062 2107 2107 mutatam
2166 2064 2395 2109 mentem
2463 2068 2598 2123 opus
2659 2055 3012 2110 conclusisse.
3091 2053 3405 2122 Quicunque

1847 2154 2056 2200 naturae
2091 2146 2270 2211 donis,
2331 2146 2596 2211 acumine,
2655 2144 2895 2214 inquam,
2957 2146 3177 2215 ingenii,
3223 2145 3407 2200 docili-

1851 2246 1979 2303 tate,
2030 2238 2283 2302 lectione,
2335 2238 2615 2293 commoda
2664 2237 3120 2307 pronuntiatione,
3154 2239 3407 2307 prmclara

1854 2330 2058 2395 indole,
2092 2342 2146 2386 et
2179 2331 2279 2386 hoc
2306 2348 2478 2402 genus
2508 2331 2630 2384 aliis
2661 2340 2863 2385 natura:
2905 2331 3257 2395 ornamentis,
3298 2345 3405 2383 non

1852 2421 2035 2477 labore
2078 2424 2265 2491 partis,
2313 2423 2408 2477 sed
2454 2424 2737 2478 nobiscum
2772 2423 2912 2477 nalis
2939 2422 3232 2486 extollitur,
3266 2437 3408 2474 nun-

1851 2530 2013 2582 quam
2041 2514 2354 2568 ccelestibus
2381 2530 2501 2583 quas
2541 2523 2787 2569 naturam
2824 2522 3095 2584 superant,
3130 2513 3286 2567 bonis
3312 2528 3406 2582 po-

1854 2605 2037 2658 tietur.
2082 2604 2186 2669 Qui
2221 2606 2355 2657 enim
2390 2607 2443 2657 in
2481 2608 2684 2658 modico
2715 2607 2940 2674 inﬁdelis
2968 2617 3043 2660 est
3066 2606 3133 2671 ⁸⁸,
3165 2606 3217 2659 in
3243 2604 3410 2658 multo

1854 2713 2071 2767 quoque
2100 2698 2350 2763 inﬁdelis,
2396 2708 2447 2753 et
2485 2714 2616 2752 vana
2656 2699 2821 2769 gloria
2889 2700 3235 2755 intumescet.
3270 2700 3410 2753 Sunt

1853 2790 1965 2859 qui,
1982 2799 2041 2845 ut
2062 2806 2366 2860 supremam
2386 2792 2549 2846 animi
2571 2793 3032 2861 tranquillitatem,
3047 2806 3099 2845 et
3115 2791 3411 2845 emlestium

1853 2883 2120 2937 donorum
2154 2883 2486 2947 thesaurum,
2526 2892 2579 2937 et
2609 2885 3085 2953 perpetrandorum
3116 2882 3409 2936 miraculo-

1860 2990 1981 3028 rum
2009 2976 2256 3044 gratiam,
2290 2985 2344 3030 et
2380 2992 2559 3030 rerum
2596 2977 2897 3030 futurarum
2934 2974 3294 3042 cognitionem
3321 2990 3410 3028 as-

1861 3078 2177 3137 sequantnr,
2231 3084 2330 3123 sua
2380 3084 2605 3139 corpora
2650 3077 2846 3123 vexant
2899 3079 2952 3123 et
3000 3068 3258 3138 alllignnt,
3290 3081 3414 3120 cum

199 3144 276 3214 τῷ
305 3145 595 3217 λικμήτορι
626 3147 709 3217 τῷ,
738 3148 871 3218 πρὸς
897 3149 1159 3217 ὠφέλειαν
1195 3151 1300 3203 τῶν
1327 3151 1627 3205 ἀκουόντων
1661 3154 1752 3217 τὰς

1860 3160 2110 3227 ignorent
2154 3160 2336 3216 miseri
2389 3161 2695 3229 hujusmodi
2740 3161 3005 3215 dorarum
3036 3158 3415 3230 praarogativas

199 3237 399 3309 ἀρετὰς
430 3238 781 3309 θριαμϐεύειν
809 3242 1155 3296 ὑποϐάλλοντι
1183 3244 1294 3313 (20)
1324 3259 1338 3272 °
1388 3246 1448 3298 Τί
1479 3246 1586 3313 γὰρ
1610 3245 1752 3315 ὠφε-

1857 3266 1962 3305 non
2017 3252 2313 3315 laboribus,
2348 3252 2443 3306 sed
2484 3252 2790 3306 humilitate
2819 3253 2946 3321 'pari
2990 3262 3043 3306 et
3090 3250 3413 3320 comparari.

198 3330 375 3395 λήσει
399 3330 727 3398 ἅνθρωπος,
758 3332 866 3387 ἐὰν
896 3333 1044 3388 ὅλον
1066 3335 1172 3387 τόν
1198 3338 1426 3404 κόσμον
1462 3336 1746 3405 κερδήσῃ,

1854 3342 2110 3412 Quisquis
2169 3358 2266 3412 pro
2334 3343 2616 3397 conatibus
2678 3344 2793 3397 suis
2837 3344 2977 3397 dona
3018 3343 3277 3411 reposcit,
3335 3342 3416 3396 lu-

198 3421 415 3473 ἑαυτὸν
439 3421 507 3474 δὲ
533 3420 782 3491 ζημιωθῇ
797 3439 835 3506 ;¹
864 3425 1025 3477 Οὐδὲν
1052 3424 1224 3489 οὕτως
1249 3425 1323 3489 ὡς
1358 3428 1628 3493 ταπεινὸν,
1659 3430 1752 3481 καὶ

1852 3434 2061 3488 brieum
2112 3435 2264 3489 valde
2304 3450 2486 3489 rerum
2540 3452 2757 3490 suarum
2804 3434 3207 3489 fundamentum
3241 3432 3412 3502 ponit.

199 3516 485 3570 ἀνόθευτον
508 3513 657 3589 ἦθος,
688 3520 781 3572 καὶ
815 3520 969 3588 λόγος
999 3521 1122 3585 τοὺς
1147 3521 1384 3592 ὁρῶντας
1408 3524 1752 3595 οἰκοδομῆσαι

1859 3524 1960 3590 Qui
1988 3540 2115 3579 vero
2157 3525 2451 3579 debitorem
2497 3540 2557 3580 se
2596 3526 2858 3595 agnoscit,
2907 3525 2995 3579 ille
3035 3524 3415 3594 inexspectatis

199 3608 419 3663 δύναται
444 3625 460 3640 ·
507 3613 712 3680 γίνεται
741 3612 847 3683 γὰρ
880 3616 971 3667 καὶ
1002 3614 1204 3685 ἑτέροις
1220 3617 1435 3695 ,ἐφόδιον
1460 3616 1555 3670 τοῦ
1591 3618 1752 3688 μηδέ-

1861 3628 1914 3673 et
1944 3618 2139 3673 subitis
2189 3626 2244 3672 et
2290 3618 2428 3672 coelo
2474 3616 2744 3671 thesauris
2791 3616 3225 3685 locupletabitur.
3275 3613 3417 3669 Cave

200 3718 327 3755 ποτε
364 3704 683 3774 ἐπαίρεσθαι
712 3720 727 3736 ’
782 3700 841 3760 οὗ
876 3707 928 3759 τί
982 3706 1048 3759 ἂν
1095 3708 1356 3777 ὡφελείας
1400 3710 1579 3781 μεῖζον
1624 3711 1752 3764 καθ-

1859 3711 1994 3766 ﬁdas
2023 3710 2331 3765 ventilatori
2386 3725 2479 3765 seu
2527 3708 2704 3779 potius
2748 3708 3125 3778 prmstigiatori
3164 3721 3285 3761 cum
3320 3704 3417 3759 tibi

203 3793 464 3864 έστηκενς
1767 3805 1771 3810 ’
1855 3788 2111 3872 suggerit,
2143 3802 2219 3855 uti
2254 3801 2430 3855 studia
2462 3802 2727 3855 virtutum
2771 3790 2989 3855 tuarum
3024 3800 3163 3869 apud
3193 3799 3327 3852 alios
3352 3795 3418 3850 ad

202 3885 511 3941 auditorum
547 3884 828 3940 utilitatem
873 3886 1150 3954 praedices,
1219 3903 1274 3944 et
1328 3891 1539 3960 publice
1582 3892 1726 3946 velut
1766 3891 1819 3945 in
1860 3891 2133 3960 triumpho
2190 3893 2512 3959 spectandas
2554 3904 2845 3958 proponas.
2882 3888 3016 3951 Quid
3043 3889 3180 3941 enim
3212 3889 3419 3956 prodest

203 3971 422 4034 homini,
460 3974 506 4027 si
535 3974 829 4027 universum
857 3976 1106 4027 mundum
1140 3977 1391 4043 lucretur,
1430 3990 1480 4033 et
1508 3980 1609 4033 sibi
1658 3981 1759 4049 ipsi
1794 3989 1976 4032 noceat
2003 3980 2094 4033 ⁸⁵⁸2
2130 3977 2276 4032 Nihil
2304 3982 2374 4033 ita
2430 3980 2503 4033 ad
2532 3979 2779 4047 pietatem
2814 3985 2991 4030 movet
3057 3984 3413 4046 spectatores,

203 4080 362 4134 quam
401 4068 692 4136 simplices
732 4078 784 4123 et
833 4068 1062 4124 humiles
1120 4070 1426 4139 sincerique
1480 4088 1658 4126 mores
1700 4080 1754 4125 ct
1791 4087 2010 4126 sermo:
2041 4081 2125 4127 est
2180 4073 2323 4126 enim
2350 4079 2404 4126 et
2460 4072 2581 4125 aliis
2604 4071 2985 4123 documentum
3017 4076 3070 4122 et
3090 4066 3417 4146 exemplum,

204 4172 268 4210 ne
314 4172 555 4227 unquam
606 4161 661 4213 in
709 4161 1015 4231 superbiam
1062 4160 1371 4225 eﬂ‘eranlur,
1417 4178 1525 4231 quo
1571 4164 1755 4217 nescio
1792 4163 1915 4231 quis
1983 4162 2158 4231 major
2192 4162 2316 4217 inde
2371 4162 2578 4217 fructus
2612 4164 2873 4219 exsistere
2908 4158 3096 4228 possit.

283 4251 695 4321 Ἐπεσημήνατό
733 4269 817 4316 τις
861 4253 970 4306 τῶν
1015 4254 1146 4324 esqu
1178 4254 1517 4325 δυναμένων,
1559 4259 1651 4311 καὶ
1685 4256 1752 4309 δι-

1926 4252 2245 4310 Observavit
2268 4256 2534 4326 quispiam
2560 4271 2621 4310 ex
2651 4256 2716 4309 iis
2744 4254 2837 4324 qui
2867 4251 3079 4307 acutius
3105 4248 3417 4317 huiusmodi

205 4345 385 4414 ηγείτο
409 4342 618 4413 βλέπων
636 4360 654 4376 ·
673 4343 920 4413 Ὄτιπερ,
949 4349 1131 4415 φησὶν,
1156 4350 1213 4401 ὲν
1236 4348 1490 4420 συνεδρίῳ
1515 4367 1616 4419 μου
1635 4348 1752 4403 καθ-

1858 4348 2137 4418 pervidere
2175 4350 2319 4403 soliti
2364 4359 2509 4415 sunt,
2541 4360 2592 4403 et
2618 4347 2760 4417 quod
2789 4343 2922 4398 vidit
2961 4343 3231 4411 exposuit.
3258 4340 3417 4407 Cum,

205 4437 404 4506 ημένου
432 4434 745 4505 ἐληλυθότες
789 4435 837 4488 oi
864 4434 963 4505 τῆς
988 4439 1284 4503 κενοδοξίας
1320 4441 1413 4494 καὶ
1450 4443 1549 4510 τῆς
1594 4443 1752 4511 ὑπερ-

1861 4440 2060 4508 inqnit,
2100 4439 2256 4508 281
2307 4440 2359 4493 in
2393 4449 2535 4494 coetu
2582 4438 2809 4490 fratrum
2860 4434 3125 4498 sederem,
3161 4444 3421 4488 venerunt

207 4530 440 4598 ηφανίας
466 4528 715 4598 δαίμονες
744 4527 800 4594 ἐξ
826 4527 1160 4597 ἑκατέρωθέν
1192 4548 1289 4599 μου
1334 4532 1617 4601 ἐκάθηντο,
1666 4533 1752 4586 καὶ

1858 4530 1966 4583 (1υο
2000 4529 2230 4598 improbi
2265 4529 2553 4591 dzemones,
2587 4527 2721 4578 alter
2746 4539 2897 4578 vana:
2926 4523 3129 4593 gloriae,
3165 4523 3298 4576 alter
3327 4537 3420 4595 su-

206 4620 235 4671 ὁ
265 4622 361 4689 μὲν
390 4620 582 4673 ἔνυττε.
603 4637 703 4690 μου
732 4621 827 4688 τὴν
851 4618 1086 4690 πλευράν
1121 4621 1198 4689 τῷ
1227 4621 1471 4691 δακτύλῳ
1496 4621 1657 4674 αὐτοῦ
1680 4623 1752 4694 τῷ

1860 4621 2072 4691 perbiaa,
2104 4621 2197 4691 qui
2231 4622 2479 4689 utrinque
2515 4619 2677 4672 latera
2724 4633 2840 4672 mea
2888 4616 3178 4687 stipabant,
3212 4624 3264 4668 et
3289 4614 3419 4667 alter

208 4712 462 4782 κενοδόξῳ
510 4712 947 4783 προτρεπόμενός
995 4727 1061 4781 με
1107 4711 1280 4780 λέγειν
1323 4713 1439 4765 τινὰ
1466 4712 1755 4786 θεωρίανῆ

208 4803 487 4875 ἐργασίαν,
517 4804 583 4873 ἢν
611 4805 885 4875 πεποίηκα
927 4806 983 4857 ἐν
1015 4805 1081 4874 τῇ
1112 4804 1319 4874 ἐρήμῳ.
1369 4803 1455 4866 Ὠς
1488 4804 1543 4856 δὲ
1573 4803 1759 4858 τοῦτον

208 4880 580 4965 ἀπεσεισάμην
644 4894 850 4951 εἰπών’
932 4898 1485 4965 Ἀποστραφείησαν
1544 4900 1629 4962 εἰς
1691 4900 1760 4953 τὰ

208 4988 398 5042 ὀπίσω
426 4987 540 5058 (2i)
569 4989 665 5041 καί
695 4979 1276 5061 καταισχυνθείησαν
1308 4993 1361 5044 ot
1397 4988 1759 5058 λογιζόμενοί

202 5096 301 5147 μοι
330 5078 510 5134 κακά·
564 5077 753 5131 θᾶττον
778 5082 807 5133 ὁ
834 5080 1209 5151 ἔξιεὺωνὺμων
1240 5081 1371 5152 πρὸς
1409 5080 1468 5132 τὺ
1505 5075 1755 5150 ἐμὸν-οὖς

208 5172 419 5241 ἔλεγεν·
448 5168 621 5242 Εὖγε,
665 5166 803 5240 εὖγε
834 5174 1136 5243 πεποίηκας
1169 5172 1279 5243 (22)
1299 5189 1314 5205 -
1346 5171 1636 5239 καὶμέγας
1665 5173 1758 5239 γέ-

205 5278 387 5329 γονας,
439 5248 537 5334 τὴν
582 5262 719 5334 ἐμὴν
768 5262 1148 5333 ἁναιδεστάτην
1184 5263 1392 5334 μητέρα
1441 5261 1756 5331 νενικηκώς.

208 5352 344 5421 Πρὸς
370 5355 430 5407 ὃν
457 5354 568 5422 ἐγὼ
596 5353 893 5415 εὐθυὸόλως
916 5354 978 5406 τὸ
998 5355 1125 5425 ἑξῆς
1151 5356 1240 5408 τοῦ
1269 5355 1447 5425 στίχου
1478 5353 1758 5409 ἀναλαϐὼν

209 5447 422 5515 εἴρηκαν
480 5446 1060 5515 Ἀποστραφήτωσαν
1095 5449 1424 5517 παραυτίκα
1471 5449 1756 5515 αἰσχυνό·

207 5551 370 5605 μενοι
416 5541 471 5592 οι
521 5538 797 5609 λέγοντές
841 5555 973 5608 μοι’
1021 5536 1197 5609 Εὖγε,
1248 5536 1384 5610 εὖγε
1434 5541 1750 5612 πεποίηκας.

183 5609 191 5627 ’
224 5626 587 5699 Ἑρωτήσαντί
614 5649 702 5701 μοι
728 5632 817 5685 τὸν
850 5630 1009 5685 αὐτὸν
1044 5631 1155 5696 πῶς
1192 5635 1224 5705 ἡ
1268 5609 1533 5695 κενοδοξία
1577 5609 1757 5705 μήτηρ

215 5715 594 5786 ὑπερηφανίας
605 5720 736 5791 (9.5),
758 5721 1109 5792 ἁπεκρίνατο*
1144 5723 1205 5774 Οἱ
1226 5723 1324 5791 μὲν
1346 5723 1549 5775 ἔπαινοι
1569 5724 1760 5793 ὑψούσι

1861 4713 1949 4767 ille
1981 4713 2150 4784 digito
2184 4727 2334 4766 vana:
2357 4712 2540 4782 glorim
2568 4711 2794 4781 pupugit
2827 4710 2971 4764 latus
3005 4724 3205 4771 meum,
3237 4708 3418 4759 horta-

1865 4815 1949 4859 tus
2000 4815 2056 4858 ut
2092 4803 2306 4873 publice
2334 4818 2644 4857 enarrarem
2683 4802 2857 4856 visum
2890 4800 3106 4870 aliquod
3147 4805 3238 4851 aut
3282 4810 3417 4863 opus

1862 4896 2006 4964 quod
2043 4896 2096 4947 in
2123 4880 2409 4947 solitudine
2441 4904 2858 4964 perpetrassem.
2890 4894 3025 4948 Cum
3055 4906 3179 4945 vero
3207 4888 3417 4957 genium

1860 4987 2005 5039 hunc
2047 4984 2345 5051 improbum
2392 5001 2421 5037 a
2473 5001 2557 5039 me
2599 4988 2915 5056 repulisscm
2952 4984 3078 5036 illud
3124 4986 3417 5047 precatus:

1859 5082 2173 5132 Avertantur
2224 5086 2507 5131 retrorsum
2565 5089 2613 5133 et
2669 5080 2992 5140 erubescant,
3045 5074 3132 5141 qui
3184 5071 3416 5139 cogitant

1865 5169 1990 5223 mihi
2025 5167 2167 5220 mala
2196 5168 2239 5199 ⁸⁷
2276 5187 2289 5223 z
2329 5181 2440 5223 tum
2477 5174 2657 5226 statim
2690 5174 2779 5241 qui
2812 5171 2878 5224 ab
2908 5166 3142 5222 sinistris
3167 5164 3296 5218 mihi
3328 5180 3415 5220 as-

1866 5262 2021 5324 sedit,
2054 5260 2107 5313 in
2139 5275 2324 5315 aurem
2357 5262 2719 5319 insusurravit
2750 5284 2763 5318 :
2802 5258 2938 5330 Euge
2966 5275 3121 5329 euge,
3161 5259 3414 5327 praeclare

1860 5354 2067 5418 fecisti,
2117 5364 2172 5409 et
2211 5371 2436 5426 magnus
2481 5359 2719 5422 evasisti,
2768 5355 2858 5425 qui
2896 5353 3413 5423 impudentissimam

1859 5446 2174 5515 genitricem
2209 5462 2383 5503 meam
2418 5449 2681 5503 devicisti.
2718 5445 2814 5500 Cui
2853 5460 2951 5515 ego
2991 5456 3133 5501 recte
3161 5442 3303 5514 quod
3332 5455 3410 5495 se-

1859 5536 2041 5607 quitur
2063 5536 2115 5591 in
2142 5552 2299 5593 versu
2318 5582 2331 5604 ,
2367 5540 2681 5594 Avertantur
2715 5539 2907 5592 statim
2926 5538 3296 5597 erubescentes,
3322 5533 3411 5600 qu'

1862 5632 2043 5685 dicunt
2074 5632 2201 5684 mihi
2229 5649 2241 5687 :
2267 5631 2431 5702 Euge,
2453 5649 2592 5701 euge,
2628 5632 2884 5701 praeclare
2918 5631 3109 5687 fecisti.
3145 5628 3409 5692 Quaerenti

1866 5727 1999 5781 mihi
2024 5741 2087 5782 ex
2111 5727 2295 5785 eodem
2315 5738 2482 5800 patre,
2511 5728 2779 5797 quomodo
2803 5742 2937 5782 vana
2960 5723 3123 5795 gloria
3153 5717 3414 5790 superbia:

192 5947 206 5958 ,
284 5891 329 5922 ⁸³
363 5889 491 5946 Luc.
520 5906 627 5957 1m,
666 5892 747 5965 l0.
822 5894 867 5927 ³⁸
899 5893 1082 5949 Matth.
1119 5908 1229 5963 avt,
1256 5895 1344 5950 ‘36.
1420 5895 1462 5925 ⁸⁷
1493 5895 1633 5951 Psal.
1674 5914 1853 5968 xxxix,
1884 5899 1967 5952 15.
