4030 6342
620 376 729 439 955

1862 384 1919 443 S.
1945 384 2260 444 JOANNIS
2277 385 2573 452 CLlMACl

3723 390 3874 452 955‘

613 505 811 559 parcns
859 501 1031 554 esset,
1091 492 1310 558 laudes,
1364 494 1558 562 inquit,
1601 494 1862 549 extollunt
1893 506 1946 550 et
1978 496 2164 550 inilant

2285 500 2358 551 ιαὶ
2386 501 2664 567 φυσίοῦσιν
2683 519 2697 532 υ
2739 499 3035 570 ὐψωθείσης
3057 501 3116 552 δέ
3144 501 3242 569 τῆς
3261 501 3457 570 ψυχῆς,
3486 501 3608 552 τότε
3643 499 3836 567 αὐτὴν

620 581 856 635 animam
893 600 906 634 :
939 582 1132 636 elatam
1166 594 1344 638 autem
1378 585 1625 654 superbia
1656 587 1866 654 arripit,
1896 595 1950 639 et
1972 587 2024 638 in
2051 603 2162 641 co:-

619 672 728 724 lum
762 687 934 740 usque
963 675 1177 738 evehit,
1209 684 1262 728 et
1303 691 1424 729 mox
1456 674 1520 729 ad
1553 684 1748 729 tartara
1785 677 2038 731 detrudit.
2073 677 2167 733 Est

618 763 787 831 gloria
826 781 946 833 qua:
977 782 1004 818 ο
1039 766 1147 820 Deo
1176 768 1578 836 proliciscitur:
1613 767 1741 838 Ego,
1775 767 1970 837 inquit,
2005 771 2165 838 glori-

620 855 833 921 ﬁcantes
866 873 944 910 me
975 858 1278 926 glori/icabo
1300 859 1378 924 ἐς
1407 869 1461 913 et
1480 868 1561 914 est
1581 875 1700 929 qua:
1730 859 1934 915 artibus
1967 862 2165 916 diaboli

619 948 992 1002 concinnatur.
1041 947 1126 1002 Va:
1148 987 1164 1011 ,
1195 949 1400 1017 inquit,
1438 966 1556 1002 cum
1589 966 1674 1004 vos
1709 948 1881 1004 beatos
1907 952 2167 1019 prwdica-

623 1040 783 1092 terim
816 1056 990 1094 omnes
1022 1041 1252 1093 homines
1275 1042 1340 1093 θ’.
1374 1041 1613 1094 Priorem
1648 1041 1789 1095 illam
1818 1045 2027 1113 (vanam
2055 1043 2170 1112 glo-

621 1129 782 1192 riam,
810 1130 1065 1199 inquam)
1119 1131 1402 1186 manifeste
1454 1131 1839 1200 deprehendes,
1889 1134 1979 1187 ubi
2021 1135 2168 1188 illam

587 1255 590 1258 .
622 1220 771 1274 velut
796 1222 1011 1276 noxiam
1039 1223 1133 1278 tibi
1157 1236 1331 1287 ratus,
1354 1222 1603 1279 omnibus
1628 1225 1805 1279 modis
1829 1224 1998 1279 fueris
2015 1240 2169 1280 aver-

622 1323 797 1374 satus,
825 1323 880 1365 et
914 1329 1237 1384 quacunque
1264 1316 1367 1369 iter
1394 1316 1609 1376 ieceris.
1646 1325 1791 1371 tuam
1824 1318 2034 1372 vivendi
2069 1300 2172 1372 ra-

625 1403 823 1458 tiouem
852 1405 1134 1460 celaveris.
1179 1407 1410 1461 Alteram
1441 1423 1570 1462 vero
1603 1407 1929 1478 (superbiam
1959 1410 2171 1479 nempe)

623 1493 1011 1561 deprehendes,
1038 1494 1152 1559 ubi,
1181 1495 1225 1550 si
1257 1495 1518 1565 quidquid
1542 1497 1753 1550 tandem
1785 1497 1994 1563 feceris,
2025 1507 2082 1550 ut
2107 1498 2172 1551 ab

625 1584 919 1638 hominibus
950 1586 1152 1640 videare
1174 1588 1242 1651 ὀ,
1273 1588 1602 1657 suggesserit
1632 1587 1720 1640 illa
1750 1590 1958 1658 impura
1995 1590 2171 1654 nobis,

626 1685 686 1730 ut
716 1677 979 1746 ﬁngamus
1011 1679 1172 1748 282
1197 1695 1316 1732 eam
1347 1694 1445 1734 nos
1477 1680 1727 1734 virtutem
1769 1682 2041 1749 possidere
2067 1697 2175 1750 qua

623 1782 870 1822 caremus
903 1788 916 1822 :
949 1768 1035 1822 Sic
1074 1773 1210 1823 enim
1242 1771 1429 1836 luceat,
1467 1771 1658 1839 inquit,
1689 1771 1781 1825 tua:
1810 1782 1978 1825 vestra
1999 1788 2175 1825 coram

2267 592 2302 659 ή
2331 590 2670 660 ὑπερηφανία
2697 588 2929 643 λαϐοῦσα
2969 589 3222 658 ἀναφέρει
3262 589 3364 651 ἓως
3403 588 3512 642 τῶν
3542 588 3835 658 οὐρανῶν,

2267 683 2363 735 καὶ
2386 681 2679 752 καταφέρει
2705 681 2808 743 ἕως
2831 681 2937 734 τῶν
2967 680 3232 733 ἀϐύσσων.
3267 680 3416 732 Ἔστι
3444 679 3573 742 δόξα
3603 680 3675 730 ἐκ
3708 678 3836 730 Κυ-

2270 773 2386 843 ρίου
2441 769 2878 843 προ[σ]γινομένη
2913 787 2927 801 ο
2985 770 3131 836 Τοὺς
3187 769 3292 838 γὰρ
3335 766 3704 831 δοξάζον-τάς
3755 782 3838 834 με

2267 860 2539 925 δοξάσω,
2587 861 2783 930 φησίν·
2837 863 2929 915 καὶ
2971 861 3115 915 ἐστιν
3167 863 3230 914 ἑκ
3277 860 3588 929 διαϐολικῆς
3632 875 3834 928 παρα-

2273 954 2470 1022 σκευῆς
2498 949 2946 1004 ἑπακολουθοῦσα.
2983 951 3125 1006 Οὐαί
3154 950 3280 1021 γὰρ,
3312 950 3494 1020 φησιν,
3534 948 3690 1002 ὅταν
3719 965 3834 1001 κα·-

2271 1042 2391 1109 λῶς
2423 1043 2574 1111 ὑμᾶς
2601 1042 2811 1094 εἴπωσι
2839 1041 3058 1104 πάντες
3079 1043 3134 1094 οι
3163 1040 3472 1108 ἅνθρωποι.
3510 1036 3838 1108 Ἐπιγνώσῃ

2274 1135 2456 1203 σαφῶς
2487 1134 2584 1204 τὴν
2615 1132 2900 1204 προτέραν,
2925 1133 3122 1185 ὁπόταν
3150 1131 3316 1202 αὐτὴν
3341 1130 3415 1192 ὡς
3447 1129 3652 1200 βλάϐην
3677 1130 3838 1196 λογι-

2273 1225 2496 1295 ζόμενος
2533 1223 2681 1293 πάσῃ
2715 1224 2926 1292 μηχανῇ
2957 1220 3158 1290 ταύτην
3180 1221 3512 1291 ἀποστρέφῃ.
3553 1220 3667 1272 Καὶ
3690 1220 3835 1272 ὅπου

2271 1317 2319 1370 δ’
2349 1318 2414 1370 ἂν
2445 1314 2647 1386 πορεύῃ
2691 1308 2790 1382 τὴν
2834 1311 3056 1366 σεαυτοῦ
3103 1311 3374 1364 πολιτείαν
3419 1309 3794 1379 ἀποκρύπτῃς
3818 1326 3831 1336 ·

2273 1411 2373 1481 τὴν
2396 1410 2450 1462 δὲ
2479 1410 2753 1479 δευτέραν,
2781 1408 2978 1460 ὁπόταν
3001 1403 3102 1458 κᾶν
3123 1403 3185 1456 τδ
3211 1403 3370 1472 τυχδν
3406 1402 3542 1474 πρὸς
3567 1402 3662 1454 τὸν
3691 1404 3836 1454 θεα-

2277 1500 2452 1568 θῆναι
2486 1498 2609 1564 τοῖς
2645 1497 2969 1564 ἀνθρώποις
3010 1492 3214 1563 ἐργάζῃ
3245 1492 3358 1563 (25)
3393 1490 3837 1562 σχηματίζεσθαι

2277 1593 2422 1661 ἡμᾶς
2448 1590 2546 1660 τὴν
2571 1589 2631 1641 ού
2661 1586 2962 1656 προσοῦσαν
2988 1587 3120 1655 ἡμῖν
3146 1582 3343 1654 ἀρετὴν
3369 1585 3402 1653 ἡ
3435 1583 3606 1653 μιαρὰ
3632 1581 3837 1634 ὕπατε.

2280 1683 2452 1734 θεται.
2491 1681 2685 1744 Οὕτως
2711 1680 2841 1747 γὰρ,
2875 1677 3057 1746 φησὶν,
3090 1675 3378 1743 λαμψάτω
3399 1673 3467 1726 τὸ
3499 1672 3624 1741 φῶς
3660 1671 3838 1740 ὑμῶν·

2280 1772 2616 1839 ἔμπροσθεν
2647 1767 2765 1822 τῶν
2800 1765 3135 1834 ἀνθρώπων,
3173 1765 3328 1831 ὅπως
3365 1763 3535 1817 ῑδωσι
3570 1763 3645 1817 τὰ
3670 1762 3840 1816 καλὰ

629 1859 946 1923 hominibus,
976 1869 1032 1912 ut
1062 1863 1266 1914 videant
1297 1837 1553 1931 (subjicitl
1576 1878 1730 1929 opera
1755 1873 1921 1916 vestra
1950 1863 2083 1917 bona
2108 1864 2172 1917 ⁹¹.

2285 1837 2445 1932 ἀμῶν
2471 1862 2634 1929 ἔργα,
2665 1859 3051 1938 ὑποϐἀλλουσα.

703 1949 1082 2020 Saepenumero
1116 1951 1258 2006 Deus
1294 1968 1443 2006 vana:
1488 1953 1667 2021 gloriae
1709 1955 1931 2023 cupidos
1969 1970 2066 2024 per
2097 1954 2174 2008 in-

629 2051 995 2110 cxspectatant
1042 2043 1278 2111 aliquam
1317 2042 1664 2111 ignominiam
1707 2043 1760 2097 in
1812 2036 2178 2114 contemptum

626 2147 779 2186 vana:
808 2134 992 2204 gloriae
1021 2133 1256 2188 adducit.
1297 2133 1511 2186 Initium
1543 2135 1609 2187 de
1641 2149 1778 2188 vana
1811 2135 1982 2206 gloria
2007 2137 2181 2189 victo-

628 2222 743 2288 rizc,
771 2231 854 2277 est
886 2224 1130 2278 custodia
1157 2224 1372 2295 linguae,
1404 2235 1457 2279 et
1486 2223 1804 2279 desiderium
1836 2226 2162 2294 ignominia).

631 2314 862 2368 Medium
907 2318 1104 2386 attigit,
1158 2317 1253 2386 qui
1299 2316 1650 2386 cogitationes
1697 2331 1886 2372 omnes
1930 2318 1998 2372 ad
2031 2333 2182 2372 vana:

632 2405 816 2473 gloria:
845 2407 1023 2460 studia
1056 2406 1330 2461 trahentes
1369 2407 1630 2476 praecidit.
1667 2408 1748 2461 Ad
1788 2409 1946 2462 linem
1974 2417 2028 2462 et
2054 2416 2183 2477 'per-

633 2497 915 2552 teetionem
947 2499 1185 2568 pervenit
1213 2487 1487 2568 (si'tamen
1533 2501 1588 2553 in
1639 2499 1740 2553 hae
1767 2500 2027 2554 immensa
2058 2515 2182 2570 pro-

635 2587 916 2642 funditatis
966 2588 1222 2657 voragine
1264 2587 1386 2641 linis
1428 2587 1573 2641 ullus
1622 2588 1944 2656 deprehendi
1986 2588 2182 2656 potest)

632 2680 727 2748 qui
757 2695 1005 2733 exercere
1031 2681 1216 2733 omnia
1240 2678 1473 2748 publice,
1496 2679 1613 2733 sine
1635 2679 1744 2733 ullo
1769 2679 1968 2733 doloris
1998 2694 2181 2745 sensu,

634 2785 757 2839 qua
780 2770 848 2823 ad
876 2779 1117 2824 nostram
1151 2771 1500 2840 ignominiam
1533 2772 1819 2840 pertinent,
1860 2787 1965 2826 non
1994 2774 2185 2828 erube-

634 2858 756 2915 scit.
784 2859 906 2912 Non
933 2867 1016 2913 est
1045 2860 1190 2928 quod
1219 2863 1381 2923 celes,
1423 2875 1542 2929 quae
1587 2859 1680 2912 tibi
1709 2859 1957 2920 ruborem
2004 2864 2184 2929 expri-

637 2961 809 3017 munt,
842 2960 1059 3020 propter
1086 2951 1304 3004 offensa:
1329 2952 1518 3004 aliena:
1544 2959 1768 3004 metum.
1797 2950 2060 3004 Cancrum
2093 2966 2187 3020 pro

638 3042 843 3096 ratione
887 3052 941 3096 et
985 3043 1134 3096 varia
1165 3042 1334 3112 culpa:
1384 3042 1690 3097 conditione
1722 3044 1869 3096 varia
1913 3052 2071 3107 sunt,
2132 3053 2189 3097 ut

2347 1953 2608 2015 Πολλάκις
2663 1954 2692 2005 ὁ
2735 1952 2934 2022 Κύριος
2981 1950 3102 2012 τοὺς
3142 1946 3442 2011 κενοδόξους
3490 1942 3555 1996 δι’
3601 1940 3837 2009 ἀτιμίας

2278 2041 2771 2113 ἑπισυμϐαινούσης
2811 2043 2889 2102 εἰς
2935 2037 3268 2102 ἀκενοδοξίαν
3321 2035 3648 2102 κατέστησεν
3692 2027 3832 2100 (26).

2291 2135 2456 2207 Ἀρχὴ
2482 2133 2822 2199 ἀκενοδοξίας
2869 2129 3077 2200 φυλακὴ
3129 2128 3410 2198 στόματος,
3458 2124 3552 2176 καὶ
3601 2119 3836 2189 ἀτιμίαις

2278 2227 2464 2295 ἀγάπη
2493 2241 2506 2255 ⁸
2539 2223 2771 2293 μεσότης
2796 2223 2851 2274 δὲ
2881 2221 3124 2290 ἀνακοπὴ
3155 2220 3370 2272 πάντων
3395 2215 3501 2268 τῶν
3522 2214 3836 2284 νοουμένων

2278 2319 2378 2388 τῆς
2403 2316 2702 2381 κενοδοξίας
2729 2313 3194 2383 ἐπιτηδευμάτων
3221 2309 3372 2372 τέλος
3400 2307 3458 2361 δὲ
3498 2307 3698 2388 (εῖπερ
3727 2305 3838 2375 ἀρα

2279 2413 2376 2464 καὶ
2401 2408 2516 2462 ἑστι
2548 2411 2616 2477 τῇ
2643 2393 2862 2474 ἀῦύσσιρ
2882 2402 3064 2470 τέλος)
3107 2403 3170 2455 τὸ
3194 2401 3265 2454 τὰ
3292 2401 3426 2470 πρὸς
3449 2397 3674 2467 ἀτιμίαν
3706 2411 3833 2447 συν-

2280 2499 2538 2556 τελοῦντα
2556 2499 2650 2552 ἐπὶ
2672 2497 2905 2567 πλήθους
2931 2493 3259 2565 ἐπιτηδεύειν
3279 2491 3714 2561 ἀνεπαισ¹.ήτως.
3742 2488 3836 2556 Μή

2283 2591 2491 2663 κρύπτε
2521 2591 2620 2661 σὴν
2648 2587 2905 2658 αίσχύνην
2933 2585 3018 2640 διὰ
3040 2585 3101 2638 τὺ
3124 2585 3300 2639 δοκεῖν
3327 2582 3401 2654 μὴ
3430 2581 3627 2635 διδόναι
3666 2577 3835 2648 πρόσ-
3947 2592 3960 2609 ο

2283 2699 2472 2754 κομμα
2493 2698 2508 2713 ο
2539 2681 2720 2735 λοιπὸν
2746 2681 2802 2732 δὲ
2830 2679 2926 2732 καὶ
2952 2677 3088 2748 πρὸς
3111 2676 3172 2729 τὺ
3202 2670 3339 2738 εἶδος
3371 2673 3462 2727 τοῦ
3497 2671 3835 2741 σφάλματος,

2282 2775 2344 2827 οὐ
2365 2776 2430 2844 τῇ
2454 2773 2589 2843 αὐτῇ
2613 2770 2942 2841 ἐμπλάστρῳ
2971 2769 3099 2831 ῖσως
3119 2765 3421 2839 χρήσασθαι
3439 2765 3565 2834 χρή.
3601 2763 3836 2816 Ὀπόταν

2284 2867 2442 2935 ἡμεῖς
2467 2865 2565 2934 τὴν
2587 2863 2742 2928 δόξαν
2771 2861 3072 2932 προσκαλού
3081 2859 3216 2931 μεθα
3239 2857 3371 2927 (27),
3393 2856 3488 2910 καὶ
3511 2857 3637 2907 ὅταν
3670 2851 3836 2920 ἀκλή-

2285 2973 2392 3018 τως
2429 2953 2519 3022 ὑφ’
2566 2953 2765 3022 ἑτέρων
2798 2950 3226 3022 προπεμπομένη
3277 2947 3412 3018 πρὸς
3459 2945 3607 3014 ἡμᾶς
3657 2957 3836 3010 παρα-

2287 3049 2522 3118 γίνηται.
2560 3046 2725 3098 Ὅταν
2757 3043 2891 3113 πρὸς
2935 3039 3233 3104 κενοδοξίαν
3276 3032 3679 3106 ἐπιτηδεύματά
3716 3047 3836 3083 τινα

635 3133 868 3199 videtur,
919 3133 1204 3204 pharmaca
1235 3134 1559 3189 adhibenda.
1596 3136 2038 3204 Quandocnnque
2071 3137 2184 3206 glo-

2290 3143 2462 3194 ποιεῖν
2495 3137 2967 3207 ἐπιχειρήσωμεν,
3014 3130 3108 3185 τοῦ
3141 3129 3347 3184 ἑαυτῶν
3371 3127 3598 3189 πένθους
3650 3124 3673 3199 [
3700 3139 3836 3196 μνη-

637 3226 774 3280 riam
808 3236 1110 3296 captamus,
1164 3235 1260 3280 aut
1295 3226 1510 3295 quando
1541 3242 1647 3279 non
1692 3237 1901 3295 captata
1949 3229 2018 3282 ab
2065 3229 2185 3283 aliis

638 3327 819 3374 tamen
853 3317 1124 3371 submissa
1169 3316 1341 3382 venit,
1398 3325 1492 3370 aut
1532 3317 1750 3384 quando
1801 3332 1951 3372 vana:
2004 3319 2187 3388 gloria:

636 3409 819 3466 studio
847 3408 1049 3479 aliquid
1077 3408 1292 3479 aggredi
1324 3408 1576 3463 molimur
1607 3427 1620 3462 :
1659 3418 1771 3462 tum
1798 3409 1850 3482 in
1874 3411 2188 3464 memoriam

638 3501 892 3557 salutaris
919 3503 1096 3556 luctus
1137 3501 1310 3556 nostri
1335 3501 1714 3570 regrediemur,
1751 3510 1805 3554 et
1847 3501 2086 3553 habitum
2132 3502 2189 3555 in

608 3632 610 3634 τ
641 3603 851 3649 secreto
879 3591 1141 3645 orationis
1165 3606 1348 3646 coram
1376 3591 1485 3646 Deo
1514 3606 1636 3645 cum
1666 3591 1859 3646 timore
1900 3599 1953 3645 et
1994 3607 2191 3660 pavore

641 3682 935 3736 astantium
957 3682 1010 3735 in
1042 3683 1358 3737 memoriam
1388 3682 1535 3738 brevi
1557 3683 1947 3747 revocabimus,
1970 3694 2023 3739 et
2049 3684 2191 3740 haud

638 3771 803 3825 dubie
853 3771 1218 3841 impudentem
1255 3773 1402 3827 illam
1445 3787 1635 3827 vanam
1679 3772 1900 3841 gloriam
1940 3775 2191 3828 retunde-

642 3877 784 3925 mus,
830 3863 876 3916 si
908 3872 1084 3915 tamen
1106 3861 1343 3917 studium
1367 3865 1614 3934 precandi
1636 3865 1844 3918 sincere
1866 3865 2027 3919 nobis
2049 3881 2191 3920 cura:

640 3961 747 4010 est.
772 3952 928 4020 Quod
959 3953 1006 4008 si
1033 3953 1136 4008 hoc
1165 3967 1266 4009 nos
1291 3969 1397 4009 non
1425 3954 1600 4023 juvat,
1639 3963 1749 4008 tum
1778 3957 1957 4010 statim
1984 3957 2049 4011 ad
2080 3973 2194 4012 me-

643 4045 872 4101 moriam
915 4047 1106 4101 mortis
1137 4055 1192 4100 et
1227 4048 1429 4102 exitum
1471 4047 1591 4100 vitae
1633 4062 1994 4105 recurramus.
2038 4047 2194 4114 Quod

641 4139 690 4195 si
721 4154 820 4194 nec
849 4148 962 4192 tum
1001 4139 1180 4204 cedat,
1215 4139 1402 4194 saltem
1448 4139 1796 4210 ignominiam
1838 4156 1958 4209 qua:
2001 4156 2193 4194 vanam

640 4229 866 4298 gloriam
891 4229 1158 4298 sequitur,
1191 4242 1497 4284 metuamus
1527 4247 1540 4282 :
1574 4230 1676 4294 Qui
1709 4231 1847 4282 enim
1877 4246 1932 4282 se
1967 4233 2191 4295 exultat,

641 4320 852 4373 omnino
880 4318 1247 4372 humiliabitur
1270 4322 1339 4384 θ’,
1373 4321 1532 4389 283
1555 4323 1715 4374 etiam
1745 4321 1797 4373 in
1829 4321 1926 4374 hac
1947 4322 2194 4389 prmsenti

641 4411 754 4464 vita
781 4419 905 4464 ante
930 4409 1172 4464 futurum
1201 4410 1479 4465 saeculum.
1523 4409 1750 4474 Quando
1776 4409 2080 4466 laudatores
2104 4423 2196 4467 aut

642 4497 822 4568 potius
850 4497 1175 4567 deceptores.
1196 4513 1298 4553 nos
1333 4497 1550 4552 laudare
1579 4497 1859 4568 coeperint,
1904 4511 2020 4552 tum
2043 4501 2199 4555 innu-
2229 4494 2273 4548 1)

642 4604 850 4644 meram
879 4599 1223 4659 peccatorum
1262 4601 1574 4646 nostrorum
1613 4591 2004 4658 multitudinem
2047 4594 2201 4648 nobis

643 4682 716 4736 ob
745 4683 934 4738 oculos
962 4695 1348 4751 proponemus,
1395 4693 1450 4737 et
1492 4697 1590 4737 nos
1619 4697 1839 4752 prorsus
1866 4683 2114 4753 indignos
2137 4685 2202 4741 iis

2293 3228 2663 3302 μονεύσωμεν]
2682 3267 2698 3292 ,
2746 3227 2840 3280 καὶ
2866 3226 2963 3296 τῆς
2989 3227 3058 3283 ἑν
3075 3226 3142 3294 τῇ
3189 3219 3459 3290 ἰδιαζούσῃ
3483 3216 3645 3289 ήμῶν
3673 3228 3833 3285 προσ-

2290 3323 2422 3392 ευχῇ
2465 3318 2700 3388 ἑμφόσου
2743 3315 3130 3386 παραστάσεως
3173 3310 3508 3379 ἑννοηθῶμεν
3539 3305 3835 3373 συντόμως,

2291 3414 2385 3466 καὶ
2421 3410 2638 3472 πάντως
2677 3406 3004 3477 ἐντρέψομεν
3033 3404 3132 3470 τὴν
3175 3401 3386 3469 ἀναιδῆ,
3428 3399 3585 3468 εἴπερ
3612 3396 3722 3466 ἄρα
3749 3393 3836 3445 καὶ

2293 3501 2599 3574 προσευχῆς
2644 3497 2900 3568 ἀληθινῆς
2949 3492 3387 3564 ἐπιμελούμεθα·
3438 3490 3489 3542 εί
3515 3487 3575 3542 δὲ
3623 3485 3711 3549 οὓ,
3741 3485 3836 3574 τῆς

2294 3572 2500 3648 ἑαυτῶν
2527 3589 2706 3656 ἐξόδου
2736 3587 3013 3658 συντόμως
3041 3585 3242 3639 ἔννοιαν
3268 3581 3542 3650 λάϐωμεν.
3566 3577 3632 3630 Et
3661 3574 3717 3628 δέ
3743 3572 3832 3643 μὴ,

2295 3685 2399 3740 κᾶν
2461 3682 2559 3754 τὴν
2617 3679 3078 3734 ἐπακολουθοῦσαν
3133 3675 3395 3746 αἰσχύνην
3448 3674 3517 3742 τῇ
3570 3665 3836 3735 κενοδοξία

2297 3773 2618 3845 φοϐηθῶμεν
2635 3789 2651 3805 ·
2688 3773 2741 3825 '0
2763 3771 2871 3840 γὰρ
2893 3768 3068 3838 ὑψῶν
3087 3767 3322 3828 ἑαυτὸν,
3346 3759 3834 3845 ταπεινωθήσεται

2296 3844 2552 3931 πάντως,
2576 3864 2669 3918 καὶ
2713 3861 2946 3915 ἐνταῦθα
2971 3856 3110 3930 [καὶ]
3132 3857 3238 3928 πρὸ
3260 3853 3354 3910 τοῦ
3389 3850 3673 3922 μέλλοντος
3710 3844 3833 3900 αίῶ-

2296 3975 2386 4021 νος
2403 3973 2417 3988 ’
2450 3957 2576 4009 ὃταν
2605 3955 2652 4006 οἱ
2676 3950 2972 4012 ἐπαινέται,
3001 3946 3196 4016 μᾶλλον
3216 3945 3273 3998 δὲ
3293 3941 3579 4011 πλανῆται,
3607 3934 3834 3993 ἐπαινεῖν

2297 4050 2442 4120 ἡμᾶς
2471 4045 2754 4115 ἄρξωνται,
2781 4038 2872 4093 τοῦ
2896 4036 3129 4108 πλήθους
3147 4035 3252 4090 τῶν
3273 4031 3508 4102 ἀνομιῶν
3529 4033 3564 4102 ή
3571 4031 3687 4101 μῶν
3706 4021 3834 4120 κατά

2298 4117 2422 4191 νοῦν
2457 4135 2730 4203 συντόμως
2758 4129 3230 4201 μνημονεύσωμεν,
3267 4123 3360 4177 καὶ
3388 4123 3690 4194 εὑρήσομεν
3714 4117 3833 4169 ἑαυο

2299 4229 2424 4290 τοὺς
2457 4225 2704 4290 ἀναξίους
2729 4224 2836 4276 τῶν
2868 4221 3167 4291 λεγομένων
3201 4217 3236 4288 ἢ
3285 4214 3686 4288 πραττομένων.
3723 4205 3833 4261 Εἰσὶ

2299 4321 2513 4379 πάντως
2545 4317 2638 4369 καὶ
2662 4315 2919 4379 κενόδοξοι
2950 4313 3006 4364 ἓν
3029 4325 3168 4363 τισιν
3205 4309 3495 4378 αἰτήμασιν
3527 4302 3704 4358 αὐτῶν
3730 4300 3833 4352 εἱσ-

2300 4408 2630 4478 ακουσθῆναι
2663 4405 2814 4475 παρά
2838 4402 2931 4457 τοῦ
2958 4398 3092 4454 Θεοῦ
3127 4397 3451 4468 ὀφείλοντες,
3478 4389 3555 4447 ὧν
3584 4394 3614 4445 ὁ
3648 4388 3830 4459 Κύριος

2300 4483 2838 4574 προκαταλαμϐάνειν
2869 4495 2965 4556 τὰς
2997 4492 3157 4563 εύχάς
3189 4492 3282 4545 καὶ
3311 4488 3409 4551 τὰς
3429 4486 3644 4556 δεήσεις
3681 4481 3834 4574 πέφυ·

2300 4572 2428 4650 κεν·
2470 4593 2558 4645 ἵνα
2593 4591 2666 4661 μὴ
2696 4590 2764 4643 δι’
2795 4587 2956 4656 εὐχῆς
2995 4584 3269 4655 εἰληφότες
3313 4581 3380 4649 τῇ
3427 4577 3634 4630 ἑαυτῶν
3675 4572 3829 4661 οἰήσει

2301 4686 2696 4758 προσθήσουσιν
2720 4700 2734 4714 σ
2765 4680 2825 4733 οὐ
2852 4677 2990 4732 πάνυ
3023 4678 3072 4729 ot
3098 4670 3450 4744 ἀπλούστεροι
3478 4667 3557 4738 τῷ
3589 4666 3656 4738 ίῷ
3679 4660 3832 4758 eoat-t9

648 4788 768 4843 qua:
798 4773 865 4827 de
893 4750 1050 4828 nobis
1069 4750 1329 4828 dicuntur
1356 4784 1450 4828 aut
1476 4750 1634 4837 ﬁunt,
1670 4750 2019 4840 reperiemus.
2065 4775 2177 4831 Sun

2300 4750 2643 4852 περιπίπτειν
2687 4772 2977 4850 πεφύκασι.
3019 4764 3301 4830 Κενοδοξία
3345 4762 3451 4833 γάρ
3493 4764 3640 4814 ἔστιν
3683 4750 3828 4852 at”:

645 4865 866 4936 quidam
897 4880 962 4919 ex
993 4868 1176 4935 gloriae
1201 4866 1570 4935 captatoribus
1599 4883 1629 4920 a
1659 4866 1770 4920 Deo
1792 4883 2016 4936 prorsus
2040 4885 2203 4924 exan-

647 4957 831 5013 diendi
853 4958 908 5012 in
937 4956 1260 5028 quibusdam
1289 4957 1760 5028 postulationibus,
1788 4974 2016 5026 quorum
2041 4964 2202 5016 etiam

2299 4835 2458 4940 τητος
2500 4835 2893 4932 ἀποϐολὴίκαὶ
2942 4858 3266 4917 ἑπίπλάστος
3310 4853 3549 4920 διαγωγή
3574 4867 3586 4880 ·
3639 4835 3832 4940 extio-1115

2303 4932 2559 5022 πολλάκις
2592 4954 2844 5025 αὐξηθεὶς
2876 4948 3247 5022 πτεροφυήσας
3273 4941 3543 5015 ἀνηνέχθη
3583 4939 3666 5001 είς
3694 4932 3826 5025 ὕψος,

649 5061 836 5116 preces
878 5056 934 5102 et
977 5058 1100 5102 vota
1149 5047 1290 5101 Deus
1333 5048 1469 5101 solet
1504 5056 1864 5111 antevenere,
1907 5065 1992 5114 ne,
2020 5051 2065 5105 si
2111 5067 2184 5121 per

2302 5052 2396 5108 καὶ
2443 5021 2727 5110 κενοδοξία⁷
2753 5021 3056 5096 τελεσθεῖσα
3100 5033 3482 5107 ὑπερηφανίαν
3517 5029 3702 5091 ἔτεκε,
3745 5021 3830 5086 τὴν

651 5152 859 5208 preces.
898 5149 1032 5208 quot
1073 5147 1281 5209 petunt,
1318 5137 1624 5206 impetrent,
1673 5137 1797 5192 inde
1841 5142 2014 5209 magis
2061 5143 2205 5198 intu-

2305 5124 2653 5200 πάντωντῶν
2680 5135 2865 5190 κακῶν
2893 5127 3130 5202 ἀρχηγὸν
3164 5127 3256 5183 καὶ
3280 5123 3588 5189 τελειωτήν.

650 5205 990 5286 meseantet
1042 5205 1790 5302 superbiant.Simplieioris
1845 5205 2040 5300 ingenii
2089 5235 2350 5306 religiosi,
2391 5249 2500 5289 non
2585 5230 2869 5284 admodum
2917 5223 3020 5275 hoc
3082 5231 3286 5273 veneno
3333 5212 3454 5269 laedi
3520 5210 3722 5271 solent;
3756 5205 3828 5306 «ἷξε

652 5328 796 5383 enim
832 5339 969 5380 vana
1012 5327 1181 5395 gloria
1221 5327 1394 5382 hostis
1434 5327 1813 5395 simplicitatis,
1847 5329 2100 5396 magistra
2152 5329 2519 5385 simulationis
2583 5344 2600 5379 :

2665 5322 2864 5377 vermis
2899 5317 3028 5371 dum
3075 5313 3246 5385 magis
3317 5323 3382 5364 ac
3421 5307 3595 5376 magis
3635 5297 3824 5361 crescit.

655 5422 756 5478 alis
791 5421 1003 5476 tandem
1032 5421 1172 5476 natis
1195 5422 1246 5476 in
1279 5421 1511 5477 sublime
1532 5421 1753 5483 tollitur,
1789 5429 1844 5474 et
1869 5435 2003 5475 vana
2024 5422 2194 5491 gloria
2233 5424 2322 5479 ubi
2354 5425 2420 5479 ad
2491 5431 2802 5489 supremum
2863 5410 3085 5481 gradum
3122 5404 3384 5480 Ρθτνθηίίι
3419 5401 3724 5472 Superbiam
3746 5405 3856 5466 μ’·

658 5517 729 5574 rit
759 5518 1000 5573 omnium
1042 5516 1310 5577 malorum
1348 5517 1667 5572 effectricem
1701 5525 1754 5570 ct
1787 5513 2173 5586 periectricem.

743 5716 792 5749 ⁸⁸
821 5715 992 5788 llieg.
1020 5735 1078 5784 ll,
1109 5720 1196 5776 '50.
1273 5717 1320 5750 ⁸⁵
1344 5716 1474 5774 Luc.
1505 5734 1575 5784 ιι,
1609 5719 1700 5774 2t}.

1775 5721 1817 5751 3"
1863 5716 2046 5774 Matth.
2080 5734 2228 5782 tum,
2258 5717 2344 5772 δυ.

2423 5718 2459 5747 ⁹¹
2503 5711 2687 5768 Matth.
2721 5723 2767 5772 v,
2803 5707 2877 5760 lb‘.
2955 5709 2997 5738 ³³
3024 5702 3206 5758 Matth.
3237 5715 3388 5765 χλιιι,
3424 5699 3509 5758 12.
