4030 6342
132 497 234 558 957
1108 501 1334 561 SCALA
1357 498 1729 560 PARADISI.
1762 524 1829 534 —
1858 500 2166 560 GRADUS
2196 502 2384 559 XXII.
3232 497 3334 557 958

208 607 271 664 ὀ
292 609 395 681 τῆς
418 611 573 664 νόσου
594 613 794 683 ταύτης
819 613 989 678 ἐκτδς,
1018 615 1238 683 ἔγγιστα
1255 614 1353 682 τῆς
1378 613 1676 683 σωτηρίαςτ

1849 612 1953 679 Qui
2002 616 2140 668 liber
2177 614 2246 668 ab
2291 616 2393 667 hoc
2422 613 2613 666 morbo
2641 623 2744 676 est,
2796 612 3038 681 proxime
3066 612 3132 665 ab
3163 612 3335 667 salute

131 703 159 755 6
180 700 224 754 δ’
251 701 337 769 οὓ,
366 703 554 773 πόρρω
585 706 878 773 φανήσεται
901 707 997 774 τῆς
1028 705 1195 773 ἁγίων
1225 705 1400 774 δόξης.

1776 702 1965 769 abest;
1997 704 2088 773 qui
2138 719 2269 758 vero
2318 704 2496 758 adhuc
2552 703 2644 757 illo
2681 703 2971 765 detinetur,
3027 703 3211 773 procul
3266 705 3333 757 ab

1778 802 2092 847 sanctorum
2124 794 2290 860 gloria
2322 794 2511 847 abesse
2542 793 2983 862 deprehenditur.

198 873 416 943 Βαθμὺς
446 873 547 944 κβ’.
586 875 643 929 '0
671 875 839 946 ταύτῃ
875 876 949 946 μὴ
996 877 1172 939 ἁλοὺς,
1215 877 1275 929 ού
1309 878 1383 946 μὴ
1412 877 1678 949 περιπέσῃ

1842 881 2055 937 Gradus
2098 898 2232 936 xm.
2283 882 2386 947 Qui
2433 898 2586 936 vanae
2620 882 2802 952 gloria:
2846 898 3040 952 expers
3085 891 3189 949 est,
3224 900 3329 936 non

131 968 190 1035 τῇ
222 964 580 1037 ἔχθραινούσῃ
616 964 733 1035 Θεῷ
762 966 1014 1035 ἀκεφάλῳ
1038 966 1399 1037 ὑπερηφανίᾳ.

513 1077 760 1131 ΣΧΟΛῙΑ
790 1078 897 1131 ΕΙΣ
926 1078 1145 1131 ΔΟΓΟΝ
1174 1077 1299 1131 KB’.

650 1191 785 1259 Περὶ
809 1191 1173 1259 κενοδοξίας.

729 1283 985 1351 Σχόλιον
1010 1287 1078 1336 α’.
1390 1353 1399 1359 _

199 1368 519 1434 Κενοδοξίας
563 1370 799 1441 κρατῶν,
849 1371 955 1424 ἀπὸ
998 1371 1259 1443 πορνειῶν
1304 1373 1555 1444 πρόσεχε,
1600 1373 1675 1442 μή

138 1475 257 1511 ποτε
280 1459 382 1523 τὰς
404 1458 570 1528 τιμάς
594 1460 808 1529 φεύγων
834 1459 1023 1530 ἀτιμίᾳ
1046 1460 1345 1533 περιπέσῃς

706 1552 997 1620 Εὐαγρίου
1030 1550 1092 1621 β’.

210 1642 269 1695 ’0
302 1642 401 1711 τῆς
450 1641 822 1712 ὗπερηφανίας
868 1642 1073 1711 δαίμων
1117 1642 1501 1712 χαλεπωτάτης
1535 1641 1676 1695 πτὼο

143 1748 268 1794 σεως
292 1735 360 1801 τῇ
390 1731 536 1803 ψυχῇ
564 1732 815 1802 πρόξενος
840 1730 1039 1798 γίνεται
1064 1747 1080 1761 ο
1128 1733 1404 1784 ἀναπείθει
1443 1732 1551 1801 γὰρ
1580 1731 1675 1783 αύ-

140 1822 229 1887 τὴν
271 1811 408 1876 θεὸν
442 1823 543 1892 μὲν
584 1822 658 1893 μὴ
688 1821 962 1893 ὁμολογεῖν
994 1822 1202 1891 βοηθὸν,
1248 1823 1444 1892 ἑαυτὴν
1472 1821 1529 1874 δὲ
1568 1820 1674 1872 τῶν

1776 970 1975 1028 incidet
2004 972 2057 1026 in
2089 972 2317 1026 invisam
2353 972 2462 1025 Deo
2494 972 2822 1041 superbiam.

2077 1082 2369 1139 SCHOLIA
2403 1083 2496 1137 AD
2533 1082 2821 1139 GRADUM
2862 1080 3022 1136 XX".

2315 1191 2393 1247 De
2430 1208 2562 1245 varia
2598 1191 2787 1261 gloria.

2379 1281 2631 1337 Scholion
2666 1283 2692 1335 1
2705 1322 2718 1335 .

1840 1367 1944 1435 Qui
1970 1384 2162 1425 vanam
2191 1370 2415 1439 gloriam
2444 1372 2658 1437 vicisti,
2700 1386 2827 1426 eave
2866 1370 2959 1425 tibi
3018 1387 3049 1425 a
3091 1370 3358 1444 luxuria”

1772 1474 1861 1526 ne,
1896 1461 2025 1517 dum
2058 1462 2200 1532 fugis
2232 1464 2483 1527 honores,
2527 1465 2578 1516 in
2614 1462 2961 1530 ignominiam
2996 1462 3219 1516 incidas.

2289 1553 2453 1623 284
2490 1552 2705 1622 Evagrii
2740 1553 2795 1605 ‘2.

1840 1642 2077 1711 Spiritus
2100 1644 2366 1712 superbia:
2389 1645 2742 1713 gravissimos
2762 1645 2955 1698 anima:
2975 1658 3133 1698 casus
3162 1645 3322 1713 parit.

1772 1727 2066 1784 Persuadet
2092 1732 2233 1783 enim
2269 1730 2344 1783 illi
2381 1740 2440 1784 ut
2466 1741 2627 1801 neget
2664 1732 2831 1785 Deum
2860 1746 2980 1785 esse
3003 1731 3322 1799 ailjutorem,

1772 1823 2146 1892 sed‘seipsam
2181 1834 2332 1892 putet
2370 1833 2515 1878 recte
2541 1824 2805 1879 factorum
2844 1834 2897 1879 et
2938 1825 3195 1883 virtutum
3229 1840 3325 1877 au-

142 1911 579 1983 κατορθουμένων
608 1912 783 1965 αἰτίαν
818 1905 955 1964 εἶναι
998 1912 1233 1981 νομίζειν
1261 1930 1275 1942 ’
1329 1915 1422 1965 καὶ
1454 1910 1673 1980 φυσιού-

1774 1924 2010 1976 etorem,
2050 1924 2213 1981 atque
2260 1915 2332 1968 ita
2367 1916 2624 1969 adversus
2670 1914 2867 1969 fratres
2903 1931 2960 1969 se
3009 1917 3231 1969 extollat
3273 1925 3325 1968 et

140 2003 256 2055 σθαι
280 2004 423 2057 κατὰ
448 2002 557 2056 τῶν
583 2002 823 2072 ἀδελφῶν
850 2002 926 2066 ὡς
963 2005 1222 2073 ἀνοήτων,
1253 2005 1385 2058 διότι
1416 2005 1490 2073 μὴ
1518 2003 1673 2055 τοῦτο

140 2092 259 2165 περὶ
304 2091 473 2145 αὑτοῦ
536 2094 732 2156 πάντες
780 2094 1111 2149 ἐπίστανται.
1172 2093 1570 2165 Παρακολουθεί
1617 2093 1674 2145 δὲ

137 2182 295 2253 ταύτῃ
319 2184 481 2254 ὀργὴ,
514 2184 606 2237 καὶ
641 2184 807 2255 λύπη,
836 2186 929 2238 καὶ
964 2185 1024 2238 τὸ
1049 2186 1351 2237 τελευταῖον
1378 2183 1542 2238 κακὸν
1581 2182 1672 2235 ἐκ·

139 2288 315 2335 στάσις
358 2274 606 2343 φρενῶν,
655 2276 750 2329 xui.
797 2275 981 2344 μανία,
1028 2275 1122 2328 καὶ
1153 2276 1416 2345 δαιμόνων
1459 2276 1515 2327 ἐν
1550 2274 1673 2343 άέρι

139 2363 329 2434 πλῆθος
357 2364 670 2444 δρώμενον..

725 2544 771 2595 Σ
773 2542 979 2611 χόλιον
1010 2541 1075 2608 γ’.

200 2630 503 2702 Κινούμενα
524 2630 591 2684 τὰ
613 2630 757 2699 πάθη
774 2628 1138 2698 ,ἀπελαύνουσι
1172 2627 1490 2695 κενοδοξίαν,
1516 2626 1669 2683 ἀναι-

141 2701 373 2793 ρούμενα
391 2701 452 2775 δξ
482 2723 892 2794 ὑποστρέφουσι.

805 2815 1009 2868 Ἄλλο.

198 2904 269 2956 Οὐ
301 2904 496 2974 μικρὸς
523 2903 672 2972 ἀγὼν
698 2905 993 2969 κενοδοξίας
1031 2903 1444 2974 ἀπαλλαγῆναι·
1493 2903 1671 2957 ἀπαλ-

138 2991 376 3046 λάττεται
408 2993 467 3046 δέ
499 3009 582 3055 τις
612 2994 859 3064 κρυπτῆς
901 2994 1007 3046 τῶν
1035 2994 1240 3066 ἀρετῶν
1270 2995 1547 3065 ἐργασίας,
1578 2996 1671 3049 καὶ

142 3084 452 3156 συχνοτέρας
485 3085 785 3155 προσευχῆς
800 3101 826 3163 1·
872 3086 1089 3154 σημεῖον
1116 3085 1173 3139 δὲ
1204 3089 1300 3155 τῆς
1326 3086 1668 3163 ἀπαλλαγῆς,

138 3175 194 3227 τὸ
220 3176 413 3246 μηκέτι
448 3160 897 3248 μνησικακεῖντῷ
923 3174 1366 3245 κακολογήσαντι,
1406 3177 1439 3244 ἢ
1464 3160 1673 3246 ’μακροο

141 3264 388 3334 λογοῦντι.

737 3359 990 3425 Σχόλιον
1012 3356 1074 3411 δ’.

203 3448 275 3502 Οὐ
301 3447 394 3502 τὸν
422 3447 778 3520 ἐστερημένον
806 3446 1102 3518 αἰσθήσεως
1130 3444 1423 3530 κενοδοξεῖν
1442 3445 1471 3498 6
1490 3443 1671 3513 πατήρ

143 3555 296 3610 φησι·
334 3541 450 3594 ἀλλ’
476 3540 557 3595 δτι
588 3540 703 3611 ⁴ᾔδει
730 3539 997 3607 κενοδοξία
1035 3538 1129 3621 καὶ
1156 3536 1344 3601 ταῦτα,
1374 3530 1503 3602 οἷον,
1533 3535 1674 3604 λαμ-

145 3631 268 3701 πραὶ
288 3633 519 3703 κηδεῖαι,
547 3632 640 3685 καὶ
662 3630 895 3703 πομπαί.

620 3838 625 3841 -
730 3804 971 3873 Μάρκου
1002 3785 1060 3857 ἓν.

214 3897 364 3960 Ῥίζα
388 3880 639 3965 ἀἰσχρᾶς
666 3930 672 3941 ρ
695 3890 983 3965 ἐπιθυμίας
1031 3894 1365 3963 ἀνθρώπινος
1419 3895 1635 3955 ἔπαινος
1654 3934 1671 3957 ,

146 3987 232 4055 οὐχ
260 3987 383 4040 ὅταν
412 3985 551 4039 αὐτὰ
577 3986 861 4055 ἀκούωμεν
881 4000 896 4015 ·
914 3983 1039 4047 Γἀλλ’
1062 3985 1187 4037 ὅταν
1220 3984 1357 4037 αὐτὰ
1384 3982 1674 4051 καταδεχό-

152 4078 296 4147 μεθα.

310 4229 322 4239 ,
484 4174 487 4177 ’
730 4168 984 4235 Σχόλιον
1012 4174 1085 4230 ς’.

211 4258 368 4314 Ὅταν
416 4258 539 4312 τινὰ
585 4260 807 4329 νικήσῃς
855 4256 962 4310 τῶν
1004 4255 1335 4326 ἀτιμοτέρων
1382 4252 1589 4315 παθῶν,
1636 4252 1670 4324 ἦ

148 4352 586 4423 γαστριμαργίας,
618 4350 653 4421 ἢ
679 4348 948 4421 πορνείας,
985 4347 1018 4418 ἢ
1046 4347 1234 4418 ὁργῆςν
1268 4345 1302 4415 ἦ
1344 4342 1672 4408 πλεονεξίας,

148 4441 291 4506 εὐθὺς
313 4442 602 4511 ἐφίπταται
629 4441 721 4493 ἐπὶ
752 4440 811 4492 σὲ
852 4442 881 4492 6
906 4440 1005 4508 τῆς
1040 4436 1338 4501 κενοδοξίας
1378 4435 1630 4505 λογισμός
1655 4449 1669 4463 ⁶

150 4532 233 4584 ὲάν
254 4533 307 4587 δὲ
337 4532 432 4587 καὶ
458 4532 642 4586 τοῦτον
671 4532 915 4601 νικήσῃς,
956 4530 984 4581 6
1013 4529 1110 4597 τῆς
1140 4526 1509 4598 ὑπερηφανίας
1552 4525 1670 4578 δια-

148 4622 359 4693 δέχεται.

352 4715 608 4781 Σχόλιον
634 4712 741 4766 τοῦ
763 4712 1024 4781 μεγάλου
1054 4711 1368 4765 Βασιλείαν
1398 4710 1460 4772 ζ’.

207 4806 276 4859 τδ
293 4776 467 4876 μὴδιά
480 4804 579 4874 τὴν
595 4802 727 4872 πρδς
743 4776 872 4855 ea.
889 4803 1126 4871 ἀγάπην,
1153 4802 1287 4854 ἀλλά
1311 4800 1398 4853 διὰ
1410 4798 1501 4851 τὸν
1525 4797 1673 4865 παρά
1765 4776 1772 4783 ’

151 4896 429 4965 ἀνθρώπων
458 4892 678 4945 ἔπαινον
695 4890 992 4959 γινόμενον.
1011 4884 1118 4943 οἷον
1134 4888 1199 4943 ἂν
1214 4884 1271 4962 ᾗ,
1287 4890 1345 4939 οὐ
1367 4882 1671 4944 Θεοσεσείας

152 4987 347 5039 ἔπαινον
362 4985 624 5056 εὑρίσκει,
639 4979 752 5036 ἀλλ’
763 4972 1258 5049 ἀνθρωπάρεσκίας,
1277 4978 1309 5046 ἢ
1326 4974 1669 5045 φιλονεικίας,

152 5077 180 5143 ἢ
208 5077 411 5144 φθόνου,
440 5077 476 5147 ἢ
512 5075 760 5141 τοιαύτης
789 5069 961 5132 αίτίας
994 5071 1103 5138 ἔχει
1129 5070 1189 5122 τδ
1225 5071 1395 5139 κρῖμα
1421 5081 1436 5095 ⁸
1475 5065 1552 5118 διὸ
1585 5064 1677 5115 καὶ

152 5167 363 5234 ἀδικίας
385 5170 563 5237 ἔργον
593 5168 622 5219 ὁ
654 5162 855 5233 Κύριος
877 5157 1147 5229 ὀνομάζει,
1193 5158 1363 5225 λέγων
1391 5156 1527 5225 πρὸς
1556 5155 1679 5216 τοὺς

154 5255 382 5322 εἰπόντας
403 5259 485 5322 τὸ,
528 5255 849 5326 Ἐφάγομεν
886 5250 1136 5304 ἐνώπιόν
1162 5261 1297 5311 σου,
1322 5248 1414 5301 καὶ
1439 5248 1508 5299 τά
1533 5247 1677 5315 ἑξῆς.

164 5344 471 5414 Ἀπόστητε
507 5348 607 5403 ἀπ’
645 5344 809 5415 ἐμοῦ,
840 5341 1073 5412 ἐργάται
1112 5337 1219 5405 τῆς
1259 5338 1510 5403 ἀδικίας.
1561 5338 1683 5400 Πῶς

158 5433 251 5502 γὰρ
274 5434 369 5488 οὐκ
394 5437 606 5499 ἀδικίας
629 5436 875 5508 ἐργάται,
922 5432 971 5483 οἱ
1014 5430 1110 5492 τὰς
1160 5426 1250 5480 τοῦ
1297 5425 1431 5479 Θεοῦ
1474 5426 1677 5497 δωρεὰς

216 5607 259 5639 ⁸³
286 5607 470 5667 latth.
491 5625 586 5675 vn,
615 5610 703 5683 25.

1773 2004 1986 2058 infletur
2031 2004 2303 2079 superbia,
2343 2005 2571 2073 illosque
2620 2020 2717 2073 pro
2764 2006 2943 2059 stultis
2996 2007 3209 2068 habeat,
3259 2022 3323 2059 en

1771 2096 1916 2161 quod
1967 2110 2074 2148 non
2117 2107 2308 2149 omnes
2356 2096 2460 2149 hoc
2502 2096 2569 2149 de
2614 2096 2728 2163 ipso
2771 2096 3004 2149 sentiant
3035 2105 3088 2148 et
3128 2096 3319 2151 sciant.

1769 2183 2108 2239 Comitantur
2136 2194 2314 2238 autem
2343 2185 2508 2247 hanc,
2539 2185 2619 2239 ira
2646 2197 2699 2239 et
2725 2185 2961 2250 tristitia,
2993 2195 3046 2240 et
3072 2186 3214 2255 quod
3241 2196 3324 2239 est

1768 2276 2017 2329 ultimum
2062 2275 2361 2336 malorum,
2411 2275 2609 2328 mentis
2650 2274 2904 2328 alienatio
2950 2286 3006 2329 et
3046 2291 3320 2337 excessus,

1768 2365 2028 2433 furorque
2053 2378 2147 2419 seu
2177 2364 2408 2426 insania,
2440 2372 2495 2417 et
2524 2364 2638 2417 visa
2668 2365 2972 2419 damonum
3010 2365 3239 2433 plurima
3265 2366 3316 2417 in

1767 2469 1889 2510 aere
1925 2462 2157 2524 spectra.

2382 2538 2624 2594 Scholion
2659 2542 2711 2594 5.

1838 2631 2032 2686 Vitiosi
2055 2632 2279 2687 allectus
2294 2633 2550 2687 commoti
2572 2632 2758 2701 fugant
2772 2646 2965 2685 vanam
2986 2632 3207 2701 gloriam
3222 2634 3321 2700 (a).

1768 2723 1965 2779 sublati
1992 2723 2217 2777 omnino
2241 2732 2510 2778 evertunt.

2447 2814 2626 2867 Aliud.

1834 2902 1952 2960 Non
1980 2914 2063 2960 est
2102 2904 2218 2960 leve
2247 2915 2517 2961 certamen
2558 2920 2589 2959 a
2629 2918 2765 2958 vana
2796 2902 2968 2973 gloria
3008 2904 3320 2959 missionem

1768 2995 2009 3067 accipere
2038 3013 2051 3048 :
2082 2995 2339 3049 liberatur
2360 3005 2537 3049 autem
2567 2997 2614 3049 is
2640 2996 2732 3063 qui
2754 2994 2979 3051 virtutes
3006 2995 3142 3049 clam
3164 3000 3322 3049 εχει-ὲ

1768 3096 1853 3141 eet
1883 3096 1938 3141 et
1972 3101 2159 3156 preces
2203 3085 2527 3154 frequentat.
2570 3086 2957 3154 Argumentum
2989 3085 3322 3139 liberationis

1768 3185 1851 3230 est
1881 3191 1988 3230 non
2024 3177 2338 3230 meminisse
2362 3176 2474 3230 sive
2504 3176 2683 3230 statim
2709 3174 2957 3229 oblivisci
3000 3176 3043 3228 si
3065 3176 3188 3244 quis
3226 3175 3323 3229 tibi

1695 3268 1738 3325 C
1756 3260 2053 3321 ~maledieat
2075 3276 2169 3319 aut
2198 3266 2427 3319 nimium
2461 3265 2683 3333 garriat.

2378 3352 2624 3407 Scholion
2662 3354 2713 3408 4.

1840 3446 1954 3502 Non
1999 3461 2164 3502 sensu
2194 3445 2461 3513 privatum
2508 3454 2561 3499 et
2596 3444 2705 3499 vita
2745 3452 2896 3514 pater
2934 3442 3064 3499 dicit
3105 3442 3322 3513 captare

1769 3554 1963 3595 vanam
2004 3538 2255 3608 gloriam,
2289 3537 2383 3591 sed
2416 3537 2561 3606 quod
2593 3525 2740 3590 vana.
2770 3533 2936 3607 gleria
2966 3537 3080 3591 hare
3108 3550 3323 3605 quoque

1770 3645 1879 3685 non
1910 3630 2138 3699 ignoret.
2161 3629 2343 3697 qualia
2376 3638 2523 3693 sunt,
2557 3627 2836 3697 splendida
2871 3626 3060 3682 funera
3088 3636 3141 3682 et
3170 3642 3322 3697 pom-

1771 3735 1962 3789 parum
1994 3730 2305 3787 apparatus.

2286 3808 2456 3862 Marci
2491 3808 2723 3860 scholion
2760 3808 2810 3860 5.

1844 3901 2019 3956 Radix
2073 3900 2248 3971 turpis
2301 3899 2553 3955 desiderii
2604 3908 2688 3951 est
2736 3898 2855 3951 laus
2902 3896 3167 3960 humana,
3215 3911 3322 3950 non

1772 3990 1990 4060 quando
2018 3989 2160 4045 banc
2185 3988 2456 4052 audimus,
2486 3987 2580 4041 sed
2606 3984 2823 4053 quando
2848 3984 3199 4039 admittimus.

2325 4142 2331 4154 ’
2378 4142 2622 4219 Scholion
2653 4163 2707 4217 6.

1841 4255 2068 4323 Quando
2112 4254 2310 4309 viceris
2364 4255 2625 4309 nonnulla
2670 4269 2737 4309 ex
2790 4246 3325 4324 ignominiosioribus

1772 4349 1938 4413 vniis,
1970 4342 2107 4417 gula:
2140 4362 2351 4414 nempe,
2380 4356 2474 4401 aut
2498 4346 2747 4418 luxurize,
2780 4356 2874 4399 aut
2915 4348 3029 4410 ine,
3068 4359 3160 4401 aut
3200 4364 3325 4401 τινες

1774 4441 1929 4506 ι’ἱιὶίε,
1976 4439 2158 4495 statim
2202 4438 2419 4492 advolat
2461 4438 2529 4492 ad
2569 4447 2619 4491 te
2662 4438 2881 4506 spiritus
2930 4451 3023 4490 seu
3070 4438 3323 4505 cogitatio

1774 4546 1925 4585 vanze
1946 4529 2150 4600 gloriae,
2169 4537 2224 4583 et
2243 4527 2347 4582 hac
2364 4541 2580 4598 quoque
2596 4526 2755 4589 victa,
2775 4524 3017 4592 sequitur
3035 4524 3302 4592 superbia:

2304 4701 2494 4754 Basilii
2526 4701 2706 4768 Magni
2742 4700 2794 4755 7.

1841 4794 1999 4861 Quod
2030 4808 2138 4848 non
2181 4808 2250 4847 ex
2280 4791 2543 4845 ebaritate
2584 4804 2711 4861 erga
2748 4789 2938 4856 Deum,
2973 4790 3066 4845 sed
3110 4799 3326 4859 propter

1771 4885 2062 4939 humanam
2093 4880 2303 4934 laudem
2333 4879 2421 4945 fit,
2468 4880 2843 4949 qualecunque
2874 4880 2964 4944 sit,
3012 4894 3118 4934 non
3167 4880 3321 4934 habet

1769 4973 1979 5029 laudem
1996 4970 2231 5041 pietatis,
2253 4971 2343 5026 sed
2369 4971 2617 5024 humana:
2640 4969 3058 5039 complacentiaz,
3083 4977 3175 5021 aut
3198 4983 3320 5021 con-

1771 5064 2049 5128 tentionis,
2077 5072 2171 5117 aut
2199 5063 2435 5129 invidiae,
2468 5074 2562 5118 aut
2598 5062 2905 5132 hujusmodi
2946 5077 3142 5127 causae,
3173 5062 3325 5133 judi-

1774 5158 1915 5211 cium
1942 5151 2728 5224 Dei,sustinebit.Quapropter
2747 5171 2872 5222 Opus
2893 5155 3188 5222 iniquitatis
3218 5155 3325 5209 Do-

1775 5245 1956 5299 minus
1983 5252 2164 5308 vocat,
2188 5245 2408 5314 quando
2431 5244 2497 5299 ad
2524 5260 2641 5309 eos,
2672 5244 2764 5312 qui
2789 5244 2983 5297 dicturi
3012 5255 3137 5299 sunt
3159 5244 3322 5300 illud:

1781 5332 2212 5389 Manducaoimus
2241 5351 2418 5389 coram
2450 5344 2531 5399 te,
2574 5344 2628 5388 et
2668 5350 2787 5403 qua:
2813 5346 3128 5404 sequuntur,
3163 5338 3321 5390 dicet.

1786 5427 2044 5483 Discedite
2063 5446 2096 5483 α
2114 5446 2213 5494 me,
2237 5431 2462 5499 operarii
2484 5430 2775 5498 iniquitatis
2795 5428 2860 5485 ’³.
2880 5428 3161 5496 Quomodo
3179 5429 3321 5483 enim

221 5720 292 5783 (α)
312 5721 549 5796 Quiaira
575 5723 660 5780 vel
682 5728 805 5796 gula
826 5735 879 5781 et
907 5726 1010 5779 hoc
1034 5738 1200 5795 genus
1221 5723 1344 5796 alia,
1369 5737 1497 5796 eum
1531 5720 1675 5776 foras
1702 5730 2078 5796 prorumpunt,
2132 5716 2842 5796 imperfectumuostendupt
2866 5713 3187 5796 hominem,
3224 5712 3317 5779 qui

156 5800 264 5859 ipse
286 5783 383 5849 sibi
409 5793 480 5850 ob
504 5808 624 5850 eam
656 5783 875 5853 causam
906 5783 1157 5852 irascitur
1183 5803 1235 5851 et
1268 5783 1342 5849 ita
1360 5790 1510 5861 fugat
1538 5783 1731 5847 vanam
1752 5783 1999 5863 gloriam,
2024 5791 2167 5861 quod
2195 5783 2436 5845 videatur
2458 5786 2578 5843 aliis
2600 5783 2968 5857 imperfectus.
