4030 6342
737 464 842 530 959

1965 454 2021 514 S.
2041 452 2352 515 JOANNIS
2375 451 2673 511 CLIMACI

3811 446 3910 508 9H!

742 589 850 628 non
873 568 1102 641 operarii
1133 566 1452 636 iniquitatis,
1485 537 1756 635 qui‘dono
1794 564 1884 619 Dei
1926 565 1992 619 ad
2031 565 2310 636 voluptan

2393 566 2450 626 :l;
2487 567 2861 634 πραγματείαν
2893 562 2994 616 τῶν
3041 561 3236 631 ὴδονων
3276 559 3384 612 τῶν
3435 558 3581 612 ιδέων
3622 559 3910 627 καταχρώο

742 675 853 719 ιυιιι
886 674 1121 727 ειιιιιηιιιι⁴
1143 657 1376 711 studium
1406 663 1460 716 et
1487 641 1900 710 ratidnes'ahusi
1925 654 2090 708 sunt?

1316 744 1475 814 235
1510 743 1686 796 Aliud.

814 839 1022 894 Stultus
1047 845 1130 893 est
1169 835 1264 905 qui
1306 836 1514 889 laudem
1545 835 1832 889 humanam
1864 841 2181 901 aucupatur,
2223 839 2278 886 et

745 932 902 985 aliam
931 925 1036 983 non
1065 937 1260 996 sperat.

1347 1013 1589 1068 Scholion
1621 1013 1676 1068 8.

814 1109 1110 1163 Careamus
1142 1120 1206 1159 ne
1243 1113 1432 1158 mutuo
1461 1105 1596 1157 alter
1627 1104 1695 1157 ab
1725 1103 1892 1158 altero
1921 1103 1973 1156 in
1997 1116 2058 1156 os
2095 1100 2281 1155 beatus

750 1201 1065 1270 praedicetur
1091 1206 1145 1252 et
1172 1195 1461 1266 pradicet:
1493 1195 1596 1248 hoc
1639 1199 1780 1248 enim
1825 1201 1908 1249 est
1945 1193 2282 1247 adulatorum

747 1304 803 1346 et
834 1291 903 1344 ab
936 1290 1093 1344 malis
1137 1288 1303 1357 geniis
1344 1285 1768 1350 submissorum;
1802 1284 1932 1338 illud
1972 1284 2187 1350 levium,
2230 1291 2311 1350 et,

641 1393 647 1406 ‘
750 1383 840 1451 qui
859 1382 996 1435 bona
1009 1394 1170 1450 opera
1185 1393 1282 1433 sua
1302 1377 1492 1447 praedae
1513 1384 1803 1446 exponunt.
1830 1375 2044 1430 Primus
2063 1384 2146 1430 est
2165 1389 2286 1429 cor-

754 1482 938 1543 ruptor
992 1473 1275 1535 bonorum,
1335 1469 1556 1524 nuntius
1609 1464 2003 1538 quodammodo
2054 1466 2284 1532 diaboli;

755 1565 887 1616 alter
914 1557 1549 1622 haeresinconsideratus,
1591 1557 1686 1626 qui
1719 1557 1859 1611 ultro
1898 1557 2109 1612 labores
2159 1570 2288 1611 suos

756 1653 1042 1730 abalienat,
1080 1659 1305 1718 uterque
1330 1663 1458 1704 vero
1481 1647 1628 1703 exitii
1656 1648 1826 1703 mutui
1852 1650 2123 1705 conscius.

1360 1824 1602 1881 Scholion
1641 1827 1694 1882 9.
1733 1832 1738 1838 ’

831 1917 1156 1985 Humilitath
1175 1914 1432 1987 perfectio
1461 1916 1514 1971 in
1533 1916 1605 1971 'eo
1627 1917 1896 1984 consistit,
1925 1925 1986 1973 ut
2009 1933 2132 1975 cum
2157 1933 2291 1990 gau-

763 2014 855 2070 dio
886 2011 1154 2067 sustineas
1185 2005 1352 2062 falsas
1386 2007 1776 2063 accusationes.

1328 2096 1482 2150 Aliud
1522 2095 1719 2150 lsaaci.

837 2188 1064 2243 Humilis
1099 2188 1270 2256 reipsa
1301 2186 1497 2256 injuria
1535 2185 1756 2241 aﬂ'ectus
1787 2201 1894 2242 non
1931 2188 2293 2258 perturbatur,

2373 671 2520 725 μενοι
2545 671 2560 720 ;

2909 745 3161 812 Σχόλιον
3186 743 3354 796 ἄλλο.

2441 835 2797 905 Ματαιόφρων
2820 837 2848 888 ό
2873 835 2959 886 τὸν
2997 833 3054 899 ἐξ
3088 833 3382 904 ἀνθρώπων
3409 832 3726 904 θηρώμενος
3758 830 3915 883 ἐπαι-

2357 944 2484 989 ηνον,
2511 928 2606 981 καὶ
2633 927 2812 998 ἕτερον
2846 927 2918 999 μὴ
2941 927 3190 992 ἐλπίζων.

2967 1017 3224 1085 Σχόλιον
3253 1021 3322 1086 η’.

2443 1107 2730 1177 Φεύγωμεν
2751 1105 2842 1160 καὶ
2869 1106 2930 1160 τὺ
2955 1105 3364 1177 μακαρίζεσθαι,
3388 1104 3482 1158 καὶ
3505 1103 3564 1156 τὸ
3592 1101 3916 1173 μακαρίζειν

2378 1197 2632 1268 ἀλλήλους
2674 1199 2752 1261 είς
2779 1197 3060 1268 πρόσωπον
3086 1214 3100 1228 ⁸
3149 1196 3207 1250 τὸ
3237 1196 3332 1266 μὲν
3361 1194 3468 1264 γὰρ
3494 1192 3918 1257 κολακευτικῶν,

2381 1293 2471 1344 καὶ
2502 1292 2565 1343 ἐκ
2587 1290 2846 1359 δαιμόνων
2873 1287 3229 1358 κινουμένωνο
3270 1287 3329 1340 τὸ
3356 1286 3414 1340 δὲ
3443 1286 3678 1355 κούφων,
3714 1286 3815 1339 καὶ
3837 1285 3919 1337 εύ-

2383 1381 2616 1448 συλήτων
2642 1379 2710 1431 τὰ
2735 1378 3144 1449 κατορθώματα.
3177 1377 3234 1430 Ὀ
3257 1375 3468 1446 πρῶτος
3486 1371 3664 1428 τοίνυν
3686 1375 3918 1444 φθορεὺς

2382 1467 2486 1521 τῶν
2517 1467 2752 1536 ἀγαθῶν,
2779 1466 2871 1520 τοῦ
2901 1466 3140 1520 διαϐόλου
3166 1466 3278 1519 ἐστι
3308 1483 3424 1528 πως
3452 1464 3679 1535 ἄγγελος
3702 1481 3721 1496 ο
3751 1467 3782 1517 ό
3803 1464 3918 1517 δεύ-

2382 1575 2534 1629 τερος
2561 1557 2886 1629 κληρονόμος
2931 1557 3206 1625 ἀλόγιστος
3250 1555 3475 1625 ἑτοίμως
3520 1555 3588 1607 τά
3629 1555 3920 1623 πονήματα

2383 1645 2760 1720 ἀποκτώμενος
2784 1662 2802 1681 ο
2836 1647 3128 1720 ἀμφότεροι
3157 1646 3216 1700 δὲ
3255 1647 3350 1716 τῆς
3379 1644 3620 1716 ἀλλήλων
3647 1643 3922 1706 ἀπωλείας

2389 1742 2706 1814 συνίστορες.

2981 1833 3025 1884 Σ
3028 1830 3232 1898 χόλων
3255 1827 3319 1882 θ’.

2457 1927 2568 1998 Τῆς
2586 1924 2952 1987 ταπεινώσεως
2978 1926 3011 1994 ἡ
3037 1923 3302 1993 τελειότης
3336 1921 3449 1974 ἐστὶ
3474 1920 3535 1974 τὺ
3565 1919 3758 1992 φέρειν
3793 1919 3924 1990 μετὰ

2391 2018 2559 2089 χαρᾶς
2593 2017 2689 2081 τάς
2721 2015 2931 2086 ψευδεῖς
2955 2015 3302 2085 κατηγορίας.

2902 2107 3155 2174 Σχόλιον
3187 2102 3397 2158 Ἰσαάκ.
3650 2144 3656 2153 .

2471 2198 2530 2252 Ὅ
2546 2196 2914 2267 ταπεινόφρων
2935 2198 2990 2249 ὲν
3016 2196 3235 2264 ἀληθείᾳ.
3263 2193 3628 2262 ἀδικούμενος,
3650 2189 3715 2243 οὐ
3739 2188 3926 2260 ταράσ-

766 2292 938 2347 neque
967 2277 1161 2330 factum
1191 2291 1346 2330 suum
1371 2273 1607 2330 defendit
1629 2260 1722 2329 aut
1744 2288 1964 2331 excusat
1987 2293 2111 2332 cum
2138 2278 2296 2334 laesus

2393 2309 2562 2351 σεται.
2593 2289 2711 2343 οὐδὲ
2742 2260 3028 2354 ἀπολογίας
3064 2260 3367 2352 ποιεῖ-ὕπερ
3393 2260 3484 2335 τού
3517 2281 3841 2350 πράγματος
3868 2271 3923 2331 οὗ

764 2377 878 2430 est;
909 2365 1002 2421 sed
1047 2365 1369 2429 calumniam
1418 2373 1670 2434 tanquam
1719 2365 1995 2420 veritatem
2039 2366 2296 2435 suscipit,

593 2461 601 2469 '
655 2534 658 2536 γ
767 2470 939 2525 neque
969 2455 1228 2510 sollicitus
1265 2465 1347 2510 est
1380 2461 1439 2507 ut
1479 2453 1799 2523 persuadeat
1838 2451 1977 2520 aliis,
2023 2455 2167 2527 quod
2195 2470 2300 2511 ca-

767 2545 1026 2599 lumniam
1060 2544 1128 2598 sit
1156 2558 1368 2613 passus,
1397 2543 1487 2598 sed
1520 2543 1730 2597 veniam
1761 2554 2024 2614 precatur.
2095 2579 2098 2584 -

1349 2632 1596 2686 Scholion
1635 2633 1719 2687 l0.

835 2723 917 2779 Tu
946 2723 1159 2794 quidem
1194 2731 1349 2790 putas
1385 2735 1438 2777 te
1471 2723 1827 2777 humilitatem
1861 2723 2171 2792 possidere,
2207 2724 2300 2779 sed

769 2831 942 2885 neque
975 2816 1201 2883 teipsum
1234 2825 1538 2869 accusatum
1569 2813 1708 2882 ferre
1732 2825 1901 2883 potes.
1926 2813 2149 2880 Quando
2173 2831 2303 2886 ergo

770 2921 931 2961 nosse
960 2905 1230 2960 desideras
1261 2921 1330 2958 an
1363 2919 1488 2959 vere
1517 2905 1583 2960 de
1611 2915 1663 2960 te
1693 2905 1960 2961 submisse
1994 2907 2211 2972 sentias,
2248 2909 2304 2960 in

769 2997 882 3064 jam
913 2994 1070 3049 dictis
1108 3003 1158 3048 te
1187 2981 1361 3062 ipsum
1391 2996 1611 3063 explora
1639 3003 1694 3049 et
1720 2996 1906 3064 proba.

1349 3082 1594 3138 Scholion
1629 3085 1716 3137 11.

2392 2379 2615 2450 ἠδικήθη
2634 2394 2647 2408 ·
2675 2376 2806 2429 ἀλλά
2825 2376 3033 2444 δέχεται
3059 2373 3154 2442 τὴν
3177 2371 3524 2439 συκοφαντίαν
3544 2369 3618 2432 ὡς
3639 2367 3894 2438 ἀλήθειαν

2395 2470 2489 2522 καὶ
2529 2469 2587 2520 οὐ
2619 2467 2851 2537 μεριμνᾷ
2897 2467 3073 2517 πεῖσαι
3099 2462 3221 2524 τοὺς
3247 2458 3577 2530 ἀνθρώπους,
3619 2458 3703 2511 ὅτι
3743 2458 3924 2509 ἐσυκο-

2397 2558 2635 2629 φαντὴθη
2657 2573 2673 2589 ο
2706 2556 2839 2611 ἀλλά
2868 2553 3202 2624 συγχώρησιν
3225 2553 3466 2606 αἰτεῖται.

2997 2647 3242 2714 Σχόλιον
3272 2650 3323 2697 ι’.

2467 2745 2537 2797 Σὺ
2565 2745 2660 2815 μὲν
2684 2741 3004 2796 ταπείνωσιν
3031 2738 3265 2807 νομίζεις
3287 2736 3428 2806 ἔχειν
3450 2751 3464 2766 ο
3500 2733 3611 2788 ἀλλ’
3631 2731 3755 2785 οὐδὲ
3777 2747 3924 2784 σεαυ-

2397 2835 2487 2890 τδν
2516 2832 2977 2904 κατηγορούμενον
3021 2830 3223 2899 φέρεις.
3274 2829 3354 2880 El.
3377 2821 3468 2880 οὖν
3505 2823 3680 2893 βούλει
3713 2821 3923 2891 γνῶναι,

2398 2929 2480 2981 ὅτι
2504 2924 2869 2994 ταπεινόφρων
2906 2917 2974 2986 ei,
3000 2920 3286 2989 δοκιμασον
3315 2914 3536 2970 σεαυτὸν
3561 2914 3620 2966 ὲν
3649 2912 3764 2974 τοῖς
3787 2911 3925 2980 εἰρη-

2405 3015 2600 3086 μένοις.

2983 3097 3233 3166 Σχόλιον
3257 3101 3345 3152 ια’.
3375 3153 3382 3156 _

845 3173 990 3228 Vana
1020 3172 1186 3242 gloria
1225 3181 1316 3226 εει
1340 3171 1754 3227 instrumentum
1796 3182 1850 3227 et
1892 3154 2136 3229 machina
2179 3175 2304 3228 dia-

2471 3194 2695 3267 Μηχανὴ
2719 3178 2964 3262 δαίμονος
2987 3154 3251 3254 κενοδοξία
3273 3203 3288 3217 ’
3324 3154 3435 3239 ἴστε
3461 3183 3540 3249 δὲ,
3561 3184 3645 3238 ὅτι
3671 3179 3844 3249 τούτῳ
3860 3175 3928 3245 τῷ

774 3264 912 3330 boli;
939 3278 1098 3333 quem
1132 3263 1222 3317 tali
1255 3262 1413 3316 modo
1447 3271 1501 3316 et
1533 3262 1790 3318 miracula
1815 3262 1972 3317 edere
1999 3265 2190 3320 nostis.

1345 3353 1504 3408 Aliud
1543 3343 1736 3408 Pholii.

845 3443 999 3511 Quod
1029 3442 1151 3514 quis
1181 3441 1467 3508 desiderat,
1497 3442 1600 3498 hoc
1629 3452 1683 3498 et
1714 3443 1906 3499 absens
1935 3453 2186 3512 tanquam
2212 3443 2310 3498 ad-

777 3543 942 3602 esset,
971 3535 1313 3603 imaginatur.
1354 3541 1409 3589 et
1435 3535 1762 3602 voluntatem
1792 3534 1949 3592 habet
1975 3536 2128 3604 quasi
2158 3536 2310 3603 opili-

781 3641 894 3682 ccm
927 3639 1019 3680 seu
1052 3623 1330 3693 praesidem
1358 3614 1584 3681 natura.
1617 3633 1630 3647 ‘

1324 3713 1482 3767 Aliud
1517 3713 1764 3783 ejusdem.

763 3831 765 3833 ι
852 3804 942 3858 llle
964 3805 1056 3873 qui
1087 3819 1151 3857 ex
1180 3803 1368 3857 alienis
1396 3803 1792 3858 calamitatibus
1819 3806 2154 3860 occasionem
2185 3818 2316 3874 opes

785 3895 1024 3964 rapiendi
1052 3886 1266 3964 accipit,
1295 3895 1394 3950 etsi
1426 3895 1670 3951 videatur
1697 3895 2017 3963 quibusdam
2061 3896 2181 3950 inde
2224 3896 2318 3950 be-

785 3988 944 4054 nigne
967 3983 1162 4048 facere,
1190 3999 1298 4038 non
1327 3983 1559 4038 ostendit
1585 3999 1651 4038 ex
1681 3983 1746 4038 iis
1769 4000 1888 4058 quae
1912 3984 2110 4053 praebet
2131 3984 2318 4039 huma-

786 4077 1027 4138 nitatem,
1060 4074 1152 4128 sed
1180 4089 1244 4127 ex
1276 4073 1344 4128 iis
1371 4073 1730 4144 quae-rapuit,
1783 4073 1964 4129 odium
1994 4083 2046 4128 et
2076 4077 2314 4144 tyranni-

785 4183 901 4220 cam
931 4174 1158 4220 mentem
1167 4205 1181 4220 .

1373 4257 1613 4312 Scholion
1649 4258 1734 4312 1‘2.

861 4348 938 4402 Illi
962 4350 1172 4416 quidem
1201 4349 1495 4418 (eremitai‘,
1528 4349 1824 4417 gloriantur
1863 4363 1961 4402 sua
1999 4348 2101 4402 cibi
2139 4348 2317 4417 parci-

718 4499 722 4503 .
791 4438 969 4492 monia
996 4448 1049 4493 et
1067 4440 1390 4512 frugalitate,
1415 4440 1692 4495 cmnohita:
1716 4453 1842 4492 vero
1871 4439 2023 4492 bonis
2043 4440 2312 4507 operibus.

1369 4527 1612 4583 Scholion
1648 4527 1732 4580 15.

865 4613 1066 4668 Avarus
1092 4618 1304 4684 quidem
1340 4634 1426 4673 res
1465 4630 1755 4688 pauperum
1795 4614 2035 4684 possidet
2067 4632 2081 4668 ε
2115 4622 2169 4667 ιιι
2199 4627 2326 4666 vero

793 4719 914 4757 cum
949 4703 1061 4758 haec
1087 4707 1155 4759 ab
1183 4708 1271 4762 illo
1298 4708 1514 4777 accipis,
1541 4706 1705 4777 286
1734 4716 1787 4760 et
1826 4721 1935 4760 rem
1969 4713 2114 4759 tuam
2159 4703 2327 4768 lacis;

791 4810 854 4851 cs
877 4794 1062 4864 iniquo
1091 4794 1183 4850 illo
1207 4796 1460 4865 iniquior,
1492 4806 1550 4854 et
1576 4811 1740 4853 avaro
1768 4795 2001 4850 avarior.

1343 4963 1518 5020 Aliud.
1559 4971 1813 5033 Quwstio.

869 5059 1014 5115 Unde
1045 5074 1174 5130 ergo
1228 5057 1290 5114 lit
1323 5066 1382 5112 ut
1424 5059 1577 5113 multi
1613 5074 1680 5113 ex
1706 5061 1882 5118 avaris
1913 5078 2020 5118 non
2065 5063 2205 5120 male
2235 5061 2331 5117 ha-

796 5149 995 5210 beant?

1402 5238 1741 5309 Responsum.

869 5326 1094 5383 Maxime
1143 5345 1273 5386 vero
1314 5331 1604 5402 patientur,
1653 5333 1986 5404 pessimeque
2029 5337 2326 5404 habebunt,

799 5420 898 5472 eisi
931 5433 1035 5470 non
1062 5421 1239 5474 statim
1267 5423 1557 5492 patiantur,
1585 5427 1638 5475 et
1661 5420 1715 5474 in
1739 5435 1970 5490 praesens
1991 5441 2180 5497 poenas
2201 5426 2334 5482 ellu-

801 5509 1002 5578 gerint;
1035 5516 1087 5562 tu
1116 5518 1289 5565 tamen
1321 5512 1422 5566 hoc
1449 5511 1621 5582 magis
1657 5510 1806 5577 time,
1844 5513 1966 5580 quia
1992 5517 2182 5586 majori
2208 5533 2334 5586 sup-

803 5599 962 5668 plicio
1010 5609 1372 5653 reservantur.
1426 5600 1539 5656 Etsi
1589 5601 1690 5670 ipsi
1729 5599 1947 5655 omnino
1993 5604 2206 5674 impune
2248 5607 2336 5662 hic

802 5689 1042 5753 tulerint,
1073 5689 1269 5759 posteri
1299 5697 1478 5744 tamen
1516 5706 1704 5745 eorum
1736 5692 1848 5746 sive
1883 5691 2114 5752 haeredcs
2151 5707 2333 5769 postea

802 5780 952 5837 luent
972 5799 1070 5839 nec
1097 5780 1360 5853 emugiunt
1385 5781 1692 5837 vindictam.

2404 3289 2585 3360 τρόπῳ
2611 3286 2700 3340 καὶ
2725 3281 3139 3352 θαυματουργεῖ.

2843 3429 2857 3444 ’
2970 3438 3188 3493 Φωτίου
3214 3434 3386 3489 ἄλλο.

2477 3523 2550 3586 Οὗ
2581 3549 2664 3595 τις
2696 3531 2934 3597 ἐφίεται,
2971 3525 3124 3578 τοῦτο
3162 3524 3253 3577 καὶ
3282 3521 3418 3587 ἀπὸν
3462 3519 3714 3587 παρεῖναι
3745 3509 3927 3583 (ριιντά⁶

2411 3624 2576 3688 ζεται,
2604 3622 2813 3690 θέλημα
2835 3620 2970 3688 ἔχων
2999 3612 3320 3686 δημιουργὸν
3341 3609 3440 3680 τῆς
3467 3608 3700 3678 φύσεως.

2971 3705 3190 3767 Φακέου
3217 3702 3388 3754 ἄλλο.

2485 3803 2648 3854 Ὅταν
2677 3781 2954 3867 ἀλλοτρίας
2986 3793 3260 3864 συμφορὰς
3289 3791 3551 3860 ἅρπαγμα
3584 3783 3930 3856 ποιησάμενος

2416 3891 2658 3954 πλούτου,
2696 3891 2743 3942 εί
2780 3889 2871 3941 καὶ
2897 3887 3033 3952 δόξει
3063 3883 3209 3946 τινάς
3239 3880 3445 3934 ἐκεῖθεν
3472 3879 3732 3942 εύποιεῖν,
3757 3873 3851 3927 οὐκ
3877 3870 3928 3935 ἐξ

2413 3978 2486 4039 ὧν
2530 3983 2750 4052 παρέχει
2793 3980 2853 4032 τὸ
2897 3976 3298 4046 φιλάνθρωπον,
3343 3970 3455 4026 ἀλλ’
3496 3969 3557 4034 ἐξ
3594 3961 3670 4025 ὧν
3708 3968 3929 4038 ἥρπασε,

2414 4075 2473 4129 τὸ
2526 4073 2899 4146 μισάνθρωπον
2957 4070 3051 4124 καὶ
3106 4065 3419 4139 τυραννικὸν
3481 4061 3782 4132 στηλιτεύει
3841 4055 3928 4123 τῆς

2413 4163 2652 4236 γνώμης.
3465 4199 3476 4207 -

2998 4250 3250 4318 Σχόλιον
3278 4243 3361 4314 ιβ’.
3410 4287 3411 4290 η

2483 4347 2546 4399 Oi
2579 4346 2676 4416 μὲν
2702 4343 2926 4414 αὐχοῦσιν
2949 4343 3066 4403 ταῖς
3093 4335 3406 4398 εὐτελείαις,
3437 4331 3488 4384 οι
3515 4331 3572 4385 δὲ
3601 4331 3722 4392 ταῖς
3747 4327 3930 4410 εὐπρα-

2417 4438 2580 4506 γίαις.
2707 4451 2728 4492 ·.
3298 4509 3301 4516 1

2996 4519 3249 4587 Σχόλιον
3278 4521 3363 4583 ιγ’.

2500 4615 2557 4666 '0
2600 4613 2699 4683 μὲν
2731 4610 3050 4680 πλεονέκτης
3095 4608 3206 4678 ἔχει
3234 4605 3301 4659 τὰ
3347 4601 3439 4657 τοῦ
3477 4602 3701 4672 πένητος
3727 4617 3740 4630 ·
3784 4597 3844 4650 σὺ
3881 4593 3926 4647 δὲ

2420 4705 2588 4760 ταῦτα
2627 4703 2800 4756 λαϐὼν
2827 4703 2918 4757 καὶ
2953 4702 3113 4772 μέρος
3155 4698 3510 4769 ποιησάμενος
3537 4697 3635 4766 τῆς
3668 4694 3764 4764 σῆς
3790 4705 3925 4758 περι-

2421 4797 2636 4859 ουσίας,
2674 4795 2854 4849 ἀδίκου
2883 4792 3199 4864 ἀδικώτερος
3224 4791 3458 4860 ἐφάνης,
3504 4789 3597 4841 καὶ
3637 4783 3925 4862 πλεονέκτου

2428 4885 2607 4938 πλεονε
2616 4883 2839 4938 κτικὼτε
2846 4901 2956 4956 ρος.

2865 4983 2868 4985 λ
2905 4976 3098 5029 Ἄλλο.
3137 4974 3469 5041 Ἐρώτησις.

2492 5065 2556 5118 Τί
2597 5060 2709 5134 οὖν,
2754 5067 2834 5119 ὅτι
2878 5065 3060 5119 πολλοὶ
3103 5061 3540 5123 πλεονεκτοῦντες
3584 5058 3646 5111 οὐ
3694 5057 3929 5123 πάσχουσι

2427 5156 2632 5224 κακῶς;

3021 5245 3375 5312 Ἀπόκρισις.

2496 5338 2743 5394 Μάλιστα
2772 5339 2869 5409 μὲν
2895 5337 3184 5397 πείσονται,
3217 5335 3318 5387 κᾶν
3353 5331 3424 5400 μὴ
3451 5328 3698 5399 παραυτά
3724 5325 3923 5382 πάθωσι.

2429 5433 2523 5484 Ἂν
2563 5431 2620 5484 δὲ
2656 5430 2750 5484 νῦν
2799 5429 3098 5498 ἐκφύγωσι,
3145 5421 3573 5492 τὰτεδφοόήθητι
3623 5421 3824 5490 μᾶλλον,
3860 5415 3923 5467 ὅτι

2389 5539 2396 5545 ε
2430 5521 2632 5590 μείζονι
2671 5521 2885 5574 κολάσει
2926 5515 3229 5588 τηροῦνται,
3265 5512 3365 5566 κᾶν
3403 5513 3551 5567 αὐτοὶ
3591 5511 3922 5582 διαφύγωσιν·

2429 5611 2539 5664 ἀλλ’
2585 5612 2634 5663 oi
2697 5608 3209 5681 κληρονομήσαντες,
3240 5604 3306 5658 τὰ
3368 5604 3578 5671 αὐτῶν,
3625 5605 3684 5659 οὐ
3738 5590 3922 5667 διαφιύ·

2430 5702 2628 5768 ξονται.
