4030 6342
166 425 265 489 901

670 536 872 589 Ἀλλο.
914 532 1240 602 Ἐρώτησις.

243 630 353 681 Καὶ
380 627 498 691 πῶς
531 626 592 681 τὸ
623 627 825 681 δίκαιον
850 641 1018 696 φησι;

768 719 1121 787 Ἀπόκρισις.

245 810 355 864 Καὶ
385 810 586 882 σφόδρα
617 810 822 864 δίκαιον
846 827 861 842 ο
910 811 940 862 ό
976 808 1083 879 γὰρ
1110 804 1486 875 διαδεξάμενος
1526 802 1725 874 κλῆρον

171 902 388 964 ἀδικίας
417 901 724 972 γενόμενον,
758 901 808 953 εί
836 901 929 954 καὶ
977 898 1135 960 αὐτὸς
1168 897 1243 969 μὴ
1278 897 1551 967 ἥρπασας,
1590 894 1725 950 ἀλλὰ

174 995 241 1047 σὺ
271 991 565 1056 ἀπολαύεις
587 1009 603 1025 ο
634 995 834 1054 ἐκεῖνος
861 989 1132 1062 ἁμαρτίαν
1159 987 1531 1059 ὲθησαύρισεν,
1554 987 1724 1058 ὀργήν

172 1101 235 1138 τε
265 1084 447 1156 ήμέρᾳ
472 1084 661 1155 ὀργῆς,
686 1084 779 1137 καὶ
801 1086 864 1136 σὺ
892 1082 989 1153 τὴν
1019 1081 1308 1152 ἁμαρτίαν,
1332 1079 1424 1133 καὶ
1444 1078 1540 1150 τὴν
1558 1078 1724 1149 ὀργὴν

174 1177 637 1248 ἐκληρονόμησας,
655 1177 749 1231 καὶ
766 1175 1114 1247 ἀπαιτηθήσῃ
1140 1174 1266 1244 περὶ
1282 1172 1457 1227 αὐτῶν
1482 1172 1720 1225 πάντων.

173 1270 362 1324 Ταῦτα
389 1269 445 1322 δὲ
477 1270 570 1324 καὶ
597 1270 647 1322 οί
678 1268 784 1335 τῶν
826 1267 1023 1333 ἔξωθεν
1055 1269 1232 1321 ἴσασιν
1252 1264 1427 1335 νόμοι⁸
1457 1263 1574 1333 οὐχὶ
1597 1264 1724 1326 τοὺς

175 1361 564 1431 ἁρπάσαντας,
621 1361 713 1415 καὶ
756 1359 1110 1431 ὑφελομένους
1165 1357 1405 1421 ἐκείνους
1449 1353 1725 1410 κελεύουσι

177 1452 1101 1529 ἀπαιτεῖν-ἀλλά..
1443 1472 1448 1477 ’
1550 1451 1563 1463 ⁸

619 1545 875 1614 Σχόλιον
900 1542 1168 1610 Μαξίμου
1201 1540 1281 1594 ιδ’.

250 1636 371 1688 Elei
393 1653 515 1689 τινα
544 1637 701 1706 φύσει
731 1636 868 1690 καλά
896 1634 1045 1703 παρὰ
1090 1633 1197 1685 τῶν
1244 1632 1542 1702 ἀνθρώπων
1582 1629 1725 1698 γινό-

181 1745 319 1796 μενα
345 1743 360 1756 ·
396 1728 509 1782 ἀλλ’
535 1729 597 1782 οὐ
624 1728 761 1781 καλά
793 1725 949 1780 πάλιν
977 1724 1063 1778 διὰ
1095 1724 1268 1787 αἰτίας
1291 1740 1305 1754 ·
1344 1719 1454 1777 οἷον
1482 1720 1722 1791 νηστεία,

177 1820 275 1872 καὶ
299 1820 594 1892 ἀγρυπνία,
639 1821 731 1875 καὶ
770 1819 1067 1888 προσευχὴ,
1117 1817 1209 1871 καὶ
1234 1815 1538 1888 ψαλμῳδία.
1567 1814 1725 1885 ὲλεη-

1153 417 1374 477 SCALA
1421 412 1793 475 PARADISI.
1824 438 1891 449 -—
1913 412 2216 474 GRADUS
2242 414 2431 498 XXII.

1753 534 1801 588 Α

3154 442 3173 483 .·
3274 415 3379 477 962

2382 525 2561 581 Aliud.
2586 525 2836 592 Quwstio.

1898 616 1964 671 Et
1990 616 2261 687 quomodo
2291 616 2392 672 hoc
2413 632 2626 687 mquum
2658 627 2740 675 est
2764 618 2909 691 quod
2941 620 3117 676 dicit?

2280 774 2288 781 _
2432 708 2777 778 Responsum.
2799 728 2802 731 '

1898 800 1963 855 Et
1993 802 2210 871 quidem
2244 800 2398 857 valde
2440 818 2698 872 aequum:
2736 818 2857 857 nam
2902 803 3075 857 haeres
3113 803 3380 859 honorum

1823 890 2136 971 iniquorum
2171 891 2365 955 factus,
2406 893 2507 948 etsi
2544 894 2661 963 ipse
2686 909 2795 948 non
2826 893 3073 964 rapuisti,
3111 904 3261 963 rapta
3300 904 3383 948 ta-

1824 999 1947 1039 men
1981 983 2248 1051 possides.
2278 984 2370 1040 llle
2396 994 2672 1055 peccatum
2706 994 2761 1039 et
2793 985 2927 1041 iram
2957 985 3012 1039 in
3043 985 3129 1040 die
3156 985 3249 1039 ira:
3278 987 3379 1039 sibi

1826 1075 2236 1142 thesaurizavit,
2265 1084 2318 1131 tu
2346 1071 2634 1146 peccatiet
2659 1076 2750 1132 irae
2776 1076 3143 1131 haereditatem
3168 1076 3380 1139 adiisti;

1823 1165 1922 1220 abs
1950 1174 2001 1221 te
2034 1167 2214 1221 omnia
2243 1167 2544 1238 exigentur.
2569 1165 2624 1221 Id
2648 1168 2788 1235 quod
2816 1176 2870 1222 et
2898 1168 3083 1222 civiles
3112 1168 3251 1237 leges
3272 1182 3379 1220 non

1823 1257 2096 1328 ignorant,
2125 1275 2247 1330 qua:
2278 1261 2612 1331 praecipiunt,
2656 1270 2715 1315 ut
2744 1260 2914 1314 aliena
2955 1270 3008 1315 et
3047 1271 3198 1330 rapta
3241 1260 3380 1314 bona

1824 1363 1930 1403 non
1965 1349 2033 1403 ab
2058 1348 2128 1404 iis
2150 1350 2434 1422 exigantur
2457 1352 2551 1420 qui
2582 1360 2875 1420 rapuerunt
2898 1351 2973 1420 (a)
2995 1351 3110 1420 (sed
3135 1351 3227 1421 qui
3253 1364 3381 1422 pos-

1824 1440 2085 1497 sederunt
2118 1449 2172 1497 et
2191 1442 2514 1512 possident).

2380 1530 2439 1586 S.
2483 1531 2709 1586 Maximi
2752 1532 2833 1587 14.

1895 1622 2033 1677 Sunt
2055 1622 2296 1693 quaedam
2320 1632 2510 1678 natura
2533 1624 2673 1691 bona
2696 1638 2817 1693 quae
2839 1623 2906 1677 ah
2929 1623 3240 1677 hominibus
3266 1622 3382 1677 ﬁeri

1825 1717 2020 1779 solent,
2054 1715 2146 1769 sed
2173 1730 2297 1786 qua:
2319 1730 2414 1784 per
2438 1716 2609 1769 malas
2637 1730 2829 1770 causas
2862 1715 3117 1768 vitiantur
3151 1724 3204 1769 et
3241 1716 3381 1768 mala

1825 1807 1961 1861 ﬁunt
1997 1822 2012 1860 :
2054 1805 2285 1874 exempli
2321 1820 2507 1868 causa,
2536 1803 2824 1873 ieiunium,
2854 1803 3069 1871 vigilite,
3112 1805 3380 1870 precatio,

181 1884 413 1984 μοσύνή.
457 1915 550 1967 καὶ
581 1884 886 1983 νφιλοξενία,
931 1884 1358 1979 καῖξενοδοχία,
1389 1884 1544 1975 φύσει
1588 1884 1730 1959 καὶξά

1837 1897 2160 1968 psalmorum
2188 1908 2405 1960 cantus,
2442 1895 2807 1964 eleemosyna,
2840 1893 3200 1961 hospitalitas,
3230 1907 3383 1959 perc-

179 2006 321 2075 ἐργα
348 2006 505 2071 εἰσὶν,
538 2004 649 2058 ἀλλ’
677 2005 804 2058 ὅταν
843 2001 931 2056 διά
971 2000 1269 2066 κενοδοξίαν
1314 1999 1589 2069 γίνωνται,
1630 1998 1731 2051 οὐκ

177 2096 299 2149 ἐστι
325 2095 488 2151 καλάς

773 2269 1029 2338 Σχόλιον
1062 2273 1141 2322 ιε’.

258 2358 640 2431 ’Υποκρίνεται
692 2359 964 2425 κενόδοξος
1004 2357 1298 2431 ἀοργησίαν
1323 2373 1339 2388 ’
1391 2356 1591 2412 ὁπόταν
1640 2350 1731 2411 οὖν

175 2448 353 2524 ταύτῃ
384 2451 582 2522 ληφθῇ,
616 2451 736 2505 ἀντὶ
768 2449 954 2521 τιμῆς,
984 2449 1204 2519 ἀτιμίαν
1228 2447 1535 2531 ὑφίσταται.

760 2625 1016 2690 Σχόλιον
1041 2621 1142 2688 ις’.

251 2714 538 2784 ⁴ῐθρόντισον
589 2712 686 2767 τοῦ
733 2714 935 2775 πάθους
975 2711 1162 2766 τούτου
1216 2711 1309 2765 τοῦ
1358 2710 1730 2781 κατηραμένου

179 2804 277 2857 τοῦ
315 2803 597 2873 μίσγοντος
625 2801 786 2858 ἑαυτο
813 2803 950 2875 μετά
974 2802 1083 2856 τῶν
1112 2801 1340 2873 ἀρετῶν,
1380 2800 1483 2864 ἕως
1511 2794 1572 2852 οὗ
1601 2802 1708 2855 ἀπο

181 2895 315 2967 λέσῃ
361 2895 551 2960 αὐτάς.
609 2895 736 2951 Ἐὰν
777 2897 887 2968 γὰρ
935 2896 1008 2966 μὴ
1054 2895 1083 2947 ὁ
1111 2893 1391 2967 ἄνθρωπος
1434 2894 1641 2966 ἐκκόψῃ
1675 2893 1737 2947 τὸ

182 2988 378 3059 ἄτιμον
404 2989 500 3043 τοῦ
531 2989 752 3057 πάθους,
781 2990 843 3044 οὐ
867 2990 1085 3044 δύναται
1112 2988 1375 3061 προκόψαι
1408 2988 1545 3043 κατά
1565 2988 1695 3043 Θεόν
1718 3004 1733 3020 ’

183 3078 337 3149 αὐτῷ
362 3080 470 3150 γὰρ
496 3078 903 3145 ὲξακολουθοῦσι
931 3079 1105 3134 πάντα
1133 3079 1201 3133 τὰ
1233 3080 1395 3134 κακά.

528 3172 736 3238 Ἀλλο,
766 3170 871 3225 τοῦ
898 3172 1069 3240 ἁγίου
1098 3171 1385 3240 Μαξίμου.

256 3261 348 3332 Μὴ
398 3260 507 3313 τῶν
561 3260 859 3331 ἀνθρώπων
905 3264 1019 3323 τοῖς
1072 3261 1473 3329 ἀσθενεστέροις
1515 3258 1737 3312 σεαυτὸν

183 3351 553 3425 παραμέτρει,
585 3349 720 3403 ἀλλά
750 3352 862 3413 τοῖς
889 3350 1175 3421 ὲμὸλήτοις
1209 3349 1306 3419 τῆς
1347 3349 1563 3416 ἀγάπης
1599 3347 1735 3418 μᾶλ-

186 3440 281 3494 λον
316 3439 720 3511 παραμετρῶν’
769 3441 882 3503 τοῖς
933 3439 1030 3509 μὲν
1077 3438 1184 3509 γὰρ
1230 3438 1617 3507 παραμετρῶν,
1660 3439 1739 3501 είς

185 3532 281 3587 τδν
316 3531 509 3603 βόθρον
538 3532 638 3603 τῆς
668 3532 896 3603 οἰήσεως
929 3530 1216 3601 ἐμπίπτεις
1240 3547 1258 3563 ·
1300 3532 1366 3601 τῇ
1395 3529 1451 3582 δὲ
1477 3529 1738 3599 παρατεί-

185 3641 319 3690 νων,
349 3624 425 3688 ώς
448 3623 509 3677 τὸ
535 3623 666 3695 ὕψος
689 3626 789 3694 τῆς
814 3620 1188 3686 ταπεινώσεως
1216 3622 1559 3694 προκόπτεις.

792 3916 1047 3980 Σχόλιον
1070 3915 1151 3978 ιζ’.

260 4005 566 4077 Μωμητῆς,
598 4006 764 4076 ήγουν
791 4004 1013 4075 ψεκτῆς.
1030 4000 1277 4073 Μωμητὴ
1302 3999 1445 4073 ήτοῦ
1469 4000 1743 4071 Ναϐουχοο

188 4096 414 4168 δονόσορ
464 4097 824 4168 μεγαλαυχία,
858 4096 974 4151 ἀλλ’
1003 4094 1257 4167 ἐπαινετή
1284 4096 1319 4165 ή
1358 4094 1499 4147 κατά
1545 4093 1744 4162 γνῶσιν

191 4187 336 4244 Θεοῦ
386 4188 474 4242 ἐπ’
522 4189 760 4258 ἐσχάτων
815 4189 1121 4260 μετριότης,
1170 4189 1336 4259 ήγουν
1389 4203 1744 4258 ταπεινοφρο-

194 4281 358 4351 σύνη.

775 4383 1046 4453 Μαξίμου
1085 4389 1174 4454 ιη’.

267 4476 338 4529 Et
365 4474 543 4537 θέλεις
569 4473 819 4543 γενέσθαι
868 4468 1193 4541 ἐπιγνώμων
1239 4472 1331 4525 καὶ
1366 4474 1605 4543 μέτριος,
1653 4476 1747 4528 καὶ

189 4565 277 4637 τῷ
319 4565 480 4619 πάθει
509 4566 609 4636 τῆς
640 4568 866 4638 οἰήσεως
917 4563 990 4635 μὴ
1037 4562 1321 4627 δουλεύειν,

191 4658 316 4720 τοῖς
341 4649 458 4710 ὄῦσι
491 4657 543 4708 τί
574 4659 688 4711 ἐστι
717 4658 779 4711 τὸ
807 4656 1175 4729 κρυπτόμενον
1204 4657 1271 4727 τῇ
1308 4657 1373 4726 σῇ
1401 4656 1625 4723 γνώσειο
1659 4659 1752 4712 καὶ

193 4748 472 4821 εὑρίσκων
524 4747 818 4818 πάμπολλα
873 4751 965 4804 καὶ
1009 4749 1238 4821 διάφορα
1282 4748 1607 4803 λανθάνοντά
1666 4767 1749 4814 σε,

192 4840 505 4909 θαυμάσεις
534 4855 593 4891 τε
641 4838 736 4891 ἐπὶ
776 4842 841 4911 τῇ
888 4844 955 4911 σῇ
991 4841 1207 4909 γνώσει,
1256 4840 1348 4894 καὶ
1391 4839 1661 4903 συστελεῖς
1690 4841 1752 4893 τὸ

191 4934 475 5004 φρόνημα,
509 4930 602 4983 καὶ
635 4923 858 4983 σεαυτὸν
890 4914 1162 5023 ἐπιγνοὺς,
1193 4932 1438 5001 συνήσεις
1469 4928 1637 4983 πολλὰ
1662 4930 1753 4983 καὶ

196 5022 418 5096 μεγάλα
445 5022 766 5097 πράγματα,
798 5020 1011 5075 Amm
1043 5022 1279 5093 νομίζειν
1310 5020 1524 5085 εἰδέναι,
1554 5021 1653 5074 οὐκ
1685 5022 1751 5092 ἐᾷ

191 5116 533 5187 ⁸προκόπτειν
558 5114 639 5177 είς
666 5114 727 5166 τὸ
759 5111 976 5166 είδέναι.

601 5305 855 5373 sxum
882 5301 989 5357 τοῦ
1030 5302 1232 5359 Ἰσαάκ
1272 5305 1355 5361 ιθ’.

188 5392 189 5397 “
278 5393 521 5465 ἐκάστη
570 5396 737 5470 ἀρετή
792 5396 1278 5473 μήτηρᾳὲστὶ-τῆς
1325 5396 1605 5469 δευτέρας·
1654 5395 1748 5450 ὲάν

192 5486 295 5546 ὥν
334 5484 564 5555 ἀφήσεις
589 5488 689 5558 τὴν
727 5469 941 5560 μητέρα
969 5469 1082 5559 Ττὴν
1106 5469 1378 5554 γεννῶσαν
1406 5488 1503 5553 τάς
1530 5489 1745 5560 ἀρετὰς,

197 5582 302 5637 καὶ
364 5576 604 5650 ἀπέλθῃς
667 5578 898 5651 ζητῆσαι
968 5580 1063 5643 τὰς
1124 5577 1420 5648 θυγατέρας
1482 5581 1585 5650 πρὸ
1655 5580 1749 5633 τοῦ

198 5669 506 5743 κτήσασθαι
552 5670 650 5741 τήν
703 5671 913 5744 μητέρα
952 5671 1148 5733 αὐτῶν,
1178 5670 1375 5738 ἔχιδναι
1393 5674 1750 5741 ἐὑρίσκονται

200 5764 403 5818 ἓνεῖναι
429 5762 495 5831 τῇ
522 5759 687 5831 ψυχῇ,
706 5748 819 5815 ’ὲάν
849 5762 924 5832 μὴ
953 5762 1111 5833 ῥίψῃς
1141 5759 1307 5823 αὐτὰς
1337 5763 1442 5815 ἀπὸ
1472 5765 1588 5817 σοῦ.

278 5876 357 5951 (α)
386 5874 597 5933 Inclusa
623 5876 930 5948 parenthesi
962 5878 1015 5933 in
1041 5876 1227 5935 ϐιττοο
1252 5885 1374 5933 sunt
1407 5877 1614 5937 abrasa.

1830 1988 2108 2057 grinorum
2150 1987 2391 2040 invitatio
2428 2001 2523 2041 seu
2546 1984 2839 2054 susceptio,
2873 1992 3066 2037 natura
3093 1982 3231 2037 bona
3255 1992 3383 2036 sunt

1830 2092 2015 2147 opera,
2040 2078 2132 2133 sed
2159 2080 2374 2147 quando
2408 2075 2583 2132 laudis
2616 2077 2868 2132 humanae
2905 2076 3183 2147 captandas
3212 2078 3383 2149 gratia

1830 2170 1989 2236 ﬁunt,
2017 2158 2124 2225 non
2152 2179 2280 2225 sunt
2306 2170 2466 2225 bona.

2419 2260 2669 2318 Scholion
2706 2262 2793 2316 l5.

1899 2349 2064 2403 Vatiae
2094 2349 2277 2420 gloria:
2302 2365 2501 2420 auceps
2534 2351 2755 2407 simulat
2796 2350 3259 2421 mansuetudinem
3292 2365 3387 2407 seu

1834 2456 1927 2495 ,τε
1942 2442 2262 2496 vacuitatem
2291 2460 2305 2495 :
2330 2441 2549 2510 quando
2565 2456 2694 2513 ergo
2709 2442 3073 2508 excandescit,
3096 2457 3194 2511 pro
3216 2441 3387 2511 gloria

1834 2532 2184 2602 ignominiam
2211 2534 2420 2603 recipit.

2428 2622 2677 2677 Scholion
2716 2622 2802 2677 16.

1902 2712 2195 2783 Diligenter
2221 2713 2506 2769 advertere
2538 2713 2605 2767 ad
2648 2713 2750 2768 hoc
2779 2720 3124 2768 exsecratum
3150 2711 3340 2765 vitium
3372 2750 3388 2773 ,

1834 2804 1980 2876 quod
2029 2820 2088 2861 se
2134 2806 2311 2875 ipsum
2364 2804 2655 2860 virtutibus
2696 2804 2996 2867 immiscet,
3044 2802 3221 2873 quoad
3273 2802 3393 2856 illas

1834 2899 2043 2969 perdat.
2092 2895 2206 2952 Nisi
2252 2897 2397 2952 enim
2438 2896 2543 2953 hoe
2598 2894 2800 2952 infame
2837 2896 3026 2950 vitium
3063 2894 3393 2964 exstirpat-it,

1836 3004 1944 3045 non
1979 2998 2157 3060 potest
2195 2989 2249 3044 in
2291 2989 2491 3045 divinis
2533 2988 2824 3044 virtutibus
2861 2989 3165 3059 proﬁcere;
3216 2986 3393 3056 ipsum

1807 3082 1979 3136 enim
2026 3082 2209 3136 omnia
2247 3082 2390 3136 mala
2430 3091 2859 3149 consequuntur.

2285 3170 2447 3223 Aliud
2484 3171 2656 3223 sancti
2690 3169 2934 3223 Maximi.

1904 3255 2022 3311 Noli
2050 3266 2100 3311 te
2122 3272 2243 3311 cum
2291 3248 2781 3328 imperfectioribus
2822 3255 3134 3311 hominibus
3170 3269 3389 3324 compa-

1834 3369 1993 3418 rare,
2038 3354 2131 3409 sed
2187 3369 2311 3407 cum
2368 3354 2476 3409 illis
2520 3354 2614 3423 qui
2672 3353 2833 3423 287
2886 3351 3080 3405 eximia
3127 3349 3391 3405 charitate

1833 3447 2201 3503 eminuerunt.
2242 3443 2301 3500 Si
2348 3446 2493 3500 enim
2537 3454 2591 3500 te
2633 3460 2755 3499 cum
2794 3444 2899 3498 illis
2939 3441 3211 3513 prioribus
3245 3456 3395 3495 com-

1836 3540 2133 3612 paraveris,
2163 3540 2218 3593 in
2261 3538 2508 3594 scrobem
2543 3535 2806 3607 superbiae
2834 3543 2889 3589 et
2906 3533 3285 3607 iastimationis
3314 3531 3395 3586 tui

1840 3633 2012 3703 ipsius
2053 3631 2289 3696 incides;
2330 3629 2376 3684 si
2426 3637 2606 3683 autem
2649 3642 2771 3681 cum
2815 3627 3007 3681 horum
3046 3625 3306 3681 cha‘ritate
3344 3633 3399 3679 te

1838 3722 2172 3787 contuleris,
2217 3721 2286 3775 ad
2331 3720 2619 3776 sublimem
2664 3717 2985 3772 humilitatis
3030 3724 3227 3772 statum
3270 3729 3397 3784 pro-

1838 3814 2011 3869 ﬁeies.

2446 3899 2697 3955 Scholion
2724 3898 2813 3951 17.

1908 3991 2189 4061 Correeto)
2210 3991 2321 4045 sive
2340 3991 2668 4060 reprehenso
2689 4006 2702 4042 :
2722 3986 3158 4059 reprehendenda
3179 3985 3281 4040 fuit
3299 3985 3397 4039 Na-

1842 4082 2311 4139 huchodonosoris
2341 4080 2578 4135 insolens
2603 4079 2886 4150 iactantia,
2911 4078 3004 4135 sed
3038 4076 3301 4131 laudanda
3326 4076 3394 4130 ad

1842 4186 2145 4231 extremum
2176 4183 2304 4228 nata
2346 4188 2412 4227 ex
2445 4172 2538 4227 Dei
2571 4173 2877 4243 cognitione
2913 4171 3255 4227 mediocritas
3299 4184 3395 4225 seu

1844 4266 2132 4330 modestia,
2171 4266 2412 4335 adeoque
2441 4265 2718 4320 humilitas

2366 4354 2551 4409 Sancti
2574 4354 2627 4408 Μ
2633 4356 2800 4408 aximi
2820 4354 2908 4409 18.

1916 4445 1975 4501 Si
2007 4446 2089 4500 vis
2116 4446 2343 4516 teipsum
2378 4460 2541 4500 nosse
2567 4454 2617 4499 et
2644 4445 2919 4499 modestus
2950 4444 3084 4510 ﬁeri,
3118 4430 3293 4516 neque
3316 4445 3403 4501 vi-

1365 4526 1453 4617 ἀεὶ
1472 4526 1665 4637 ⁵ζήτει

1850 4530 1927 4585 tio
1958 4527 2186 4584 tumoris
2224 4536 2279 4582 et
2322 4527 2736 4582 existimationis
2774 4526 3012 4592 servire,
3061 4526 3114 4580 in
3151 4528 3403 4583 omnibus
3442 4592 3443 4595 η

1849 4627 2013 4682 rebus
2041 4637 2239 4695 quaere,
2265 4623 2392 4693 quid
2427 4622 2498 4677 sit
2519 4622 2664 4691 quod
2687 4633 2835 4676 tuam
2873 4623 3230 4692 cognitionem
3270 4622 3403 4676 υσυ-

1847 4716 1981 4787 giat,
2008 4723 2209 4769 etcum
2247 4712 2415 4766 multa
2447 4719 2500 4766 et
2532 4712 2674 4766 varia
2705 4728 2825 4783 qua.-
2857 4721 2910 4769 te
2936 4715 3156 4777 lateant,
3185 4714 3407 4766 invene-

1848 4806 1947 4871 ris,
1975 4801 2259 4858 miraberis
2279 4811 2426 4857 tuam
2448 4803 2727 4858 setentiam
2758 4804 2877 4873 (seu
2910 4806 3087 4875 potius
3117 4802 3408 4871 inscitiam)

1848 4909 1901 4955 et
1931 4898 2310 4956 lastumtuum
2340 4895 2593 4951 retundes
2622 4914 2636 4950 :
2669 4906 2724 4952 et
2756 4913 2879 4951 cum
2916 4907 2968 4952 te
3000 4898 3171 4964 ipsum
3203 4907 3405 4962 cogno-

1855 4991 2009 5057 veris,
2037 4988 2234 5043 multas
2265 4994 2319 5042 et
2348 5002 2569 5059 magnas
2600 5004 2689 5045 res
2712 4990 2993 5060 intelliges.
3015 4975 3155 5039 Nam
3184 5000 3249 5040 eo
3283 4987 3402 5054 ipso

1846 5087 1988 5159 quod
2022 5084 2161 5141 seire
2198 5098 2300 5139 nos
2336 5086 2734 5155 existimamus,
2782 5087 2847 5143 ad
2892 5083 3170 5142 scientiam
3220 5085 3408 5140 venire

1844 5196 1952 5237 non
1984 5193 2293 5250 possumus.

2471 5290 2650 5348 Isaaci
2683 5291 2769 5345 19.

1922 5399 2272 5466 Unaquaeque
2314 5402 2487 5455 virtus
2522 5407 2607 5453 est
2646 5395 2865 5451 alterius
2908 5394 3122 5447 virtutis
3154 5407 3401 5461 procrea-

1856 5494 1980 5548 trix.
2025 5490 2081 5545 Si
2120 5505 2250 5561 ergo
2296 5493 2481 5548 relicta
2526 5488 2882 5561 procreatriee
2922 5488 3177 5543 virtutum
3208 5495 3399 5549 matre,

1856 5583 2052 5639 abieris
2077 5582 2143 5637 ad
2170 5582 2569 5656 investigandas
2613 5580 2752 5635 ﬁlias
2779 5580 3089 5651 priusquam
3120 5584 3392 5645 parentem

1856 5678 2065 5732 illarum
2092 5676 2391 5743 possideas,
2422 5676 2618 5743 viperae
2640 5673 2693 5727 in
2718 5674 2899 5730 anima
2924 5683 3011 5729 tua
3042 5668 3395 5740 reperientur,
3506 5740 3511 5746 _

1704 5800 1709 5803 ι
1854 5769 1899 5825 si
1938 5767 2055 5823 illas
2083 5766 2179 5824 abs
2196 5775 2247 5824 te
2276 5784 2383 5824 non
2409 5766 2679 5841 reieceris.
