4030 6342
695 383 799 445 963

1927 385 1984 443 s.
2004 383 2318 444 JOANNIS
2331 345 2644 448 'CLIMACI

3775 407 3871 470 95!

697 494 936 545 Scholion
967 494 1134 546 sancti
1176 494 1570 587 .-\l£iaiiafii:ef
1601 495 1818 587 epistola
1842 511 1998 564 quam
2030 497 2211 565 scripsi

2339 496 2590 563 Σχόλιον
2617 499 2822 587 ἐκὶᾇς
2865 503 3010 587 πρρς
3060 503 3173 587 τῂν
3227 509 3519 587 παρθένον
3552 514 3664 570 τοῦ
3704 519 3869 587 ἁγίου

1204 564 1271 616 ad
1320 565 1590 631 virginem.
1621 565 1712 617 '20.

759 651 827 706 Si‘
847 664 990 708 tuam
1022 655 1185 709 vitam
1214 655 1528 724 exposueris
1557 655 1698 717 aliis,
1721 657 1942 712 exsistet
1974 657 2027 710 in
2059 667 2111 711 te
2143 673 2235 710 va-

689 761 760 798 na
786 747 974 813 gloria,
1005 758 1058 801 et
1088 749 1342 801 damnum
1386 747 1509 802 inde
1538 749 1739 818 capies.
1754 748 1830 808 .Si
1877 759 2056 803 autem
2087 751 2235 804 inve-

2691 571 3042 628 Ἀθανασίου
3080 571 3410 634 ἐπισκόὲτου
3453 589 3522 636 κ’.

2417 658 2542 710 Ἐὰν
2580 661 2893 734 φανερώσῃς
2938 674 3030 717 σου
3061 667 3149 719 τὸν
3190 667 3322 736 βίον,
3352 673 3623 740 κενοδοξία
3666 693 3753 730 σοι
3791 679 3869 731 τίο

2335 763 2538 809 κτεται.
2570 751 2661 802 καὶ
2697 752 2895 822 ζημιοῖ.
2937 756 3059 809 Ἐὰν
3080 757 3133 810 δὲ
3160 759 3323 831 εὕρῃς
3345 764 3520 834 ψυχὴν
3552 768 3866 836 συμφοινοῦ-

689 839 834 890 neris
865 839 1096 891 animam
1137 839 1368 908 aliquam
1397 839 1636 908 ejusdem
1675 849 1848 895 tecum
1877 856 2090 904 sensus,
2117 859 2211 910 qua

2335 838 2432 891 σάν
2477 854 2556 890 σοι
2609 840 2826 911 ποιῆσαι
2863 844 2930 896 τὰ
2964 845 3076 904 ἱτοῦ
3128 847 3279 911 Θεοῦ,
3328 850 3404 914 t'o;
3454 855 3548 907 ita".
3595 858 3681 918 σὺ,
3740 859 3868 927 πρὸς

695 926 804 979 Deo
830 935 1082 995 operatur
1107 929 1554 996 quemadmodum
1597 937 1650 983 et
1692 939 1769 996 tu,
1821 946 1942 984 eum
1976 931 2078 986 hac
2119 933 2232 987 sola

687 1022 1022 1076 communica
1053 1022 1257 1076 occulta
1292 1033 1377 1076 tua
1406 1024 1458 1077 in
1489 1039 1720 1090 arcano;
1749 1025 1821 1079 ibi
1849 1027 1992 1081 enim
2026 1028 2232 1085 nullum

684 1123 768 1167 est
796 1129 944 1165 vana-
974 1114 1155 1182 gloria:
1180 1114 1496 1183 periculum.
1529 1113 1728 1170 Locuta
1755 1131 1814 1172 es
1855 1119 1995 1172 enim
2043 1130 2101 1174 ut
2144 1121 2228 1175 illa

687 1204 865 1256 anima
901 1205 1048 1257 salva
1086 1203 1193 1257 ﬁat.
1226 1205 1330 1271 Qui
1359 1222 1487 1274 ergo
1533 1207 1834 1263 desiderant
1873 1208 2077 1276 audire,
2106 1227 2230 1267 cum

685 1293 773 1347 his
818 1294 1035 1362 loquere
1083 1294 1252 1350 utilia.
1296 1294 1447 1360 Quod
1479 1297 1523 1350 si
1567 1300 1822 1366 preceris,
1875 1309 1968 1354 aut
2012 1303 2228 1370 psallas,

684 1391 778 1434 aut
800 1381 963 1449 legas,
992 1397 1234 1436 seorsum
1267 1385 1410 1448 sede,
1443 1399 1539 1438 nec
1578 1386 1718 1442 ullus
1747 1398 1797 1441 te
1819 1389 2000 1443 audiat
2043 1392 2145 1446 nisi
2174 1401 2228 1446 tu

687 1471 824 1536 sola,
855 1481 925 1536 et,
957 1471 1000 1526 si
1031 1488 1190 1525 unam
1219 1481 1311 1527 aut
1343 1474 1564 1528 alteram
1607 1475 1846 1545 ejusdem
1877 1480 2104 1536 instituti
2139 1496 2227 1537 so-

680 1560 791 1613 cias
827 1561 1059 1629 virgines
1080 1559 1264 1614 habes.

1377 1668 1557 1722 Aliud.

748 1755 806 1810 Si
836 1756 1070 1811 volueris
1101 1766 1186 1810 tua
1216 1758 1408 1813 delicta
1438 1775 1467 1813 a
1501 1759 1727 1817 Domino
1750 1763 1875 1833 tegi,
1905 1774 2026 1818 tuas
2054 1765 2222 1818 virtu-

2335 929 2538 997 ταύτην
2584 931 2749 1019 μόνην
2790 935 3132 1005 ἀποκάλυψον
3175 940 3236 992 τὸ
3269 945 3564 1014 μυστήριον
3605 946 3856 1019 [ὁμοσύμ-

2332 1033 2506 1083 φωνον
2550 1018 2805 1074 ποιοῦσαν
2851 1023 2926 1091 τῷ
2973 1025 3090 1096 Θεῷ
3135 1027 3210 1091 ὡς
3256 1029 3348 1082 καὶ
3396 1033 3482 1096 σὺ,
3513 1018 3684 1106 ταύτῃ
3739 1037 3867 1108 μόνῃ

2330 1107 2673 1178 ἀποκάλυψον
2704 1114 2761 1164 ἑν
2794 1116 3090 1186 μυστηρίῳ]
3109 1133 3126 1151 ο
3158 1120 3272 1172 ἐκεῖ
3299 1120 3399 1174 οὐκ
3425 1122 3538 1176 ἐστι
3575 1107 3866 1191 κενοδοξία.

2344 1198 2637 1270 Ἐλάλησας
2676 1202 2804 1275 γὰρ,
2857 1205 2942 1258 ἵνα
2990 1208 3134 1280 σωθῇ
3161 1209 3340 1282 ψυχή·
3393 1215 3504 1274 τοῖς
3550 1211 3642 1268 οὖν
3684 1216 3866 1286 ἔχουσι

2330 1289 2492 1342 πόθον
2521 1291 2758 1358 ἀκούειν,
2799 1293 2944 1349 λάλει
2976 1297 3044 1350 τὰ
3072 1301 3442 1372 συμφέροντας
3479 1305 3574 1356 ἐὰν
3611 1305 3668 1357 δὲ
3700 1323 3866 1377 προσ-

2327 1379 2480 1451 εύχῃ,
2514 1381 2548 1451 ἢ
2595 1383 2880 1458 ψάλλῃς,ίῆ
2913 1388 3302 1463 ἀναγινώσκῃς,
3345 1397 3464 1447 κατ’
3493 1396 3628 1450 ἰδίαν
3664 1398 3864 1452 κάθου·

2328 1469 2422 1559 καί
2450 1471 2634 1540 μηδεὶς
2673 1474 2932 1540 ἀκουέτω,
2963 1479 3012 1528 εἰ
3050 1478 3123 1548 μὴ
3170 1481 3235 1533 σὺ
3277 1483 3444 1554 μόνη·
3476 1485 3571 1538 καὶ
3599 1486 3696 1539 ἐὰν
3740 1487 3868 1559 ἔχῃς

2329 1558 2421 1610 καὶ
2458 1559 2760 1631 ὁμοψύχους
2787 1579 2869 1618 σοι
2912 1566 3090 1639 αίανῆ
3118 1567 3211 1620 δύο
3244 1570 3557 1655 παρθένους.

2997 1680 3193 1735 Ἄλλο.

2414 1766 2538 1820 Ἐὰν
2597 1766 2756 1838 θέλῃς
2810 1769 2959 1841 παρά
3015 1771 3218 1842 Κυρίου
3283 1772 3713 1845 ἐπικαλυφθῆναι
3768 1775 3866 1838 τὰς

676 1852 768 1901 tes
799 1846 918 1900 aliis
948 1847 1256 1902 hominibus
1289 1864 1354 1903 ne
1387 1851 1595 1919 aperias
1628 1871 1642 1904 :
1675 1855 1818 1921 quod
1847 1855 1988 1908 enim
2039 1856 2092 1909 in
2138 1856 2211 1910 his

2321 1859 2593 1930 ἁμαρτίας
2647 1876 2777 1926 σου,
2835 1861 2908 1932 μὴ
2939 1864 3368 1935 φανεροποιήσῃς
3411 1865 3716 1935 ἀνθρώποις
3769 1865 3866 1928 τὰς

676 1950 776 1991 nos
799 1935 1048 2003 iacimus,
1081 1939 1181 1992 hoc
1203 1937 1331 1992 facit
1366 1938 1504 1992 Dens
1535 1942 1588 1995 in
1614 1942 1738 1997 illis.

1243 2112 1408 2182 233
1441 2113 1620 2166 Aliud.

745 2196 1202 2261 Quemadmodum
1247 2201 1532 2256 thesaurus
1584 2203 1826 2272 proditus
1870 2209 2112 2273 rarescit,
2150 2208 2220 2264 ita

673 2285 843 2344 virtus
893 2289 947 2342 in
1001 2289 1272 2358 publicum
1320 2293 1526 2360 prolata
1552 2307 1603 2348 et
1635 2297 1901 2363 publicata
1934 2303 2217 2356 evanescit.

1233 2400 1291 2455 S.
1321 2401 1544 2458 Maximi
1570 2406 1660 2460 9-1.

754 2506 858 2572 Qui
882 2508 1088 2562 animas
1115 2519 1328 2565 nostras
1347 2503 1562 2567 assidue
1581 2527 1825 2584 qumrunt
1845 2518 1924 2589 (ut
1953 2521 2218 2593 perdant),

673 2607 921 2664 qmerunt
957 2614 1050 2668 per
1083 2601 1365 2669 implicitas
1399 2604 1582 2660 animo
1615 2607 1925 2665 all‘ectiones
1960 2613 2133 2667 malas
2167 2625 2222 2668 et

665 2687 1040 2756 cogitationes,
1081 2693 1287 2747 ut-illas
1327 2695 1406 2747 vel
1432 2711 1527 2764 per
1553 2697 1902 2762 cogitationes
1931 2703 2010 2756 vel
2057 2718 2217 2772 opera

666 2774 734 2854 in.
773 2788 1052 2845 peceatum
1113 2783 1466 2851 praecipitem.
1511 2784 1740 2850 Quando
1778 2804 1906 2858 ergo
1952 2793 2220 2849 senserint

667 2865 734 2918 ab
758 2866 938 2937 animo
964 2867 1082 2921 illas
1106 2869 1274 2938 rejici,
1303 2881 1429 2926 tunc
1454 2873 1657 2940 pudore
1673 2875 1847 2931 affecti
1869 2880 2214 2950 erubescent;

664 2955 880 3023 quando
909 2965 1086 3011 autem
1118 2958 1170 3012 in
1214 2960 1480 3028 spirituali
1503 2965 1957 3033 contemplatione
1992 2983 2220 3040 occupa-

665 3059 777 3101 tum
814 3046 1062 3111 viderint,
1094 3049 1313 3105 omnino
1353 3062 1664 3109 avertantur
1712 3067 1764 3110 et
1793 3058 2081 3125 pudetient.

1282 3192 1526 3247 Scholion
1559 3194 1649 3250 ‘22.

741 3299 883 3356 Vana
917 3302 1082 3373 gloria
1106 3305 1314 3358 sublata
1342 3307 1484 3374 parit
1519 3309 1602 3361 sui
1635 3310 2083 3371 existimationem
2116 3335 2211 3376 seu

664 3404 926 3448 tumorem
953 3394 1140 3448 animi.
1178 3411 1402 3450 manens
1439 3400 1812 3470 arrogantiam

1270 3529 1514 3584 Scholion
1533 3532 1603 3587 εδ

733 3617 834 3672 Ubi
863 3619 1060 3672 videris
1085 3619 1222 3674 duos
1255 3621 1532 3687 improbos
1560 3625 1697 3678 inter
1724 3638 1784 3678 se
1830 3616 2032 3692 amare,
2068 3633 2210 3686 scias

659 3709 804 3777 quod
832 3708 963 3763 alter
990 3709 1144 3764 alteri
1174 3710 1478 3770 subserviat
1507 3712 1560 3765 in
1588 3713 1863 3770 voluntate
1893 3718 2031 3772 mala
2055 3733 2209 3775 exse-

659 3798 892 3868 quenda.

1261 3889 1494 3954 Quwstio
1526 3892 1615 3947 24.
1843 3944 1852 3951 κ

732 3979 960 4043 Quando
992 3994 1049 4033 se
1077 3995 1228 4033 vanae
1271 3982 1457 4051 gloriae
1501 3983 1756 4054 cogitatio
1798 3987 2014 4056 ingerit,
2063 3989 2206 4057 quod

657 4069 906 4124 virtutem
972 4069 1277 4126 exercueris
1317 4078 1372 4124 et
1399 4073 1724 4130 benefeceris
1747 4114 1764 4140 ,
1800 4091 1994 4138 nonne,
2012 4080 2187 4150 cogita

655 4162 787 4216 tioaii
816 4161 1140 4230 cogitatione
1169 4165 1575 4231 repugnandum
1613 4167 1737 4220 est?

1263 4252 1608 4323 Responsum.

723 4344 1054 4413 Quacumque
1081 4345 1210 4400 hora
1243 4349 1466 4418 incipias
1494 4349 1817 4404 contendere
1847 4364 1968 4404 cum
1999 4351 2084 4406 illa
2115 4368 2204 4407 eo-

2325 1947 2511 2001 ἑαυτοῦ
2531 1948 2727 2016 ἀρετάς
2748 1967 2761 1980 ο
2784 1949 2814 2001 ὃ
2834 1951 2941 2020 γὰρ
2970 1952 3034 2004 ἂν
3062 1951 3298 2021 ποιῶμεν
3320 1953 3412 2006 ἐπὶ
3435 1955 3675 2020 ταύταις,
3707 1955 3864 2009 τοῦτο

2320 2040 2413 2090 καὶ
2453 2041 2482 2091 ὁ
2505 2037 2635 2100 Θεὸς
2661 2039 2746 2090 ἐπ’
2776 2040 3005 2103 ἐκείναις
3040 2042 3343 2109 ἐργάζεται.

2991 2147 3185 2202 Ἄλλο.

2392 2230 2598 2301 Ὥσπερ
2640 2231 2907 2312 θησαυρὸς
2935 2236 3261 2306 φανερωθεὶς
3304 2241 3641 2308 σπανίζεται,
3689 2243 3862 2306 οὕτως

2315 2319 2481 2389 ἀρετὴ
2529 2321 2897 2394 γνωριζομένη
2945 2326 3034 2377 καὶ
3059 2325 3482 2402 δημοσιευομένη
3522 2333 3857 2402 ἀφανίζεται.

2577 2422 2831 2502 Σχόλιον
2852 2438 2957 2491 τοῦ
2985 2438 3155 2507 ἁγίου
3189 2439 3461 2510 Μαξίμου
3491 2451 3594 2496 κα’.

2385 2545 2447 2596 Oi
2472 2544 2568 2614 τὴν
2604 2546 2778 2616 ψυχὴν
2811 2549 2967 2618 ἡμῶν
3013 2551 3098 2602 ἀεὶ
3140 2549 3442 2622 ζητοῦντες,
3491 2554 3577 2608 διὰ
3615 2557 3727 2608 τῶν
3760 2560 3857 2626 ἐμ-

2320 2633 2504 2687 παθῶν
2534 2634 2806 2702 λογισμῶν
2836 2638 3192 2708 ἀεὶ-,ζητοῦσα
3243 2643 3328 2695 ἵνα
3365 2645 3534 2713 αὐτὴν
3563 2647 3707 2699 κατὰ
3746 2648 3859 2700 διά-
3890 2660 3894 2663 ’

2317 2733 2482 2782 νοιαν,
2519 2717 2552 2788 ἢ
2583 2720 2702 2771 κατ’
2730 2719 3023 2790 ἐνέργειαν,
3053 2724 3323 2795 ἁμαρτίαν
3352 2727 3658 2794 ἐμϐάλωσιν
3678 2746 3691 2757 ·
3735 2731 3859 2784 ὅταν

2315 2803 2407 2859 οὖν
2437 2806 2635 2877 εὕρωσι
2662 2810 2751 2863 τὸν
2780 2810 2901 2864 νοῦν
2936 2813 3020 2883 μὴ-
3044 2816 3496 2888 παραδεχόμενον,
3526 2821 3644 2872 τότε
3670 2823 3859 2890 ὲντρα·

2317 2899 2577 2965 πήσονται
2609 2901 2701 2952 καὶ
2747 2904 3186 2975 αίσχυνθήσονται
3207 2925 3223 2938 ·
3252 2909 3378 2962 ὃταν
3407 2909 3465 2962 δὲ
3504 2913 3569 2980 τῇ
3609 2928 3854 2981 πνευμα-

2314 2989 2437 3056 τικῇ
2467 2987 2664 3058 θεωρίᾳ
2690 2991 3167 3062 ἀνασχολούμενον,
3187 2997 3303 3050 τότε
3326 2999 3853 3072 ἀποπραερήσονται,

2314 3077 2407 3127 καὶ
2433 3079 2995 3151 καταισχυνθήσονται.

2893 3227 2937 3278 Σ
2936 3228 3145 3293 χολιον
3175 3226 3273 3294 κβ’.

2370 3331 2454 3383 "H
2504 3333 2772 3398 κενοδοξία
2814 3334 3168 3408 ἀναιρουμένη
3221 3341 3338 3410 μὲν,
3389 3341 3566 3414 οἴησιν
3596 3342 3850 3416 ὲμποιείο

2313 3419 2545 3486 μένουσα
2563 3420 2640 3485 δὲ,
2669 3423 2998 3485 ἀλαζονείαν.

2880 3532 3137 3597 Σχόλιον
3170 3539 3274 3596 κγ’.

2380 3637 2544 3689 Ὅταν
2588 3638 2701 3709 ἴδῃς
2743 3640 2834 3692 δύο
2882 3645 3101 3706 κακοὺς.
3151 3646 3284 3715 πρὸς
3329 3645 3590 3718 ἀλλήλους
3631 3652 3850 3720 ἔχοντας

2305 3724 2543 3794 ἀγάπην,
2567 3726 2798 3794 γίνωσκε
2824 3729 2906 3782 ὅτι
2933 3731 3116 3801 ἕτερος
3139 3733 3214 3803 τῷ
3247 3735 3414 3806 ἑτέρῳ
3448 3743 3700 3810 συνεργεί
3717 3742 3848 3812 πρὶς

2308 3815 2366 3865 τὸ
2398 3813 2624 3885 θέλημα.

2909 3910 3105 3977 Ἔρώτ.
3155 3913 3250 3966 κδ’.

2387 3994 2510 4047 Ἐὰν
2548 3995 2842 4060 κενοδοξίας
2875 3999 3126 4069 λογισμὸς
3158 4002 3374 4076 ἐπέλθῃ,
3427 4007 3508 4062 ὃτι
3554 4010 3846 4082 κατώρθω-

2307 4101 2403 4150 ca;
2431 4085 2526 4157 τὴν
2555 4087 2771 4159 ἀρετὴν,
2803 4089 2902 4143 οὐκ
2945 4089 3144 4159 ὀφείλει
3176 4095 3439 4165 ἀντιλέξαι
3481 4102 3509 4148 ὁ
3548 4101 3840 4175 λογισμόςς

2963 4270 3197 4327 Ἀπόθω.

2977 4291 3197 4341 Λποκρ.

2371 4356 2478 4424 Οἴα
2522 4355 2716 4424 δήποτε
2754 4357 2872 4430 ὦρᾳ
2907 4360 3169 4431 ἀντιλέγει
3197 4382 3300 4429 τις,
3333 4367 3534 4430 ἐκεῖνος
3568 4369 3840 4441 ἔσχυρότε-

655 4437 928 4505 gitatione,
965 4437 1050 4489 illa
1083 4436 1267 4492 fortior
1296 4449 1350 4493 et
1384 4440 1733 4512 impetuosior
1769 4439 2009 4496 eilicitur.
2043 4443 2201 4497 Plura

2313 4462 2394 4514 ρος
2417 4445 2509 4496 καὶ
2535 4447 2910 4517 ραγδαιὸτερος
2939 4453 3176 4520 γίνεται·
3207 4456 3372 4509 πλείω
3423 4459 3528 4528 γάρ
3575 4436 3670 4514 σου
3697 4436 3838 4516 έκεῖ-

653 4529 795 4583 enim
846 4529 1071 4591 invenit,
1117 4544 1277 4596 quam
1317 4539 1394 4593 tu,
1437 4533 1634 4600 quibus
1666 4541 1717 4586 te
1765 4543 2051 4604 oppugnet.
2103 4550 2204 4589 nec

2313 4554 2391 4599 νος
2420 4539 2656 4610 εὑρίσκει
2685 4543 3002 4611 ἀντιλέγειν,
3034 4546 3127 4599 καὶ
3153 4545 3213 4598 οὐ
3255 4545 3502 4600 τοσοῦτον
3533 4549 3592 4602 τὸ
3621 4552 3838 4624 πνεῦμα

655 4620 885 4689 Spiritus
908 4623 1422 4689 sanctusitantopere
1447 4623 1538 4676 tibi
1571 4625 1856 4678 succurrit.
1887 4625 2199 4680 V'idetenim

2313 4627 2366 4680 τὸ
2391 4627 2542 4696 ἅγιον
2582 4632 3032 4702 ἀντιλαμὸἀνεταί
3060 4651 3172 4687 σου.
3204 4634 3456 4705 Εὖρίσκει
3482 4641 3590 4711 γὰρ
3631 4644 3712 4708 ὠς
3743 4620 3836 4714 με·

652 4713 796 4781 quod
840 4712 998 4779 quasi
1043 4712 1402 4779 jactabumlus
1440 4713 1623 4768 videar
1655 4716 1788 4770 mihi
1823 4715 1922 4785 ipsi
1962 4717 2203 4772 sulﬁeere

653 4805 720 4858 ad
755 4803 1095 4858 debellandos
1143 4805 1304 4859 animi
1360 4805 1698 4862 vitiositates.
1741 4808 2202 4874 Quemadmodum

652 4895 797 4950 enim
842 4894 934 4963 qui
982 4906 1187 4964 patrem
1238 4897 1398 4950 habet
1436 4897 1799 4967 spiritualem,
1845 4901 1979 4966 patri
2023 4899 2204 4957 omnia

652 4985 954 5048 committit,
984 4994 1038 5038 et
1075 4985 1188 5054 ipse
1211 4985 1461 5055 deinceps
1495 4988 1610 5043 sine
1633 4987 1780 5041 omni
1811 5003 1938 5044 cura
1976 4998 2076 5055 est,
2107 5005 2206 5044 nec

648 5076 912 5142 judicium
953 5074 1045 5130 Dei
1073 5075 1303 5130 sustinet
1340 5076 1451 5130 :ita
1485 5082 1579 5146 qui
1617 5079 1854 5146 seipsum
1882 5077 1993 5134 Deo
2019 5079 2198 5142 tradit,

653 5180 760 5218 non
806 5175 890 5220 est
928 5166 1072 5236 quod
1115 5165 1277 5219 ullam
1309 5166 1695 5234 cogitationum
1745 5183 1965 5223 suarum
2011 5185 2197 5224 curam

652 5263 818 5322 gerat,
863 5263 955 5307 aut
987 5262 1267 5324 repugnet,
1300 5265 1395 5308 aut
1431 5259 1642 5324 penitus
1668 5258 1742 5311 illi
1771 5257 1859 5311 det
1903 5260 2103 5314 aditum
2133 5261 2200 5314 ad

649 5360 727 5400 se.
772 5343 830 5398 Si
862 5353 1040 5400 autem
1088 5347 1385 5411 intraverit,
1419 5348 1543 5402 tolle
1575 5349 1719 5404 illam
1763 5366 1977 5406 sursum
2011 5353 2075 5406 ad
2105 5367 2200 5420 pa-

650 5445 783 5490 trem
819 5443 993 5496 tuum,
1040 5445 1092 5488 et
1124 5436 1210 5489 dic
1266 5435 1339 5488 illi
1385 5436 1533 5506 :Ego
1571 5438 1703 5490 nihil
1753 5440 1921 5494 habeo
1971 5441 2188 5511 negotii,

647 5541 770 5577 ecce
813 5533 960 5593 pater
991 5539 1141 5578 meus
1178 5527 1325 5581 novit
1357 5527 1547 5598 ipsam.
1590 5527 1724 5580 Dum
1771 5545 1900 5599 ergo
1948 5531 2190 5586 retuleris

648 5608 713 5662 ad
759 5619 959 5676 patrem
1011 5609 1338 5678 spiritualem
1389 5625 1533 5668 tuam
1585 5615 1960 5684 cogitationem
2049 5619 2187 5673 inter

648 5699 882 5755 eundum
914 5700 1120 5758 deseret
1146 5710 1194 5756 te
1247 5708 1264 5726 ‘
1336 5708 1354 5727 ⁶
1431 5713 1443 5728 ·
1520 5710 1532 5730 '

2297 4716 2600 4788 γαλαυχῶν,
2622 4721 2700 4773 ὅτι
2722 4721 2939 4790 ἐμαυτῷ
2966 4721 3315 4791 ἀρκούμενος,
3343 4728 3681 4797 μαχέσασθαι
3706 4733 3834 4802 πρὸξ

2297 4806 2365 4858 τά
2394 4807 2536 4879 πάθη
2561 4825 2573 4838 ·
2616 4809 2802 4879 ὥσπερ
2843 4809 2949 4877 γὰρ
2997 4810 3024 4861 ὁ
3071 4812 3277 4882 πατέρα
3310 4815 3447 4885 ἔχων
3475 4823 3834 4888 πνευματικὸν

2299 4895 2376 4964 τῷ
2429 4898 2596 4969 πατρὶ
2651 4901 2996 4968 παραχωρεῖ,
3049 4903 3142 4954 καὶ
3190 4891 3650 4976 ἀμέριμνόςέστι
3698 4907 3834 4964 κατά

2301 4987 2496 5050 πάντα,
2522 4989 2629 5042 καὶ
2673 4990 2842 5058 κρῖμα
2885 4989 2982 5042 οὐκ
3014 4990 3123 5059 ἔχει
3161 4997 3306 5064 παρὰ
3356 4997 3449 5049 τοῦ
3477 4997 3606 5050 Θεοῦ
3631 5016 3649 5030 ·
3696 5000 3828 5055 οὕτω

2299 5078 2389 5128 καὶ
2423 5078 2502 5146 τῷ
2536 5077 2654 5146 Θεῷ
2682 5079 2869 5131 ἑαυτὸν
2896 5080 3107 5144 ἐπιδοὺς
3138 5085 3236 5136 οὐκ
3270 5085 3468 5153 ὀφείλει
3500 5087 3638 5150 ὅλως
3676 5091 3818 5161 ᾠρονη

2294 5168 2412 5221 τίδα
2437 5169 2704 5221 ποιεῖσθαι
2746 5170 3018 5238 λογισμοῦ,
3055 5174 3142 5225 καὶ
3173 5173 3460 5238 ἀντιλέξαι,
3495 5175 3528 5243 ἢ
3561 5176 3701 5243 ὅλως
3745 5183 3819 5234 ὲᾶ·

2297 5275 2384 5311 σαι
2417 5259 2574 5313 αὑτὸν
2605 5259 2892 5311 εἰσελθεῖν·
2939 5262 3033 5316 ἐὰν
3063 5263 3124 5315 δὲ
3164 5267 3255 5316 καὶ
3287 5264 3517 5334 εἰσέλθῃ,
3547 5268 3662 5320 ἄνω
3705 5271 3822 5342 πρὸ..

2293 5351 2380 5403 τὸν
2405 5351 2609 5420 πατέρα
2633 5367 2723 5402 σου
2756 5346 2885 5416 ἆρον
2905 5355 3084 5416 αὑτὸν,
3104 5357 3194 5408 καὶ
3232 5355 3543 5427 εἰπὲάὖτῷ,
3579 5359 3662 5413 ὃτι
3698 5358 3825 5427 Ἐγὼ

2294 5442 2392 5494 οὐκ
2435 5441 2541 5510 ἔχω
2587 5442 2835 5510 πρᾶγμα,
2873 5444 2980 5497 ἰδοὺ
3017 5447 3044 5497 ὁ
3074 5445 3253 5513 πατήρ
3284 5462 3382 5514 μου
3420 5448 3551 5502 αὐτὸ
3580 5448 3712 5510 οἶδε.
3740 5451 3827 5503 καὶ

2294 5531 2405 5583 ἔστι
2448 5529 2726 5598 ἀναφέρων
2767 5532 2924 5585 αὐτὸν
2980 5534 3139 5602 μέσον
3179 5537 3275 5604 τῆς
3329 5536 3448 5590 ὁδοῦ
3501 5529 3828 5609 καταλείψας

2294 5635 2810 5671 σε.....
