4030 6342
668 377 766 440 967

1888 370 1947 429 S.
1968 370 2280 430 JOANNIS
2308 372 2607 433 CLIMACI

3741 376 3845 437 968

670 483 761 537 Vir
784 480 910 537 elati
948 480 1115 537 animi
1147 494 1368 565 regnare
1392 478 1557 549 cupit,
1584 492 1755 549 neque
1782 478 1927 534 enim
1954 480 2060 535 alio
2084 495 2201 535 mo-

2317 485 2493 565 Κυρίῳ
2538 486 2642 547 πᾶς
2689 483 3076 555 ύψηλοκάρδιος
3120 484 3217 554 (6).
3263 486 3371 539 Καὶ
3410 486 3493 550 τίς
3534 486 3722 541 λοιπον
3759 491 3847 541 τοι·

663 576 759 637 do,
787 580 846 627 ut
871 588 1032 627 casus
1058 568 1176 634 fert,
1202 560 1441 625 funditus
1480 569 1654 639 perire
1684 578 1878 639 potest.
1915 578 2010 625 aut
2053 571 2207 625 aliter

664 678 772 717 non
799 662 914 716 vult
941 661 1174 716 interire.
1204 659 1446 729 Superbia
1470 659 1606 713 Deus
1629 661 1819 714 resistit
1847 661 1913 714 ".
1946 659 2079 726 Quis
2096 675 2208 730 por-

665 770 728 809 ro
760 753 923 809 hosce
946 753 1190 808 miserari
1232 751 1423 821 possit,
1454 751 1694 821 impurus
1722 759 1805 806 est
1841 752 2021 807 omnis
2071 751 2209 821 apud

667 843 855 906 Deum,
876 842 1119 912 quisquis
1143 841 1373 912 superbo
1396 852 1479 896 est
1507 841 1685 896 corde.
1716 841 1911 911 Ecquis
1944 855 2072 895 vero
2109 841 2209 894 hu-

664 931 961 1002 juscemodi
993 946 1188 1001 purum
1226 930 1445 985 reddere
1479 929 1683 999 queat?
1726 928 1997 984 institutio
2023 928 2209 1000 (a)su-

668 1024 834 1094 perbo
862 1022 1031 1077 ruinae
1054 1020 1270 1076 occasio
1285 1028 1388 1085 est,
1410 1019 1658 1075 stimulus
1678 1019 1894 1089 superbi
1918 1034 2011 1075 seu
2036 1019 2208 1087 palus,

664 1113 875 1169 daemon
901 1122 1004 1177 est,
1019 1110 1297 1167 destitutio
1324 1110 1397 1181 (ὁ)
1420 1118 1687 1180 stuporem
1717 1110 1938 1165 inducit.
1972 1108 2039 1164 Et
2065 1110 2213 1179 prio-

668 1221 727 1259 ra
752 1204 966 1275 quidem
1021 1203 1296 1257 hominum
1331 1201 1461 1257 vitia
1497 1218 1635 1272 saepe
1664 1203 1731 1257 ab
1780 1201 2088 1256 hominibus
2119 1216 2214 1255 cu-

668 1306 786 1351 rata
832 1304 980 1352 sunt.
1027 1293 1338 1349 Extremum
1397 1308 1523 1348 vero
1576 1310 1670 1349 seu
1714 1301 1900 1363 stupor
1957 1292 2024 1347 ab
2066 1292 2213 1346 nullo

671 1389 981 1443 mortalium
1011 1390 1402 1456 curaripotest.
1426 1386 1581 1457 291
1611 1385 1715 1451 Qui
1741 1384 2211 1454 reprehensionem

674 1489 955 1533 aversatur
984 1468 1038 1533 et
1062 1478 1283 1548 repellit,
1310 1477 1497 1532 vitium
1533 1492 1690 1531 suum
1731 1474 1910 1544 prodit
1939 1493 1951 1528 :
1975 1474 2065 1543 qui
2088 1488 2215 1529 vero

672 1566 865 1635 quaerit
886 1567 1328 1638 objurgationem,
1347 1564 1627 1636 expeditus
1647 1573 1729 1619 est
1747 1579 1776 1618 a
1796 1563 2009 1618 vinculo
2028 1577 2215 1632 super-

2304 571 2541 626 τοιοῦτον
2567 573 2907 645 ἀποκαθάραι
2937 574 3190 639 δύναται;
3220 576 3499 639 Παίδευσις
3547 576 3649 646 μὲν
3684 578 3847 647 ύπερο

2307 663 2495 732 ηφάνῳ
2539 664 2766 733 πτῶμα·
2830 663 3029 733 σκόλοψ
3093 665 3148 719 δὲ
3189 665 3422 735 δαίμωνο
3468 666 3849 736 ὲγκατάλειψις

2305 752 2364 804 δὲ
2416 752 2649 817 ἐκτασις.
2724 754 2832 808 Καὶ
2890 754 2957 808 τά
3010 753 3109 825 μὲν
3159 755 3395 826 πρότερα
3445 754 3708 819 πολλάκις
3758 758 3850 808 καὶ

2308 842 2577 914 ἄνθρωποι
2618 845 2722 899 ὑπὸ
2749 847 2856 899 τῶν
2879 846 3175 918 ἀνθρώπων
3200 848 3639 920 ἐθεραπεύθησαν
3660 866 3673 879 ³
3705 849 3767 901 τὺ
3792 849 3850 901 δὲ

2307 932 2528 1002 ἔσχατον
2573 937 2700 1007 παρ’
2748 935 3049 1005 ἀνθρώποις
3090 938 3324 992 ἀνίατον.
3364 939 3423 992 '0
3463 940 3847 1009 ἀποσειόμενος

2309 1024 2547 1095 ἔλεγχον,
2575 1026 2635 1079 τὸ
2664 1027 2834 1091 πάθος
2877 1029 3141 1098 ἐσήμανεν
3164 1045 3179 1059 ο
3201 1031 3230 1082 ὁ
3256 1030 3312 1082 δὲ
3345 1030 3726 1101 προσδραμὼν,
3755 1030 3850 1082 τοῦ

2312 1115 2509 1184 δεσμοῦ
2558 1116 2806 1170 λέλυται·
2856 1121 2903 1173 εἰ
2945 1122 3108 1191 χωρὶς
3150 1120 3334 1191 ἐτέρου
3383 1120 3587 1184 πάθους
3635 1138 3721 1179 τις
3763 1120 3851 1172 διὰ

2308 1205 2495 1259 τούτου
2525 1206 2617 1259 καὶ
2649 1208 2808 1279 μόνου
2842 1209 2947 1262 τῶν
2988 1211 3230 1281 οὐρανῶν
3258 1212 3521 1265 κατέπεσε
3550 1211 3650 1279 (7),
3685 1210 3852 1279 ζητη-

2309 1295 2428 1348 τέον
2470 1297 2662 1365 μήπως
2695 1298 2785 1350 καὶ.
2828 1297 2948 1367 δίχα
2995 1300 3193 1369 ἀρετῆς
3239 1300 3432 1370 ἑτέρας
3477 1301 3540 1351 ἐκ
3585 1298 3851 1351 ταπεινώ-

2312 1401 2447 1448 σεως
2473 1387 2551 1448 είς
2576 1387 2830 1458 οὐρανοὺς
2872 1388 3174 1442 ἀναϐαίνειν
3201 1390 3487 1459 ἐνδέχεται.
3536 1389 3851 1458 Ὑπερηφα-

2310 1474 2396 1528 νία
2436 1476 2549 1528 ἐστὶ
2580 1476 2802 1530 πλούτου
2839 1479 2935 1531 καὶ
2961 1479 3193 1549 ἱδρώτων
3223 1479 3463 1535 ἀπώλεια
3483 1495 3497 1509 °
3526 1479 3848 1547 ὲκέκραξαν,

2313 1567 2404 1619 καὶ
2427 1567 2525 1619 οὐκ
2550 1562 2618 1638 ἦν
2644 1569 2673 1621 ὁ
2700 1568 2903 1633 σώζων,
2938 1572 3169 1637 πάντως,
3195 1572 3277 1625 ὅτι
3307 1560 3424 1643 μεθ’
3444 1572 3848 1641 ὑπερηφανίας·

674 1658 801 1712 liiae.
833 1656 887 1711 Si
914 1658 1035 1727 quis
1064 1658 1264 1727 absque
1288 1656 1494 1712 ceteris
1520 1655 1663 1710 vitiis
1686 1670 1781 1725 per
1809 1654 1911 1708 hoc
1950 1652 2123 1707 solum
2163 1661 2217 1707 et

2317 1655 2609 1726 ὲκέκραξαν
2641 1659 2774 1729 πρὸς
2798 1660 3019 1729 Κύριον,
3051 1662 3142 1714 καὶ
3165 1661 3264 1714 ούκ
3307 1662 3622 1732 είσήκουσεν
3650 1658 3850 1723 αὐτῶν,

670 1748 887 1804 unicum
930 1746 1185 1819 (Lucifer)
1221 1763 1252 1803 e
1294 1747 1433 1803 coelo
1481 1742 1698 1811 decidit,
1755 1744 2103 1816 quaerendum
2136 1751 2220 1799 est

2317 1747 2549 1813 πάντως,
2579 1751 2660 1803 ὃτι
2698 1750 2796 1815 τάς
2843 1752 3020 1816 αίτίας
3064 1752 3184 1805 καθ’
3214 1745 3288 1806 ὧν
3317 1752 3561 1823 ηὔχοντο,
3591 1753 3693 1805 οὐκ
3745 1753 3852 1805 ἀπο

669 1854 739 1894 an
764 1840 941 1895 forsan
964 1840 1228 1909 quispiam
1253 1840 1458 1909 absque
1475 1838 1596 1892 aliis
1619 1836 1905 1891 virtutibus
1924 1849 2017 1905 per
2038 1834 2207 1917 solam
2239 1824 2282 1883 Β
2310 1834 2555 1891 έκοπτον.

671 1929 1030 1985 humilitatem
1068 1929 1263 1984 caelum
1309 1929 1669 1984 conscendere
1707 1926 1907 1996 possit?
1958 1924 2216 1995 Superbia
2250 1928 2485 1982 omnium
2551 1929 2786 1985 laborum
2819 1940 2872 1987 et
2900 1932 3154 1987 sudorum
3191 1946 3319 2002 opes
3380 1934 3597 2005 perdit:
3651 1924 3855 1990 clama-
3948 1960 3951 1961 ν

670 2029 888 2084 verunt,
912 2035 1009 2075 nec.
1036 2028 1151 2073 erat
1176 2020 1267 2089 qui
1294 2018 1471 2074 salvos
1498 2018 1717 2082 faceret,
1740 2017 1880 2071 haud
1904 2016 2065 2072 dubie
2111 2026 2389 2087 propterea
2447 2022 2591 2091 quod
2620 2039 2743 2078 cum
2802 2025 3052 2093 superbia
3090 2024 3407 2079 clamarent.
3467 2024 3855 2081 Clamaverunt

673 2112 741 2166 ad
785 2110 1102 2177 Dominum,
1146 2124 1245 2165 nec
1275 2107 1555 2165 exaudivit
1582 2122 1706 2173 eos,
1753 2108 1954 2164 idcirco
1993 2121 2214 2178 nempe,
2253 2110 2396 2179 quod
2456 2126 2650 2169 causas
2707 2114 2963 2169 adversus
2988 2130 3123 2185 quas
3152 2116 3515 2172 clamaverunt
3545 2132 3651 2172 non
3678 2129 3854 2173 sustu-

672 2202 831 2259 lerint
853 2201 1022 2271 prius.

731 2296 1045 2365 Superbum
1062 2292 1343 2364 quemdam
1362 2293 1581 2351 fratrem
1605 2295 1783 2351 senior
1798 2295 2011 2365 quidam
2038 2309 2215 2351 rerum

674 2387 1033 2458 spiritualium
1067 2387 1458 2443 scientissimus
1484 2389 1550 2443 ad
1581 2388 1930 2443 humilitatem
1973 2388 2217 2440 hortatus

672 2485 757 2533 est
784 2477 911 2531 :sed
937 2476 1024 2530 ille
1056 2476 1363 2540 caecutiens,
1391 2475 1630 2545 Ignosce,
1659 2475 1850 2545 inquit,
1898 2483 2067 2544 pater,
2110 2488 2219 2527 non

674 2584 794 2626 sum
816 2567 1079 2639 superbus
1100 2584 1115 2633 ;
1133 2574 1186 2620 et
1208 2564 1637 2633 sapientissimus
1654 2565 1742 2619 ille
1756 2580 1918 2620 senex
1943 2584 1957 2619 :
1981 2565 2217 2634 Ecquod,

674 2659 869 2729 inquit,
903 2657 999 2723 fili,
1029 2657 1206 2727 majus
1236 2656 1503 2726 superbiae
1527 2656 1734 2727 signum
1760 2663 1815 2710 et
1843 2660 2218 2724 argumentum

682 2752 842 2805 edere
876 2747 1032 2803 nobis
1067 2756 1239 2817 potes,
1264 2761 1423 2817 quam
1451 2745 1673 2802 dicendo
1704 2744 1857 2801 :Non
1886 2760 2001 2800 sum
2034 2759 2220 2813 super-

677 2838 801 2895 bus.
834 2836 1135 2893 Admodum
1165 2844 1343 2906 potest
1362 2835 1666 2906 bujusmodi
1689 2834 1915 2905 ingeniis
1936 2834 2217 2904 subiectio,

673 2938 731 2985 et
746 2929 1007 2998 agrestior
1026 2927 1290 2996 viliorque
1314 2926 1528 2981 vivendi
1560 2927 1698 2981 ratio
1720 2936 1772 2980 et
1792 2925 2104 2994 disciplina;
2130 2941 2218 2980 re-

674 3028 762 3075 cte
791 3020 916 3073 item
944 3018 1208 3073 factorum
1254 3025 1559 3072 sanctorum
1599 3016 1819 3071 Patrum
1856 3032 1976 3085 quae
2016 3024 2220 3070 naturae

676 3111 900 3180 gradum
930 3123 1181 3181 superare
1209 3107 1477 3172 videntur,
1506 3107 1685 3172 lectio,
1729 3107 1960 3161 fortasse
1992 3107 2134 3161 enim
2165 3116 2219 3162 et

676 3202 807 3257 hinc
827 3202 1002 3272 aliqua
1032 3215 1156 3270 spes
1194 3198 1383 3253 salutis
1408 3198 1546 3253 male
1573 3197 1779 3253 affectis
1818 3198 1965 3252 hisce
1983 3198 2220 3268 'aﬂ‘ulge-

682 3291 783 3345 bit.
825 3289 1004 3361 Turpe
1040 3300 1125 3346 est
1160 3291 1349 3346 alienis
1380 3289 1576 3359 plumis
1607 3288 1901 3357 superbire,
1932 3288 2023 3343 sed
2046 3300 2221 3342 extre—

680 3395 785 3436 mae
807 3380 1086 3435 dementiae
1128 3381 1198 3433 ob
1238 3379 1473 3435 coelestia
1508 3381 1649 3434 dona
1687 3378 1865 3433 extolli
1905 3394 2074 3447 eaque
2119 3379 2217 3432 sibi

680 3484 949 3540 arrogare.
980 3468 1053 3524 De
1078 3469 1207 3523 solis
1234 3461 1376 3524 recte
1398 3454 1551 3523 factis
1571 3468 1745 3522 efferri
1767 3477 1933 3537 potes.
1958 3444 2096 3536 quae,
2124 3481 2219 3519 an-
2244 3444 2287 3501 (ἶ

680 3571 897 3631 tequam
944 3562 1105 3613 natus
1136 3572 1304 3623 esses,
1352 3557 1655 3626 possedisti.
1706 3555 1838 3609 Nam
1887 3570 2021 3619 atras
2064 3562 2220 3611 natus

680 3650 958 3722 accepisti,
992 3649 1129 3705 Deus
1154 3646 1392 3709 donavit,
1423 3646 1497 3701 uti
1534 3647 1707 3701 ethoc
1734 3648 1908 3716 ipsum
1944 3646 2089 3717 quod
2129 3661 2220 3699 nae

680 3755 914 3798 scerere.
949 3741 1308 3803 Quascunque
1330 3735 1554 3790 virtutes
1575 3736 1691 3791 sine
1710 3738 1887 3791 anima
1914 3734 2219 3800 exercuisti,

682 3827 789 3882 illa:
814 3827 943 3881 solae
972 3836 1079 3881 tuae
1104 3834 1250 3889 sunt,
1288 3823 1431 3880 Deus
1468 3824 1611 3879 enim
1642 3825 1877 3879 animum
1916 3826 2091 3894 ipsum
2126 3824 2220 3880 tibi

674 3917 989 3988 impertivit.
1018 3917 1176 3987 292
1201 3917 1265 3973 Et
1292 3936 1625 3992 quacunque
1648 3922 1902 3975 virtutum
1930 3918 2217 3973 certamina

682 4021 835 4067 extra
859 4022 1058 4077 corpus
1090 4009 1319 4075 subiisti,
1352 4012 1439 4067 illa
1486 4022 1580 4067 tuo
1611 4011 1789 4068 studio
1816 4010 1929 4065 sola
1958 4009 2219 4067 ascribere

684 4108 1025 4173 potaunam
1049 4112 1262 4168 corpus,
1296 4108 1447 4156 tuum
1491 4118 1599 4156 non
1644 4109 1759 4167 est,
1809 4100 1901 4156 sed
1928 4114 2064 4169 opus
2105 4098 2217 4152 Dei.

684 4192 828 4248 Cave
873 4190 969 4244 tibi
1010 4189 1141 4245 ﬁdas
1175 4198 1297 4245 ante
1340 4194 1739 4261 pronuntiatam
1786 4192 1852 4247 de
1885 4201 1937 4245 te
1978 4192 2222 4245 ultimam

690 4282 1029 4341 sententiam,
1083 4294 1209 4335 cum
1242 4281 1420 4336 videas
1453 4282 1623 4345 illum,
1650 4281 1742 4351 qui
1775 4282 1828 4334 in
1857 4280 2091 4335 thalamo
2114 4280 2223 4349 jam

689 4370 1052 4441 disCubuerat,
1096 4374 1273 4444 ligatis
1301 4372 1545 4427 manibus
1582 4381 1633 4426 et
1655 4370 1875 4439 pedibus
1902 4368 1956 4423 in
1979 4370 2225 4423 tenebras

692 4460 979 4516 exteriores
1007 4465 1257 4533 ejectum.
1290 4463 1409 4519 Noli
1436 4463 1589 4518 elatis
1613 4460 1907 4517 cervicibus
1936 4458 2225 4513 incedendo

694 4548 888 4602 calum
921 4556 1156 4621 tangere,
1179 4569 1300 4608 cum
1330 4554 1405 4609 sis
1446 4568 1477 4608 e
1503 4567 1657 4608 emno
1686 4560 1838 4606 teme
1859 4546 2051 4602 factus.
2080 4545 2225 4600 Multi

693 4635 838 4692 enim
868 4650 901 4690 θ
940 4638 1078 4692 ccelo
1111 4644 1277 4696 sancti
1325 4654 1379 4697 et
1420 4642 1661 4712 corporis
1691 4646 1933 4709 expertes
1967 4636 2223 4691 deturbati

694 4740 839 4784 sunt.
871 4725 977 4783 Ubi
1005 4730 1181 4786 malus
1217 4734 1421 4788 daemon
1460 4736 1513 4790 in
1545 4737 1658 4790 suis
1685 4732 1941 4788 ministris
1962 4730 2139 4786 sedem
2166 4730 2225 4782 il-

693 4817 794 4880 xit,
828 4828 959 4873 tunc
986 4820 1069 4873 vel
1098 4820 1151 4874 in
1176 4835 1365 4876 somno
1388 4826 1471 4878 vel
1500 4826 1552 4878 in
1579 4824 1917 4894 vigilantibus
1938 4836 2031 4891 per
2051 4821 2223 4873 visum

683 4903 879 4963 habitu
910 4907 1192 4978 formaque
1226 4912 1306 4965 vel
1327 4911 1478 4965 'beati
1508 4914 1732 4983 alicujus
1763 4913 1954 4983 angeli,
1986 4911 2069 4964 vel
2099 4923 2233 4962 mar-

681 4995 823 5079 tyris
854 5007 1094 5070 apparet,
1118 5010 1173 5055 et
1196 5015 1390 5055 arcana
1419 5003 1658 5069 quadam
1691 5004 1878 5075 aperit,
1907 5002 1988 5058 vel
2014 5001 2233 5071 quibus-

701 5091 822 5149 dam
847 5091 1142 5159 gratiarum
1186 5093 1342 5149 donis
1377 5105 1554 5159 ornat,
1586 5106 1645 5149 ut
1672 5097 1742 5150 ita
1781 5097 1950 5151 delusi
1998 5094 2232 5149 infelices

701 5188 874 5235 mente
895 5181 1107 5236 demum
1134 5184 1347 5253 penitus
1369 5183 1631 5239 excidant.
1681 5187 1832 5251 Quod
1862 5188 1907 5243 si
1937 5186 2019 5241 vel
2047 5184 2227 5239 infini-

696 5280 781 5325 tas
815 5284 914 5340 pro
936 5271 1149 5328 Christo
1178 5283 1373 5329 mortes
1395 5274 1702 5341 toleramus,
1734 5279 1877 5331 nullo
1904 5289 2081 5331 tamen
2103 5288 2223 5329 mo-

696 5359 768 5415 do
814 5360 899 5415 vel
936 5360 1015 5415 sic
1045 5375 1141 5430 pro
1187 5362 1366 5418 debito
1397 5363 1839 5421 satisfaceremus.
1880 5367 2039 5421 Aliud
2079 5365 2221 5421 enim

683 5466 769 5513 est
804 5451 1024 5524 sanguis
1058 5452 1173 5521 Dei,
1205 5455 1351 5511 aliud
1376 5466 1649 5512 servorum
1679 5457 1767 5514 Dei
1796 5476 2036 5532 sanguis,
2068 5461 2110 5517 sl
2141 5458 2222 5513 di-

764 5631 812 5663 "
842 5629 961 5685 Jac.
989 5645 1063 5694 Iv,
1106 5628 1158 5685 6.

764 5723 840 5791 (α)
873 5722 1131 5790 Eruditio,
1162 5720 1447 5787 correctio,
1480 5720 1842 5790 reprehensio.

2318 2300 2328 2337 ε
2398 2292 2644 2362 Ἀδελφὺν
2671 2295 3202 2365 ὑπρηφανευὸμενον
3219 2294 3391 2367 γέρων
3414 2296 3855 2363 γνωστικώτατος

2317 2382 2693 2449 πνευματικῶς
2720 2383 3065 2459 ἐνουθέτησεν
3086 2383 3184 2452 (8),
3202 2384 3232 2437 ὁ
3255 2381 3313 2439 ἢ
3335 2384 3653 2453 τυφλώττων
3686 2387 3820 2456 φησί
3840 2403 3851 2416 ·

2317 2473 2688 2545 Συγχώρησον,
2736 2477 2925 2546 πάτερ,
2975 2477 3073 2530 οὐκ
3123 2474 3235 2546 είμὶ
3285 2475 3648 2547 ὑπερήφανος.
3708 2478 3769 2531 '0
3800 2478 3855 2531 δὲ

2319 2562 2585 2631 πάνσοφος
2635 2563 2809 2633 γέρων
2855 2564 2988 2636 πρὸς
3034 2565 3231 2619 αὐτόν’
3283 2566 3394 2619 Καὶ
3443 2565 3632 2630 ποίαν,
3686 2567 3853 2635 φησι,

2317 2654 2521 2719 τέκνον,
2548 2654 2816 2721 ἀπόδειξιν
2846 2656 3178 2726 σαφεστέραν
3204 2654 3403 2727 ταύτης
3440 2656 3697 2727 παρέχεις
3725 2660 3857 2728 ἡμῖν

2317 2742 2409 2795 τοῦ
2461 2742 2681 2810 πάθους,
2709 2744 2883 2815 ἀλλ’ἢ
2927 2746 2986 2798 τὸ
3024 2747 3224 2799 εἰπεῖν’
3279 2748 3393 2800 οὐκ
3422 2748 3535 2817 εἰμὶ
3578 2748 3856 2819 ὑπερήφα-

2318 2851 2437 2899 νος;
2471 2835 2613 2889 Πάνυ
2643 2838 2754 2900 τοῖς
2780 2836 3036 2901 τοιούτοις
3064 2839 3376 2908 συνέρχεται
3406 2840 3439 2909 ή
3469 2839 3735 2910 ὑποταγὴ,
3766 2841 3857 2893 καὶ

2318 2929 2593 2999 παχυτέρα
2622 2930 2714 2982 καὶ
2764 2929 3055 2999 ἀτιμοτέρα
3082 2929 3349 3000 διαγωγίγ
3379 2931 3472 2982 καὶ
3520 2931 3554 2999 η
3580 2932 3688 2983 τῶν
3718 2930 3856 2999 ὑπὲρ

2318 3018 2477 3087 φύσιν
2501 3019 2605 3071 τῶν
2628 3020 2873 3089 πατέρων
2900 3019 3332 3091 κατορθωμάτων
3356 3020 3659 3089 ἀνάγνωσις
3676 3037 3691 3050 ·
3729 3020 3857 3081 ῐσως

2318 3108 2423 3161 κᾶν
2485 3107 2653 3171 οὕτως
2709 3107 2856 3161 ἔσται
2910 3110 3019 3171 τοῖς
3082 3107 3296 3161 νοσοῦσι
3355 3109 3523 3181 μικρὰ
3586 3110 3857 3178 σωτηρίας

2321 3196 2491 3259 ἐλπίς.
2526 3196 2757 3266 Αίσχύνη
2781 3199 2866 3250 ἐπ’
2890 3196 3149 3269 ἀλλοτρίῳ
3192 3198 3377 3268 κόσμῳ
3401 3200 3721 3269 ἐπαίρεσθαι
3745 3201 3856 3270 (9)⁸

2319 3284 2469 3337 ἄνοια
2516 3285 2573 3337 δὲ
2605 3285 2824 3355 ἐσχάτη,
2852 3286 2943 3337 ἐπὶ
2983 3288 3279 3356 χαρίσμασι
3309 3288 3854 3357 Θεοῦιῳαντάζεσθαι.

2321 3373 2461 3427 Ὅσα
2487 3391 2567 3426 σοι
2593 3376 2981 3445 κατορθώματα
3020 3377 3124 3448 πρὸ
3169 3377 3269 3445 τῆς
3297 3378 3396 3446 σῆς
3419 3380 3721 3449 γεννήσεως
3766 3396 3856 3447 γε-

2319 3465 2555 3531 γόνασιν,
2602 3466 2694 3517 ὲπὶ
2739 3467 2943 3529 τούτοις
2976 3469 3153 3536 μόνοις
3198 3468 3455 3537 ἐπαίρουο
3488 3468 3557 3521 τά
3579 3470 3688 3538 γάρ
3719 3471 3857 3539 μετά

2320 3555 2567 3624 γέννησιν
2594 3557 2623 3608 ὁ
2653 3555 2783 3622 Θεὸς
2815 3557 3136 3627 ἐδωρήσατο,
3175 3556 3362 3627 ὥσπερ
3400 3560 3493 3611 καὶ
3522 3558 3620 3629 τὴν
3669 3561 3857 3631 γέννη-

2323 3659 2436 3695 σιν’
2490 3645 2619 3707 ὅσας
2668 3645 2822 3707 ἐκτὸς
2875 3644 2975 3711 τοῦ,
3022 3645 3139 3708 νοὸς
3201 3646 3399 3716 ἀρετάς
3454 3647 3854 3718 κατώρθωκας,

2320 3726 2475 3788 αὗται
2507 3735 2599 3788 καὶ⁵
2648 3735 2804 3799 μόναι
2833 3734 2926 3789 σοῦ
2954 3736 3294 3805 τυγχάνουσι’
3323 3736 3413 3789 τὸν
3440 3736 3547 3808 γάρ
3574 3738 3698 3791 νοῦν
3730 3740 3857 3804 Θεὸς

2318 3827 2346 3879 ὀ
2372 3827 2769 3898 δωρησάμενος.
2809 3826 2946 3879 Ὅσα
2986 3827 3140 3889 ἐκτὸς
3165 3826 3257 3880 τοῦ
3304 3826 3551 3897 σώματος
3597 3815 3857 3895 ἐπεδείξω

2319 3918 2541 3983 ἔπαθλα,
2582 3920 2644 3971 ὲκ
2693 3919 2789 3987 σῆς
2826 3917 3059 3989 σπουδῆς
3102 3918 3196 3972 καὶ
3246 3918 3402 3988 μόνον
3457 3919 3741 3987 γεγόνασι·
3798 3922 3855 3974 τὺ

2317 4008 2423 4078 γὰρ
2458 4007 2634 4078 σῶμα,
2662 4008 2720 4060 οὐ
2754 4008 2862 4071 σὸν,
2890 4007 3023 4061 ἀλλά
3047 4008 3139 4062 τοῦ
3169 4009 3301 4061 Θεοῦ
3331 4009 3570 4080 ποίημα·
3616 4011 3692 4079 μὴ
3723 4010 3854 4081 θάρ-

2319 4116 2399 4151 σει
2427 4099 2530 4159 ἓως
2576 4098 2674 4168 τὴν
2720 4096 2989 4165 ἀπόφασιν
3024 4096 3148 4167 δέξῃ
3183 4097 3319 4166 (l0),
3351 4097 3491 4166 ὁρῶν
3519 4098 3727 4151 ἐκεῖνον
3763 4098 3855 4150 καὶ

2323 4189 2458 4259 μετά
2503 4188 2599 4257 τὴν
2646 4190 2704 4240 ὲν
2747 4186 2825 4255 τῷ
2872 4186 3115 4257 νυμφῶνι
3170 4186 3485 4240 κατάκλισιν
3527 4189 3714 4256 χεῖρας
3763 4187 3856 4238 καὶ

2320 4277 2483 4340 πόδας
2528 4277 2905 4348 δεσμούμενον,
2950 4279 3044 4332 καὶ
3080 4279 3159 4342 είς
3203 4277 3265 4331 τὺ
3299 4279 3483 4339 σκότος
3507 4277 3568 4328 τὸ
3595 4274 3854 4345 ἐξώτερον

2321 4355 2719 4438 ἐξοριζόμενον·
2760 4368 2843 4439 μὴ
2900 4367 3223 4439 ὑψαυχένεί,
3278 4369 3462 4438 γήϊνος
3510 4367 3620 4419 ῶν·
3672 4366 3856 4419 πολλοὶ

2320 4458 2427 4527 γὰρ
2479 4459 2571 4511 καὶ
2616 4458 2677 4523 ἐξ
2724 4457 2964 4529 οὐρανῶν
3017 4459 3316 4529 ἐρρίφησαν
3364 4454 3506 4521 ἅγιοι
3558 4452 3654 4507 καὶ
3707 4452 3854 4507 asto.

2319 4549 2689 4619 τυγχάνοντες.
2722 4550 2886 4603 Ὅταν
2914 4548 3090 4619 χώραν
3124 4551 3180 4599 ὲν
3222 4547 3332 4608 τοῖς
3371 4542 3560 4597 ἑαυτοῦ
3601 4545 3855 4615 ἐργάταις

2320 4638 2348 4688 ὁ
2379 4636 2581 4706 δαίμων
2606 4636 2869 4706 λήψεταιτ
2897 4637 3016 4689 τότε
3060 4636 3127 4687 ἂν
3151 4636 3262 4694 τοῖς
3303 4630 3444 4685 κατά
3473 4632 3596 4693 τοὺς
3632 4631 3851 4697 ὕπνους,

2324 4726 2354 4795 ἢ
2388 4726 2477 4776 καὶ
2508 4725 2625 4778 καθ’
2655 4725 2801 4794 ὕπαρ
2828 4724 2901 4784 ὡς
2930 4724 2987 4773 ὲν
3018 4721 3253 4789 σχήματι
3296 4716 3455 4785 δῆθεν
3500 4715 3659 4783 ἁγίου
3696 4717 3858 4786 ἀγγέ-

2324 4817 2436 4879 λου,
2484 4818 2516 4887 ἢ
2568 4819 2659 4870 καὶ
2695 4812 2961 4885 μάρτυρός
2991 4826 3131 4871 τινος
3170 4806 3601 4876 ἐπιφαινόμενος,
3656 4824 3856 4876 μυστηο

2326 4908 2452 4977 ρίων
2499 4908 2677 4969 αὐτοῖς
2735 4900 3065 4968 ἀποκάλυψιν
3091 4937 3106 4962 ,
3164 4897 3196 4966 ἢ
3248 4894 3594 4966 χαρισμάτων
3652 4898 3855 4967 δωρεὰν

2326 5002 2648 5063 ἐπιδίδωσιν,
2678 4999 2763 5051 ἵνα
2790 4991 3156 5060 ἀπατηθέντες
3183 4988 3233 5039 οί
3256 4986 3477 5049 τάλανες
3501 4985 3723 5048 τελείως
3752 4986 3855 5038 τῶν

2327 5094 2532 5163 φρενῶν
2575 5091 2893 5145 ἐκπέσωσιν.
2940 5084 3002 5135 El
3031 5080 3123 5134 καὶ
3163 5078 3385 5149 μυρίους
3430 5076 3690 5145 θανάτους
3721 5076 3854 5148 ὑπὲρ

2328 5184 2557 5252 Χριστοῦ
2590 5179 2966 5249 ὑπομείνωμεν
2996 5170 3129 5243 (Η),
3157 5168 3275 5221 οὐδὲ
3316 5166 3482 5230 οὕτως
3520 5166 3582 5219 τὸ
3618 5166 3741 5220 δέον
3768 5169 3855 5220 ἀν-

2327 5274 2714 5345 επληρώσαμεν
2732 5288 2746 5301 σ
2778 5268 2901 5323 ἀλλο
2928 5264 3035 5333 γὰρ
3062 5256 3199 5331 αἷμα
3222 5258 3491 5345 Θεοῦηκαὶ
3512 5259 3699 5330 ἕτερον
3719 5252 3853 5325 αἷμα

2325 5342 2541 5428 δούλων,
2576 5363 2714 5417 κατά
2752 5361 2811 5414 τὸ
2852 5356 3085 5424 ἀξίωμα,
3116 5352 3208 5406 καὶ
3250 5349 3311 5402 οὐ
3340 5342 3480 5402 κατά
3505 5348 3603 5421 τὴν
3631 5349 3849 5423 οὐσίαν·

2329 5458 2673 5529 σνζητοῦντες
2712 5452 2939 5513 ἑαυτοὺς
2992 5448 3111 5512 ἀεὶ,
3160 5444 3254 5497 καὶ
3292 5443 3669 5514 ἀνακρίνοντες
3723 5441 3852 5511 πρὸς

2435 5724 2504 5791 (b)
2540 5716 2834 5776 Subtractio
2858 5714 3293 5786 intermefdivina:
3316 5728 3489 5768 nempe
3518 5712 3752 5782 gratia}.
