4030 6342
202 420 316 483 πο

1185 417 1412 476 SCALA
1448 413 1821 474 PARADISI.
1863 435 1931 449 -
1965 411 2270 471 GRADUS
2299 408 2520 469 ΧΧΠῘ.

3332 403 3433 462 ητα

202 534 332 593 τοὺς
384 530 490 602 πρὸ
537 529 690 600 ἡμῶν
741 528 981 598 πατέρας
1033 528 1123 580 καὶ
1160 528 1471 600 φωστῆρας,
1507 526 1581 597 μὴ
1633 542 1772 578 παυ-

1893 523 2152 590 ;nitatem,
2192 537 2302 576 non
2336 532 2584 573 naturam
2620 516 2992 585 respiciannts.
3022 513 3121 568 [hi
3157 514 3445 581 diligenter-

204 621 462 691 σὼμεθα,
517 622 610 672 καὶ
655 620 772 674 τότε
817 622 1122 690 εὑρήσομεν
1171 621 1399 681 ἑαυτοὺς
1455 619 1590 687 μηδὲ

1875 615 1927 667 in
1958 630 2056 668 nos
2099 614 2245 682 ipsos
2285 611 2750 681 iuquisiverimus,
2786 619 3135 676 nostramque
3168 608 3328 658 vitam
3375 605 3440 658 ad

208 714 357 781 ἴχνος
406 709 662 782 ἀκριϐοῦς
726 711 1002 772 πολιτείας
1068 711 1452 779 πατήσαντας·
1526 707 1658 776 μηδέ
1710 707 1769 758 τὸ

1893 709 2118 775 :xempla
2149 715 2463 759 sanctorum
2498 703 2738 766 Patrum,
2776 704 2867 771 qui
2901 711 3022 754 ante
3056 717 3156 754 nus
3200 701 3444 751 \lM'l‘Uﬂl

199 805 528 874 ἐπάγγελμα
547 804 704 866 ὁσίως
729 804 1100 873 τηρήσαντας·
1132 800 1246 853 ἀλλ’
1276 801 1355 853 ἔτι
1373 804 1429 853 ἐν
1445 801 1510 869 τῇ
1532 799 1766 868 κοσμικῇ

203 895 536 949 καταστάσει
561 893 953 966 διατρίϐοντας.

1877 811 1930 853 et
1957 799 2103 853 velut
2129 813 2250 852 vera
2275 799 2463 851 mundi
2489 796 2694 849 lumina
2722 795 3192 862 resplcnduerunt,
3230 792 3446 858 exigere

1879 906 1987 944 non
2035 890 2464 952 cessaverimus;
2502 899 2615 942 tum
2657 904 2785 942 vero
2830 903 2926 939 nos
2974 886 3180 939 nullum
3233 885 3445 952 penitus

201 989 492 1056 vestigium
521 989 573 1043 in
608 990 766 1044 nobis
799 988 942 1059 quod
973 997 1214 1042 teramus
1243 986 1506 1056 religiosze
1543 995 1596 1040 et
1650 987 1808 1041 seriae
1851 987 1969 1040 vitae
2032 984 2520 1053 deprchendeums,
2561 998 2660 1036 nec.
2698 980 2842 1051 quod
2879 977 3196 1046 profeSsioni
3246 986 3448 1030 nostra:

201 1080 631 1142 satisfaciamus,
661 1080 757 1134 sed
806 1079 987 1150 potius
1019 1079 1198 1134 adhuc
1233 1079 1284 1132 in
1321 1087 1466 1134 statu
1505 1078 1630 1132 vita:
1678 1080 1956 1134 smcularis
1982 1089 2036 1132 et
2065 1076 2303 1147 profante
2335 1092 2636 1131 versemur.

275 1173 520 1243 Μοναχὸς
569 1173 772 1242 κυρίως
826 1175 974 1228 ἐστὶν
1016 1173 1418 1244 άμετεὼριστον
1462 1172 1616 1242 ὄμμα
1673 1172 1776 1240 Qu.

201 1267 307 1337 χῆς
339 1264 472 1336 (l2),
502 1266 596 1319 καὶ
626 1266 880 1337 ἀκίνητος
914 1265 1166 1334 σώματος
1211 1265 1481 1334 αἴσθησις.
1527 1265 1776 1334 Μοναχὸς

202 1363 356 1410 ἐστιν
411 1357 440 1407 ὁ
468 1356 593 1418 τοὺς
627 1355 941 1426 πολεμίους,
987 1343 1161 1426 δίκην
1189 1355 1389 1426 θηρῶν,
1444 1355 1781 1424 προσκαλού-

205 1463 391 1515 μενος,
418 1448 511 1499 καὶ
548 1446 807 1515 ἐρεθίζων
839 1449 896 1499 ἐν
934 1446 1011 1516 τῷ
1043 1446 1263 1514 φεύγειν
1303 1447 1398 1498 ἀπ’
1432 1445 1618 1498 αὐτοῦ.
1665 1447 1778 1498 Mo-

201 1541 366 1610 τραχύς
425 1542 572 1592 ἐστιν
611 1540 926 1602 ἀδιάστατος
965 1539 1241 1601 ἔκστασις,
1285 1537 1380 1591 καὶ
1424 1537 1775 1607 λύπηλξωῆς.

203 1633 456 1702 Μοναχός
493 1631 650 1685 ἐστιν’
686 1633 714 1685 ὁ
771 1631 1024 1692 ποιωοεὶς
1068 1633 1188 1692 ταῖς
1223 1632 1466 1700 ἀρεταῖς,
1517 1631 1590 1692 ὡς
1621 1629 1780 1692 ἄλλος

201 1727 330 1786 ταῖς
368 1724 604 1794 ἡδοναῖς.
635 1724 884 1793 Μοναχὸς
917 1724 1066 1776 ἐστιν
1095 1723 1328 1791 ἄληκτον
1359 1722 1474 1791 φῶς
1504 1724 1561 1774 ἐν
1593 1723 1779 1791 ὀφθαλ-

207 1814 296 1884 μῷ
327 1816 573 1885 καρδίας.
613 1816 858 1884 Μοναχός
903 1815 1052 1866 ἐστιν
1099 1814 1333 1876 ἄϐυσσος
1378 1812 1777 1876 ταπεινώσεως,

204 1910 268 1959 ἐν
300 1909 438 1977 αὐτῇ
473 1910 580 1960 πᾶν
614 1905 829 1976 πνεῦμα
850 1906 1165 1976 κρημνίσας
1197 1905 1289 1958 καὶ⁸
1318 1905 1640 1970 ἀποπνίξας.
1666 1906 1776 1972 Λή·
1815 1887 1859 1941 Β

204 1997 311 2066 θην
345 1997 701 2066 πταισμάτων
729 1995 898 2065 τύφος
925 1996 1217 2066 ἐργάζεται
1242 1995 1382 2066 (15)·
1419 1996 1645 2049 ἐκείνων
1672 1999 1782 2064 γὰρ

208 2089 403 2158 μνήμη
479 2087 973 2158 ταπεινοφροσύνης
1049 2085 1324 2157 πρόξενος.
1408 2087 1785 2157 ’Υπερηφανία

203 2181 363 2232 ἐστὶν
387 2178 588 2248 ἐσχάτη
619 2180 778 2232 πενία
805 2178 985 2248 ψυχῆς
1012 2177 1125 2247 (Ν)
1157 2193 1170 2206 ·
1201 2178 1428 2231 πλοῦτον
1470 2179 1528 2230 ἐν
1560 2177 1783 2248 σκοτείᾳ

205 2273 433 2342 οἰομένη
465 2273 526 2323 οὐ
571 2272 728 2342 μόνον
753 2271 1067 2340 προϐαίνειν
1117 2273 1216 2324 οὐκ
1259 2274 1323 2342 ἐᾷ
1349 2273 1382 2341 ἡ
1413 2272 1603 2342 μιαρὰ,
1653 2270 1787 2323 ἀλλὰ

207 2359 308 2412 καὶ
353 2358 447 2410 τοῦ
490 2358 656 2426 ὕψους
705 2358 1055 2427 ἀπορρίπτει.
1118 2359 1492 2428 Ὑπερηφανία
1523 2359 1637 2409 ἐστὶ
1670 2356 1788 2428 ῥοιὰ

207 2450 415 2502 ἔσωθεν
453 2452 746 2519 σεσηπυῖα,
788 2449 988 2515 ἔξωθεν
1027 2450 1085 2504 δέ
1114 2452 1177 2520 τῇ
1207 2449 1326 2520 ὥρα
1368 2449 1786 2502 ἀποστίλϐουσα.

208 2541 467 2610 Μοναχὸς
494 2542 845 2618 ὑπερήφανος
873 2541 934 2593 οὐ
963 2541 1301 2612 δεηθήσεταιν
1317 2542 1565 2607 δαίμονος
1590 2558 1601 2568 '
1629 2540 1789 2602 αὐτὸς

206 2632 325 2702 γὰρ
375 2615 561 2684 λοίπὸν
614 2630 791 2701 ἐαυτῷ
845 2631 1058 2701 δαίμων
1105 2633 1198 2684 καὶ
1227 2631 1484 2701 πολέμιος
1515 2635 1738 2698 γέγονεν
1774 2647 1787 2658 ·

208 2724 509 2793 ἀλλότριον·
547 2724 646 2792 μὲν
692 2722 786 2777 τοῦ
834 2724 1012 2792 φωτὸς
1058 2725 1120 2776 τὸ
1167 2724 1389 2786 σκότος’
1419 2724 1698 2792 ἀλλότριος
1735 2723 1791 2774 δέ

213 2817 317 2867 καὶ
347 2816 694 2884 ὑπερήφανος
729 2816 990 2877 παντοίας
1029 2817 1248 2886 ἀρετῆς.
1304 2815 1392 2868 Ἐν
1429 2816 1792 2886 ὑπερηφάνων

210 2907 465 2978 impetat;
487 2907 906 2977 γεννηθήσονται
935 2905 1280 2975 βλασφημίας
1302 2909 1520 2977 ῥήματα
1548 2906 1659 2976 (15)
1680 2923 1694 2936 ’
1738 2907 1794 2957 ἐν

210 3001 488 3054 ταπεινῶν
508 3000 565 3053 δὲ
587 3000 803 3070 ψυχαῖς,
819 2999 1045 3069 οὐράνια
1072 2997 1424 3068 θεωρήματα.
1446 2997 1794 3051 Βδελύττεται

209 3094 368 3162 ἥλιον
397 3091 637 3161 κλέπτης
667 3090 802 3158 (16},
831 3090 1178 3170 ὑπερήφανος
1211 3089 1266 3142 δέ
1293 3091 1486 3159 πραεῖς
1511 3088 1794 3153 ἐξουδενὼ-

217 3200 322 3236 σει.
377 3181 627 3243 Ἕλαθον,
678 3181 796 3243 πῶς
819 3183 920 3234 οὐκ
967 3175 1108 3243 οῖδα,
1160 3180 1386 3242 ἑαυτοὺς
1426 3179 1792 3248 ὑπερηφάνων

213 3275 462 3327 πλεῖστοι
487 3291 500 3305 ·
543 3276 636 3327 καὶ
680 3273 931 3338 δόξαντες
981 3274 1214 3335 ἀπαθεῖς
1243 3271 1403 3336 εἶναι,
1437 3272 1535 3342 τὴν
1584 3272 1789 3324 οἰκείαν

216 3364 413 3418 πενίαν
446 3367 504 3418 ἐν
527 3363 690 3434 ἐξόδῳ
723 3365 1048 3435 ἑωράκασιν.
1084 3363 1142 3417 Ὀ
1176 3362 1346 3433 ταύτῃ
1396 3363 1554 3425 ἁλοὺς
1583 3362 1790 3430 Κυρίου

213 3457 541 3526 δεηθήσεται
571 3474 585 3488 ·
641 3456 846 3526 ματαία
890 3457 997 3527 γὰρ
1029 3454 1393 3525 παρ’ἐκείνῳ
1429 3454 1672 3522 σωτηρία
1702 3455 1794 3506 άν-

215 3543 478 3614 θρὼπων.
538 3544 856 3614 Κατείληφᾶ
916 3561 1019 3596 που
1062 3535 1170 3615 τὴξλ
1211 3543 1480 3611 ἀκέφαλον
1532 3543 1792 3610 πλανῆτιν

215 3636 489 3689 πέλουσαν
513 3637 571 3688 ἐν
599 3639 667 3705 τῇ
699 3638 806 3706 ἐμῇ
838 3635 1056 3706 καρδίᾳ,
1109 3636 1205 3688 καὶ
1241 3635 1333 3687 ἐπὶ
1358 3635 1465 3687 τῶν
1501 3633 1665 3704 ὤμων
1694 3633 1793 3701 τῆς

215 3729 430 3790 οἰκείας
489 3728 707 3798 μητρὸς
745 3728 1047 3795 ὀχουμένην
1072 3719 1193 3788 "Et;
1236 3725 1564 3792 παγιδεύσας
1610 3724 1794 3794 δεσμῷ

217 3819 471 3886 ὑπακοῆς
511 3818 644 3886 (17),
686 3819 780 3874 καὶ
830 3818 1054 3886 μάστιγι
1108 3817 1379 3878 εὐτελείας
1422 3815 1791 3885 μαστιγώσας,

213 3909 320 3976 τὴν
351 3907 408 3957 ἐν
439 3908 561 3975 ἐμοὶ
584 3906 764 3958 αὐτῶν
802 3906 1017 3974 εἴσοδον,
1039 3905 1300 3972 ἐξήταζον
1323 3906 1501 3972 λέγειν
1525 3921 1538 3934 ·
1583 3907 1662 3958 διὸ
1700 3907 1794 3956 καὶ

219 3997 623 4068 μαστιζομεναι
653 3996 860 4062 ἔλεγον·
902 3995 1092 4064 Ἡμεῖς
1119 3997 1292 4066 ἀρχὴν
1322 3998 1421 4048 οὐκ
1449 3996 1658 4064 ἔχομεν,
1677 3997 1794 4046 οὐδὲ

213 4090 479 4156 γέννησιν
499 4106 512 4117 ·
547 4087 809 4156 ἄρχουσαι
832 4089 941 4158 γὰρ
969 4091 1062 4142 καὶ
1085 4091 1399 4159 γεννήτριαι
1427 4088 1644 4140 πάντων
1685 4088 1792 4138 τῶν

215 4180 414 4232 παθῶν
448 4177 865 4251 καθεστήκαμεν
889 4198 904 4212 ’
949 4181 1175 4249 πολεμεί
1197 4181 1252 4233 δὲ
1288 4183 1437 4251 ἡμᾶς
1464 4181 1522 4232 οὐ
1560 4180 1794 4249 μετρίως

217 4271 567 4349 συντριμμὸς
619 4272 850 4344 καρδίας
900 4274 960 4325 ἐν
1013 4274 1258 4345 ὑποταγῇ
1310 4275 1622 4341 τικτόμενος
1654 4287 1668 4299 °
1697 4271 1794 4340 ἀρ-

214 4363 415 4434 χεσθαι
459 4362 564 4431 γὰρ
593 4362 684 4413 ὑπ’
725 4363 933 4428 οὐδενὸς
973 4365 1426 4436 σεσυνηθίκαμεν.
1482 4363 1570 4415 Διὸ
1608 4363 1701 4415 καὶ
1738 4363 1794 4412 ὲν
1840 4377 1843 4382 ’

213 4455 474 4526 οὐρανοῖς
492 4452 754 4523 ἄρχουσαι
777 4457 1290 4523 γεγονυῖαι,ἐκεῖθεν
1318 4458 1790 4526 ἀπεστατήσαμεν·

1951 1173 2246 1227 Monachus
2264 1172 2478 1241 proprie
2502 1185 2730 1237 vereque
2750 1167 2838 1222 ille
2861 1174 2966 1229 est,
2990 1168 3082 1235 qui
3108 1164 3304 1217 utentis
3323 1181 3472 1218 ocu-.

1878 1267 1988 1322 lum
2031 1279 2304 1334 mmquam
2352 1263 2577 1323 extollit.
2609 1272 2660 1315 et
2703 1260 2946 1328 eorpmis
2994 1274 3216 1313 sensmn
3255 1260 3449 1311 inuno-

1879 1370 1992 1413 tum
2027 1358 2283 1414 Custodit.
2315 1355 2615 1410 Monachus
2643 1362 2725 1408 est
2749 1355 2840 1422 qui
2869 1354 3068 1414 hostes,
3111 1352 3345 1404 ferarum
3379 1351 3450 1402 ri-

1880 1462 1935 1504 ttt
1967 1450 2125 1520 293
2173 1449 2237 1502 ad
2284 1464 2519 1518 pugnam
2556 1455 2812 1517 provocat
2838 1455 2890 1499 et
2939 1446 3132 1505 irritat,
3170 1438 3294 1495 dum
3349 1443 3451 1492 illa!

1880 1542 2283 1612 profugiuntah
2317 1556 2402 1595 eo.
2443 1539 2742 1596 Monachus
2792 1549 2872 1593 est
2910 1551 3198 1608 perpetuus
3258 1535 3451 1588 mentis

1882 1635 2140 1688 excessus
2171 1642 2225 1686 et
2255 1632 2377 1688 vitae
2403 1633 2599 1688 luctus.
2632 1631 2933 1685 Monachus
2959 1631 3028 1684 ita
3061 1629 3349 1682 virtutibus
3371 1637 3455 1680 est

1884 1723 2108 1777 allectus
2138 1731 2191 1776 et
2219 1731 2574 1790 temperatus,
2614 1730 2674 1773 ιιι
2712 1720 2854 1773 alius
2915 1720 3276 1787 voluptatibus
3333 1733 3453 1769 cor-

1887 1825 2078 1882 ruptus
2105 1822 2158 1866 et
2189 1812 2447 1881 perditus.
2499 1810 2798 1868 Monachus
2852 1821 2931 1864 est
2984 1811 3370 1864 iuexstinetnm
3402 1809 3453 1861 in

1887 1905 2048 1959 oculo
2075 1905 2254 1957 cordis
2301 1903 2508 1957 lumen.
2541 1901 2838 1956 Monachus
2889 1914 2970 1956 est
3025 1902 3292 1954 infinitum
3351 1901 3454 1952 hu—

1887 1997 2140 2050 militatis
2167 1994 2517 2064 profundum,
2547 2012 2655 2061 quo
2685 1995 2866 2050 omnis
2900 1996 3177 2062 improbus
3233 1993 3455 2062 spiritus

1888 2103 2123 2157 praeceps
2158 2089 2404 2140 hauritur
2446 2097 2499 2140 et
2554 2087 2871 2145 suil'ueatur.
2920 2085 3139 2138 lnllatus
3206 2085 3454 2153 superbia

1889 2180 2105 2234 animus
2130 2190 2477 2248 peccatorum
2531 2179 2849 2232 memoriam
2876 2179 3036 2242 delet,
3090 2192 3320 2245 quorum
3370 2193 3455 2228 re-

1890 2272 2128 2325 cordatio
2155 2272 2295 2340 parit
2324 2269 2708 2323 humilitatem.
2764 2270 3024 2337 Superbia
3084 2279 3167 2322 est
3213 2275 3454 2320 extrema

1891 2367 2084 2417 anima:
2107 2364 2312 2432 inopia,
2342 2378 2463 2431 qua:
2501 2363 2603 2415 sibi
2653 2362 2870 2414 divitias
2900 2361 2951 2412 in
2983 2359 3220 2413 tenebris
3280 2359 3453 2427 fingit,

1891 2455 2134 2524 adeoque
2167 2464 2446 2509 exsecrata
2483 2454 2570 2506 illa
2609 2455 2802 2521 pestis,
2838 2469 2943 2505 non
2980 2453 3154 2507 solum
3210 2454 3454 2520 progredi

1894 2562 1999 2600 non
2031 2547 2162 2600 sinit
2188 2546 2591 2609 ascendentem,
2627 2545 2719 2599 sed
2754 2561 2817 2598 ex
2845 2546 2953 2598 alto
2983 2546 3142 2597 etiam
3186 2546 3456 2598 deturbat.

1895 2639 2156 2704 Superbia
2213 2639 2415 2690 malum
2448 2648 2532 2692 est
2565 2639 2710 2692 intus
2742 2649 2917 2705 putre,
2984 2637 3116 2694 foris
3171 2639 3342 2692 nitens
3409 2648 3462 2690 et

1895 2730 2110 2784 florens.
2151 2729 2450 2784 Monachus
2483 2731 2750 2799 superbus
2782 2747 2888 2784 non
2935 2731 3136 2799 indiget
3185 2732 3292 2783 alio
3351 2731 3461 2784 dse-

1896 2838 2078 2882 mone,
2115 2823 2226 2891 ipse
2251 2824 2394 2876 enim
2425 2824 2527 2878 sibi
2579 2833 2662 2878 est
2699 2826 2811 2892 jam
2843 2825 3052 2876 daemon
3081 2833 3135 2877 ct
3165 2825 3336 2879 hostis
3385 2825 3463 2876 fa—

1895 2923 2050 2968 ctus:
2096 2927 2152 2968 ιιι
2188 2916 2420 2968 tenebrae
2459 2915 2646 2969 alienae
2678 2927 2806 2970 sunt
2860 2918 2928 2967 ah
2958 2917 3094 2977 luce,
3150 2917 3216 2966 ita
3273 2935 3279 2947 ί

1899 3009 2000 3060 bus
2052 3008 2122 3060 ab
2172 3008 2318 3060 omni
2379 3009 2580 3062 virtute
2629 3019 2711 3062 est
2772 3010 3000 3062 alienus.
3173 3020 3324 3062 -.ι-ιλιι
3371 3026 3462 3062 sn-

1897 3099 2182 3167 perborum
2236 3111 2534 3153 nascuntur
2605 3100 2786 3152 blant"
2975 3102 3154 3165 verba,
3223 3101 3274 3153 in
3299 3103 3462 3155 corde

1899 3189 2224 3253 humilium,
2300 3191 2550 3244 cmlestes
2632 3191 3054 3255 illustrationes,
3131 3193 3206 3245 uti
3292 3194 3460 3246 solem

1893 3279 1979 3332 fur
2017 3287 2318 3343 aversatur,
2346 3281 2417 3333 ita
2447 3282 2714 3349 superbus
2776 3295 3086 3336 mansuetos
3144 3288 3461 3339 contemnit.

1891 3361 2143 3430 Plerique
2181 3363 2544 3431 superborum
2583 3365 2769 3419 nescio
2798 3421 2800 3423 _
2825 3381 2934 3433 quo
2998 3376 3154 3434 pacto
3186 3383 3241 3421 se
3299 3369 3462 3437 ipsos,

1892 3454 2254 3518 dum'vivunt,
2293 3455 2562 3518 nesciant,
2595 3455 2722 3508 dum
2750 3457 2852 3509 sibi
2889 3457 3140 3510 videntur
3169 3460 3217 3510 in
3251 3473 3462 3513 summa

1894 3545 2062 3598 animi
2103 3547 2491 3614 tranquillitate
2535 3549 2837 3611 constituti,
2892 3551 3069 3618 quiin
3114 3567 3336 3606 excessu
3387 3553 3466 3606 vi-

1895 3648 1962 3690 ta:
1987 3653 2139 3691 suam
2174 3639 2391 3691 demum
2441 3639 2673 3708 inopiam
2725 3654 3042 3710 agnoscunt.
3110 3645 3212 3708 Qui
3247 3645 3315 3697 ab
3373 3661 3486 3714 ςιι-⁵

1894 3729 2079 3797 perbia
2129 3742 2427 3800 occupatus
2485 3743 2567 3786 est
2619 3743 2673 3786 et
2725 3743 2936 3801 captus,
3009 3734 3215 3787 auxilio
3281 3735 3465 3787 divino

1895 3822 2118 3890 indiget,
2150 3838 2288 3875 vana
2315 3824 2459 3877 enim
2501 3825 2646 3892 apud
2695 3825 3004 3891 lmjusmodi
3062 3825 3210 3879 salus
3284 3826 3464 3879 homi-

1895 3927 2046 3964 num.
2085 3911 2486 3980 Comprehendi
2525 3916 2787 3983 ego,olim
2834 3916 2973 3996 hanc
3007 3918 3183 3986 capite
3221 3917 3463 3972 diminu-

1896 4007 2003 4048 tam
2035 3998 2501 4065 prarstigiatricem
2541 4003 2684 4068 (qua:
2718 4002 2771 4054 in
2821 4003 2985 4057 corde
3040 4020 3162 4058 meo
3220 4006 3462 4062 nidulata

1897 4087 2090 4153 fuerat,
2120 4097 2175 4142 et
2204 4090 2448 4145 humeris
2496 4095 2688 4147 matris
2739 4110 2852 4148 sum
2900 4096 3219 4167 vehebatur)
3246 4108 3299 4152 et
3345 4092 3466 4154 ain-

1896 4177 1992 4229 bae.
2039 4177 2256 4230 vinculo
2283 4179 2607 4234 oliedicntize
2649 4184 2998 4246 constrictas,
3042 4185 3225 4257 294,
3273 4197 3328 4242 et
3346 4191 3461 4243 .uti-

1899 4266 2061 4321 litatis
2101 4283 2233 4322 mea:
2276 4269 2445 4339 flagro
2494 4287 2663 4326 erasas
2688 4274 2990 4342 exprimere
3042 4278 3349 4346 coegi,quo
3371 4295 3465 4347 pa-

1896 4370 1985 4413 cto
2018 4374 2076 4415 se
2109 4360 2161 4414 in
2194 4377 2500 4417 cor/meum
2541 4364 2934 4422 insinuassent.
2965 4365 3076 4422 Nos
3106 4385 3258 4439 ergo,
3290 4371 3466 4423 diver-

1899 4455 2097 4508 berataa
2135 4456 2373 4520 aiebant,
2440 4459 2708 4528 principio
2765 4476 3037 4523 caremus,
3089 4477 3262 4530 neque
3316 4465 3463 4515 nasci

207 4546 304 4600 διὸ
345 4546 438 4598 καὶ
489 4545 706 4599 πάντων
741 4545 1040 4618 συλλήϐδην
1081 4549 1276 4613 εἰπεῖν,
1327 4547 1434 4600 τῶν
1498 4549 1792 4617 ἀντιπρατ-

1897 4543 2156 4604 solemus,
2187 4546 2280 4600 sed
2317 4545 2562 4614 ipsamiet
2593 4561 2780 4602 sumus
2826 4549 3098 4618 principes
3121 4559 3175 4602 et
3221 4548 3462 4602 omnium

213 4637 427 4689 τόντων
489 4637 556 4706 τῇ
622 4637 1092 4708 ταπεινοφροσύνῃ
1119 4678 1134 4699 ,
1213 4639 1372 4708 ἡμεῖς
1439 4639 1751 4708 γεννήτριαι
1778 4654 1790 4666 ’

211 4725 409 4779 πάντα
438 4723 545 4796 γὰρ
574 4723 644 4777 τὰ
690 4725 872 4796 ἐκείνῃ
940 4727 1333 4797 συνεργοῦντα,
1362 4725 1496 4799 ἡμῖν
1527 4730 1791 4782 ἀντίκειν-

208 4836 336 4872 ται.
366 4818 509 4888 Πλὴν
539 4819 596 4870 ἐν
631 4816 846 4888 οὐρανῷ
871 4817 1323 4889 ’ίσχύσαμεῃκαὶ
1350 4820 1453 4873 ποῦ
1489 4821 1595 4874 ἀπὸ
1625 4839 1795 4890 προσ-

210 4911 380 4963 ὡστου
413 4910 570 4980 ἡμῶν
629 4908 834 4980 φεύξῃ;
876 4909 1066 4979 Ἡμεῖς
1101 4911 1358 4973 πολλάκις
1397 4912 1482 4963 ἐπ’
1529 4913 1792 4981 ἀτιμίαις,

211 5001 320 5054 καὶ
335 4999 574 5071 ὑπακοῇ,
600 5000 696 5052 καὶ
713 4999 1006 5068 ἀοργησία,
1029 4999 1124 5051 καὶ
1149 4999 1544 5070 άμνησικακία,
1569 5005 1660 5064 καὶ
1679 5003 1795 5054 δια-

213 5088 388 5158 κονίᾳ
418 5087 803 5143 ἐπακολουθεῖν
847 5087 1171 5157 πεφύκαμεν
1190 5105 1203 5117 ·
1240 5089 1272 5154 ἡ
1282 5087 1396 5157 μῶν
1426 5087 1624 5157 ἔκγονα
1649 5091 1798 5142 πτώέν
1836 5097 1841 5103 ‘

215 5193 382 5249 ματα
433 5179 856 5249 πνευματικῶνσ
911 5177 1071 5249 ὀργὴ,
1116 5176 1434 5242 καταλαλιά,
1461 5180 1676 5249 πικρία,
1707 5179 1798 5234 θυ-

215 5269 358 5339 μὸς,
385 5271 619 5340 κραυγὴ,
650 5269 989 5342 βλασφημία,
1018 5269 1326 5339 ὑπόκρισις,
1363 5271 1538 5338 μῖσος,
1584 5271 1794 5338 φθόνος,

209 5357 529 5427 ἀντιλογία,
556 5361 880 5434 ίδιορυθμία,
900 5361 1274 5436 ἀπείθεια,¹Ἐν
1299 5363 1414 5413 ἐστι
1445 5363 1536 5414 καὶ
1553 5361 1712 5430 μόνον
1742 5365 1799 5414 ὲν

209 5443 263 5520 ᾧ
297 5450 604 5518 ἐπιχειρεῖν
630 5455 730 5508 οὑκ
743 5455 939 5526 ἔχομεν
958 5451 1210 5525 δύναμινο
1233 5451 1326 5505 καὶ
1355 5447 1513 5505 τοῦτο
1546 5468 1627 5503 σοι
1693 5470 1799 5520 μα-

214 5539 546 5607 στιζόμεναι
568 5541 816 5614 λέγομεν
844 5546 972 5602 'an
993 5545 1180 5600 ἑαυτὸν
1196 5542 1421 5599 ἐνώπιον
1437 5543 1643 5612 Κυρίου
1666 5542 1798 5595 είλι-

213 5622 436 5702 κρινῶς
466 5634 822 5707 καταμέμψη,
843 5639 990 5708 ἡμᾶς
1019 5639 1094 5701 ὼς
1118 5637 1356 5709 ἀράχνην
1378 5632 1628 5702 λελογίσῃ
1663 5633 1796 5701 (18).

216 5725 432 5784 Ἵππος
465 5723 562 5792 μὲν
583 5725 716 5797 γὰρ,
735 5730 812 5791 ὡς
838 5732 992 5801 ὁρᾷς,
1017 5721 1390 5799 ὑπερηφανίας
1407 5725 1698 5789 κενοδοξίαν
1717 5727 1799 5792 ἐφ’

217 5832 294 5899 ἢν
319 5813 623 5887 ἔπιῦέσηκα
653 5831 668 5846 ⁸
699 5821 734 5889 ή
768 5819 828 5872 δὲ
853 5823 975 5875 ὁσία
1017 5826 1366 5885 ταπείνωσις,
1397 5822 1489 5874 καὶ
1525 5819 1801 5889 αὑτομεμ-

547 5933 818 5995 Parnm.
863 5935 981 5995 Gn.
1004 5935 1398 5998 LXXXVIII.

1879 4635 2154 4707 Ovitiorum
2192 4638 2607 4704 procreatrices.
2643 4637 3003 4692 Vehementer
3049 4648 3231 4692 autem
3293 4653 3466 4705 Oppu-

1898 4736 2026 4794 gnat
2051 4736 2105 4779 et
2160 4726 2483 4778 adversatur
2534 4727 2692 4780 nobis
2719 4728 2976 4780 contritio
3002 4730 3182 4782 cordis
3229 4743 3292 4782 ex
3332 4729 3464 4782 obe-

1897 4817 2097 4870 dientia
2139 4825 2286 4868 nata.
2315 4815 2713 4870 Consuevimus
2751 4818 2895 4870 enim
2931 4818 3063 4871 nulli
3117 4835 3320 4887 parere.
3382 4821 3467 4876 ld-

1898 4907 2044 4959 circo
2072 4909 2126 4958 in
2155 4905 2293 4957 cmlo
2322 4918 2544 4972 quoque
2591 4905 2864 4974 principes
2897 4907 3051 4960 facta:
3108 4899 3466 4966 defectionem

1901 4997 2098 5050 molitae
2129 5009 2340 5048 sumus.
2375 4994 2560 5061 Itaque
2598 5008 2652 5048 ul.
2682 4997 2865 5049 omnia
2914 4980 3082 5051 verbo
3137 5003 3469 5068 complecta-

1899 5091 2038 5152 mur,
2067 5083 2310 5163 omnium
2345 5084 2600 5137 vitiorum
2635 5102 2757 5154 qua:
2815 5089 3103 5141 humilitati
3138 5105 3460 5162 repugnant,

1901 5194 1999 5232 nos
2025 5176 2292 5230 auctrices
2314 5183 2368 5228 et
2395 5178 2686 5244 genitrices
2715 5194 2927 5235 sumus.
2961 5179 3156 5234 Omnia
3181 5184 3325 5236 enim
3351 5200 3470 5250 qua:

1903 5266 2191 5322 humilitati
2228 5265 2618 5336 suﬂ'ragantur,
2659 5271 2817 5325 nobis
2863 5272 3238 5328 adversantur.
3284 5273 3466 5327 Enim-

1898 5374 2025 5415 vero
2051 5373 2151 5412 nos
2201 5359 2253 5410 in
2287 5359 2426 5413 ccelo
2468 5362 2874 5431 praepotuimus.
2917 5374 2972 5418 et
3002 5380 3112 5433 quo
3139 5382 3169 5420 a
3204 5367 3338 5420 facie
3365 5381 3465 5418 no-

1899 5464 2011 5509 stra
2050 5452 2273 5520 fugies?
2303 5451 2415 5508 Nos
2451 5471 2556 5509 non
2606 5471 2728 5508 raro
2756 5466 2872 5525 post
2915 5459 3167 5512 toleratas
3236 5458 3468 5525 ignomi-

1902 5547 2040 5607 nias,
2078 5545 2441 5600 obedientiam
2477 5547 2799 5610 exercitam,
2853 5551 3190 5603 iracundiam
3251 5561 3467 5614 repres-

1901 5653 2038 5700 sam,
2085 5636 2315 5691 deletam
2385 5638 2712 5708 injuriarum
2801 5642 3140 5700 memoriam,
3199 5638 3369 5691 oflicia
3415 5649 3469 5694 et

1901 5728 2202 5783 ministeria
2266 5732 2483 5800 insequi
2558 5733 2842 5801 religiosos
2895 5735 3130 5788 solemus
3172 5749 3185 5783 :
3228 5747 3259 5784 a
3313 5731 3470 5786 nobis

1903 5836 2066 5890 porro
2097 5822 2210 5880 [nec
2277 5826 2474 5882 vitiosa
2530 5829 2815 5898 progenies
2866 5833 3230 5898 propagatur-
3285 5825 3471 5895 lapsus

3085 5938 3146 5999 3i
