4030 6342
642 479 750 543 9⁸ῐῦ

1835 463 1891 522 s.
1950 433 2268 522 JOANNlS
2305 459 2622 532 CLIMACI.

3740 442 3758 464 '
3785 458 3896 521 9'26

638 599 877 655 sanctos,
902 596 954 642 et
987 593 1274 657 postquam
1324 581 1389 636 ad
1436 581 1598 634 tinem
1651 589 1705 632 et
1730 586 2034 633 extremum
2090 591 2200 629 ma-

2314 589 2453 630 νεται
2474 576 2574 646 τὴν
2605 575 2830 647 καρδίαν
2860 576 2995 645 πρὸς
3025 573 3147 635 τοὺς
3176 574 3364 643 ἁγίους
3395 591 3409 604 ·
3437 573 3528 627 καὶ
3544 573 3605 625 ἐν
3638 571 3720 642 τῷ
3746 574 3893 628 τέλει

636 685 815 737 lorum
865 692 1087 735 suorum
1118 676 1381 746 pervenit,
1419 673 1496 725 .in
1525 670 1828 740 improbam
1890 668 2079 724 incidit
2112 683 2205 720 su-

636 775 878 846 perbiam
925 780 979 826 et
1013 768 1290 824 libidinem
1328 761 1648 820 mentiendi.

1225 859 1472 914 Scholion
1524 857 1613 911 17.

710 957 945 1014 Observa
977 954 1118 1024 quod
1148 953 1483 1007 voluntatem
1516 964 1669 1004 suam
1703 961 1826 1000 cum
1858 943 2083 1000 scientia
2111 957 2206 997 seu

637 1048 918 1118 prudentia
940 1045 1283 1101 committere
1315 1040 1588 1112 proximo,
1641 1038 1756 1092 haec
1792 1050 1922 1092 vera
1977 1033 2048 1089 sit
2102 1033 2207 1087 hu-

637 1141 852 1195 militas.

1216 1223 1580 1280 ScholionJS.

707 1323 764 1378 Si
801 1337 906 1375 non
950 1322 1034 1374 vis
1084 1318 1338 1388 occupari
1365 1327 1418 1373 et
1450 1315 1628 1385 subigi
1672 1330 1702 1368 a
1736 1312 1991 1381 malignis
2045 1311 2210 1381 spiri-

641 1418 786 1470 tibus
825 1412 1294 1485 [cogitationibusj
1329 1420 1702 1479 contemptum
1730 1392 1991 1469 animi,ct
2018 1417 2208 1472 corpo~

639 1511 713 1564 ris
743 1507 1142 1564 amictationem
1180 1487 1417 1574 suspice,
1450 1513 1506 1556 et
1556 1503 1658 1554 hoc
1690 1513 1796 1551 non
1870 1495 2100 1550 subinde
2155 1503 2208 1548 et

639 1600 934 1670 sigillatim,
964 1597 1059 1653 sed
1092 1597 1144 1650 in
1172 1594 1319 1648 omni
1354 1594 1475 1647 loco
1505 1600 1562 1644 et
1612 1588 1901 1644 occasione
1935 1594 1987 1640 et
2022 1600 2101 1640 re.

1229 1682 1478 1739 Scholion
1532 1679 1620 1734 19.

707 1782 848 1838 Fieri
891 1797 998 1835 non
1034 1787 1210 1849 potest
1251 1766 1331 1839 ut,
1380 1775 1472 1845 qui
1508 1788 1615 1828 non
1665 1785 1790 1840 erga
1854 1782 2047 1822 omnes
2109 1780 2208 1835 pro

639 1885 876 1928 extrema
906 1886 1001 1925 sua
1037 1868 1291 1922 facultate
1307 1875 1509 1920 metum
1540 1855 1990 1933 [venerationem]
2022 1869 2210 1924 quein-

2307 661 2418 714 τῶν
2451 659 2640 714 κακῶν
2689 658 2886 720 αὐτοῦ,
2938 661 3015 723 εἰς
3063 658 3515 729 ὑψηλοφροσύνην
3563 656 3893 729 περιπίπτει

2310 751 2557 822 πονηρὰν
2583 752 2678 804 καί
2699 749 2955 822 φροντίδα
2977 749 3071 802 τοῦ
3096 749 3407 818 ψεύδεσθαι.

2909 841 3168 912 Σχόλιον
3203 841 3286 906 ιζ’.

2386 939 2548 1007 Ὅρα,
2582 938 2662 990 ὅτι
2690 936 2750 990 τὺ
2779 935 3050 989 ἀπολῦσαι
3070 936 3132 987 τὸ
3162 934 3378 1005 θέλημά
3416 949 3510 986 σου
3539 931 3622 1004 τῷ
3660 928 3893 1000 πλησίον

2311 1030 2369 1078 ὲν
2396 1028 2617 1094 γνώσει,
2646 1025 2786 1096 αὕτη
2817 1026 2964 1078 ἐστὶν
2991 1027 3024 1094 ὴ
3065 1023 3411 1087 ταπείνωσις.

2896 1201 3168 1278 Μαξίμου
3195 1207 3284 1268 ιη’.

2383 1299 2445 1352 Εἰ
2497 1296 2677 1368 βούλει
2731 1296 2806 1366 μὴ
2875 1291 3216 1364 ἐνεργεῖσθαι
3271 1291 3378 1346 ὑπὸ
3427 1291 3537 1346 τῶν
3594 1289 3892 1364 πονηρῶν,

2313 1390 2655 1457 ἒξουδένωσιν
2705 1387 2882 1474 ψυχῆς
2937 1386 3033 1440 καὶ
3074 1384 3253 1453 θλίψιν
3303 1385 3506 1458 σαρκὸς
3563 1385 3892 1454 καταδέχου,

2313 1481 2591 1534 καὶτοῦτο
2649 1479 2720 1547 οὐ
2755 1477 3020 1550 μερικῶς,
3075 1477 3190 1530 ἀλλ’
3244 1477 3335 1530 ἐπὶ
3394 1476 3562 1530 παντὶ
3587 1477 3761 1546 τόπῳ,
3796 1476 3896 1529 καὶ

2313 1572 2511 1644 καιρῷ,
2554 1571 2650 1625 καὶ
2677 1570 2986 1642 πράγματι.

2911 1664 2956 1716 Σ
2959 1661 3168 1729 χόλων
3203 1659 3285 1714 ιϐ’.

2396 1755 2702 1824 Ἀμήχανον
2731 1753 2825 1806 τὸν
2850 1752 2926 1824 μὴ
2947 1752 3386 1823 καταδεξάμενον
3419 1751 3482 1804 τὸ
3514 1749 3651 1821 πρὸς
3681 1750 3894 1813 πάντας

2313 1845 2537 1910 ὐποδεές
2565 1844 2659 1898 καὶ
2681 1844 2926 1914 ,ἔσχατον
2966 1844 3258 1914 δυνηθῆναί
3301 1860 3451 1907 ποτε,
3474 1843 3508 1913 ἦ
3544 1840 3894 1913 λοιδορούμε-

638 1971 762 2022 σΙιιιη
798 1964 1043 2033 suscipit,
1084 1963 1166 2018 vel
1194 1958 1469 2020 convicio,
1501 1956 1585 2009 vel
1616 1950 1946 2007 contumelia
2001 1945 2210 2016 appeti-

2314 1955 2420 2004 νον,
2461 1935 2636 2007 θυμοῦ
2679 1936 2970 2006 κρατῆσαι,
3003 1937 3038 2006 ἢ
3065 1935 3379 2006 θλιϐόμενον
3435 1934 3573 2006 μετά
3612 1934 3894 2006 μακροθυ-

640 2075 746 2122 tus.
777 2061 912 2111 iram
941 2056 1154 2120 vincat;
1198 2061 1293 2107 aut
1337 2050 1567 2104 atilietus
1600 2057 1758 2114 aequo
1787 2042 1970 2096 animo
2031 2047 2208 2093 tenta-

640 2157 840 2207 tionem
872 2155 1115 2218 superet.

639 2246 805 2317 298
867 2243 940 2297 Dc
993 2237 1446 2358 inexplicabilibizs
1510 2230 1845 2300 blasphemiw
1932 2223 2212 2294 cogitatio-

1336 2325 1388 2358 111
1429 2321 1488 2358 118

1336 2321 1488 2360 1110118

711 2393 1034 2465 l‘ernieiosaz
1063 2404 1250 2473 stirpis
1275 2409 1328 2456 et
1385 2395 1628 2468 parentis
1687 2387 2211 2462 perniciosissimam

640 2505 879 2559 sobolem
916 2515 1038 2555 esse
1069 2510 1230 2564 supra
1266 2494 1698 2547 demonstratum
1748 2493 1851 2547 est,
1892 2488 2208 2540 exsecrata.

643 2600 891 2665 inquam,
933 2589 1203 2661 superbiae
1249 2583 1522 2640 infandam
1589 2574 1935 2646 blasphemiae
1981 2575 2208 2643 prolem.

640 2687 872 2742 Proinde
900 2695 1120 2737 necesse
1143 2688 1227 2734 est
1262 2686 1318 2730 ut
1344 2690 1462 2728 eam
1495 2673 1549 2726 in
1579 2669 1757 2724 medio
1782 2680 2076 2736 ponamus,
2112 2678 2211 2716 ne-

563 2845 567 2852 .
640 2795 745 2847 que
773 2777 916 2831 enim
971 2788 1034 2827 ex
1070 2769 1245 2824 obviis
1273 2773 1328 2822 et
1351 2763 1666 2834 vulgaribus
1708 2769 1792 2814 est
1858 2755 2210 2816 adversariis,

642 2873 736 2926 sed
759 2869 1003 2924 omnium
1039 2863 1130 2933 qui
1163 2870 1310 2926 sunt,
1345 2860 1505 2928 longe
1544 2850 1935 2910 infestissimus
1958 2849 2212 2901 inimicus

641 2977 693 3018 et
731 2960 926 3019 hestis,
953 2966 1006 3011 et
1034 2956 1178 3025 quod
1207 2954 1426 3022 gravius
1462 2959 1566 3012 est,
1621 2945 1894 3015 explicata
1952 2940 2209 3002 diﬂieilis,

643 3055 845 3125 quique
882 3064 1022 3117 aegre
1051 3063 1146 3118 per
1177 3043 1578 3100 confessionem
1606 3037 1859 3106 religioso
1888 3033 2057 3089 animi
2097 3047 2212 3087 me—

641 3148 764 3199 dico
799 3143 1021 3197 sistatur
1054 3149 1106 3194 et
1131 3138 1424 3208 aperiatur.
1461 3133 1614 3191 Unde
1673 3141 2045 3199 saepenumero
2106 3140 2213 3179 non

646 3242 831 3311 paucis
872 3236 1140 3300 usuvenit,
1171 3242 1230 3286 ut
1266 3235 1316 3284 in
1349 3230 1594 3283 ultimam
1625 3225 2079 3296 desperationem,
2102 3237 2214 3275 om-

2315 2032 2445 2100 μίας
2469 2029 2852 2100 περιγενέσθαι
2881 2027 2990 2082 τῶν
3019 2027 3359 2099 πειρασμῶν.

2313 2225 2452 2296 Περὶ
2479 2224 2600 2279 τῶν
2627 2221 3061 2308 ἀνεκφράστωνς
3103 2217 3413 2358 Jay-scyria»
3444 2217 3555 2286 τῆς
3595 2216 3896 2285 ,ϐλασφη-

2993 2308 3132 2357 μίας
3189 2307 3219 2342 a
3252 2327 3265 2342 .

2993 2308 3132 2357 μίας
3165 2307 3265 2357 ta)-

2303 2372 2319 2385 ’
2382 2385 2640 2456 Χαλεπῆς
2677 2383 2834 2454 ῥίζης
2887 2383 2984 2434 καὶ
3026 2379 3236 2452 μητρὸς
3268 2377 3652 2450 χαλεπώτατον
3687 2376 3896 2445 ἀπόγο-

2315 2497 2404 2534 νον
2434 2474 2573 2532 εἶναι
2602 2478 2660 2528 ἐν
2692 2478 2802 2539 τοῖς
2829 2473 3095 2542 φθάσασιν
3120 2471 3461 2541 ἀκηκόαμεν,
3505 2462 3650 2536 λέγώ
3689 2467 3755 2538 δὴ
3787 2468 3895 2536 τῆς

2318 2575 2522 2644 μιαρᾶς
2556 2570 2937 2642 ὑπερηφανίας
2975 2568 3213 2638 ἄρρητον
3240 2565 3340 2633 τῆς
3369 2561 3718 2632 βλασφημίας
3750 2559 3894 2612 ἀπόο

2315 2684 2470 2735 γονον
2503 2682 2516 2696 ·
2550 2664 2633 2717 διὸ
2666 2662 2962 2730 ἀναγκαῖον
2985 2659 3146 2713 αὑτὸν
3196 2657 3278 2721 εἰς
3314 2657 3476 2727 μέσον
3508 2653 3741 2725 ἀχθῆναι
3775 2666 3790 2679 ·
3827 2651 3892 2702 οὐ

2315 2760 2427 2830 γὰρ
2451 2757 2562 2812 τῶν
2591 2755 2886 2826 τυχόντων,
2916 2752 3053 2806 ἀλλά
3085 2767 3148 2818 γε
3199 2749 3289 2804 καὶ
3319 2747 3454 2802 πολὺ
3489 2745 3705 2806 πάντων
3737 2743 3897 2813 χαλε-

2239 2849 2258 2861 ”
2315 2852 2562 2922 πώτερος
2591 2847 2784 2918 ἐχθρὸς
2836 2846 2932 2899 καὶ
2962 2845 3218 2914 πολέμιος
3252 2841 3582 2910 καθέστηκε,
3616 2839 3711 2892 καὶ
3737 2837 3801 2890 τὸ
3823 2837 3893 2906 δὴ

2315 2942 2695 3014 χαλεπώτερον
2731 2940 2850 2993 οὐδὲ
2892 2937 3131 3009 εὐχερῶς
3157 2935 3530 3007 ἐκφρασθῖψαι
3559 2932 3654 2987 καὶ
3701 2930 3897 3000 ἐξομο-

2314 3037 2634 3108 λογηθῆναι,
2662 3035 2697 3103 ἢ
2733 3031 3146 3103 στηλιτευθῆναι
3197 3027 3552 3100 πνευματικῷ
3599 3025 3769 3097 ἰατρῷ
3800 3025 3898 3077 δυ-

2315 3133 2572 3200 νάμενος.
2621 3128 2712 3180 Διὸ
2760 3126 2854 3178 καὶ
2907 3121 3123 3184 πολλοῖς
3163 3119 3424 3184 πολλάκις
3455 3119 3766 3187 ἀπόγνωσιν
3790 3115 3895 3168 καὶ

2316 3222 2665 3278 ἀνελπιστίαν
2719 3219 3008 3288 ἐγέννησεν
3038 3232 3053 3244 -
3119 3213 3307 3286 ὥσπερ
3363 3210 3576 3282 σκώληξ
3618 3212 3676 3263 ὲν
3722 3207 3893 3278 ξύλῳ,

649 3290 828 3311 ιι---ηη
1023 3290 1030 3291 κ
1128 3290 1139 3300 .
1727 3290 1739 3296 -

649 3337 699 3388 ni
731 3332 922 3388 salutis
961 3343 1055 3398 spe
1083 3326 1320 3385 sublata,
1364 3320 1685 3375 inciderent.
1717 3317 1835 3370 Non
1871 3330 2030 3370 secus
2064 3314 2207 3367 enim

2317 3320 2496 3372 πᾶσαν
2547 3313 2723 3369 αὐτῶν
2776 3311 2874 3384 τὴν
2922 3309 3113 3364 ἐλπίδα
3162 3305 3521 3373 ἐξαναλώσας.
3561 3305 3590 3356 ὁ
3645 3301 3888 3363 ἀνόσιος.

648 3443 708 3479 ae
737 3424 918 3478 teredo
953 3421 1180 3488 lignum,
1214 3416 1284 3467 ita
1316 3429 1466 3483 spem
1495 3426 1710 3465 omnem
1761 3407 1922 3477 impia
1951 3406 2208 3461 absumit.

649 3520 751 3571 Ista
791 3533 918 3585 ergo
941 3517 1068 3575 ista,
1103 3509 1434 3566 exsecrantia
1484 3501 1821 3573 blasphemia
1857 3500 1997 3553 inter
2067 3497 2213 3566 ipsas

649 3625 831 3666 sacras
854 3622 1106 3679 synaxes,
1135 3612 1189 3656 et
1221 3601 1322 3655 sub
1355 3601 1524 3668 ipsam
1561 3598 1746 3649 horam
1782 3608 1888 3661 qua
1934 3588 2213 3644 trememla

651 3699 902 3771 mysteria
943 3693 1296 3749 Encharistim
1337 3698 1686 3758 peraguntur,
1723 3686 1863 3738 solet
1923 3679 2213 3733 Dominum

652 3791 830 3856 impiis
877 3785 1296 3858 cogitationibus
1358 3785 1648 3840 incessere,
1705 3775 1946 3843 adeoque
2005 3772 2215 3828 sacriﬁ-

647 3886 794 3937 cium
829 3883 1002 3950 ipsum
1035 3877 1280 3947 impiare.
1319 3872 1474 3927 linde
1503 3871 1663 3940 plane
1690 3865 2042 3934 intelligimus
2103 3864 2214 3926 illa,

653 3976 892 4038 infanda,
924 3972 1370 4040 incompreheusa
1408 3975 1461 4018 et
1498 3963 1661 4032 impia
1691 3958 2075 4030 cogitationum
2107 3970 2217 4008 ma-

653 4072 841 4122 ledicta
879 4067 931 4119 in
966 4066 1132 4118 Deum
1167 4078 1272 4116 non
1300 4061 1367 4114 ab
1397 4058 1576 4111 anima
1612 4063 1817 4116 nostra,
1853 4051 1947 4106 sed
1997 4051 2066 4104 ab
2119 4050 2216 4103 ho-

651 4171 732 4214 ste
785 4157 873 4211 Dei
900 4160 1142 4208 themone
1170 4168 1200 4207 e
1229 4151 1370 4205 cutlo
1397 4145 1650 4217 profugo,
1684 4143 1776 4196 ubi
1804 4156 2020 4210 quoque
2046 4138 2215 4192 Deum

649 4254 783 4308 diris
862 4246 1325 4305 exsecrationibus
1375 4243 1525 4296 visus
1607 4247 1690 4292 est
1736 4235 2043 4295 incessisse,
2091 4246 2218 4300 pro-

650 4345 837 4400 lieisci.
883 4342 938 4395 Si
992 4339 1134 4393 enim
1207 4334 1347 4388 foeda
1413 4343 1467 4387 et
1527 4331 1781 4385 indecora
1826 4325 2025 4379 mentis
2054 4323 2216 4377 verba

650 4449 769 4487 mea
828 4442 974 4495 sunt,
1041 4424 1334 4497 quomodo,
1373 4423 1502 4475 dum
1550 4419 1772 4474 cmlesle
1820 4414 1951 4469 illud
2013 4414 2215 4469 donum

651 4535 835 4581 sunto,
916 4518 1135 4587 supplex
1228 4511 1431 4567 adoro?
1509 4507 1781 4577 quomodo
1868 4505 2032 4560 simul
2092 4521 2218 4573 pos-

2315 3405 2483 3473 υῦτος
2496 3410 2695 3472 τοίνυν,
2713 3399 2864 3467 οὗτος
2892 3406 2920 3456 ὁ
2938 3401 3256 3472 παμμίαρος
3283 3398 3428 3468 φιλεῖ
3451 3394 3706 3456 πολλάκις
3754 3390 3896 3466 παρ’

2315 3504 2484 3565 αὑτὰς
2513 3501 2609 3563 τὰς
2643 3499 2801 3566 ἁγίας
2831 3496 3094 3559 συνάξεις,
3118 3494 3212 3546 καὶ
3239 3492 3360 3546 κατ’
3407 3488 3576 3558 αὐτὴν
3628 3487 3726 3556 τὴν
3762 3504 3896 3556 φρι-

2316 3595 2448 3665 κτὴν
2471 3593 2577 3645 τῶν
2606 3590 2916 3662 μυστηρίων
2937 3588 3084 3658 ὥραν
3115 3586 3414 3655 δυσφημεῖν
3440 3583 3529 3634 τὸν
3546 3579 3767 3650 Κύριον,
3791 3581 3894 3634 καὶ

2315 3687 2384 3738 τὰ
2410 3684 2703 3753 τελούμενα
2734 3683 2884 3749 ἅγια.
2938 3679 3102 3733 Ὅθεν
3138 3677 3371 3748 μάλιῒξτα
3415 3673 3509 3726 καὶ
3545 3672 3890 3743 μανθάνομεν

2317 3775 2503 3845 σαφῶς
2532 3775 2606 3846 μὴ
2635 3769 2799 3828 οὖσαν
2818 3773 2916 3844 τὴν
2942 3771 3214 3842 ἡμετέραν
3237 3768 3413 3840 ψυχὴν
3439 3767 3536 3838 τὴν
3554 3765 3623 3818 τὰ
3647 3765 3887 3833 ἄθεσμα,

2319 3871 2415 3923 καὶ
2449 3869 2810 3940 ἀκατάληπτα
2864 3867 3066 3930 ἐκεῖνα,
3117 3854 3211 3917 καὶ
3245 3862 3458 3934 ἀρῥητα
3489 3860 3647 3929 λόγια
3676 3856 3888 3912 ἔνδοθεν

2321 3961 2743 4032 φθεγξαμένην·
2793 3959 2929 4014 ἀλλὰ
2973 3958 3066 4011 τὸν
3122 3955 3368 4028 μισόθεον
3420 3954 3650 4023 δαίμονα
3681 3953 3771 4003 τὸν
3820 3951 3888 4003 ἐκ

2317 4056 2426 4108 τῶν
2448 4054 2692 4125 οὐρανῶν
2719 4052 3158 4125 δραπετεύσαντα
3191 4067 3207 4082 ο
3249 4048 3337 4102 διὰ
3361 4046 3422 4100 τὸ
3457 4046 3616 4100 κάκεῖ
3653 4045 3744 4096 τὸν
3771 4043 3886 4095 Κύ-

2321 4165 2435 4220 ριον
2471 4146 2814 4216 βλασφημίας
2855 4144 2933 4213 τῷ
2976 4141 3150 4195 δοκεῖν
3182 4137 3382 4208 βαλεῖν.
3423 4137 3486 4189 Εἰ
3533 4133 3645 4205 γὰρ
3682 4132 3804 4202 ἐμοὶ
3833 4135 3881 4186 οἱ

2319 4242 2544 4309 ἄσμενοι
2606 4232 2804 4291 ἐκεῖνοι
2848 4234 2942 4286 καὶ
2985 4231 3250 4300 ἀπρεπεῖς
3293 4227 3461 4296 λόγοι,
3493 4224 3606 4286 πῶς
3630 4222 3692 4276 τὸ
3715 4221 3888 4294 δῶρον

2318 4331 2608 4402 δεξάμενος
2646 4323 2976 4399 προσκυνῶ;
3026 4320 3150 4383 Πῶς
3187 4318 3446 4388 λοιδορεῖν
3505 4313 3601 4368 καὶ
3647 4311 3889 4380 εὐλογεῖν

2319 4424 2582 4493 δύναμαις
2627 4417 2859 4479 Πολλοὺς
2888 4417 2917 4468 ὁ
2948 4411 3196 4467 ἀπατεὼν
3229 4404 3384 4473 οὗτος
3410 4406 3504 4460 καὶ
3546 4405 3888 4475 ψυχοφθόρος

2324 4520 2403 4578 είς
2457 4516 2714 4568 ἔκστασιν
2763 4505 2976 4579 φρενῶν
3019 4500 3487 4576 ᾕγαγεὶπολλάκις
3516 4514 3531 4528 ·
3561 4495 3734 4560 οὐδεὶς
3773 4495 3884 4564 γὰρ

650 4630 766 4667 sum
799 4611 970 4665 eidem
1032 4618 1086 4660 et
1147 4608 1284 4659 male
1339 4613 1392 4657 et
1466 4597 1815 4654 benedicere?
1874 4596 2071 4650 Multos
2131 4596 2213 4649 ille

2323 4610 2508 4679 ἕτερος
2558 4600 2816 4672 λογισμὸς
2864 4597 3036 4659 οὕτως
3095 4592 3570 4662 δυσεξαγόρευτος,
3615 4586 3692 4650 ῶς
3721 4584 3885 4640 αὐτὸς

651 4702 814 4776 299
834 4710 1100 4755 veterator
1131 4709 1184 4749 et
1216 4697 1518 4748 animarum
1537 4688 1777 4760 perditor
1806 4702 1947 4757 sazpe
1971 4688 2038 4742 de
2071 4697 2216 4742 statu

651 4796 847 4849 utentis
879 4791 1088 4860 deiecit.
1135 4785 1292 4838 Nulla
1332 4786 1476 4837 enim
1507 4783 1610 4836 alia
1639 4779 1895 4848 cogitatio
1939 4787 2046 4830 tam
2077 4793 2218 4848 regre

650 4904 812 4958 quam
869 4887 983 4939 ιιωω
1033 4879 1379 4949 blasphemiae
1413 4877 1672 4943 aperitur.
1708 4875 1891 4942 Itaque
1933 4886 2071 4937 saepe
2093 4885 2215 4923 eum

651 4981 835 5036 multis
891 4978 1077 5030 clausa
1125 4975 1272 5026 intus
1330 4966 1634 5023 consenuit.
1696 4964 1838 5019 Nihil
1900 4963 2044 5017 enitn
2085 4963 2218 5014 adeo

651 5077 958 5127 dannonnm
982 5078 1034 5120 et
1067 5066 1452 5133 cogitationum
1492 5061 1777 5129 impiarum
1805 5058 2064 5111 adversus
2119 5070 2216 5108 nos

652 5168 760 5217 vim
788 5172 963 5233 auget,
998 5151 1158 5226 atduc
1199 5159 1295 5210 has
1346 5158 1399 5209 in
1453 5153 1618 5208 corde
1662 5150 1849 5227 tacitas
1907 5147 2114 5202 nutrire
2165 5153 2220 5200 et

653 5257 846 5309 celare.
888 5252 1056 5305 Nemo
1092 5266 1149 5304 se
1185 5256 1399 5317 propter
1447 5242 1819 5315 hujuscemodi
1870 5240 2219 5309 blasphemiae

654 5347 1007 5415 cogitationes
1048 5359 1197 5396 reum
1252 5339 1363 5393 lieri
1401 5348 1495 5390 aut
1531 5349 1756 5406 peccare
1783 5334 2074 5398 existimet,
2122 5348 2220 5386 no-

652 5441 728 5492 vit
756 5437 897 5489 enim
931 5435 1172 5488 cordium
1204 5432 1452 5501 cognitor
1481 5429 1620 5487 Deus
1672 5442 1778 5481 non
1837 5437 2070 5489 nostras,
2123 5427 2216 5481 sed

654 5529 888 5582 hostium
926 5533 1232 5577 nostrorum
1269 5537 1390 5576 esse
1421 5520 1686 5587 ejusmodi
1715 5516 2090 5586 cogitationes.
2150 5517 2220 5572 Ut

654 5618 886 5671 ebrietas
942 5623 1026 5668 est
1077 5628 1241 5666 causa
1293 5628 1394 5667 cur
1435 5609 1697 5673 olIendas,
1731 5610 1800 5661 ita
1829 5608 2078 5675 superbia
2113 5609 2216 5662 im-

656 5713 862 5777 piarum
895 5708 1300 5776 cogitationum.
1349 5707 1411 5759 lit
1451 5705 1700 5771 quamvis
1739 5700 2058 5754 0Hendcndo
2109 5717 2216 5755 non

655 5819 860 5871 recres.
892 5798 1127 5863 puniet-is
1151 5807 1326 5849 tamen
1403 5803 1622 5865 propter
1678 5792 2016 5847 ebrietatem.
2075 5790 2213 5846 Dum

635 5959 637 5962 ⁴
727 5959 799 6019 tui
834 5937 946 6007 Sub
976 5956 1164 6006 eodem
1199 5967 1289 6021 gra
1315 5957 1390 6003 in.

2322 4699 2624 4768 καθέστηκε
2657 4711 2669 4724 ·
2702 4692 2781 4746 διὸ
2813 4689 3066 4752 πολλάκις
3080 4689 3191 4749 τοῖς
3207 4683 3416 4746 πολλοῖς
3447 4681 3540 4734 καὶ
3580 4678 3883 4748 συνετήρα’

2320 4809 2412 4844 σεν
2453 4790 2550 4862 [αι.
2590 4781 3052 4854 συγγεγήρακεν1.
3085 4779 3251 4832 Οὐδὲν
3276 4775 3385 4844 γὰρ
3428 4775 3603 4837 οὕτως
3630 4776 3739 4834 τοῖς
3764 4768 3882 4822 δαί-

2323 4902 2446 4956 μοσι
2494 4885 2590 4936 καὶ
2645 4883 2754 4941 τοῖς
2781 4878 3085 4950 λογισμοῖς,
3135 4871 3285 4939 ἰσχὺν
3312 4868 3431 4922 καθ’
3456 4869 3612 4940 ἡμῶν
3646 4867 3877 4925 δίδωσιν,

2317 4978 2391 5038 ὡς
2419 4976 2480 5027 τὸ
2513 4973 2736 5029 τούτους
2783 4965 3238 5035 ἀνεξαγορεύτους
3285 4962 3342 5014 ἐν
3388 4964 3456 5031 τῇ
3508 4958 3706 5028 καρδία
3747 4955 3882 5008 σιτί-

2319 5069 2505 5132 ζεσθαι
2559 5067 2654 5121 καὶ
2707 5056 3199 5128 ἀποκρύπτεσθαι·
3263 5053 3449 5126 μηδεὶς
3487 5053 3580 5117 ἐπὶ
3606 5051 3883 5118 λογισμοῖς

2321 5160 2670 5232 βλασφημίας
2698 5153 2862 5209 αὑτὸν
2916 5152 3086 5206 αἴτιον
3130 5145 3268 5201 εἶναι
3308 5145 3578 5215 λογίσοιτο
3607 5159 3622 5173 ·
3666 5142 3879 5211 καρδιο·

2317 5251 2562 5322 γνὼστης
2610 5247 2719 5317 γάρ
2753 5249 2901 5300 ἐστιν
2954 5245 2983 5295 ό
3035 5239 3258 5311 Κύριος,
3307 5238 3401 5294 καὶ
3436 5235 3747 5308 ἐπίσταται,
3784 5233 3881 5303 οὐχ

2321 5340 2496 5408 ἡμῶν,
2540 5336 2677 5391 ἀλλά
2700 5335 2809 5386 τῶν
2835 5328 3044 5402 ἐχθρῶν
3069 5329 3226 5399 ἡμῶν
3253 5326 3392 5383 εἶναι
3417 5325 3485 5379 τὰ
3520 5322 3746 5377 τοιαῦτα
3789 5323 3880 5393 ῥή-

2323 5449 2488 5502 ματα.
2535 5430 2608 5483 Τὸ
2665 5427 2883 5498 μεθύειν
2933 5423 3216 5476 αἴτιοντοῦ
3253 5418 3608 5492 προσκόπτειν
3636 5433 3650 5447 ·
3685 5418 3775 5469 καὶ
3817 5415 3882 5467 τὸ

2321 5520 2854 5596 ὑπερηφανεύεσθαι,
2919 5517 3090 5584 αἴτιον
3121 5517 3229 5569 τῶν
3283 5510 3549 5582 ἀπρεπῶν
3587 5507 3877 5578 λογισμῶν.

2321 5619 2414 5669 καὶ
2454 5621 2518 5670 ἐκ
2556 5617 2654 5686 μὲν
2684 5611 2780 5665 τοῦ
2813 5611 3180 5680 προσκόπτειν
3209 5604 3450 5666 ἀναίτιος
3487 5604 3518 5656 ό
3547 5600 3876 5674 προσκόψας,

2314 5711 2378 5761 ἐκ
2399 5711 2456 5762 δὲ
2490 5710 2584 5762 τοῦ
2616 5701 2835 5776 μεθύειν
2860 5701 3077 5764 πάντως
3107 5695 3569 5770 τιμωρηθήσεται.
3603 5695 3691 5748 Ἐν
3711 5707 3879 5762 προσ-

2315 5801 2446 5868 ευχῇ
2516 5793 2819 5851 σταθέντων
2866 5791 3023 5860 ἡμῶν
3068 5791 3116 5841 οἱ
3166 5783 3466 5857 ἀκάθαρτοι
3521 5786 3615 5839 καὶ
3655 5782 3880 5853 ᾶρῤῃτρι
