4030 6342
184 399 286 467 981

1141 393 1379 469 'SCALA
1415 412 1786 473 PARADISI.
1806 437 1874 447 -
1894 414 2197 473 GILADUS
2228 414 2413 472 XXIV
2562 478 2565 481 ,
3184 464 3185 467 η
3297 412 3401 473 982

180 522 366 573 αὐτου
386 536 399 549 ·
432 518 683 587 ἀφέσεως
712 516 967 586 πρόξενος
994 535 1007 549 ⁸
1039 521 1322 590 παρρησία
1363 524 1419 573 ἐν
1439 525 1711 592 προσευχῇ
1737 543 1747 555 ·

1856 524 2078 604 tientire,
2133 524 2413 578 charitatis
2466 522 2653 589 janua,
2708 521 2818 573 imo
2870 536 2997 575 vero
3037 536 3249 590 parens,
3279 541 3375 591 μνη

182 611 495 683 Ιῐνεὺματος
521 611 677 679 ἁγίου
711 610 905 681 χωρίον
927 628 939 640 ·
984 608 1111 665 Ἐπὶ
1156 614 1324 679 τίνας
1373 614 1481 682 γὰρ
1510 615 1746 667 ἐπιϐλέη

176 708 297 769 ψω,
322 703 460 755 ἀλλ’
488 700 527 768 ἧ
566 700 798 752 ἐπὶτῶν
839 698 1032 768 πρᾶον
1078 701 1175 754 καὶ
1224 702 1486 771 ἡσύχιον
1507 719 1525 765 ;
1569 705 1749 773 Πραΰ-

177 806 275 856 της
307 789 554 864 ὑπακοῆς
586 790 862 860 συνεργὸς,
913 789 1270 858 ἁδελφότητος
1303 793 1516 861 ὁδηγὸς,
1545 810 1736 861 μαινοο

181 882 358 951 μένων
398 882 630 951 χαλινὸς,
670 882 1026 951 θυμουμένων
1071 884 1301 954 ὲκκοπή,
1332 886 1425 937 καὶ
1449 890 1623 955 χαρᾶς
1653 904 1744 955 χο-

181 971 369 1040 ρηγὸς,
398 970 632 1041 Χριστοῦ
672 972 917 1042 μίμημα,
951 972 1199 1040 ἀγγέλων
1226 974 1440 1045 ἰδίωμα,
1472 976 1743 1046 δαιμόνων

175 1057 395 1128 δεσμὸς,
437 1060 530 1114 καὶ
582 1062 806 1129 πικρίας
858 1060 1067 1130 θυρεός.
1114 1063 1203 1116 Ἐν
1245 1066 1495 1135 καρδίαις
1526 1068 1744 1137 πραέων

176 1150 617 1205 ὲπαναπαὺσεται
666 1151 904 1222 Κύριοςο
946 1153 1092 1225 ψυχὴ
1162 1154 1218 1207 δὲ
1266 1158 1585 1227 ταραχώδης
1628 1158 1741 1211 δια-

177 1239 334 1292 ϐόλου
362 1240 620 1311 καθέδρα.
652 1245 713 1294 Ol
744 1241 953 1309 πραεῖς
1010 1240 1543 1313 κληρονομήσουσι
1585 1246 1701 1315 γῆν
1724 1266 1738 1277 ·

180 1330 382 1400 μᾶλλον
405 1332 463 1384 δὲ
503 1332 995 1402 κατακυριεύσουσι
1029 1334 1133 1403 γῆς
1162 1352 1176 1364 ·
1207 1338 1511 1405 μεμηνότες
1546 1338 1601 1390 δὲ
1644 1338 1739 1391 ἄν·

175 1422 300 1494 δρες
353 1422 741 1493 ἑκπορθοῦνται
788 1426 895 1477 ἀπὸ
942 1427 1042 1496 γῆς
1093 1427 1293 1480 αὑτῶν.
1346 1429 1505 1499 Ψυχὴ
1540 1434 1740 1501 πραεῖα

179 1512 366 1582 θρόνος
398 1513 696 1585 ἁπλότητος
716 1530 729 1543 ’
769 1510 892 1579 νοῦς
924 1515 1007 1568 -δὲ
1026 1516 1248 1585 ὀργίλος
1286 1518 1612 1589 δημιουργὸς
1642 1539 1739 1575 πο-

176 1606 384 1674 νηρίας.
418 1606 581 1677 Ψυχή
634 1606 771 1676 ἡπία
816 1610 1054 1679 χωρήσει
1083 1610 1270 1678 λόγους
1316 1612 1525 1679 σοφίας,
1577 1615 1741 1683 Ὀδη-

178 1696 353 1765 ¹γήσί-τι
384 1698 494 1768 γὰρ
537 1698 747 1768 Κύριος
769 1699 974 1766 πραεῖς
1005 1701 1074 1751 ἐν
1100 1702 1313 1769 κρίσει,
1342 1705 1538 1772 μᾶλλον
1574 1706 1631 1759 δὲ
1682 1710 1739 1760 ἐν

176 1789 468 1859 διακρίσει.
524 1790 682 1861 Ψυχὴ
706 1790 867 1860 εὑθής
896 1792 1121 1863 σύμϐιος
1149 1795 1556 1862 ταπεινώσεως·
1601 1804 1631 1869 ή
1680 1800 1736 1852 δὲ

1860 616 2048 669 dentim
2090 624 2465 687 argumentum
2510 630 2522 664 :
2575 612 2783 668 Docebit
2816 614 2981 674 enim,
3020 614 3192 682 inquit
3229 612 3402 666 Domi-

1856 717 1977 764 nus,
2033 704 2182 755 mites
2214 703 2322 755 uias
2353 718 2475 755 suas
2498 705 2518 733 ¹
2544 717 2558 755 :
2593 702 2929 771 procurati-ix
2954 702 3125 755 venia:
3154 715 3401 770 pecrato-

1853 805 1995 852 rum,
2056 789 2246 843 ﬁducia
2302 790 2354 843 in
2402 790 2671 859 precibus,
2727 788 2959 855 Spiritus
2981 791 3147 843 sancti
3178 789 3403 842 domici-

1852 882 2015 936 lium:
2071 881 2239 951 Super
2264 898 2392 951 quos
2438 881 2574 934 enim
2602 881 2895 949 respiciam,
2933 881 3034 933 nisi
3058 897 3210 948 super
3260 898 3407 933 mau—

1852 971 2060 1026 suetum
2093 982 2142 1026 et
2167 974 2399 1041 quietum
2423 971 2488 1025 '1'
2516 971 2870 1026 Mansuetudo
2888 981 2971 1026 est
2988 971 3223 1039 adjutrix
3277 973 3408 1025 obe—

1850 1064 2083 1127 dientiau
2105 1066 2211 1117 dux
2240 1064 2499 1132 religiosa:
2531 1064 2827 1129 societatis,
2854 1062 3141 1120 furentium
3174 1062 3404 1120 frenum.

1850 1155 2198 1209 irascentium
2251 1153 2685 1225 [iracundomm
2729 1154 2748 1225 ]
2798 1154 3085 1223 expultrix,
3152 1154 3407 1223 magistra

1849 1246 2053 1317 gaudii,
2110 1247 2367 1300 imitatrix
2408 1245 2626 1310 Christi,
2671 1246 2906 1300 coalitum
2936 1244 3257 1313 proprietas,
3286 1243 3406 1294 vin-

1851 1341 2035 1408 culum
2070 1350 2123 1393 et
2162 1340 2335 1393 nodus
2367 1338 2691 1400 dzemonnm,
2719 1345 2932 1391 scutum
2964 1340 3218 1389 adversus
3260 1334 3417 1387 ama-'

1847 1432 2142 1485 ritudinem
2170 1446 2261 1484 seu
2296 1430 2461 1483 animi
2496 1429 2859 1482 acerbitatem.
2896 1427 2948 1479 In
2990 1427 3237 1479 cordibus
3260 1440 3409 1476 man-

1848 1534 2121 1579 suetornm
2175 1523 2477 1591 requiescet
2530 1520 2806 1573 Dominus.
2844 1520 3036 1572 Anima
3068 1530 3248 1573 autem
3284 1526 3405 1569 tnr-

1847 1618 2066 1673 bulenta
2128 1615 2287 1669 nidus
2362 1624 2446 1669 est
2496 1614 2727 1669 diaboli:
2792 1611 2947 1665 Miles
3033 1612 3411 1668 hereditatium

1850 1724 2045 1767 terram
2072 1713 2114 1774 ⁵,
2186 1712 2268 1765 vel
2316 1712 2495 1780 potius
2548 1710 2974 1764 dominabuntur
3006 1709 3186 1770 terris,
3228 1702 3413 1759 furiosi

1849 1816 2029 1861 autem
2058 1803 2561 1858 exterminahuntur
2593 1817 2622 1855 a
2657 1802 2813 1856 terris
2865 1801 3000 1854 suis.
3037 1799 3223 1851 Anima
3264 1812 3416 1848 man-

179 1882 392 1951 πονηρὰ
423 1884 790 1953 ὑπερηφανίας
820 1886 1013 1948 νεανίς.
1037 1886 1223 1956 Ψυχαὶ
1253 1890 1473 1959 πραέων
1497 1891 1745 1965 πλησθή-

1854 1908 2002 1953 sueta
2060 1905 2143 1951 est
2189 1896 2461 1950 thalamus
2523 1892 2917 1963 simplicitatis:
2971 1892 3184 1944 animus
3235 1902 3415 1940 autem

181 1987 363 2024 σονται
380 1970 632 2038 γνώσεως
659 1988 670 1999 ·
701 1972 954 2049 θυμώδης
978 1975 1032 2027 δὲ
1061 1977 1183 2039 νοῦς
1203 1978 1427 2041 σκότους
1448 1981 1540 2032 καὶ
1569 1983 1744 2047 ἀγνωο

180 2062 301 2127 σίας
331 2062 599 2127 σύνοικος.
645 2064 910 2135 Θυμώδης
963 2068 1055 2119 καὶ
1105 2068 1267 2137 εἴρων
1295 2069 1543 2139 ἀλλήλοις
1574 2073 1744 2141 ὑπήν-

179 2171 349 2226 τησαν
392 2154 468 2225 (3)
494 2170 508 2183 '
543 2156 634 2208 καὶ
659 2156 760 2208 οὑκ
808 2148 895 2228 ἦν⁸
918 2157 1095 2227 εὑρεῖν
1133 2159 1290 2227 λόγον
1336 2160 1465 2230 εὑοῆ
1499 2163 1555 2213 ὲν
1580 2162 1748 2214 διαλέ-

180 2246 259 2311 ξει
291 2246 494 2301 αὑτῶν.
543 2246 884 2312 Ἀναπτὺξας
926 2248 1021 2319 τὴν
1067 2250 1293 2321 καρδίαν
1325 2252 1416 2304 τοῦ
1458 2255 1743 2325 προτέρου,

176 2340 437 2409 εὑρήσεις
479 2339 693 2409 μανίαν,
743 2342 840 2409 τὴν
900 2341 955 2394 δὲ
984 2341 1076 2394 τοῦ
1104 2343 1357 2413 δευτέρου
1390 2344 1567 2415 ψυχὴν
1595 2349 1747 2417 ἐρευ-

177 2432 368 2501 νήσας,
429 2430 727 2501 θεωρήσεις
780 2433 1063 2502 πονηρίαν.
1123 2433 1384 2505 Ἀπλότης
1441 2437 1587 2488 ἐστὶν
1636 2436 1748 2500 ἓξις

175 2523 351 2593 ψυχῆς
377 2523 657 2587 ἀποίκιλος
692 2524 791 2595 (4),
830 2524 963 2594 πρὸς
1006 2526 1291 2578 κακόνοιαν
1325 2528 1588 2599 γενομένη
1625 2532 1747 2583 ἀκί-

177 2632 358 2684 νητος.
390 2616 632 2686 Πονηρία
668 2616 813 2668 ἐστὶν
836 2616 1134 2683 ἐπιστήμη,
1186 2616 1382 2685 μᾶλλον
1410 2617 1465 2669 δὲ
1502 2620 1748 2688 ἀσχημο-

178 2707 312 2777 σύνη
333 2704 708 2777 δαιμονιώδης,
731 2707 985 2775 ἀληθείας
1012 2708 1467 2777 ἀποστερηθεῖσα.
1501 2710 1592 2762 καὶ
1622 2712 1748 2773 τοὺς

174 2799 407 2861 πολλοὺς
427 2798 705 2851 λανθάνειν
727 2798 977 2851 δοκοῦσα.
1018 2799 1336 2869 ’Υπόκρισίς
1356 2801 1471 2853 ἐστι
1492 2801 1748 2871 σώματος

179 2888 275 2942 καὶ
319 2887 502 2958 ψυχῆς
538 2891 752 2942 ἐναντία
811 2890 1139 2953 κατάστασις
1198 2891 1459 2955 ἐπινοίαις
1513 2893 1751 2956 ἀπάσαις

178 2979 609 3050 ἐμπεπλεγμένη
636 2997 649 3011 ⁸
692 2979 899 3033 ἀκακία
946 2981 1094 3032 ἐστὶν
1148 2979 1307 3049 ἱλαρὰ
1354 2981 1532 3052 ψυχῆς
1575 2982 1745 3035 κατά-

181 3088 373 3135 στασις
399 3072 641 3134 ἐπινοίας
675 3073 856 3142 πάσης
877 3072 1296 3144 ἀπηλλαγμένη.
1332 3074 1579 3144 Εὑοὺτης
1603 3076 1751 3128 ἐστὶν

180 3162 511 3235 ἀπερίεργος
550 3164 746 3228 ἔννοια,
795 3166 1081 3217 ἀνόθευτον
1128 3160 1260 3233 ἦθος
1334 3166 1432 3234 (α),
1477 3168 1751 3230 ἄπλαστος

180 3253 278 3304 καὶ
311 3251 905 3323 ἀπροκατασκεὺαστος
948 3251 1137 3317 λόγος·
1186 3252 1458 3320 ἀπόνηρός
1504 3256 1621 3305 ἐστι
1661 3273 1751 3307 κα-

181 3344 328 3413 θαρὰ
386 3345 549 3412 φύσις
589 3342 789 3413 ψυχῆς,
833 3343 907 3406 ὡς
946 3342 1153 3409 πέφυκε
1204 3344 1485 3397 κτισθεῖσα
1531 3347 1631 3408 τὰς
1667 3350 1756 3399 ὲν-

181 3435 393 3513 τεὺξειις
423 3435 559 3504 πρὸς
602 3435 807 3499 πάντας
838 3434 1159 3505 ποιουμένη.
1206 3436 1443 3506 Πονηρία
1484 3438 1633 3491 ἐστὶν
1673 3440 1756 3491 εὑο

185 3509 415 3598 ostiis;
443 3527 730 3601 ἐναλλαγὴ,
766 3522 1153 3597 πεπλανημένη
1189 3526 1364 3581 ἔννοια
1390 3544 1404 3557 ·
1437 3528 1753 3600 οἰκονομίας

185 3608 522 3690 ψΐυδομένητ
558 3620 945 3689 κεκολασμένοι
976 3619 1244 3689 (ὸ)ὂρκοι,
1267 3618 1751 3690 συμπεπλεγμένοι

186 3709 375 3779 λόγοι·
431 3710 589 3780 βυθὸς
643 3712 891 3781 καρδίας,
940 3711 1172 3773 ἄϐυσσος
1218 3711 1392 3776 δόλου,
1445 3714 1758 3783 πεποιωμέ-

187 3817 282 3854 νον
330 3799 563 3869 ψεῦδος,
614 3800 816 3869 φυσικὴ
869 3800 1053 3852 λοιπὸν
1115 3798 1329 3869 οἴησις,
1380 3799 1761 3861 ταπεινώσεως

189 3892 508 3955 ἀντίπαλος,
563 3891 849 3961 μετανοίας
901 3892 1217 3960 ὑπόκρισις,
1279 3892 1508 3955 πένθους
1561 3909 1759 3961 μικρυ-

192 3984 333 4056 σμὸς
373 4024 389 4048 ,
434 3984 871 4055 ὲξομολογήσεως
930 3981 1098 4053 ἔχθρα
1130 4023 1144 4046 ,
1203 3982 1703 4052 ίδιογνωμόρυθμος
1742 4020 1756 4043 ,

194 4078 505 4148 πτωμάτων
556 4077 847 4148 πρόξενος,
906 4075 1254 4138 ἀναστάσεως
1338 4073 1612 4136 ἁντίθετος
1663 4073 1761 4144 (5),

194 4167 412 4240 ὕϐρεων
454 4170 791 4239 μειδιασμὸς,
841 4168 1258 4238 μεμωραμμένη
1311 4167 1603 4235 κατήφεια,
1641 4166 1755 4219 ὲπίο

198 4259 439 4324 πλαστος
462 4261 739 4321 εὑλάόεια,
766 4258 1123 4335 δαιμονιώδης
1158 4258 1292 4327 βίος.

1853 1990 2146 2045 iracundus
2178 1996 2262 2043 est
2294 1988 2620 2042 architectus
2652 1984 3030 2054 improbitatis.
3061 1982 3203 2034 Mitis
3237 1980 3416 2032 anima

1848 2082 2023 2150 capiet
2052 2082 2215 2135 verba
2244 2080 2539 2150 sapientiae,
2570 2076 2731 2149 304
2766 2076 2965 2146 Diriget
2995 2074 3135 2128 enim
3168 2073 3421 2124 Dominus

1849 2182 2150 2225 mansuetos
2182 2174 2235 2224 in
2264 2172 2467 2236 iudicio
2497 2171 2539 2232 ⁸,
2576 2170 2683 2222 imo
2707 2170 2759 2221 in
2787 2162 3107 2223 discretione
3141 2181 3230 2217 seu
3290 2179 3419 2231 pru-

1848 2264 2049 2318 dentia.
2100 2264 2293 2317 Anima
2327 2264 2538 2317 sincera
2571 2270 2624 2316 et
2665 2270 2813 2314 recta
2884 2273 2966 2315 est
3020 2259 3421 2313 contubernalis

1851 2348 2212 2413 humilitatis;
2272 2347 2513 2416 improba
2569 2360 2696 2398 vero
2754 2354 2834 2397 est
2880 2344 3145 2412 superbia:
3200 2342 3412 2394 ancilla.

1850 2440 2058 2494 Animae
2114 2449 2523 2493 mansuetorum
2579 2435 2943 2504 implebuntur
3010 2433 3257 2496 scientia,
3306 2431 3417 2482 ira-

1850 2532 2065 2586 cundus
2090 2546 2215 2585 vero
2244 2529 2459 2583 animus
2490 2526 2673 2581 socius
2701 2534 2754 2578 et
2775 2525 3101 2578 domesticus
3130 2534 3209 2576 cst
3249 2521 3424 2574 noctis

1851 2623 1870 2693 [
1901 2622 2149 2692 caliginis
2177 2620 2197 2692 ]
2230 2630 2285 2674 et
2316 2619 2649 2689 ignorantiae.
2681 2616 2814 2671 Cum
2852 2615 3144 2667 iracundus
3192 2624 3241 2665 et
3264 2613 3423 2664 dissi-

1857 2713 2090 2767 mulator
2136 2711 2240 2766 sibi
2307 2719 2497 2765 mutuo
2555 2709 2942 2770 occurrissent,
3013 2707 3155 2759 nulla
3214 2705 3423 2757 sincera

1850 2803 2244 2858 sermocinatio
2306 2810 2517 2871 poterat
2582 2802 2722 2855 inter
2776 2800 2895 2852 illos
2924 2800 3055 2852 fieri.
3095 2797 3149 2849 Si
3186 2812 3276 2849 cor
3312 2796 3420 2847 ira-

1849 2896 2013 2950 cundi
2043 2896 2417 2964 explicaveris,
2450 2896 2820 2963 deprehendes
2850 2892 3113 2947 insaniam
3147 2910 3157 2944 :
3188 2893 3229 2943 si
3260 2891 3419 2943 dissi—

1852 2986 2138 3039 niulatoris
2198 2986 2437 3039 animum
2500 2986 2877 3053 perscrutcris,
2901 2983 3106 3035 videbis
3142 2981 3424 3033 malitiam.

1855 3079 2185 3148 Simplicitas
2236 3088 2320 3133 est
2372 3078 2587 3132 habitus
2614 3077 3050 3145 animaaniinime
3081 3075 3280 3134 varius,
3309 3087 3430 3123 mn‘

1860 3171 1946 3223 nis
1978 3184 2244 3238 perversae
2272 3168 2617 3236 cogitationis
2645 3181 2856 3233 expers.
2891 3164 3091 3216 Malitia
3123 3176 3199 3217 cst
3250 3163 3427 3216 scien-

1861 3264 1967 3328 tia;
1995 3262 2075 3315 vel
2110 3263 2291 3330 potius
2323 3262 2340 3329 (
2373 3271 2429 3314 ut
2464 3261 2532 3313 ita
2560 3260 2790 3329 loquar)
2817 3259 3081 3311 diabolica
3129 3257 3429 3309 indecentia
3501 3258 3511 3269 ’

1857 3370 1952 3407 seu
2004 3354 2281 3420 turpitudo
2336 3351 2561 3405 veritate
2614 3351 2889 3410 destituta,
2934 3366 3053 3417 quae
3092 3348 3191 3401 sibi
3227 3350 3432 3401 videtur

1864 3444 2001 3497 alios
2032 3442 2327 3508 nequitiam
2368 3456 2521 3494 suam
2552 3440 2724 3494 celare
2749 3455 2929 3508 posse.
2985 3439 3295 3509 llyporrisis
3354 3448 3436 3491 est

1858 3533 2168 3587 contrarius
2225 3532 2470 3602 corporis
2530 3542 2584 3586 et
2636 3534 2829 3585 anima:
2859 3541 3031 3585 status
3060 3532 3203 3582 muni
3239 3548 3434 3599 genere

1855 3634 2285 3679 commentorum
2344 3625 2647 3694 perplexus.
2718 3627 3021 3680 Innocentis
3095 3634 3175 3677 cst

1857 3718 2051 3771 anima:
2105 3718 2464 3784 tranquillitas
2521 3719 2589 3771 ab
2631 3720 2777 3771 omni
2824 3731 3075 3785 perversa
3111 3714 3438 3782 cogitatione

1862 3814 2097 3861 remota.
2156 3805 2444 3859 Rectitudo
2496 3823 2589 3860 seu
2645 3816 2825 3859 rectus
2852 3806 3064 3858 animus
3093 3814 3195 3865 cst,
3224 3804 3315 3871 qui
3348 3819 3439 3855 su-

1863 3910 2199 3966 pervacanea
2258 3906 2311 3951 et
2364 3897 2578 3949 curiosa
2627 3896 2952 3964 cogitatione
3017 3905 3188 3959 Vacat,
3232 3894 3439 3947 indoles

1863 3985 2120 4056 sincera[
2154 3987 2349 4041 sinceri
2391 4002 2567 4039 mores
2596 3986 2614 4056 ]
2644 3995 2696 4039 ct
2728 4002 2834 4039 non
2884 3986 3204 4048 adulterata,
3262 4001 3441 4037 sermo

1874 4092 1980 4130 non
2036 4076 2216 4141 ﬁctus,
2267 4092 2367 4130 nec
2396 4078 2446 4130 in
2480 4075 2721 4131 fraudem
2746 4078 3149 4146 pranneditalus
3172 4085 3263 4127 aut
3295 4078 3444 4129 luca—

1874 4178 1980 4222 tus.
2042 4167 2156 4221 Non
2207 4171 2510 4224 malitiosus
2554 4178 2656 4231 est,
2704 4169 2795 4237 qui
2829 4178 2983 4238 prout
3023 4179 3209 4220 natura
3250 4169 3445 4221 anima:

1873 4276 2005 4329 pure
2059 4262 2278 4316 condita
2342 4273 2443 4324 est,
2501 4277 2623 4315 cum
2650 4261 2903 4315 omnibus
2935 4261 3142 4333 sincere
3175 4257 3229 4313 et
3256 4268 3445 4328 aperte

3249 3640 3438 3677 Ξυιύηἱὶ

199 4355 313 4426 agit
340 4364 683 4411 etversatur.
719 4351 918 4407 Malitia
958 4360 1096 4407 esta
1165 4367 1292 4405 vero
1353 4359 1408 4404 et
1467 4359 1613 4405 recto
1661 4351 1843 4406 animo
1881 4367 1972 4407 seu
2029 4355 2350 4408 rectitudine
2411 4354 2620 4407 detorta
2689 4353 3032 4423 perversitas,
3102 4350 3445 4407 fraudulenta

199 4466 382 4517 mens,
434 4450 690 4504 ementita
747 4456 800 4502 et
852 4446 988 4499 victa
1022 4445 1234 4497 vivendi
1278 4444 1439 4506 ratio,
1466 4442 1772 4510 iuramenta
1812 4446 1991 4515 pomis
2058 4448 2290 4501 obnoxia
2357 4462 2454 4501 seu
2493 4446 2647 4511 falsa,
2687 4448 2851 4501 verba
2902 4455 3151 4515 perplexa
3180 4454 3232 4499 et
3261 4447 3444 4509 dubia,

200 4562 299 4602 cor
322 4524 524 4601 tectum
573 4553 628 4599 et
683 4542 1033 4614 profundum,
1098 4540 1255 4593 dolus
1309 4537 1469 4607 305
1540 4538 1681 4593 altus
1724 4549 1775 4593 et
1850 4540 2357 4611 incomprehensus,
2442 4542 2781 4597 mendacium
2826 4541 2938 4609 jam
3002 4539 3367 4592 modiﬁcatum
3395 4523 3447 4591 et

198 4648 549 4709 usurpatum,
599 4644 784 4691 tumor
829 4636 955 4690 inde
1000 4634 1110 4703 jam
1150 4631 1319 4687 animi
1351 4632 1637 4692 naturalis,
1707 4633 1881 4689 hostis
1908 4671 1915 4675 α
1946 4634 2285 4698 humilitatis,
2353 4635 2628 4690 simulatio
2666 4634 3013 4705 poenitentiae,
3086 4632 3443 4702 fuga'luctus.

200 4734 428 4789 inimica
470 4729 851 4796 confessionis,
900 4730 1144 4798 pertinax
1198 4741 1307 4781 suae
1365 4725 1650 4779 sententite
1722 4728 2102 4797 propugnatio.
2167 4728 2528 4797 spiritualium
2600 4727 2877 4780 ruinarum
2949 4725 3218 4787 ministra,
3258 4722 3441 4775 adver-

201 4827 351 4883 saria
394 4821 789 4880 emendationis
850 4836 944 4877 seu
1003 4819 1271 4891 religiosae
1326 4815 1771 4881 resurrectionis,
1848 4820 2297 4875 contumeliarum
2358 4822 2619 4891 (virtutis
2692 4834 2857 4873 causa
2919 4815 3315 4880 toleraturum)
3359 4814 3433 4865 ir—

203 4922 341 4979 risio
370 4935 463 4976 seu
486 4918 777 4979 cavillatio,
806 4918 970 5013 stulta
990 4925 1044 4972 et
1080 4916 1327 4971 affectata
1351 4912 1568 4968 tristitia
1595 4909 1615 4984 [
1654 4913 1957 4988 gravitas],
1995 4918 2114 4971 ticta
2142 4916 2353 4986 religio,
2406 4915 2670 4971 diabolica
2702 4913 2830 4967 vita.

275 5037 521 5109 Πονηρός
560 5040 676 5090 ἐστι
704 5003 959 5105 διαϐόλοιή
998 5034 1312 5106 συνώνυμος
1349 5032 1443 5087 καὶ
1472 5030 1747 5101 συνόμιλος

1854 5014 2055 5068 >Malus
2091 5022 2174 5069 est
2230 5013 2573 5085 cognominis
2620 5011 2882 5065 daemonis
2929 5019 2982 5063 et
3025 5004 3325 5059 familiaris.
3372 5003 3447 5057 Ita

205 5131 298 5185 Διὸ
328 5095 657 5200 καίίὡριος
702 5127 874 5191 οὕτως
902 5095 1065 5180 αὑτὸν
1088 5095 1235 5199 ἡμᾶς
1260 5095 1544 5196 ὀνομάζειν
1576 5095 1747 5190 ὲδίδαξ

1881 5108 2025 5162 enim
2073 5102 2328 5161 Chrustus
2391 5101 2771 5173 appellandum
2836 5099 3021 5155 docuit
3066 5097 3119 5149 in
3174 5095 3450 5148 Dominira

206 5224 498 5293 λέγοντας·
542 5188 750 5277 εΡῦνσαι
797 5188 949 5289 ἡμᾶς
978 5188 1236 5274 ἀπιστῶ
1275 5188 1561 5286 πονηροῦ.
1597 5188 1747 5283 Φύγα

1884 5198 2159 5261 Oratione,
2219 5213 2343 5253 cum
2379 5196 2611 5250 dicimus
2644 5194 2693 5249 δε
2736 5193 2920 5247 Libera
2953 5206 3044 5242 nos
3085 5204 3118 5239 (ι
3157 5188 3297 5240 ηιαίο
3332 5190 3451 5256 (ε)⁹

215 5280 319 5388 μιν
346 5280 466 5369 ἀπὸ⁷
496 5314 744 5387 κρημνοῦ
782 5280 1138 5383 ὑποκρίσεως,
1170 5312 1267 5367 καὶ
1300 5280 1657 5365 άπὸήλάκκου
1686 5280 1747 5360 ὑτ

1884 5293 2188 5349 Caveamus
2238 5292 2306 5346 ab
2360 5287 2662 5359 hypocrisis
2713 5283 3061 5356 praacipitio,
3096 5292 3149 5336 et
3211 5280 3454 5345 subdola:

210 5384 833 5479 oulétq1x.ditodoweg
858 5405 963 5476 ﬁco?)
980 5404 1227 5474 λέγοντος
1257 5404 1349 5459 ὅτι
1380 5406 1435 5459 οι
1460 5417 1747 5469 πονηρβυι

1886 5404 2229 5466 νενευικηιιθ
2258 5391 2571 5450 calliditatis
2593 5391 2734 5454 lacn,
2758 5386 2951 5443 attenti
2970 5385 3035 5440 ad
3061 5386 3262 5440 dictum
3288 5384 3452 5445 illius,

291 5546 314 5578 ⁸
353 5543 497 5600 Psal.
528 5560 675 5607 utr,
707 5544 760 5600 9.
836 5542 857 5576 ³
886 5542 968 5599 lsa
1003 5558 1145 5607 ιινι,
1170 5536 1224 5599 2.
1300 5543 1322 5573 ⁸
1345 5541 1532 5597 Matth.
1560 5555 1615 5603 ν,
1640 5539 1703 5603 ι;
1734 5537 1747 5591 l

1854 5542 1879 5595 Ι.
1914 5547 2104 5594 XXXVI,
2133 5531 2222 5587 H.
2296 5525 2486 5581 'Psat.
2521 5524 2740 5589 xnv,9.
2818 5523 2839 5553 ⁸
2866 5518 3055 5575 Matth.
3084 5537 3156 5584 vi,
3191 5519 3241 5571 6.

287 5635 369 5707 (α)
411 5633 544 5707 Vide
569 5634 797 5700 Quintil.
834 5634 871 5691 ι.
895 5650 967 5699 VI,
996 5650 1045 5691 c.
1071 5633 1128 5697 2,
1151 5633 1245 5705 qui
1264 5643 1424 5704 negat
1450 5628 1581 5703 ἦθος
1605 5628 1795 5687 Latine
1892 5625 2427 5707 anngxgjuramnta
2455 5618 2947 5707 transtulerunt.
2993 5682 3266 5707 “mw”
3291 5681 3425 5707 “Lm:

217 5685 655 5768 exprimi
950 5685 967 5699 ’
1114 5685 1127 5697 ’
1159 5685 1185 5705 ³
1335 5685 1367 5704 υ
1474 5685 1486 5703 ⁸
1560 5685 1579 5695 ’

1960 5694 2029 5768 (c)
2051 5685 2316 5768 Observa,
2343 5690 2576 5768 πονηρὸς
2610 5688 2661 5741 in
2693 5687 2965 5767 Oratione
2993 5685 3459 5768 Dominicasigni—

318 5778 371 5845 ὸ)
408 5762 819 5847 Κὲκολασμένοι
866 5774 1017 5847 ὅρκοι
1044 5773 1259 5847 habent”
1292 5774 1497 5847 charta:
1526 5783 1580 5826 et
1621 5788 1747 5825 men

1891 5762 2053 5824 heare
2071 5765 2348 5819 diabolum
2378 5764 2468 5832 qui
2503 5774 2596 5831 per
2627 5762 3056 5814 antonomasiam
3081 5762 3308 5806 vocatur
3339 5768 3458 5805 ma-

226 5840 432 5913 brante,
475 5861 582 5903 non
638 5840 1043 5923 κεκολλημένα,
1080 5855 1136 5901 ut
1175 5845 1263 5900 alii
1324 5846 1664 5915 interpretes,
1697 5845 1789 5913 qni
1838 5862 1841 5867 '
1888 5840 1994 5896 lus.
