4030 6342
217 468 317 529 935

1154 446 1164 458 ’
1210 476 1435 537 SCALA
1461 477 1914 549 PARADISI.-
1940 480 2246 543 smnus
2268 483 2475 543 XXIV-

3336 484 3444 550 986

218 594 446 635 numero
489 582 671 650 gravis
710 583 915 652 peccati
955 583 1142 653 lapsus
1184 585 1463 654 improbos
1508 587 1765 651 correxit,
1806 595 1862 641 et
1928 588 2248 643 modestiam
2316 591 2515 656 docuit,
2554 589 2624 645 ita
2667 599 2727 644 ut
2772 591 3081 646 nolentibus
3123 590 3359 645 salutem
3385 588 3441 642 et

216 674 580 740 .ttnooentiam
639 672 872 730 afferret.
918 676 1122 747 Pugna.
1152 686 1206 732 et
1280 681 1438 735 stude
1503 684 1650 736 tuam
1704 681 1878 750 ipsius
1941 685 2282 753 prudentiam
2338 686 2556 741 eludere
2597 703 2610 739 :
2653 686 2796 756 quod
2844 685 2891 740 si
2937 675 3151 749 ieceris,
3200 684 3442 739 invenies

215 762 445 818 Salutem
468 772 524 819 et
548 774 751 819 rectam
784 777 1017 821 mentem
1044 769 1098 821 in
1131 766 1352 825 Christo
1377 769 1508 826 J'e‘su
1540 770 1772 827 Domino
1812 780 2025 828 nostro.

572 898 821 952 ΣΧΟΛΙΛ
868 897 974 952 ΕΙΣ
1032 900 1164 953 ΛΟΓ
1166 901 1258 955 ΟΝ
1306 903 1412 955 ΚΔ⁹

735 1006 872 1073 Περὶ
932 1007 1283 1074 πραότητος.

808 1121 1065 1188 Σχόλιον
1091 1126 1158 1176 α’.
1660 1171 1665 1177 .

294 1210 365 1263 Ἦ
402 1210 499 1281 μὲν
529 1210 769 1280 πραότης
791 1212 1059 1281 ἀτάραχον
1082 1212 1172 1264 τὸν
1196 1213 1259 1265 Ou
1268 1213 1365 1283 μὸν
1386 1212 1730 1281 διαφυλάττει
1758 1227 1773 1241 ⁸

214 1305 247 1372 ἡ
271 1303 328 1356 δὲ
359 1305 691 1367 ταπείνωσις
719 1321 886 1373 τυφου
913 1306 1009 1357 καὶ
1039 1289 1343 1371 κενοδοξίας
1370 1306 1461 1359 τὸν
1484 1305 1607 1359 νοῦν
1624 1305 1776 1359 ἐλευ-

216 1395 385 1465 (tepet.

805 1490 1059 1556 Σχόλιον
1112 1486 1177 1557 β’.

278 1578 359 1632 Τὸ
395 1578 659 1649 βαστάσαι
687 1580 833 1633 ἐστὶν
856 1581 889 1649 ἡ
930 1580 1196 1650 πραότης.

826 1674 1085 1739 Σχόλιον
1110 1676 1181 1739 γ’.

279 1761 462 1832 Εἷρων
502 1763 715 1831 λέγεται
739 1768 766 1817 ὀ
789 1764 971 1829 κόλαξ,
1005 1767 1034 1817 ό
1063 1762 1336 1826 ἀπατεὼν,
1366 1764 1395 1816 ὁ
1428 1764 1770 1833 ψευδολόγος,

210 1853 276 1907 ὲκ
294 1854 395 1907 τοῦ
424 1855 757 1925 συμπλέκειν
786 1855 975 1924 λόγους
1001 1855 1137 1925 πρὸς
1178 1856 1359 1926 χάριν,
1389 1857 1449 1908 οὐ
1482 1858 1615 1923 πρὸς
1637 1856 1772 1926 ἀλή-

208 1944 386 1999 θειαν.

633 2040 678 2090 Σ
680 2038 890 2105 χόλων·
930 2038 1229 2106 Εὑαγρίου
1272 2039 1333 2092 δ’.

274 2120 450 2191 Φύσις
476 2127 646 2198 θυμοῦ
672 2129 733 2181 τὸ
758 2132 868 2193 τοῖς
902 2130 1121 2199 δαίμοσι
1159 2128 1455 2201 μάχεσθαι,
1500 2132 1593 2183 καὶ
1632 2131 1773 2204 ὑπὲρ

2156 906 2450 963 8οΗοιιᾶ
2503 908 2594 962 AD
2646 904 2935 963 GRADUM
2973 905 3161 960 XXIV.

2391 1016 2469 1071 De
2503 1017 2927 1071 mansuetudine.

2518 1124 2766 1180 Scholion
2801 1126 2853 1179 l.

1947 1212 2300 1271 Mansuetudo
2333 1216 2784 1285 imperturbatum
2820 1219 3111 1270 conservat
3149 1213 3435 1266 animum:

1877 1302 2159 1358 humilitas
2185 1320 2215 1373 a
2252 1314 2463 1358 tumore
2494 1305 2767 1373 superbiae
2794 1313 2848 1358 et
2880 1318 3015 1357 vana
3048 1300 3219 1372 gloria
3240 1301 3437 1354 liberat

1876 1402 2133 1450 mentem.
2868 1452 2869 1455 η

2490 1487 2743 1544 Scholion
2777 1485 2835 1543 2.

1866 1568 1869 1571 λ
1910 1563 2223 1635 ’ὃυςιίηθτε
2246 1591 2330 1636 est
2366 1579 2748 1635 mansuetudo.

2497 1670 2742 1726 Scholion
2780 1669 2831 1723 5.

1946 1758 2319 1817 Dissimulator
2354 1764 2555 1817 dicitur
2586 1763 2853 1826 adulator,
2873 1761 3156 1830 impostor,
3182 1760 3435 1819 mendax,

1871 1850 2016 1917 quod
2046 1852 2209 1908 verba
2238 1868 2337 1908 sua
2385 1852 2583 1908 referat
2623 1853 2690 1907 ad
2732 1853 2983 1922 gratiam,
3032 1864 3139 1904 non
3188 1849 3254 1902 ad
3295 1850 3435 1903 veri-

1873 1950 2057 1995 tatem.

2503 2030 2716 2100 Evagrii
2750 2030 2804 2083 4.

1940 2119 2145 2177 Natura
2179 2122 2578 2194 (indignantis)
2615 2122 2804 2187 animi,
2838 2121 2953 2175 sive
2975 2120 3088 2185 ine,
3123 2132 3207 2173 est
3241 2118 3437 2172 adver-

207 2211 428 2286 ἧστινος
485 2213 578 2269 οὖν
636 2217 826 2287 ἡδονῆς
885 2216 1282 2285 ἀγωνίζεσθαι·
1335 2218 1523 2288 διόπερ
1572 2221 1621 2273 oi
1673 2222 1768 2290 μὲν

1875 2229 1969 2270 sus
2025 2214 2300 2271 daemonas
2342 2230 2601 2286 pugnare,
2637 2223 2691 2267 et
2741 2228 2839 2283 pro
2882 2213 3249 2283 qualicunque
3298 2210 3437 2265 dele-

206 2304 431 2370 ἄγγελοι
452 2305 551 2374 τὴν
574 2306 947 2377 πνευματικὴν
971 2308 1103 2377 ἡμῖν
1122 2308 1313 2377 ἡδονὴν
1336 2309 1728 2364 ὑποῦἀλλονται
1752 2329 1766 2343 ο

209 2396 301 2446 καὶ
334 2395 439 2465 τὴν
468 2396 535 2447 ὲκ
560 2395 766 2467 ταύτης
799 2398 1173 2469 μακαριότητα
1199 2399 1335 2471 πρὸς
1364 2401 1491 2464 τοὺς
1512 2400 1773 2471 δαίμονας

206 2485 296 2538 τὸν
327 2485 501 2555 θυμὸν
529 2486 725 2558 τρέψαι
775 2489 1181 2559 παρακαλοῦσιν
1203 2508 1217 2521 ·
1247 2492 1442 2545 ἐκεῖνοι
1482 2492 1528 2545 δ’
1559 2489 1626 2547 αὖ
1663 2494 1772 2546 πά-

205 2574 290 2628 λιν
336 2578 477 2645 πρὸς
525 2578 623 2641 τὰς
669 2582 939 2649 κοσμικὰς
986 2580 1281 2651 ἐπιθυμίας
1331 2582 1555 2638 ἕλκοντα
1603 2586 1771 2655 ἡμᾶς,

205 2671 295 2722 τὸν
347 2670 520 2740 θυμὸν
563 2674 678 2735 τοῖς
728 2672 1034 2743 ἀνθρώποις
1078 2673 1229 2744 παρὰ
1274 2675 1435 2744 φύσιν
1498 2676 1771 2746 βιάζονται

208 2760 499 2830 μάχεσθαι,
545 2762 634 2816 ἵνα
682 2762 984 2827 σκοτισθεὶς
1015 2765 1044 2818 ό
1075 2763 1200 2827 νοῦς
1243 2766 1339 2818 καὶ
1373 2767 1473 2837 τῆς
1517 2766 1773 2835 γνώσεως

204 2852 477 2919 ἐκπεσὼν,
518 2854 781 2923 προδότης
810 2854 918 2909 τῶν
944 2856 1153 2929 ἀρετῶν
1176 2858 1426 2929 γένηται.

521 3064 711 3118 Ἀλλο
756 3066 1091 3136 Γρηγορίου
1133 3068 1451 3138 Θεολόγου.

272 3157 456 3229 Θυμὸν
501 3158 740 3229 χαλινοῦ,
792 3161 865 3232 μὴ
912 3161 1124 3232 φρενῶν
1167 3162 1272 3227 ἔξω
1321 3162 1527 3233 πέσῃςο
1577 3162 1770 3227 κόλαζε

201 3249 294 3301 τὸν
317 3247 511 3318 θυμὸν,
544 3256 740 3319 μανίας
769 3252 878 3321 γὰρ
910 3252 1027 3305 ἐστι
1065 3252 1248 3322 πατὴρ
1294 3253 1586 3324 τὸίμέτρον
1617 3253 1771 3325 ἐξερ-

203 3340 452 3408 χόμενος.

812 3430 859 3483 Σ
860 3430 1071 3498 χόλιον
1107 3437 1169 3482 ε’.

283 3519 351 3572 Ἡ
376 3518 485 3588 γὰρ
512 3521 744 3591 πονηρία
775 3522 833 3574 οὐ
868 3524 1142 3592 συγχωρεῖ
1182 3520 1270 3575 διὰ
1320 3516 1609 3592 μετανοίας
1638 3523 1770 3577 ἀνα-

202 3611 395 3673 στῆναι
415 3610 514 3665 τοῦ
540 3611 852 3685 πτώματος.

797 3712 1055 3780 Σχόλιον
1099 3717 1172 3777 ς’.

277 3802 550 3865 ’Υπουλος
572 3802 731 3873 ἀνὴρ,
757 3804 971 3859 δικτύον
1001 3804 1404 3877 κεκρυμμένον.

814 3981 858 4032 Σ
860 3980 1068 4047 χόλιον
1089 3980 1154 4045 ζ’.

281 4072 349 4125 Ἥ
383 4070 591 4141 φυσικὴ
614 4070 874 4142 ἁπλότης,
919 4073 1073 4143 φησὶ,
1108 4072 1319 4127 πολλῶν
1363 4072 1552 4127 παθῶν
1579 4075 1767 4144 τηρεί-

180 4216 181 4219 η
199 4178 289 4214 ται
325 4162 613 4232 ἀμέτοχος.

770 4322 777 4323 γ
804 4259 1065 4327 Σχόλιον
1095 4264 1167 4329 η’.

277 4346 347 4401 Ἥ
374 4346 615 4418 ἁπλότης
629 4348 722 4401 καὶ
751 4348 811 4401 τὸ
841 4350 916 4421 μὴ
938 4354 1158 4422 μετρεῖν
1192 4351 1381 4407 ἑαυτὸν
1430 4350 1640 4423 ἁγνίζει
1667 4352 1766 4424 τὴν

198 4442 424 4514 καρδίαν
453 4441 561 4495 ἀπὺ
587 4439 683 4495 τοῦ
724 4444 982 4513 πονηροῦ.
1062 4436 1067 4447 ⁸

838 4536 885 4587 Σ
887 4536 1099 4603 χόλιον
1146 4538 1210 4591 θ’.

261 4627 550 4693 (διωκτέον,
577 4627 895 4700 παρακαλῶ,
942 4631 1067 4693 τοὺς
1113 4634 1314 4694 κακοὺς
1363 4632 1761 4702 συνδιαιτητὰς,

194 4722 295 4791 ὅση
352 4720 603 4791 δύναμις,
667 4723 753 4776 ἶνα
798 4722 875 4794 μὴ
920 4723 1236 4793 συναλῶμεν
1286 4726 1351 4794 τῇ
1420 4724 1589 4793 κακία
1649 4726 1764 4778 αὑ-

196 4813 326 4869 τῶν.

790 4913 838 4964 Σ
840 4912 1049 4979 χόλιον
1082 4910 1132 4963 ι’.
1164 4898 1165 4901 Ἴ

1873 2307 2111 2361 elatione
2145 2308 2443 2362 decertare.
2474 2306 2659 2376 Itaque
2697 2306 2872 2376 angeli
2917 2304 3250 2374 spiritualem
3279 2302 3437 2375 nobis

1842 2390 2207 2467 'voluptatem
2263 2406 2582 2468 suggerunt,
2623 2405 2678 2451 et
2723 2398 3015 2451 hortantur
3042 2395 3206 2466 308
3230 2409 3347 2457 nos,
3378 2404 3440 2448 ut

1871 2506 1971 2560 pro
2025 2500 2150 2544 nata
2205 2489 2329 2544 inde
2386 2490 2648 2545 beatitate
2698 2491 2833 2543 iram
2875 2489 3136 2543 adversus
3164 2488 3437 2541 darmones
3493 2506 3501 2509 ·

1871 2583 2114 2635 alamus:
2174 2595 2379 2647 contra,
2442 2582 2643 2636 diaboli
2676 2582 2741 2635 ad
2765 2582 3054 2636 saeculares
3089 2592 3142 2636 et
3181 2579 3439 2651 profanas

1870 2673 2191 2743 cupiditates
2228 2676 2451 2729 trahunt
2489 2690 2609 2737 nos,
2672 2675 2920 2744 iramque
2972 2685 3321 2730 commovent
3378 2684 3439 2729 ut

1870 2767 2133 2820 adversus
2161 2767 2405 2822 homines
2431 2777 2767 2839 repugnante
2814 2776 3000 2820 natura
3040 2768 3436 2836 depugnemus.

1872 2858 1949 2913 uti
1984 2875 2137 2912 mens
2179 2858 2372 2915 offusis
2423 2860 2659 2915 tenebris
2714 2859 3025 2927 amissaque
3069 2857 3295 2913 scientia
3329 2859 3436 2910 vir-

1872 2960 2047 3005 tutum
2078 2951 2339 3020 proditrix
2371 2952 2483 3007 ﬁat.

2321 3069 2482 3122 Aliud
2531 3067 2573 3123 G
2580 3086 2687 3139 reg.
2733 3067 2996 3140 Theologi.

1941 3160 2144 3215 Coercc
2184 3160 2321 3214 iram
2372 3176 2441 3214 ne
2484 3169 2663 3214 mente
2712 3160 2976 3226 excidas;
3021 3160 3228 3231 castiga
3268 3170 3320 3214 et
3350 3176 3437 3215 re~

1871 3254 2041 3309 tunde
2080 3253 2559 3308 excandescentem
2610 3252 2878 3315 animum,
2924 3262 3008 3308 est
3036 3256 3179 3310 enim
3211 3256 3434 3310 insaniae

1871 3357 2068 3412 parens
2095 3343 2187 3410 qui
2215 3343 2431 3396 modum
2456 3356 2674 3394 onmem
2694 3340 2927 3395 excedit.

2479 3430 2723 3486 Scholion
2747 3432 2799 3487 5.

1940 3526 2137 3581 Malitia
2161 3527 2306 3581 enim
2340 3541 2446 3580 non
2469 3526 2600 3581 sinit
2624 3525 2899 3581 hominem
2928 3542 3023 3597 per
3055 3527 3427 3597 pmmtentiam

1792 3626 1835 3685 C
1868 3634 2171 3689 resurgere.

2460 3708 2711 3764 Scholion
2749 3707 2802 3762 6.

1944 3800 2115 3856 llomo
2171 3800 2430 3855 subdolus
2481 3808 2534 3855 et
2595 3797 2760 3853 fallax
2804 3807 2886 3853 est
2958 3808 3070 3852 rete
3123 3798 3432 3852 abscondi-

1871 3904 2004 3949 tum.

2501 3980 2748 4036 Scholion
2777 3979 2829 4032 7.

1937 4074 2209 4144 Naturalis
2254 4070 2594 4142 simplicitas,
2630 4069 2831 4139 inquit,
2868 4083 2897 4122 a
2927 4068 3115 4124 multis
3162 4068 3310 4126 vitiis
3349 4083 3431 4127 cst
3502 4086 3505 4087 '

1866 4165 2145 4219 immunis.

2474 4254 2723 4309 Scholion
2747 4256 2801 4309 8.

1940 4348 2274 4419 Simplicitas
2299 4358 2353 4403 et
2377 4348 2614 4418 seipsum
2639 4363 2746 4402 non
2777 4347 3068 4411 mstimare,
3097 4363 3127 4400 a
3147 4347 3289 4402 malo
3309 4350 3428 4401 ani-

1866 4458 2016 4496 mum
2042 4450 2316 4511 repurgat.

2479 4531 2725 4587 Scnolion
2766 4532 2815 4586 9.
3376 4606 3379 4607 7
3398 4588 3401 4591 λ

1936 4627 2241 4699 Fugiendos
2286 4626 2559 4698 improbos
2614 4625 2956 4679 convictores
3001 4640 3265 4697 quantum
3310 4628 3425 4679 tim

1864 4730 2063 4791 potest,
2114 4734 2329 4782 moneo,
2382 4719 2686 4786 hortorque
2720 4734 2787 4771 ne
2817 4719 3033 4774 illorum
3064 4720 3208 4773 vitiis
3247 4722 3425 4788 capia-

2631 4802 2645 4824 ι

1864 4828 2005 4866 lllUl’.
2554 4861 2561 4870 .

2457 4896 2708 4952 Scholion
2742 4897 2829 4954 Η).

260 4995 370 5050 Τὸν
398 4995 601 5066 τρόπον
629 4992 798 5061 λέγει,
828 4973 947 5063 πῶς
971 4997 1037 5051 ἂν
1066 5001 1113 5050 οἱ
1163 4998 1386 5069 πονηροῖ⁸
1412 4998 1506 5051 καὶ
1536 4997 1761 5055 ὔπουλοι

1910 4990 2013 5061 De
2044 4989 2289 5043 moribus
2332 4989 2589 5058 loquitur,
2642 4992 2918 5057 quomodo
2949 4990 3177 5059 improbi
3217 4998 3272 5045 et
3294 4991 3424 5045 sub-

193 5087 587 5160 μεταόληθεῖέν
634 5104 785 5141 ποτε.
904 5090 918 5157 ’κ

784 5182 1043 5250 Σχόλιον
1069 5189 1159 5267 tat.

258 5274 425 5338 Τινὲς
472 5272 771 5344 φρονίμους
807 5271 1023 5339 λέγουσι
1071 5274 1201 5337 τοὺς
1245 5274 1613 5345 διακριτικοὺς
1652 5279 1759 5331 τῶν

186 5362 465 5434 αἰσθητῶν
503 5358 845 5433 πραγμάτων
871 5349 893 5387 θ’
914 5360 1167 5429 φρόνιμοι
1188 5362 1244 5415 δέ
1266 5364 1402 5420 εἰσιν
1430 5363 1480 5415 οἱ
1512 5364 1749 5437 ἐπικρα-

185 5454 409 5518 τοῦντες
431 5454 545 5507 τῶν
571 5452 789 5506 οἰκείων
820 5449 1161 5520 θελημάτων.

732 5654 780 5705 Σ
780 5653 989 5721 χόλων
1032 5651 1204 5705 ἄλλο.

259 5736 528 5808 ’Δφρονες
579 5738 797 5809 ἀληθῶς
835 5740 884 5790 οἰ
913 5736 1061 5806 παρὰ
1092 5739 1300 5802 ἑαυτοῖς
1328 5740 1577 5809 φρόνιμοι
1605 5758 1617 5770 ·
1646 5742 1739 5794 xal

182 5826 633 5899 τοῦπροφητικοῦ
673 5829 807 5884 οὐαί
839 5828 1163 5901 κληρονόμοι
1194 5830 1422 5895 ἐπάξιοι.
1525 5887 1531 5898 ,

1867 5081 1974 5136 doli
2012 5080 2240 5135 subinde
2268 5089 2547 5134 mutentur
2580 5092 2633 5135 et
2658 5082 3033 5135 emendentur.

2471 5170 2727 5226 Scholion
2762 5171 2847 5226 Η.

1931 5262 2185 5330 Quidam,
2242 5265 2537 5334 prudentes
2564 5264 2886 5319 existimant
2910 5263 3056 5329 illos,
3082 5263 3176 5334 qui
3206 5268 3423 5337 negotia

1860 5359 2083 5405 externa
2140 5366 2401 5407 sensuum
2451 5350 2737 5407 commode
2773 5358 2827 5403 et
2862 5353 3160 5419 prudenter
3186 5354 3417 5408 admini-

1858 5448 2053 5495 strant.
2087 5440 2193 5509 Sed
2231 5458 2418 5499 revera
2447 5443 2742 5513 prudentes
2768 5453 2918 5507 sunt,
2966 5444 3061 5513 qui
3092 5443 3419 5498 voluntatem

1852 5533 2129 5602 propriam
2160 5533 2211 5587 in
2242 5533 2416 5591 ollicio
2454 5533 2756 5589 continent.

2398 5623 2650 5679 Scholion
2703 5624 2877 5681 aliud.

1919 5711 2080 5768 Stulti
2107 5731 2233 5770 vere
2258 5724 2385 5771 sunt
2409 5715 2487 5770 illi
2530 5716 2626 5784 qui
2665 5716 2769 5771 sibi
2820 5731 3010 5787 sapere
3060 5713 3330 5777 videntur,
3367 5730 3421 5774 τι

1844 5807 1992 5863 illius
2062 5808 2361 5881 prophetici
2428 5808 2635 5865 oraculi
2685 5808 2843 5881 (ve)
2899 5807 3103 5863 'merito
3168 5805 3415 5862 heredes

1845 5900 1999 5954 ﬁnnL
