4030 6342
533 413 638 474 93'?-

1237 534 1420 587 Aliud.

604 610 725 670 Non
784 618 907 675 illos
962 622 1057 690 qui
1091 637 1218 679 vere
1248 624 1305 679 in
1331 625 1552 681 Christo
1584 627 1825 698 sapiunt,
1851 627 2099 690 damnat,

537 708 631 764 Sed
673 724 809 777 quos
847 712 1081 768 mundus
1119 715 1331 770 videtur
1378 715 1562 772 dicere
1607 718 1922 788 prudentes.
1948 729 2002 774 et
2034 734 2100 773 cx

536 804 755 859 maiitite
793 805 1024 860 stultitia
1059 810 1174 862 noti
1207 809 1332 864 facti
1356 821 1504 866 sunt.

1131 902 1380 960 Scholion
1424 907 1509 962 12.

598 986 899 1056 Contende,
949 991 1146 1061 inquit,
1191 1009 1258 1049 ne
1283 994 1449 1049 facias
1487 995 1629 1065 quod
1657 1005 1762 1078 tua:
1802 994 2102 1063 prudentiae

535 1082 770 1134 (tt-currit
810 1082 926 1136 sine
974 1084 1243 1153 majorum
1280 1086 1511 1142 consilio
1543 1102 1639 1142 seu
1691 1086 2099 1158 approbatione.

966 1285 1129 1356 309
1167 1286 1450 1343 caseus
1496 1287 1665 1343 xxv.

1788 428 1846 488 S.
1881 426 2208 488 JOANNIS
2225 424 2525 487 CLIMACI

3671 413 3787 475 988

2901 536 3113 588 Ἀλλο.

2278 625 2352 678 Ού
2382 626 2506 688 τοὺς
2537 623 2819 694 ἀληθινοὺς
2868 624 2926 677 ὲν
2968 621 3187 693 Χριστῷ
3239 620 3539 692 φρονίμους
3575 616 3783 671 ἔκδάλ-
3863 668 3874 681 .

2206 714 2310 781 λει,
2363 706 2479 768 ἀλλ⁴
2511 714 2605 777 οὓς
2628 716 2656 767 6
2693 714 2892 783 κόσμος
2922 713 3068 767 δοκεῖ
3104 713 3286 780 λέγειν
3332 710 3651 783 φρονίμους,
3702 711 3778 781 τῇ

2207 809 2307 879 τῆς
2345 807 2613 879 πονηρίας
2638 806 2919 879 ἀφροσύνῃ
2941 803 3398 877 γνωριζομένους.

2216 952 2219 957 _
2807 903 3065 967 Σχόλιον
3091 898 3178 955 ι6⁸ι

2292 992 2606 1061 Ἀγωνίζου,
2664 992 2820 1063 γησὶ,
2867 994 2940 1062 μὴ
2978 995 3150 1046 ποιεῖν
3192 991 3260 1046 τὰ
3286 993 3354 1063 τῇ
3380 992 3640 1061 φρονήσει
3674 1004 3779 1041 σου

2210 1072 2594 1158 παριστάμενα
2639 1086 2767 1140 ἄνευ
2813 1083 2916 1151 τῆς
2968 1084 3077 1137 τῶν
3116 1082 3379 1156 μειζόνων
3406 1080 3777 1153 δοκιμασίας.

2573 1198 3782 1225 Μ

2793 1284 3012 1339 ΛΟΓΟΣ
3058 1280 3188 1339 KE'.

538 1392 612 1446 De
677 1398 957 1472 perditrice
1015 1415 1246 1472 omnium
1306 1386 1655 1454 viliosttutum
1711 1396 2099 1472 [interfectrtce

2214 1395 2344 1465 Περὶ
2382 1394 2492 1465 τῆς
2525 1394 2643 1472 tam
2671 1394 2876 1472 πρθῷν
2903 1393 3225 1472 ἀπωλείας.
3244 1392 3643 1472 τῆς-’ὑψίστου
3674 1408 3783 1445 τα-

604 1469 837 1540 onmium
862 1468 1412 1540 uitiorumlaltissima
1444 1468 1763 1535 humilitate,
1795 1468 2098 1540 incorporeo

600 1536 776 1611 sensui
828 1539 1010 1599 insita,
1054 1536 1203 1611 quem
1230 1540 1450 1609 gradum
1478 1543 1566 1610 qui
1606 1544 1894 1607 superavit,
1938 1536 2094 1611 fidat,

608 1604 876 1659 Christum
922 1604 1075 1660 enim'
1103 1604 1365 1675 imitatus,
1408 1604 1582 1663 sali-us
1617 1604 1789 1680 factus
1821 1604 1918 1666 est.

606 1698 708 1764 Qui
759 1714 980 1754 sensum
1041 1712 1098 1756 et
1126 1704 1377 1756 cll'ectum
1426 1704 1710 1759 charitatis
1739 1706 1938 1760 divina
1970 1720 2096 1774 pro-A

534 1791 670 1859 prie,
698 1801 750 1844 et
789 1791 1111 1847 humilitatis
1142 1795 1397 1850 decenter
1432 1794 1542 1862 [uti
1588 1795 1801 1869 decet];
1840 1807 1895 1852 et
1926 1797 2097 1850 beatae

2273 1460 2783 1536 ἑτεινόρρυσύνής,
2808 1462 3328 1536 ἀοράτῳαὶσθήσει
3344 1460 3735 1536 ὲγγιηοιιέςνης
3757 1477 3777 1493 ·

2273 1536 2341 1601 ὃς
2368 1532 2667 1590 ἀνάϐασιν
2713 1536 2995 1604 ἴσχυσεν,
3020 1533 3329 1601 θαρσείτω,
3360 1534 3467 1586 τὸν
3486 1532 3785 1586 διδάσκα-

2275 1611 2389 1668 λον
2417 1608 2528 1677 γὰρ
2556 1606 2815 1674 Χριστόν
2866 1604 3283 1674 μιμησάμενος·
3307 1607 3629 1657 σέσωσται.

2289 1697 2345 1749 ὀ
2372 1698 2593 1767 ἀγάπης
2640 1696 2847 1766 Κυρίου
2894 1694 3117 1765 κυρίως,
3150 1694 3245 1748 καὶ
3271 1694 3781 1765 ταπεινοφροσύνης

2209 1791 2549 1859 πρέποντως,
2580 1787 2676 1841 καὶ
2729 1787 3006 1857 μακαρίας
3036 1786 3258 1855 ἁγνείας
3287 1784 3525 1855 ἀληθῶς,
3558 1786 3655 1839 καὶ¹
3679 1786 3778 1838 ἐλ-

536 1880 806 1937 castitatis
858 1899 1022 1950 vere;
1077 1894 1130 1939 et
1179 1886 1375 1940 divinae
1419 1888 1806 1953 illustrationis
1855 1888 2000 1942 clare
2048 1895 2104 1941 ct

2214 1879 2458 1948 λάμψεως
2497 1875 2632 1929 Θεοῦ
2658 1875 2902 1946 ἐναργῶς
2952 1874 3054 1941 (α),
3090 1874 3184 1928 καὶ
3214 1874 3380 1943 φόϐου
3407 1872 3574 1927 αὐτοῦ
3605 1867 3783 1935 ἀψευ-

537 1984 761 2041 aperte;
820 1984 873 2028 et
925 1976 1135 2031 timoris
1170 1977 1289 2046 ejus
1316 1995 1423 2032 non
1463 1979 1619 2042 licte;
1650 1988 1704 2034 ct
1732 1989 1893 2035 certa:
1924 1980 2105 2034 cordis

2214 1971 2330 2035 Ξῶς,
2376 1973 2471 2024 καὶ
2502 1968 2877 2038 πληροφορίας
2910 1966 3135 2036 καρδίας
3187 1966 3495 2036 εἰλικρινῶς
3521 1964 3782 2035 αἰσθησιν

538 2062 1004 2133 ﬁduciae-sincere
1066 2068 1268 2132 verbis,
1320 2084 1444 2138 qua:
1494 2069 1600 2123 sub
1628 2086 1851 2125 sensum
1882 2072 2102 2135 cadunt,

535 2156 806 2223 explicare
836 2170 1087 2224 conatur,
1109 2174 1402 2227 eorumque
1442 2160 1674 2225 animos,
1697 2162 1788 2231 qui
1816 2163 1958 2216 hunc
1982 2178 2105 2216 scu-

536 2258 657 2298 sum
704 2256 759 2299 et
802 2248 1052 2303 ell‘ectum
1102 2266 1378 2319 nunquam
1414 2253 1793 2321 degustarttnt,
1838 2254 2019 2308 dehis
2052 2265 2107 2308 et

537 2337 913 2407 hujuscemodi
974 2342 1269 2397 virtutibus
1328 2345 1603 2399 illustrare
1676 2355 1730 2398 et
1783 2346 2003 2399 erudire
2048 2361 2106 2399 se

535 2440 630 2493 per
657 2429 1090 2496 explanationem
1127 2434 1393 2487 orationis
1433 2450 1595 2501 posse
1634 2435 1930 2499 existimat,
1981 2452 2105 2504 per-

536 2516 664 2572 inde
708 2519 836 2573 facit
863 2536 926 2575 ac
953 2523 1045 2591 qui
1080 2524 1259 2578 verbis
1281 2534 1333 2578 et
1356 2525 1804 2581 similitudinilnis
1832 2529 1946 2579 vult
1968 2529 2100 2581 mel-

535 2606 605 2661 lis
628 2607 964 2664 dulcedinem
996 2611 1064 2666 iis
1093 2612 1388 2675 declarare,
1415 2615 1508 2683 qui
1538 2615 1683 2667 illam
1709 2630 1984 2684 nunquam
2004 2631 2105 2685 gu-

536 2706 790 2754 starunt:
820 2702 913 2755 sed
948 2702 1036 2757 hic.
1057 2704 1276 2772 quidem
1306 2703 1508 2758 frustra
1526 2707 1848 2761 disserendo
1873 2706 2103 2770 laborat,

537 2807 607 2848 ne
639 2793 816 2847 dicam
850 2804 1087 2864 nugatur
1124 2805 1177 2850 ct
1194 2812 1412 2866 operam
1449 2798 1640 2865 perdit.
1673 2797 1775 2852 Sed
1817 2798 1906 2852 ille
1937 2798 2105 2866 prior,

538 2892 634 2938 aut
680 2886 875 2947 nescit,
930 2886 1060 2952 quid
1100 2887 1312 2952 doceat,
1362 2898 1456 2940 aut
1482 2903 1576 2955 per
1603 2904 1756 2942 vanas
1793 2888 1979 2959 gloria:
2016 2905 2111 2943 cu-

537 2974 818 3043 piditatem
853 2975 1123 3035 subtiliter
1148 2978 1442 3031 tleluditur.
1477 2978 1773 3047 Proposuit
1814 2982 1898 3035 bic
1924 2996 2108 3035 sermo

538 3064 862 3119 thesaurum
894 3066 960 3120 ad
989 3068 1352 3136 explorandas
1393 3070 1632 3138 reliquas
1681 3072 1905 3125 virtutes
1933 3074 1986 3126 in
2016 3087 2111 3143 va:-

539 3152 619 3212 sis
684 3157 963 3221 ﬁctilibus,
1012 3175 1109 3215 seu
1156 3163 1338 3230 potius
1371 3163 1423 3215 in
1472 3163 1796 3232 corporibus
1853 3164 2108 3219 humanis

539 3246 880 3300 reconditum
908 3256 964 3302 et
1000 3250 1358 3314 custoditum,
1392 3251 1485 3304 sed
1524 3252 1682 3321 cujus
1715 3253 1823 3305 vim
1846 3263 1898 3306 et
1931 3254 2110 3321 quali-

539 3345 703 3390 tatem
754 3338 920 3393 nullis
970 3339 1151 3393 verbis
1177 3342 1511 3411 assequaris,
1539 3344 1631 3410 qui
1664 3352 1874 3397 tantum
1939 3346 2110 3399 coale-

540 3436 679 3483 stem
709 3428 1124 3499 inscriptionem
1154 3432 1319 3486 habet
1366 3434 1656 3502 adjectam,
1685 3436 1779 3489 sed
1802 3452 1923 3513 qm;
1956 3438 2105 3491 nullo

539 3519 781 3575 humano
815 3538 978 3578 sensu
1022 3525 1143 3593 capi
1188 3527 1384 3595 possit,
1435 3541 1664 3597 quaeque
1710 3529 1975 3595 inﬁnitam
2024 3532 2109 3584 in-

538 3610 952 3679 vestigationem
1008 3622 1063 3667 et
1101 3615 1339 3669 laborem
1406 3619 1677 3683 exhibeat,
1716 3619 1782 3672 iis
1828 3622 1922 3687 qui
1950 3620 2093 3673 illam

537 3700 704 3772 310
744 3699 923 3760 verbis
969 3718 1236 3761 conantur
1282 3710 1573 3777 explicare.
1630 3710 1769 3764 Sunt
1815 3720 1995 3765 autem
2028 3712 2110 3765 in—

539 3792 853 3862 scriptionis
898 3796 1058 3850 verba
1103 3797 1327 3851 ismzec:
1376 3796 1578 3853 Sancta
1626 3800 1925 3855 humilitas.
1979 3800 2111 3866 Qui-

538 3900 755 3955 cunque
789 3886 880 3941 Dei
914 3888 1109 3956 spiritu
1129 3899 1400 3968 aguntur,
1458 3891 1511 3944 hi
1559 3892 1840 3945 nobiscum
1890 3892 1942 3945 in
1975 3906 2111 3968 con-

538 3974 722 4030 cilium
771 3977 1053 4046 Spirituale
1080 3961 1137 4033 et
1183 3981 1399 4048 plenum
1439 3984 1717 4053 sapientiae
1758 3961 2108 4055 conveniant,

539 4080 833 4138 secumque
864 4070 1076 4125 tabulas
1103 4072 1433 4142 cognitionis
1461 4075 1724 4131 divinitus
1769 4078 2021 4146 scriptas,
2057 4088 2111 4133 et

539 4166 771 4227 utraque
805 4175 968 4214 manu
1015 4162 1285 4231 Spirituali
1330 4160 1522 4217 ferant.
1561 4164 1746 4219 Coacti
1779 4182 1909 4235 ergo
1940 4167 1994 4220 in
2022 4183 2109 4223 se-

540 4258 725 4304 natum
752 4253 1128 4317 convenimus,
1163 4264 1215 4309 et
1238 4255 1344 4309 vim
1379 4256 1701 4311 venerandae
1726 4257 2100 4330 inscriptionis

537 4355 605 4395 ac
635 4340 776 4396 tituli
815 4344 881 4396 ad
945 4358 1170 4400 examen
1220 4348 1559 4403 vocavimus.
1613 4350 1681 4404 Et
1740 4351 1829 4405 hic
1887 4350 2108 4421 quidem

536 4432 717 4489 aiebat
752 4434 1111 4492 humilitatem
1152 4452 1272 4494 esse
1313 4447 1628 4509 perpetuam
1670 4456 1764 4495 seu
1793 4443 2108 4497 continuam

2206 2066 2298 2118 καὶ
2344 2065 2626 2134 ἐνέργειαν
2670 2062 2758 2113 διὰ
2800 2058 2958 2127 λόγου
3003 2056 3199 2129 ὀρατοῦ
3239 2056 3546 2127 διηγεῖσθαι
3586 2054 3778 2126 βουλό-

2209 2172 2367 2225 μενος
2418 2155 2519 2224 (l),
2551 2152 2647 2206 καὶ
2676 2152 2801 2215 τοὺς
2844 2149 3049 2219 ταύτης
3071 2148 3370 2216 ἀγεύστους
3396 2147 3455 2200 ἐν
3480 2148 3777 2217 ὲξηγὴσεσι

2206 2243 2334 2313 περὶ
2359 2243 2466 2294 τῶν
2511 2241 2767 2294 τοιούτων
2809 2238 3063 2307 φωτίζειν
3096 2236 3289 2301 δοκῶν,
3322 2237 3505 2306 ὅμοιόν
3536 2255 3588 2289 τι
3626 2238 3781 2289 ποιεῖ

2207 2331 2383 2399 ἀνδρὶ,
2408 2329 2487 2399 τῷ
2510 2331 2635 2391 τοὺς
2666 2329 2739 2398 μὴ
2786 2326 3156 2397 γευσαμένους
3186 2325 3399 2398 μέλιτος
3428 2324 3645 2380 πώποτε
3674 2326 3780 2397 τὴν

2206 2422 2394 2475 τούτου
2428 2420 2741 2488 γλυκύτητα
2770 2420 2857 2473 διὰ
2882 2419 3077 2485 λόγων,
3123 2417 3217 2470 καὶ
3255 2417 3671 2487 ὑποδειγμάτων
3694 2417 3781 2480 δι-

2206 2511 2427 2566 δάσκειν
2453 2508 2680 2564 θέλοντι.
2737 2508 2875 2561 Ἀλλ’
2901 2510 2930 2561 6
2956 2506 3054 2577 μὲν
3072 2506 3322 2576 δεύτερος
3359 2509 3440 2570 είς
3483 2507 3659 2575 μάτην
3684 2524 3782 2574 φι-

2207 2602 2439 2670 λολογεῖ,
2480 2601 2566 2653 ἵνα
2599 2599 2674 2670 μὴ
2702 2599 2844 2651 εἴπω
2890 2596 3202 2668 βαττολογεῖ
3226 2613 3239 2625 ·
3279 2599 3308 2650 ὁ
3333 2595 3391 2648 δὲ
3417 2597 3700 2667 πρότερος,
3737 2595 3779 2665 ἢ

2208 2695 2434 2764 ἄπειρος
2474 2692 2575 2761 τῆς
2632 2690 2827 2743 ἑαυτοῦ
2880 2690 3183 2760 διηγήσεως
3223 2689 3580 2759 κατέστηκεν,
3609 2688 3643 2757 ἢ
3667 2687 3781 2740 ὑπὸ

2210 2784 2513 2850 κενοδοξίας
2532 2782 2696 2848 ὀξέως
2717 2781 3063 2848 ἐμπαίζεται.
3090 2778 3396 2853 Προέθηκεν
3437 2780 3467 2833 6
3489 2777 3644 2847 λόγος
3671 2776 3777 2848 θη-

2210 2877 2410 2947 σαυρὸν
2437 2878 2519 2939 εἰς
2549 2875 2780 2945 βάσανον
2806 2876 2862 2927 ὲν
2903 2874 3243 2944 ὀστρακίνοις
3292 2872 3531 2937 σκεύεσι,
3576 2869 3784 2941 μᾶλλον

2208 2966 2266 3020 δὲ
2300 2966 2535 3037 σώμασι,
2574 2965 3083 3035 κατησφαλισμένον
3115 2964 3449 3035 ὑπάρχοντα,
3481 2964 3644 3016 παντὶ
3686 2962 3783 3015 λό-

2208 3073 2293 3128 γῳ
2322 3060 2387 3128 τῇ
2442 3057 2685 3125 ποιότητι
2728 3054 3063 3125 ἀγνώριστον
3102 3054 3445 3124 διαμένοντα.
3501 3054 3681 3125 μόνην.
3714 3052 3782 3107 δὲ

2209 3151 2310 3219 τὴν
2358 3149 2561 3204 ἀνωθεν
2608 3146 2921 3217 ἐπιγραφὴν
2966 3146 3350 3215 ἀκατάληπτον
3382 3144 3776 3221 περικείμενον

2214 3242 2415 3307 πολλὴν
2441 3242 2535 3295 καὶ
2558 3241 2863 3337 ἀπέραντον
2877 3241 2988 3303 τοῖς
3002 3238 3147 3309 λόγῳ
3168 3238 3392 3331 ζητοῦσι
3409 3237 3507 3337 ¹τὴν

2211 3332 2307 3384 καὶ
2360 3331 2452 3384 τὸν
2489 3325 2685 3401 μόχθώ
2720 3329 2933 3402 [κόπον]
2977 3332 3347 3402 παρέχουσαν.
3379 3325 3507 3400 Εἶχε
3535 3328 3591 3382 δὲ
3617 3331 3651 3399 ἡ
3685 3330 3782 3382 λέ-

2213 3425 2295 3488 ξις
2342 3424 2547 3488 οὕτως’
2587 3425 2649 3478 Ἠ
2675 3424 2815 3492 ἁγία
2865 3424 3245 3489 ταπείνωσις.
3296 3423 3452 3477 Ὅσοι
3497 3422 3786 3493 Πνεύματι

2212 3517 2348 3571 Θεοῦ
2370 3518 2594 3585 ἄγονται
2626 3518 2727 3586 (2),
2755 3512 2901 3569 οὗτοι
2924 3517 3053 3587 ἡμῖν
3076 3516 3156 3579 είς
3174 3514 3245 3599 τὸ
3267 3516 3453 3585 νοερὸν
3494 3514 3653 3568 τοῦτο
3683 3514 3785 3568 καὶ

2212 3612 2485 3677 πάνσοφον
2515 3610 2937 3663 συνεισιέτωσαν
2956 3606 3254 3676 συνέδριον.
3282 3607 3497 3669 πλάκας
3519 3605 3782 3673 γνώσεως

2213 3692 2550 3771 θεογράφους
2594 3701 2709 3768 σὺν*
2734 3701 2918 3763 αὐτοῖς
2971 3699 3108 3770 μετὰ
3137 3700 3327 3769 χεῖρας
3365 3698 3557 3768 νοεράς
3583 3699 3784 3766 ἐπιφε-

2213 3794 2428 3866 ρόμενοι
2454 3809 2465 3822 ι
2531 3792 2625 3846 καὶ
2677 3790 3116 3863 συνεληλύθαμεν
3168 3790 3265 3843 καὶ
3305 3788 3779 3859 συνεζητήκαμεν,

2213 3887 2307 3939 καὶ
2348 3885 2780 3955 βεϐασανίκαμεν
2808 3886 2908 3955 τῆς
2939 3885 3120 3953 τιμίας
3144 3883 3460 3954 ἐπιγραφῆς
3484 3882 3585 3950 τὴν
3612 3880 3781 3934 δυνα-

2216 3994 2327 4047 μιν.
2365 3976 2473 4030 Καὶ
2530 3980 2557 4030 6
2602 3976 2701 4047 μὲν
2749 3976 2902 4045 ἔλεγε
2950 3975 3125 4045 λήθην
3175 3974 3284 4027 τῶν
3324 3971 3783 4043 κατορθουμένων

2211 4071 2448 4141 προσεχῆ
2473 4088 2487 4100 θ
2554 4070 2738 4139 ἕτερος
2782 4068 2839 4120 δὲ
2894 4066 2957 4120 τὸ
2995 4067 3212 4122 πάντων
3266 4064 3640 4135 ἐσχατώτερον
3680 4067 3783 4119 καὶ

2213 4162 2657 4234 ἁμαρτωλότερον
2684 4159 2876 4213 ἑαυτὸν
2918 4158 3263 4227 λογίζεσθαι·
3288 4157 3443 4220 ἄλλος
3472 4157 3772 4226 ἐπίγνωσιν

2210 4254 2329 4317 νοὸς
2381 4254 2479 4324 τῆς
2509 4251 2715 4314 οἰκείας
2741 4251 3026 4315 ἀσθενείας
3066 4252 3160 4303 καὶ
3183 4247 3484 4318 ἀδυναμίας
3508 4265 3522 4278 ·
3550 4248 3766 4320 ἔτερος.

2210 4344 2271 4396 τὸ
2326 4341 2872 4414 προκαταλαμϐάνειν
2895 4340 2984 4395 τὸν
3008 4339 3236 4409 πλησίον
3260 4341 3319 4392 ὲν
3373 4339 3780 4410 παροργισμοϊς

2210 4439 2304 4491 καὶ
2331 4437 2478 4490 λύειν
2508 4436 2723 4506 πρῶτον
2750 4434 2851 4505 τὴν
2886 4434 3048 4505 μῆνιν
3067 4448 3083 4464 ⁶
3121 4431 3308 4503 ἕτερος
3344 4432 3509 4485 πάλιν
3551 4430 3778 4501 χάριτος

538 4525 784 4581 omnium
814 4537 960 4582 recte
986 4527 1252 4584 factorum
1283 4530 1631 4586 oblivionem.
1661 4531 1817 4587 Alius
1844 4549 1971 4587 vero
2000 4535 2106 4605 (di-

2214 4527 2345 4582 Θεοῦ
2391 4528 2487 4581 καὶ
2521 4524 2863 4596 συμπαθείας
2892 4522 3186 4589 ἐπίγνωσιν
3211 4538 3225 4552 ·
3267 4521 3426 4585 ἄλλος
3450 4537 3779 4591 συντετριμ-

538 4617 714 4689 cebat)
761 4620 1008 4695 eamdem
1058 4636 1202 4688 esse,
1246 4623 1387 4678 inter
1432 4624 1894 4695 postremissimos
1937 4641 2017 4688 se,
2054 4640 2109 4681 ιιι

539 4710 775 4778 peccatis
796 4711 968 4781 magis
995 4726 1161 4782 quam
1193 4722 1417 4769 cancros
1448 4713 1745 4769 obnoxium
1771 4714 2106 4769 existimare.

537 4799 717 4866 Alius,
744 4812 857 4856 suae
893 4802 1282 4860 imbecillitatis
1310 4815 1363 4859 et
1416 4806 1724 4877 fragilitatis
1745 4806 2108 4878 cognitionem

540 4890 757 4946 habere.
793 4891 966 4959 Alius,
994 4903 1331 4950 antevertere
1375 4895 1605 4950 alterum
1640 4896 1693 4951 in
1738 4897 2112 4951 altercationis

540 4984 997 5051 reconciliatione,
1055 4987 1126 5042 ita
1185 4996 1245 5042 ut
1287 4988 1436 5057 prior
1459 4987 1574 5057 ipse
1597 4988 1732 5042 iram
1763 4989 1986 5043 missam
2027 4986 2110 5041 l‘a-

538 5083 649 5129 ciat
687 5084 742 5131 et
785 5074 1066 5133 dissolvat.
1117 5078 1272 5134 Alius
1309 5095 1553 5144 rursum,
1602 5080 1799 5134 divinae
1831 5081 2018 5150 gratiae
2055 5088 2110 5134 et

538 5166 1033 5223 commiserationis
1052 5182 1147 5223 seu
1169 5169 1556 5226 misericordiae
1575 5169 1928 5240 agnitionem.
1952 5170 2106 5226 Alius

540 5255 671 5310 item
697 5259 946 5314 contrita:
985 5259 1181 5315 anima:
1209 5274 1431 5315 sensum
1468 5271 1524 5317 et
1548 5259 1845 5316 voluntatis
1872 5262 2106 5331 propria:

2216 4622 2382 4691 μένης
2407 4620 2584 4689 ψυχῆς
2610 4617 2882 4687 αἴσθησιν.
2915 4616 3009 4669 καὶ
3037 4610 3345 4685 θελήματος
3376 4611 3577 4666 οἰκείου
3606 4612 3782 4683 ἀρνη-

2214 4731 2316 4766 σιν.
2360 4710 2501 4779 Ἐγὼ
2542 4709 2599 4763 δὲ
2630 4710 2845 4764 πάντων
2866 4706 3139 4778 ἀκηκοὼς,
3168 4705 3264 4759 καὶ
3291 4704 3349 4756 ὲν
3384 4701 3560 4774 ἐαυτῷ
3596 4702 3776 4758 ταῦτα
3863 4720 3876 4735 ·

2212 4803 2641 4875 ἑπεσκεμμὲνως
2670 4819 2730 4856 τε
2759 4802 2856 4855 καὶ
2908 4800 3193 4871 νηφάντως
3219 4794 3595 4867 βεδασανικὼς
3627 4833 3647 4861 ,
3676 4796 3781 4865 τὴν

2218 4893 2493 4963 μακαρίαν
2542 4890 2783 4959 ἐκείνης’
2806 4886 3059 4956 αἴσθησιν
3084 4884 3153 4940 δι’
3181 4882 3355 4955 ἀκοῆς
3402 4883 3695 4956 μανθάνειν
3712 4884 3776 4935 οὐ

2214 4985 2529 5055 δεδύνημαι.
2557 4983 2752 5053 Διόπερ
2782 4981 2876 5034 καὶ
2908 4980 3138 5050 ἔσχατος
3178 4976 3397 5030 πάντων
3440 4976 3518 5039 ὡς
3539 4974 3687 5027 κύων
3712 4974 3781 5027 ἐκ

2213 5077 2409 5148 ψιχίων
2431 5075 2708 5147 τραπέζης
2735 5072 2843 5125 τῶν
2873 5067 3191 5142 γνωστικῶν
3220 5069 3332 5146 ,καὶ
3364 5063 3649 5138 μακαρίων
3682 5064 3783 5117 ἐκ-

2213 5168 2520 5222 πιπτόντων
2577 5164 2757 5219 αὐτῶν
2807 5166 2903 5216 τοῦ
2958 5161 3228 5231 στόματος
3270 5153 3603 5227 summa;
3646 5156 3783 5226 περὶ

2210 5260 2414 5330 ταύτης
2448 5258 2762 5329 ὁριζόμενος
2796 5253 2948 5309 εἷπον
2977 5268 3004 5306 ⁸.

540 5348 959 5436 αυάίοαιὶοιφιιι.
999 5352 1133 5419 Quae
1176 5366 1278 5424 ego
1304 5368 1428 5408 cum
1496 5354 1680 5411 omnia
1730 5326 2085 5443 audivissent,
2114 5362 2170 5408 et
2206 5326 2550 5407 considerate
2579 5326 2870 5443 sobrieque
2914 5358 3127 5443 meeum
3171 5337 3603 5443 perpendissem:
3642 5335 3776 5443 belli

513 5447 658 5494 --tum
705 5432 873 5496 illum'
904 5442 1232 5501 humilitatis
1274 5457 1497 5499 sensum
1557 5460 1655 5513 per
1713 5441 2047 5499 auditionem
2106 5442 2327 5512 assequi
2370 5456 2479 5497 non
2523 5441 2694 5513 potui.
2729 5438 2915 5508 Itaque
2984 5436 3132 5521 velut
3180 5432 3691 5521 ultimusjomnium
3721 5437 3783 5485 et

540 5534 842 5592 vilissimus
895 5545 1155 5607 tanquam
1199 5536 1426 5593 catellus
1464 5535 1535 5591 de
1585 5536 1743 5592 micis
1772 5549 1804 5591 e
1847 5549 2031 5592 mensa
2085 5545 2140 5592 et
2199 5549 2295 5590 ore
2356 5534 2665 5605 sapientum
2708 5532 2929 5587 illorum
2986 5538 3046 5585 et
3084 5528 3366 5584 beatorum
3409 5519 3635 5579 Patrum
3668 5535 3737 5580 ea
3763 5547 3784 5564 ο

539 5629 794 5689 dentibus
847 5632 1062 5703 collegi,
1116 5640 1174 5687 et
1220 5632 1288 5689 de
1350 5631 1652 5689 humilitate
1715 5630 2045 5688 disserturus
2080 5632 2233 5690 dixi:

539 5739 963 5914 ηἱιίοῇχαργῶς
1002 5787 1198 5846 habent
1233 5804 1426 5850 omnes
1458 5789 1693 5855 codices,
1719 5802 1827 5871 non
1855 5787 2106 5858 ἐνεργῶς,

623 5886 684 5914 ι.

2235 5785 2707 5859 ῦιιιιιαίάυίοιιείετ
2723 5744 2934 5843 videtur
2958 5783 3171 5857 legisse,
3226 5780 3321 5852 qui
3358 5777 3785 5851 firmiterexpo-

516 5899 525 5907 .
539 5872 698 5925 πιιηο

674 5972 729 6000 οι
