4030 6342
226 449 326 513 380

225 657 411 726 μόνοις
447 652 722 720 εὐώνυμος
737 649 862 709 οτοίς
899 646 992 716 τὴν
1018 647 1212 715 πεῖραν
1271 643 1571 712 εἰληφόσιν.
1605 641 1777 709 ἄφρα-

224 763 353 808 στος
382 742 608 805 πλοῦτος
647 738 778 793 Θεοῦ
821 736 1102 806 ὀνομασία,
1153 733 1244 787 καὶ
1273 731 1524 804 χορηγία.
1555 730 1781 783 Μάθετε

225 838 358 906 γὰρ,
393 835 576 905 φησὶν,
621 833 719 884 οὐκ
772 829 864 882 ἀπ’
895 828 1146 896 ἀγγέλου,
1196 826 1295 879 οὐκ
1333 827 1426 878 ἀπ’
1467 822 1778 894 ἀνθρώπου,

223 931 330 982 οὐκ
359 927 467 982 ἀπὸ
494 926 697 986 δέλτου,
732 923 844 976 ἀλλ’
879 922 978 975 ἀπ’
1007 919 1172 989 ἐμοῦ,
1202 919 1348 971 τοῦτ’
1388 919 1554 981 ἐστιν,
1598 919 1660 968 ἐκ
1685 917 1784 984 τῆς

229 1021 375 1088 ὲμῆς
401 1020 458 1070 ὲν
483 1018 609 1085 ὑμῖν
637 1013 1018 1076 ὲνοικειὼσεως
1039 1013 1131 1066 καὶ
1161 1010 1497 1080 ἐλλάμψεως,
1524 1009 1615 1060 καὶ
1635 1010 1786 1075 ἐνερ-

230 1112 390 1180 γείας
416 1126 430 1140 ο
476 1110 561 1161 ὅτι
609 1107 794 1175 πρᾶός
847 1106 960 1173 είμι
998 1102 1093 1157 καὶ
1132 1101 1410 1165 ταπεινὸς
1439 1098 1512 1167 τῇ
1552 1097 1782 1165 καρδίᾳ,

231 1204 330 1257 καὶ
359 1201 436 1270 τῷ
460 1199 724 1269 λογισμῷ,
757 1199 850 1250 καὶ
880 1197 957 1266 τῷ
997 1195 1324 1266 φρονήματι,
1368 1191 1462 1244 καὶ
1499 1189 1787 1257 εὑρήσετε

228 1294 575 1349 ἀνάπαυσιν
604 1291 873 1360 πολέμων.
907 1283 1322 1355 καὶίκουφισμὸν
1355 1274 1628 1351 λογισμῶν
1659 1279 1787 1344 ταῖς

227 1383 457 1452 ψυχαῖς
483 1380 666 1450 ὑμῶν.
709 1378 876 1447 ’Λλλη
907 1379 1002 1446 τῆς
1048 1374 1200 1436 ὁσίας
1231 1373 1433 1442 ταύτης
1477 1368 1719 1440 ἀμπέλου
1755 1369 1787 1437 ὴ

231 1475 335 1529 θέα
352 1476 407 1526 ἐν
431 1472 654 1542 χειμῶνι
681 1470 865 1522 παθῶν
889 1468 985 1530 ἑτι,
1007 1469 1100 1518 καὶ
1120 1464 1253 1534 άλλη
1272 1466 1327 1516 ἐν
1344 1464 1463 1532 ἒαρι
1483 1459 1665 1512 λοιπὸν
1683 1457 1790 1510 τῶν

231 1565 464 1636 καρπῶν
482 1582 496 1597 ·
529 1565 619 1616 καὶ
641 1563 800 1633 ἑτέρα
827 1562 861 1630 ἡ
884 1562 939 1612 ἐν
964 1558 1110 1626 θέρει
1131 1556 1236 1609 τῶν
1256 1554 1486 1626 ἀρετῶν,
1525 1553 1572 1604 εἰ
1591 1551 1686 1603 καὶ
1712 1552 1790 1612 εἰς

236 1657 369 1729 μίαν
410 1657 578 1709 πᾶσαι
627 1654 795 1722 αὐτῆς
828 1655 882 1705 αἱ
912 1650 1132 1719 θεωρίαι
1173 1646 1554 1716 συντρέχουσιν
1577 1643 1676 1711 τὴν
1700 1642 1792 1694 εύ-

234 1746 511 1819 φροσύνην
546 1745 637 1798 καὶ
665 1741 1060 1814 καρποφορίαν·
1085 1738 1206 1791 ὅθεν
1239 1739 1334 1789 καὶ⁹
1371 1736 1544 1788 οἰκεῖα
1574 1732 1792 1801 ὠσπερ-

235 1844 288 1894 εἱ
342 1841 410 1893 τά
444 1837 684 1908 σύμὸολα
717 1833 906 1889 καὶτά
959 1831 1230 1900 τεκμήρια
1275 1829 1381 1880 τῶν
1421 1825 1646 1896 καρπῶν
1697 1826 1792 1878 κέ-

1185 443 1409 503 SCALA
1459 439 1836 502 PARADISI.
1867 464 1936 476 -
1962 440 2266 502 GRADUS
2292 444 2461 503 XXV.

294 557 770 627 ταπεινοφροσύνη
825 553 942 608 ἐστὶ
981 550 1257 621 ἀνώνυμος
1285 551 1442 622 χάρις
1473 550 1646 620 ψυχῆς
1673 549 1771 616 (5),
1803 555 1847 605 Δ

3345 437 3447 493 ςνιις)

1949 549 2235 602 tluimlitas
2259 560 2340 603 est
2380 546 2552 619 gratia
2589 548 2786 603 anima:
2809 547 3047 602 nominis
3070 561 3284 616 expers,
3315 549 3450 599 solis

1886 642 2162 692 nominata
2221 641 2288 694 iis
2349 656 2444 708 qui
2489 641 2608 708 ejus
2661 640 3091 708 experimentum
3140 645 3445 706 ceperunt:

1889 730 2275 798 inexplicabilis
2311 731 2600 785 thesaurus
2649 745 2677 783 a
2711 729 2817 782 Deo
2859 743 3057 782 nomen
3097 729 3288 782 sortita
3339 730 3451 781 sin-

1888 822 2092 892 gulare,
2126 836 2320 874 munus
2347 820 2460 874 Dei.
2498 820 2712 882 Discite,
2749 820 2942 888 inquit,
2987 833 3090 872 non
3127 819 3196 871 ab
3229 819 3442 886 angelo,

1889 925 1998 962 non
2043 910 2111 962 ab
2141 909 2379 971 homine,
2416 907 2572 977 311
2606 923 2715 961 non
2760 923 2824 960 ex
2862 907 3019 969 libro,
3045 905 3136 959 sed
3169 921 3200 957 a
3231 902 3329 967 me,
3351 906 3452 958 hoc

1890 1012 1994 1065 est,
2029 1015 2094 1053 ex
2127 1016 2242 1053 mea
2279 1001 2332 1052 in
2377 1001 2531 1052 vobis
2577 999 2944 1060 habitatione,
2996 996 3354 1049 illustrationc
3400 1005 3455 1048 et

1891 1091 2227 1161 operatione,
2265 1091 2391 1158 quia
2425 1090 2566 1142 mitis
2595 1106 2710 1141 sum
2742 1097 2790 1140 et
2821 1087 3032 1138 hinnilis
3060 1085 3236 1150 corde,
3270 1095 3324 1138 et
3359 1101 3453 1134 (ιη-

1883 1187 2150 1257 .gitatione
2186 1195 2239 1240 et
2283 1199 2470 1248 sensu,
2521 1191 2568 1235 et
2617 1181 2895 1234 invenietis
2931 1178 3195 1232 bellorum
3224 1177 3450 1230 interio-

1895 1295 2014 1332 rum
2044 1279 2271 1345 requiem
2301 1276 2570 1327 animabus
2605 1273 2786 1326 vestris
2824 1272 2890 1334 ¹³,
2937 1281 2989 1323 et
3036 1270 3276 1324 levamen
3316 1269 3456 1337 cogi-

1898 1371 2158 1424 tationum
2214 1382 2538 1421 vestrarum.
2575 1367 2692 1417 Alia
2744 1372 2827 1416 est
2869 1362 3137 1431 religiosa:
3169 1369 3224 1412 et
3254 1366 3456 1410 sancta:

1898 1465 2060 1532 hujus
2087 1463 2329 1516 vinemin
2380 1458 2576 1513 hiemis
2628 1457 2806 1511 adhuc
2838 1463 3153 1522 tempestate
3177 1462 3229 1504 et
3261 1449 3452 1503 conﬂi—

1898 1569 1985 1610 ctu
2039 1555 2289 1608 vitiorum
2340 1551 2528 1613 facies,
2587 1549 2691 1602 alia
2727 1549 2838 1616 jam
2888 1547 2939 1598 in
2997 1559 3160 1598 verno
3186 1541 3457 1594 fructuum

1899 1646 2052 1709 flore,
2088 1645 2190 1698 alia
2216 1644 2449 1712 denique
2478 1642 2529 1694 in
2561 1641 2713 1710 plena
2747 1639 3008 1691 virtutum
3039 1644 3248 1694 aestate,
3282 1647 3461 1700 quan-

1901 1753 2061 1806 quam
2095 1746 2150 1791 et
2193 1750 2384 1789 omnes
2434 1735 2514 1788 ha:
2564 1729 3029 1786 considerationes
3070 1733 3124 1779 et
3153 1721 3461 1792 spectacula

1903 1829 1954 1880 in
2013 1841 2172 1878 unam
2229 1823 2442 1892 frugum
2496 1821 2738 1876 omnium
2789 1817 3026 1871 ltelitiam
3067 1823 3119 1867 et
3165 1814 3461 1879 ubertatem

238 1948 489 2001 κτηνται.
515 1899 695 1981 ’Ὅταν
725 1927 822 1996 μὲν
849 1924 955 1994 γάρ
986 1925 1043 1975 ὲν
1065 1899 1196 1991 ἡμῖν
1219 1923 1246 1972 ὁ
1284 1921 1379 1988 τῆς
1410 1917 1556 1978 ὁσίας
1593 1914 1793 1983 ταύτης

1910 1931 2253 1979 concurrunt,
2304 1916 2445 1969 unde
2495 1923 2550 1968 et
2590 1911 2804 1981 propria
2846 1908 3008 1963 veluti
3077 1903 3318 1975 symbola
3365 1916 3462 1954 seu

238 2022 492 2077 ἐπανθεῖν
517 2019 709 2089 βότρυς
750 2016 979 2086 ἄρξηται
1021 2013 1118 2082 (4),
1147 2012 1408 2083 μισοῦμεν
1431 2007 1626 2068 εὐθέως
1656 2007 1793 2076 μετα

242 2114 407 2166 πόνου
443 2112 624 2162 πᾶσαν
652 2105 997 2176 ἀνθρωπίνην
1039 2103 1196 2170 δόξαν
1224 2102 1315 2155 καὶ
1345 2097 1618 2167 εὐφημίαν
1647 2112 1661 2126 ⁸
1699 2096 1794 2148 θυ-

246 2201 346 2272 μὸν
381 2201 476 2252 καὶ
492 2198 658 2279 ᾲργὴν
683 2195 738 2262 ἐξ
760 2196 963 2248 ἑαυτῶν
991 2193 1338 2264 ὲξορίζοντες.
1383 2187 1796 2260 Προκοπτούσης

242 2294 302 2347 δὲ
331 2278 532 2344 λοιπὸν
546 2290 644 2359 τῆς
667 2287 931 2358 βασιλίδος
956 2285 1158 2357 ταύτης
1183 2284 1292 2337 τῶν
1319 2282 1527 2351 ἀρετῶν
1548 2283 1612 2349 τῇ
1635 2297 1799 2331 πνευ-

249 2384 455 2453 ματικῇ
509 2379 692 2451 ἡλικίᾳ
738 2380 796 2430 ὲν
850 2379 914 2446 τῇ
957 2375 1125 2444 ψυχῇ,
1161 2374 1240 2434 εἰς
1268 2371 1440 2430 οὐδὲν,
1495 2367 1693 2438 μᾶλλον
1723 2367 1800 2428 εἰς

249 2475 549 2544 βδέλυγμα,
582 2472 755 2526 πάντα
784 2468 850 2521 τά
879 2467 1006 2537 παρ’
1028 2469 1063 2536 -ἠ
1075 2466 1188 2536 μῶν
1231 2453 1592 2531 ἐκτελούμενα
1622 2458 1803 2526 ἀγαθά

252 2561 600 2631 λογιζόμεθα,
643 2561 818 2611 πᾶσαν
870 2556 1078 2625 ἡμέραν
1127 2550 1470 2621 προστιθέναι
1507 2546 1705 2616 μᾶλλον
1728 2545 1805 2614 τῷ

251 2653 473 2724 φορτίῳ⁸
510 2652 568 2702 ἑν
623 2647 884 2715 ἀγνώστῳ
926 2640 1252 2711 σκορπισμῷ
1298 2638 1802 2706 ὑπολαμϐάνοντεςο

249 2745 350 2815 τὴν
385 2743 441 2796 δὲ
487 2742 596 2794 τῶν
639 2742 697 2792 ὲν
745 2739 877 2807 ἡμῖν
905 2733 1310 2802 ἐπιδημούντων
1347 2731 1506 2783 θείων
1535 2730 1805 2799 χαρισμά-

251 2851 361 2886 των
403 2830 740 2902 περιουσίαν,
779 2828 851 2890 ὡς
884 2825 1197 2897 προσθήκην
1245 2823 1484 2885 πλείονος
1512 2823 1803 2884 κολάσεως,

250 2925 328 2986 ὡς
355 2923 455 2977 οὐκ
477 2921 647 2984 ἀξίοις
684 2919 857 2972 αὐτῶν
881 2904 1272 2991 ὕποπτεύομεν.
1306 2915 1395 2967 Διὸ
1437 2915 1558 2966 τότε
1585 2915 1679 2966 καὶ
1716 2913 1808 2982 μὲ-

253 3030 338 3066 νει
373 3016 403 3066 ὁ
435 3011 559 3075 νοῦς
592 3009 786 3073 ἄσυλος
827 3010 882 3062 ὲν
918 3008 1184 3078 βαλαντίῳ
1231 3006 1583 3076 μετριότητος
1621 3004 1810 3057 ἑαυτὸν

255 3101 820 3171 κατασφαλισάμενος,
839 3099 962 3160 τοὺς
984 3098 1221 3175 κτύπους
1239 3097 1397 3166 μόνον
1443 3098 1536 3150 καὶ
1557 3097 1623 3150 τά
1645 3096 1813 3164 ἀθύρ-

1897 2014 2051 2079 signa
2100 2021 2153 2063 et
2210 2015 2525 2078 argumenta
2597 2003 2868 2057 fructuum
2943 1999 3163 2052 habent.
3237 1993 3464 2060 Quando

1897 2103 2039 2155 enim
2059 2099 2251 2153 divinae
2275 2097 2436 2165 hujus
2461 2096 2633 2149 vinea:
2678 2108 2796 2145 uvae
2824 2089 3088 2157 coeperint
3108 2085 3462 2141 efﬂorescere.

1902 2203 2010 2244 tum
2037 2206 2165 2244 vero
2195 2191 2376 2244 statim
2417 2203 2604 2240 omnes
2645 2186 2912 2238 humanas
2959 2181 3149 2234 laudes
3191 2189 3243 2232 et
3267 2179 3468 2245 glorias

1900 2299 2003 2337 non
2048 2284 2163 2335 sine
2185 2281 2349 2334 animi
2384 2281 2569 2332 dolore
2617 2277 2854 2334 odimus,
2899 2274 2977 2326 ira
3013 2271 3161 2325 omni
3201 2278 3254 2322 et
3276 2267 3463 2323 furore

1903 2375 2139 2446 procula
2185 2372 2342 2426 nobis
2395 2370 2635 2440 expulsis
2687 2377 2742 2422 et
2785 2368 3018 2437 rejectis.
3076 2365 3343 2418 Caeterum
3376 2362 3469 2415 ubi

1905 2467 2084 2535 regina
2121 2465 2232 2518 hac
2256 2463 2516 2515 virtutum
2558 2460 2626 2513 ad
2667 2458 2869 2536 justam
2897 2455 3121 2527 spiritus
3157 2463 3366 2507 atatem
3416 2452 3470 2502 in

1907 2556 2084 2608 anima
2136 2551 2446 2620 profecerit.
2496 2560 2608 2601 lum
2662 2549 2916 2614 deinceps
2967 2545 3146 2597 omnia
3188 2557 3308 2611 quae
3340 2539 3470 2591 faci-

1908 2662 2027 2699 mus
2061 2646 2196 2696 bona
2229 2642 2381 2696 nihili
2408 2642 2761 2708 :BSlitllamus,
2801 2638 2908 2690 imo
2940 2635 3119 2704 potius
3149 2635 3290 2684 velut
3331 2632 3464 2682 aho-

1911 2735 2217 2788 minandum
2247 2732 2377 2800 quid
2422 2744 2788 2790 exsecramur,
2825 2735 2879 2780 et
2913 2725 3154 2794 quotidie
3189 2738 3288 2776 nos
3319 2720 3471 2772 oneri

1912 2819 2256 2895 peccatorum
2287 2820 2513 2891 aliquid,
2558 2835 2652 2888 per
2688 2819 3013 2886 incognitam
3039 2813 3473 2881 dissipationem,

1911 2917 2145 2983 adjicere
2175 2913 2501 2966 arbitramur
2531 2911 2629 2976 (α).
2660 2907 2973 2962 Cwlestium
3017 2919 3145 2959 vero
3174 2902 3472 2974 gratiarum

1918 3005 2304 3059 redundantem
2359 3003 2411 3054 in
2456 2999 2633 3063 nobis,
2684 2997 2885 3068 quibus
2915 2995 3119 3064 indigni
3149 3008 3358 3056 sumus,
3381 3004 3449 3044 co

1913 3099 2074 3164 piam,
2099 3093 2241 3146 velut
2267 3091 2532 3158 majorum
2563 3087 2949 3156 suppliciorum
2974 3086 3273 3138 auctariuni
3297 3093 3482 3146 suspe-

259 3212 406 3266 ματα
445 3193 553 3247 τῶν
576 3190 819 3244 κλεπτῶν
849 3188 1080 3251 ἀκούων,
1117 3188 1212 3240 καὶ
1245 3188 1334 3238 ὑπ’
1372 3185 1581 3248 οὐδενὸς
1607 3186 1808 3238 τούτων

1915 3197 2054 3240 ctam
2113 3185 2394 3236 habemus.
2450 3181 2601 3251 Quas.
2625 3179 2696 3231 ob
2737 3191 2932 3232 causas
2983 3177 3135 3227 triens
3193 3181 3379 3225 nostra
3412 3169 3480 3221 ab

258 3284 669 3357 ὲπηρεασθῆναι
697 3281 1009 3350 δυνάμενος,
1033 3278 1189 3348 εἴπερ
1233 3279 1517 3346 μετριότης
1545 3278 1693 3328 ἐστὶν
1717 3293 1812 3327 τα-

261 3380 383 3448 μεῖο
444 3373 870 3443 ἀνεπιχείρητον.
903 3372 1038 3440 Περὶ
1076 3369 1173 3438 μὲν
1203 3364 1296 3421 οὖν
1337 3368 1435 3435 τῆς
1479 3365 1810 3435 ἀνθηφορίας

260 3467 355 3520 καὶ
391 3465 670 3536 προκοπῆς
703 3461 954 3532 βραχείας
993 3459 1086 3513 τοῦ
1135 3455 1414 3519 ἀειθαλοῦς
1457 3457 1668 3526 καρποῦ
1724 3457 1810 3508 διὰ

262 3557 614 3628 μικρολογίας
675 3553 980 3622 φιλοσοφεῖν
1015 3551 1441 3623 ,τετολμήκαμεν
1464 3565 1479 3580 ο
1509 3549 1560 3601 τί
1601 3549 1656 3601 δὲ
1702 3548 1812 3599 λοι-

249 3654 361 3721 ⁵πῖον
413 3649 474 3702 τὸ
522 3648 724 3702 τέλειον
774 3645 1005 3698 ἔπαθλον
1053 3625 1169 3712 τῆς
1207 3644 1377 3711 ἱερᾶς,
1408 3641 1498 3693 τὸν
1529 3641 1733 3710 Κύριον
1762 3641 1811 3692 οἱ

258 3745 356 3798 τοῦ
395 3741 598 3813 Κυρίου
643 3740 828 3791 οἰκεῖοι
873 3738 1201 3807 ἐρωτήσατε.
1267 3734 1401 3802 Περὶ
1437 3729 1534 3802 μὲν
1582 3729 1675 3786 οὖν
1712 3731 1810 3800 τῆς

261 3848 558 3902 ποσοτητος
599 3829 699 3898 τῆς
730 3818 933 3889 ὀὐσίας
980 3825 1181 3894 ταύτης
1230 3823 1406 3891 λέγειν
1450 3823 1510 3875 ού
1549 3825 1768 3876 δυνατόν
1797 3840 1810 3852 ο

263 3923 468 3995 περὶδὲ
505 3921 604 3990 τῆς
635 3909 916 3986 ποιότητος
953 3915 1354 3994 ἀδυνατώτερον
1390 3918 1616 3986 φράσαι.
1668 3915 1814 3985 Πλὴν

263 4018 320 4068 δὲ
345 4015 475 4084 περὶ
498 4013 596 4080 τῆς
625 4011 884 4079 ἰδιότητος
912 3997 1052 4061 κατά
1093 4009 1188 4075 τὴν
1230 4008 1655 4072 ύπεισελθοῦσαν
1683 4012 1814 4080 ἡμῖν

264 4109 472 4160 ἔννοιαν
500 4104 676 4171 λέγειν
703 4102 1140 4170 ἐπιχειρήσομεν.

267 4203 360 4274 qui
403 4201 550 4255 illius
605 4197 901 4250 familiares
941 4203 992 4248 et
1030 4194 1328 4249 domestici
1361 4197 1513 4250 estis.
1589 4197 1904 4269 Magnitudo
1944 4197 2106 4265 hujus
2156 4183 2395 4241 thesauri
2447 4179 2606 4233 nullis
2665 4177 2843 4230 verbis
2897 4171 3123 4243 exprimi
3181 4175 3390 4238 potest:
3441 4183 3470 4216 e

1916 3277 2158 3330 hostibus
2207 3273 2497 3340 inspoliata
2545 3278 2747 3333 manet,
2797 3280 3023 3334 seseque
3055 3265 3192 3316 intra
3227 3276 3337 3316 suae
3376 3277 3484 3313 nie-

1907 3367 2208 3421 diocritatis
2242 3364 2540 3431 pelliculam
2579 3369 2760 3412 tuetur
2794 3373 2856 3434 ac
2889 3365 3052 3418 tenet,
3085 3355 3325 3421 nihilque
3359 3351 3468 3404 nisi

1911 3457 2089 3510 furum
2121 3454 2422 3521 ﬁtrepitus,
2468 3459 2522 3504 et
2569 3447 2801 3502 ludibria
2859 3447 3030 3509 audit,
3077 3445 3167 3497 sed
3211 3442 3280 3495 ab
3326 3443 3477 3495 nullo

1915 3548 2030 3601 laedi
2091 3546 2351 3598 violarive
2402 3551 2596 3612 potest,
2639 3539 2856 3607 quando
2920 3553 3082 3589 aurea
3132 3537 3219 3587 illa
3279 3533 3484 3586 inedio-

1916 3641 2082 3691 critas
2112 3636 2273 3705 312
2306 3643 2390 3687 est
2448 3634 2595 3684 velut
2642 3628 3058 3697 inexpugnabile
3106 3625 3376 3678 aerarium.
3414 3621 3487 3674 De

1910 3731 2273 3784 elllorcscente
2311 3741 2438 3793 ergo
2476 3725 2575 3775 hac
2622 3723 2817 3774 virtute
2857 3719 2965 3790 [De
3008 3718 3179 3783 primo
3225 3727 3353 3780 ergo
3388 3712 3503 3763 IIII-‘~

1912 3823 2160 3880 militalis
2199 3820 2326 3871 flore
2351 3816 2393 3886 ],
2425 3813 2696 3881 celerique
2726 3810 2938 3862 fructus
2970 3807 3131 3873 hujus
3163 3817 3374 3868 semper
3400 3801 3480 3850 ιί-

1912 3917 2079 3972 rentis
2136 3909 2402 3980 profectu,
2454 3905 2688 3958 breviter
2720 3901 2987 3953 disserere
3023 3905 3074 3948 et
3106 3890 3475 3961 philosophari

1917 4007 2036 4062 ausi
2089 4015 2298 4059 sumus.
2343 3997 2493 4058 Quod
2524 4007 2650 4045 vero
2682 4004 2828 4044 nunc
2857 3973 2945 4042 sit;
2972 3985 3165 4038 divina:
3199 3981 3359 4048 hujus
3387 3979 3490 4030 vir-

1924 4101 2055 4157 tutis
2087 4093 2387 4164 perfectum
2419 4085 2726 4155 prmmium,
2753 4079 2977 4150 quaerite
3019 4092 3085 4132 ex
3115 4076 3231 4145 ipso
3266 4072 3494 4126 Domino

3475 4151 3494 4192 Ι.

266 4299 438 4356 multo
478 4296 657 4349 minus
686 4292 882 4348 modus
913 4305 1008 4346 seu
1046 4291 1279 4359 qualitas
1310 4293 1573 4362 ejusdem.
1641 4295 1713 4350 De
1773 4303 2097 4368 proprietate
2146 4287 2310 4356 igitur
2371 4276 2710 4335 humilitatis.
2751 4281 2908 4342 prout
2965 4269 3315 4323 nobis.mens
3367 4278 3495 4331 sug-

267 4394 522 4467 gesserit,
559 4386 739 4445 dicere
772 4388 974 4458 aliquid
1004 4388 1324 4441 conabimur

337 4488 632 4547 Μετάνοια,
654 4482 1101 4555 μεμεριμνημένη
1123 4484 1326 4551 μέντοι,
1368 4483 1462 4534 καὶ
1505 4487 1698 4548 πένθος
1720 4504 1824 4554 αφ·
1858 4491 1899 4542 Ι)

268 4577 594 4652 ηγνισμένον
625 4575 804 4644 πάσης
831 4571 1062 4643 κηλῖδος,
1111 4576 1204 4624 καὶ
1249 4574 1280 4641 ὴ
1320 4572 1570 4636 πανόσιος
1605 4577 1823 4642 εἰσαγο-

273 4673 454 4743 μένων
481 4668 825 4729 ταπείνωσις,
854 4663 1122 4734 τοσαύτην
1164 4663 1264 4734 ag
1293 4662 1537 4734 ἀλλήλων
1569 4664 1667 4734 τὴν
1703 4665 1822 4719 δια-

271 4760 469 4830 φορὰν,
531 4755 626 4808 καὶ
666 4754 766 4823 τὴν
815 4754 1087 4825 διάκρισιν
1153 4753 1466 4824 κέκτηνται,
1533 4753 1664 4824 ὅσην
1707 4753 1820 4824 ἔχει

275 4849 426 4920 παρά
459 4845 548 4898 τὸν
586 4843 748 4914 ἄρτον
785 4844 819 4912 ἡ
862 4844 1005 4915 ζύμη
1046 4844 1141 4913 καὶ
1173 4845 1202 4896 ὁ
1229 4843 1476 4914 ἅλευρος.
1539 4845 1826 4915 Συντρίὸε-

275 4959 367 4996 ται
415 4938 513 5004 μὲν
551 4934 658 5005 γάρ
701 4934 846 5004 ψυχὴ
876 4936 968 4987 καὶ
1026 4933 1346 4988 λεπτύνεται
1401 4934 1488 4987 διά
1544 4935 1829 5004 μετανοίας

275 5028 540 5102 ἐναργοῦς
558 5045 571 5059 ·
600 5026 812 5081 ἑνοῦται
835 5024 892 5077 δέ
911 5042 1049 5092 πως,
1083 5026 1176 5088 καὶ
1217 5026 1284 5078 ἵν’
1312 5025 1484 5092 οὕτως
1517 5028 1825 5101 εἴπωυσυμ..

279 5099 510 5195 φύρεται
554 5117 672 5189 Θεῷ
711 5117 776 5170 δι’
822 5115 1010 5176 ὓδατος
1039 5115 1263 5178 πένθους
1308 5115 1613 5185 ἀψευδοῦς·
1659 5099 1719 5181 εξ
1766 5109 1867 5169 οὗ³

280 5216 378 5270 καὶ
401 5213 646 5284 ὲξάψασα
673 5209 782 5280 πῦρ
815 5207 1018 5268 Κυρίου
1049 5209 1419 5276 ἀρτοποιεῖται
1448 5207 1544 5261 καὶ
1577 5207 1827 5278 στερεοῦ-

279 5323 375 5359 ται
413 5307 453 5376 ἡ
492 5302 736 5374 μακαρία
772 5298 1092 5360 ταπείνωσις
1141 5299 1176 5368 ή
1208 5297 1425 5367 ’ἄζυμος
1463 5297 1560 5350 καὶ
1603 5298 1826 5367 ἄτυφοςο

280 5395 408 5448 ὅθεν
452 5395 545 5448 καὶ
701 5394 780 5454 εἰς
821 5390 945 5461 μίαν
976 5385 1221 5456 δύναμιν,
1265 5387 1358 5438 καὶ
1395 5386 1693 5456 ἐνέργειαν,
1739 5387 1834 5438 καὶ

283 5484 586 5542 ουνθὲουσα
603 5487 771 5557 ἑαυτῇ
800 5485 833 5554 η
868 5480 1120 5542 πανόσιος
1149 5476 1286 5547 αὕτη
1325 5476 1597 5548 τρίσειρος
1619 5475 1831 5541 ἅλυσις,

358 5606 406 5668 .“
448 5605 640 5662 Matth.
672 5621 750 5671 xi,
781 5603 870 5660 9.5.

371 5766 445 5838 (α)
473 5766 666 5838 Vultne
687 5767 1022 5838 hoedicere,
1051 5777 1149 5816 nos
1181 5775 1273 5828 per
1299 5757 1709 5838 incognitamet
1743 5767 1835 5807 oc-
1862 5771 1863 5778 π

289 5823 493 5895 ουΙίέπι
568 5829 973 5904 dissipationem
1009 5823 1455 5899 pnus-quotidie
1511 5823 1830 5882 diminuere,

1997 4471 2315 4531 Pmiiitentia
2350 4481 2535 4521 verum
2581 4471 2832 4518 accurata
2856 4500 2872 4524 ,
2924 4459 3103 4512 luctus
3140 4454 3233 4523 qui
3258 4443 3494 4506 °omnem

1922 4565 2087 4621 animi
2120 4563 2292 4616 labem
2321 4556 2485 4618 eluit,
2541 4553 2880 4622 sanctissima
2919 4549 3150 4599 tironum
3185 4541 3493 4607 humilitas,

1925 4667 2073 4711 tanto
2114 4654 2256 4706 inter
2298 4663 2356 4703 se
2396 4641 2713 4699 discrimine
2748 4649 2801 4692 et
2839 4632 3459 4689 discretionediﬂ‘erunt
3483 4676 3496 4697 ,

1903 4738 2131 4818 'quauto
2165 4743 2489 4798 fermentum
2519 4742 2574 4787 et
2607 4731 2779 4784 farina
2816 4743 2845 4779 a
2898 4743 3056 4796 pane.
3093 4726 3194 4780 l’er
3232 4732 3497 4797 verainjct

1926 4817 2197 4894 efficacem
2229 4824 2598 4898 paenitentiam
2631 4820 2809 4873 anima
2840 4817 3136 4872 conteritur
3163 4827 3216 4872 et
3240 4823 3498 4871 extenua-

1933 4939 2040 4991 tur,
2071 4926 2340 5012 adunatur
2364 4929 2492 4968 vero
2533 4920 2587 4966 et
2611 4951 2625 4975 ,
2660 4918 2720 4964 ut
2754 4910 2836 4963 sic
2868 4909 3058 4978 loquar
3083 4949 3099 4974 ,
3142 4910 3500 4979 permiscet“:

1931 5001 2332 5088 quodammodo
2374 5005 2483 5058 Deo
2525 5017 2620 5072 per
2659 5001 2860 5056 sinceri
2916 5002 3095 5055 luctus
3162 5016 3393 5084 aquam,
3432 5015 3497 5051 (Χ

1931 5071 2040 5178 quo
2068 5109 2329 5168 conoepto
2365 5094 2575 5150 Domini
2619 5094 2740 5163 igne
2787 5094 2841 5146 in
2900 5107 3098 5162 panem
3155 5071 3419 5145 fotunatur
3446 5099 3500 5143 et

1934 5198 2155 5253 excluso
2193 5191 2306 5260 jam
2367 5187 2515 5242 omni
2563 5185 2830 5239 fermento
2875 5195 2930 5241 et
2976 5192 3189 5237 tumore
3233 5179 3499 5250 superbia:

1936 5284 2198 5342 solidatur
2225 5280 2384 5334 beata
2429 5277 2734 5332 humilitas.
2771 5273 2923 5330 Unde
2959 5283 3214 5342 tanquam
3247 5274 3298 5325 in
3335 5287 3494 5323 unam

1937 5376 2048 5429 vim
2091 5355 2146 5428 et
2190 5370 2447 5424 virtutem
2493 5354 2549 5421 in
2597 5365 2828 5434 seipsam
2870 5363 3110 5416 revoluta
3157 5357 3496 5423 sanctissima

1938 5470 2054 5524 hac
2078 5475 2132 5520 et
2157 5462 2306 5518 'trilix
2335 5470 2525 5517 catena
2553 5499 2569 5526 ,
2600 5458 2681 5513 vel
2717 5455 2899 5526 potius
2929 5454 3025 5510 iris
3045 5493 3060 5517 ,
3089 5466 3216 5509 suas
3234 5437 3495 5518 quasdam

1940 5745 2068 5799 dum
2103 5755 2356 5816 putamus
2375 5759 2486 5816 nos
2510 5755 2737 5816 augere;
2766 5753 2832 5792 an
2863 5730 3042 5806 potius
3068 5719 3491 5816 pcrdissipatio:

1943 5831 2066 5869 nem
2097 5794 2489 5871 donoru—m-bei
2514 5794 2779 5867 ὸεὲυιιαὶη
2836 5794 3028 5872 angere
3068 5794 3208 5854 onus
3243 5794 3497 5865 pecrati?
