4030 6342
521 313 620 380 991

1758 317 1818 376 S.
1853 315 2171 377 JOANNIS
2196 313 2500 374 CLIMACI

523 439 578 486 et
608 427 905 496 singulares
941 426 1100 482 habet
1125 427 1368 501 actiones
1398 437 1454 484 et
1482 429 1841 500 proprietates
1865 470 1881 488 .
1914 426 2087 498 quod-
2115 450 2128 487 Α

2224 427 2395 481 ,ἄλλον
2424 429 2481 482 δὲ
2507 427 2633 495 ίρις,
2646 425 2850 488 οίκείας
2876 441 2992 488 πως
3009 423 3102 479 καὶ
3118 423 3218 489 τὰς
3231 425 3491 495 ἐργασίας
3510 426 3613 499 (5),
3644 423 3749 482 κάι

526 536 633 603 que
659 519 876 590 signum
901 517 1056 574 alteri
1085 533 1152 574 ex
1181 519 1288 574 illis
1314 520 1600 574 convenire
1631 519 1864 583 dixeris,
1897 521 2000 573 hoc
2029 526 2084 572 et

522 609 580 664 ιιι
622 610 784 664 altera
834 624 1049 678 quoque
1084 611 1472 680 deprehendes.
1521 610 1708 681 Itaque
1746 609 1891 680 quod
1929 625 1960 664 a
2002 625 2090 664 me

523 704 636 773 jam
664 702 895 758 breviter
924 703 1126 757 dictum
1153 713 1256 767 est,
1293 705 1396 759 hoc
1420 703 1798 759 demonstrare
1823 703 2088 758 conabor.

525 796 708 850 Prima
744 805 799 849 et
826 795 1098 864 'princeps
1128 795 1443 850 excellentis
1471 797 1636 866 hujus
1676 807 1728 851 et
1762 795 2094 850 admirandae

531 882 737 934 triados
762 883 1059 951 proprietas
1080 891 1133 936 et
1162 890 1354 936 natura
1380 892 1485 946 est,
1513 882 1922 953 promptissima
1945 883 2095 952 igno-

435 983 441 992 ‘
535 973 714 1026 minias
768 975 1082 1042 perpessio,
1141 989 1303 1042 quam
1351 975 1563 1043 supinis
1611 975 1865 1046 manibus
1917 975 2096 1028 anima

533 1062 691 1132 313
728 1063 940 1132 excepit
966 1073 1021 1118 et
1049 1065 1386 1132 amplexatur
1405 1105 1421 1130 ,
1455 1074 1514 1119 ut
1542 1081 1664 1134 quae
1690 1064 1946 1119 omnibus
1977 1065 2096 1118 ani.

536 1169 638 1208 mae
666 1156 873 1210 morbis
903 1155 1184 1210 medeatur
1205 1194 1222 1219 ,
1259 1164 1313 1208 et
1350 1172 1544 1225 magna
1583 1165 1802 1227 peccata
1841 1156 2015 1211 deleat
2046 1167 2100 1211 et

536 1245 805 1301 absumat.
829 1247 1015 1302 Altera
1054 1247 1236 1302 omnis
1265 1248 1359 1302 irae
1387 1249 1530 1303 illius
1557 1248 1845 1304 exstinctio
1869 1256 1923 1302 et
1950 1249 2005 1302 in
2035 1262 2101 1302 ea

537 1340 901 1408 consopienda
957 1351 1169 1396 servata
1215 1341 1479 1403 modestia
1541 1349 1596 1395 et
1641 1341 1853 1396 modus.
1890 1339 2104 1396 Tertius

539 1435 596 1481 et
627 1423 1108 1496 praestantiSsimus
1143 1430 1308 1499 hujus
1348 1425 1548 1500 gradus
1572 1439 1657 1484 est
1683 1429 1824 1484 bona
1852 1430 1955 1485 ﬁde
1982 1444 2104 1483 cre-

541 1519 671 1574 dere
710 1534 768 1573 se
812 1535 917 1574 non
949 1536 1070 1576 esse
1115 1521 1320 1576 bonum
1343 1561 1359 1584 ,
1393 1537 1516 1576 cum
1564 1531 1821 1592 perpetuo
1859 1520 2106 1576 discendi

543 1609 830 1664 desiderio.
865 1609 1018 1665 Finis
1039 1613 1255 1681 quidem
1290 1613 1416 1683 legis
1442 1623 1497 1668 et
1523 1614 1912 1684 prophetarum
1943 1613 2106 1667 Chri-

545 1709 662 1753 stus
702 1701 756 1752 in
786 1701 1230 1771 justiﬁcationem
1259 1706 1403 1758 omni
1433 1706 1664 1758 credenti
1692 1705 1756 1759 “.
1795 1704 1944 1760 Finis
1981 1719 2109 1759 vero

2192 520 2458 590 ίδιθιητας
2471 519 2728 589 κέκτηται
2745 535 2761 548 '
2781 517 2874 571 καὶ
2886 518 3020 588 ὅπερ
3037 517 3104 571 ἂν
3119 516 3354 590 θατέρας
3381 521 3558 583 είποις
3571 519 3753 590 ὑπάρ-

2189 628 2306 688 χειν
2325 610 2609 679 σύμϐολον,
2625 611 2782 661 τοῦτο
2804 609 3006 680 καὶτῆς
3021 607 3210 678 ἑτέρας
3231 606 3413 678 εὕροις
3433 609 3500 663 ἂν
3523 611 3754 679 γινόμεο

2188 720 2278 757 νον
2292 702 2596 773 γνώρισμα.
2614 702 2703 755 Διὸ
2713 703 2806 754 καὶ
2822 688 2877 752 ὲν
2891 702 3135 771 συντόμῳ
3147 700 3206 754 τὸ
3218 702 3264 754 εί
3270 720 3338 774 ρη
3346 703 3506 772 μένον
3525 703 3592 756 δι’
3605 703 3751 756 ἀπτο-

2189 794 2404 858 δείξεως
2423 793 2664 864 κυρῶσαι
2678 791 3028 862 πειράσομαι.
3045 791 3262 860 ’ἰδίωμα
3282 792 3381 862 μὲν
3397 797 3506 862 γὰρ
3520 792 3619 863 τῆς
3633 808 3747 845 καν-

2190 887 2289 956 λῆς
2316 884 2522 955 ταύτης
2551 885 2646 937 καὶ
2664 883 2993 952 ἀξιαγάστου
3016 880 3244 954 Τριάδος
3281 884 3501 954 πρῶτον
3522 885 3617 938 καὶ
3645 885 3744 948 ὲξ-

2193 978 2407 1049 αίρετον
2443 976 2663 1045 ἀτιμίας
2680 973 2911 1044 ὑποδοχὴ
2934 975 3329 1045 ἀσμενεστάτη,
3354 976 3573 1039 ὑπτίαις
3590 975 3760 1046 χερσὶ

2193 1068 2372 1140 ψυχῆς
2387 1068 2814 1138 προσδεχομένης
2830 1067 2920 1120 καὶ
2937 1082 3003 1118 πε
3012 1068 3438 1137 ριπτυσσομένεης
3457 1067 3657 1137 ταύτην
3676 1066 3764 1130 ὡς

2196 1159 2617 1217 καταπαύουσαν
2674 1158 2765 1212 καὶ
2820 1156 3264 1226 καταφλέγουσαν
3294 1157 3483 1222 νόσους
3540 1157 3763 1226 ψυχῆς,

2198 1253 2292 1307 καὶ
2329 1251 2602 1323 ἁμαρτίας
2631 1249 2904 1317 μεγάλας·
2938 1248 3189 1318 δεύτερον
3218 1246 3276 1300 δὲ
3299 1248 3394 1302 ἀπ’
3419 1249 3622 1302 ἐκείνου
3654 1248 3765 1300 θυ-

2202 1348 2305 1420 μοῦ
2337 1347 2536 1411 παντὸς
2581 1344 2823 1398 ἀπώλεια
2865 1340 3117 1414 [ονἦσις],
3145 1340 3242 1394 καὶ
3269 1340 3556 1412 μετριότης
3593 1341 3650 1392 ἓν
3683 1341 3765 1410 τῇ

2199 1440 2390 1494 τούτου
2417 1438 2737 1493 κατευνάσει
2757 1453 2770 1466 ·
2801 1431 3058 1504 τρίτοςδὲ
3089 1430 3294 1502 βαθμδς
3314 1430 3613 1493 κάλλιστος,
3641 1429 3768 1482 τῶν

2201 1530 2417 1583 οἰκείων
2468 1527 2651 1582 καλῶν
2683 1523 2908 1579 ἀπιστία
2958 1520 3145 1591 πιστὴ,
3187 1520 3283 1574 καὶ
3307 1519 3558 1590 διηνεκὴς
3589 1518 3772 1590 μαθή-

2205 1639 2339 1684 σεως
2363 1620 2559 1692 ὄρεξις.
2592 1617 2771 1682 Τέλος
2797 1615 2892 1686 μὲν
2911 1613 3098 1682 νόμου
3143 1609 3239 1664 καὶ
3265 1607 3581 1681 προφητῶν,
3619 1608 3771 1675 Χρι-

2204 1711 2350 1778 στὸς
2399 1712 2486 1776 είς
2537 1707 2936 1772 δικαιοσύνην
2981 1702 3160 1758 παντὶ
3218 1699 3301 1765 τῷ
3366 1699 3715 1754 πιστεύοντι
3752 1714 3768 1726 ο

546 1790 899 1848 vitiositatum
956 1802 1012 1848 et
1065 1794 1398 1866 impurarum
1451 1798 1919 1866 perturbationum
1971 1811 2108 1850 vana

2224 1804 2358 1865 ιέλος
2388 1803 2444 1854 δὲ
2487 1800 2676 1854 παθῶν
2713 1798 3034 1868 ἀκαθάρτων
3059 1790 3456 1891 κενοδοξία.γ.αὶ
3475 1792 3773 1891 ὑπερηφαδ

549 1880 718 1950 gloria
740 1894 792 1937 et
821 1885 1072 1954 superbia
1101 1887 1249 1941 omni
1281 1902 1389 1940 non
1415 1888 1734 1949 attendenti.
1759 1904 1897 1957 quas
1921 1902 2111 1941 omnes

2224 1895 2301 1948 via.
2328 1895 2487 1947 παντὶ
2533 1892 2613 1962 τῷ
2661 1891 2734 1961 μὴ
2782 1889 3094 1961 προσέχοντι
3153 1885 3271 1955 (6)·
3321 1878 3396 1938 ὧν
3450 1881 3775 1953 καθαιρετις

547 1981 731 2040 pestes
753 1975 1058 2030 animorum
1081 1986 1270 2032 enecat
1295 1979 1596 2047 spiritualis
1626 1980 1714 2033 illa
1743 1995 1899 2034 cerva
1928 1995 2114 2034 suum-

550 2077 659 2133 que
699 2066 1061 2120 convictorem
1099 2069 1171 2139 ab
1220 2069 1368 2122 omni
1434 2070 1576 2123 letali
1615 2084 1820 2124 veneno
1853 2070 2113 2125 intactum

549 2161 607 2208 et
635 2153 860 2209 illaesum
893 2167 1196 2212 conservat.
1239 2158 1339 2213 Ubi
1382 2161 1527 2214 enim
1577 2160 1632 2215 in
1679 2162 1767 2214 illa
1816 2159 2116 2231 hypocrisis

551 2243 705 2300 virus
729 2247 996 2317 apparet?
1031 2251 1120 2304 ubi
1152 2251 1606 2306 obtrectationis?
1652 2252 1742 2306 ubi
1792 2267 2016 2321 serpens
2061 2254 2115 2305 in

552 2349 786 2390 caverna
810 2337 1026 2392 latitat?
1062 2339 1192 2408 quin
1224 2340 1406 2409 putius
1427 2356 1493 2395 ex
1521 2341 1638 2410 ipsa
1667 2351 1825 2396 terrae
1852 2350 1908 2397 et
1934 2341 2117 2396 cordis

552 2424 757 2482 latebra
785 2428 838 2481 in
870 2429 1146 2498 publicum
1179 2432 1545 2500 protrahitur,
1585 2432 1914 2486 interimitur
1943 2444 1995 2487 et
2023 2433 2120 2488 ab-

557 2517 818 2571 sumitur.
873 2517 989 2574 No‘n
1030 2530 1254 2590 apparet
1293 2521 1349 2576 in
1399 2523 1502 2576 hoc
1549 2524 1910 2578 contubernio
1957 2524 2120 2578 ullius

556 2607 668 2662 odii
698 2609 910 2678 signum
932 2649 948 2675 ,
990 2625 1098 2666 non
1131 2613 1496 2670 oblocutionis
1536 2615 1784 2685 species,
1838 2633 1948 2671 non
1985 2617 2122 2670 odor
2164 2605 2171 2612 ’

556 2702 916 2756 contumacia!
961 2712 1057 2756 aut
1101 2705 1607 2774 tergiversationis,
1654 2707 1762 2760 nisi
1811 2707 1950 2762 forte
1995 2722 2122 2763 cum

560 2790 695 2848 ﬁdes
716 2797 861 2846 venit
886 2793 938 2846 in
974 2795 1297 2862 periculum.
1327 2796 1429 2861 Qui
1464 2813 1588 2852 cum
1607 2785 1720 2852 hac
1744 2799 1890 2854 velut
1925 2816 2126 2868 sponsa

522 2943 530 2948 ,
561 2898 798 2952 sponsus
829 2884 1118 2952 copulatus
1144 2897 1228 2941 est
1253 2927 1269 2952 ,
1303 2887 1438 2943 lenis
1462 2928 1478 2953 ,
1518 2889 1797 2959 placidus,
1839 2907 2040 2962 pronus
2072 2896 2128 2948 in

560 2975 1076 3040 compunctionem,
1141 2975 1488 3044 misericors,
1541 2995 1707 3050 super
1767 2983 1950 3036 omnia
2001 2999 2129 3038 vero

467 3105 472 3111 .
515 3113 518 3116 .
563 3077 789 3120 serenus
820 3077 874 3120 et
909 3067 1265 3136 tranquillus,
1297 3068 1452 3125 laetus
1487 3080 1542 3125 et
1572 3072 1770 3140 alacer,
1801 3075 2128 3145 obsequens,

2212 1982 2344 2038 οὖσα
2365 1987 2398 2054 ἡ
2428 1983 2590 2053 νοερά
2617 1982 2753 2053 αὓτη
2779 1982 2973 2049 ἔλαφος
3007 1979 3262 2048 φυλαττει
3279 1976 3368 2028 τὸν
3399 1971 3599 2043 εαυτῆς
3627 1971 3691 2025 σύ
3701 1989 3776 2040 με

2214 2075 2328 2130 διον
2350 2073 2545 2136 παντὸς
2565 2073 2644 2126 ίοῦ
2662 2071 3030 2140 θανατηφόρου
3053 2067 3426 2136 ἀνεπίδηκτον.
3445 2063 3556 2117 Ποῦ
3576 2065 3687 2133 γὰρ
3711 2065 3778 2114 ἐν

2213 2167 2351 2236 αὐτῇ
2377 2163 2715 2234 ὑποκρίσεως
2748 2162 2824 2223 ίδς
2858 2155 3210 2229 ἐμφανίζεται
3233 2173 3249 2222 ;
3276 2154 3379 2208 ποῦ
3399 2153 3778 2218 καταλαλιᾶςς

2215 2257 2316 2309 ποῦ
2344 2256 2464 2323 δφις
2494 2253 2551 2305 ὲν
2593 2251 2774 2320 φωλεᾷ
2802 2247 3138 2319 κρύπτεται;
3182 2243 3277 2297 καὶ
3316 2241 3439 2311 οὐχὶ
3483 2239 3675 2311 μᾶλλον
3707 2239 3784 2290 ἐκ

2215 2350 2315 2418 τῆς
2347 2349 2450 2417 γῆς
2501 2344 2600 2414 τῆς
2642 2343 2867 2414 καρδίας
2944 2335 3402 2409 δημοσιευόμενος
3451 2330 3786 2386 θανατοῦται

2217 2441 2311 2495 καὶ
2343 2437 2688 2493 ἀναλίσκεται
2713 2451 2728 2466 ·
2779 2433 2877 2487 οὐκ
2906 2431 3052 2484 ἔστιν
3105 2431 3162 2482 ὲν
3209 2431 3276 2498 τῇ
3307 2425 3479 2496 ταύτῃ
3507 2422 3788 2491 συναφείᾳ

2225 2531 2418 2602 μίσους
2443 2528 2732 2599 ὲμφὰνεια.
2751 2526 2850 2578 ούκ
2874 2521 3178 2589 ἀντιλογίας
3194 2515 3353 2581 εἶδος,
3368 2517 3466 2569 οὐκ
3493 2511 3788 2602 ἀπειθείας

2220 2601 2381 2693 ὀσμὴ.
2412 2623 2460 2674 εί
2491 2620 2564 2689 μή
2600 2636 2700 2681 που
2730 2617 2759 2668 ὁ
2806 2615 2962 2683 λόγος
3006 2613 3130 2682 περὶ
3187 2610 3442 2671 πίστεως.
3498 2605 3557 2658 '0
3601 2601 3786 2674 ταύτῃ
3860 2664 3865 2668 ν

2221 2713 2503 2785 νυμφικῶς
2521 2710 2776 2792 ἐνωθεὶς,
2802 2708 2980 2778 ἤπιος,
3028 2702 3326 2775 προσηνὴς,
3357 2697 3787 2792 εύκατάνυκτος,

2187 2817 2190 2824 ·
2226 2803 2534 2875 συμπαθὴς,
2557 2801 2696 2870 ὑπὲρ
2739 2787 2950 2853 ἅπαντα
2977 2795 3229 2866 γαληνδςο
3279 2791 3518 2861 φαιδρδῇ
3543 2787 3790 2875 gmw“?

2226 2872 2451 2957 ἄλυπος,
2474 2891 2767 2960 ἄγρυπνος,
2808 2887 2998 2947 ἄοκνος
3025 2883 3218 2936 πέλειό
3262 2881 3361 2935 καὶ
3392 2881 3447 2933 τί
3478 2880 3560 2931 δεῖ
3610 2872 3791 2928 πολλὰ

2226 2983 2425 3052 λέγειν,
2477 2981 2715 3048 ἀπαθὴς,
2755 2979 2910 3047 είπερ
2945 2979 3048 3030 Ἐν
3079 2974 3155 3043 τῇ
3202 2969 3558 3028 ταπεινώσει
3614 2965 3791 3036 ἡμῶν

2228 3075 2498 3146 ἐμνήσθη
2527 3071 2696 3142 ἡμῶν
2715 3074 2748 3125 ό
2776 3071 3007 3139 Κύριος,
3067 3066 3170 3120 ’καί
3195 3064 3574 3134 ἐλυτρώσατο
3628 3056 3793 3129 ἡμᾶς

564 3156 806 3210 omnium
844 3157 1210 3213 molestiarum
1240 3175 1436 3229 expers
1459 3201 1474 3226 ,
1507 3163 1635 3233 vigil
1666 3175 1721 3220 et
1755 3166 1984 3236 impiger
2003 3176 2126 3234 est,

2229 3168 2297 3221 ἐκ
2319 3164 2435 3218 τῶν
2456 3162 2702 3232 ἐχθρῶν,
2729 3161 2819 3214 καὶ
2845 3159 2954 3212 τῶν
2975 3157 3186 3223 παθῶν,
3218 3156 3312 3210 καὶ
3345 3153 3452 3207 τῶν
3492 3147 3794 3222 μολυσμῶν

565 3254 621 3300 et
654 3256 714 3300 ut
742 3263 850 3302 uno
879 3248 1042 3304 verbo
1078 3252 1406 3321 complectar
1431 3256 1616 3310 omnia
1637 3297 1651 3320 ,
1685 3259 2131 3327 imperturbatus.

571 3336 848 3407 Siquidem
891 3341 948 3394 in
989 3336 1288 3397 humilitate
1344 3355 1529 3400 nostra
1578 3364 1775 3402 memor
1819 3342 1917 3420 fuit
1973 3354 2138 3406 nostri

572 3427 858 3500 Dominus,
901 3440 951 3484 et
983 3431 1220 3488 liberauit
1252 3452 1345 3490 nos
1385 3437 1448 3490 de
1475 3438 1707 3492 inimicis
1745 3444 1935 3495 nostris
1967 3435 2044 3510 ι’,
2084 3452 2142 3497 et

575 3518 740 3574 animi
765 3520 970 3578 morbis
985 3530 1046 3590 et
1070 3524 1498 3592 inquinamentis
1520 3527 1749 3582 nostris.
1769 3529 2002 3584 Humilis
2031 3547 2142 3586 mo.

573 3610 781 3664 nachus
811 3625 919 3664 non
949 3610 1163 3665 curiose
1197 3612 1423 3680 inquirit
1455 3613 1507 3666 in
1547 3627 1748 3685 arcana
1784 3613 1900 3668 Dei.
1942 3615 2144 3687 Super-

575 3697 679 3756 bus
702 3711 881 3755 autem
908 3703 1072 3762 etiam
1099 3702 1308 3772 judicia
1330 3693 1722 3774 perscrutatur.
1756 3705 1919 3778 314
1941 3706 2144 3773 Quem-

575 3793 698 3847 dam
736 3809 798 3847 ex
840 3780 1334 3862 providentissimis
1371 3794 1632 3850 fratribus
1662 3798 1883 3867 maligni
1922 3799 2146 3868 spiritus

575 3885 749 3939 oculis
802 3885 921 3955 ejus
966 3886 1249 3956 spectabili
1303 3884 1477 3942 forma
1527 3888 1879 3945 observantes
1930 3892 2144 3948 beatum

577 3976 978 4044 pra-dicabant;
1019 3980 1219 4048 quibus
1263 3981 1354 4035 ille
1398 3981 1874 4050 sapientissimus:
1927 3985 1984 4040 Si
2016 4002 2101 4040 me
2128 4027 2143 4050 ,

581 4067 776 4134 inquit,
804 4068 858 4121 in
885 4068 1064 4125 anima
1091 4085 1206 4125 mea
1233 4057 1455 4126 laudare
1474 4074 1746 4129 desieritis
1763 4117 1779 4139 ,
1802 4091 1868 4129 ex
1899 4076 2144 4133 discessu

581 4165 764 4212 vestro
789 4174 874 4212 me
905 4175 1157 4228 magnum
1186 4150 1240 4213 et
1267 4162 1526 4236 eximium
1549 4166 1911 4231 existimabo;
1942 4168 1988 4222 si
2017 4177 2145 4224 vero

580 4246 804 4302 laudare
851 4235 1234 4316 perrexeritis,
1265 4261 1334 4301 ex
1393 4259 1571 4304 vestra
1635 4253 1943 4310 laudatione
1998 4273 2148 4312 meas

579 4337 750 4406 ipsius
774 4338 964 4399 sordes
993 4346 1047 4391 et
1080 4337 1445 4407 impuritatem
1484 4339 1644 4394 facile
1669 4337 2008 4412 conjectabo.
2039 4348 2148 4400 lm-

2233 3255 2409 3326 ήμῶν.
2445 3251 2692 3322 Μοναχδς
2729 3249 3105 3318 ταπεινόφρων
3157 3245 3218 3297 ού
3274 3239 3799 3313 πολυπραγμονήσει

2234 3347 2449 3417 ἄρρητα
2507 3343 2623 3412 (7)’
2677 3345 2704 3394 ὁ
2750 3340 2835 3417 διν
2865 3338 3210 3406 ὑπερήφανος
3275 3328 3800 3417 πολυπραγμονήσει

2237 3415 2494 3506 κρίματα.
2535 3432 2670 3485 Τινά
2699 3430 2804 3483 τῶν
2830 3425 3288 3495 γνωστικωτάτων
3321 3420 3566 3489 ἀδελφῶν
3590 3415 3802 3486 ὀφθαλ-

2243 3524 2493 3596 μοφανῶς
2521 3523 2570 3575 οί
2603 3521 2852 3591 δαίμονες
2901 3515 3239 3587 ὲμακὰρισαν
3290 3513 3608 3572 ἐπιστάντες
3635 3527 3651 3542 ο
3681 3510 3712 3561 ὸ
3741 3507 3800 3562 δὲ

2241 3613 2509 3680 πάνσοφός
2539 3628 2671 3682 φησι
2696 3609 2832 3680 πρὸς
2867 3606 3062 3670 αὐτούς
3081 3621 3094 3635 ·
3132 3605 3194 3657 Ei
3221 3604 3316 3673 μὲν
3330 3601 3424 3654 τοῦ
3455 3602 3700 3653 ἐπαινεῖν
3728 3615 3800 3668 με

2242 3710 2300 3761 ὲν
2319 3709 2382 3778 τῇ
2413 3707 2519 3776 ἐμῇ
2547 3704 2693 3774 ψυχῇ
2733 3698 3062 3760 ἐπαύσασθε,
3088 3700 3150 3750 ἐκ
3189 3695 3477 3778 τῆςίὺμῶν
3506 3693 3803 3762 ὕποχωρή·

2245 3815 2380 3862 σεως
2415 3796 2584 3868 μέγαν
2624 3791 2764 3848 εἶναι
2817 3791 3007 3845 ἑαυτὸν
3047 3788 3276 3860 νενόηκα
3329 3783 3694 3859 [ἡγήσομαιΓ
3750 3783 3801 3835 εί

2243 3889 2299 3942 δὲ
2323 3873 2666 3948 ἐπαινοῦντες
2705 3884 2765 3938 ού
2815 3880 3070 3944 παύεσθε,
3101 3882 3165 3932 ὲκ
3221 3877 3313 3930 τοῦ
3369 3876 3523 3947 ὑμῶν
3572 3874 3801 3932 ἐπαίνου

2244 3979 2342 4048 τὴν
2412 3975 2602 4030 ἑαυτοῦ
2660 3973 2995 4042 ἀκαθαρσίαν
3042 3967 3391 4038 στοχάσομαι.
3464 3963 3802 4034 Ἀκάθαρτος

2240 4075 2348 4143 γὰρ
2372 4069 2522 4140 παρὰ
2550 4068 2740 4138 Κυρίῳ
2769 4066 2872 4127 πᾶς
2911 4058 3320 4130 ὑψηλοκάρδιος.
3351 4058 3422 4110 “Η
3463 4051 3555 4110 οὖν
3579 4055 3801 4124 ὑποχω-

2243 4169 2405 4236 ρεῐτε,
2427 4163 2519 4216 καί
2577 4161 2683 4212 ἰδοὺ
2708 4159 2877 4228 μέγας
2914 4155 3132 4224 γέγονα,
3183 4153 3217 4225 ἢ
3257 4153 3547 4212 ἐπαινεῖτε,
3591 4151 3691 4226 και
3727 4147 3801 4199 δι’

2243 4235 2398 4325 ύμῶν
2426 4251 2751 4308 ταπείνωσιν
2783 4238 3031 4321 κτῶμαιέ
3217 4241 3658 4310 καταπλαγέντες
3699 4235 3802 4305 τὴν

2243 4345 2474 4416 ἀπορίαν
2509 4343 2732 4411 ἄφαντοι
2761 4339 3030 4408 γεγόνασι.

581 4417 819 4487 mundus
869 4431 1012 4486 enim
1065 4433 1243 4488 omnis
1316 4433 1460 4501 apud
1520 4432 1812 4488 Dominum
1873 4441 2141 4506 superbus
2191 4442 2375 4497 corde.
2416 4439 2523 4492 Aut
2585 4452 2710 4506 ergo
2775 4433 3080 4497 discedite,
3129 4443 3186 4486 et
3219 4439 3616 4496 ecce’magnus
3652 4440 3799 4490 sum,

585 4527 940 4592 autl’autlate,
970 4537 1024 4582 et
1059 4543 1154 4597 per
1181 4543 1280 4582 vos
1309 4529 1534 4583 humilis
1571 4529 1661 4584 llo.
1702 4530 1823 4596 Quo
1852 4531 2166 4591 dilemmate
2201 4535 2434 4607 perculsi
2467 4543 2521 4589 et
2549 4532 2760 4588 attoniti
2791 4531 3064 4585 daemones
3111 4542 3179 4580 ex
3223 4521 3399 4578 oculis
3439 4529 3799 4574 evanuerunt.

655 4612 774 4667 Non
798 4617 867 4670 sit
893 4617 1073 4673 anima
1099 4615 1188 4673 tua
1208 4620 1442 4675 cisterna
1471 4637 1624 4690 aqua!
1645 4622 1815 4686 vivae;
1846 4638 1966 4692 qua:
1993 4627 2128 4680 modi

2224 4655 2226 4666 ι
2253 4697 2256 4700 γ
2321 4626 2411 4696 Μὴ
2437 4624 2574 4678 ἔστω
2593 4625 2628 4695 ἡ
2655 4623 2800 4694 ψυχὴ
2839 4622 3038 4680 λάκκος
3065 4615 3160 4669 τοῦ
3195 4610 3459 4678 ζωοποιοῦ
3493 4609 3681 4700 τούτου
3717 4609 3806 4663 wi-

591 4703 819 4760 fontium
843 4707 1081 4762 vitaliqu
1107 4713 1439 4782 scaturigine
1473 4714 1765 4782 redundet,
1814 4716 1974 4770 modo
2003 4732 2156 4773 vana

590 4798 779 4868 gloria:
819 4809 874 4853 et
906 4794 1174 4869 superbiae
1206 4798 1493 4863 ardoribus
1528 4808 1798 4862 exhausta
1823 4817 2153 4874 cxarescat,

593 4891 688 4946 sed
721 4889 843 4945 fons
872 4891 1054 4958 potius
1084 4896 1340 4951 omnium»
1365 4893 1833 4966 perturbationum
1886 4903 2016 4959 limo
2063 4919 2156 4957 ca-

592 4982 752 5048 rens,
772 4985 864 5052 qui
889 4982 1086 5063 (lumen
1116 4989 1448 5055 paupertatis
1475 5006 1539 5043 ex
1567 5006 1627 5045 se
1647 5004 1909 5062 perpetuo
1942 4993 2154 5049 fundat.

594 5071 713 5127 Non
744 5072 961 5141 ignores
985 5113 1000 5138 ,
1037 5074 1241 5138 amice,
1277 5074 1609 5150 frumentum
1639 5089 1692 5135 et
1724 5081 1959 5140 fructum
1992 5084 2158 5154 spiri-

596 5165 795 5221 lualem
841 5163 1184 5231 in‘yalllbus
1228 5168 1508 5237 copiosum
1536 5172 1802 5239 proferri.
1854 5167 2026 5232 Vallis
2076 5187 2162 5234 est

595 5255 817 5311 humilis
849 5255 1028 5310 anima
1049 5296 1064 5317 ,
1095 5267 1219 5327 quae
1261 5257 1403 5314 inter
1447 5267 1660 5317 montes
1694 5263 1942 5322 laborum
1966 5279 2022 5325 et
2055 5270 2163 5322 vir-

600 5356 776 5403 tutum
803 5346 1016 5419 Semper
1030 5337 1305 5418 depressa,
1329 5349 1552 5406 humilis
1570 5361 1624 5408 et
1647 5353 1937 5414 immobilis
1958 5366 2159 5416 manet.

599 5436 718 5494 Non
738 5441 976 5512 jejunavi
1001 5479 1018 5506 ,
1050 5456 1160 5496 non
1205 5443 1557 5512 pervigilavi,
1604 5459 1710 5499 nou
1740 5447 1890 5506 humi
1931 5453 1987 5506 in
2015 5453 2163 5507 nudo

604 5530 720 5585 solo
755 5546 1006 5588 somnum
1039 5532 1169 5603 .repi
1218 5551 1232 5587 :
1268 5532 1360 5589 sed
1415 5534 1725 5590 humiliatus
1769 5554 1884 5591 sum
1944 5537 2174 5614 (inquit'

683 5704 727 5740 “
753 5707 913 5765 Rom.
949 5726 1005 5779 x,
1037 5710 1089 5767 ι.
1169 5711 1213 5744 ³⁸
1239 5709 1383 5768 Psal.
1433 5724 1628 5770 cuxv.
1657 5709 1748 5770 25.
1779 5709 1867 5768 2i.

2253 4735 2443 4787 ματος,
2499 4717 2630 4771 ποτὲ
2664 4715 2761 4786 μὲν
2805 4710 2962 4778 τοῦτο
2989 4707 3224 4778 βρύουσα
3258 4702 3357 4774 (8),
3389 4701 3518 4753 ποτὲ
3554 4699 3611 4751 δὲ
3644 4700 3804 4754 πάλιν

2228 4789 2487 4880 ¹λήγουσα
2533 4809 2637 4862 ὑπὸ
2680 4804 2958 4864 καύσωνος
2984 4798 3140 4866 δόξης
3173 4796 3269 4849 καὶ
3315 4793 3593 4863 ὲπάρσεως
3622 4809 3638 4822 ·
3671 4790 3805 4875 ἀλλά

2252 4903 2401 4971 πηγὴ
2448 4899 2733 4962 ἀπαθείας,
2794 4890 3034 4960 ποταμὸν
3083 4886 3355 4956 πτωχείας
3402 4882 3462 4948 ἐξ
3493 4881 3666 4951 αὐτῆς
3720 4880 3804 4934 διὰ

2253 4995 2450 5057 παντὸς
2514 4988 2878 5061 ἀναφέρουσα.
2922 4984 3183 5043 Γίνωσκε,
3228 4971 3274 5030 ῶ
3341 4973 3704 5046 φιλότηςηὼς
3749 4972 3804 5026 αι

2255 5084 2492 5146 κοιλάδες
2519 5081 2845 5153 πληθύνουσι
2875 5076 3016 5126 σῖτον
3064 5070 3158 5123 καὶ
3182 5062 3399 5144 ’καρπὸν
3445 5063 3820 5152 πνευματικὸν

2256 5179 2312 5230 ἐν
2341 5177 2549 5238 αὑταῖς.
2602 5170 2804 5233 Κοιλὰς
2847 5169 2962 5245 ἐστι
3025 5160 3170 5232 ψυχὴ
3209 5156 3654 5245 τεταπεινωμένη
3708 5155 3805 5245 avri

2261 5267 2423 5337 μέσον
2465 5265 2653 5334 ὀρέων,
2684 5261 2862 5313 πόνων
2913 5241 3008 5306 καὶ
3026 5247 3272 5321 ἀρετῶν,
3328 5246 3530 5315 ἄτυφος
3565 5244 3671 5337 ’ἀεὶ
3718 5241 3806 5297 καὶ

2257 5335 2509 5426 ἀκίνητος
2550 5355 2803 5426 μένουσα.
2848 5346 2931 5403 0'3-
2961 5344 3312 5412 νενήστευκα,
3347 5337 3448 5390 οὐκ
3479 5335 3802 5406 ἡγρύπνικα.

2258 5450 2358 5504 οὐκ
2401 5447 2751 5519 ὲχαμεύνικα,
2788 5440 2902 5498 ἀλλ’
2952 5431 3370 5500 ἐταπεινώθην,
3396 5430 3494 5483 καὶ
3521 5428 3720 5484 ἔσωσέ

2260 5515 2570 5622 cundiam;
2607 5541 2640 5593 ὁ
2683 5535 2933 5603 Κύριος.’
2955 5526 3024 5581 Ἦ
3079 5525 3177 5596 μὲν
3220 5521 3474 5594 μετάνοια
3500 5520 3725 5592 ἀνιστᾷο
3749 5515 3805 5569 τὸ
