4030 6342
262 462 371 526 993

1184 419 1194 428 ’
1235 436 1485 520 ’δοΑιΑ
1513 461 1887 522 PARADISI.
1920 487 1988 497 —
2012 463 2323 525 omnes
2352 466 2525 525 xxv.

3390 470 3498 534 994

263 583 326 635 δὲ
349 582 547 649 πένθος
567 584 653 649 είς
672 586 929 656 οὐρανοὺς
956 582 1171 656 κρούει·
1205 583 1239 653 ή
1266 584 1320 635 δὲ
1347 581 1469 634 ὁσία
1497 581 1823 645 ταπείνωσις

1947 583 2246 655 Scriptura)
2301 594 2351 638 et
2406 586 2649 640 velociter
2706 587 2925 641 salvavit
2980 604 3061 642 me
3118 587 3380 645 Dominus
3429 592 3495 639 ’.³ο
3540 590 3545 596 ’

267 674 496 742 ἀνοίγει.
533 673 681 743 Ἐγὼ
707 676 764 727 δὲ
818 674 979 743 λέγω,
1033 676 1127 727 καὶ
1162 672 1450 743 προσκυνῶ
1499 672 1701 742 Τριάδα
1771 672 1830 723 ὲν

273 768 460 836 μονάδι
495 768 595 839 (9),
632 769 728 823 καὶ
753 769 956 840 μονάδα
1016 769 1074 821 ὲν
1124 767 1332 838 Τριάδι,
1389 765 1575 819 Πάντα
1625 765 1724 835 μὲν
1758 765 1830 816 τὰ

266 859 520 931 ὁρώμενα
542 859 766 928 φωτίζει
788 862 817 912 6
852 859 1003 929 ἥλιος
1033 876 1047 890 ο
1074 858 1249 913 πάντα
1294 856 1351 911 δὲ
1383 856 1451 909 τά
1482 856 1623 926 λόγῳ
1655 872 1828 926 πρατ-

272 952 472 1021 τόμενα
523 950 783 1022 κρατύνει
810 949 1151 1013 ταπείνωσις.
1198 949 1288 1019 Μὴ
1337 934 1602 1016 παρόντοά
1631 946 1827 1015 φωτὸς,

276 1042 450 1093 πάντα
478 1038 691 1110 ζοφώδη
726 1055 740 1067 ·
773 1040 866 1092 καὶ
891 1040 963 1110 μὴ
994 1038 1273 1108 παρούσης
1313 1035 1832 1106 ταπεινοφροσύνης,

278 1132 453 1186 πάντα
479 1132 635 1201 ἡμῶν
660 1130 820 1184 ἕωλα.
860 1126 951 1193 Εἷς
981 1132 1039 1183 ἐν
1066 1130 1215 1203 πάσῃ
1242 1132 1307 1200 τῇ
1335 1129 1509 1182 κτίσει
1540 1128 1614 1198 (a)
1660 1127 1837 1196 χῶρος

277 1223 426 1287 ἅπαξ
449 1222 703 1276 τεθέαται
755 1222 939 1294 ἥλιον·
999 1224 1092 1275 καὶ
1150 1218 1231 1286 εἷς
1277 1220 1533 1291 λογισμὸς
1584 1218 1838 1282 πολλάκις

278 1314 605 1367 ταπείνωσιν
629 1314 816 1366 τέτοκε
847 1312 993 1381 (ιο-ι
1008 1314 1079 1382 l).
1097 1314 1211 1384 Μιᾷ
1229 1313 1324 1365 καὶ
1335 1313 1471 1384 μόνῃ
1493 1309 1673 1381 ἡμέρᾳ
1690 1310 1794 1372 πᾶς
1809 1309 1839 1360 6

277 1405 481 1474 κόσμος
509 1404 865 1473 ἡγαλλίαται·
902 1406 994 1458 καὶ
1024 1404 1121 1469 μία
1140 1404 1276 1473 αὓτη
1329 1403 1477 1455 ἐστὶν
1521 1400 1686 1477 ἀρετὴ
1723 1401 1838 1462 τοῖς

276 1497 497 1566 δαίμοσι
524 1497 820 1566 ἀμίμητος.
849 1495 1011 1550 Ι’Δλλο
1039 1495 1099 1550 τὸ
1130 1492 1452 1563 ἐπαίρεσθαι
1483 1508 1496 1523 ο
1530 1492 1622 1545 καὶ
1654 1478 1839 1558 ἕτερον

275 1586 336 1639 τὸ
370 1586 447 1658 μὴ
490 1587 835 1659 ἐπαίρεσθαι,
871 1588 963 1641 καὶ
990 1584 1115 1639 ἄλλο
1143 1585 1204 1638 τὸ
1220 1583 1602 1637 ταπεινοῦσθαι
1626 1597 1640 1609 ο
1671 1584 1699 1634 ὁ
1739 1581 1837 1652 μὲν

276 1680 384 1750 γὰρ
414 1680 587 1752 κρίνει
616 1682 793 1733 πᾶσαν
817 1679 1028 1751 ἡμέραν
1047 1694 1061 1709 ο
1083 1680 1110 1729 6
1135 1678 1189 1729 δὲ
1219 1678 1278 1729 ού
1310 1677 1483 1748 κρίνει
1501 1692 1515 1705 ⁸
1549 1674 1609 1726 οὐ
1657 1673 1840 1742 μέντοι

278 1771 377 1824 καὶ
408 1772 599 1847 ἑαυτὸν
619 1771 967 1842 κατακρίνει·
996 1771 1023 1822 6
1059 1769 1116 1820 δὲ
1150 1768 1578 1828 ἀκαταδίκαστος
1622 1764 1696 1816 ὢν
1751 1764 1840 1816 διὰ

276 1858 481 1922 παντὸς
505 1858 1074 1923 ἐαυτὸνκαταδικάζει.
1095 1857 1256 1909 ’Ἄλλο
1276 1857 1337 1919 το
1372 1872 1627 1924 ταπεινοφ
1636 1857 1805 1925 ρονεῖν
1825 1872 1839 1885 ο

276 1951 375 2004 καὶ
404 1950 543 2026 ἄλλοΔ
581 1949 644 2003 τὸ
678 1948 1036 2018 ἀγωνίζεσθαι
1078 1949 1517 2019 ταπεινοφρονείν
1545 1963 1557 1976 ’
1594 1947 1688 1999 καὶ
1720 1946 1837 1998 ἕτε-
1874 1925 1915 1979 Β

277 2058 377 2112 ρον
406 2042 470 2095 τὸ
492 2044 735 2094 ἐπαινεῖν
776 2041 869 2095 τὸν
914 2040 1331 2111 ταπεινόφρονα.
1365 2041 1438 2093 Τὸ
1491 2038 1590 2109 μὲν
1623 2037 1835 2108 πρῶτον

277 2133 500 2185 τελείων
524 2147 540 2162 ⁸
574 2132 636 2184 τὸ
660 2131 717 2185 δὲ
744 2131 992 2203 δεύτερον
1040 2131 1415 2185 ὑποτακτικῶν
1440 2129 1708 2198 ἀληθινῶς
1727 2144 1741 2156 ·
1773 2127 1836 2179 τὸ

275 2225 332 2277 5's
348 2224 553 2295 τρίτον,
595 2224 811 2277 πάντων
834 2224 1057 2278 πιστῶν.
1088 2224 1147 2276 '0
1179 2223 1248 2276 τὰ
1273 2222 1379 2275 ἔσω
1404 2217 1837 2282 τεταπεινωκὼς,

274 2314 386 2369 ὕπὸ
416 2314 636 2385 χειλέων
679 2315 740 2370 ού
770 2315 1056 2369 κλέπτεται
1075 2329 1089 2345 ·
1120 2314 1149 2367 ὃ
1174 2314 1283 2384 γὰρ
1312 2314 1411 2366 οὐκ
1438 2311 1550 2382 ἔχει
1583 2313 1610 2364 6
1638 2311 1841 2380 θησαυφ

275 2406 396 2478 ρος,
432 2406 494 2457 οὐ
527 2405 788 2475 προφέρει
810 2406 843 2474 ή
876 2402 1033 2474 θύρα.
1070 2402 1467 2472 Μεμονωμένος
1504 2400 1667 2463 ἵππος
1716 2398 1844 2451 πολ-

277 2497 441 2560 Αάκις
471 2495 681 2568 τρέχειν
710 2495 873 2560 δοκεῖ,
927 2494 1422 2563 συναγελαζόμενος
1470 2492 1526 2545 δὲ
1579 2492 1700 2544 τότε
1738 2490 1838 2560 τὴν

277 2587 477 2643 ἑαυτοῦ
522 2588 735 2654 ἐπέγνω
775 2586 1104 2657 νωθρότητα.
1170 2584 1293 2636 Ἐὰν
1365 2584 1558 2653 μηκέτι
1615 2584 1675 2634 ἐν
1725 2582 1843 2643 τοῖς

276 2681 532 2747 φυσικοῖς
574 2679 603 2729 ὁ
631 2677 888 2746 λογισμὸς
929 2674 1306 2745 ἐναϐρύνηται,
1336 2672 1509 2743 ἀρχῆς
1543 2671 1729 2738 ὑγείας
1758 2686 1845 2722 τε-

278 2771 526 2841 κμήριον
551 2785 565 2798 ·
607 2769 711 2831 ἕως
741 2768 797 2821 δὲ
820 2767 918 2835 τῆς
956 2764 1177 2829 ὀζωδίας
1200 2763 1412 2832 ἐκείνης
1440 2760 1841 2825 ἐπαισθάνεται,

277 2860 462 2930 ὀσμῆς
488 2858 658 2929 μύρου
696 2858 795 2911 οὐκ
823 2856 1151 2911 αἰσθάνεται.
1191 2855 1304 2906 Οὐκ
1354 2853 1433 2905 ἔτι
1485 2851 1676 2922 πλήξει
1709 2851 1844 2922 (12),

277 2954 343 3006 οὗ
371 2951 604 3012 δικάσει,
636 2951 735 3004 οὐκ
750 2948 922 3019 ἄρξει,
954 2948 1011 3000 οὔ
1037 2945 1419 3016 σοφισθήσεται
1452 2946 1480 2997 6
1534 2944 1664 3013 ἐμὸς
1721 2946 1848 3013 ἐρα·-

282 3045 444 3116 στὴς,
467 3046 501 3115 η
528 3043 648 3097 ὁσία
682 3042 903 3113 ἔφησεν,
954 3039 1112 3109 ἄχρις
1147 3038 1212 3093 ἂν
1249 3038 1370 3109 ἐμοὶ
1398 3036 1662 3106 συναφθῇ.
1698 3036 1848 3089 Μετά

278 3139 395 3208 γὰρ
442 3137 541 3209 τὴν
572 3137 710 3208 ἐμὴν
774 3135 1067 3203 συνάφειαν
1128 3130 1299 3200 τούτῳ
1345 3128 1532 3183 λοιπὸν
1573 3122 1733 3197 νόμος
1786 3128 1846 3179 οὐ

279 3231 483 3283 κεῖται.
512 3229 631 3281 Τινὶ
678 3225 786 3279 τῶν
823 3225 917 3277 ἐπὶ
940 3226 1037 3294 τὴν
1063 3221 1336 3293 μακαρίαν
1371 3220 1573 3288 ταύτην
1608 3219 1840 3270 σπουδα-

281 3319 509 3385 ζόντων,
535 3318 687 3387 ἀνδρὶ
720 3317 987 3384 ἀγωνιστῇ
1021 3314 1238 3366 ἔπαινον
1257 3312 1317 3363 ἐν
1349 3309 1547 3379 καρδίᾳ
1573 3311 1620 3361 οἱ
1642 3308 1841 3359 ἀνόσιοι

283 3404 622 3478 ὑπέσπειραν
653 3407 900 3476 δαίμονες
933 3421 945 3434 ·
983 3407 1011 3457 6
1038 3405 1095 3457 δὲ
1132 3403 1434 3473 μηχανᾶται
1465 3402 1528 3452 ὲκ
1558 3399 1705 3461 θείας
1736 3400 1834 3467 ὲμ-
1870 3446 1875 3455 ,

284 3503 563 3567 πνεύσεως
585 3502 905 3571 πνευμάτων
928 3497 1184 3569 πονηρίαν
1203 3496 1418 3566 νικῆσαι
1459 3492 1670 3571 εύσεὸεἰ
1712 3491 1845 3561 μεθσο

287 3594 475 3668 οδείᾳο
510 3594 601 3647 καὶ
625 3594 689 3665 δὴ
725 3590 959 3654 ἀναστὰς
1009 3589 1329 3643 κατατάττει
1359 3587 1417 3639 ἐν
1437 3569 1513 3654 τῷ
1555 3585 1715 3655 τοίχῳ
1748 3584 1846 3653 τῆς

288 3688 485 3744 ἑαυτοῦ
514 3687 704 3757 κέλλης
735 3686 831 3744 τὰς
867 3684 974 3737 τῶν
1036 3679 1380 3752 ὑψηλοτάτων
1431 3678 1640 3747 ἀρετῶν
1681 3694 1846 3748 προσ-

292 3782 538 3852 ηγορίαςο
554 3780 696 3843 λέγω
723 3778 779 3831 δὲ
798 3777 897 3845 τῆς
917 3774 1126 3836 τελείας
1159 3773 1399 3841 ἀγάπης,
1428 3771 1526 3839 τῆς
1553 3769 1848 3838 ἀγγελικῆς

300 3870 809 3943 ταπεινοφροσύνης,
861 3867 959 3935 τῆς
1047 3866 1289 3935 καθαρᾶς
1365 3862 1691 3931 προσευχῆς,
1748 3862 1846 3930 τῆς

289 3966 565 4035 ἀφθάρτου
607 3962 845 4031 ἁγνείας,
892 3963 985 4011 καὶ
1029 3957 1134 4009 τῶν
1179 3954 1451 4021 τοιούτων.
1521 3954 1710 4005 Ἠνίκα
1758 3950 1849 4005 οὖν

290 4060 458 4113 αὑτὸν
502 4059 550 4111 οἱ
590 4054 840 4124 λογισμοὶ
872 4053 1111 4104 ἐπαινεῖν
1148 4049 1394 4119 ἤρχοντο,
1429 4045 1610 4111 ἔλεγεν
1644 4044 1846 4104 αὐτοῖς’

294 4150 554 4216 Ἀγωμεν
594 4145 685 4198 ἐπὶ
712 4144 802 4197 τὸν
829 4139 1193 4210 ἒλεγχονῌῦ),
1227 4136 1319 4188 καὶ
1345 4135 1633 4204 ἐρχόμενος
1667 4131 1851 4183 λοιπὸν

290 4242 396 4303 τὰς
418 4236 780 4311 προσηγορίας
807 4235 1135 4303 ἀνεγίνωσκε
1156 4247 1169 4259 °
1194 4230 1287 4282 καὶ
1313 4226 1441 4279 ὲὸὁα
1468 4225 1617 4294 αὐτῷ
1640 4239 1653 4253 ·
1694 4223 1855 4291 Ὀπη-

292 4332 425 4383 νίκα
470 4330 670 4392 ταύτας
726 4328 920 4397 κτήσῃ,
962 4324 1126 4392 γνῶθι
1153 4322 1232 4374 ὅτι
1276 4320 1491 4390 μακρὰν
1522 4313 1589 4395 εἴη
1617 4314 1695 4367 ἔτι
1748 4314 1855 4367 ἀπὸ

292 4422 395 4475 τοῦ
440 4421 595 4475 Θεοῦ.
628 4420 724 4483 Τίς
770 4420 868 4489 μὲν
923 4416 957 4486 ὴ
994 4413 1086 4468 τοῦ
1116 4412 1264 4483 ἡλίου
1310 4411 1536 4480 δύναμις
1559 4408 1651 4460 καὶ
1677 4406 1853 4487 obuia,

296 4516 476 4569 εἰπεῖν
521 4515 683 4584 ἡμεῖς
733 4512 794 4564 οὐ
844 4505 1116 4577 δυνάμεθα
1144 4519 1161 4535 δ
1219 4506 1283 4556 ἐκ
1332 4504 1440 4557 τῶν
1469 4502 1524 4554 δὲ
1560 4498 1854 4568 ἐνεργειῶν

298 4605 469 4661 αὐτοῦ
497 4604 681 4657 λοιπὸν
734 4603 829 4655 καὶ
888 4597 1187 4671 ἰδιωμάτων
1212 4593 1310 4664 τὴν
1356 4591 1578 4645 ἐνοῦσαν
1604 4589 1752 4658 αὐτῷ
1780 4590 1863 4641 ού-
1893 4612 1936 4666 D

303 4698 428 4751 σὶαν
462 4691 946 4763 ⁸πεφανεριιῖηιαμεν.
1000 4680 1474 4753 Ταπεινοφροσύνη
1532 4679 1650 4731 ἐστὶ
1724 4678 1860 4732 σκέ-

306 4806 387 4861 πη
416 4787 557 4851 θεία,
583 4785 675 4837 ἐπὶ
705 4783 935 4853 amata;
980 4780 1087 4835 τῶν
1139 4775 1351 4830 οἰκείων
1397 4770 1855 4861 κατορθωμάτων.

303 4860 784 4948 ’ταπεινοφροσύνῃ
830 4872 976 4924 ἐστὶν
1004 4870 1235 4930 ἄϐυσσος
1275 4862 1547 4922 εὐτελείας
1580 4861 1712 4913 πᾶσι
1735 4860 1856 4912 κλέο

308 4990 474 5036 πταις
532 4966 664 5023 οὖσα
707 4962 1133 5033 ἀνεπιχείρητος.
1217 4950 1693 5023 Ταπεινοφροσύνη
1744 4949 1861 5002 ἐστὶ

308 5066 519 5135 πύργος
537 5059 715 5131 ἰσχύος
729 5055 837 5111 ἀπὸ
860 5035 1153 5135 προσῴπόὐ
1168 5048 1259 5119 ὲχθ
1269 5046 1381 5119 poi}.
1424 5046 1543 5135 Ούκ
1565 5040 1863 5135 (incuriosa

311 5108 829 5226 vobis.
878 5108 975 5199 acia).
1020 5108 1166 5207 ύὶὸς,
1198 5108 1422 5210 ’.μάλλον
1469 5134 1526 5188 δὲ
1565 5131 1861 5226 λογισμὸς,

313 5221 567 5316 diropr
606 5244 677 5298 οὐ
709 5234 1036 5308 προσθήσει
1086 5232 1190 5285 τοῦ
1219 5227 1483 5285 κακῶσαι
1512 5221 1714 5283 αὑτὸν,
1768 5222 1866 5274 καὶ

314 5313 618 5408 συγκόψαι
661 5333 781 5393 ἀπὸ
838 5327 1157 5399 προσώπου
1202 5322 1385 5377 αὑτοῦ
1423 5318 1562 5381 τοὺς
1615 5313 1868 5408 ἐχθροὺς

615 5422 713 5478 καὶ
783 5421 909 5482 τοὺς
975 5412 1266 5487 μισοῦντας
1360 5408 1522 5477 αὐτὸν
1587 5401 1865 5472 τροπώσε-

317 5535 430 5572 ται.

1931 677 2254 732 Pmnitentia
2289 679 2551 742 suscitat,
2601 680 2776 734 luctus
2818 679 2885 733 ad
2934 678 3082 734 fores
3121 682 3245 736 οωιὶ
3278 684 3453 751 pulsat
3477 726 3494 744 ,

1932 781 2119 825 sancta
2166 769 2443 823 humilitas
2497 770 2693 839 aperit.
2740 770 2851 839 Ego
2886 786 3014 824 vero
3054 770 3179 827 dico
3227 783 3281 826 et
3332 774 3499 825 adoro

1932 860 2253 915 Trinitatem
2302 861 2354 914 in
2400 865 2648 926 unitate,
2706 873 2761 916 et
2808 862 3065 917 unitatem
3112 864 3167 917 in
3215 862 3501 918 Trinitate.

1934 949 2128 1005 Omnia
2162 960 2284 1021 quae”
2316 961 2615 1005 cernuntur
2639 991 2654 1017 ,
2702 951 2784 1007 sol
2819 952 3126 1006 illuminat:
3168 954 3350 1007 omnia
3381 968 3503 1023 qua:

1933 1043 2143 1098 ratione
2188 1043 2346 1107 ﬁunt,
2393 1042 2673 1097 humilitas
2735 1026 3039 1097 conﬁrmat.
3095 1043 3330 1097 Absente
3363 1046 3500 1111 sole,

1936 1137 2120 1190 omnia
2172 1136 2409 1191 tenebris
2452 1136 2871 1203 inhorrescunt;
2909 1138 3129 1191 absente
3157 1137 3499 1201 humilitate,

1937 1226 2120 1279 omnia
2174 1235 2361 1279 nostra
2406 1224 2568 1295 315
2616 1241 2778 1295 opera
2826 1236 3069 1281 marcent
3112 1237 3166 1281 et
3214 1226 3399 1279 fetent.
3444 1228 3504 1281 In

1937 1326 2053 1372 toto
2105 1329 2372 1372 terrarum
2427 1318 2561 1373 orbe
2608 1318 2805 1373 unicus
2840 1328 2923 1372 est
2972 1319 3124 1373 locus
3152 1359 3167 1383 ,
3212 1320 3303 1387 qui
3332 1319 3504 1372 solem

1938 1410 2204 1464 duntaxat
2249 1409 2419 1464 semel
2465 1409 2709 1479 aspexit,
2757 1418 2812 1463 et
2860 1411 3017 1462 unica
3066 1426 3207 1479 saepe
3248 1411 3504 1480 cogitatio

1940 1503 2145 1571 peperit
2167 1502 2550 1576 humilitatem.
2570 1500 2689 1555 Uno
2712 1503 2946 1571 quodam
2981 1503 3070 1557 die
3094 1512 3146 1557 et
3176 1506 3334 1559 unico
3362 1512 3505 1558 totus

1941 1592 2105 1646 simul
2134 1591 2369 1645 mundus
2398 1592 2613 1661 gaudiis
2630 1593 2942 1647 exsultavit.
2976 1593 3038 1645 Et
3065 1607 3169 1646 una
3196 1592 3309 1647 haec
3335 1594 3505 1647 virtus

1942 1684 2261 1739 humilitatis
2296 1693 2398 1747 est,
2429 1698 2593 1751 quam
2620 1697 2785 1738 nemo
2813 1684 3151 1739 'diabolorum
3182 1685 3382 1739 imitari
3412 1701 3509 1755 po-

1941 1784 2063 1830 test.
2095 1775 2253 1828 Aliud
2278 1782 2362 1828 est
2383 1774 2591 1836 extolli,
2620 1774 2766 1827 aliud
2792 1790 2897 1827 non
2926 1776 3128 1840 extolli,
3162 1776 3308 1830 aliud
3331 1777 3512 1830 humi-

1943 1866 2081 1920 liari.
2122 1866 2213 1919 Ille
2256 1866 2402 1919 enim
2450 1867 2658 1935 primus
2703 1866 2916 1934 judieat
2950 1868 3166 1934 Omnia;
3222 1869 3359 1921 alter
3400 1883 3509 1921 non

1938 1956 2145 2025 judicat
2172 1971 2525 2024 quemquam,
2576 1956 2669 2008 sed
2718 1954 2957 2023 seipsum
2994 1959 3354 2022 condemnat;
3402 1966 3511 2011 ter-

1939 2049 2047 2102 tius
2074 2047 2418 2102 indemnatus
2453 2057 2506 2101 et
2540 2048 2802 2103 innocens
2848 2063 3062 2117 semper
3091 2049 3327 2115 seipsum
3359 2050 3508 2103 velut

1940 2151 2227 2196 nocentem
2280 2140 2626 2196 condemnat.
2678 2141 2837 2195 Aliud
2891 2152 2974 2195 est
3036 2143 3292 2195 humilem
3350 2156 3510 2215 esse;

1940 2228 2200 2284 aliud'est
2231 2230 2447 2284 studere
2489 2241 2545 2283 ut
2576 2232 2651 2285 sis
2688 2232 2939 2296 humilis;
2972 2232 3114 2285 aliud
3151 2233 3369 2285 laudare
3406 2232 3513 2285 hu-

1942 2324 2171 2377 milem:
2221 2324 2455 2393 primum
2499 2332 2582 2376 est
2625 2322 3019 2391 perfecturum;
3068 2325 3295 2379 alterum
3325 2338 3514 2377 eorum

1942 2415 2035 2485 qui
2064 2430 2186 2468 vere
2215 2431 2273 2471 se
2302 2417 2617 2470 obedientia:
2645 2416 2774 2485 jngo
2804 2417 3130 2484 subjiciunt;
3172 2426 3511 2486 postremum

1944 2508 2187 2561 omnium
2226 2506 2691 2561 Christianorum.
2723 2507 2826 2570 Qui
2860 2523 2923 2561 ex
2959 2509 3141 2561 animo
3181 2508 3401 2561 humilis
3432 2496 3518 2561 est

1942 2612 2039 2666 per
2081 2597 2317 2665 linguam
2365 2612 2459 2650 seu
2506 2598 2645 2651 labia
2692 2612 2801 2649 non
2842 2598 3141 2664 spoliatur,
3179 2600 3325 2667 quod
3369 2600 3516 2652 enim

1946 2689 2232 2742 thesaurus
2273 2704 2377 2742 non
2415 2689 2613 2751 habet,
2648 2690 2751 2741 hoc
2783 2688 2952 2754 janua
2999 2689 3051 2742 in
3101 2688 3372 2759 publicum
3405 2704 3517 2744 non

1944 2782 2166 2852 profert.
2191 2782 2374 2861 Equus
2402 2783 2678 2838 solitarius
2709 2800 2851 2853 saepe
2886 2783 2990 2837 sibi
3025 2784 3269 2839 celeriter
3298 2799 3519 2839 currere

1947 2877 2158 2939 videtur
2183 2916 2197 2941 ,
2232 2880 2326 2930 sed
2367 2878 2587 2946 quando
2637 2893 2759 2931 cum
2804 2893 2961 2947 grege
2995 2878 3337 2947 coniungitur
3359 2918 3372 2940 ,
3403 2888 3519 2933 tum

1948 2972 2167 3025 demum
2201 2986 2356 3025 suam
2405 2971 2651 3041 agnoscit
2682 2971 3055 3026 lentitudinem
3098 2982 3153 3026 et
3188 2972 3516 3025 tarditatem.

1950 3063 2179 3130 Quando
2214 3081 2371 3119 mens
2415 3067 2482 3120 de
2524 3075 2730 3120 natura:
2762 3064 2919 3119 donis
2950 3077 3000 3118 et
3040 3069 3377 3120 ornamentis
3416 3067 3521 3120 sibi

1952 3175 2059 3214 non
2107 3160 2342 3230 amplius
2387 3160 2663 3213 blanditur
2706 3171 2799 3212 aut
2848 3160 3055 3225 placet,
3098 3160 3310 3227 signum
3362 3159 3524 3228 habet

1870 3253 1911 3310 C
1945 3254 2193 3308 sanitatis
2220 3264 2275 3306 et
2304 3252 2650 3305 humilitatis.
2689 3250 2938 3316 Quandiu
2970 3266 3097 3303 vero
3128 3251 3336 3304 hircum
3367 3251 3521 3305 illum

1902 3399 1908 3404 .
1948 3346 2213 3415 superbiae
2242 3344 2350 3399 olet
2375 3354 2429 3398 et
2466 3344 2646 3407 sentit,
2679 3344 2906 3413 gratiam
2952 3343 3169 3410 pretiosi
3202 3342 3522 3399 humilitatis

1950 3440 2205 3511 unguenti
2236 3440 2439 3494 sentire
2475 3454 2581 3491 non
2612 3448 2808 3508 potest.
2858 3438 2962 3503 Qui
3011 3454 3097 3493 nte
3141 3448 3314 3503 autat,
3347 3440 3525 3508 inquit

1952 3549 2139 3591 sancta
2169 3536 2467 3597 humilitas.
2491 3551 2599 3588 non
2632 3535 2942 3604 objurgabit
2971 3535 3162 3598 ullum,
3202 3535 3405 3587 nullum
3432 3537 3523 3604 ju-

1953 3632 2157 3687 dicabit
2182 3673 2197 3697 ,
2246 3645 2350 3685 non
2399 3630 2766 3699 imperitabit,
2800 3645 2906 3682 non
2942 3630 3313 3699 argutabitur,
3353 3628 3527 3685 donec

1956 3725 2087 3779 mihi
2130 3725 2343 3796 penitus
2372 3723 2659 3792 cepuletur
2701 3732 2756 3777 et
2788 3723 3175 3791 conjungatur,
3207 3732 3323 3790 post
3353 3738 3524 3792 copu-

1957 3816 2213 3870 lationem
2247 3828 2376 3867 vero
2406 3828 2577 3866 meam
2615 3812 2759 3863 nulla
2802 3812 3056 3877 deinceps
3092 3811 3171 3863 illi
3222 3813 3303 3863 lex
3344 3814 3519 3879 posita

1956 3918 2057 3962 est.
2091 3907 2213 3960 Fuit
2252 3922 2317 3959 ex
2352 3906 2418 3959 iis
2444 3905 2533 3973 qui
2582 3904 2745 3973 316
2768 3903 2834 3955 ad
2868 3903 3007 3954 hanc
3034 3903 3245 3954 beatam
3268 3902 3518 3955 virtutem

1956 3998 2334 4061 enitebantur,
2368 3996 2594 4063 insignis
2640 3995 2839 4046 athleta
2862 4030 2875 4053 ,
2905 3992 2992 4045 cui
3043 3992 3271 4060 improbi
3300 3993 3525 4060 Spiritus

1956 4091 2170 4145 laudem
2215 4091 2267 4143 in
2316 4088 2481 4142 corde
2526 4087 2810 4141 subserere
2852 4083 3031 4137 conati
3076 4094 3239 4148 sunt,
3291 4085 3384 4137 sed
3435 4085 3525 4140 ille

1959 4181 2196 4236 vicissim
2228 4180 2535 4233 daemonum
2567 4176 2829 4230 malitiam
2863 4175 2951 4245 pio
2982 4174 3242 4228 divinitus
3271 4185 3527 4243 suggesto

1960 4274 2190 4329 artiﬁcio
2219 4271 2505 4326 retundere
2538 4284 2826 4341 aggressus
2847 4308 2862 4332 ,
2899 4268 3166 4333 surrexit,
3206 4276 3259 4321 et
3296 4266 3348 4319 in
3377 4269 3531 4323 cells?

1963 4386 2074 4427 suae
2104 4372 2311 4441 pariete
2349 4382 2687 4424 summarum
2726 4374 2780 4419 et
2812 4361 3381 4435 prmstantissimarum
3416 4363 3529 4417 vir-

1964 4476 2137 4520 tutum
2171 4464 2379 4518 indices
2416 4470 2471 4517 et
2508 4459 2731 4516 nomina
2770 4456 3089 4525 descripsit,
3140 4452 3411 4523 perfectae,
3444 4454 3530 4508 in-

1963 4574 2149 4629 quam,
2180 4556 2458 4612 charitatis
2480 4595 2495 4620 ,
2527 4563 2581 4610 et
2612 4552 2867 4623 angelica:
2897 4548 3253 4615 humilitatis,
3285 4563 3386 4603 nec
3418 4562 3527 4603 non

1962 4667 2110 4721 pura:
2150 4649 2413 4705 orationis
2438 4686 2452 4710 ,
2494 4647 2825 4712 intactaque
2873 4650 2931 4723 et
2974 4641 3189 4696 illibatae
3226 4641 3525 4705 castitatis,

1962 4758 2017 4801 et
2057 4728 2161 4802 hoc
2201 4760 2369 4817 genus
2411 4742 2659 4795 aliarum.
2706 4737 2937 4803 Quando
2968 4753 3096 4806 ergo
3139 4737 3287 4791 illum
3315 4735 3522 4803 cogita-

1964 4841 2137 4894 tiones
2170 4835 2433 4905 superbiae
2458 4831 2713 4885 extollere
2736 4830 3074 4884 conabantur
3100 4846 3114 4882 :
3151 4832 3281 4897 Age,
3313 4825 3522 4894 inquie-

1964 4933 2087 4995 bat,
2117 4941 2302 4983 eamus
2330 4924 2394 4977 ad
2421 4922 2656 4992 judieem
2682 4916 3103 4990 ;'accedensque
3134 4916 3315 4973 titul‘OS
3348 4916 3522 4967 virtu~

1966 5037 2078 5081 tum
2130 5016 2572 5088 recognoscehat,
2620 5024 2675 5069 et
2722 5015 3033 5069 exclamans
3077 5032 3091 5066 :
3150 5008 3335 5075 Quoad
3386 5007 3523 5072 has,

1963 5116 2177 5187 inquit,
2211 5114 2442 5167 virtutes
2484 5109 2795 5179 possederis
2835 5107 3111 5178 [quandiu
3165 5104 3260 5155 has
3298 5102 3529 5156 virtutes

1964 5224 2069 5263 non
2100 5200 2483 5275 possederis],
2526 5200 2664 5255 scito
2710 5200 2853 5269 quod
2896 5197 3080 5268 procul
3124 5192 3299 5247 adhuc
3343 5208 3374 5246 a
3419 5191 3529 5246 Deo

1964 5300 2129 5355 absis.
2175 5296 2305 5364 Quae
2337 5296 2419 5348 vis
2448 5302 2502 5348 et
2542 5303 2732 5347 natura
2767 5292 2896 5347 solis
2925 5290 2994 5343 sit
3029 5302 3189 5340 nemo
3215 5286 3527 5340 mortalium

1966 5389 2233 5457 explicare
2260 5393 2454 5454 potest,
2486 5383 2578 5439 sed
2614 5397 2679 5435 ex
2711 5378 3012 5435 actionibus
3035 5375 3176 5431 illius
3205 5385 3261 5431 et
3288 5374 3529 5445 proprie-

1977 5483 2208 5544 tatibus,
2241 5493 2361 5547 quze
2386 5478 2461 5531 illi
2491 5476 2619 5531 insit
2643 5482 2831 5527 natura
2857 5507 2872 5532 ,
2901 5468 3094 5524 docere
3124 5467 3523 5523 consuevimus.

320 5558 609 5667 lljmilitas
651 5614 737 5662 est
815 5602 979 5658 tutela
1021 5595 1199 5652 divina
1225 5632 1239 5656 ,
1288 5603 1341 5645 et
1384 5592 1555 5645 velunt
1607 5599 1714 5653 quo
1753 5598 1915 5653 Opera
1953 5580 2209 5633 virtutum
2262 5585 2575 5627 nosuarum
2620 5572 2915 5667 teguntur,
2946 5577 3013 5616 ne
3059 5562 3147 5616 illa

317 5704 609 5764 Humilitas
634 5711 720 5759 est
744 5700 1002 5755 altissima
1027 5707 1081 5751 et
1112 5691 1469 5749 subtilissima
1504 5682 1722 5741 vilitatis

399 5821 441 5852 '-‘
465 5818 607 5873 Psal.
642 5830 786 5878 cxlv,
815 5814 869 5867 6.

1788 5651 2018 5750 propriae
2048 5671 2309 5743 cognitio,
2378 5669 2589 5725 furibus
2622 5662 2837 5720 cunctis
2902 5660 3201 5716 inaccessa.
3238 5651 3530 5709 Humilitas

387 5869 484 5977 ταί
510 5869 789 5971 scholiuin
820 5908 1160 5965 undecimum
1189 5900 1254 5956 ad
1285 5897 1491 5953 nullum
1548 5894 1758 5959 signum
1796 5886 2027 5941 refertur
2061 5894 2160 5936 nec
2195 5880 2252 5934 Id
2277 5884 2595 5948 praesentem
2634 5872 2915 5928 materiam
2946 5869 3094 5924 facit.
