4030 6342
592 439 699 498 ειηδ
1847 433 1904 491 s.
1939 433 2259 495 IOANNIS
2287 436 2594 498 CLIMACI

3730 451 3836 516 996

595 557 678 600 est
708 545 871 601 turris
908 543 1241 600 fortitudinis
1288 557 1317 596 a
1356 528 1499 596 facie
1537 543 1760 599 inimici.
1837 541 1985 597 Nihil
2056 545 2294 613 proﬁciet
2334 549 2580 603 inimicus
2620 551 2671 604 in
2703 567 2761 604 eo
2787 592 2803 616 ,
2849 562 2897 606 et
2927 554 3073 622 ﬁlius
3097 595 3113 621 ,
3152 569 3249 613 seu
3318 559 3496 629 potius
3560 560 3836 630 cogitatio,

597 641 890 709 iniquitatis
917 656 1019 692 non
1050 646 1271 707 apponet
1302 652 1484 691 nocere
1511 637 1559 691 ei
1582 677 1598 702 ,
1629 646 1677 691 et
1706 636 1941 691 concidet
1969 654 2001 690 a
2028 638 2164 707 facie
2195 640 2307 712 ejus
2384 643 2623 698 inimicos
2666 645 2777 714 ejus
2812 646 2849 677 “
2873 688 2889 712 ,
2940 656 2995 703 et
3034 664 3131 703 eos
3172 651 3266 720 qui
3314 652 3547 707 oderunt
3614 668 3738 709 eum
3780 652 3836 710 in

596 736 783 805 fugam
821 740 1118 787 convertet.

665 800 802 883 Sunt
871 834 925 879 ct
985 823 1105 878 alia:
1173 821 1302 877 huic
1373 820 1635 892 praeclaro
1697 819 1985 876 domestici
2058 800 2176 877 the—
2204 840 2252 897 Α

595 921 745 976 sauri
811 916 1035 973 domino
1094 915 1148 970 in
1209 914 1392 969 anima
1453 929 1559 968 non
1609 914 1806 984 ignotae
1870 914 2172 984 proprieta—

596 1028 725 1079 tes,
789 1019 985 1083 praater
1049 1022 1243 1063 omnes
1306 1007 1426 1062 illas
1482 1005 1597 1077 jam
1659 1000 1959 1077 explicatas
1994 1047 2011 1073 ,
2069 1008 2175 1063 illa:

586 1105 737 1160 enim
805 1119 1041 1168 onmes,
1110 1108 1334 1170 excepta
1402 1114 1509 1153 una
1540 1138 1556 1162 ,
1632 1098 1971 1153 intuentibus
2044 1109 2176 1155 sunt

593 1198 754 1268 317
788 1196 993 1251 indices
1022 1193 1186 1262 hujus
1220 1193 1459 1247 thesauri
1492 1191 1839 1249 humilitatis.
1862 1191 2174 1264 Deprehen-

595 1294 714 1354 des,
758 1299 811 1343 et
840 1286 1191 1346 uoufalleris.
1230 1284 1283 1338 in
1308 1284 1500 1354 teipse
1530 1294 1775 1359 sanetam
1812 1285 1953 1340 hanc
1987 1285 2167 1341 humi-

594 1382 763 1438 litatis
790 1382 1070 1442 virtutem,
1142 1388 1196 1431 et
1244 1388 1495 1431 naturam
1558 1376 1653 1430 tibi
1711 1385 2051 1444 praesentem,
2096 1394 2173 1432 ex

593 1472 967 1544 inexplicabili
1052 1472 1207 1541 copia
1280 1470 1503 1525 luminis
1554 1470 1746 1537 divini,
1800 1478 1854 1525 et
1910 1473 2173 1527 orationis

594 1565 964 1620 inenarrabili.
998 1563 1247 1633 Praecipit
1276 1563 1390 1618 hare
1433 1572 1486 1617 et
1538 1563 1799 1633 anticipat
1860 1579 1956 1619 cor
1987 1564 2171 1619 omnis

597 1658 881 1713 calumniae
939 1671 1135 1725 expers
1186 1657 1238 1708 in
1292 1654 1533 1723 lapsibus
1576 1667 1630 1711 et
1679 1655 1898 1723 oll‘ensis
1958 1656 2171 1711 alienis.

599 1736 895 1804 Ante-vertit
928 1762 1109 1802 veram
1146 1735 1503 1802 humilitatem
1536 1747 1722 1802 odium
1785 1763 1937 1802 vana:
1989 1747 2175 1816 gloria:

595 1857 762 1911 supra
791 1841 1098 1909 explicatae.
1133 1838 1236 1920 Qui
1271 1836 1509 1908 scipsum
1553 1840 1723 1908 probe
1770 1840 2073 1909 cognoscit,
2120 1851 2175 1893 et

599 1934 821 1987 intimos
851 1930 1016 1985 animi
1046 1930 1127 1983 sui
1152 1945 1350 1984 sensus
1390 1930 1702 2000 exploratos
1747 1929 1931 1995 habet,
1958 1945 2174 1985 semen-

599 2036 703 2078 tem
736 2026 950 2079 interra
986 2022 1138 2077 fecit.
1165 2020 1308 2075 Fieri
1344 2023 1488 2074 enim
1543 2036 1653 2075 non
1711 2031 1889 2091 potest
1935 2030 2015 2088 ut,
2070 2023 2172 2077 nisi

595 2118 685 2192 tali
718 2119 875 2171 iitodo
904 2125 1136 2178 seratur,
1176 2112 1457 2168 humilitas
1528 2113 1852 2170 efﬂorescat.
1928 2115 2031 2181 Qui
2085 2130 2173 2169 se-

2354 823 2521 876 Ἀλλα
2543 824 2611 878 τὰ
2634 823 2712 894 τῷ
2741 826 2963 897 κτήτορι
2977 826 3150 897 τούτῳ
3167 827 3245 896 τῷ
3275 830 3497 902 μεγάλῳ
3527 830 3622 886 τοῦ
3637 834 3837 889 οἰκείου

2276 914 2506 991 πλούτου
2540 917 2599 968 ὲν
2627 919 2695 988 τῇ
2734 916 2880 989 ψυχῇ
2914 920 3285 991 γνωριζόμενα
3349 922 3633 996 ἰδιώματα,
3683 928 3834 999 παρὰ

2274 1010 2452 1062 πάντα
2474 1007 2549 1067 τὰ,
2572 1009 3041 1080 προδεδηλωμένα.
3070 1011 3284 1067 Ἐκεῖνα
3304 1012 3416 1086 γὰρ
3435 1014 3670 1083 ἅπαντα,
3705 1018 3836 1090 ἄτερ

2264 1076 2414 1166 ’ἑνὸς,
2442 1104 2557 1166 τοῖς
2583 1076 2915 1173 opiﬁci-reici
2935 1102 3028 1156 τοῦ
3055 1104 3285 1161 πλούτου
3316 1076 3830 1181 ’σημαντικάνμιί-

2274 1193 2460 1267 γνώσῃ
2494 1197 2588 1250 καὶ
2633 1197 2733 1250 οὐκ
2784 1198 3112 1271 ἀπατηθήσῃ
3173 1204 3231 1255 ὲν
3279 1204 3491 1276 σεαυτῷ
3529 1207 3833 1278 προσοῦσάν

2275 1304 2356 1343 σοι
2392 1289 2488 1361 τὴν
2526 1288 2678 1344 ὁσίαν
2720 1291 2925 1361 ταύτην
2953 1291 3163 1356 οὐσίαν,
3218 1295 3276 1347 ὲν
3305 1296 3499 1368 πλήθει
3526 1284 3712 1368 φωτὸέ
3730 1302 3832 1374 ἀρ-

2275 1379 2460 1447 ρήτου,
2497 1380 2588 1432 καὶ
2632 1381 2940 1463 προσευχῆς
2964 1381 3126 1453 ἔρωτι
3173 1384 3436 1457 ἀμυθήτῳ
3494 1391 3834 1463 προκαταλή-

2272 1468 2417 1537 ψεως
2465 1470 2694 1535 τούτων,
2745 1468 3092 1545 ἀλοιδόρητος
3141 1476 3337 1547 καρδία
3397 1480 3456 1532 ὲν
3504 1482 3832 1553 πταίσμασιν

2272 1558 2591 1631 ἀλλοτρίοις.
2631 1562 2943 1634 Πρόδρομον
2986 1562 3086 1636 [αι.
3130 1565 3458 1641 πρόδρομος]
3489 1573 3585 1641 τῆς
3615 1571 3828 1643 λεχθεί-

2274 1668 2374 1721 σης
2409 1653 2711 1720 κενοδοξίας
2737 1654 2918 1725 πάσης
2947 1658 3121 1726 μῖσος.
3177 1657 3235 1712 Ὁ
3263 1659 3457 1713 ἑαυτὸν
3486 1662 3739 1732 ἐπιγνοὺς
3774 1666 3832 1719 ἐν

2275 1745 2424 1817 πάσῃ
2474 1747 2724 1831 αἰσθήσει
2769 1747 2947 1820 ψυχῆς
2974 1750 3110 1822 (15),
3145 1750 3239 1805 ἐπὶ
3280 1751 3378 1824 τὴν
3404 1753 3508 1823 γῆν
3544 1754 3829 1828 ἔσπειρενο

2272 1838 2373 1890 οὐκ
2419 1836 2532 1890 ἔστι
2561 1839 2669 1910 γὰρ
2699 1843 2773 1910 μὴ
2796 1840 2967 1905 οὕτως
2989 1841 3316 1914 σπείραντας
3340 1848 3831 1922 ταπεινοφροσύνην

2273 1928 2503 1999 ἀνθῆσαι
2535 1948 2548 1960 ·
2577 1933 2605 1984 ὁ
2634 1932 2824 1985 ἑαυτὸν
2838 1933 3093 2002 ἐπιγνοὺς
3116 1937 3410 2006 κατείληφε
3434 1937 3598 2007 φόϐου
3620 1941 3826 2013 Κυρίου

2272 2018 2501 2085 ἔννοιαν,
2536 2020 2623 2076 διὰ
2664 2021 2719 2075 δὲ
2773 2022 2975 2094 ταύτης
3008 2024 3229 2094 βαδίσας
3284 2029 3364 2092 είς
3406 2029 3581 2100 πύλην
3614 2032 3833 2104 ἀγάπης

2272 2113 2493 2182 ἔφθασε.
2534 2116 2871 2182 Ταπείνωσίς
2895 2121 3011 2172 ἐστι
3033 2118 3312 2188 βασιλείας
3339 2123 3505 2193 πύλη,
3531 2126 3655 2189 τοὺς
3694 2125 3831 2197 πλη-

593 2213 780 2278 ipsun.
821 2207 1084 2278 pernovit,
1122 2205 1334 2260 timoris
1394 2203 1604 2259 Domini
1652 2207 2015 2276 cognitionem
2079 2222 2169 2261 ac-

2272 2208 2552 2273 σιάξοντας
2582 2211 2896 2278 εἰσάγουσα.
2936 2204 3037 2264 Διὰ
3064 2213 3266 2283 ταύτης
3307 2208 3461 2284 οἶμαι
3506 2217 3596 2269 τὸν
3629 2196 3830 2289 Κύρον

591 2302 737 2371 cepit
771 2317 864 2370 per
901 2315 1064 2367 quam
1097 2298 1188 2369 qui
1226 2298 1448 2362 incedit,
1508 2300 1573 2352 ad
1637 2299 1918 2354 eharitatis
1959 2309 2168 2368 portam

594 2395 855 2463 pervenit.
916 2393 1206 2446 llutnilitas
1250 2400 1334 2445 est
1368 2392 1533 2459 janua
1571 2391 1722 2461 regni
1753 2391 2018 2454 caelestis,
2050 2406 2173 2461 qua:

593 2487 913 2541 accedentes
940 2484 1271 2548 introducit;
1344 2499 1438 2551 per
1501 2485 1640 2538 hanc
1716 2499 1839 2538 reor
1882 2483 2168 2539 Dominum

594 2579 770 2648 ipsum
795 2579 1181 2649 ingredientem
1206 2574 1412 2630 dixisse
1431 2574 1601 2645 :quod
1626 2576 1890 2646 (humilis)
1908 2578 2170 2648 ingredie-

594 2680 682 2723 tur
717 2680 765 2724 et
803 2668 1116 2740 egredietur,
1150 2684 1214 2723 ex
1241 2668 1341 2722 hac
1369 2666 1474 2721 vita
1502 2668 1707 2737 absque
1736 2668 1846 2723 ullo
1875 2669 2092 2732 timore,
2119 2679 2168 2722 et

589 2778 788 2831 pascua
817 2762 1035 2815 inveniet
1070 2761 1135 2823 ³⁸,
1165 2768 1220 2813 et
1271 2773 1515 2814 alumna
1545 2759 1599 2813 in
1665 2758 1921 2829 paradiso
1974 2759 2166 2815 vireta.

592 2856 912 2923 Quicunque
946 2854 1053 2907 alio
1089 2840 1248 2906 modo
1280 2861 1334 2905 et
1384 2850 1571 2904 habitu
1602 2865 1698 2920 per
1736 2852 1898 2905 aliam
1943 2850 2166 2920 januam

592 2955 880 3011 \cllel'llltl,
915 2943 1062 2999 fures
1095 2954 1224 2998 sunt
1252 2953 1305 2997 et
1327 2943 1565 2997 latrones
1591 2943 1713 2997 vitae
1746 2958 1880 2997 sate.
1912 2942 2016 3009 Qui
2067 2959 2168 3000 nos

592 3043 739 3113 ipsos
787 3053 1043 3107 pet-nesse
1075 3038 1348 3101 volumus,
1386 3050 1663 3106 nunquam
1733 3037 2063 3093 desistamus
2112 3039 2166 3092 in

593 3135 867 3202 nosipsos
903 3131 1213 3200 inquirere;
1263 3128 1390 3184 etsi
1422 3143 1486 3183 ex
1535 3129 1726 3183 intimo
1774 3129 1940 3183 animi
2001 3145 2165 3186 sensu

591 3228 725 3280 alios
753 3240 943 3279 omnes
973 3223 1130 3278 nobis
1165 3222 1421 3276 meliores
1459 3221 1772 3285 credamus,
1805 3230 1918 3274 tum
1945 3220 2165 3276 deruunt

593 3335 693 3374 nos
724 3333 831 3373 non
881 3316 1123 3386 procula
1173 3314 1357 3367 divina
1404 3312 1996 3368 misericordiaabesse
2047 3329 2167 3370 cre-

589 3413 800 3465 demus.
833 3407 1122 3475 Nunquam
1151 3410 1187 3459 e‘
1214 3404 1336 3459 nive
1367 3403 1507 3475 ignis
1535 3405 1773 3459 emicare
1799 3411 1996 3473 potest,
2024 3404 2166 3458 mul-

592 3514 647 3557 to
680 3504 860 3556 ntinus
887 3502 941 3555 in
969 3499 1224 3555 haeretica
1253 3513 1347 3553 seu
1387 3495 1613 3552 alterius
1645 3507 1811 3561 sectae
1836 3496 2061 3552 alumno
2085 3497 2165 3552 lo-
2192 3536 2235 3594 ο

592 3610 717 3647 eum
764 3593 960 3646 habere
1021 3590 1318 3643 humilitas.
1374 3586 1641 3642 Fidelium
1718 3601 1815 3641 seu
1867 3586 2166 3643 catholico-

593 3700 712 3735 rum
744 3692 797 3736 et
827 3682 1252 3753 pioruurvirtus
1281 3685 1394 3733 haec
1428 3680 1647 3749 propria
1684 3685 1791 3741 est,
1842 3686 1897 3733 et
1944 3678 2163 3749 quidem

596 3777 924 3843 integrorum
965 3783 1016 3826 et
1054 3772 1122 3824 ab
1192 3771 1448 3825 oninibus
1519 3768 1663 3824 vitiis
1727 3781 2163 3841 repurgatorum.

591 3865 912 3935 Cuinplures
938 3880 1003 3917 ex
1030 3861 1186 3916 nobis
1215 3874 1316 3914 nos
1350 3858 1515 3930 313
1543 3858 1691 3929 ipsos
1716 3868 2033 3927 peccatores
2080 3857 2165 3912 di-
2194 3907 2203 3915 .

498 3969 502 3974 ‘
590 3959 788 4022 cimus,
817 3968 870 4009 et
896 3954 1127 4008 fortasse
1150 3952 1484 4020 iudicamus,
1521 3951 1613 4007 sed
1649 3950 1947 4033 ignominia
1979 3951 2168 4021 explo-

593 4050 758 4105 ratrix
822 4047 1006 4102 cordis
1036 4052 1136 4100 est.
1168 4044 1431 4113 Quisquis
1487 4044 1555 4097 ad
1599 4042 1747 4098 hunc
1795 4043 2163 4113 tranquillita-

592 4144 663 4198 tis
688 4153 907 4212 portum
939 4138 1208 4210 appellere
1233 4135 1532 4198 contendit,
1597 4150 1879 4204 nunquam
1932 4135 2168 4191 cessabit

595 4237 866 4307 inquirere
896 4237 1105 4300 modos,
1141 4232 1409 4297 rationes,
1443 4223 1911 4296 ratiocinationes,
1943 4230 2163 4300 excogi-

595 4331 826 4385 tationes
859 4342 955 4381 seu
984 4323 1492 4389 commentationes,
1520 4320 1873 4392 quaestiones,
1936 4319 2168 4390 inquisi-

596 4423 769 4476 tiones
799 4435 895 4474 seu
943 4415 1409 4486 investigationes,
1475 4414 1869 4481 institutiones,
1935 4414 2165 4470 solertes

596 4513 897 4575 Illat'hillus,
923 4508 1196 4566 solertiam
1225 4525 1240 4574 ;
1272 4521 1459 4577 preces
1502 4506 1665 4561 etiam
1693 4505 1969 4562 adhibebit
1995 4514 2050 4561 et
2070 4521 2165 4577 ap-

599 4603 952 4676 precationes,
996 4601 1188 4663 omnia
1259 4598 1425 4654 faciet
1482 4605 1541 4653 et
1590 4596 1943 4666 excogitabit,
1984 4596 2163 4667 quoad

528 4718 531 4721 λ
596 4710 697 4763 0pc
759 4693 967 4748 cmlesti
1006 4705 1101 4760 per
1151 4690 1470 4765 a-bjectiora,
1500 4699 1554 4743 et
1610 4686 1807 4741 ‘viliora
1866 4687 2067 4755 studia,
2110 4698 2166 4743 et

590 4778 1012 4839 'exereitationcs
1047 4780 1243 4836 anima:
1276 4797 1389 4837 suae
1420 4781 1640 4853 puppim
1674 4765 1761 4836 ex.
1782 4776 1980 4833 infesto
2019 4794 2164 4835 sem-

2271 2293 2547 2371 εἰρηκέναι
2595 2302 2686 2354 τὸν
2732 2303 2987 2368 εἰσιόντα,
3031 2304 3114 2356 ὃτι
3149 2305 3243 2356 καὶ
3280 2306 3686 2363 εἰσελεύσεται
3722 2307 3831 2379 (16)

2272 2391 2369 2445 καὶ
2393 2389 2777 2455 ἐξελεύσεται
2793 2394 3009 2464 ἀφόϐως
3025 2397 3089 2447 ἐκ
3110 2394 3205 2448 τοῦ
3223 2397 3360 2466 βίου,
3404 2397 3503 2453 καί
3524 2400 3717 2470 νομὴν
3732 2403 3831 2457 εὐ-

2265 2484 2470 2553 ρήσει,
2513 2485 2608 2539 καὶ
2642 2484 2805 2556 χλόην
2861 2487 2918 2539 ὲν
2968 2486 3044 2558 τῷ
3096 2488 3410 2561 παραδείσῳ
3435 2506 3449 2519 ’
3489 2492 3689 2557 πάντες
3721 2494 3832 2548 ὅσοι

2270 2571 2432 2647 ἦλθον
2478 2576 2546 2630 δι’
2591 2576 2783 2649 ἑτέρας
2813 2579 2871 2632 ὲν
2898 2576 2976 2648 τῷ
3007 2580 3263 2649 σχήματι,
3302 2579 3532 2635 κλέπται
3583 2582 3689 2637 εἰσὶ
3732 2584 3831 2654 τῆς

2270 2667 2479 2721 ἑαυτῶν
2512 2668 2658 2739 ζωῆς
2704 2671 2797 2723 καὶ
2847 2669 3062 2742 λῃσταί.
3115 2671 3479 2743 Συζητοῦντες
3528 2674 3753 2740 ἑαυτοὺς
3780 2678 3829 2734 οἱ

2269 2758 2597 2813 καταλαϐεῖν
2612 2758 2943 2832 βουλόμενοι,
2968 2761 3041 2833 μὴ
3055 2761 3408 2834 διαλίπωμεν,
3431 2762 3536 2818 κᾶν
3556 2765 3615 2818 ὲν
3639 2765 3826 2832 αἰσθή-

2270 2867 2352 2903 σει
2371 2849 2549 2921 ψυχῆς
2572 2849 2666 2903 τὸν
2684 2849 2910 2921 πλησίον
2925 2851 3102 2905 πάντα
3133 2851 3391 2922 προῦχειν
3416 2852 3576 2922 ἡμῶν
3592 2854 3830 2927 οἰώμεθα

2266 2942 2435 3009 ἐγγὺς
2476 2940 2538 2993 τὸ
2578 2940 2725 3004 ἕλεος
2773 2940 2908 3011 (17).
2954 2941 3235 2996 Ἀδύνατον
3261 2945 3326 2996 ὲκ
3366 2944 3542 3014 χιόνος
3588 2947 3830 3019 προϊέναι

2268 3032 2440 3101 φλόγα
2464 3050 2478 3063 ·
2514 3032 2937 3106 ἀμηχανώτερον
2963 3033 3023 3087 δὲ
3053 3034 3111 3087 ὲν
3139 3034 3433 3108 ἑτεροδόξῳ
3474 3053 3828 3114 ταπεινοφρο-

2270 3126 2436 3196 σύνην
2478 3125 2763 3196 ὑπάρχειν.
2827 3126 3042 3186 Πιστῶν
3104 3128 3199 3181 καὶ
3243 3129 3499 3207 εύσεόὦν
3527 3130 3588 3186 τὸ
3634 3133 3831 3204 κατόρ-

2267 3217 2426 3287 θωμα
2478 3216 2614 3290 (18),
2672 3219 2766 3270 καὶ
2806 3217 2965 3271 τοῦτο
3020 3222 3133 3284 τοῖς
3175 3220 3360 3277 λοιπὸν
3404 3225 3828 3301 κεκαθαρμένος

2267 3308 2399 3383 [τῶν
2419 3308 2625 3364 κεκαθα
2631 3326 2661 3380 ρ
2668 3308 2866 3381 μένων]
2874 3352 2888 3365 .
2905 3309 2968 3364 Oi
2985 3311 3203 3377 πλείους
3219 3313 3317 3385 μὲν
3329 3316 3556 3382 ἑαυτοὺς
3567 3317 3830 3391 ἁμαρτω·

2266 3402 2391 3467 λοὺς
2414 3402 2511 3456 καὶ
2545 3402 2775 3474 λέγομεν
2813 3402 2943 3465 ἴσως
2991 3404 3086 3457 καὶ
3125 3405 3319 3477 ἔχομεν
3340 3423 3355 3439 ο
3401 3408 3595 3480 ἀτιμία
3616 3408 3672 3462 δὲ
3697 3424 3830 3481 καρ-

2265 3497 2383 3552 δίαν
2445 3497 2766 3568 ἐδοκίμασεν
2812 3496 2964 3568 (19)·
3017 3498 3080 3551 οὐ
3132 3500 3400 3556 πάυσεται
3426 3504 3455 3556 ὁ
3480 3503 3826 3576 ἐπειγόμενος

2267 3591 2360 3644 ἐπὶ
2395 3591 2488 3644 τὸν
2518 3590 2711 3661 λιμένα
2748 3589 2935 3643 τοῦτον
2961 3589 3053 3643 τὸν
3087 3590 3418 3662 ἀκύμαντον,
3449 3595 3711 3665 τρόπους,
3734 3596 3826 3649 καὶ

2266 3682 2479 3750 λόγους,
2511 3684 2606 3737 καὶ
2629 3682 2859 3746 ἑννοίας.
2887 3683 2983 3737 καὶ
3009 3670 3273 3749 ἐπινοίας,
3306 3686 3401 3740 καὶ
3429 3685 3704 3758 ζητήσεις,
3735 3686 3827 3740 καὶ
3900 3709 3909 3721 ·

2269 3773 2613 3844 ἐκζητήσεις,
2648 3773 2738 3826 καὶ
2790 3773 3034 3842 ἀγωγὰς,
3075 3774 3169 3829 καί⁵
3216 3776 3481 3847 μηχανὰς,
3504 3779 3600 3831 καὶ
3640 3776 3823 3849 εὐχὰς,

2267 3864 2362 3917 καὶ
2383 3863 2687 3935 προσευχὰς
2718 3864 2904 3929 ποιῶν,
2940 3866 3036 3919 καὶ
3058 3866 3218 3934 νοῶν,
3246 3868 3340 3922 καὶ
3375 3868 3624 3934 ἐπινοῶν,
3669 3870 3826 3942 ἄχρις

2265 3950 2326 4011 οὗ
2351 3957 2437 4040 διὰ
2452 3954 2587 4010 Θεοῦ
2619 3957 2902 4030 συνεργίας
2926 3958 3022 4015 καὶ
3036 3959 3433 4031 ταπεινοτέρων
3458 3964 3552 4016 καὶ
3577 3961 3824 4034 ἀτιμοτὲ-

2270 4068 2376 4123 ρων
2417 4049 2669 4120 ἀγωγῶν,
2720 4055 2818 4121 τῆς
2864 4052 3250 4123 ἁειχειμάστου
3275 4053 3505 4125 οἰήσεως
3553 4053 3823 4123 θαλάσσης

2268 4140 2611 4214 ἐλευθερώσῃ
2648 4143 2712 4194 τὸ
2757 4140 2859 4210 τῆς
2885 4140 3091 4204 οἰκείας
3130 4133 3310 4213 ψυχῆς
3355 4143 3561 4214 σκάφος
3590 4157 3605 4174 ’
3640 4144 3670 4196 δ
3715 4140 3821 4214 γὰρ

2263 4232 2472 4301 ταύτης
2496 4231 2854 4299 ἀπαλλαγεὶς,
2884 4230 2978 4283 ἐπὶ
3019 4233 3155 4285 πᾶσι
3186 4235 3309 4298 τοῖς
3342 4233 3547 4298 λοιποῖς
3573 4235 3819 4308 ἁμαρτή-
3889 4291 3905 4303 _

2268 4339 2433 4394 μασιν
2457 4320 2856 4389 εὐαπολόγητος
2897 4317 3135 4393 τελώνης
3163 4323 3393 4391 γίνεται,
3429 4323 3585 4387 Τινὲς
3612 4319 3720 4395 γὰρ
3751 4323 3819 4378 τὰ

2265 4413 2633 4487 προγεγονότα
2664 4412 2830 4477 κακὰ,
2866 4415 2960 4467 καὶ
2995 4415 3132 4485 μετὰ
3158 4417 3257 4486 τὴν
3290 4416 3485 4487 ἄφεσιν
3520 4416 3722 4469 τούτων
3741 4414 3819 4479 εἰς

2264 4506 2521 4562 ὑπόθεσιν
2548 4505 3061 4578 ταπεινοφροσύνης,
3099 4507 3205 4571 ἓως
3225 4506 3411 4571 τέλους
3442 4507 3727 4578 laxitatem,
3752 4505 3817 4561 δι’

2264 4598 2490 4655 ἐκείνων
2519 4596 2582 4650 τὸ
2610 4596 2837 4669 μάταιον
2876 4599 3044 4671 οἴημα
3075 4597 3475 4668 κολαφίζοντες.
3512 4599 3727 4673 Ἕτερα
3762 4598 3819 4663 ἢ

2263 4693 2327 4748 τὸ
2351 4690 2445 4747 τοῦ
2471 4691 2706 4763 Χριστοῦ
2738 4692 3045 4757 ἐννοοῦντες
3072 4690 3265 4758 πάθος,
3284 4692 3515 4759 ἑαυτοὺς
3540 4696 3626 4750 ἀεὶ
3650 4691 3817 4767 χρεώ-ι

2266 4800 2395 4847 στας
2433 4781 2750 4851 λογίζονται.
2778 4783 2961 4838 ’Λλλοι
2995 4782 3083 4838 διὰ
3118 4783 3227 4837 τῶν
3250 4783 3631 4861 καθημερινῶν
3656 4772 3835 4841 ωτι-⁸

597 4895 690 4950 per
732 4886 785 4929 et
814 4876 1115 4945 procelloso
1146 4873 1418 4943 superbia:
1444 4876 1636 4942 pelago
1662 4880 1904 4943 ereptam
1936 4871 1990 4925 in
2022 4880 2164 4926 tran-

2268 4874 2410 4945 ψεων
2455 4874 2680 4938 ἑαυτοὺς
2738 4872 3119 4938 εὐτελίζουσιν.
3150 4873 3334 4931 ’Δλλοι
3362 4879 3428 4931 ἑκ
3478 4873 3817 4949 συμϐατικῶν

595 4969 767 5040 quillo
838 4976 995 5035 portu
1045 4966 1290 5021 collucet.
1322 4963 1425 5029 Qui
1486 4964 1628 5017 enim
1678 4963 1748 5018 ab
1785 4964 1887 5019 hac
1955 4962 2170 5034 (super-

598 5061 708 5130 bia)
759 5059 922 5114 fuerit
960 5057 1263 5126 expeditus,
1304 5056 1374 5111 de
1425 5053 1689 5109 erunibus
1743 5056 1982 5125 peccatis
2011 5051 2169 5109 facile

601 5164 858 5221 tauqttartt
893 5149 1347 5221 publicanusille,
1388 5143 1710 5201 satisfaciet.
1748 5147 1889 5200 Sunt
1916 5146 2009 5218 qui
2035 5162 2170 5217 prte-

599 5244 758 5298 terita
794 5252 1008 5312 peccata
1042 5242 1204 5297 etiam
1240 5253 1361 5311 post
1388 5239 1603 5295 veniam
1635 5237 1705 5294 de
1733 5238 1839 5295 illis
1869 5248 2167 5310 acceptam,

596 5338 657 5392 in
686 5338 1010 5392 humilitatis
1045 5350 1265 5391 causam
1296 5344 1347 5390 et
1383 5344 1763 5405 argumentum
1792 5334 2034 5402 trahunt,
2055 5351 2167 5390 meo

594 5443 777 5484 mores
807 5427 1024 5483 illorum
1051 5445 1223 5499 usque
1253 5428 1320 5482 ad
1373 5435 1628 5491 mortem,
1667 5441 1765 5497 per
1809 5442 1930 5496 quae
1969 5441 2162 5498 super-

593 5521 737 5574 biam
787 5528 1045 5574 mactant.
1081 5517 1218 5573 Sunt
1248 5517 1337 5573 alii
1365 5519 1457 5587 qui
1485 5517 1689 5573 Christi
1718 5517 2025 5587 paSsioncm
2050 5532 2163 5572 me-

2268 4965 2613 5035 πειρασμῶν,
2663 4966 2756 5020 καὶ
2807 4966 2997 5031 νόσων,
3044 4966 3140 5029 καὶ
3193 4969 3521 5038 πτωμάτων,
3570 4967 3668 5038 τὴν
3715 4966 3821 5022 τῶν

2267 5052 2623 5127 χαρισμάτων
2651 5057 2861 5130 μητέρα
2884 5055 3249 5126 ᾠκειώσαντο.
3270 5060 3390 5115 Είσὶ
3410 5060 3469 5114 δι
3485 5076 3647 5125 τινες*
3666 5060 3818 5134 εἴπερ

2268 5149 2361 5203 καὶ
2401 5148 2495 5202 νῦν
2531 5151 2691 5212 εἰσιν,
2732 5151 2832 5202 οὑκ
2863 5146 2972 5218 ἔχω
2994 5148 3175 5220 λέγειν
3193 5165 3208 5180 ⁸
3228 5152 3280 5205 ot
3304 5152 3374 5206 δι’
3395 5150 3575 5206 αὐτῶν
3594 5152 3704 5208 τῶν
3728 5153 3816 5209 τοῦ

2266 5238 2402 5295 θεοῦ
2427 5241 2645 5312 δωρεῶν
2672 5240 2814 5296 κατὰ
2840 5239 3140 5310 πρόσ6ασιν
3169 5242 3374 5298 τούτων
3395 5243 3817 5308 ἑαυτοὺςταπει-

2268 5330 2482 5398 νοῦντες
2512 5333 2648 5407 (20),
2681 5330 2935 5409 ἀναξίους
2958 5333 3189 5400 ἑαυτοὺς
3215 5333 3310 5388 τοῦ
3330 5333 3573 5390 τοιούτου
3594 5337 3813 5393 πλούτου

2265 5422 2625 5496 λογιζόμενοι,
2670 5423 2768 5477 καὶ
2804 5423 2881 5489 ώς
2931 5425 3257 5499 καθημέραν
3286 5424 3369 5496 τῷ
3428 5427 3621 5483 ἑαυτοῦ
3670 5429 3812 5502 χρίει

2267 5518 2646 5589 προστιθέντες
2674 5515 2845 5583 οὕτως
2867 5518 3223 5590 διακείμενοι.
3649 5552 3655 5556 -

592 5611 818 5669 ditando
851 5625 1061 5681 seraper
1090 5626 1174 5668 ,se
1230 5620 1463 5664 aeternos
1517 5609 1795 5664 debitores
1849 5618 2167 5681 agnoscunt.
2208 5608 2317 5665 Alii
2388 5619 2608 5680 propter
2639 5609 2953 5681 quotidiana
3018 5610 3237 5679 delicta,
3300 5627 3423 5671 sese
3479 5617 3740 5690 abiiciunt
3763 5601 3814 5670 οι

592 5709 891 5766 vilissimas
914 5707 1180 5775 indicant.
1211 5707 1313 5759 Alii
1383 5721 1450 5759 ex
1491 5704 1881 5762 teutationibus
1941 5721 2061 5777 quae
2125 5704 2397 5774 accidunt,
2464 5714 2537 5760 et‘
2582 5704 2786 5764 morbis
2857 5705 3047 5771 animi,
3101 5702 3156 5761 et
3202 5705 3466 5778 lapsibus,
3526 5711 3813 5783 gratiarum

665 5889 703 5918 ⁸⁷
733 5885 875 5940 Ρειιι.
912 5897 1171 5946 LXXXVIII,
1204 5882 1292 5948 9.5,
1337 5882 1431 5936 24.
1513 5884 1556 5917 ³⁸
1607 5880 1763 5937 Joan.
1800 5896 1857 5944 ι.
1894 5880 1947 5934 9.
