4030 6342
215 465 316 528 9·Τῖ

1189 465 1415 523 SCALA
1457 460 1829 522 PARADISI.
1868 483 1931 491 -
1962 459 2264 518 GRADUS
2292 460 2461 519 XXV.

3351 465 3451 524 91H

218 585 499 647 parentem
541 578 641 633 sibi
685 576 1008 631 familiarem
1064 575 1313 629 reddunt.
1377 575 1514 627 Sunt
1566 583 1619 625 et
1677 571 1764 623 alii
1822 571 2026 631 (utrum
2077 582 2203 621 vero
2254 570 2409 621 hodie
2439 578 2568 631 smt,
2593 569 2774 624 dicere
2834 586 2939 625 non
3009 572 3199 640 habeo)
3239 571 3329 640 qui
3361 585 3453 640 per

218 679 336 744 ipsa
411 674 651 729 caalestia
716 672 809 727 Dei
861 675 1003 726 dona
1083 672 1284 740 quibus
1388 669 1629 737 quotidie

1738 663 2043 717 alliciuntur
2129 672 2181 716 et
2256 662 2561 731 proficiunt,
2616 662 2815 733 ‘seipsis
2876 666 3257 719 submissiures
3297 666 3451 730 fiunt,

216 768 349 821 dum
388 781 445 819 se
484 764 736 832 indignos
763 762 928 816 tantis
972 760 1266 830 gratiarum
1320 757 1593 812 thesauris
1657 753 1995 816 existimant,
2030 760 2084 805 et
2145 752 2367 821 perinde
2426 754 2736 807 afﬁciuntur
2765 771 2826 809 ac
2887 756 2932 810 si
2966 757 3204 825 quotidie
3233 757 3455 809 nomina

218 862 526 918 debitorum
559 868 838 927 augerent.

289 952 462 1006 Τοῦτο
510 950 857 1014 ταπείνωσις,
898 949 1054 1000 τοῦτο
1104 950 1137 1018 ἡ
1189 948 1525 1016 μακαριότης
1559 959 1575 974 ·
1632 943 1788 995 τοῦτο

1959 931 2086 993 llaec
2116 941 2195 987 est
2226 933 2525 997 humilitas,
2559 937 2673 990 hac
2701 937 2992 1002 beatitudo,
3018 939 3183 1009 319
3214 940 3317 994 hoc
3340 956 3460 1010 per-

215 1048 279 1101 τὸ
305 1047 510 1099 τέλειον
534 1042 784 1095 ἔπαθλον.
832 1042 1060 1094 Ὀπόταν
1114 1038 1235 1092 τινὰ
1293 1038 1406 1111 ἴδῃς
1455 1038 1489 1107 ἢ
1545 1036 1784 1106 ἀκούσῃς

217 1141 279 1191 ὲν
336 1136 537 1205 ὀλίγοις
595 1134 770 1187 ἔτεσιν
823 1132 1164 1202 ὑψηλοτάτην
1206 1130 1471 1184 ἀπάθειαν
1516 1129 1788 1198 κτησάμε-

217 1246 335 1293 νον,
381 1229 476 1281 καὶ
531 1226 606 1297 μὴ
659 1226 845 1297 ἄλλην,
877 1225 1014 1278 ἀλλὰ
1043 1225 1248 1293 ταύτην
1281 1224 1440 1277 αὑτὸν
1478 1224 1578 1294 τὴν
1613 1238 1786 1293 μακα-

219 1321 345 1392 ρίαν
374 1319 635 1388 σύντομον
674 1316 791 1369 ὁδὸν
839 1315 1288 1385 πεζοπορῆσαντα
1314 1314 1680 1382 ὑπολάμϐανε.
1721 1314 1787 1365 ἸΙ

221 1411 349 1481 ἱερά
388 1410 635 1479 ξυνωρὶς,
680 1407 867 1475 ἀγάπη
924 1409 1015 1459 καὶ
1059 1408 1384 1467 ταπείνωσις
1409 1405 1485 1472 ’ἡ
1541 1406 1638 1472 μὲν
1678 1403 1786 1473 γάρ

217 1504 371 1572 ὑψοῖ,
412 1504 446 1571 ἡ
479 1502 536 1553 δὲ
581 1501 707 1563 τοὺς
741 1499 1053 1567 ὐσᾷωθέντας
1094 1496 1369 1567 κρατοῦσα
1405 1495 1659 1549 οὐδέποτε
1697 1494 1787 1547 πί-

218 1610 371 1646 πτει.
409 1592 569 1644 Ἀλλο
620 1590 954 1660 συντριμμὸς
995 1588 1104 1658 (21)
1131 1628 1145 1653 ,
1180 1589 1276 1641 καὶ
1314 1587 1440 1641 ἄλλο
1467 1588 1785 1655 ἐπίγνωσις,

219 1688 319 1739 καὶ
370 1685 498 1740 ἄλλο
533 1682 883 1744 ταπείνωσις.
925 1681 1267 1751 Συντριμμός
1319 1682 1435 1737 ἐστι
1498 1680 1790 1749 πτώματος

219 1778 491 1845 γέννημα.
533 1775 589 1827 '0
618 1775 723 1845 γάρ
759 1773 972 1825 πίπτων
1014 1771 1355 1841 συντρίϐεται
1404 1773 1499 1825 καὶ
1533 1774 1790 1844 ἀπαρρη-

222 1869 446 1930 σίαστος
496 1868 554 1918 ἐν
600 1865 872 1934 προσευχῇ
915 1862 1030 1931 μετ’
1079 1864 1474 1932 ἐπαινουμένης
1520 1863 1790 1927 ἀναιδείας

221 1957 578 2025 παρίσταται,
612 1954 790 2024 ῥάϐδῳ
819 1953 1032 2016 ἐλπίδος
1063 1952 1138 2015 ὡς
1173 1944 1637 2025 συντεθλασμένος
1667 1956 1789 2008 ἐπι-

222 2046 636 2117 στηριζόμενος,
682 2047 776 2097 καὶ
823 2045 879 2096 ὲν
928 2044 1063 2113 αὐτῇ
1109 2044 1201 2095 τὸν
1252 2043 1387 2097 κύνα
1414 2045 1512 2113 τῆς
1545 2042 1789 2111 ἀπογνώ-

222 2154 369 2199 σεως
399 2136 627 2190 διώκων.
663 2135 983 2202 Ἐπίγνωσίς
1005 2137 1151 2187 ἐστιν
1172 2136 1421 2207 ἀσφαλὴς
1447 2136 1557 2189 τῶν
1580 2136 1794 2199 οἰκείων

223 2227 477 2298 μέτρων,
507 2229 601 2279 καὶ
630 2226 802 2294 ψιλῶν
833 2226 1188 2295 πταισμάτων
1230 2226 1575 2297 ἁρὲμὸαστος
1606 2228 1792 2297 μνήμη

1887 1023 2085 1078 fectum
2123 1027 2423 1093 prieinium.
2457 1026 2606 1093 Quod
2644 1030 2688 1082 si
2723 1045 2879 1097 quem
2912 1032 3107 1084 videris
3135 1033 3219 1085 vel
3272 1036 3459 1089 audie-

1887 1117 1962 1172 ris
2011 1118 2149 1171 intra
2175 1133 2377 1186 paucos
2417 1136 2587 1174 annos
2602 1121 2665 1174 ad
2694 1138 2962 1175 summam
2996 1124 3159 1177 animi
3196 1128 3462 1196 tranquil-

1886 1208 2091 1262 litatem
2124 1211 2563 1285 aspirasseunon
2595 1213 2699 1267 alia
2731 1214 2880 1267 illum
2918 1217 3001 1269 via
3056 1218 3120 1269 ad
3159 1218 3298 1272 hanc
3334 1235 3460 1288 per-

1890 1300 2173 1354 fectionem
2210 1304 2517 1369 pervenisse
2549 1306 2712 1367 scias,
2766 1289 3054 1377 quamper
3088 1310 3223 1362 hanc
3249 1311 3461 1365 beatam

1889 1401 1941 1445 et
1973 1394 2410 1461 compendiosam
2458 1398 2703 1451 semitam
2764 1401 3084 1467 pedestrem.
3147 1400 3309 1456 Sacra
3349 1404 3463 1458 haec

1891 1471 2011 1551 biga
2056 1493 2139 1536 est
2175 1485 2414 1540 charitas
2451 1496 2504 1539 et
2538 1488 2847 1550 humilitas;
2887 1507 3011 1544 nam
3072 1492 3159 1546 illa
3234 1495 3458 1558 exaltat,

1893 1574 2002 1627 haec
2034 1574 2296 1632 exaltatos
2331 1572 2397 1631 ne
2446 1595 2684 1649 unquam
2760 1582 3030 1645 decidant,
3085 1593 3248 1660 tenet.
3302 1587 3464 1642 Aliud

1890 1676 1971 1719 est
1999 1669 2273 1733 contritio,
2305 1670 2449 1723 aliud
2483 1674 2741 1741 cognitio,
2775 1675 2920 1728 aliud
2984 1675 3281 1731 humilitas.
3319 1677 3465 1733 Cou-

1893 1758 2038 1811 trilio
2068 1770 2134 1813 ex
2188 1774 2319 1815 casu
2368 1777 2465 1815 seu
2494 1763 2647 1831 lapsu
2683 1766 2940 1819 nascitur.
2969 1766 3102 1821 Nam
3171 1770 3264 1838 qui
3294 1770 3463 1835 cadit,

1893 1851 2214 1916 conteritur,
2245 1860 2299 1906 et
2328 1853 2445 1906 sine
2478 1854 2802 1909 confidentia
2834 1858 2917 1910 sui
2952 1859 3004 1910 in
3030 1862 3285 1928 precibhs
3340 1878 3462 1917 cum

1895 1944 2145 1997 laudabili
2177 1944 2504 2012 impudentia
2539 1946 2649 2001 Deo
2677 1957 2838 2012 astat,
2868 1949 3085 2006 innixus
3119 1952 3310 2007 baculo
3327 1956 3464 2022 spei,

1896 2044 2149 2103 tanquam
2183 2036 2514 2102 confractus,
2551 2055 2658 2107 quo
2697 2042 3083 2109 desperationis
3112 2060 3300 2098 canem
3354 2047 3469 2099 abi-

1897 2126 1969 2192 git
2002 2134 2054 2177 ct
2089 2125 2406 2192 insequitur.
2444 2128 2697 2196 Cognitio
2724 2138 2809 2182 est
2869 2131 3019 2182 firma
3061 2131 3288 2199 propriae
3348 2134 3465 2200 (seu

1900 2216 2233 2286 facultatum)
2263 2222 2703 2289 comprehensio,
2735 2232 2787 2276 et
2819 2223 3173 2279 intentissima
3202 2227 3361 2279 etiam
3388 2227 3468 2279 le-

220 2295 693 2387 καὶ-κατάληψις.
744 2317 1083 2379 Ταπείνωσίς
1134 2295 1495 2388 ἐστιτδιδαχὴ
1553 2295 1792 2389 Χριστνῦ

1900 2312 2107 2365 viorum
2151 2314 2452 2383 lapsionnm
2488 2319 2768 2370 memoria.
2806 2317 3091 2373 llumilitas
3122 2331 3201 2374 est
3226 2321 3469 2376 doctrina

220 2410 392 2480 νοερά
418 2408 619 2479 νοητῶς
648 2411 759 2473 τοῖς
788 2409 1230 2479 καταξιουμὲνοις
1250 2411 1307 2461 ὲν
1335 2409 1413 2477 τῷ
1441 2409 1671 2479 ταμιείῳ
1697 2408 1794 2477 τῆς

131 2539 136 2542 -
218 2500 409 2570 ψυχῆς
462 2500 906 2571 θαλαμευομένη,
954 2501 1048 2553 καὶ
1097 2500 1277 2567 λόγοις
1330 2501 1605 2569 αἰσθητοῖς
1661 2496 1796 2552 οὖσα

221 2593 541 2662 ἀπρόσιτος.
578 2591 636 2643 ὐ
664 2592 818 2656 ⁴ὅλως
858 2591 1035 2660 ὀσμῆς
1086 2589 1179 2642 τοῦ
1230 2590 1468 2644 τοιούτου
1515 2593 1685 2661 μύρου
1739 2592 1798 2644 ὲν

220 2683 412 2753 ἑαυτῷ
437 2683 714 2737 αἰσθέσθαι
748 2683 941 2750 λέγων,
978 2684 1072 2736 καὶ
1098 2683 1157 2734 ὲν
1183 2682 1361 2752 καιρῷ
1384 2684 1647 2745 ἐπαίνων,
1692 2683 1792 2735 κᾶν

126 2824 129 2825 ,
222 2773 372 2843 πρὸς
394 2774 563 2843 βραχὺ
590 2774 687 2844 τὴν
731 2774 954 2845 καρδίαν
985 2773 1296 2843 κινούμενος
1326 2790 1339 2804 °
1377 2775 1409 2843 ἢ
1444 2777 1542 2844 τὴν
1568 2774 1675 2826 τῶν
1703 2774 1792 2827 λό-

221 2883 350 2933 γων
375 2866 606 2935 δύναμιν
629 2867 991 2936 ἐπιστάμενος
1025 2866 1159 2937 (‘22),
1198 2869 1272 2937 μὴ
1310 2868 1554 2937 πλανηθῇ
1587 2867 1799 2920 πεπλά-

223 2971 391 3025 νηται
422 2972 436 2986 ο
472 2956 569 3021 Μὴ
600 2956 761 3024 ἡμῖν,
786 2958 984 3024 Κύριε,
1018 2958 1106 3026 μὴ
1138 2958 1303 3027 ἡμῖν,
1337 2961 1395 3011 ἐν
1424 2960 1674 3030 αἰσθήσει
1699 2960 1799 3029 ψυ-

226 3049 496 3118 χῆςςτινος
524 3048 735 3117 ἀκήκοα
756 3048 1004 3114 λέγοντος
1033 3066 1045 3078 ⁸
1073 3048 1212 3103 ἀλλ’
1237 3051 1277 3117 ἢ
1305 3050 1386 3115 τῷ
1413 3052 1657 3119 ὀνόματι
1682 3067 1798 3105 σου

225 3138 337 3203 δὸς
365 3133 572 3201 δόξαν.
611 3137 902 3204 Ἐγίνωσκε
929 3137 1039 3207 γάρ
1063 3138 1163 3209 τὴν
1186 3139 1367 3205 φύσιν,
1402 3142 1476 3209 μὴ
1507 3141 1581 3203 ὼς
1610 3143 1798 3211 ἔτυχεν

227 3228 292 3293 ἐξ
314 3228 514 3296 ἑαυτῆς
542 3227 756 3297 ἀϐλαϐῆ
796 3228 1094 3299 διαμένειν.
1140 3230 1304 3296 Παρὰ
1347 3232 1445 3283 σοὶ
1488 3235 1519 3283 ό
1555 3234 1799 3299 ἔπαινός

225 3336 347 3390 μου
379 3322 448 3373 ἐν
496 3316 793 3387 ἐκκλησίᾳ
823 3308 1078 3389 μεγάλῃ,
1121 3322 1178 3372 ὲν
1224 3320 1303 3390 τῷ
1362 3321 1625 3390 μέλλοντι.
1687 3326 1799 3395 Πρὸ

227 3414 342 3482 γὰρ
394 3412 622 3476 ἐκείνου,
671 3411 874 3481 ταύτην
926 3410 1240 3485 [εὐφημίαν]
1276 3414 1573 3479 ἀκινδύνως
1612 3417 1799 3488 φέρειν

226 3507 291 3557 οὐ
320 3504 577 3573 δύναμαι.
615 3504 676 3557 Εἰ
724 3504 883 3556 τοῦτο
921 3505 1064 3573 ὅρος,
1104 3505 1197 3565 καὶ
1242 3507 1417 3575 λόγος,
1464 3510 1558 3562 καὶ
1599 3511 1797 3578 τρόπος

1899 2402 2099 2458 Christi
2134 2422 2237 2475 qua
2264 2408 2562 2476 spiritualis
2593 2411 2841 2463 eruditur
2867 2412 2936 2464 ab
2964 2400 3146 2481 iis'qui
3178 2414 3322 2483 digni
3343 2423 3472 2468 sunt

1896 2498 2323 2564 comprehensa;
2355 2515 2583 2568 quzeque
2610 2502 2662 2553 in
2691 2503 2931 2555 ccuclavi
2961 2504 3156 2559 aninmo
3210 2516 3467 2576 tanquam

1898 2587 2135 2639 thalamo
2165 2589 2438 2642 recondita
2478 2601 2659 2644 manet
2696 2595 2952 2648 omnibus
2984 2611 3107 2664 qua:
3153 2608 3314 2652 seuSu
3348 2613 3471 2667 per-

1897 2677 2171 2745 cipiuntur
2208 2681 2385 2735 verbis
2416 2682 2726 2737 int-ﬂabilis.
2757 2684 2858 2750 Qui
2895 2702 2953 2740 se
2982 2688 3205 2741 omnino
3230 2688 3471 2757 fragran-
3574 2702 3577 2703 '

1898 2770 2026 2822 tiam
2059 2770 2218 2836 hujus
2252 2774 2510 2842 unguenti
2541 2777 2743 2830 sentire
2777 2778 2827 2829 in
2861 2793 2919 2831 se
2959 2779 3076 2847 ipso
3102 2780 3252 2843 dicit,
3279 2790 3331 2834 et
3390 2782 3472 2834 iu-

1899 2863 2053 2914 terim
2101 2862 2373 2927 laudibus,
2407 2866 2507 2918 etsi
2541 2868 2695 2934 quasi
2722 2883 2819 2937 per
2854 2880 3210 2936 momentum,
3243 2873 3297 2926 in
3344 2876 3471 2927 ani-

1899 2969 1989 3005 mo
2023 2966 2383 3022 permovetur,
2413 2966 2505 3011 aut
2537 2961 2644 3011 vim
2677 2948 2966 3015 verborum
2998 2964 3269 3033 intelligit,
3308 2965 3353 3019 is
3402 2983 3472 3019 ne

1901 3056 2062 3109 erret,
2093 3048 2204 3114 jam
2236 3051 2491 3118 deceptus
2517 3063 2636 3104 est:
2701 3052 2825 3107 Non
2880 3056 3046 3112 nobis.
3100 3054 3339 3121 Domine,
3368 3074 3471 3111 non

1901 3134 2048 3197 nobis
2078 3136 2386 3204 (quemdam
2408 3140 2587 3192 audivi
2626 3139 2683 3195 in
2715 3143 2906 3197 affectu
2935 3146 3155 3214 spiritus
3181 3148 3470 3214 dicentem,

1910 3226 1998 3275 sed
2047 3227 2245 3278 nomini
2275 3236 2365 3280 tuo
2418 3230 2485 3280 da
2516 3230 2741 3298 gloriam
2772 3232 2836 3285 ι’.
2868 3231 3034 3286 Norat
3063 3235 3204 3287 enim
3222 3245 3469 3289 naturam

1900 3327 1995 3380 pro
2022 3330 2172 3369 more
2189 3332 2310 3381 suo,
2333 3334 2427 3386 per
2460 3335 2518 3373 se
2550 3335 2655 3373 non
2687 3336 2848 3390 posse
2874 3324 3095 3379 illaesam
3118 3340 3429 3391 permanere
3452 3345 3467 3382 :

1898 3404 2052 3469 Apud
2092 3416 2139 3458 te
2172 3409 2310 3460 enim
2336 3408 2454 3461 laus
2482 3426 2596 3462 mea
2635 3413 2691 3463 in
2743 3410 2982 3467 Ecclesia
3008 3434 3010 3437 ·
3038 3433 3228 3485 magna
3257 3419 3325 3483 “,
3388 3418 3471 3471 fu-

1900 3505 2027 3550 turo
2088 3514 2281 3569 nempe
2334 3511 2577 3570 tempore
2627 3501 2893 3576 [saeculo].
2948 3508 3085 3562 Ante
3132 3510 3294 3581 320
3344 3527 3473 3566 vero
3559 3514 3563 3519 ’

226 3597 467 3666 ἐσχάτης
502 3596 876 3666 ὑπερηφανίας
915 3596 1219 3667 καθέστηκε
1245 3638 1259 3663 ,
1296 3600 1356 3652 τὸ
1398 3601 1493 3665 τάς
1528 3600 1602 3672 μὴ
1632 3621 1797 3674 προσ-

1899 3605 2059 3658 quam
2091 3590 2219 3644 illud
2255 3592 2526 3657 adveniat,
2559 3593 2700 3649 hanc
2744 3595 2883 3649 ferre
2910 3598 3026 3653 sine
3064 3604 3303 3671 periculo
3360 3619 3471 3658 non

170 3706 175 3710 ·
226 3687 401 3750 ούσας
436 3687 635 3757 ἀρετάς
658 3726 674 3750 ,
710 3685 867 3757 δόξης
898 3688 1077 3757 χάριν,
1122 3689 1528 3760 ὑποκρίνεσθαι,
1563 3694 1661 3745 οὐκ
1704 3689 1795 3746 οὖν

226 3779 396 3832 τοῦτο
438 3778 738 3848 τεκμήριον
791 3776 1095 3849 βαθυτάτης
1133 3782 1632 3854 ταπεινοφροσύνης
1674 3785 1800 3838 καθ-

228 3872 436 3939 έστηκε
466 3869 526 3921 τὸ
551 3868 649 3931 τὰς
684 3868 760 3938 μὴ
788 3869 1095 3935 προσούσας
1133 3870 1265 3937 ἡμῖν
1295 3873 1475 3934 αἰτίας
1510 3874 1601 3925 ἐπί
1632 3892 1798 3928 τινων

228 3960 507 4022 εὐτελείας
556 3960 715 4029 χάριν
761 3957 1207 4028 σχηματίζεσθαι.
1250 3961 1435 4025 υῦτως
1461 3966 1488 4015 ὁ
1516 3963 1607 4015 τὸν
1633 3967 1797 4031 ἄρτον

230 4057 335 4106 καὶ
380 4052 471 4103 τὸν
503 4050 665 4120 τυρὸν
715 4051 853 4118 μετά
908 4051 1095 4119 χεῖρας
1134 4051 1245 4119 (‘23)
1293 4054 1529 4123 εἰληφὼς
1571 4059 1799 4127 πεποίη-

228 4161 331 4197 κεν
356 4141 433 4213 (ια)
452 4159 464 4173 ·
488 4139 657 4202 οὕτως
674 4142 702 4192 ὁ
723 4140 818 4209 τὴν
836 4140 1029 4192 ἐαυτοῦ
1054 4141 1257 4211 ἐσθῆτα
1282 4144 1645 4215 ἐκδυσάμενος
1660 4146 1794 4214 (24),

228 4238 328 4290 καὶ
355 4232 642 4292 ἀπαθῶς-ό
668 4237 766 4300 τῆς
802 4232 1022 4298 ἁγνείας
1052 4236 1293 4306 ἐργάτης
1317 4238 1416 4307 τὴν
1456 4236 1607 4290 πόλιν
1638 4254 1796 4307 περι-

229 4327 508 4398 πολήσας·
561 4325 621 4377 ού
674 4323 1010 4393 μεριμνῶσιν
1059 4329 1109 4379 οἰ
1171 4328 1422 4388 τοιοῦτον
1456 4330 1797 4401 ἀνθρωπίνου

230 4416 680 4491 προσκόμματος,
720 4412 905 4466 λοιπὸν
934 4415 1215 4485 εἰληφότες
1244 4419 1470 4491 δύναμιν
1496 4422 1587 4475 διὰ
1627 4441 1798 4495 προσ-

230 4513 404 4583 ευχῆς
431 4509 677 4580 ἀοράτως
719 4506 926 4570 πάντας
973 4508 1405 4582 πληροφορῆσαι.
1473 4516 1514 4568 0
1542 4516 1635 4569 τοῦ
1667 4533 1799 4587 προ-

230 4605 398 4675 τέρου
417 4600 836 4671 ἐπιμελούμενος
871 4599 1001 4670 (‘25).
1033 4600 1128 4673 τοῦ
1158 4602 1409 4673 δευτέρου
1438 4606 1641 4661 ἔνδειαν
1670 4611 1801 4679 ἰσή-

211 4712 429 4766 μανεν.
461 4694 635 4747 Ὅπου
664 4694 773 4764 γάρ
803 4692 933 4755 Θεὸς
972 4693 1107 4763 πρὸς
1136 4694 1351 4764 αἴτησιν
1382 4696 1621 4769 ἕτοιμος,
1664 4704 1799 4756 πάν·
1832 4734 1839 4739 -

233 4803 305 4840 τα
349 4787 525 4838 ποιεῖν
572 4784 1038 4853 δυνάμεθα.·Θέλε
1080 4785 1279 4855 μᾶλλον
1317 4780 1663 4858 ἀνθρώπουςξ
1706 4798 1800 4848 καὶ

235 4877 316 4948 μὴ
339 4876 471 4930 Θεὸν
501 4877 689 4929 λυπεῖν
706 4894 718 4907 ·
749 4878 927 4947 χαίρει
948 4878 1055 4949 γάρ
1086 4877 1226 4948 ὁρῶν
1248 4880 1393 4949 ἡμᾶς
1418 4881 1607 4955 ἀτιμίᾳ
1631 4903 1798 4957 προσ-

233 4970 532 5040 τρὶχοντας
568 4967 703 5035 (d6),
748 4969 833 5021 ῖνα
890 4967 988 5043 τὴν
1025 4970 1256 5039 ματαίαν
1295 4968 1471 5039 οἴησιν
1522 4952 1797 5045 θλίψωμεν
1829 4952 1873 5006 D

236 5060 339 5113 καὶ
368 5056 677 5129 πλήξι·ιμεν,
714 5057 810 5111 καὶ
840 5042 1215 5130 ἀπολέσωμεν.
1250 5061 1501 5114 Χενιτεία
1524 5042 1798 5139 ἀκροτάτη

234 5149 351 5202 τῶν
374 5149 631 5203 τοιούτων
683 5149 841 5204 ἱθλων
874 5152 1133 5222 πρόξενος
1156 5169 1169 5181 ⁸
1204 5154 1454 5224 μεκρὶλων
1492 5155 1600 5227 γὰρ
1633 5158 1799 5225 ὅντως

236 5238 300 5301 ἐξ
324 5238 541 5293 οἰκείων
576 5240 761 5310 φέρειν
812 5242 1198 5310 ἑμπαίζεσθαι.
1393 5244 1677 5320 θαμόηθῇς
1708 5253 1800 5306 ἐπὶ

236 5329 357 5389 τοῖς
400 5331 744 5399 ιίρηςλέεο.ςε
785 5334 962 5397 οὐδεὶς
1007 5336 1115 5405 γὰρ
1161 5329 1399 5408 κλίμα
1439 5339 1529 5408 ὑφ’
1570 5341 1628 5393 ἓν
1669 5360 1798 5398 ποτε

238 5418 488 5472 ἀνελθεῖν
529 5421 829 5492 δεδύνηται.
885 5424 973 5479 Ἐν
1010 5430 1189 5501 τούτῳ
1236 5431 1529 5499 γνώσονταί
1578 5434 1796 5501 πάντες,

237 5511 325 5563 ὄτι
350 5509 759 5583 Θεοῦ-μαθηταί
798 5521 996 5589 ἐσμεν,
1034 5523 1132 5591 οὐχ
1170 5522 1251 5575 ὅτι
1289 5524 1358 5575 τὰ
1392 5523 1639 5603 δαιμόνια
1669 5508 1802 5599 ⁴ημῖν

242 5598 519 5675 ὑπακούοι)
528 5608 641 5668 σιν,
810 5608 899 5663 ὅτι
926 5611 999 5664 τὰ
1019 5613 1278 5681 ὀνόματα
1298 5615 1463 5685 ἡμῶν
1482 5600 1800 5686 γέγραπται
1862 5620 1864 5623 ’

314 5734 361 5765 ³⁸
395 5730 533 5787 Psal.
566 5748 723 5798 cxtu,
753 5738 805 5793 1.
881 5742 927 5773 ’⁸
955 5741 1099 5797 l'sai.
1132 5762 1244 5816 ut,
1275 5750 1360 5807 23.

317 5827 400 5893 (αι)
423 5824 477 5879 S.
512 5826 864 5897 Serapionem
898 5833 1170 5909 intelligit.

1898 3695 2137 3749 possum.
2192 3681 2247 3736 Si
2280 3682 2393 3736 haec
2431 3684 2674 3739 deﬁnitio
2721 3695 2775 3740 et
2828 3690 2968 3742 ratio
3031 3702 3084 3745 et
3134 3696 3325 3748 modus
3391 3704 3474 3748 est

1898 3781 2151 3827 extrema:
2181 3777 2471 3844 superbiae,
2503 3777 2687 3847 gloria:
2742 3780 2919 3834 studio
2975 3786 3217 3849 virtutes,
3274 3786 3473 3854 quibus

1897 3881 2071 3927 cares,
2106 3882 2200 3935 per
2224 3866 2552 3937 bypocrisim
2606 3871 2884 3935 simulare,
2920 3872 3156 3941 profecto
3196 3876 3474 3931 altissima:

1897 3958 2215 4013 humilitatis
2238 3966 2618 4028 argumentum
2653 3961 2776 4026 erit,
2808 3964 2996 4030 culpas
3029 3967 3291 4033 quasdam
3319 3967 3469 4037 (qui-

1898 4048 1999 4101 bus
2032 4057 2209 4102 tamen
2240 4050 2419 4119 vaces)
2452 4052 2729 4106 nonnullis
2761 4055 2813 4107 in
2856 4056 3019 4109 rebus
3052 4066 3110 4110 ut
3158 4058 3315 4113 vilior
3373 4062 3473 4115 ha-

1898 4139 2074 4193 bearis
2098 4140 2367 4210 efﬁngere.
2399 4140 2490 4197 Sic
2521 4143 2649 4198 fecit
2677 4144 2754 4214 (α)
2786 4147 2874 4214 qui
2918 4162 3111 4214 panem
3165 4159 3218 4203 ct
3250 4166 3467 4208 caseum

1904 4230 1957 4283 in
1987 4245 2183 4287 manus
2209 4234 2452 4308 accepit:
2498 4235 2577 4289 sic
2620 4239 2635 4255 ⁶
2657 4238 2745 4306 qui
2789 4238 2996 4307 abjccta
3032 4254 3195 4308 veste,
3230 4243 3363 4297 liber
3388 4254 3472 4302 ta-

1898 4339 2019 4377 men
2051 4324 2119 4377 ab
2150 4306 2295 4377 omni
2337 4341 2499 4381 sensu
2542 4327 2804 4398 libidinis,
2864 4347 3151 4401 germanus
3205 4340 3471 4394 castitatis

1897 4418 2075 4472 cultor
2102 4418 2533 4475 civitatemobiit
2568 4420 2665 4491 (b).
2693 4421 2808 4476 Non
2844 4434 2972 4478 sunt
3005 4427 3218 4481 solliciti
3278 4428 3472 4497 hujus-

1898 4513 2046 4568 modi
2093 4529 2159 4569 ne
2196 4517 2504 4585 quempiam
2537 4519 2817 4575 hominum
2852 4521 3142 4585 offendant,
3171 4537 3289 4575 eam
3324 4525 3469 4579 enim

1899 4610 2128 4681 gratiam
2145 4620 2199 4664 et
2222 4611 2473 4667 virtutem
2492 4628 2588 4683 per
2606 4629 2793 4682 preces
2808 4631 2833 4665 a
2852 4616 2958 4668 Deo
2976 4626 3313 4684 acceperunt,
3338 4628 3395 4673 ut
3414 4620 3467 4673 in

1896 4703 2103 4771 'spiritu
2119 4702 2372 4757 omnibus
2392 4704 2748 4758 satisfaciant.
2768 4705 2869 4770 Qui
2887 4707 3084 4775 prioris
3102 4708 3362 4763 rationem
3375 4712 3471 4765 ha-

1899 4793 2010 4859 bet,
2027 4794 2196 4847 altero
2216 4808 2274 4846 se
2292 4792 2531 4860 indigere
2548 4796 2799 4849 ostendit.
2819 4796 3045 4861 Quando
3058 4800 3197 4854 enim
3215 4800 3379 4858 Deum
3400 4804 3467 4860 ad

1888 4895 2084 4939 votum
2120 4892 2365 4939 nostrum
2385 4897 2629 4952 paratum
2675 4887 2953 4956 habemus,
2977 4892 3111 4946 nihil
3141 4910 3246 4947 non
3271 4910 3363 4963 per
3390 4897 3468 4966 ip-

1904 4994 2022 5031 sum
2050 4991 2357 5046 possumus.
2399 4975 2681 5032 Hominem
2713 4981 2893 5049 potius
2934 4998 3095 5053 quam
3130 4987 3294 5042 Deum
3332 4992 3466 5046 velis

1904 5069 2190 5130 ogflendere,
2216 5069 2308 5136 qui
2345 5069 2599 5138 gaudium
2626 5074 2843 5141 quando
2862 5092 2961 5131 nos
2983 5078 3124 5133 videt
3146 5080 3211 5132 ad
3236 5080 3465 5150 ignomi-

1905 5162 2047 5215 niam
2081 5174 2388 5229 properare,
2422 5171 2481 5215 ut
2507 5164 2725 5218 stultam
2771 5170 2936 5221 nostri
2973 5171 3382 5227 aestimationem
3416 5186 3470 5229 et

1905 5252 2263 5322 arrogantiam
2293 5252 2612 5324 afﬂigamus,
2640 5257 2904 5314 elidamus
2934 5269 2986 5313 et
3024 5265 3466 5321 exterminemus.
3499 5264 3527 5283 "

1904 5346 2222 5417 llujusmodi
2256 5350 2550 5405 certamina
2580 5362 2982 5407 creatextrema
3015 5355 3137 5426 fuga
3157 5360 3338 5412 saeculi
3370 5375 3465 5411 seu

1904 5438 2277 5511 peregrinatio.
2314 5439 2627 5512 Magnorum
2670 5446 2811 5497 enim
2850 5461 3033 5501 revera
3102 5450 3337 5507 virorum
3384 5458 3468 5503 est

1908 5533 1975 5586 ab
2022 5531 2333 5587 domeSIicis
2386 5543 2439 5587 et
2483 5532 2838 5591 familiaribus
2916 5537 3143 5592 ludibria
3186 5536 3313 5605 pati.
3354 5535 3465 5592 Nec

1910 5634 1991 5680 est
2019 5622 2160 5692 quod
2185 5638 2349 5693 super
2382 5624 2467 5679 his
2492 5624 2648 5679 dictis
2670 5627 3047 5697 obstupescaS'
3084 5639 3242 5679 nemo
3265 5625 3462 5695 quippe

1979 5847 2053 5913 ib)
2091 5848 2275 5906 Simon
2310 5850 2469 5908 Salus
2504 5852 2590 5907 hic
2617 5852 2717 5905 fuit
