4030 6342
588 443 695 507 999
1130 400 1132 402 V
1835 445 1893 506 s.
1921 442 2241 505 JOANNIS
2266 443 2570 505 CLIMACl
3686 438 3825 501 loco

585 557 747 610 simul
805 569 914 609 uno
977 569 1141 625 passu
1208 554 1371 627 [saltu
1436 572 1527 610 seu
1574 554 1765 627 gradu]
1822 564 1986 609 totam
2032 571 2158 610 sca-

2262 557 2683 624 ὲντῷόὐρανῳ
2719 554 2818 624 τῆς
2861 551 3258 615 ταπεινώσεως.
3301 551 3366 604 'H
3427 550 3526 621 μὲν
3573 550 3828 621 ἀκαρπία

585 647 691 699 lam
721 646 1082 701 conscendere
1109 648 1302 716 potuit.
1355 646 1415 700 ln
1468 650 1571 701 hoc
1617 644 2009 716 cognoscemus
2054 661 2155 700 nos

2262 648 2528 715 φύσειείς
2568 647 2701 717 ὕψος
2723 650 2844 710 τοὺς
2871 647 2980 698 τῶν
3017 647 3325 716 λεγομένων
3358 644 3559 714 κίτρων
3589 642 3824 720 κλάδοις

585 733 676 788 Dei
705 736 999 805 discipulos
1038 752 1178 800 esse,
1213 752 1320 791 non
1347 739 1490 806 quod
1537 737 1690 791 nobis
1711 736 1985 791 daemones
2027 739 2158 791 sub—

2262 739 2496 809 ἀνυψοῦν
2523 741 2733 809 πέφυκε
2751 754 2766 768 °
2797 736 3282 807 κατακαμφθέντες
3305 737 3362 789 δὲ
3391 735 3584 789 θάττον
3607 750 3822 802 καρπο-

581 823 866 897 jieiantur,
955 827 1047 882 scd
1080 829 1219 898 quod
1244 831 1454 882 nomina
1484 838 1661 881 nostra
1713 828 1908 896 scripta
1959 828 2064 880 sint
2101 829 2159 881 in

2264 831 2422 900 φόροι
2451 831 2710 899 γίνονται.
2765 829 2826 881 'U
2855 829 3114 900 νουνεχῶς
3142 829 3304 896 γνοὺς
3329 829 3636 880 ἐπίσταται.

587 920 716 974 malo
777 920 1097 984 humilitatis
1123 923 1190 974 ἰ.
1240 921 1397 990 321
1451 920 1717 975 Sterilitas
1763 920 2018 973 arborum
2073 927 2261 975 natura
2326 937 2426 977 sua
2475 937 2656 978 ramos
2728 923 3020 984 citrorum.
3052 931 3111 976 ut
3136 922 3493 991 appellamur,
3536 920 3590 974 in
3645 921 3824 974 altum

589 1013 779 1066 tollere
833 1013 992 1075 solet,
1019 1024 1395 1068 curvesreutes
1430 1029 1556 1068 vero
1584 1014 1742 1069 citius
1789 1011 2000 1072 fructus
2031 1022 2423 1082 progenerant.
2473 1013 2615 1080 Quid
2675 1014 2780 1068 hoc
2831 1013 2936 1068 sibi
2977 1014 3102 1068 velit
3173 1015 3452 1085 intelligit;
3499 1015 3593 1085 qui
3665 1029 3826 1067 men-

590 1114 694 1157 tem
719 1103 966 1158 advertit.

657 1194 868 1248 Gradus
898 1194 987 1248 hic
1013 1203 1212 1248 sancta:
1244 1195 1409 1263 hujus
1468 1195 1687 1280 virtutis
1723 1198 1921 1265 praebet
1961 1211 2155 1251 ascen-

591 1299 708 1338 sum
758 1284 849 1352 (ad
872 1284 1225 1351 Deum)‘cum
1267 1284 1442 1338 fructu
1474 1286 1769 1348 tricesimo,
1810 1288 2149 1356 sexagesimo

592 1385 646 1442 ct
679 1376 995 1431 centesimo.
1030 1376 1108 1429 Ad
1139 1387 1412 1430 summum
1439 1379 1670 1431 evadunt
1709 1379 1744 1431 ii
1785 1379 1878 1446 qui
1931 1379 2156 1434 devimis

595 1469 846 1522 omnibus
871 1468 1038 1524 animi
1068 1470 1563 1537 perturbationibus
1584 1473 1648 1524 ad
1683 1486 1976 1525 summani-
1999 1487 2155 1524 men-

594 1557 666 1610 tis
697 1556 1138 1624 tranquillitatem
1157 1570 1534 1626 pervenerunt.
1564 1556 1619 1611 In
1640 1560 1816 1613 medio
1846 1560 2157 1615 consistunt

596 1649 843 1716 generosi
891 1648 1126 1702 athletas
1193 1649 1275 1702 Ad
1315 1651 1565 1718 primum.
1611 1649 1902 1724 [intimum]
1970 1667 2161 1708 omnes

595 1739 833 1807 aspirare
878 1751 1123 1808 possunt.
1165 1740 1264 1805 Qui
1322 1756 1381 1794 se
1439 1743 1616 1810 ipsum
1652 1744 1830 1808 novit,
1859 1756 2157 1813 'nunqua'm

595 1835 892 1888 committet
920 1845 979 1887 ut
1014 1835 1269 1888 illudatur
1297 1835 1347 1888 in
1383 1837 1546 1892 rebus
1594 1853 1715 1906 qua:
1757 1838 1930 1907 ipsius
1985 1837 2157 1892 facul-

598 1936 760 1980 tatem
817 1940 1076 1996 superant
1117 1929 1509 1998 aggrediendis,
1568 1930 1661 1984 sed
1699 1931 1886 1998 pedem
1940 1931 2052 1998 jam
2099 1931 2153 1985 in

2331 1194 2614 1264 Κὲκτηται
2659 1197 2687 1246 6
2712 1195 2808 1263 τῆς
2838 1194 2994 1257 ὁσίας
3032 1194 3230 1265 ταύτης
3261 1197 3409 1266 παρά
3457 1197 3575 1267 Θεῷ
3617 1198 3828 1268 βαθμὺς

2256 1286 2318 1338 ὲν
2344 1286 2639 1354 τριάκοντα
2685 1287 2780 1338 καὶ
2827 1287 2885 1338 ὲν
2934 1285 3196 1354 ἐξήκοντα
3225 1286 3362 1356 (27),
3404 1291 3498 1340 καὶ
3530 1291 3588 1342 ὲν
3623 1290 3828 1344 ἑκατὸν

2259 1375 2360 1446 τὴν
2390 1378 2678 1440 ἀνάϐασιν,
2723 1377 2816 1429 καὶ
2853 1379 2910 1429 ὲν
2936 1377 3012 1446 τῷ
3057 1378 3267 1448 ἐσχάτῳ
3305 1380 3352 1430 oi
3392 1379 3637 1443 ἀπαθεῖς,
3667 1382 3725 1433 ἐν
3765 1379 3828 1433 δὲ

2260 1469 2338 1538 τῷ
2369 1470 2518 1539 μέσῳ
2558 1471 2608 1522 οἱ
2641 1469 2894 1540 ἀνδρεῖοι.
2926 1469 3025 1540 -Ἑν
3049 1468 3105 1521 δὲ
3139 1469 3215 1539 τῷ
3246 1470 3447 1540 πρώτῳ
3493 1473 3686 1535 πάντες
3725 1473 3826 1526 ἀν-

2260 1561 2434 1614 ελθεῖν
2487 1562 2772 1615 δύνανται·
2804 1561 2832 1611 ὁ
2869 1562 3028 1628 γνοὺς
3065 1562 3255 1615 ἑαυτὸν
3311 1563 3564 1616 οὐδέποτε
3613 1566 3827 1634 ἐμπαι-

2258 1653 2405 1721 χθεὶς
2433 1655 2490 1705 ἐν
2520 1655 2631 1714 τοῖς
2666 1651 2806 1723 ὑπὲρ
2851 1650 3039 1704 ἑαυτὸν
3072 1653 3473 1726 ἐπιχειρήσειεν
3501 1669 3514 1682 ο
3544 1652 3677 1706 ἀλλά
3722 1655 3826 1723 βέ-

2259 1743 2396 1812 ϐηκε
2423 1743 2609 1796 λοιπὸν
2636 1742 2728 1796 τὸν
2756 1742 2891 1796 πόδα
2915 1742 3008 1795 ἐπὶ
3029 1734 3128 1813 τὴν
3155 1739 3435 1812 μακαρίαν
3468 1743 3669 1813 ταύτην
3702 1746 3829 1822 τρί-

2256 1833 2371 1888 ϐον.
2395 1834 2704 1890 Δεδείκασιν
2732 1833 2824 1906 [aL
2853 1833 3175 1904 δεδοίκασιν]
3201 1833 3382 1903 ὄρνεις
3417 1834 3633 1906 ἱέρακος
3653 1829 3825 1899 εἶδος,

2255 1925 2482 1998 ἐργάται
2509 1926 2566 1980 δὲ
2604 1925 2806 1996 ταύτης
2843 1923 3148 1993 ἀντιλογίας
3178 1920 3310 1996 ἦχον
3347 1923 3480 1996 (28).
3517 1925 3674 1977 Ἄνευ
3721 1927 3830 1995 μὲν

596 2028 794 2072 sancta:
829 2019 1150 2073 humilitatis
1203 2020 1395 2076 semita
1429 2020 1680 2074 firmavit.
1716 2018 1981 2075 Tremunt
2033 2022 2166 2075 avi-.

2262 2015 2630 2088 προρρήσεων,
2663 2015 2759 2078 κατὶ
2777 2013 3113 2084 ἐλλάμψεων,
3140 2015 3232 2068 καὶ
3262 2015 3524 2084 σημείων,
3541 2013 3634 2066 καὶ
3661 2014 3832 2082 τερά-

594 2109 729 2162 ειιιαι
755 2110 822 2162 ad
851 2111 1122 2178 accipitris
1148 2120 1517 2178 conspectum,
1578 2119 1631 2166 et
1665 2110 1984 2166 humilitatis
2037 2120 2155 2165 stu-

595 2199 731 2252 diosi
772 2200 837 2253 ad
871 2215 1058 2254 vocem
1085 2201 1449 2268 obloquentis.
1511 2202 1640 2256 Sine
1695 2201 2154 2270 praedictionibus,

598 2290 1046 2344 illustratiouibus
1077 2291 1276 2346 divinis
1295 2307 1388 2346 seu
1432 2293 1582 2357 visis,
1604 2293 1774 2358 signis
1795 2302 1846 2348 et
1903 2294 2158 2363 prodigiis

597 2380 754 2432 multi
788 2380 1016 2432 salutem
1041 2382 1320 2434 consecuti
1353 2391 1500 2447 sunt,
1538 2382 1630 2436 sed
1676 2383 1792 2436 sine
1847 2383 2152 2437 humilitate

598 2485 760 2525 nemo
823 2487 1062 2541 unquam
1123 2473 1186 2533 in
1226 2473 1518 2530 thalamum
1579 2474 1763 2543 sponsi
1807 2475 2153 2542 ingredietur.

601 2560 732 2616 Nam
765 2563 977 2616 illorum
1005 2563 1258 2633 priorum
1300 2566 1578 2634 signorum
1653 2567 1762 2620 hac
1821 2567 1988 2620 altera
2051 2567 2157 2622 ﬁda

597 2664 780 2710 custos
819 2665 920 2710 cst.
972 2653 1125 2710 lianc
1151 2666 1332 2710 autem
1365 2658 1454 2712 illa
1521 2657 1574 2711 in
1628 2673 1739 2713 non
1799 2660 1933 2714 satis
1987 2659 2157 2715 [inuis

597 2747 1049 2800 exterminarunt.
1077 2746 1301 2802 Factum
1331 2758 1414 2803 est
1444 2749 1607 2807 etiam
1635 2749 1892 2804 divinitus
1949 2752 2014 2803 ad
2057 2752 2158 2804 hu-

603 2851 885 2905 miliandos
919 2866 1019 2904 uos
1050 2853 1210 2904 etiam
1244 2852 1439 2905 invitos
1468 2852 1587 2918 hoc,
1637 2864 1696 2906 ut
1728 2868 1887 2908 nemo
1934 2869 2159 2908 suorum

539 3003 543 3007 ,
601 2945 881 2998 vulnerum
909 2945 1067 2998 labes
1087 2954 1206 2998 tam
1247 2948 1382 2999 bene
1439 2946 1704 3015 inspicere
1745 2949 1938 3016 possit,
1995 2965 2158 3017 quam

601 3040 668 3092 ab
694 3040 863 3092 altero
897 3039 1166 3092 videntur.
1211 3037 1446 3093 Proinde
1484 3055 1704 3096 necesse
1732 3047 1897 3096 estut
1925 3053 2154 3113 receptae

600 3133 847 3186 sanitatis
877 3133 1107 3201 gratiam
1138 3148 1243 3186 non
1280 3132 1435 3186 nobis
1458 3135 1816 3201 ascribamus,
1849 3137 1944 3190 sed
2005 3139 2159 3195 alteri

516 3236 519 3239 ‘
598 3233 654 3277 et
684 3222 795 3278 Deo
819 3224 872 3277 in
907 3223 1143 3292 acceptis
1174 3223 1495 3280 referamus.
1526 3224 1759 3282 l'lumilis
1792 3228 1953 3283 corde
2000 3247 2158 3285 suam

605 3317 927 3380 voluntatem
966 3331 1179 3385 semper
1209 3325 1466 3387 tanquam
1500 3318 1854 3386 deceptricem
1909 3337 2159 3378 exsecra-
2184 3348 2230 3407 ο

602 3431 711 3484 tur,
735 3432 789 3475 et
814 3422 866 3476 in
890 3421 1139 3492 precibus
1160 3422 1273 3477 suis
1293 3421 1542 3476 ad’Deum
1561 3423 1860 3479 certissima
1878 3425 1978 3480 ﬁde
2001 3428 2162 3484 nixus

605 3523 660 3566 et
688 3523 986 3581 opportuna
1018 3514 1121 3568 sibi
1159 3515 1364 3568 discere
1408 3513 1778 3585 [cognoscere]
1833 3524 1888 3569 et
1942 3519 2166 3574 obedire

615 3594 915 3667 consuevit,
951 3604 1155 3657 nonad
1196 3619 1376 3658 mores
1410 3614 1464 3657 ct
1518 3607 1678 3658 vitam
1729 3605 1889 3676 322
1938 3623 2162 3662 suorum

609 3691 990 3761 praeceptorum
1022 3703 1276 3757 attentus,
1324 3694 1416 3747 sed
1447 3696 1592 3748 omni
1618 3711 1747 3749 cura
1779 3696 1886 3751 Deo
1912 3701 2166 3754 conimis-
2256 3737 2264 3743 ι-

606 3803 688 3849 sa,
723 3787 814 3856 qui
847 3787 1005 3840 etiam
1039 3802 1132 3855 per
1157 3787 1364 3840 asinam
1415 3797 1591 3841 vatem
1655 3787 1867 3842 Balaam
1926 3807 2167 3846 net-essa-

608 3879 688 3933 ria
731 3877 936 3932 docuit.
979 3876 1300 3946 Hnjnsmodi
1362 3894 1552 3932 servus
1582 3881 1668 3933 Dei
1728 3881 1937 3934 etiamsi
1984 3884 2166 3938 omnia

605 3987 673 4026 ex
709 3972 796 4025 Dei
834 3973 1109 4026 voluntate
1139 3981 1281 4042 agat,
1353 3972 1551 4040 cogitet
1596 3982 1649 4028 et
1703 3974 1974 4043 loquatur,
2032 3978 2168 4032 nihil

606 4077 786 4118 tamen
817 4064 919 4118 sibi
953 4066 1202 4118 ascribit.
1239 4064 1383 4118 Crux
1410 4072 1492 4120 est
1515 4074 1568 4119 et
1600 4080 1759 4136 grave
1789 4081 1926 4121 onus
1955 4067 2166 4132 humili,

607 4157 824 4222 quando
847 4157 950 4210 sibi
983 4157 1205 4211 credere
1231 4158 1460 4226 cogitur,
1516 4156 1596 4211 uti
1642 4157 1893 4225 superbo,
1951 4161 2168 4228 quando

608 4247 830 4301 alterius
867 4251 1130 4304 sententia
1159 4251 1575 4320 starejubetur.
1633 4249 1760 4304 Mihi
1821 4253 1994 4320 angeli
2050 4267 2171 4309 esse

610 4337 847 4400 videtur,
880 4354 1153 4408 nunquam
1179 4339 1340 4395 etiam
1393 4339 1576 4396 furtim
1614 4340 1670 4395 in
1720 4325 2004 4409 peccatum
2049 4358 2171 4410 pere

613 4427 779 4492 trahi,
824 4443 945 4481 cum
1006 4431 1218 4485 audiam
1272 4434 1340 4486 ab
1387 4433 1580 4501 angelo
1636 4436 1872 4510 terrestri
1920 4433 2169 4488 dictum:

617 4517 768 4572 Nihil
802 4519 927 4572 mihi
958 4523 1194 4576 conscius
1221 4540 1356 4587 sum,
1389 4525 1478 4578 sed
1501 4541 1603 4577 non
1639 4525 1694 4578 in
1725 4524 1820 4577 hoc
1840 4527 2169 4594 Justiﬁcatus

610 4627 766 4672 sum;
803 4611 890 4678 qui
918 4619 1088 4662 autem
1105 4611 1308 4679 judtcat
1335 4631 1433 4680 me,
1470 4616 1719 4669 Dominus
1759 4628 1834 4669 est
1886 4619 1950 4670 ³³.
1987 4616 2171 4686 Itaque

614 4717 838 4756 necesse
867 4709 948 4754 est
999 4702 1073 4753 uti
1127 4714 1379 4770 perpetuo
1414 4723 1513 4761 nos
1554 4708 1703 4776 ipsos
1745 4710 2170 4765 condemnemus
2200 4696 2244 4751 D

615 4808 670 4850 et
693 4792 1166 4862 reprehendamus,
1203 4804 1260 4845 ut
1287 4810 1378 4862 per
1409 4800 1759 4853 voluntariam
1795 4801 1963 4854 nostri
2018 4802 2169 4872 abje-

613 4888 848 4943 ctionem
882 4892 936 4938 et
967 4883 1224 4937 vilitatem
1254 4886 1337 4961 ab
1392 4903 1497 4942 non
1563 4892 1882 4948 voluntariis
1929 4893 2171 4962 lapsibus

619 4981 969 5036 defendamur
999 4988 1053 5032 et
1105 4992 1447 5032 excusemnr.
1491 4982 1643 5048 Quod
1697 4986 1800 5040 nisi
1856 4987 2170 5050 fecerimus.

619 5074 674 5128 in
722 5074 866 5127 exitu
896 5073 1016 5125 vitae
1036 5070 1218 5140 gravis
1249 5070 1470 5123 omnino
1491 5075 1566 5128 de.
1612 5076 1678 5130 iis
1752 5093 1781 5129 a
1834 5080 1990 5133 nobis
2033 5081 2173 5134 ratio

615 5167 882 5235 exigetur.
927 5166 1031 5232 Qui
1075 5181 1106 5218 a
1143 5163 1257 5217 Deo
1293 5164 1494 5232 aliquid
1522 5171 1670 5235 petit,
1725 5173 1869 5241 quod
1897 5174 2035 5227 infra
2068 5190 2168 5228 sua

621 5259 812 5314 merita
845 5271 947 5320 est,
981 5259 1099 5312 sine
1126 5256 1466 5312 dubitatione
1498 5262 1720 5331 accipiet
1746 5283 1866 5334 quae
1893 5283 2055 5337 supra
2088 5268 2170 5338 ίρ-

622 5355 736 5408 sius
782 5354 1070 5421 promerita
1103 5362 1251 5410 sunt.
1284 5355 1460 5423 Atque
1498 5355 1597 5410 hoc
1651 5359 1970 5427 publicanus
2027 5374 2168 5420 atte-

624 5455 796 5500 statur
823 5444 889 5508 ",
916 5430 1156 5516 quicum
1195 5445 1567 5501 remissionem
1609 5445 1865 5508 duntaxat
1901 5466 2171 5525 peccato-

626 5551 745 5590 rum
789 5535 1054 5605 petiisset,
1095 5537 1360 5604 justitiam
1393 5539 1704 5603 reportavit.
1735 5523 2024 5601 Latro-fine
2049 5558 2168 5602 ta..-

628 5635 740 5680 tum
773 5635 991 5697 rogarat
1018 5626 1290 5683 Christum
1322 5638 1379 5684 ut
1425 5629 1508 5683 sui
1543 5643 1748 5684 memor
1796 5649 1936 5690 esset
1979 5639 2031 5692 iu
2085 5656 2172 5693 re-

604 5732 736 5789 -ιιιο
767 5735 885 5783 suo,
933 5729 984 5773 et
1015 5721 1178 5774 totius
1206 5723 1438 5790 paradisi
1471 5723 1661 5786 haeres,
1697 5733 1751 5777 et
1779 5729 1984 5793 primus
2042 5733 2167 5800 qui-

2254 2123 2363 2159 των
2386 2105 2568 2159 πολλοὶ
2595 2107 2692 2177 τῆς
2726 2108 2995 2176 σωτηρίας
3016 2106 3374 2176 τετυχήκασιν
3397 2122 3412 2137 ο
3444 2106 3573 2159 ἄνευ
3597 2105 3652 2158 δὲ
3682 2105 3827 2158 ταύ-

2254 2214 2353 2267 της
2397 2199 2570 2260 οὐδεὶς
2619 2200 2678 2251 ἐν
2719 2198 2798 2269 τῷ
2831 2196 3076 2268 νυμφῶνι
3121 2196 3515 2250 εἰσελεύσεται..
3550 2195 3670 2250 Τῶν
3720 2195 3830 2266 μὲν

2256 2288 2366 2358 γάρ
2409 2288 2689 2358 προτέρων
2737 2289 2770 2358 ἡ
2825 2288 3049 2358 δευτέρα
3102 2287 3274 2356 φύλαξ
3303 2286 3414 2355 (29)
3448 2305 3464 2320 ·
3517 2289 3714 2356 ταύτης
3769 2287 3830 2339 δὲ

2255 2376 2514 2439 πολλάκις
2540 2377 2607 2429 τὰ
2636 2376 2894 2446 πρότερα,
2919 2376 3112 2436 ἐντοῖς
3135 2374 3478 2444 κουφοτέροις
3509 2370 3831 2444 ἀναιρετικὲ

2255 2467 2560 2536 γεγόνασιν.
2599 2468 2957 2538 ᾮκονόμησεν
2991 2469 3020 2519 ὁ
3053 2464 3254 2536 Κύριος
3285 2465 3421 2532 πρὸς
3449 2465 3510 2518 τό
3532 2468 3680 2535 ἡμᾶς
3707 2467 3826 2530 (50)

2255 2558 2352 2612 καὶ
2382 2557 2457 2628 μὴ
2484 2555 2730 2620 θέλοντας
2753 2555 3136 2610 ταπεινοῦσθαι
3175 2556 3266 2608 καὶ
3297 2554 3479 2608 τοῦτο’
3509 2555 3686 2617 οὐδεὶς
3715 2557 3830 2624 γὰρ

2255 2648 2381 2711 τοὺς
2413 2645 2608 2699 ἑαυτοῦ
2643 2647 2934 2716 μώλωπας,
2973 2647 3048 2711 ὡς
3077 2647 3104 2698 6
3133 2645 3358 2715 πλησίον
3392 2645 3526 2716 ὁρᾷν
3564 2645 3789 2698 δύναται
3813 2661 3830 2676 ο

2253 2737 2444 2808 διόπερ
2475 2739 2689 2809 ἀνάγκη
2713 2740 2881 2809 ἡμᾶς.
2901 2739 2984 2808 μὴ
3011 2740 3239 2801 ἑαυτοῖς.
3263 2737 3377 2790 ἀλλ’
3397 2738 3588 2807 ἐκείνῳ
3607 2737 3710 2807 τὴν
3729 2738 3833 2807 τῆς

2259 2829 2471 2898 ὑγιείας
2502 2829 2683 2900 χάριν,
2711 2830 2807 2883 καὶ
2840 2829 2959 2900 Θεῷ
2988 2829 3182 2883 διδόναι
3203 2845 3216 2859 °
3260 2832 3289 2883 6
3315 2830 3659 2892 ταπεινόνους
3690 2829 3830 2883 πάν-

2257 2933 2379 2969 τοτε
2406 2917 2466 2970 τὸ
2500 2918 2693 2971 ἑαυτοῦ
2739 2918 2948 2988 θέλημα
2981 2919 3056 2983 ὡς
3099 2919 3295 2973 πλάνον
3323 2919 3701 2988 βδελύττεται·
3733 2919 3833 2972 καὶ

2257 3010 2316 3061 ὲν
2343 3008 2791 3079 τοῖςαίτήμασιν
2833 3011 2995 3069 αὑτοῦ
3048 3013 3161 3073 τοῖς
3205 3011 3340 3081 πρὸς
3382 3011 3603 3082 Κύριον,
3646 3011 3834 3064 πίστει

2259 3098 2574 3169 ἅδιστάκτῳ
2612 3100 2680 3153 τά
2713 3101 3056 3171 προσήκοντα
3106 3093 3395 3170 μανθάνειν
3425 3101 3562 3170 (51),
3602 3101 3698 3153 καὶ
3728 3101 3836 3154 ὑπ-

2259 3189 2478 3244 ακούειν
2510 3191 2754 3261 πέφυκεν
2780 3208 2793 3221 ·
2822 3193 2882 3245 ού
2908 3195 2972 3263 τῇ
3001 3192 3244 3264 πολιτείᾳ
3288 3195 3572 3266 προσέχων
3607 3193 3719 3246 τῶν
3751 3195 3836 3247 διο

2257 3281 2542 3336 δασκάλων
2564 3299 2580 3314 ⁸
2609 3283 2743 3337 ἀλλὰ
2769 3283 2887 3354 6εῷ
2914 3284 3131 3347 ἀναθεὶς
3158 3286 3256 3356 την
3291 3285 3582 3356 μέριμναν,
3611 3285 3692 3354 τῷ
3732 3286 3834 3338 καὶ

2261 3374 2328 3427 δι’
2362 3374 2482 3428 ὄνου
2525 3375 2618 3428 ἐπὶ
2652 3376 2745 3429 τοῦ
2770 3377 2997 3447 Βαλαάμ
3021 3378 3088 3430 τά
3116 3376 3346 3448 χρειώδη
3391 3364 3680 3442 διδάξαντι.
3712 3379 3834 3431 Κᾶν

2265 3466 2478 3519 ἅπαντα
2509 3467 2538 3519 6
2576 3467 2810 3530 τοιοῦτος
2848 3469 3082 3537 ἐργάτης
3107 3468 3246 3521 κατὰ
3279 3469 3411 3522 Θεὸν
3436 3469 3527 3522 καὶ
3556 3473 3704 3538 ποιῇ,
3733 3471 3836 3524 ut

2263 3558 2380 3626 νοῇ.
2411 3541 2506 3609 καὶ
2546 3557 2871 3626 φθέγγηται,
2911 3559 3019 3616 οὐδ’
3053 3557 3225 3622 οὕτως
3273 3557 3450 3628 ἑαυτῷ
3489 3561 3784 3623 ἀποδίδωσι
3815 3578 3831 3592 ⁸

2267 3647 2466 3716 σκόλοψ
2493 3649 2587 3701 καὶ
2619 3646 2780 3718 βάρος
2816 3648 2890 3718 τῷ
2918 3649 3154 3717 ταπεινῷ
3176 3650 3246 3721 ,τὸ
3279 3652 3637 3705 οίκειόπιστον
3665 3668 3681 3681 ·
3719 3651 3835 3705 ῶσ-

2269 3754 2377 3809 περ
2415 3739 2492 3808 τῷ
2515 3740 2848 3810 ὑπερηφάνῳ
2878 3740 2937 3793 τὸ
2963 3741 3302 3812 ὲτερόλεκτον
3332 3743 3466 3811 (52).
3503 3743 3656 3813 Ἐμοὶ
3682 3743 3837 3808 δοκεῖ

2267 3830 2519 3898 ἀγγέλου,
2562 3832 2622 3884 τὺ
2653 3834 2725 3904 μὴ
2757 3833 3078 3886 κλέπτεσθαι
3110 3836 3194 3902 ἐφ’
3219 3836 3608 3906 ἁμαρτήμασιν
3639 3833 3786 3890 εἶναι
3813 3879 3828 3902 ,

2265 3921 2512 3974 ἀκούοντι
2559 3922 2650 3975 τοῦ
2685 3924 2931 3992 ⁴ἐπιγείου
2987 3926 3218 3994 ἀγγέλου
3283 3927 3566 3995 λέγοντος·
3628 3916 3831 3984 Οὐδὲν

2266 4012 2501 4080 ἐμαυτῷ
2537 4016 2791 4068 σύνοιδα
2823 4033 2835 4046 ·
2871 4017 3008 4070 ἀλλ’
3048 4019 3155 4071 οὐκ
3201 4019 3272 4071 ἐν
3308 4021 3495 4087 τούτῳ
3524 4021 3833 4077 δεδικαίω-

2263 4120 2401 4173 μαι·
2452 4109 2484 4160 ό
2541 4106 2610 4157 δὲ
2663 4108 3001 4176 ἀνακρίνων
3056 4127 3152 4178 με,
3202 4112 3416 4177 Κύριός
3458 4115 3621 4168 ἐστιν
3656 4130 3672 4146 ·
3699 4114 3832 4168 ὅθεν

2267 4195 2548 4266 ὀφείλομεν
2576 4196 2837 4267 διηνεκῶς
2877 4201 3100 4265 ἑαυτοὺς
3142 4205 3491 4275 κατακρίνειν
3533 4207 3626 4259 καὶ
3678 4208 3827 4278 μέμ-

2269 4289 2464 4354 φεσθαι
2496 4287 2626 4356 (55).
2673 4288 2771 4349 ,ἵνα
2823 4289 2910 4343 διὰ
2954 4292 3054 4362 τῆς
3099 4293 3343 4347 ἑκουσίου
3389 4295 3701 4359 εύτελείας,,
3725 4295 3829 4359 τὰς

2268 4372 2552 4437 ἀκουσίους
2589 4375 2866 4447 ’ἁμαρτίας
2903 4380 3432 4452 ἀπολογηθησὼμεθα
3460 4382 3556 4452 [σί.
3591 4384 3830 4454 ἀπορρί-

2267 4459 2478 4532 omum]
2509 4478 2524 4494 ο
2577 4465 2625 4517 εἰ
2665 4464 2720 4517 δὲ
2754 4465 2848 4537 μὴ,
2899 4470 3114 4532 πάντως
3160 4471 3217 4523 ἐν
3263 4475 3328 4540 τῇ
3367 4472 3530 4542 ἐξόδῳ
3567 4472 3833 4540 χαλεπῶς

2270 4553 2410 4624 ὑπὲρ
2436 4554 2616 4608 αὐτῶν
2659 4546 3139 4632 λογοθετησόμεθα.
3197 4563 3254 4615 '0
3307 4563 3455 4632 παρὰ
3487 4563 3585 4634 τὴν
3622 4563 3824 4620 ἑαυτοῦ

2271 4643 2425 4707 ἀξίαν
2446 4644 2514 4698 τὰ
2543 4647 2604 4698 ὲκ
2633 4647 2766 4702 Θεοῦ
2796 4652 3070 4721 αἰτήματα
3094 4651 3408 4720 αἰτούμενος
3437 4653 3571 4723 (54)..
3603 4654 3824 4720 πάντως

2271 4735 2378 4786 τῶν
2404 4736 2541 4806 ὑπὲρ
2577 4739 2761 4791 ἑαυτὸν
2786 4739 3028 4804 τεύξεται
3049 4757 3068 4816 ι·
3109 4742 3200 4793 καὶ
3230 4741 3387 4794 τοῦτο
3416 4741 3650 4812 τελώνης
3679 4763 3824 4816 μαρ-

2265 4830 2419 4895 τυρεί
2446 4870 2460 4891 ,
2488 4829 2678 4898 ἄφεσιν
2723 4831 2821 4900 μὲν
2847 4813 3229 4900 αἰτησάμενος,
3256 4832 3598 4904 δικαιοσύνην
3732 4813 3825 4893 κο-

2270 4919 2563 4990 μισάμενος
2587 4922 2696 4991 (55)
2722 4938 2738 4953 ο
2771 4923 2990 4990 μνήμην
3020 4920 3187 4990 μόνην
3219 4923 3248 4974 ὁ
3277 4923 3476 4994 λῃστὴς
3525 4929 3730 4991 ἐκεῖνος
3765 4933 3826 4982 ὲν

2267 5010 2334 5077 τῇ
2368 5008 2612 5082 βασιλείᾳ
2644 5013 2899 5081 ᾐτήσατο,
2933 5010 3033 5062 ,καὶ
3053 5011 3172 5064 ὅλον
3199 5012 3289 5064 τὸν
3319 5015 3642 5088 παράδεισον
3669 5018 3825 5090 πρῶ-

2268 5115 2356 5162 τος
2386 5101 2984 5176 ἐκληρονόμησενοοούκ
3033 5101 3178 5160 ἔστιν
3225 5105 3283 5157 ὲν
3322 5107 3388 5175 τῇ
3421 5108 3823 5184 κτίσειμικρδν

2269 5192 2363 5242 καὶ
2399 5193 2540 5260 μέγα
2562 5192 2673 5262 πῦρ
2700 5192 2992 5254 θεάσασθαι
3027 5193 3124 5260 τὴν
3148 5192 3308 5260 φύσιν
3331 5211 3348 5226 ·
3381 5197 3472 5248 καὶ
3493 5199 3592 5251 οὐκ
3625 5198 3745 5255 ἐστι
3767 5205 3826 5257 ἑν

2268 5283 2335 5352 τῇ
2374 5281 2644 5351 ἀνοθεύτῳ
2693 5282 3151 5353 ταπεινοφροσύνῃ
3198 5282 3331 5352 ὕλης
3362 5283 3500 5351 εἶδος
3535 5293 3826 5363 ἐναπομεῖ-

2270 5389 2356 5426 ναι
2383 5374 2445 5426 τὸ
2492 5374 2727 5430 σύνολον.
2759 5373 2904 5435 Ἕως
2946 5367 3005 5426 οὗ
3041 5375 3299 5438 ἑκουσίως
3338 5380 3634 5451 πταίωμεν,
3666 5384 3829 5439 τοῦτο

2259 5465 2330 5526 ,ὲν
2351 5469 2480 5535 ἡμῖν
2502 5466 2562 5518 οὐ
2595 5463 2854 5534 πρόσεστι
2895 5465 3027 5528 (56),
3058 5466 3150 5522 καὶ
3177 5468 3331 5522 τοῦτο
3355 5471 3415 5523 τὸ
3458 5480 3678 5544 σημεῖον
3726 5477 3828 5545 τῆς

2275 5557 2577 5625 παρουσίας
2607 5555 2794 5608 αὑτοῦ.
2848 5554 3134 5612 Γινώσκων
3157 5561 3188 5612 ό
3213 5561 3485 5636 Δεσπότης
3517 5569 3587 5636 τῇ
3627 5567 3830 5633 ἔξωθεν

2274 5649 2516 5716 διαγωγῇ
2541 5645 3032 5720 συσχηματίξεσθαι
3051 5647 3144 5718 τὴν
3168 5651 3264 5722 τῆξ
3283 5655 3460 5724 ψυχῆς
3480 5656 3825 5727 meum

2276 5738 2454 5801 λαῦὼν
2480 5735 2682 5792 λεντίον
2709 5737 2985 5802 ὑπέδειξεν
3015 5743 3144 5812 ἡμῖν
3183 5745 3399 5813 μέθοδον
3421 5733 3540 5801 ὁδοῦ
3564 5748 3830 5805 ταπεινὼ-

703 5840 898 5908 ﬂIstic.
924 5855 1082 5920 x,20.
1157 5859 1200 5889 "
1230 5857 1247 5910 l
1276 5854 1397 5915 Cor.
1441 5875 1510 5924 tv,
1550 5860 1613 5943 4..
1677 5861 1721 5891 "
1751 5860 1881 5933 Luc,
1912 5868 2058 5933 svnt,
2115 5869 2180 5923 10
2210 5887 2360 5938 scqq.

1658 5955 1686 5979 ο
