4030 6342
561 457 582 509 l
592 453 690 509 IlU3

1760 441 1820 501 S.
1849 439 2160 498 JOANNIS
2192 431 2494 496 CLIMAL‘I
2549 450 2574 470 ‘-

3646 419 3785 485 1004

552 565 695 618 enim
751 572 898 626 tunc,
959 559 1198 629 inquam,
1230 572 1331 612 nos
1365 571 1520 611 veros
1586 555 1932 624 philosophos
1989 553 2112 608 Dei-

2215 570 2326 617 ται,
2360 548 2457 604 καὶ
2487 540 2900 606 καταπατήσῃ
2926 539 3144 592 λέοντα
3174 535 3271 590 καί
3295 537 3592 604 δράκοντα
3620 553 3632 564 ο
3671 537 3784 588 ἐγὼ

554 667 660 721 que
697 659 967 703 amatores
1023 648 1360 702 ostendimus
1425 657 1475 700 et
1515 645 1826 714 probamus,
1891 643 2109 712 quando

2215 645 2263 697 δὲ
2293 642 2454 710 λέγω,
2495 636 2587 688 ἐπὶ
2626 634 2895 705 ἁμαρτίαν
2916 633 3010 684 καὶ
3047 629 3378 696 ἀπόγνωσιν,
3410 629 3504 680 καὶ
3532 627 3625 680 τὸν
3656 627 3780 680 διᾶ-

553 740 734 794 extolli
776 753 1091 807 possumus,
1118 745 1172 791 et
1194 750 1413 790 onmem
1440 735 1750 793 elationem.
1789 749 1854 787 ex
1925 732 2112 784 animo

438 859 448 880 ι
526 828 989 883 Ϊεοιιειειιιιίεείιηο
1014 825 1270 896 fugimus.
1319 825 1761 892 Quandocunque
1800 837 1950 876 arma
1979 837 2114 875 eon-

574 929 651 972 tra
685 919 1044 988 quodcunque
1077 918 1267 970 vitium
1307 915 1500 978 sutnis,
1574 913 1715 966 hanc
1767 911 1862 965 tihi
1927 923 2149 987 pugnat

556 1011 756 1063 sociam
781 1010 1007 1071 aseisee,
1039 1009 1152 1061 haec
1189 1007 1356 1066 enim.
1389 1020 1546 1073 super
1574 1003 1803 1072 aspidem
1850 1012 1897 1054 et
1939 998 2119 1054 basili-

565 1114 711 1152 srum
734 1099 995 1159 ascendet,
1019 1106 1067 1150 et
1095 1095 1420 1149 conculcabit
1452 1095 1646 1147 leonem
1674 1101 1722 1145 et
1750 1091 2028 1144 draconem
2051 1090 2118 1152 ’⁷,

565 1199 870 1258 peccatum,
901 1188 1142 1256 inquam,
1175 1196 1228 1240 et
1256 1184 1706 1255 desperationem,
1728 1192 1783 1235 et
1817 1180 2120 1245 diabolum,

2210 732 2387 794 ϐολον,
2424 727 2518 780 καὶ
2545 724 2636 777 τὸν
2664 723 2934 793 δράκοντα
2975 716 3066 770 τοῦ
3097 716 3370 786 σώματος.
3406 717 3786 785 Ταπεινοφρο-

2211 820 2344 889 σύνη
2383 816 2499 870 ἐστὶ
2525 815 2697 883 σίφων
2726 811 2975 884 οὐράνιος
3002 809 3062 874 ἐξ
3093 808 3333 862 ἀϐύσσου
3365 805 3785 878 ἁμαρτημάτων

2212 911 2290 974 είς
2315 905 2543 978 οὐρανὸν
2575 903 2864 970 ἀνενέγκαι
2893 900 3067 970 ψυχὴν
3090 899 3383 968 δυνάμενος
3415 896 3530 966 (Η)
3557 913 3571 926 ”
3613 895 3789 965 ὠρα-

2213 1000 2277 1053 κέ
2313 997 2414 1050 πού
2444 1013 2528 1060 τις
2559 994 2618 1048 ὲν
2643 995 2710 1064 τῇ
2737 989 2935 1046 ἑαυτοῦ
2959 989 3156 1060 καρδίᾳ
3178 987 3383 1060 ταρτης
3411 987 3607 1050 κάλλος
3634 1001 3648 1015 ⁶
3682 986 3784 1039 καί⁵

2215 1090 2415 1161 θάμϐει
2441 1087 2664 1159 ληφθεὶς
2689 1085 2876 1157 ἠρώτα
2896 1083 2990 1137 τοῦ
3017 1082 3263 1144 τεκόντος
3282 1081 3474 1151 μαθεῖν
3497 1079 3597 1150 τὴν
3618 1094 3790 1146 προσ-

2212 1183 2440 1255 ηγορίαν
2461 1199 2473 1210 ·
2509 1182 2543 1251 ἠ
2572 1180 2631 1233 δὲ
2653 1177 2875 1247 φαιδρὸν
2897 1172 3047 1244 αὐτῷ
3069 1173 3163 1226 καὶ
3191 1172 3424 1241 γαληνὸν
3453 1169 3789 1240 ὑπομειδιά-

564 1279 722 1349 325
752 1287 803 1332 et
833 1278 1081 1348 corporis
1110 1278 1418 1331 draconem.
1459 1273 1747 1328 Humilitas
1816 1283 1901 1326 est
1963 1271 2122 1340 sipho

2218 1291 2379 1337 σασα,
2412 1270 2545 1342 φησί
2572 1287 2587 1301 ·
2624 1268 2734 1322 Καὶ⁵
2760 1265 2877 1328 πῶς
2912 1263 3008 1318 τοῦ
3042 1263 3141 1334 ἐμὲ
3163 1261 3550 1332 γεγεννηκότος
3581 1260 3642 1312 τὸ
3669 1259 3794 1312 ὀνο-

555 1389 649 1426 seu
689 1373 893 1426 canalis
932 1372 1190 1433 caelestis.
1223 1371 1315 1439 qui
1349 1385 1414 1424 ex
1459 1369 1567 1422 ima
1612 1375 1954 1437 peccatorum
2017 1379 2116 1419 vo-

2225 1383 2300 1437 μα
2333 1364 2523 1434 μαθεῖν
2554 1361 2769 1432 ἐπείγῃ,
2804 1357 2899 1411 καὶ
2920 1349 3075 1418 οῦτός
3120 1353 3234 1405 ὲστι
3266 1352 3577 1439 ἀνώνυμος-ς
3703 1350 3791 1439 μή

499 1461 502 1465 ’
557 1464 738 1532 ragine
769 1463 1010 1516 animam
1057 1463 1110 1516 in
1136 1435 1332 1516 malum
1359 1460 1587 1514 evehere
1612 1435 1813 1527 potest.
1842 1455 1967 1510 Fuit
2015 1455 2115 1525 qui

2225 1435 2308 1524 σοι
2339 1451 2500 1506 τοῦτο
2548 1450 2707 1513 λέξω,
2761 1439 2955 1519 ιο)ςοῦ
2998 1441 3129 1495 Θεδν
3169 1441 3366 1509 κτήσῃ.
3417 1437 3573 1506 Αὐτῷ
3598 1438 3632 1506 ὴ
3660 1435 3795 1500 δόξα

557 1555 608 1607 in
641 1555 820 1607 anima
849 1567 946 1607 sua
982 1553 1142 1622 hujus
1184 1550 1639 1620 pulchritudinem
1671 1549 1822 1612 vidit,
1872 1556 1928 1602 et
1999 1556 2115 1601 stu-

2225 1546 2302 1608 είς
2328 1545 2451 1605 τοὺς
2480 1540 2677 1600 αίῶνας
2697 1537 2804 1590 τῶν
2827 1535 3057 1589 αἰώνων.
3107 1534 3298 1599 Ἀμήν.

555 1657 685 1710 pore
721 1650 911 1711 captus
937 1617 1198 1710 cupiebat
1227 1655 1422 1694 nomen
1457 1638 1695 1708 parentis
1747 1638 1867 1706 ejus
1904 1650 2258 1705 cognoscere,
2293 1649 2415 1689 cum
2449 1633 2537 1687 illa
2598 1640 2810 1699 gratum
2877 1633 2931 1679 et
2993 1636 3245 1678 serenum
3312 1617 3636 1711 subridens:
3701 1623 3800 1668 ee'

555 1736 844 1804 quomodo,
875 1734 1070 1804 inquit,
1108 1734 1365 1804 genitoris
1400 1735 1505 1788 mei
1540 1747 1736 1786 nomen
1793 1732 1936 1786 scire
1995 1730 2203 1795 studes,
2237 1743 2360 1784 eum
2395 1727 2466 1782 sit
2510 1737 2814 1794 anonymus
2845 1728 2898 1775 et
2945 1717 3165 1772 nomine
3225 1719 3426 1801 careat.
3491 1707 3610 1763 Non
3668 1722 3803 1777 pio-

554 1829 676 1881 dam
716 1825 846 1879 illud
875 1797 992 1887 tibi,
1025 1797 1196 1879 donec
1223 1825 1388 1886 Deum
1431 1824 1709 1894 possideas
1750 1841 1764 1877 :
1815 1824 1902 1878 cui
1944 1822 2112 1894 gloria
2152 1823 2208 1876 in
2234 1834 2426 1877 omnes
2492 1817 2818 1878 sazculorum
2876 1809 3220 1866 aaternitates.
3262 1797 3457 1858 Amen.

622 1918 767 1973 Mare
800 1925 882 1973 est
913 1915 1081 1970 fontis
1120 1908 1284 1972 causa
1316 1925 1368 1970 et
1401 1917 1665 1986 genitrix;
1693 1917 1972 1977 humilitas
2008 1930 2108 1971 au-

2284 1916 2472 1986 Πηγῆς
2496 1913 2594 1983 μὲν
2620 1910 2803 1980 μήτηρ
2817 1905 3058 1966 ἄϐυσσος
3083 1897 3392 1966 καθέστηκε
3418 1911 3433 1926 ο
3464 1891 3804 1963 διακρίσεως
3836 1957 3842 1960 _

555 2015 662 2061 tem
702 2014 784 2062 est
831 2005 952 2060 fons
983 2005 1372 2060 discretionis.‘

861 2079 1152 2172 sonoras
1189 2116 1280 2170 AD
1313 2114 1606 2172 onsnou
1638 2114 1808 2170 xxv.

1127 2230 1204 2284 De
1241 2231 1564 2284 humilitate.

1150 2321 1399 2388 Scholion
1437 2323 1487 2376 l.

621 2414 746 2468 Sive
776 2428 898 2484 quae
923 2413 977 2468 in
1012 2427 1230 2468 sensum
1270 2421 1325 2469 et
1357 2415 1635 2468 materiam
1666 2429 1761 2471 seu
1784 2428 1995 2484 corpus
2033 2427 2121 2468 ca-

557 2506 711 2560 dunt.
1667 2535 1670 2538 η
1957 2520 1961 2524 ·

848 2580 1094 2648 Scholion
1130 2594 1166 2648 2
1195 2597 1368 2648 sancti
1395 2594 1773 2664 Chrysostomi.

625 2681 723 2747 Ne,
769 2682 967 2754 inquit,
1007 2684 1152 2742 dono
1189 2685 1390 2738 lavacri
1427 2685 1618 2739 conﬁsi
1648 2685 1904 2756 deinceps
1949 2687 2120 2755 neglio

555 2781 743 2842 genter
778 2772 983 2826 vivant.
1012 2771 1149 2837 Quia
1177 2773 1278 2826 etsi
1315 2773 1580 2841 baptisma
1615 2773 1944 2844 paenitentiae
1969 2789 2125 2829 acce-

555 2863 722 2932 peris,
749 2863 842 2917 sed
880 2861 1084 2931 Spiritu
1113 2872 1301 2917 saneto
1341 2871 1529 2931 postea
1573 2877 1680 2916 non
1715 2864 1918 2933 agaris,
1947 2864 2127 2932 perdi-

554 2954 681 3009 disti
709 2953 958 3024 gratiam,
982 2961 1036 3007 et
1057 2952 1374 3024 dignitatem
1401 2953 1496 3008 tibi
1521 2953 1724 3020 datam,
1747 2963 1801 3008 et
1820 2955 2126 3024 adeptionis

553 3045 989 3122 praerogativam.
1017 3041 1154 3100 llinc
1185 3044 1319 3099 dixit
1360 3059 1376 3098 :
1416 3043 1532 3099 Non
1556 3054 1823 3114 quotquot
1861 3044 2122 3115 Spiritum

517 3179 522 3183 .
562 3135 654 3191 Dei
670 3145 1012 3206 acceperunt,
1037 3136 1130 3190 sed
1161 3134 1469 3206 quicunque
1496 3135 1699 3216 Spiritu
1730 3135 1823 3191 Dei
1854 3149 2120 3206 aguntur;

2219 2007 2277 2062 δὲ
2303 2004 2455 2076 πηγὴ
2485 2001 2833 2060 ταπείνωσις.

2605 2109 2862 2164 ΣΧΟΛΙΑ
2886 2104 2994 2160 ΕΙΣ
3020 2099 3245 2157 ΛΟΓΟΝ
3273 2098 3403 2153 κε’.

2557 2221 2695 2290 Περὶ
2724 2219 2835 2287 τῆς
2864 2211 3446 2282 ταπεινοφροσύνης.

2819 2310 3082 2378 Σχόλιον
3111 2310 3180 2357 α’.
3250 2301 3268 2315 ⁸

2297 2409 2500 2476 Ἤγουν
2534 2399 2792 2473 αἰσθητοῦ
2829 2399 2926 2452 καὶ
2951 2392 3161 2450 ὑλικοῦ.

2420 2581 2678 2654 Σχόλιον
2710 2580 2817 2653 τοῦ
2857 2577 3031 2646 ἁγίου
3059 2567 3491 2641 Χρυσοστόμου
3521 2563 3591 2635 β’.

2293 2677 2412 2730 Ἵνα
2563 2674 2628 2742 τῇ
2664 2651 2842 2740 δωρεᾷ
2879 2664 2973 2718 τοῦ
3022 2662 3249 2731 λούτρου
3283 2657 3658 2728 θαρρήσαντες
3691 2651 3803 2745 τῆς

2226 2766 2364 2836 μετὰ
2403 2742 2574 2817 ταῦτα
2611 2760 2928 2829 ἁμελήσωσι
2977 2752 3274 2828 πολιτείας,
3327 2748 3501 2820 φησί’
3557 2745 3650 2836 ὅτι
3691 2742 3802 2797 κᾶν

2225 2834 2509 2928 βάπτισμα
2543 2850 2829 2923 μετανοίας
2863 2847 3056 2918 λάϐῃς,
3090 2843 3165 2917 μὴ
3198 2841 3398 2912 μέλλῃς
3426 2838 3485 2892 δὲ
3512 2834 3802 2928 Πνεύματι

2227 2924 2363 3016 μετὰ
2388 2924 2561 2996 ταῦτα
2590 2939 2839 3008 ἄγεσθαι,
2859 2935 3146 2996 ἀπώλεσας
3165 2932 3265 3003 τὴν
3286 2929 3576 3000 δεδομένην
3604 2924 3799 3016 ἀξίαν,

2223 3011 2316 3089 καὶ
2348 3035 2444 3104 τῆς
2471 3030 2742 3092 υἱοθεσίας
2778 3029 2879 3098 τὴν
2909 3025 3201 3097 προεδρίαν
3226 3021 3360 3104 ’διὰ
3387 3017 3545 3072 τοῦτο
3573 3017 3673 3070 οὐκ
3709 3011 3802 3104 είς

2223 3143 2324 3178 πεν
2349 3142 2364 3156 ·
2392 3103 2547 3177 Ὅσοι
2591 3121 2814 3191 Πνεῦμα
2841 3117 2977 3171 Θεοῦ
3003 3114 3217 3178 ἔλαϐον,
3252 3103 3391 3174 ἀλλ’,
3423 3109 3582 3162 Ὅσοι
3621 3103 3802 3158 Πνεῦ-

507 3284 530 3310 ο
559 3229 661 3282 hoc
690 3235 792 3292 est,
827 3242 922 3297 per
953 3195 1481 3282 omnem‘vitam-ita
1510 3212 1720 3296 vivunt,
1769 3228 1823 3282 bi
1869 3195 1997 3284 sunt
2025 3195 2122 3287 lilii

2227 3234 2356 3290 ματι
2401 3212 2538 3267 Θεοῦ
2590 3212 2855 3280 ἄγονται·
2908 3207 3202 3270 τουτέστιν,
3249 3204 3365 3256 ὅσοι
3411 3195 3575 3268 παρὰ,
3611 3195 3802 3246 πάντα

2260 3309 2265 3310 ⁷
2354 3306 2399 3310 ’⁸
2580 3303 2594 3310 ⁸
2709 3300 2720 3310 ⁸
2956 3296 2980 3310 ιο
3198 3287 3226 3310 1'
3301 3294 3313 3310 ο
3369 3292 3501 3310 ,9,η,
3536 3285 3637 3310 “1“
3693 3282 3799 3310 ,ΔΞ

565 3317 679 3372 Dei.

1181 3508 1414 3575 Quaestio
1446 3513 1524 3566 '5.‘

626 3593 771 3661 Quot
813 3594 1088 3666 signiﬁcat
1136 3598 1450 3652 accusatio?
1493 3599 1603 3653 duo
1656 3616 1671 3653 :
1713 3603 2004 3670 pessimam
2055 3605 2126 3659 ab

559 3686 714 3741 hoste
735 3685 1023 3753 irregatam
1060 3686 1385 3761 calumniam
1425 3706 1446 3742 τι
1469 3688 1664 3744 deinde
1690 3691 1949 3756 singulari
1985 3709 2122 3762 qua-

556 3778 677 3831 dam
717 3776 766 3830 vi
812 3787 1053 3846 apertam
1087 3777 1162 3831 rei
1207 3789 1369 3846 gestae
1413 3778 1854 3837 declarationem.
1883 3782 2123 3853 Exempli

555 3880 753 3919 causa:
783 3865 958 3932 bonus
997 3875 1188 3920 natura
1204 3863 1377 3931 ‘Dens,
1419 3867 1689 3937 malignus
1715 3868 1982 3935 diabolus,
2015 3872 2120 3925 vcl-

558 3962 616 4007 ut
638 3962 815 4009 astuta
846 3954 1051 4025 vulpes.

1183 4044 1431 4100 Scholion
1460 4046 1514 4100 4.

626 4130 884 4186 Mirandze
913 4143 1039 4188 sunt
1075 4125 1318 4192 actiones
1367 4139 1582 4204 mentis,
1617 4151 1668 4195 et
1698 4156 1793 4210 per
1841 4142 2121 4198 humilitaa

561 4232 668 4277 tem
717 4223 880 4294 326
921 4226 1216 4294 profectus.
1240 4230 1385 4285 ‘Audi
1435 4233 1584 4288 enim
1635 4235 1908 4302 quomodo
1953 4237 2116 4294 dicat.

558 4312 847 4379 Quoniam,
877 4313 1073 4383 inquit,
1117 4319 1258 4385 quod
1289 4322 1412 4388 quis
1445 4322 1463 4341 ‘
1496 4323 1696 4391 cogitat
1735 4324 1824 4393 [de
1848 4341 1957 4395 quo
1997 4329 2122 4396 quis

559 4419 742 4461 secum
792 4405 1115 4476 rationatur]
1143 4408 1250 4462 hoc
1300 4411 1523 4464 omnino
1567 4421 1621 4465 et
1667 4416 1849 4479 sentit,
1882 4426 1936 4470 et
1961 4420 2123 4475 cerde

560 4499 775 4555 retinet.
800 4497 1115 4567 Excipiatur
1145 4513 1294 4569 ergo,
1322 4502 1466 4576 quod
1491 4504 1613 4570 quis
1649 4519 1712 4558 ex
1747 4505 2120 4562 inconsidera-

554 4585 706 4646 sione
736 4590 957 4666 mentis,
987 4589 1069 4644 vel
1101 4603 1167 4644 ex
1204 4591 1552 4660 subreptione
1589 4602 1682 4647 aut
1709 4608 1838 4649 casu
1871 4599 2071 4668 cogitat
2102 4618 2115 4652 :
2153 4581 2193 4633 ί)
2221 4582 2278 4617 τε

558 4684 672 4738 haec
687 4684 829 4739 enim
867 4681 1038 4737 semel
1063 4681 1329 4736 duntaxat
1357 4691 1582 4737 tractata
1615 4685 1817 4750 animo,
1859 4702 2120 4758 negamus

558 4790 680 4829 eum
715 4774 910 4830 vitioso
934 4771 1125 4828 atl'ectu
1151 4773 1378 4843 cogitari
1417 4784 1512 4828 aut
1547 4777 1787 4830 tractari.

1247 4888 1428 4942 Aliud.

630 4973 866 5045 Rogatus
912 4978 1094 5036 senior
1136 4979 1265 5049 quid
1318 4991 1464 5035 esset
1511 4981 1792 5037 humilitas
1833 5000 1846 5036 :
1895 4981 2120 5054 Duplex,

563 5063 756 5133 inquit,
780 5069 1137 5134 mortiﬁcatio,
1167 5085 1287 5138 qua:
1323 5080 1514 5138 sponte
1549 5072 1608 5127 tit
1631 5072 1683 5127 in
1707 5074 1853 5128 omni
1887 5089 1962 5128 re.

1169 5181 1416 5237 Scholion
1453 5186 1507 5238 5.

631 5269 730 5323 lris
757 5277 840 5323 est
873 5285 1029 5324 arcus
1082 5273 1314 5329 nubibus
1360 5287 1638 5340 extensus,
1692 5294 1853 5348 quem
1910 5282 2123 5337 vocavit

563 5359 933 5421 humilitatem,
960 5368 1178 5428 propter
1209 5363 1410 5417 nfultos
1453 5373 1506 5418 et
1539 5367 1720 5422 varios
1749 5371 1906 5437 quasi
1960 5371 2122 5426 ﬂores

562 5463 616 5505 et
638 5451 869 5514 colores,
903 5456 955 5502 ει
995 5458 1212 5517 propter
1240 5451 1504 5519 triplicem
1532 5453 1771 5509 colorum
1815 5469 2118 5526 aspectum,

563 5551 616 5595 et
645 5540 1000 5605 altitudinem,
1036 5555 1138 5609 qua
1165 5554 1325 5609 supra
1352 5550 1525 5596 terras
1548 5545 1775 5600 exsistat
1823 5556 1983 5619 atque
2009 5550 2119 5604 elc-

567 5641 734 5685 vctur.

640 5803 682 5834 ’τ
712 5804 850 5859 Psal.
877 5821 962 5873 xc,
998 5808 1078 5862 ιδ.

2145 3282 2193 3349 νυ
2223 3309 2315 3361 τὸν
2349 3306 2460 3376 βίον
2509 3300 2876 3356 πολιτεύονται
2922 3296 3118 3368 οὕτως,
3169 3287 3316 3348 οῦτοί
3363 3292 3502 3344 εἰσιν
3536 3285 3643 3339 υἱοὶ
3692 3282 3800 3337 τοῦ

2223 3391 2384 3446 Θεοῦ.

2384 3509 2393 3519 -
2813 3476 3115 3549 Ἐρώτησις
3143 3471 3194 3542 γ’

2293 3572 2403 3626 Καὶ
2457 3571 2602 3623 πόσα
2666 3566 2919 3636 σημαίνει
2971 3560 3320 3630 κατηγορίας
3363 3555 3590 3626 Ἀπόκρ.
3645 3552 3754 3605 Δύο
3785 3572 3800 3583 ο

2222 3659 2322 3731 τὴν
2357 3640 2500 3713 κατᾶ
2527 3673 2671 3719 τινος
2704 3655 2834 3724 παρ’
2867 3650 3062 3723 ἐχθροῦ
3090 3648 3356 3717 κακίστην
3388 3643 3660 3714 διαϐολὴν,
3691 3640 3800 3692 καὶ

2221 3750 2319 3820 τὴν
2345 3748 2601 3819 ἔμφασιν,
2624 3745 2720 3799 καὶ
2747 3741 2946 3815 τρανὴν
2975 3739 3279 3809 φανέρωσιν
3305 3735 3398 3789 τοῦ
3434 3733 3762 3804 πράγματος
3780 3745 3799 3762 ο
3826 3775 3830 3780 .

2220 3837 2355 3905 οἷον,
2401 3837 2604 3907 ἀγαθὸς
2647 3835 2807 3904 φύσει
2853 3835 2882 3887 ό
2925 3831 3077 3896 Θεὸς.
3110 3829 3415 3908 meiere:
3444 3827 3482 3897 ,δ
3523 3821 3798 3887 διάϐολος»

2219 3929 2436 4000 δολερὸν
2467 3931 2500 3998 ὴ
2531 3924 2779 4008 ἀλώπηξ.
3341 3909 3346 3915 r

2823 4017 3082 4085 Σχόλιον
3107 4014 3171 4068 δ’.

2288 4111 2598 4184 Θαυμάσιαι
2642 4110 2761 4173 νοὸς
2799 4108 3074 4180 ἐργασίαι,
3127 4105 3222 4159 καὶ
3265 4103 3352 4157 διὰ
3409 4096 3795 4160 ταπεινώσεως

2221 4202 2527 4274 προκοπαί·
2559 4203 2662 4272 ὅρα
2683 4204 2790 4269 γὰρ
2821 4197 2939 4260 πῶς
2961 4214 3146 4266 φησιν,
3187 4196 3269 4249 ὅτι
3299 4195 3328 4247 ὅ
3359 4210 3443 4256 τις
3486 4188 3791 4258 λογίζεται,

2218 4295 2376 4347 τοῦτο
2423 4295 2642 4355 πάντως
2677 4291 2772 4344 καὶ
2822 4291 3028 4360 φρονεῖ,
3067 4289 3159 4341 καὶ
3209 4288 3268 4339 ὲν
3299 4283 3499 4355 καρδίᾳ
3542 4279 3788 4365 κατέχει.

2230 4380 2655 4452 ’Υπεξαιρείσθω
2693 4376 2790 4434 οῦν
2831 4380 2891 4433 τὸ
2932 4365 2990 4446 ἐξ
3017 4377 3345 4450 ἀπροσεξῖας
3373 4369 3709 4439 λογίσασθαι,
3749 4367 3791 4436 ἦ

2223 4471 2597 4541 συναρπαγῆς,
2628 4470 2662 4541 ἢ
2701 4471 2840 4524 κατὰ
2863 4470 3032 4541 τύχην
3067 4484 3084 4500 ⁸
3115 4467 3290 4521 ταῦτα
3317 4463 3426 4532 γὰρ
3467 4458 3601 4530 πρὸς
3635 4455 3793 4520 ἅπαξ

2282 4564 2536 4633 λούμενα,
2561 4564 2622 4618 οὐ
2657 4563 2799 4619 κατὰ
2825 4561 2996 4625 πάθος
3045 4552 3361 4635 τελεσθῆναι
3391 4553 3425 4621 ἢ
3467 4545 3790 4616 λογισθῆναί

2220 4672 2420 4724 φαμεν.

2881 4885 3091 4939 Ἄλλο.
3238 4900 3273 4934 λι

2288 4982 2572 5053 ’Πρωτὴθη
2625 4973 2825 5051 γέρων,
2851 4976 2905 5029 τί
2949 4975 3068 5028 ἐστι
3094 4968 3443 5032 ταπείνωσις,
3469 4967 3566 5043 καὶ
3599 4959 3737 5054 ἐἷπε
3766 4981 3783 4993 ο

2221 5073 2394 5144 Διπλῆ
2425 5074 2690 5145 νέκρωσις
2718 5065 2981 5126 ἐκουσίὼς
3009 5064 3102 5118 ἐπὶ
3132 5060 3354 5135 παντός.

2815 5177 3072 5246 Σχόλιον
3118 5179 3178 5229 ε’.
3199 5193 3202 5197 ‘
3609 5174 3612 5177 ’
3645 5205 3654 5212 ε

2284 5273 2425 5347 Ἶρίς
2477 5280 2592 5329 ἐστι
2644 5274 2704 5326 τὸ
2759 5269 3067 5337 τεινόμενον
3106 5264 3237 5326 ταῖς
3308 5263 3554 5346 νεφέλαις
3595 5261 3783 5343 τοξονο

2216 5371 2374 5424 τοῦτο
2397 5370 2452 5423 δὲ
2485 5369 2707 5422 ἐκάλεσε
2732 5364 2842 5432 τὴν
2861 5359 3242 5422 ταπείνωσιν,
3265 5353 3356 5408 διὰ
3373 5356 3436 5409 τὸ
3461 5354 3785 5422 πολυανθὲς,

2218 5463 2311 5515 καὶ
2361 5461 2622 5522 ποικίλον,
2677 5454 2771 5508 καὶ
2815 5449 3111 5519 πολύχροον
3145 5487 3161 5512 ,
3220 5447 3314 5501 καὶ
3362 5447 3635 5521 τρίκροον,
3686 5449 3791 5502 καὶ

2229 5550 2450 5620 ὑψηλὸν,
2479 5551 2572 5603 καὶ
2611 5546 2719 5600 τῶν
2744 5542 2945 5623 γηΐνων
2974 5536 3428 5608 ὑπερανεστηκός.
