4030 6342
161 422 299 489 1005

644 538 691 590 Σ
692 539 903 605 χόλιον
942 536 1146 589 Ἰσαὰκ
1181 541 1255 597 ς’.

241 624 622 695 Ὑπερηφανία
655 628 823 692 ἐστὶν,
866 627 985 696 οὐχί
1020 626 1108 678 ὅτε
1154 623 1384 695 περὰςει
1418 624 1475 674 ἐν
1514 625 1579 692 τῇ
1613 623 1729 675 δια·

160 718 278 789 vel;
306 721 337 772 ὁ
362 717 621 789 λογισμὸς
642 718 834 789 αὐτῆς,
867 719 985 771 οὐδὲ
1028 719 1124 771 ἐὰν
1152 715 1374 770 νικᾶταί
1418 732 1499 777 τις
1529 716 1589 779 ἐξ
1627 716 1727 769 αὑ-

160 810 259 880 τῆς
283 810 428 864 κατά
456 811 681 880 καιρόν·
728 810 844 863 ἀλλ’
871 810 1051 880 ἐκείνη
1096 811 1131 880 ή
1178 809 1507 879 διαμένουσα
1555 810 1612 860 ὲν
1654 805 1732 877 τῷ

160 890 454 963 ἀνθρώπῳ.
521 892 746 964 Ἐκείνῳ
805 891 906 964 μὲν
951 891 1059 962 τῷ⁸
1090 890 1291 963 πρώτῳ
1344 893 1378 960 ἡ
1438 887 1731 953 κατάνυξις

161 984 487 1039 ἀκολουθεῖ·
523 977 675 1049 οὗτος
709 985 765 1039 δὲ
800 988 829 1038 ὁ
856 984 1147 1058 ἀγαπήσας
1171 986 1339 1057 αὐτὴν
1364 985 1464 1039 οὐκ
1494 979 1603 1037 οἶδε
1635 999 1732 1035 κα-

158 1077 292 1130 τάνυ
298 1076 401 1140 ειν.
1035 1090 1048 1103 ·

759 1253 1018 1320 Σχόλιον
1070 1251 1135 1315 ζ’.

242 1343 497 1416 Th).th
527 1345 697 1416 ἀρετῇ
726 1344 821 1398 καὶ
848 1343 1309 1414 κατορθωμάτων.

764 1516 1024 1586 Σχόλιον
1053 1514 1123 1585 η’.

238 1611 523 1683 ’Δκρηστα
552 1610 648 1664 καὶ
674 1608 889 1679 χυδαῖα,
928 1608 1021 1661 καὶ
1057 1607 1283 1677 μάταια.

770 1699 1026 1766 Σχόλιον
1074 1697 1139 1752 θ’.

261 1793 334 1857 Ως
355 1795 390 1862 ἠ
421 1792 548 1859 ἁγία
573 1788 743 1860 Τριάς
770 1788 878 1843 τῶν
904 1787 1256 1842 ὑποστάσεων
1284 1788 1343 1839 ὲν
1387 1786 1488 1859 μιᾷ
1523 1787 1641 1840 ἐστι
1667 1789 1736 1858 τῇ

1106 423 1332 482 SCALA
1368 422 1748 483 PARADISI.
1776 447 1839 459 -
1873 425 2177 485 GRADUS
2204 429 2372 487 XXV.

3254 435 3387 500 1006

2476 538 2647 593 Isauri
2684 542 2733 593 ϐ.

1905 626 2168 698 Superbia
2197 639 2298 695 est,
2318 646 2428 685 non
2452 631 2667 700 quando
2690 632 2949 702 cogitatio
2972 630 3113 689 illius
3137 634 3189 687 in
3208 648 3390 690 mente

1831 721 2123 788 pertransit
2152 740 2167 790 ;
2200 736 2375 792 neque
2407 724 2626 793 quando
2652 723 2775 791 quis
2803 724 2872 777 ab
2904 724 2995 779 illa
3020 735 3239 795 repente
3266 727 3389 781 data

1828 811 2011 883 aliqua
2051 816 2360 881 occasione,
2391 816 2643 871 vincitur.
2679 814 2782 870 Sed
2816 816 2905 870 illa
2942 832 3063 886 quae
3113 828 3297 873 manet
3340 829 3394 873 et

1832 904 1997 960 haeret
2028 906 2081 960 in
2115 906 2353 961 homine.
2387 907 2539 963 Illum
2573 908 2806 979 primum
2835 908 2948 977 (qui
2983 911 3184 979 cogitat
3206 910 3274 966 de
3304 927 3395 966 su-

1830 994 2038 1063 perbia,
2089 1004 2186 1050 aut
2236 1006 2455 1066 repente
2516 997 2763 1053 obruitur
2800 998 2911 1067 illa)
2937 999 3192 1068 sequitur
3238 1001 3396 1056 dolor

1831 1085 2000 1141 animi
2029 1101 2122 1141 seu
2152 1088 2527 1157 compunctio;
2574 1090 2675 1144 iste
2701 1090 2834 1144 alter
2862 1090 2954 1159 qui
3002 1098 3146 1145 amat
3202 1106 3396 1161 super-

1832 1174 1999 1242 biam,
2031 1192 2139 1232 non
2173 1178 2322 1232 novit
2349 1180 2843 1249 compunetionem.

2451 1268 2696 1323 Scholion
2725 1269 2775 1324 7.

1902 1354 2023 1412 Alta
2075 1367 2127 1412 et
2175 1358 2436 1427 prasclara
2474 1358 2614 1413 facta
2664 1359 2731 1413 de
2766 1361 2966 1416 virtute
2996 1360 3395 1431 (inenarrab'dia

1837 1444 2072 1517 [ἄρρητα
2104 1446 2318 1521 nempe]
2352 1462 2446 1505 seu
2466 1463 2663 1504 arcana
2694 1448 2825 1521 [b]).

2190 1596 2198 1605 ,
2452 1538 2700 1595 Scholion
2726 1542 2783 1597 8.

1904 1622 2141 1691 lnutilia,
2174 1624 2422 1693 confusa,
2451 1642 2610 1682 vana.

2450 1715 2695 1771 Scholion
2728 1720 2780 1773 9.

1906 1803 2374 1870 Quemadmodum
2395 1820 2578 1862 sancta
2595 1808 2834 1865 Trinitas
2855 1811 3015 1865 trium
3040 1826 3397 1880 personarum

163 1885 412 1953 Θεότητι,
440 1884 533 1936 καὶ
564 1883 663 1952 μία
680 1879 889 1960 ρεότης
912 1882 969 1935 ὲν
996 1882 1117 1940 ταῖς
1136 1880 1316 1965 τρισὶν
1348 1878 1733 1969 ὑποστάσεσιν,

1839 1893 1891 1948 in
1922 1908 2141 1949 unaesr
2172 1895 2397 1957 Deitate,
2419 1904 2472 1951 et
2503 1911 2609 1951 una
2642 1894 2823 1951 Deitas
2851 1899 2903 1952 in
2937 1878 3109 1954 tribus
3129 1902 3398 1969 personis.

164 1976 335 2040 οὕτως
365 1974 527 2044 λείη
575 1973 852 2044 μετάνοια,
888 1972 980 2025 καὶ
1014 1973 1075 2025 τὸ
1106 1960 1321 2036 πένθος,
1358 1970 1451 2022 καὶ
1478 1972 1513 2039 ἡ
1544 1967 1734 2021 ταπεί-

166 2086 326 2131 νωσις
348 2067 586 2137 συγγενῆ
613 2064 863 2134 ἀλλήλοις
902 2064 1031 2129 eici,
1061 2064 1155 2116 καὶ
1198 2064 1256 2115 ἐν
1289 2064 1355 2132 τῇ
1386 2061 1507 2133 θείᾳ
1534 2058 1735 2130 κρατύ-

165 2179 313 2215 νεται
347 2160 551 2232 χάριτι,
599 2160 694 2211 καὶ
718 2158 753 2229 ἡ
783 2157 941 2228 χάρις
974 2158 1210 2209 ἑνοποιεῖ
1234 2154 1431 2220 ταῦτα,
1476 2154 1538 2207 τὸ
1566 2152 1625 2207 ἓν
1656 2152 1735 2222 τῷ

163 2256 336 2326 ἑτέρῳ
361 2254 725 2316 συνάπτουσα,
758 2252 852 2304 καὶ
878 2251 1016 2324 πρὸς
1046 2250 1137 2304 τὸν
1169 2251 1302 2303 Θεὸν
1328 2247 1423 2302 τὸν
1451 2244 1576 2301 νοῦν
1602 2246 1735 2300 ἀνα-

166 2349 480 2421 πέμπουσα.

772 2440 819 2491 Σ
820 2437 1033 2505 χόλιον
1090 2442 1145 2490 ι’.
1676 2471 1693 2483 ,

235 2527 332 2596 Εἷς
360 2531 557 2603 χῶρος,
585 2528 849 2601 ὀπυθμὴν
871 2529 968 2598 τῆς
993 2526 1260 2599 Ἐρυθρᾶς
1288 2523 1559 2595 θαλάσσης
1589 2524 1649 2576 ἐν
1668 2540 1696 2576 τ

163 2622 409 2677 διαϐάσει
439 2620 536 2674 τοῦ
576 2620 813 2693 Ἰσραήλ.
856 2620 920 2672 ἰι
953 2618 1010 2672 δὲ
1046 2617 1147 2687 τῆς
1194 2614 1538 2683 παγκοσμίου
1562 2614 1738 2684 χαρᾶς

164 2713 264 2766 οὐκ
286 2712 423 2781 άλλη
465 2710 672 2781 ἡμέρα,
705 2709 739 2780 ἢ
782 2711 816 2780 ἠ
857 2707 956 2777 τῆς
996 2704 1347 2768 ἀναστάσεως
1384 2702 1478 2757 τοῦ
1530 2703 1736 2775 Κυρίου

166 2810 260 2862 καὶ
280 2807 536 2877 Σωτῆρος
564 2805 741 2877 ἡμῶν,
766 2805 824 2858 ὲν
917 2803 978 2856 τὸ
998 2802 1155 2871 γένος
1178 2799 1336 2873 ἡμῶν
1365 2798 1477 2852 τῶν
1504 2799 1736 2854 αἰωνίων

164 2898 257 2952 τοῦ
280 2896 411 2970 ᾅδου
433 2892 785 2966 ἠλευθερώθη
814 2891 1049 2964 δεσμῶν.
1095 2890 1250 2954 Τινὲς
1274 2888 1332 2941 δὲ
1360 2888 1459 2959 τὴν
1479 2887 1582 2957 τῆς
1611 2905 1738 2956 γεν-

165 2991 376 3062 νήσεως
398 2987 613 3060 ἡμέραν
638 2986 909 3055 λέγουσιν,
922 2984 981 3037 ἒν
1008 2975 1159 3057 ﬁmi.
1188 2980 1341 3051 παρά
1361 2978 1470 3032 τῶν
1492 2978 1740 3048 ἀγγέλων

166 3081 397 3152 ἠκούετο
422 3080 486 3134 τό
515 3094 533 3111 ·
566 3078 724 3143 Δόξα
754 3077 823 3131 ἐν
867 3075 1155 3145 ὑψίστοις
1192 3070 1355 3137 Θεῷ,
1411 3070 1588 3152 ἕτεροι
1640 3070 1740 3141 τὴν

166 3164 399 3235 ἡμέραν,
431 3156 550 3236 ὲνῇ
576 3161 699 3215 Νῶε
734 3158 872 3231 μετά
912 3156 1021 3211 τῶν
1053 3156 1149 3210 σὺν
1191 3154 1339 3222 αὐτῷ
1386 3151 1582 3223 ἐξῆλθε
1636 3152 1738 3221 τῆς

167 3251 424 3308 κιϐωτοῦ.
575 3297 583 3305 .

520 3342 775 3410 Σχόλιον
814 3337 1247 3408 Χρυσοστόμου
1282 3333 1370 3389 ια’.

234 3434 316 3506 (α)
336 3433 406 3489 El’
441 3449 547 3486 που
578 3432 678 3502 τὴν
712 3429 994 3484 εὐσέϐειαν
1025 3424 1555 3498 παραϐλαπτομένην
1588 3423 1738 3485 ἴδοις,

172 3526 247 3597 μὴ
283 3525 527 3597 προτίμα
549 3523 648 3595 τὴν
676 3523 929 3594 ὁμόνοιαν
954 3520 1055 3590 τῆς
1087 3516 1367 3589 ἀληθείας,
1413 3514 1526 3569 ἀλλ’
1554 3515 1742 3567 ἵστασο

169 3614 431 3683 γενναίως
454 3613 563 3677 ἕως
594 3613 824 3666 θανάτου
845 3628 860 3643 ’
906 3610 1003 3664 καὶ
1033 3608 1167 3680 μηδὲ
1194 3606 1367 3670 οὕτως
1410 3606 1555 3676 ψυχῇ
1585 3602 1742 3656 πολέ-

172 3724 282 3777 μει,
320 3705 459 3777 μηδὲ
488 3704 831 3776 ἀποστρέφου
865 3702 1083 3775 γνώμῃ,
1134 3700 1269 3752 ἀλλά
1294 3700 1408 3759 τοῖς
1454 3697 1743 3766 πράγμασι

171 3796 347 3866 μάχου
387 3794 547 3867 μόνον
571 3811 585 3825 ·
630 3793 789 3847 τοῦτο
817 3793 926 3863 γάρ
974 3794 1090 3844 ὲστι
1124 3789 1216 3843 τό·
1262 3787 1357 3852 Ἐξ
1386 3785 1553 3854 ὑμῶν
1597 3786 1745 3853 μετὰ

170 3885 411 3939 πάντων
439 3883 763 3952 ἀνθρώπων
804 3882 1246 3950 εἰρηνεύοντες·
1283 3877 1385 3930 κᾶν
1429 3876 1633 3935 ἐκεῖνος
1667 3874 1743 3944 μὴ

170 3975 448 4047 εἰρηνεύῃ,
507 3976 573 4029 σὺ
625 3974 699 4045 μὴ
746 3973 1040 4043 πληρώσῃς
1080 3967 1348 4040 χειμῶνος
1390 3966 1490 4037 τὴν
1531 3967 1740 4034 ψυχήν

170 4065 306 4134 ὅπερ
334 4065 507 4135 ἔφθην
530 4064 729 4129 είπὼν,
752 4064 851 4133 τὴν
876 4061 1135 4133 ἀλήθειαν
1162 4057 1414 4130 μηδαμοῦ
1446 4054 1746 4127 προδιδούς.

1838 1983 1911 2037 ita
1941 1985 2256 2053 pmnitentia
2284 1994 2338 2039 et
2372 1986 2571 2052 luctus,
2622 1996 2675 2042 et
2731 1987 3008 2045 humilitas
3038 1991 3176 2045 inter
3205 2006 3264 2047 se
3311 2008 3427 2060 ρος,

1837 2083 2012 2143 gnatae
2040 2083 2187 2140 sunt,
2234 2084 2288 2130 et
2337 2076 2391 2130 in
2443 2076 2624 2131 divina
2675 2080 2845 2149 gratia
2893 2080 3254 2146 continentur,
3290 2099 3405 2152 gra-

1838 2158 2029 2235 tiaque.
2070 2181 2238 2220 unum
2300 2166 2427 2222 facit
2480 2166 2614 2233 haec,
2671 2179 2726 2224 et
2781 2171 3008 2226 alterum
3066 2187 3187 2228 cum
3236 2174 3404 2230 altero

1836 2252 2135 2325 coniungit,
2166 2254 2439 2325 mittitque
2463 2257 2705 2312 animum
2728 2259 2792 2314 ad
2822 2259 3014 2315 Deum.

2438 2444 2687 2501 Scholion
2722 2448 2807 2503 10.

1914 2532 2116 2590 Unicus
2136 2534 2227 2591 ille
2258 2534 2411 2592 locus
2433 2544 2517 2591 est
2540 2536 2737 2593 fundus
2757 2537 2925 2593 Rubri
2963 2540 3128 2596 maris
3153 2540 3205 2595 in
3227 2550 3404 2598 trans-

1837 2619 1915 2673 itu
1945 2620 2123 2689 populi
2177 2621 2561 2676 lsraelitarum.
2617 2622 2739 2679 Dies
2791 2634 2970 2679 autem
3020 2643 3129 2696 quo
3172 2630 3406 2683 mundus

1839 2706 2128 2760 universus
2166 2705 2363 2776 gaudio
2412 2708 2723 2772 exsultavit,
2774 2724 2881 2763 non
2925 2721 3011 2765 est
3053 2713 3194 2768 alius
3242 2730 3404 2783 quam

1840 2795 1959 2850 dies
2013 2797 2427 2853 resurrectionis
2489 2798 2701 2853 Domini
2761 2810 2814 2855 et
2860 2801 3157 2859 Salvatoris
3213 2806 3404 2869 nostn',

1840 2902 1951 2958 quo
1992 2903 2164 2958 genus
2212 2888 2508 2957 humanum
2554 2891 2621 2945 ab
2657 2890 2817 2963 327
2860 2895 3077 2949 aeternis
3108 2895 3406 2951 inferorum

1842 2978 2074 3035 vinculis
2110 2990 2194 3036 est
2225 2980 2533 3036 liberatum.
2582 2982 2684 3036 Alii
2729 2983 2869 3039 diem
2916 2983 3120 3040 Christi
3174 2988 3408 3041 natalem

1844 3069 2172 3142 intelligunt,
2194 3085 2303 3140 quo
2326 3072 2394 3126 ab
2421 3073 2628 3142 angelis
2650 3074 2779 3127 illud
2804 3075 3047 3131 auditum
3077 3086 3157 3135 est
3181 3099 3194 3133 :
3228 3078 3409 3135 Gloria

1843 3162 1897 3214 in
1943 3162 2159 3215 excelsis
2208 3160 2314 3216 Deo
2368 3160 2435 3214 ⁸⁸.
2474 3164 2579 3216 Alii
2621 3164 2762 3218 diem
2809 3166 3250 3239 interpretantur,
3296 3188 3405 3243 quo

1839 3244 1951 3302 Noe
1984 3262 2110 3301 cum
2140 3248 2257 3303 suis
2289 3262 2357 3301 ex
2389 3263 2515 3303 arca
2541 3264 2793 3319 egressus
2815 3262 2920 3309 est.

2220 3334 2471 3390 Scholion
2521 3336 2883 3408 Chrysostomi
2904 3342 2992 3395 11.

1904 3413 2100 3479 Sicubi
2124 3424 2439 3494 religionem
2471 3428 2653 3484 laasam
2680 3429 2900 3497 videris,
2934 3441 3072 3494 tum.
3098 3444 3405 3506 contempta

1842 3514 2071 3569 aliorum
2133 3512 2555 3585 conspiratione,
2611 3520 2891 3574 veritatem
2949 3532 3135 3589 tuere,
3206 3541 3410 3595 proque

1844 3606 1934 3659 illa
1960 3619 2221 3675 generose
2252 3605 2317 3660 ad
2349 3616 2577 3662 mortem
2623 3626 2795 3681 usque
2830 3613 3045 3668 decerta
3082 3635 3094 3669 :
3128 3632 3302 3685 neque
3333 3622 3411 3673 sic

1841 3712 1965 3752 cum
2023 3697 2203 3750 anima
2241 3707 2330 3751 tua
2371 3713 2570 3768 pugna,
2606 3706 2781 3771 neque
2823 3702 2889 3758 de
2919 3709 3183 3762 sententia
3219 3718 3307 3762 tua
3360 3721 3412 3762 te

1841 3785 2103 3838 dimoveri
2135 3794 2335 3852 patere,
2368 3787 2461 3841 sed
2494 3786 2649 3843 factis
2678 3789 2808 3857 ipsis
2842 3803 2895 3846 et
2929 3796 3061 3850 solis
3109 3812 3409 3867 propugna.

1841 3872 1955 3927 Hoc
1988 3872 2133 3926 enim
2177 3881 2258 3926 est
2299 3873 2429 3927 illud
2461 3891 2476 3928 :
2527 3876 2797 3940 Quantum
2833 3881 2889 3933 in
2919 3884 3061 3937 vobis
3094 3896 3191 3950 est,
3227 3905 3410 3955 pacem

1841 3979 1961 4016 cum
1989 3964 2229 4017 euntibus
2258 3963 2504 4018 habente:
2534 3968 2599 4031 ",
2631 3970 2879 4036 quamvis
2900 3970 2988 4025 ille
3008 3975 3267 4041 paciﬁcus
3299 3992 3408 4029 non

1854 4056 1941 4111 sit.
1978 4053 2088 4110 Nec
2116 4064 2179 4127 tu
2210 4055 2435 4125 impleas
2460 4057 2694 4111 animam
2740 4068 3053 4129 tempestate
3087 4064 3175 4134 [Et
3206 4075 3260 4119 tu
3290 4068 3410 4120 ani-

174 4176 316 4214 mam
360 4170 508 4213 tuam
544 4173 614 4212 ne
638 4158 793 4229 gravi
852 4164 1174 4226 tempestate
1238 4156 1434 4219 imbre,
1493 4153 1687 4223 spiritu
1750 4151 2112 4222 procellarum
2164 4151 2467 4224 concutias]
2504 4154 3007 4229 (perturbationum)
3060 4161 3204 4230 quod
3250 4178 3410 4218 occu-

171 4252 291 4323 pavi
339 4252 524 4307 dicere
559 4266 904 4322 nequaquam
960 4250 1162 4307 violata
1220 4260 1316 4307 aut
1364 4250 1577 4322 prodita
1613 4249 1860 4305 veritate.

768 4363 1026 4433 Σχόλιον
1059 4362 1147 4434 ιβ’.

235 4451 362 4506 Ὅτι
391 4453 535 4517 τινὲς
576 4453 687 4507 τῶν
717 4453 1060 4525 ἀναισθήτως
1100 4454 1557 4525 ὲπιπληττόντων,
1592 4451 1625 4523 ἦ
1655 4453 1737 4505 δι·-

168 4545 446 4608 καζόντων
483 4546 518 4615 ἢ
564 4545 953 4614 σοφιζομένων,
988 4547 1022 4615 ἢ
1055 4546 1227 4616 ἀρχῆς
1270 4544 1615 4615 ὀρεγομένων
1644 4560 1740 4595 ταο

168 4632 480 4696 πεινώσεώς
525 4636 663 4687 εἰσιν
696 4635 992 4705 ἀμίτοχοιο
1041 4633 1155 4688 ἐστι
1199 4634 1244 4687 δ’
1294 4636 1385 4687 ὅτε
1417 4634 1511 4687 καὶ
1556 4631 1740 4705 ἔργοις

165 4721 408 4777 διδάσκει
434 4724 548 4787 τοῖς
575 4722 860 4794 προσιοῦσι
902 4722 1002 4794 τὴν
1030 4723 1383 4779 ταπείνωσιν.

754 4906 1017 4979 Σχόλζον
1062 4904 1150 4975 ιγ’.

233 4990 403 5049 Εἶπεν
433 4995 463 5048 ὁ
490 4994 663 5058 άϐϐας
700 4991 1043 5073 Ἦσαϊαςλδιά
1080 4995 1177 5066 τὴν
1220 4996 1737 5068 ταπεινοφροσύνην,

163 5081 245 5135 ὅτι
275 5082 535 5153 γλῶσσαν
566 5086 667 5137 οὐκ
696 5084 810 5155 ἔχει
852 5085 1088 5156 λαλῆσαι
1135 5087 1270 5157 πρός
1314 5103 1435 5138 τινα
1479 5087 1556 5150 ὡς
1601 5091 1737 5161 ἁμε-

166 5173 400 5241 λοῦντα,
453 5175 490 5246 ἢ
550 5174 684 5245 πρὸς
734 5176 894 5230 ἄλλον
950 5177 1032 5276 ὡς
1088 5177 1560 5248 καταφρονοῦντα·
1612 5182 1736 5237 οὕτε

222 5352 269 5383 ³⁸
307 5352 449 5407 Luc.
470 5353 656 5414 ".14.
732 5354 779 5385 "
813 5352 973 5409 Rom.
1004 5372 1105 5421 xu,
1131 5358 1218 5413 18.

334 5550 452 5633 Hoc
483 5553 753 5608 scholium
775 5553 845 5609 ad
867 5554 1080 5611 nullum
1097 5558 1308 5629 signum
1344 5556 1601 5629 refertur,
1628 5579 1729 5620 nec
1836 5565 2022 5620 liastes
2048 5567 2185 5623 infra
2257 5572 2404 5627 osuit
2441 5572 2657 5641 ὑψηλῶν
2696 5574 2829 5646 ἀρετ

337 5638 367 5702 _r
396 5622 486 5702 hic
508 5623 689 5702 Locum
720 5625 939 5679 habere.
1159 5698 1169 5702 _
1458 5698 1469 5702 _
1834 5652 2100 5702 1wv,qu:e
2124 5640 2183 5691 τὸ
2200 5586 2413 5702 agam
2438 5644 2788 5702 explicarent.
2816 5580 2863 5702 ip

1834 5652 2100 5705 τωνμμιω
2124 5656 2154 5691 τ

190 5551 302 5678 σε)
334 5551 452 5633 Hoc
483 5553 753 5608 scholium
775 5553 845 5609 ad
867 5569 939 5609 nu

160 5637 204 5677 vt
266 5634 367 5678 .tur
396 5622 486 5677 hic
508 5623 689 5677 locum
720 5625 939 5679 habere.

2446 4342 2689 4417 Scholion
2723 4364 2805 4417 12.

1914 4449 2187 4515 Quosdam
2218 4455 2312 4522 qui
2357 4454 2494 4511 alios
2524 4456 2620 4524 ipsi
2666 4456 2870 4524 stupidi
2902 4461 3168 4531 castigant
3197 4476 3289 4518 aut
3313 4465 3416 4535 ju—.

1845 4543 2051 4611 dicant,
2084 4554 2178 4600 aut
2218 4547 2367 4602 vafre
2414 4555 2754 4617 argutantur,
2780 4558 2875 4604 aut
2910 4552 3273 4625 principatum
3317 4576 3409 4626 ap-

1843 4646 2053 4706 petunt,
2120 4638 2443 4693 humilitatis
2502 4654 2624 4694 esse
2674 4656 2923 4711 expertes
2968 4646 3217 4701 aﬂirmat.
3279 4649 3411 4703 Esse

1845 4738 2022 4782 autem
2054 4731 2145 4799 qui
2176 4730 2557 4797 humilitatem,
2590 4746 2722 4790 suos
2763 4736 3059 4807 discipulos
3085 4739 3239 4793 lactis
3277 4741 3409 4807 ipsis

1843 4827 1895 4871 et
1919 4821 2172 4888 operibus
2195 4820 2443 4876 doceant.

1942 4964 1945 4967 .
2407 4914 2658 4970 Scholion
2693 4917 2777 4971 15.

1906 5000 2085 5055 Ahhas
2129 4998 2296 5056 Isaias
2344 5003 2413 5059 de
2462 5006 2765 5063 humilitate
2818 5008 2974 5073 dixit,
3027 5008 3171 5076 quod
3224 5011 3405 5083 lingua

1837 5100 2022 5145 careat
2071 5092 2137 5147 ad
2188 5097 2692 5164 reprehendendum
2736 5101 2965 5169 aliquem
3025 5100 3404 5172 negligentem,

1836 5194 1927 5236 aut
1955 5184 2143 5247 alium,
2168 5188 2261 5254 qui
2286 5189 2424 5259 alios
2447 5192 2693 5245 videatur
2709 5202 3073 5257 contemnere,
3094 5209 3192 5250 nec
3218 5197 3404 5251 oculos

2912 5579 3001 5630 καὶ
3035 5577 3397 5647 κατορθωμάο

2238 5644 2413 5713 ρρητα
2438 5644 2788 5713 explicarent.
2816 5644 3043 5702 Humilis
3067 5644 3187 5701 non
3205 5644 3399 5706 tractat

225 5693 298 5786 sb)
322 5692 479 5786 Apud
491 5688 814 5786 Prin-ac!!!)
845 5704 945 5761 est,
970 5698 1217 5786 Δμρναχὸς
1247 5698 1640 5786 ταπειινόφρων.
1664 5705 1724 5758 οὐ

1839 5688 2031 5786 arcana
2060 5724 2165 5786 seti
2189 5688 2588 5786 ἰιιξὶιὶῖιτίώῖιῗο,
2629 5688 2977 5786 alta-nempe
3013 5718 3078 5773 dc
3114 5719 3309 5773 virtute
3343 5688 3398 5777 ei

165 5761 674 5833 ,πολυπραγμονήσει
702 5761 937 5834 ἄρρητα.
959 5761 1040 5821 Ad
1081 5761 1265 5829 vocem
1295 5761 1530 5844 ἄξιρητῖ
1564 5773 1726 5828 scho-

1839 5761 2112 5843 prthlnt'is
