4030 6342
502 874 511 895 ι
592 843 1052 897 constantissime
1078 842 1333 911 fugimus.
1382 841 1825 909 Quandocuuque
1863 853 2013 892 arma
2043 853 2177 891 con-

625 469 754 524 lilU3
1824 457 1883 516 S.
1913 455 2177 515 JOANNI

2282 449 2557 512 21.1mm
2613 467 2627 482 κ
3706 439 3834 502 m4

616 579 759 633 cnim
815 587 962 640 tunc,
1023 575 1262 644 inquam,
1294 589 1394 627 nos
1428 587 1583 627 veros
1651 570 1995 641 philosophos
2055 569 2175 625 Dei-

2282 587 2390 634 rat,
2423 565 2521 620 καὶ
2551 558 2964 623 καταπωτήσει
2989 557 3207 609 λέοντα
3238 553 3335 608 καί
3359 554 3655 621 δράκοντα
3682 570 3694 582 ~
3732 556 3833 606 ἐγὼ

617 683 723 735 que
761 674 1031 718 amatores
1087 664 1424 718 ostendimus
1489 673 1539 716 et
1578 661 1890 731 probamus,
1954 660 2172 728 quando

2282 662 2327 714 δὲ
2356 658 2518 726 λέγω,
2558 653 2651 705 ἐπὶ
2689 652 2958 721 ἁμαρτίαν
2980 651 3073 701 καὶ¹
3110 646 3441 713 ἀπόγνωσιν,
3474 646 3568 697 καὶ
3595 645 3688 698 τὸν
3719 646 3829 698 διᾶυ

617 755 797 809 extolli
840 769 1155 823 possumus,
1182 760 1235 807 et
1257 766 1477 805 onmem
1503 751 1813 810 elationem.
1853 765 1919 803 ex
1988 749 2175 801 animo

2282 748 2450 811 ϐολον,
2489 745 2582 796 καὶ
2609 741 2699 793 τὸν
2727 740 2997 810 δράκοντα
3038 734 3129 787 τοῦ
3161 734 3433 804 σώματος.
3470 735 3835 803 Ταπεινοιρρο-

2275 837 2407 906 σύνη
2447 834 2563 887 ἐστὶ
2589 834 2760 901 σίφων
2789 828 3038 901 οὐράνιος
3066 827 3125 891 ἐξ
3157 826 3396 879 ἀϐύσσου
3428 824 3834 895 ἁμαρτημάτων

638 944 714 988 tra
748 934 1107 1003 quodcunque
1140 933 1329 985 vilium
1370 931 1563 994 sumis,
1639 930 1779 982 hanc
1831 928 1925 981 tibi
1990 940 2181 997 pugnae

2282 928 2353 990 εἰς
2378 922 2606 995 οὐρανὸν
2639 921 2927 987 ἀνενέγκαι
2957 918 3131 987 ψυχὴν
3154 917 3446 985 δυνάμενος
3480 914 3593 984 (Η)
3621 931 3634 944 ’
3677 914 3836 983 Sipu-

620 1026 820 1078 sociant
845 1025 1071 1086 ascisee,
1103 1025 1214 1077 haec
1252 1024 1420 1081 enim.
1452 1037 1608 1089 super
1638 1020 1866 1088 aspidem
1914 1029 1961 1071 et
2003 1015 2181 1070 basili-

2282 1017 2340 1070 κέ
2376 1015 2478 1067 πού
2508 1030 2591 1076 τις
2623 1012 2681 1064 ὲν
2706 1012 2773 1081 τῇ
2800 1007 2997 1063 ἑαυτοῦ
3022 1007 3219 1078 καρδίᾳ.
3242 1006 3447 1078 ταύτης
3477 1006 3671 1068 κάλλος
3698 1020 3711 1033 ·
3745 1005 3833 1057 καὶ

629 1130 773 1167 scum
798 1114 1058 1174 ascendet,
1083 1122 1130 1164 et
1159 1111 1483 1164 conculcabit
1515 1111 1709 1163 leonem
1738 1118 1785 1162 et
1813 1108 2091 1160 draconem
2114 1107 2181 1169 ’7,

2282 1108 2478 1178 θάμϐει
2504 1105 2727 1176 ληφθεὶς
2752 1102 2939 1174 ἠρώτα
2960 1100 3053 1155 τοῦ
3080 1100 3326 1162 τεκόντος
3347 1100 3538 1169 μαθεῖν
3563 1097 3661 1168 τὴν
3683 1112 3836 1164 προσ-

628 1213 932 1273 peccatum,
964 1204 1205 1271 inquam,
1238 1212 1291 1255 et
1320 1200 1769 1270 desperationem,
1792 1208 1846 1252 et
1881 1197 2181 1261 diabolum,

2282 1200 2504 1272 ηγορίαν
2525 1215 2537 1227 ·
2572 1200 2607 1269 ἡ
2635 1198 2693 1251 δὲ
2717 1195 2938 1264 φαιδρὸν
2960 1190 3110 1262 αὐτῷ
3132 1192 3227 1244 καὶ
3255 1190 3488 1259 γαληνὸν
3518 1186 3835 1257 ὑπομειδιά-

627 1295 786 1364 325
815 1303 867 1347 et
897 1294 1144 1363 corporis
1173 1293 1481 1346 draconem.
1523 1289 1810 1344 Humilitas
1879 1299 1964 1343 est
2027 1288 2181 1356 sipho

2282 1308 2443 1353 σασα,
2475 1287 2608 1358 φησί
2635 1305 2651 1318 ·
2687 1286 2797 1339 Καὶ
2824 1284 2939 1346 πῶς
2976 1280 3071 1335 τοῦ
3105 1282 3203 1351 ἐμὲ
3227 1280 3614 1349 γεγεννηκότος
3644 1277 3706 1330 τὸ
3732 1276 3839 1329 δνο-

619 1404 711 1441 seu
752 1388 956 1441 canalis
996 1387 1253 1449 caelestis,
1286 1387 1378 1455 qui
1412 1400 1479 1440 ex
1523 1385 1629 1438 ima
1675 1391 2017 1453 peccatorum
2080 1396 2179 1435 vo-

2288 1400 2363 1453 μα
2396 1382 2586 1451 μαθεῖν
2617 1379 2832 1448 ἐπείγῃ,
2866 1374 2962 1429 καὶ
2984 1368 3137 1435 οὗτός
3184 1371 3297 1423 ἐστι
3329 1370 3639 1437 ἀνώνυμος;
3670 1368 3743 1419 Οὐ
3769 1367 3835 1455 μή

620 1479 801 1547 ragine
832 1478 1078 1531 animam.
1121 1478 1173 1532 in
1199 1478 1395 1532 cmlum
1423 1476 1650 1529 evehere
1678 1452 1875 1543 potest.
1906 1471 2030 1527 Fuit
2078 1472 2179 1542 qui

2288 1452 2371 1537 σοι
2403 1468 2563 1523 τοῦτο
2612 1467 2769 1530 λέξω,
2824 1465 2929 1525 ἕως
2948 1456 3019 1536 οὗ
3061 1460 3191 1513 Θεὸν
3232 1459 3428 1526 κτήσῃ.
3483 1455 3635 1525 Αὐτῷ
3661 1456 3695 1523 ἠ
3722 1452 3839 1517 δόξα

620 1570 671 1621 in
705 1570 882 1622 anima
912 1584 1010 1622 sua
1045 1568 1205 1637 hujus
1246 1567 1701 1636 pulchritudinem
1734 1565 1885 1629 vidit,
1935 1573 1991 1618 et
2062 1573 2178 1617 stu-

2288 1563 2366 1624 είς
2391 1562 2515 1622 τοὺς
2543 1558 2740 1617 αἰῶνας
2760 1554 2866 1606 τῶν
2890 1552 3120 1606 αἰώνων.
3170 1551 3360 1617 Ἀμήν.

618 1672 748 1724 pore
784 1666 974 1727 captus
1000 1635 1255 1726 cupiebat
1291 1671 1484 1710 nomen
1520 1655 1757 1724 parentis
1810 1654 1929 1723 ejus
1968 1666 2322 1721 cognoscere,
2356 1666 2478 1706 cum
2512 1650 2600 1703 illa
2661 1656 2872 1716 gratum
2940 1651 2994 1697 et
3056 1654 3308 1695 serenum
3374 1635 3697 1689 subridens:
3760 1639 3842 1684 ee"

618 1752 906 1818 quomodo,
939 1750 1133 1819 inquit,
1171 1750 1429 1819 genitoris
1463 1752 1568 1804 mei
1603 1763 1798 1803 nomen
1856 1749 1998 1802 scire
2058 1747 2266 1811 studes,
2299 1760 2423 1800 eum
2457 1744 2530 1799 sit
2573 1754 2876 1811 anonymus
2908 1745 2961 1792 et
3008 1734 3227 1788 nomine
3288 1737 3489 1817 careat.
3554 1724 3671 1780 Non
3727 1739 3843 1794 pio-

616 1844 739 1896 dam
780 1841 908 1894 illud
938 1840 1055 1902 tilii,
1088 1840 1259 1895 donec
1286 1841 1451 1903 Deum
1495 1840 1771 1910 possideas
1813 1858 1827 1893 :
1878 1840 1965 1894 cui
2006 1838 2175 1910 gloria
2215 1840 2270 1893 in
2297 1851 2488 1893 omnes
2555 1833 2880 1893 saeculorum
2938 1826 3283 1883 aeternitates.
3324 1814 3518 1875 Amen.

685 1933 830 1987 Mare
863 1942 945 1988 est
976 1931 1143 1986 fontis
1183 1924 1347 1987 causa
1379 1941 1432 1986 et
1463 1909 1727 2002 genitrix;
1756 1933 2034 1993 humilitas
2071 1946 2170 1987 au-

2348 1932 2534 2003 Πηγῆς
2559 1929 2656 2000 μὲν
2682 1926 2865 1997 μήτηρ
2882 1922 3121 1982 ἄϐυσσος
3146 1914 3453 1983 καθέστηκε
3480 1929 3495 1942 '
3526 1909 3843 1981 διακρίσεως

617 2030 724 2076 tem
765 2030 847 2077 est
894 2021 1015 2075 l‘ons
1047 2021 1433 2076 discretionis.‘

923 2131 1214 2195 SCHOLIA
1251 2132 1343 2187 AD
1375 2130 1671 2188 GRADUM
1701 2131 1870 2186 XXV.

1189 2246 1266 2300 De
1304 2247 1626 2300 humilitate.

1170 2354 1173 2355 '
1212 2337 1461 2403 Scholion
1499 2339 1549 2391 1.

684 2429 807 2483 Sive
839 2444 960 2500 qua:
985 2429 1039 2483 in
1074 2444 1292 2484 sensum
1332 2438 1387 2483 et
1420 2430 1697 2484 materiam
1729 2446 1823 2486 seu
1858 2444 2057 2500 corpus
2095 2443 2184 2484 ea-

619 2522 774 2575 dunL
1730 2552 1733 2553 ν
2020 2538 2023 2539 ν

910 2596 1156 2664 Scholion
1192 2609 1228 2663 2
1257 2612 1429 2663 sancti
1457 2610 1835 2680 Chrysostomi.

686 2696 785 2763 Ne,
830 2697 1029 2768 inquit,
1069 2699 1213 2757 dono
1252 2700 1452 2754 lavacri
1489 2702 1681 2755 confisi
1710 2701 1967 2771 deinceps
2011 2703 2182 2771 neglie

617 2796 804 2857 genter
840 2787 1044 2841 vivant.
1073 2787 1211 2853 Quia
1239 2789 1340 2842 etsi
1378 2788 1641 2857 baptisma
1678 2790 2005 2857 pmnitentiaa
2031 2806 2186 2846 acce-

2283 2024 2339 2078 δὲ
2366 2022 2517 2093 πηγὴ
2547 2018 2895 2077 ταπείνωσις.

2669 2126 2924 2181 ΣΧΟΛΙΑ
2948 2121 3055 2176 ΕΙΣ
3082 2117 3307 2174 ΛΟΓΟΝ
3335 2116 3464 2170 κε’.

2619 2238 2757 2308 Περὶ
2787 2236 2896 2304 τῆς
2927 2228 3507 2299 ταπεινοφροσύνης.

2882 2327 3145 2395 Σχόλιον
3174 2328 3242 2375 α’.
3312 2319 3330 2333 ’

2360 2425 2562 2492 ¹Ἠγουν
2597 2416 2854 2490 αἰσθητοῦ
2892 2417 2988 2470 καὶ
3014 2410 3223 2467 ὑλικοῦ.

2482 2598 2740 2671 Σχόλιον
2772 2596 2879 2669 τοῦ
2920 2595 3093 2681 drlou
3121 2586 3551 2681 vaaoqrdpoii
3581 2582 3652 2653 β’.
3781 2669 3804 2681 -

2355 2695 2473 2747 Ἵνα
2519 2690 2595 2761 μὴ
2625 2691 2691 2759 τῇ
2726 2687 2904 2756 δωρεᾷ
2942 2682 3035 2735 τοῦ
3084 2679 3311 2749 λούτρου
3346 2675 3715 2746 θαρρήσαντες
3748 2675 3841 2761 τῆς

2288 2783 2425 2853 μετὰ
2464 2760 2636 2833 ταῦτα
2673 2777 2990 2845 ἀμελήσωσι
3039 2770 3335 2831 πολιτείας,
3390 2765 3523 2838 φησί
3547 2782 3563 2795 ³
3619 2764 3709 2853 ὅτι
3749 2760 3841 2814 κᾶν

617 2878 782 2947 peris,
810 2878 904 2932 sed
941 2877 1145 2946 Spiritu
1176 2888 1363 2932 saneto
1402 2851 1590 2947 postea
1635 2851 1751 2937 non,
1777 2880 1979 2949 agaris,
2008 2881 2181 2949 perdi-

2286 2851 2570 2943 βάπτισμα
2605 2867 2892 2939 μετανοίας
2926 2864 3117 2934 λάϐῃς,
3152 2862 3227 2934 μὴ
3260 2858 3460 2949 μέλλῃς
3488 2856 3545 2949 δε
3573 2851 3841 2949 Ilva-apart

615 2969 743 3024 disti
770 2968 1019 3039 gratiam,
1044 2977 1097 3022 et
1119 2968 1436 3039 dignitatem
1463 2970 1557 3024 tibi
1583 2969 1786 3035 datam,
1809 2980 1862 3023 et
1882 2972 2187 3039 adeptionis

614 3060 1049 3139 praerogativam.
1078 3058 1216 3115 Uine
1247 3060 1381 3114 dixit
1422 3076 1437 3114 :
1477 3058 1593 3114 Non
1618 3070 1885 3130 quotquot
1923 3061 2184 3131 Spiritum

580 3194 583 3197 .
622 3151 716 3205 Dei
731 3161 1073 3221 acceperunt,
1099 3152 1191 3206 sed
1222 3151 1531 3222 quicunque
1558 3151 1760 3231 Spiritu
1792 3151 1884 3206 Dei
1916 3164 2181 3221 aguntur;

569 3299 591 3325 .
620 3243 722 3298 hoc
751 3250 853 3307 est,
888 3258 983 3312 per
1014 3257 1232 3298 omnem
1268 3242 1433 3297 vitam
1468 3242 1543 3297 ita
1572 3227 1781 3311 vivunt,
1830 3244 1884 3298 hi
1931 3255 2059 3299 sunt
2087 3246 2181 3303 lilii

2288 3250 2417 3306 ματι
2462 3229 2599 3283 Θεοῦ
2652 3229 2875 3296 ἄγονται
2903 3242 2917 3256 ο
2970 3224 3264 3289 τουτέστιν,
3311 3221 3427 3272 ὅσοι

2418 3323 2459 3325 Α.
2642 3320 2654 3325 -
2771 3316 2782 3325 ι
3017 3313 3041 3325 ιο
3260 3304 3288 3325 τ
3364 3311 3375 3325 Ι

627 3332 740 3387 Dei.

1294 3529 1475 3581 uwslio
1507 3529 1584 3582 5.·

1039 3550 1051 3556 α
1243 3524 1475 3591 Quwslio
1507 3529 1584 3582 5.·

688 3609 832 3677 Quot
875 3610 1148 3681 signiﬁcat
1197 3614 1510 3668 accusatio?
1554 3615 1663 3669 duo
1718 3632 1732 3669 :
1774 3618 2064 3686 pessimam
2116 3621 2186 3675 ah

620 3702 775 3756 hoste
796 3700 1083 3769 irregatam
1121 3702 1445 3771 calumniam
1485 3722 1498 3758 :
1530 3705 1724 3759 deinde
1750 3706 2010 3771 singulari
2047 3725 2183 3778 qua-

617 3793 739 3845 dam
778 3792 827 3844 vi
874 3801 1114 3861 apertam
1148 3793 1225 3845 rei
1268 3804 1429 3861 gestae
1473 3794 1915 3853 declarationem.
1943 3798 2183 3869 Exempli

616 3896 814 3934 causa:
844 3880 1019 3947 honos
1058 3891 1249 3935 natura
1266 3879 1437 3945 ‘Deus,
1479 3882 1749 3953 malignus
1776 3884 2044 3951 diabolus,
2076 3888 2182 3941 vel-

620 3977 677 4021 ut
700 3977 876 4023 astuta
907 3970 1111 4039 vulpes.

1243 4059 1492 4116 Scholion
1521 4063 1575 4117 4.

688 4145 945 4201 Mirandte
974 4158 1099 4204 sunt
1136 4152 1379 4208 actiones
1426 4156 1643 4221 mentis,
1678 4167 1729 4211 et
1758 4173 1854 4226 per
1902 4159 2182 4215 humilita-

622 4247 729 4293 tem
777 4238 941 4310 326
982 4242 1276 4310 prolectus.
1302 4246 1446 4301 Audi
1496 4250 1643 4305 enim
1696 4253 1968 4319 quomodo
2014 4255 2178 4311 dicat.

619 4328 908 4395 Quoniam,
939 4330 1133 4399 inquit,
1177 4336 1319 4401 quod
1351 4338 1473 4405 quis
1505 4339 1523 4357 "
1557 4340 1757 4407 cogitat
1795 4341 1883 4409 [de
1909 4358 2018 4411 quo
2058 4346 2183 4413 quis

619 4435 802 4477 secum
853 4421 1175 4492 rationatur]
1204 4425 1311 4478 hoc
1361 4428 1583 4480 omnino
1628 4437 1682 4481 et
1727 4432 1909 4495 sentit,
1942 4442 1996 4487 et
2022 4437 2183 4490 cerde

620 4515 835 4571 retinet.
860 4513 1175 4583 Excipiatur
1206 4529 1355 4584 ergo,
1383 4518 1525 4584 quod
1552 4520 1673 4586 quis
1710 4536 1772 4573 ex
1807 4521 2180 4578 inconsidera-

615 4608 766 4662 tione
797 4606 1017 4682 mentis,
1048 4605 1130 4659 vel
1161 4620 1228 4659 ex
1265 4606 1611 4674 subreptione
1650 4618 1742 4662 aut
1770 4625 1898 4666 casu
1932 4615 2105 4684 cogita

618 4699 731 4754 hac
748 4699 890 4753 enim
928 4696 1099 4752 semel
1125 4697 1390 4751 duntaxat
1418 4707 1642 4752 tractata
1676 4701 1878 4766 animo,
1920 4718 2180 4774 negamus

620 4805 741 4843 cum
775 4789 971 4845 vitioso
994 4787 1186 4843 ali‘ectu
1212 4789 1438 4859 cogitari
1478 4800 1571 4843 aut
1607 4793 1847 4846 tractari.

1308 4903 1488 4957 Aliud.

690 4989 927 5060 Rogatus
973 4993 1155 5051 senior
1196 4994 1325 5063 quid
1378 5007 1524 5050 esset
1571 4996 1852 5053 humilitas
1893 5016 1907 5053 ε
1955 4998 2179 5070 Duplex,

624 5080 816 5147 inquit,
841 5084 1197 5149 mortiﬁcatio,
1227 5101 1348 5153 quae
1383 5094 1575 5154 sponte
1610 5087 1743 5142 litin
1767 5090 1912 5144 omni
1946 5107 2023 5144 re.

1229 5197 1476 5251 Scholion
1513 5201 1567 5253 5.

692 5284 790 5337 Iris
820 5291 900 5337 est
934 5299 1090 5339 arcus
1142 5288 1373 5344 nubibus
1420 5301 1698 5356 extensus,
1752 5310 1913 5363 quem
1970 5299 2183 5353 vocavit

623 5374 993 5435 humilitatem,
1021 5384 1237 5443 propter
1269 5378 1470 5432 nfultos
1512 5388 1566 5433 et
1600 5384 1780 5437 varios
1810 5387 1966 5453 quasi
2020 5388 2181 5442 ﬂores

622 5478 675 5520 et
699 5466 929 5528 colores,
963 5470 1015 5517 e‘t
1055 5474 1271 5532 propter
1300 5467 1565 5534 triplicem
1592 5469 1831 5525 colorum
1875 5485 2177 5543 aspectum,

623 5564 675 5609 et
705 5556 1059 5621 altitudinem,
1095 5570 1198 5623 qua
1225 5570 1384 5624 supra
1412 5565 1585 5611 terras
1608 5561 1835 5615 exsistat
1883 5572 2043 5635 atque
2068 5567 2178 5621 ele-

626 5655 793 5700 vetur.

700 5820 741 5850 ’⁷
772 5820 909 5874 Psal.
937 5837 1021 5888 xc,
1056 5824 1137 5877 15.

2288 2942 2424 3031 μετὰ
2450 2959 2623 3013 ταῦτα
2652 2956 2901 3025 ἄγεσθαι,
2922 2952 3208 3013 ἀπώλεσας
3229 2949 3328 3019 τὴν
3349 2946 3636 3016 δεδομένην
3666 2942 3839 3031 ἀξίαν,

2285 3027 2377 3105 καὶ
2409 3052 2506 3120 τῆς
2533 3047 2803 3109 υἱοθεσίας
2840 3046 2941 3114 τὴν
2973 3042 3263 3114 προεδρίαν
3289 3056 3303 3070 °
3334 3039 3422 3091 διὰ
3450 3035 3608 3090 τοῦτο
3635 3035 3733 3088 οὐκ
3769 3027 3842 3120 εί-

2284 3160 2385 3194 πεν
2411 3159 2424 3172 ·
2453 3119 2609 3193 Ὅσοι
2652 3137 2875 3207 Πνεῦμα
2903 3133 3038 3187 Θεοῦ
3065 3132 3279 3194 ἔλαϐον,
3315 3120 3453 3191 ἄλλ’,
3486 3127 3643 3179 Ὅσοι
3683 3119 3842 3175 Πνεύ-

3472 3214 3636 3285 παρὰ,
3674 3211 3842 3264 πάντα

2284 3326 2377 3377 τὸν
2410 3323 2521 3392 βίον
2570 3316 2937 3373 πολιτεύονται
2984 3313 3180 3379 οὕτως,
3231 3304 3378 3365 οὗτοι
3426 3310 3564 3361 εἰσιν
3598 3302 3705 3357 υἱοὶ
3753 3298 3840 3353 τοῦ

2283 3408 2444 3462 Θεοῦ.
2900 3408 2903 3413 ⁷

2444 3525 2453 3535 ~
2874 3493 3176 3565 Ἐρώτησις
3204 3488 3255 3559 γ’

2354 3589 2464 3642 Καὶ
2518 3588 2663 3639 πόσα
2727 3583 2980 3653 σημαίνει
3032 3577 3383 3646 κατηγορία;
3426 3572 3653 3643 Ἀπόκρ.
3708 3569 3840 3621 Δύο·

2283 3677 2383 3747 τὴν
2418 3658 2560 3730 κατᾶ
2587 3691 2732 3736 τινος
2766 3672 2895 3742 παρ’
2928 3668 3123 3740 ἐχθροῦ
3152 3665 3418 3734 κακίστην
3450 3661 3723 3731 διαϐολὴν,
3752 3656 3839 3709 καὶ

2283 3766 2379 3837 τὴν
2406 3764 2661 3835 ἔμφασιν,
2686 3764 2781 3816 καὶ
2807 3758 3007 3833 τρανὴν
3036 3757 3340 3827 φανέρωσιν
3367 3752 3459 3806 τοῦ
3496 3752 3839 3822 πράγματος·

2282 3853 2415 3922 οἷον,
2463 3855 2664 3923 ἀγαθὸς
2708 3853 2867 3921 φύσει
2914 3853 2942 3904 ὁ
2987 3849 3138 3914 Θεὸς,
3170 3846 3477 3919 κακοῦργος
3506 3844 3545 3913 ῥ
3587 3839 3836 3901 διάϐολος,

2280 3947 2497 4017 δολερὸν
2528 3948 2561 4016 ἡ
2592 3942 2840 4025 ἀλώπηξ.
3402 3928 3407 3933 ’

2884 4035 3143 4103 Σχόλιον
3168 4032 3231 4086 δ’.

2349 4129 2658 4200 Θαυμάσιαι
2703 4128 2821 4190 νοὸς
2860 4126 3135 4197 ἐργασίαι,
3188 4124 3282 4177 καὶ
3325 4121 3413 4175 διὰ
3470 4113 3835 4174 ταπεινώσεως

2282 4220 2588 4290 προκοπαί·
2620 4221 2722 4289 ὅρα
2743 4222 2851 4286 γὰρ
2882 4216 3000 4278 πῶς
3022 4232 3207 4283 φησιν,
3248 4214 3329 4267 ὅτι
3360 4213 3388 4265 ὃ
3420 4229 3505 4274 τις
3548 4206 3831 4277 λογίζεται,

2279 4312 2437 4364 τοῦτο
2484 4312 2703 4371 πάντως
2738 4309 2833 4361 καὶ
2883 4309 3088 4377 φρονεῖ,
3127 4306 3219 4359 καὶ
3270 4305 3328 4356 ὲν
3360 4301 3561 4373 καρδίᾳ
3604 4296 3829 4364 κατέχει.

2291 4397 2716 4469 ’Υπεξαιρείσθω
2753 4394 2850 4451 οὖν
2892 4398 2951 4450 τὸ
2993 4382 3051 4463 ἐξ
3078 4394 3405 4473 ἀπροσεξίας
3434 4388 3767 4457 λογίσασθαι,

2283 4488 2658 4558 συναρπαγῆς,
2689 4488 2722 4558 ἢ
2762 4488 2900 4542 κατά
2924 4487 3093 4557 τύχην
3129 4502 3143 4517 ⁸
3176 4484 3351 4537 ταῦτα
3378 4480 3488 4549 γὰρ
3529 4477 3664 4548 πρὸς
3697 4472 3833 4535 ἅπαξ

2112 4560 2180 4669 ἴ
2214 4597 2253 4650 ι)
2282 4581 2597 4651 τελούμενα,
2622 4582 2682 4636 ού
2717 4580 2858 4636 κατὰ
2886 4579 3056 4642 πάθος
3106 4569 3421 4652 τελεσθῆναι
3452 4571 3486 4639 ἢ
3528 4560 3829 4634 λογισθῆναί

2280 4689 2479 4741 φαμεν,

2941 4904 3151 4956 Ἀλλ..
3307 4921 3333 4951 ι

2348 4999 2632 5070 Ἦρωτήθη
2685 4991 2964 5068 γέρωνηί
3011 4993 3128 5043 ἐστι
3154 4986 3503 5050 ταπείνωσις,
3531 4986 3627 5038 καὶ
3678 4977 3824 5036 εἷπε·

2281 5091 2454 5161 Διπλῆ
2485 5092 2749 5162 νέκρωσις
2778 5082 3041 5144 ὲκουσίὼς
3069 5082 3161 5135 ἐπὶ
3192 5077 3413 5142 παντός.

2875 5194 3131 5264 Σχόλιον
3178 5198 3239 5246 ε’.
3706 5224 3713 5228 ι

2344 5290 2484 5363 Ἶρίς
2537 5296 2651 5346 ἐστι
2703 5291 2764 5343 τὸ
2820 5287 3126 5355 τεινόμενον
3178 5282 3298 5343 ταῖς
3368 5282 3613 5349 νεφέλαις
3657 5279 3820 5361 τοξον·

2276 5387 2434 5441 τοῦτο
2456 5387 2511 5440 δὲ
2545 5387 2766 5439 ἐκάλεσε
2792 5381 2901 5449 τὴν
2921 5377 3301 5439 ταπείνωσιν,
3325 5372 3415 5427 διὰ
3433 5374 3495 5427 τὸ
3522 5372 3822 5435 πολυανθὲς,

2277 5480 2370 5532 καὶ
2420 5477 2681 5539 ποικίλον,
2736 5471 2830 5524 καὶ
2876 5467 3170 5536 πολύχροον
3205 5505 3221 5529 ,
3280 5464 3374 5518 καὶ
3422 5466 3695 5537 τρίχροον,
3742 5462 3825 5517 καὶ

2288 5567 2509 5637 ὑψηλὸν,
2539 5568 2631 5619 καὶ
2671 5563 2778 5616 τῶν
2804 5560 3005 5628 γηΐνων
3034 5555 3489 5624 ὑπερανεστηκὸς.
