  <div class='ocr_page' id='page_1' title='image "/cluster/home/n/w/nwhite01/storage/ocr_20150623/88/pst.000005712946/532.png"; bbox 0 0 4030 6342; ppageno 0'>
   <div class='ocr_carea' id='block_1_1' title="bbox 162 406 300 472">
    <p class='ocr_par' dir='ltr' id='par_1_1' title="bbox 162 406 300 472">
     <span class='ocr_line' id='line_1_1' title="bbox 162 406 300 472; baseline 0.022 -3"><span class='ocrx_word' id='word_1_1' title='bbox 162 406 300 472; x_wconf 80' lang='grc'><strong>1005</strong></span> 
     </span>
    </p>
   </div>
   <div class='ocr_carea' id='block_1_2' title="bbox 643 522 1256 589">
    <p class='ocr_par' dir='ltr' id='par_1_2' title="bbox 643 522 1256 589">
     <span class='ocr_line' id='line_1_2' title="bbox 643 522 1256 589; baseline -0.002 -15"><span class='ocrx_word' id='word_1_2' title='bbox 643 524 904 589; x_wconf 74' lang='grc' dir='ltr'>Σχόλιον</span> <span class='ocrx_word' id='word_1_3' title='bbox 944 522 1147 575; x_wconf 81' lang='grc' dir='ltr'>Ἰσαὰκ</span> <span class='ocrx_word' id='word_1_4' title='bbox 1181 527 1256 585; x_wconf 82' lang='grc' dir='ltr'>ς’.</span> 
     </span>
    </p>
   </div>
   <div class='ocr_carea' id='block_1_3' title="bbox 240 607 1729 681">
    <p class='ocr_par' dir='ltr' id='par_1_3' title="bbox 240 607 1729 681">
     <span class='ocr_line' id='line_1_3' title="bbox 240 607 1729 681; baseline 0.001 -19"><span class='ocrx_word' id='word_1_5' title='bbox 240 607 622 679; x_wconf 79' lang='grc' dir='ltr'>Ὑπερηιρανία</span> <span class='ocrx_word' id='word_1_6' title='bbox 655 613 824 678; x_wconf 79' lang='grc' dir='ltr'>ἐστὶν,</span> <span class='ocrx_word' id='word_1_7' title='bbox 867 613 985 681; x_wconf 82' lang='grc' dir='ltr'>οὐχὶ</span> <span class='ocrx_word' id='word_1_8' title='bbox 1020 612 1109 664; x_wconf 76' lang='grc' dir='ltr'>ὅτε</span> <span class='ocrx_word' id='word_1_9' title='bbox 1155 610 1384 681; x_wconf 76' lang='grc' dir='ltr'>περάζει</span> <span class='ocrx_word' id='word_1_10' title='bbox 1418 611 1475 662; x_wconf 82' lang='grc' dir='ltr'>ἐν</span> <span class='ocrx_word' id='word_1_11' title='bbox 1515 613 1579 680; x_wconf 81' lang='grc' dir='ltr'>τῇ</span> <span class='ocrx_word' id='word_1_12' title='bbox 1613 611 1729 663; x_wconf 86' lang='grc' dir='ltr'>δια-</span> 
     </span>
    </p>
   </div>
   <div class='ocr_carea' id='block_1_4' title="bbox 161 700 1727 774">
    <p class='ocr_par' dir='ltr' id='par_1_4' title="bbox 161 700 1727 774">
     <span class='ocr_line' id='line_1_4' title="bbox 161 700 1727 774; baseline 0.001 -18"><span class='ocrx_word' id='word_1_13' title='bbox 161 700 277 772; x_wconf 66' lang='grc' dir='ltr'>νοίᾳ</span> <span class='ocrx_word' id='word_1_14' title='bbox 305 704 336 756; x_wconf 99' lang='lat'><strong>6</strong></span> <span class='ocrx_word' id='word_1_15' title='bbox 361 701 621 773; x_wconf 82' lang='grc' dir='ltr'>λογισμὸς</span> <span class='ocrx_word' id='word_1_16' title='bbox 642 703 835 774; x_wconf 84' lang='grc' dir='ltr'>αὐτῆς,</span> <span class='ocrx_word' id='word_1_17' title='bbox 867 704 985 757; x_wconf 85' lang='grc' dir='ltr'>οὐδὲ</span> <span class='ocrx_word' id='word_1_18' title='bbox 1028 706 1124 758; x_wconf 77' lang='grc' dir='ltr'><strong>ἐὰν</strong></span> <span class='ocrx_word' id='word_1_19' title='bbox 1152 702 1375 757; x_wconf 69' lang='grc' dir='ltr'>νικᾶται</span> <span class='ocrx_word' id='word_1_20' title='bbox 1418 719 1500 765; x_wconf 85' lang='grc' dir='ltr'><strong>τις</strong></span> <span class='ocrx_word' id='word_1_21' title='bbox 1528 704 1589 767; x_wconf 79' lang='grc' dir='ltr'>ἐξ</span> <span class='ocrx_word' id='word_1_22' title='bbox 1627 705 1727 757; x_wconf 78' lang='grc' dir='ltr'><strong>αὺ-</strong></span> 
     </span>
    </p>
   </div>
   <div class='ocr_carea' id='block_1_5' title="bbox 160 793 1731 867">
    <p class='ocr_par' dir='ltr' id='par_1_5' title="bbox 160 793 1731 867">
     <span class='ocr_line' id='line_1_5' title="bbox 160 793 1731 867; baseline 0.001 -22"><span class='ocrx_word' id='word_1_23' title='bbox 160 793 258 862; x_wconf 84' lang='grc' dir='ltr'>τῆς</span> <span class='ocrx_word' id='word_1_24' title='bbox 281 794 427 847; x_wconf 82' lang='grc' dir='ltr'>κατά</span> <span class='ocrx_word' id='word_1_25' title='bbox 456 795 681 865; x_wconf 74' lang='grc' dir='ltr'>καιρόν·</span> <span class='ocrx_word' id='word_1_26' title='bbox 728 796 843 849; x_wconf 85' lang='grc' dir='ltr'><strong>ἀλλ’</strong></span> <span class='ocrx_word' id='word_1_27' title='bbox 872 795 1050 866; x_wconf 80' lang='grc' dir='ltr'>ἐκείνη</span> <span class='ocrx_word' id='word_1_28' title='bbox 1096 797 1131 867; x_wconf 83' lang='grc' dir='ltr'>ὴ</span> <span class='ocrx_word' id='word_1_29' title='bbox 1178 797 1507 866; x_wconf 77' lang='grc' dir='ltr'><strong>διαμένουσα</strong></span> <span class='ocrx_word' id='word_1_30' title='bbox 1555 797 1612 847; x_wconf 76' lang='grc' dir='ltr'>ἔν</span> <span class='ocrx_word' id='word_1_31' title='bbox 1654 794 1731 864; x_wconf 86' lang='grc' dir='ltr'>τῷ</span> 
     </span>
    </p>
   </div>
   <div class='ocr_carea' id='block_1_6' title="bbox 160 874 1731 950">
    <p class='ocr_par' dir='ltr' id='par_1_6' title="bbox 160 874 1731 950">
     <span class='ocr_line' id='line_1_6' title="bbox 160 874 1731 950; baseline -0.001 -22"><span class='ocrx_word' id='word_1_32' title='bbox 160 874 453 946; x_wconf 80' lang='grc' dir='ltr'>ἀνθρώπῳ.</span> <span class='ocrx_word' id='word_1_33' title='bbox 520 876 745 948; x_wconf 73' lang='grc' dir='ltr'>Ἐκεενῳ</span> <span class='ocrx_word' id='word_1_34' title='bbox 805 877 907 949; x_wconf 81' lang='grc' dir='ltr'>μὲν</span> <span class='ocrx_word' id='word_1_35' title='bbox 951 878 1059 948; x_wconf 84' lang='grc' dir='ltr'><strong>τῷ⁶</strong></span> <span class='ocrx_word' id='word_1_36' title='bbox 1090 876 1291 950; x_wconf 85' lang='grc' dir='ltr'>πρώτῳ</span> <span class='ocrx_word' id='word_1_37' title='bbox 1343 879 1377 948; x_wconf 81' lang='grc' dir='ltr'><strong>ἡ</strong></span> <span class='ocrx_word' id='word_1_38' title='bbox 1437 875 1731 940; x_wconf 77' lang='grc' dir='ltr'>κατάνυξις</span> 
     </span>
    </p>
   </div>
   <div class='ocr_carea' id='block_1_7' title="bbox 161 962 1731 1044">
    <p class='ocr_par' dir='ltr' id='par_1_7' title="bbox 161 962 1731 1044">
     <span class='ocr_line' id='line_1_7' title="bbox 161 962 1731 1044; baseline 0.003 -24"><span class='ocrx_word' id='word_1_39' title='bbox 161 968 447 1022; x_wconf 75' lang='grc' dir='ltr'>ἀκολουθεῖ</span> <span class='ocrx_word' id='word_1_40' title='bbox 470 984 485 999; x_wconf 75' lang='grc'><strong><em>⁸</em></strong></span> <span class='ocrx_word' id='word_1_41' title='bbox 522 962 674 1033; x_wconf 76' lang='grc' dir='ltr'>οὗτος</span> <span class='ocrx_word' id='word_1_42' title='bbox 708 970 765 1024; x_wconf 76' lang='grc' dir='ltr'>δὲ</span> <span class='ocrx_word' id='word_1_43' title='bbox 800 973 829 1023; x_wconf 90' lang='lat'><strong>6</strong></span> <span class='ocrx_word' id='word_1_44' title='bbox 856 970 1147 1044; x_wconf 80' lang='grc' dir='ltr'>ἀγάπήσας</span> <span class='ocrx_word' id='word_1_45' title='bbox 1171 972 1338 1044; x_wconf 81' lang='grc' dir='ltr'>αὐτὴν</span> <span class='ocrx_word' id='word_1_46' title='bbox 1364 972 1463 1026; x_wconf 77' lang='grc' dir='ltr'><strong>οὐκ</strong></span> <span class='ocrx_word' id='word_1_47' title='bbox 1494 966 1601 1024; x_wconf 80' lang='grc' dir='ltr'>οἶδε</span> <span class='ocrx_word' id='word_1_48' title='bbox 1635 987 1731 1024; x_wconf 69' lang='grc' dir='ltr'><strong>καρ-</strong></span> 
     </span>
    </p>
   </div>
   <div class='ocr_carea' id='block_1_8' title="bbox 158 1058 1047 1124">
    <p class='ocr_par' dir='ltr' id='par_1_8' title="bbox 158 1058 1047 1124">
     <span class='ocr_line' id='line_1_8' title="bbox 158 1058 1047 1124; baseline 0.013 -13"><span class='ocrx_word' id='word_1_49' title='bbox 158 1058 400 1124; x_wconf 76' lang='grc' dir='ltr'>τάνυξιν.</span> <span class='ocrx_word' id='word_1_50' title='bbox 1034 1076 1047 1089; x_wconf 83' lang='grc'><strong>⁸</strong></span> 
     </span>
    </p>
   </div>
   <div class='ocr_carea' id='block_1_9' title="bbox 757 1237 1133 1305">
    <p class='ocr_par' dir='ltr' id='par_1_9' title="bbox 757 1237 1133 1305">
     <span class='ocr_line' id='line_1_9' title="bbox 757 1237 1133 1305; baseline 0 -14"><span class='ocrx_word' id='word_1_51' title='bbox 757 1238 1016 1305; x_wconf 72' lang='grc' dir='ltr'>Σχόλιον</span> <span class='ocrx_word' id='word_1_52' title='bbox 1069 1237 1133 1302; x_wconf 80' lang='grc' dir='ltr'><strong>ζ’.</strong></span> 
     </span>
    </p>
   </div>
   <div class='ocr_carea' id='block_1_10' title="bbox 239 1326 1307 1401">
    <p class='ocr_par' dir='ltr' id='par_1_10' title="bbox 239 1326 1307 1401">
     <span class='ocr_line' id='line_1_10' title="bbox 239 1326 1307 1401; baseline 0.002 -20"><span class='ocrx_word' id='word_1_53' title='bbox 239 1326 495 1399; x_wconf 78' lang='grc' dir='ltr'>Ὑψηλῶν</span> <span class='ocrx_word' id='word_1_54' title='bbox 526 1330 696 1401; x_wconf 82' lang='grc' dir='ltr'>ἀρετῇ</span> <span class='ocrx_word' id='word_1_55' title='bbox 725 1330 818 1384; x_wconf 77' lang='grc' dir='ltr'><strong>καὶ</strong></span> <span class='ocrx_word' id='word_1_56' title='bbox 846 1329 1307 1400; x_wconf 80' lang='grc' dir='ltr'><strong>κατορθωμάτων.</strong></span> 
     </span>
    </p>
   </div>
   <div class='ocr_carea' id='block_1_11' title="bbox 761 1501 1120 1571">
    <p class='ocr_par' dir='ltr' id='par_1_11' title="bbox 761 1501 1120 1571">
     <span class='ocr_line' id='line_1_11' title="bbox 761 1501 1120 1571; baseline -0.003 -15"><span class='ocrx_word' id='word_1_57' title='bbox 761 1504 809 1556; x_wconf 87' lang='grc' dir='ltr'><strong><em>Σ</em></strong></span> <span class='ocrx_word' id='word_1_58' title='bbox 809 1502 1021 1571; x_wconf 72' lang='grc' dir='ltr'><strong>χόλιον</strong></span> <span class='ocrx_word' id='word_1_59' title='bbox 1050 1501 1120 1570; x_wconf 88' lang='grc' dir='ltr'><strong>η’.</strong></span> 
     </span>
    </p>
   </div>
   <div class='ocr_carea' id='block_1_12' title="bbox 233 1593 1281 1667">
    <p class='ocr_par' dir='ltr' id='par_1_12' title="bbox 233 1593 1281 1667">
     <span class='ocr_line' id='line_1_12' title="bbox 233 1593 1281 1667; baseline -0.003 -18"><span class='ocrx_word' id='word_1_60' title='bbox 233 1595 521 1667; x_wconf 78' lang='grc' dir='ltr'>’Δχρηστα</span> <span class='ocrx_word' id='word_1_61' title='bbox 550 1594 646 1649; x_wconf 78' lang='grc' dir='ltr'><strong>καὶ</strong></span> <span class='ocrx_word' id='word_1_62' title='bbox 673 1594 886 1664; x_wconf 82' lang='grc' dir='ltr'>χυδαῖα,</span> <span class='ocrx_word' id='word_1_63' title='bbox 926 1594 1018 1646; x_wconf 78' lang='grc' dir='ltr'><strong>καὶ</strong></span> <span class='ocrx_word' id='word_1_64' title='bbox 1054 1593 1281 1664; x_wconf 83' lang='grc' dir='ltr'>μάταια.</span> 
     </span>
    </p>
   </div>
   <div class='ocr_carea' id='block_1_13' title="bbox 767 1684 1136 1751">
    <p class='ocr_par' dir='ltr' id='par_1_13' title="bbox 767 1684 1136 1751">
     <span class='ocr_line' id='line_1_13' title="bbox 767 1684 1136 1751; baseline -0.003 -13"><span class='ocrx_word' id='word_1_65' title='bbox 767 1685 1024 1751; x_wconf 75' lang='grc' dir='ltr'><strong>Σχόλιον</strong></span> <span class='ocrx_word' id='word_1_66' title='bbox 1072 1684 1136 1737; x_wconf 90' lang='grc' dir='ltr'>θ’.</span> 
     </span>
    </p>
   </div>
   <div class='ocr_carea' id='block_1_14' title="bbox 255 1773 1732 1846">
    <p class='ocr_par' dir='ltr' id='par_1_14' title="bbox 255 1773 1732 1846">
     <span class='ocr_line' id='line_1_14' title="bbox 255 1773 1732 1846; baseline -0.001 -17"><span class='ocrx_word' id='word_1_67' title='bbox 255 1777 328 1840; x_wconf 85' lang='grc' dir='ltr'>Ως</span> <span class='ocrx_word' id='word_1_68' title='bbox 350 1779 385 1846; x_wconf 82' lang='grc' dir='ltr'><strong>ἡ</strong></span> <span class='ocrx_word' id='word_1_69' title='bbox 418 1778 545 1842; x_wconf 82' lang='grc' dir='ltr'>ἁγία</span> <span class='ocrx_word' id='word_1_70' title='bbox 570 1773 740 1844; x_wconf 84' lang='grc' dir='ltr'>Τριάς</span> <span class='ocrx_word' id='word_1_71' title='bbox 767 1774 875 1828; x_wconf 86' lang='grc' dir='ltr'><strong>τῶν</strong></span> <span class='ocrx_word' id='word_1_72' title='bbox 900 1774 1253 1828; x_wconf 83' lang='grc' dir='ltr'>ὑποστάσεων</span> <span class='ocrx_word' id='word_1_73' title='bbox 1281 1775 1339 1826; x_wconf 82' lang='grc' dir='ltr'>ὲν</span> <span class='ocrx_word' id='word_1_74' title='bbox 1384 1774 1485 1846; x_wconf 80' lang='grc' dir='ltr'><strong>μιᾷ</strong></span> <span class='ocrx_word' id='word_1_75' title='bbox 1519 1775 1637 1827; x_wconf 77' lang='grc' dir='ltr'>ἐστι</span> <span class='ocrx_word' id='word_1_76' title='bbox 1664 1778 1732 1846; x_wconf 78' lang='grc' dir='ltr'>τῇ</span> 
     </span>
    </p>
   </div>
   <div class='ocr_carea' id='block_1_15' title="bbox 1108 355 2373 477">
    <p class='ocr_par' dir='ltr' id='par_1_15' title="bbox 1108 355 2373 477">
     <span class='ocr_line' id='line_1_15' title="bbox 1108 355 2373 477; baseline 0.008 -10"><span class='ocrx_word' id='word_1_77' title='bbox 1108 355 1333 469; x_wconf 61' lang='lat' dir='ltr'><strong>SCALA</strong></span> <span class='ocrx_word' id='word_1_78' title='bbox 1370 409 1749 471; x_wconf 70' lang='lat' dir='ltr'><strong>PARADISI.</strong></span> <span class='ocrx_word' id='word_1_79' title='bbox 1777 435 1841 448; x_wconf 84' lang='grc'><strong>·-</strong></span> <span class='ocrx_word' id='word_1_80' title='bbox 1874 414 2179 475; x_wconf 78' lang='lat' dir='ltr'><strong>GRADUS</strong></span> <span class='ocrx_word' id='word_1_81' title='bbox 2204 418 2373 477; x_wconf 75' lang='lat' dir='ltr'><strong>XXV.</strong></span> 
     </span>
    </p>
   </div>
   <div class='ocr_carea' id='block_1_16' title="bbox 3256 428 3388 493">
    <p class='ocr_par' dir='ltr' id='par_1_16' title="bbox 3256 428 3388 493">
     <span class='ocr_line' id='line_1_16' title="bbox 3256 428 3388 493; baseline 0 0"><span class='ocrx_word' id='word_1_82' title='bbox 3256 428 3388 493; x_wconf 73' lang='lat'><strong>1006</strong></span> 
     </span>
    </p>
   </div>
   <div class='ocr_carea' id='block_1_17' title="bbox 2478 529 2735 584">
    <p class='ocr_par' dir='ltr' id='par_1_17' title="bbox 2478 529 2735 584">
     <span class='ocr_line' id='line_1_17' title="bbox 2478 529 2735 584; baseline 0.012 -3"><span class='ocrx_word' id='word_1_83' title='bbox 2478 529 2648 584; x_wconf 77' lang='lat' dir='ltr'><strong>Isauri</strong></span> <span class='ocrx_word' id='word_1_84' title='bbox 2686 534 2735 584; x_wconf 81' lang='lat' dir='ltr'><strong>G.</strong></span> 
     </span>
    </p>
   </div>
   <div class='ocr_carea' id='block_1_18' title="bbox 1906 615 3390 694">
    <p class='ocr_par' dir='ltr' id='par_1_18' title="bbox 1906 615 3390 694">
     <span class='ocr_line' id='line_1_18' title="bbox 1906 615 3390 694; baseline 0.008 -23"><span class='ocrx_word' id='word_1_85' title='bbox 1906 615 2169 688; x_wconf 80' lang='lat' dir='ltr'><strong>Superbia</strong></span> <span class='ocrx_word' id='word_1_86' title='bbox 2197 630 2298 684; x_wconf 91' lang='lat' dir='ltr'><strong>est,</strong></span> <span class='ocrx_word' id='word_1_87' title='bbox 2319 636 2428 675; x_wconf 86' lang='lat' dir='ltr'><strong>non</strong></span> <span class='ocrx_word' id='word_1_88' title='bbox 2452 622 2668 691; x_wconf 89' lang='lat' dir='ltr'><strong>quando</strong></span> <span class='ocrx_word' id='word_1_89' title='bbox 2691 624 2950 694; x_wconf 71' lang='lat' dir='ltr'><strong>cogitatio</strong></span> <span class='ocrx_word' id='word_1_90' title='bbox 2973 623 3114 681; x_wconf 86' lang='lat' dir='ltr'><strong>illius</strong></span> <span class='ocrx_word' id='word_1_91' title='bbox 3138 627 3190 680; x_wconf 85' lang='lat' dir='ltr'><strong>in</strong></span> <span class='ocrx_word' id='word_1_92' title='bbox 3208 641 3390 683; x_wconf 85' lang='lat' dir='ltr'><strong>mente</strong></span> 
     </span>
    </p>
   </div>
   <div class='ocr_carea' id='block_1_19' title="bbox 1830 710 3390 788">
    <p class='ocr_par' dir='ltr' id='par_1_19' title="bbox 1830 710 3390 788">
     <span class='ocr_line' id='line_1_19' title="bbox 1830 710 3390 788; baseline 0.007 -25"><span class='ocrx_word' id='word_1_93' title='bbox 1830 710 2123 777; x_wconf 86' lang='lat' dir='ltr'><strong>pertransit</strong></span> <span class='ocrx_word' id='word_1_94' title='bbox 2152 729 2167 778; x_wconf 92' lang='lat'><strong>;</strong></span> <span class='ocrx_word' id='word_1_95' title='bbox 2200 726 2375 783; x_wconf 84' lang='lat' dir='ltr'><strong>neque</strong></span> <span class='ocrx_word' id='word_1_96' title='bbox 2408 715 2626 783; x_wconf 83' lang='lat' dir='ltr'><strong>quando</strong></span> <span class='ocrx_word' id='word_1_97' title='bbox 2653 714 2776 783; x_wconf 86' lang='lat' dir='ltr'><strong>quis</strong></span> <span class='ocrx_word' id='word_1_98' title='bbox 2803 716 2872 769; x_wconf 91' lang='lat' dir='ltr'><strong>ab</strong></span> <span class='ocrx_word' id='word_1_99' title='bbox 2905 716 2995 771; x_wconf 90' lang='lat' dir='ltr'><strong>illa</strong></span> <span class='ocrx_word' id='word_1_100' title='bbox 3021 728 3240 788; x_wconf 87' lang='lat' dir='ltr'><strong>repente</strong></span> <span class='ocrx_word' id='word_1_101' title='bbox 3266 720 3390 774; x_wconf 83' lang='lat' dir='ltr'><strong>data</strong></span> 
     </span>
    </p>
   </div>
   <div class='ocr_carea' id='block_1_20' title="bbox 1828 799 3395 879">
    <p class='ocr_par' dir='ltr' id='par_1_20' title="bbox 1828 799 3395 879">
     <span class='ocr_line' id='line_1_20' title="bbox 1828 799 3395 879; baseline 0.008 -26"><span class='ocrx_word' id='word_1_102' title='bbox 1828 799 2010 872; x_wconf 79' lang='lat' dir='ltr'><strong>aliqua</strong></span> <span class='ocrx_word' id='word_1_103' title='bbox 2050 806 2360 871; x_wconf 80' lang='lat' dir='ltr'><strong>occasione,</strong></span> <span class='ocrx_word' id='word_1_104' title='bbox 2390 806 2643 862; x_wconf 83' lang='lat' dir='ltr'><strong>vincitur.</strong></span> <span class='ocrx_word' id='word_1_105' title='bbox 2680 805 2783 862; x_wconf 91' lang='lat' dir='ltr'><strong>Sed</strong></span> <span class='ocrx_word' id='word_1_106' title='bbox 2817 808 2905 862; x_wconf 87' lang='lat' dir='ltr'><strong>illa</strong></span> <span class='ocrx_word' id='word_1_107' title='bbox 2942 824 3063 879; x_wconf 65' lang='lat' dir='ltr'><strong>qua:</strong></span> <span class='ocrx_word' id='word_1_108' title='bbox 3112 821 3299 867; x_wconf 81' lang='lat' dir='ltr'><strong>manet</strong></span> <span class='ocrx_word' id='word_1_109' title='bbox 3340 822 3395 866; x_wconf 84' lang='lat' dir='ltr'><strong>et</strong></span> 
     </span>
    </p>
   </div>
   <div class='ocr_carea' id='block_1_21' title="bbox 1831 892 3396 972">
    <p class='ocr_par' dir='ltr' id='par_1_21' title="bbox 1831 892 3396 972">
     <span class='ocr_line' id='line_1_21' title="bbox 1831 892 3396 972; baseline 0.007 -25"><span class='ocrx_word' id='word_1_110' title='bbox 1831 892 1997 949; x_wconf 59' lang='lat' dir='ltr'><strong>haeret</strong></span> <span class='ocrx_word' id='word_1_111' title='bbox 2027 895 2081 949; x_wconf 91' lang='lat' dir='ltr'><strong>in</strong></span> <span class='ocrx_word' id='word_1_112' title='bbox 2116 896 2353 952; x_wconf 86' lang='lat' dir='ltr'><strong>homine.</strong></span> <span class='ocrx_word' id='word_1_113' title='bbox 2386 898 2539 954; x_wconf 87' lang='lat' dir='ltr'><strong>Illum</strong></span> <span class='ocrx_word' id='word_1_114' title='bbox 2574 899 2805 970; x_wconf 86' lang='lat' dir='ltr'><strong>primum</strong></span> <span class='ocrx_word' id='word_1_115' title='bbox 2836 900 2949 970; x_wconf 83' lang='lat' dir='ltr'><strong>(qui</strong></span> <span class='ocrx_word' id='word_1_116' title='bbox 2983 903 3184 972; x_wconf 84' lang='lat' dir='ltr'><strong>cogitat</strong></span> <span class='ocrx_word' id='word_1_117' title='bbox 3206 904 3273 959; x_wconf 91' lang='lat' dir='ltr'><strong>de</strong></span> <span class='ocrx_word' id='word_1_118' title='bbox 3304 920 3396 960; x_wconf 82' lang='lat' dir='ltr'><strong>su-</strong></span> 
     </span>
    </p>
   </div>
   <div class='ocr_carea' id='block_1_22' title="bbox 1829 982 3395 1061">
    <p class='ocr_par' dir='ltr' id='par_1_22' title="bbox 1829 982 3395 1061">
     <span class='ocr_line' id='line_1_22' title="bbox 1829 982 3395 1061; baseline 0.008 -24"><span class='ocrx_word' id='word_1_119' title='bbox 1829 982 2037 1051; x_wconf 88' lang='lat' dir='ltr'><strong>perbia,</strong></span> <span class='ocrx_word' id='word_1_120' title='bbox 2088 994 2185 1040; x_wconf 87' lang='lat' dir='ltr'><strong>aut</strong></span> <span class='ocrx_word' id='word_1_121' title='bbox 2236 997 2454 1056; x_wconf 88' lang='lat' dir='ltr'><strong>repente</strong></span> <span class='ocrx_word' id='word_1_122' title='bbox 2515 989 2763 1045; x_wconf 85' lang='lat' dir='ltr'><strong>obruitur</strong></span> <span class='ocrx_word' id='word_1_123' title='bbox 2800 991 2910 1059; x_wconf 87' lang='lat' dir='ltr'><strong>illa)</strong></span> <span class='ocrx_word' id='word_1_124' title='bbox 2936 992 3192 1061; x_wconf 82' lang='lat' dir='ltr'><strong>sequitur</strong></span> <span class='ocrx_word' id='word_1_125' title='bbox 3238 994 3395 1049; x_wconf 83' lang='lat' dir='ltr'><strong>dolor</strong></span> 
     </span>
    </p>
   </div>
   <div class='ocr_carea' id='block_1_23' title="bbox 1830 1074 3395 1154">
    <p class='ocr_par' dir='ltr' id='par_1_23' title="bbox 1830 1074 3395 1154">
     <span class='ocr_line' id='line_1_23' title="bbox 1830 1074 3395 1154; baseline 0.007 -27"><span class='ocrx_word' id='word_1_126' title='bbox 1830 1074 1999 1130; x_wconf 89' lang='lat' dir='ltr'><strong>animi</strong></span> <span class='ocrx_word' id='word_1_127' title='bbox 2028 1090 2121 1131; x_wconf 90' lang='lat' dir='ltr'><strong>seu</strong></span> <span class='ocrx_word' id='word_1_128' title='bbox 2151 1078 2525 1147; x_wconf 71' lang='lat' dir='ltr'><strong>mmpunctio;</strong></span> <span class='ocrx_word' id='word_1_129' title='bbox 2573 1080 2674 1136; x_wconf 91' lang='lat' dir='ltr'><strong>iste</strong></span> <span class='ocrx_word' id='word_1_130' title='bbox 2700 1082 2833 1136; x_wconf 83' lang='lat' dir='ltr'><strong>alter</strong></span> <span class='ocrx_word' id='word_1_131' title='bbox 2861 1082 2954 1151; x_wconf 87' lang='lat' dir='ltr'><strong>qui</strong></span> <span class='ocrx_word' id='word_1_132' title='bbox 3001 1091 3145 1138; x_wconf 86' lang='lat' dir='ltr'><strong>amat</strong></span> <span class='ocrx_word' id='word_1_133' title='bbox 3202 1100 3395 1154; x_wconf 82' lang='lat' dir='ltr'><strong>super-</strong></span> 
     </span>
    </p>
   </div>
   <div class='ocr_carea' id='block_1_24' title="bbox 1830 1163 2841 1239">
    <p class='ocr_par' dir='ltr' id='par_1_24' title="bbox 1830 1163 2841 1239">
     <span class='ocr_line' id='line_1_24' title="bbox 1830 1163 2841 1239; baseline 0.009 -21"><span class='ocrx_word' id='word_1_134' title='bbox 1830 1163 1997 1231; x_wconf 85' lang='lat' dir='ltr'><strong>biam,</strong></span> <span class='ocrx_word' id='word_1_135' title='bbox 2030 1181 2137 1222; x_wconf 90' lang='lat' dir='ltr'><strong>non</strong></span> <span class='ocrx_word' id='word_1_136' title='bbox 2172 1168 2321 1223; x_wconf 83' lang='lat' dir='ltr'><strong>novit</strong></span> <span class='ocrx_word' id='word_1_137' title='bbox 2348 1173 2841 1239; x_wconf 85' lang='lat' dir='ltr'><strong>compunctionem.</strong></span> 
     </span>
    </p>
   </div>
   <div class='ocr_carea' id='block_1_25' title="bbox 2406 1258 2774 1316">
    <p class='ocr_par' dir='ltr' id='par_1_25' title="bbox 2406 1258 2774 1316">
     <span class='ocr_line' id='line_1_25' title="bbox 2406 1258 2774 1316; baseline 0.005 -2"><span class='ocrx_word' id='word_1_138' title='bbox 2406 1284 2411 1287; x_wconf 94' lang='grc'><strong>·</strong></span> <span class='ocrx_word' id='word_1_139' title='bbox 2449 1258 2695 1315; x_wconf 81' lang='lat' dir='ltr'><strong>Scholion</strong></span> <span class='ocrx_word' id='word_1_140' title='bbox 2724 1261 2774 1316; x_wconf 92' lang='lat'><strong>7.</strong></span> 
     </span>
    </p>
   </div>
   <div class='ocr_carea' id='block_1_26' title="bbox 1900 1344 3394 1424">
    <p class='ocr_par' dir='ltr' id='par_1_26' title="bbox 1900 1344 3394 1424">
     <span class='ocr_line' id='line_1_26' title="bbox 1900 1344 3394 1424; baseline 0.007 -25"><span class='ocrx_word' id='word_1_141' title='bbox 1900 1344 2021 1401; x_wconf 79' lang='lat' dir='ltr'><strong>Alta</strong></span> <span class='ocrx_word' id='word_1_142' title='bbox 2073 1357 2126 1402; x_wconf 84' lang='lat' dir='ltr'><strong>et</strong></span> <span class='ocrx_word' id='word_1_143' title='bbox 2174 1349 2435 1417; x_wconf 62' lang='lat' dir='ltr'><strong>praeclara</strong></span> <span class='ocrx_word' id='word_1_144' title='bbox 2472 1349 2613 1405; x_wconf 73' lang='lat' dir='ltr'><strong>facta</strong></span> <span class='ocrx_word' id='word_1_145' title='bbox 2662 1351 2729 1405; x_wconf 89' lang='lat' dir='ltr'><strong>de</strong></span> <span class='ocrx_word' id='word_1_146' title='bbox 2763 1354 2964 1409; x_wconf 86' lang='lat' dir='ltr'><strong>virtute</strong></span> <span class='ocrx_word' id='word_1_147' title='bbox 2995 1354 3394 1424; x_wconf 82' lang='lat' dir='ltr'><strong>(inenarrabilia</strong></span> 
     </span>
    </p>
   </div>
   <div class='ocr_carea' id='block_1_27' title="bbox 1834 1433 2822 1513">
    <p class='ocr_par' dir='ltr' id='par_1_27' title="bbox 1834 1433 2822 1513">
     <span class='ocr_line' id='line_1_27' title="bbox 1834 1433 2822 1513; baseline 0.01 -26"><span class='ocrx_word' id='word_1_148' title='bbox 1834 1433 2070 1506; x_wconf 74' lang='grc' dir='ltr'>[ἄρρητα</span> <span class='ocrx_word' id='word_1_149' title='bbox 2102 1437 2316 1511; x_wconf 80' lang='lat' dir='ltr'><strong>nempe]</strong></span> <span class='ocrx_word' id='word_1_150' title='bbox 2350 1454 2445 1496; x_wconf 86' lang='lat' dir='ltr'><strong>seu</strong></span> <span class='ocrx_word' id='word_1_151' title='bbox 2464 1454 2662 1495; x_wconf 81' lang='lat' dir='ltr'><strong>arcana</strong></span> <span class='ocrx_word' id='word_1_152' title='bbox 2692 1441 2822 1513; x_wconf 67' lang='lat'><strong>[12]).</strong></span> 
     </span>
    </p>
   </div>
   <div class='ocr_carea' id='block_1_28' title="bbox 2188 1530 2780 1595">
    <p class='ocr_par' dir='ltr' id='par_1_28' title="bbox 2188 1530 2780 1595">
     <span class='ocr_line' id='line_1_28' title="bbox 2188 1530 2780 1595; baseline 0.005 -11"><span class='ocrx_word' id='word_1_153' title='bbox 2188 1587 2195 1595; x_wconf 72' lang='grc'><strong>,</strong></span> <span class='ocrx_word' id='word_1_154' title='bbox 2450 1530 2698 1586; x_wconf 75' lang='lat' dir='ltr'><strong>Scholion</strong></span> <span class='ocrx_word' id='word_1_155' title='bbox 2723 1534 2780 1589; x_wconf 85' lang='lat'><strong>8.</strong></span> 
     </span>
    </p>
   </div>
   <div class='ocr_carea' id='block_1_29' title="bbox 1902 1611 2607 1684">
    <p class='ocr_par' dir='ltr' id='par_1_29' title="bbox 1902 1611 2607 1684">
     <span class='ocr_line' id='line_1_29' title="bbox 1902 1611 2607 1684; baseline 0.01 -19"><span class='ocrx_word' id='word_1_156' title='bbox 1902 1611 2138 1681; x_wconf 82' lang='lat' dir='ltr'><strong>lnutilia,</strong></span> <span class='ocrx_word' id='word_1_157' title='bbox 2171 1615 2419 1684; x_wconf 80' lang='lat' dir='ltr'><strong>confusa,</strong></span> <span class='ocrx_word' id='word_1_158' title='bbox 2448 1634 2607 1674; x_wconf 85' lang='lat' dir='ltr'><strong>vana.</strong></span> 
     </span>
    </p>
   </div>
   <div class='ocr_carea' id='block_1_30' title="bbox 2447 1706 2777 1773">
    <p class='ocr_par' dir='ltr' id='par_1_30' title="bbox 2447 1706 2777 1773">
     <span class='ocr_line' id='line_1_30' title="bbox 2447 1706 2777 1773; baseline 0.009 -12"><span class='ocrx_word' id='word_1_159' title='bbox 2447 1706 2705 1773; x_wconf 76' lang='lat' dir='ltr'><strong>Scholion</strong></span> <span class='ocrx_word' id='word_1_160' title='bbox 2725 1711 2777 1766; x_wconf 90' lang='lat'><strong>9.</strong></span> 
     </span>
    </p>
   </div>
   <div class='ocr_carea' id='block_1_31' title="bbox 1902 1792 3394 1873">
    <p class='ocr_par' dir='ltr' id='par_1_31' title="bbox 1902 1792 3394 1873">
     <span class='ocr_line' id='line_1_31' title="bbox 1902 1792 3394 1873; baseline 0.008 -26"><span class='ocrx_word' id='word_1_161' title='bbox 1902 1792 2371 1859; x_wconf 81' lang='lat' dir='ltr'><strong>Quemadmodum</strong></span> <span class='ocrx_word' id='word_1_162' title='bbox 2391 1811 2575 1853; x_wconf 86' lang='lat' dir='ltr'><strong>sancta</strong></span> <span class='ocrx_word' id='word_1_163' title='bbox 2592 1800 2831 1858; x_wconf 79' lang='lat' dir='ltr'><strong>Trinitas</strong></span> <span class='ocrx_word' id='word_1_164' title='bbox 2852 1804 3012 1857; x_wconf 89' lang='lat' dir='ltr'><strong>trium</strong></span> <span class='ocrx_word' id='word_1_165' title='bbox 3037 1819 3394 1873; x_wconf 86' lang='lat' dir='ltr'><strong>personarum</strong></span> 
     </span>
    </p>
   </div>
   <div class='ocr_carea' id='block_1_32' title="bbox 160 1864 1729 1963">
    <p class='ocr_par' dir='ltr' id='par_1_32' title="bbox 160 1864 1729 1951">
     <span class='ocr_line' id='line_1_32' title="bbox 160 1864 1729 1951; baseline -0.001 -30"><span class='ocrx_word' id='word_1_166' title='bbox 160 1868 409 1937; x_wconf 75' lang='grc' dir='ltr'>θιότητι,</span> <span class='ocrx_word' id='word_1_167' title='bbox 438 1868 531 1920; x_wconf 78' lang='grc' dir='ltr'><strong>καὶ</strong></span> <span class='ocrx_word' id='word_1_168' title='bbox 562 1867 660 1937; x_wconf 87' lang='grc' dir='ltr'>μία</span> <span class='ocrx_word' id='word_1_169' title='bbox 674 1864 886 1945; x_wconf 60' lang='grc' dir='ltr'>ρεότης</span> <span class='ocrx_word' id='word_1_170' title='bbox 909 1868 966 1921; x_wconf 81' lang='grc' dir='ltr'>ὲν</span> <span class='ocrx_word' id='word_1_171' title='bbox 993 1869 1114 1926; x_wconf 79' lang='grc' dir='ltr'>ταῖς</span> <span class='ocrx_word' id='word_1_172' title='bbox 1132 1867 1313 1951; x_wconf 78' lang='grc' dir='ltr'>τρισὶν</span> <span class='ocrx_word' id='word_1_173' title='bbox 1344 1867 1729 1931; x_wconf 81' lang='grc' dir='ltr'>ὑποστάσεσιν,</span> 
     </span>
    </p>
   </div>
   <div class='ocr_carea' id='block_1_33' title="bbox 1830 1864 3395 1963">
    <p class='ocr_par' dir='ltr' id='par_1_33' title="bbox 1833 1864 3395 1963">
     <span class='ocr_line' id='line_1_33' title="bbox 1833 1864 3395 1963; baseline 0.008 -26"><span class='ocrx_word' id='word_1_174' title='bbox 1833 1882 1887 1937; x_wconf 90' lang='lat' dir='ltr'><strong>in</strong></span> <span class='ocrx_word' id='word_1_175' title='bbox 1918 1896 2138 1939; x_wconf 78' lang='lat' dir='ltr'><strong>una‘est</strong></span> <span class='ocrx_word' id='word_1_176' title='bbox 2169 1884 2393 1948; x_wconf 84' lang='lat' dir='ltr'><strong>Deitate,</strong></span> <span class='ocrx_word' id='word_1_177' title='bbox 2415 1895 2469 1941; x_wconf 90' lang='lat' dir='ltr'><strong>et</strong></span> <span class='ocrx_word' id='word_1_178' title='bbox 2499 1902 2604 1943; x_wconf 88' lang='lat' dir='ltr'><strong>una</strong></span> <span class='ocrx_word' id='word_1_179' title='bbox 2638 1886 2820 1943; x_wconf 84' lang='lat' dir='ltr'><strong>Deitas</strong></span> <span class='ocrx_word' id='word_1_180' title='bbox 2848 1891 2900 1944; x_wconf 93' lang='lat' dir='ltr'><strong>in</strong></span> <span class='ocrx_word' id='word_1_181' title='bbox 2934 1864 3107 1947; x_wconf 71' lang='lat' dir='ltr'><strong>tribus</strong></span> <span class='ocrx_word' id='word_1_182' title='bbox 3126 1895 3395 1963; x_wconf 83' lang='lat' dir='ltr'><strong>personis,</strong></span> 
     </span>
    </p>
   </div>
   <div class='ocr_carea' id='block_1_34' title="bbox 162 1946 1730 2029">
    <p class='ocr_par' dir='ltr' id='par_1_34' title="bbox 162 1946 1730 2029">
     <span class='ocr_line' id='line_1_34' title="bbox 162 1946 1730 2029; baseline -0.003 -17"><span class='ocrx_word' id='word_1_183' title='bbox 162 1959 329 2023; x_wconf 75' lang='grc' dir='ltr'>οὕτως</span> <span class='ocrx_word' id='word_1_184' title='bbox 358 1958 523 2029; x_wconf 55' lang='grc' dir='ltr'><strong>ἀὶ-,ἠ</strong></span> <span class='ocrx_word' id='word_1_185' title='bbox 571 1958 848 2029; x_wconf 82' lang='grc' dir='ltr'>μετάνοια,</span> <span class='ocrx_word' id='word_1_186' title='bbox 884 1958 976 2011; x_wconf 75' lang='grc' dir='ltr'><strong>καὶ</strong></span> <span class='ocrx_word' id='word_1_187' title='bbox 1010 1958 1071 2011; x_wconf 83' lang='grc' dir='ltr'>τὸ</span> <span class='ocrx_word' id='word_1_188' title='bbox 1103 1946 1317 2022; x_wconf 82' lang='grc' dir='ltr'>πένθος,</span> <span class='ocrx_word' id='word_1_189' title='bbox 1354 1958 1447 2010; x_wconf 82' lang='grc' dir='ltr'><strong>καὶ</strong></span> <span class='ocrx_word' id='word_1_190' title='bbox 1474 1959 1509 2027; x_wconf 71' lang='grc' dir='ltr'><strong>ἡ</strong></span> <span class='ocrx_word' id='word_1_191' title='bbox 1539 1955 1730 2010; x_wconf 79' lang='grc' dir='ltr'>ταπει-</span> 
     </span>
    </p>
   </div>
   <div class='ocr_carea' id='block_1_35' title="bbox 163 2034 1731 2122">
    <p class='ocr_par' dir='ltr' id='par_1_35' title="bbox 163 2034 1731 2122">
     <span class='ocr_line' id='line_1_35' title="bbox 163 2034 1731 2122; baseline -0.004 -16"><span class='ocrx_word' id='word_1_192' title='bbox 163 2069 319 2115; x_wconf 76' lang='grc' dir='ltr'>νωσις</span> <span class='ocrx_word' id='word_1_193' title='bbox 341 2051 581 2122; x_wconf 86' lang='grc' dir='ltr'>συγγενῆ</span> <span class='ocrx_word' id='word_1_194' title='bbox 609 2034 859 2119; x_wconf 76' lang='grc' dir='ltr'>ἀλλήλοις</span> <span class='ocrx_word' id='word_1_195' title='bbox 899 2049 1026 2114; x_wconf 79' lang='grc' dir='ltr'>εἰσὶ,</span> <span class='ocrx_word' id='word_1_196' title='bbox 1057 2051 1151 2102; x_wconf 78' lang='grc' dir='ltr'>καὶ</span> <span class='ocrx_word' id='word_1_197' title='bbox 1194 2051 1253 2103; x_wconf 84' lang='grc' dir='ltr'>ἐν</span> <span class='ocrx_word' id='word_1_198' title='bbox 1284 2051 1350 2119; x_wconf 74' lang='grc' dir='ltr'>τῇ</span> <span class='ocrx_word' id='word_1_199' title='bbox 1382 2048 1502 2120; x_wconf 80' lang='grc' dir='ltr'>θείᾳ</span> <span class='ocrx_word' id='word_1_200' title='bbox 1530 2047 1731 2118; x_wconf 80' lang='grc' dir='ltr'>κρατύ-</span> 
     </span>
    </p>
   </div>
   <div class='ocr_carea' id='block_1_36' title="bbox 163 2140 1730 2216">
    <p class='ocr_par' dir='ltr' id='par_1_36' title="bbox 163 2140 1730 2216">
     <span class='ocr_line' id='line_1_36' title="bbox 163 2140 1730 2216; baseline -0.003 -19"><span class='ocrx_word' id='word_1_201' title='bbox 163 2162 306 2198; x_wconf 88' lang='grc' dir='ltr'>νεται</span> <span class='ocrx_word' id='word_1_202' title='bbox 340 2144 547 2216; x_wconf 81' lang='grc' dir='ltr'>χάριτι,</span> <span class='ocrx_word' id='word_1_203' title='bbox 595 2143 748 2214; x_wconf 83' lang='grc' dir='ltr'>καὶὴ</span> <span class='ocrx_word' id='word_1_204' title='bbox 779 2142 937 2213; x_wconf 82' lang='grc' dir='ltr'>χάρις</span> <span class='ocrx_word' id='word_1_205' title='bbox 970 2144 1205 2196; x_wconf 79' lang='grc' dir='ltr'>ἑνοποιεί</span> <span class='ocrx_word' id='word_1_206' title='bbox 1230 2141 1427 2208; x_wconf 85' lang='grc' dir='ltr'>ταῦτα,</span> <span class='ocrx_word' id='word_1_207' title='bbox 1471 2141 1533 2194; x_wconf 83' lang='grc' dir='ltr'>τὸ</span> <span class='ocrx_word' id='word_1_208' title='bbox 1561 2140 1621 2194; x_wconf 82' lang='grc' dir='ltr'>ἓν</span> <span class='ocrx_word' id='word_1_209' title='bbox 1651 2140 1730 2211; x_wconf 83' lang='grc' dir='ltr'>τῷ</span> 
     </span>
    </p>
   </div>
   <div class='ocr_carea' id='block_1_37' title="bbox 161 2232 1730 2310">
    <p class='ocr_par' dir='ltr' id='par_1_37' title="bbox 161 2232 1730 2310">
     <span class='ocr_line' id='line_1_37' title="bbox 161 2232 1730 2310; baseline -0.003 -19"><span class='ocrx_word' id='word_1_210' title='bbox 161 2239 328 2310; x_wconf 78' lang='grc' dir='ltr'>ἑτέρῳ</span> <span class='ocrx_word' id='word_1_211' title='bbox 354 2238 721 2301; x_wconf 81' lang='grc' dir='ltr'><strong>συνάπτουσα,</strong></span> <span class='ocrx_word' id='word_1_212' title='bbox 754 2238 847 2289; x_wconf 75' lang='grc' dir='ltr'><strong>καὶ</strong></span> <span class='ocrx_word' id='word_1_213' title='bbox 874 2236 1011 2309; x_wconf 75' lang='grc' dir='ltr'>πρὸς</span> <span class='ocrx_word' id='word_1_214' title='bbox 1041 2236 1131 2290; x_wconf 84' lang='grc' dir='ltr'>τὸν</span> <span class='ocrx_word' id='word_1_215' title='bbox 1164 2237 1297 2290; x_wconf 82' lang='grc' dir='ltr'>Θεὸν</span> <span class='ocrx_word' id='word_1_216' title='bbox 1323 2235 1418 2289; x_wconf 78' lang='grc' dir='ltr'>τὸν</span> <span class='ocrx_word' id='word_1_217' title='bbox 1446 2232 1571 2289; x_wconf 91' lang='grc' dir='ltr'>νοῦν</span> <span class='ocrx_word' id='word_1_218' title='bbox 1597 2234 1730 2287; x_wconf 87' lang='grc' dir='ltr'>ἀνα-</span> 
     </span>
    </p>
   </div>
   <div class='ocr_carea' id='block_1_38' title="bbox 162 2332 475 2403">
    <p class='ocr_par' dir='ltr' id='par_1_38' title="bbox 162 2332 475 2403">
     <span class='ocr_line' id='line_1_38' title="bbox 162 2332 475 2403; baseline -0.003 -16"><span class='ocrx_word' id='word_1_219' title='bbox 162 2332 475 2403; x_wconf 74' lang='grc' dir='ltr'>πέμπουσα.</span> 
     </span>
    </p>
   </div>
   <div class='ocr_carea' id='block_1_39' title="bbox 766 2423 1687 2491">
    <p class='ocr_par' dir='ltr' id='par_1_39' title="bbox 766 2423 1687 2491">
     <span class='ocr_line' id='line_1_39' title="bbox 766 2423 1687 2491; baseline 0.005 -15"><span class='ocrx_word' id='word_1_220' title='bbox 766 2423 1027 2491; x_wconf 74' lang='grc' dir='ltr'><strong>Σχόλιον</strong></span> <span class='ocrx_word' id='word_1_221' title='bbox 1085 2430 1139 2477; x_wconf 86' lang='grc' dir='ltr'>ι’.</span> <span class='ocrx_word' id='word_1_222' title='bbox 1584 2482 1585 2485; x_wconf 35' lang='grc' dir='ltr'><strong>η</strong></span> <span class='ocrx_word' id='word_1_223' title='bbox 1671 2460 1687 2471; x_wconf 69' lang='grc' dir='ltr'><em>α</em></span> 
     </span>
    </p>
   </div>
   <div class='ocr_carea' id='block_1_40' title="bbox 230 2510 1730 2586">
    <p class='ocr_par' dir='ltr' id='par_1_40' title="bbox 230 2510 1730 2586">
     <span class='ocr_line' id='line_1_40' title="bbox 230 2510 1730 2586; baseline -0.003 -17"><span class='ocrx_word' id='word_1_224' title='bbox 230 2510 323 2579; x_wconf 76' lang='grc' dir='ltr'><strong>Εἷς</strong></span> <span class='ocrx_word' id='word_1_225' title='bbox 351 2514 552 2586; x_wconf 85' lang='grc' dir='ltr'>χῶρος,</span> <span class='ocrx_word' id='word_1_226' title='bbox 580 2517 608 2568; x_wconf 88' lang='lat'><strong>6</strong></span> <span class='ocrx_word' id='word_1_227' title='bbox 624 2513 843 2586; x_wconf 80' lang='grc' dir='ltr'>πυθμὴν</span> <span class='ocrx_word' id='word_1_228' title='bbox 866 2514 963 2583; x_wconf 80' lang='grc' dir='ltr'>τῆς</span> <span class='ocrx_word' id='word_1_229' title='bbox 987 2512 1254 2585; x_wconf 78' lang='grc' dir='ltr'>Ἐρυθρᾶς</span> <span class='ocrx_word' id='word_1_230' title='bbox 1283 2510 1553 2582; x_wconf 74' lang='grc' dir='ltr'><strong>θαλάσσης</strong></span> <span class='ocrx_word' id='word_1_231' title='bbox 1584 2512 1644 2564; x_wconf 80' lang='grc' dir='ltr'>ὲν</span> <span class='ocrx_word' id='word_1_232' title='bbox 1663 2512 1730 2583; x_wconf 74' lang='grc' dir='ltr'>τῇ</span> 
     </span>
    </p>
   </div>
   <div class='ocr_carea' id='block_1_41' title="bbox 160 2601 1733 2677">
    <p class='ocr_par' dir='ltr' id='par_1_41' title="bbox 160 2601 1733 2677">
     <span class='ocr_line' id='line_1_41' title="bbox 160 2601 1733 2677; baseline -0.003 -18"><span class='ocrx_word' id='word_1_233' title='bbox 160 2605 402 2660; x_wconf 72' lang='grc' dir='ltr'>διαϐάσει</span> <span class='ocrx_word' id='word_1_234' title='bbox 433 2605 530 2658; x_wconf 89' lang='grc' dir='ltr'><strong>τοῦ</strong></span> <span class='ocrx_word' id='word_1_235' title='bbox 570 2605 807 2677; x_wconf 84' lang='grc' dir='ltr'>Ἰσραήλ.</span> <span class='ocrx_word' id='word_1_236' title='bbox 851 2605 915 2657; x_wconf 77' lang='lat'><strong>&#39;11</strong></span> <span class='ocrx_word' id='word_1_237' title='bbox 947 2604 1004 2658; x_wconf 83' lang='grc' dir='ltr'>δὲ</span> <span class='ocrx_word' id='word_1_238' title='bbox 1040 2603 1141 2673; x_wconf 85' lang='grc' dir='ltr'>τῆς</span> <span class='ocrx_word' id='word_1_239' title='bbox 1188 2601 1531 2671; x_wconf 81' lang='grc' dir='ltr'>παγκοσμίου</span> <span class='ocrx_word' id='word_1_240' title='bbox 1556 2602 1733 2671; x_wconf 80' lang='grc' dir='ltr'>χαρᾶς</span> 
     </span>
    </p>
   </div>
   <div class='ocr_carea' id='block_1_42' title="bbox 160 2689 1730 2766">
    <p class='ocr_par' dir='ltr' id='par_1_42' title="bbox 160 2689 1730 2766">
     <span class='ocr_line' id='line_1_42' title="bbox 160 2689 1730 2766; baseline -0.002 -18"><span class='ocrx_word' id='word_1_241' title='bbox 160 2695 417 2764; x_wconf 72' lang='grc' dir='ltr'>οὑκάλλη</span> <span class='ocrx_word' id='word_1_242' title='bbox 459 2695 666 2765; x_wconf 78' lang='grc' dir='ltr'>ἡμέρα,</span> <span class='ocrx_word' id='word_1_243' title='bbox 699 2695 733 2764; x_wconf 78' lang='grc' dir='ltr'>ἢ</span> <span class='ocrx_word' id='word_1_244' title='bbox 775 2695 810 2766; x_wconf 85' lang='grc' dir='ltr'><strong>ή</strong></span> <span class='ocrx_word' id='word_1_245' title='bbox 851 2692 951 2763; x_wconf 82' lang='grc' dir='ltr'>τῆς</span> <span class='ocrx_word' id='word_1_246' title='bbox 990 2691 1341 2754; x_wconf 83' lang='grc' dir='ltr'>ἀναστάσεως</span> <span class='ocrx_word' id='word_1_247' title='bbox 1378 2689 1471 2744; x_wconf 90' lang='grc' dir='ltr'><strong>τοῦ</strong></span> <span class='ocrx_word' id='word_1_248' title='bbox 1524 2691 1730 2763; x_wconf 79' lang='grc' dir='ltr'>Κυρίου</span> 
     </span>
    </p>
   </div>
   <div class='ocr_carea' id='block_1_43' title="bbox 163 2782 1731 2862">
    <p class='ocr_par' dir='ltr' id='par_1_43' title="bbox 163 2782 1731 2862">
     <span class='ocr_line' id='line_1_43' title="bbox 163 2782 1731 2862; baseline -0.003 -17"><span class='ocrx_word' id='word_1_249' title='bbox 163 2793 253 2845; x_wconf 81' lang='grc' dir='ltr'><strong>καὶ</strong></span> <span class='ocrx_word' id='word_1_250' title='bbox 272 2790 529 2862; x_wconf 83' lang='grc' dir='ltr'><strong>Σωτῆρος</strong></span> <span class='ocrx_word' id='word_1_251' title='bbox 558 2790 735 2861; x_wconf 78' lang='grc' dir='ltr'>ἡμῶν,</span> <span class='ocrx_word' id='word_1_252' title='bbox 760 2790 817 2843; x_wconf 81' lang='grc' dir='ltr'>ὲν</span> <span class='ocrx_word' id='word_1_253' title='bbox 911 2789 971 2842; x_wconf 82' lang='grc' dir='ltr'>τὸ</span> <span class='ocrx_word' id='word_1_254' title='bbox 991 2788 1149 2857; x_wconf 83' lang='grc' dir='ltr'>γένος</span> <span class='ocrx_word' id='word_1_255' title='bbox 1171 2786 1330 2859; x_wconf 77' lang='grc' dir='ltr'>ἡμῶν</span> <span class='ocrx_word' id='word_1_256' title='bbox 1359 2785 1470 2840; x_wconf 75' lang='grc' dir='ltr'><strong>τῶν</strong></span> <span class='ocrx_word' id='word_1_257' title='bbox 1497 2787 1731 2841; x_wconf 68' lang='grc' dir='ltr'>αἰωνίων</span> 
     </span>
    </p>
   </div>
   <div class='ocr_carea' id='block_1_44' title="bbox 161 2875 1732 2953">
    <p class='ocr_par' dir='ltr' id='par_1_44' title="bbox 161 2875 1732 2953">
     <span class='ocr_line' id='line_1_44' title="bbox 161 2875 1732 2953; baseline -0.004 -18"><span class='ocrx_word' id='word_1_258' title='bbox 161 2881 250 2935; x_wconf 83' lang='grc' dir='ltr'><strong>τοῦ</strong></span> <span class='ocrx_word' id='word_1_259' title='bbox 271 2880 403 2953; x_wconf 67' lang='grc' dir='ltr'>ᾅδου</span> <span class='ocrx_word' id='word_1_260' title='bbox 426 2877 778 2950; x_wconf 73' lang='grc' dir='ltr'>ἠλευθερώθη</span> <span class='ocrx_word' id='word_1_261' title='bbox 808 2877 1043 2949; x_wconf 79' lang='grc' dir='ltr'>δεσμῶν.</span> <span class='ocrx_word' id='word_1_262' title='bbox 1088 2876 1243 2941; x_wconf 81' lang='grc' dir='ltr'>Τινὲς</span> <span class='ocrx_word' id='word_1_263' title='bbox 1267 2875 1325 2928; x_wconf 87' lang='grc' dir='ltr'>δὲ</span> <span class='ocrx_word' id='word_1_264' title='bbox 1353 2875 1452 2946; x_wconf 82' lang='grc' dir='ltr'>τὴν</span> <span class='ocrx_word' id='word_1_265' title='bbox 1472 2875 1576 2946; x_wconf 79' lang='grc' dir='ltr'>τῆς</span> <span class='ocrx_word' id='word_1_266' title='bbox 1605 2892 1732 2945; x_wconf 81' lang='grc' dir='ltr'>γεν-</span> 
     </span>
    </p>
   </div>
   <div class='ocr_carea' id='block_1_45' title="bbox 161 2961 1733 3045">
    <p class='ocr_par' dir='ltr' id='par_1_45' title="bbox 161 2961 1733 3045">
     <span class='ocr_line' id='line_1_45' title="bbox 161 2961 1733 3045; baseline -0.004 -18"><span class='ocrx_word' id='word_1_267' title='bbox 161 2974 366 3045; x_wconf 71' lang='grc' dir='ltr'>νήσεως</span> <span class='ocrx_word' id='word_1_268' title='bbox 389 2971 605 3043; x_wconf 79' lang='grc' dir='ltr'>ἡμέραν</span> <span class='ocrx_word' id='word_1_269' title='bbox 630 2970 902 3039; x_wconf 79' lang='grc' dir='ltr'>λέγουσιν,</span> <span class='ocrx_word' id='word_1_270' title='bbox 915 2970 974 3023; x_wconf 68' lang='grc' dir='ltr'>ὲν</span> <span class='ocrx_word' id='word_1_271' title='bbox 1000 2961 1152 3042; x_wconf 64' lang='lat' dir='ltr'><strong>ﬂutat</strong></span> <span class='ocrx_word' id='word_1_272' title='bbox 1182 2967 1334 3037; x_wconf 84' lang='grc' dir='ltr'><strong>παρά</strong></span> <span class='ocrx_word' id='word_1_273' title='bbox 1354 2966 1463 3019; x_wconf 86' lang='grc' dir='ltr'><strong>τῶν</strong></span> <span class='ocrx_word' id='word_1_274' title='bbox 1485 2966 1733 3036; x_wconf 73' lang='grc' dir='ltr'>ἀγγέλων</span> 
     </span>
    </p>
   </div>
   <div class='ocr_carea' id='block_1_46' title="bbox 162 3057 1733 3135">
    <p class='ocr_par' dir='ltr' id='par_1_46' title="bbox 162 3057 1733 3135">
     <span class='ocr_line' id='line_1_46' title="bbox 162 3057 1733 3135; baseline -0.004 -17"><span class='ocrx_word' id='word_1_275' title='bbox 162 3064 388 3135; x_wconf 71' lang='grc' dir='ltr'>ἠκούετο</span> <span class='ocrx_word' id='word_1_276' title='bbox 414 3064 478 3118; x_wconf 83' lang='grc' dir='ltr'>τό</span> <span class='ocrx_word' id='word_1_277' title='bbox 507 3079 524 3096; x_wconf 77' lang='grc' dir='ltr'><strong><em>ο</em></strong></span> <span class='ocrx_word' id='word_1_278' title='bbox 559 3062 717 3128; x_wconf 79' lang='grc' dir='ltr'><strong>Δόξα</strong></span> <span class='ocrx_word' id='word_1_279' title='bbox 747 3062 816 3116; x_wconf 70' lang='grc' dir='ltr'>ἐν</span> <span class='ocrx_word' id='word_1_280' title='bbox 860 3061 1148 3129; x_wconf 69' lang='grc' dir='ltr'>ὑψίστοις</span> <span class='ocrx_word' id='word_1_281' title='bbox 1184 3057 1348 3124; x_wconf 79' lang='grc' dir='ltr'>Θεῷ,</span> <span class='ocrx_word' id='word_1_282' title='bbox 1404 3058 1581 3128; x_wconf 73' lang='grc' dir='ltr'>ἕτεροι</span> <span class='ocrx_word' id='word_1_283' title='bbox 1633 3058 1733 3129; x_wconf 80' lang='grc' dir='ltr'>τὴν</span> 
     </span>
    </p>
   </div>
   <div class='ocr_carea' id='block_1_47' title="bbox 162 3139 1730 3220">
    <p class='ocr_par' dir='ltr' id='par_1_47' title="bbox 162 3139 1730 3220">
     <span class='ocr_line' id='line_1_47' title="bbox 162 3139 1730 3220; baseline -0.006 -18"><span class='ocrx_word' id='word_1_284' title='bbox 162 3147 389 3217; x_wconf 70' lang='grc' dir='ltr'>ἡμέραν,</span> <span class='ocrx_word' id='word_1_285' title='bbox 422 3140 542 3220; x_wconf 74' lang='grc' dir='ltr'>ὲνῇ</span> <span class='ocrx_word' id='word_1_286' title='bbox 569 3145 691 3199; x_wconf 82' lang='grc' dir='ltr'>Νῶε</span> <span class='ocrx_word' id='word_1_287' title='bbox 726 3144 865 3216; x_wconf 85' lang='grc' dir='ltr'><strong>μετά</strong></span> <span class='ocrx_word' id='word_1_288' title='bbox 904 3142 1014 3196; x_wconf 86' lang='grc' dir='ltr'><strong>τῶν</strong></span> <span class='ocrx_word' id='word_1_289' title='bbox 1046 3143 1141 3196; x_wconf 76' lang='grc' dir='ltr'><strong>σὺν</strong></span> <span class='ocrx_word' id='word_1_290' title='bbox 1183 3140 1332 3209; x_wconf 86' lang='grc' dir='ltr'><strong>αὑτῷ</strong></span> <span class='ocrx_word' id='word_1_291' title='bbox 1378 3139 1574 3210; x_wconf 75' lang='grc' dir='ltr'><strong>ἐξῆλθε</strong></span> <span class='ocrx_word' id='word_1_292' title='bbox 1628 3140 1730 3208; x_wconf 80' lang='grc' dir='ltr'>τῆς</span> 
     </span>
    </p>
   </div>
   <div class='ocr_carea' id='block_1_48' title="bbox 162 3235 575 3292">
    <p class='ocr_par' dir='ltr' id='par_1_48' title="bbox 162 3235 575 3292">
     <span class='ocr_line' id='line_1_48' title="bbox 162 3235 575 3292; baseline -0.002 -3"><span class='ocrx_word' id='word_1_293' title='bbox 162 3235 415 3292; x_wconf 73' lang='grc' dir='ltr'>κιϐωτοῦ.</span> <span class='ocrx_word' id='word_1_294' title='bbox 567 3282 575 3288; x_wconf 92' lang='grc'><strong>.</strong></span> 
     </span>
    </p>
   </div>
   <div class='ocr_carea' id='block_1_49' title="bbox 511 3320 1362 3394">
    <p class='ocr_par' dir='ltr' id='par_1_49' title="bbox 511 3320 1362 3394">
     <span class='ocr_line' id='line_1_49' title="bbox 511 3320 1362 3394; baseline -0.007 -13"><span class='ocrx_word' id='word_1_295' title='bbox 511 3327 767 3394; x_wconf 71' lang='grc' dir='ltr'>Σκόλιον</span> <span class='ocrx_word' id='word_1_296' title='bbox 806 3323 1239 3393; x_wconf 77' lang='grc' dir='ltr'>Χρυσοστόμου</span> <span class='ocrx_word' id='word_1_297' title='bbox 1274 3320 1362 3376; x_wconf 85' lang='grc' dir='ltr'>ια’.</span> 
     </span>
    </p>
   </div>
   <div class='ocr_carea' id='block_1_50' title="bbox 227 3411 1729 3489">
    <p class='ocr_par' dir='ltr' id='par_1_50' title="bbox 227 3411 1729 3489">
     <span class='ocr_line' id='line_1_50' title="bbox 227 3411 1729 3489; baseline -0.006 -18"><span class='ocrx_word' id='word_1_298' title='bbox 227 3417 304 3489; x_wconf 88' lang='lat' dir='ltr'><strong>(a)</strong></span> <span class='ocrx_word' id='word_1_299' title='bbox 324 3417 396 3473; x_wconf 84' lang='grc' dir='ltr'><strong>Εῐ</strong></span> <span class='ocrx_word' id='word_1_300' title='bbox 431 3434 538 3471; x_wconf 81' lang='grc' dir='ltr'><strong>που</strong></span> <span class='ocrx_word' id='word_1_301' title='bbox 570 3417 671 3487; x_wconf 83' lang='grc' dir='ltr'>τὴν</span> <span class='ocrx_word' id='word_1_302' title='bbox 703 3414 986 3470; x_wconf 77' lang='grc' dir='ltr'>εὐσέϐειαν</span> <span class='ocrx_word' id='word_1_303' title='bbox 1017 3411 1547 3485; x_wconf 80' lang='grc' dir='ltr'>παραϐλαπτομένην</span> <span class='ocrx_word' id='word_1_304' title='bbox 1580 3411 1729 3474; x_wconf 74' lang='grc' dir='ltr'>ἴδοις,</span> 
     </span>
    </p>
   </div>
   <div class='ocr_carea' id='block_1_51' title="bbox 166 3502 1733 3581">
    <p class='ocr_par' dir='ltr' id='par_1_51' title="bbox 166 3502 1733 3581">
     <span class='ocr_line' id='line_1_51' title="bbox 166 3502 1733 3581; baseline -0.006 -18"><span class='ocrx_word' id='word_1_305' title='bbox 166 3509 238 3581; x_wconf 71' lang='grc' dir='ltr'>μὴ</span> <span class='ocrx_word' id='word_1_306' title='bbox 271 3510 518 3581; x_wconf 83' lang='grc' dir='ltr'>προτίμα</span> <span class='ocrx_word' id='word_1_307' title='bbox 540 3508 639 3580; x_wconf 80' lang='grc' dir='ltr'>τὴν</span> <span class='ocrx_word' id='word_1_308' title='bbox 668 3508 920 3579; x_wconf 81' lang='grc' dir='ltr'>ὁμόνοιαν</span> <span class='ocrx_word' id='word_1_309' title='bbox 946 3505 1047 3576; x_wconf 80' lang='grc' dir='ltr'>τῆς</span> <span class='ocrx_word' id='word_1_310' title='bbox 1078 3503 1358 3576; x_wconf 83' lang='grc' dir='ltr'>ἀληθείας,</span> <span class='ocrx_word' id='word_1_311' title='bbox 1404 3502 1517 3556; x_wconf 81' lang='grc' dir='ltr'>ἀλλ’</span> <span class='ocrx_word' id='word_1_312' title='bbox 1546 3502 1733 3555; x_wconf 80' lang='grc' dir='ltr'>ἵστασο</span> 
     </span>
    </p>
   </div>
   <div class='ocr_carea' id='block_1_52' title="bbox 163 3591 1733 3667">
    <p class='ocr_par' dir='ltr' id='par_1_52' title="bbox 163 3591 1733 3667">
     <span class='ocr_line' id='line_1_52' title="bbox 163 3591 1733 3667; baseline -0.004 -17"><span class='ocrx_word' id='word_1_313' title='bbox 163 3598 419 3666; x_wconf 81' lang='grc' dir='ltr'>γενναίως</span> <span class='ocrx_word' id='word_1_314' title='bbox 443 3598 554 3661; x_wconf 79' lang='grc' dir='ltr'>ἓως</span> <span class='ocrx_word' id='word_1_315' title='bbox 585 3597 815 3651; x_wconf 79' lang='grc' dir='ltr'>θανάτου</span> <span class='ocrx_word' id='word_1_316' title='bbox 835 3615 850 3629; x_wconf 85' lang='grc'><strong>·</strong></span> <span class='ocrx_word' id='word_1_317' title='bbox 898 3596 994 3650; x_wconf 73' lang='grc' dir='ltr'><strong>καὶ</strong></span> <span class='ocrx_word' id='word_1_318' title='bbox 1024 3594 1157 3667; x_wconf 79' lang='grc' dir='ltr'>μηδὲ</span> <span class='ocrx_word' id='word_1_319' title='bbox 1185 3593 1358 3657; x_wconf 78' lang='grc' dir='ltr'>οὕτως</span> <span class='ocrx_word' id='word_1_320' title='bbox 1401 3594 1545 3663; x_wconf 81' lang='grc' dir='ltr'>ψυχῇ</span> <span class='ocrx_word' id='word_1_321' title='bbox 1576 3591 1733 3644; x_wconf 84' lang='grc' dir='ltr'>πολέ-</span> 
     </span>
    </p>
   </div>
   <div class='ocr_carea' id='block_1_53' title="bbox 166 3685 1733 3761">
    <p class='ocr_par' dir='ltr' id='par_1_53' title="bbox 166 3685 1733 3761">
     <span class='ocr_line' id='line_1_53' title="bbox 166 3685 1733 3761; baseline -0.006 -17"><span class='ocrx_word' id='word_1_322' title='bbox 166 3707 271 3759; x_wconf 82' lang='grc' dir='ltr'>μει,</span> <span class='ocrx_word' id='word_1_323' title='bbox 307 3690 448 3761; x_wconf 76' lang='grc' dir='ltr'>μηδὲ</span> <span class='ocrx_word' id='word_1_324' title='bbox 477 3689 821 3761; x_wconf 80' lang='grc' dir='ltr'>ἀποστρέφου</span> <span class='ocrx_word' id='word_1_325' title='bbox 856 3688 1074 3761; x_wconf 78' lang='grc' dir='ltr'>γνώμῃ,</span> <span class='ocrx_word' id='word_1_326' title='bbox 1124 3686 1260 3740; x_wconf 88' lang='grc' dir='ltr'><strong>ἀλλά</strong></span> <span class='ocrx_word' id='word_1_327' title='bbox 1284 3688 1399 3746; x_wconf 82' lang='grc' dir='ltr'>τοῖς</span> <span class='ocrx_word' id='word_1_328' title='bbox 1444 3685 1733 3754; x_wconf 75' lang='grc' dir='ltr'>πράγμασι</span> 
     </span>
    </p>
   </div>
   <div class='ocr_carea' id='block_1_54' title="bbox 164 3772 1736 3851">
    <p class='ocr_par' dir='ltr' id='par_1_54' title="bbox 164 3772 1736 3851">
     <span class='ocr_line' id='line_1_54' title="bbox 164 3772 1736 3851; baseline -0.006 -18"><span class='ocrx_word' id='word_1_329' title='bbox 164 3780 332 3849; x_wconf 80' lang='grc' dir='ltr'>μάχου</span> <span class='ocrx_word' id='word_1_330' title='bbox 372 3779 537 3851; x_wconf 79' lang='grc' dir='ltr'>μόνον</span> <span class='ocrx_word' id='word_1_331' title='bbox 561 3795 575 3810; x_wconf 75' lang='grc' dir='ltr'><strong><em>ο</em></strong></span> <span class='ocrx_word' id='word_1_332' title='bbox 620 3778 780 3831; x_wconf 84' lang='grc' dir='ltr'>τοῦτο</span> <span class='ocrx_word' id='word_1_333' title='bbox 808 3778 916 3849; x_wconf 81' lang='grc' dir='ltr'>γάρ</span> <span class='ocrx_word' id='word_1_334' title='bbox 964 3780 1080 3831; x_wconf 73' lang='grc' dir='ltr'>ἐστι</span> <span class='ocrx_word' id='word_1_335' title='bbox 1114 3775 1207 3830; x_wconf 63' lang='grc' dir='ltr'>τόν</span> <span class='ocrx_word' id='word_1_336' title='bbox 1252 3774 1347 3839; x_wconf 81' lang='grc' dir='ltr'><strong>Ἐξ</strong></span> <span class='ocrx_word' id='word_1_337' title='bbox 1375 3772 1544 3841; x_wconf 79' lang='grc' dir='ltr'>ὑμῶν</span> <span class='ocrx_word' id='word_1_338' title='bbox 1587 3774 1736 3841; x_wconf 80' lang='grc' dir='ltr'>μετὰ</span> 
     </span>
    </p>
   </div>
   <div class='ocr_carea' id='block_1_55' title="bbox 164 3862 1733 3936">
    <p class='ocr_par' dir='ltr' id='par_1_55' title="bbox 164 3862 1733 3936">
     <span class='ocr_line' id='line_1_55' title="bbox 164 3862 1733 3936; baseline -0.004 -16"><span class='ocrx_word' id='word_1_339' title='bbox 164 3869 398 3923; x_wconf 75' lang='grc' dir='ltr'>πάντων</span> <span class='ocrx_word' id='word_1_340' title='bbox 426 3868 753 3936; x_wconf 79' lang='grc' dir='ltr'>ἀνθρώπων</span> <span class='ocrx_word' id='word_1_341' title='bbox 794 3868 1236 3936; x_wconf 75' lang='grc' dir='ltr'>ειρηνεύοντες·</span> <span class='ocrx_word' id='word_1_342' title='bbox 1273 3864 1375 3917; x_wconf 82' lang='grc' dir='ltr'>κᾶν</span> <span class='ocrx_word' id='word_1_343' title='bbox 1419 3864 1623 3923; x_wconf 72' lang='grc' dir='ltr'>ἐκεῖνος</span> <span class='ocrx_word' id='word_1_344' title='bbox 1657 3862 1733 3932; x_wconf 71' lang='grc' dir='ltr'>μὴ</span> 
     </span>
    </p>
   </div>
   <div class='ocr_carea' id='block_1_56' title="bbox 164 3953 1730 4031">
    <p class='ocr_par' dir='ltr' id='par_1_56' title="bbox 164 3953 1730 4031">
     <span class='ocr_line' id='line_1_56' title="bbox 164 3953 1730 4031; baseline -0.004 -21"><span class='ocrx_word' id='word_1_345' title='bbox 164 3959 435 4031; x_wconf 76' lang='grc' dir='ltr'>εἱρηνεύῃ,</span> <span class='ocrx_word' id='word_1_346' title='bbox 495 3960 562 4013; x_wconf 81' lang='grc' dir='ltr'>σὺ</span> <span class='ocrx_word' id='word_1_347' title='bbox 615 3959 689 4029; x_wconf 83' lang='grc' dir='ltr'>μὴ</span> <span class='ocrx_word' id='word_1_348' title='bbox 736 3958 1030 4029; x_wconf 83' lang='grc' dir='ltr'>πληρώσῃς</span> <span class='ocrx_word' id='word_1_349' title='bbox 1070 3955 1338 4026; x_wconf 86' lang='grc' dir='ltr'>χειμῶνος</span> <span class='ocrx_word' id='word_1_350' title='bbox 1379 3953 1480 4024; x_wconf 80' lang='grc' dir='ltr'>τὴν</span> <span class='ocrx_word' id='word_1_351' title='bbox 1520 3954 1730 4022; x_wconf 83' lang='grc' dir='ltr'>ψυχὴν⁶</span> 
     </span>
    </p>
   </div>
   <div class='ocr_carea' id='block_1_57' title="bbox 164 4043 1735 4119">
    <p class='ocr_par' dir='ltr' id='par_1_57' title="bbox 164 4043 1735 4119">
     <span class='ocr_line' id='line_1_57' title="bbox 164 4043 1735 4119; baseline -0.001 -18"><span class='ocrx_word' id='word_1_352' title='bbox 164 4048 293 4118; x_wconf 72' lang='grc' dir='ltr'>ὅπερ</span> <span class='ocrx_word' id='word_1_353' title='bbox 319 4049 495 4119; x_wconf 76' lang='grc' dir='ltr'>ἔφθην</span> <span class='ocrx_word' id='word_1_354' title='bbox 519 4049 719 4113; x_wconf 53' lang='grc' dir='ltr'>εἰπὼν,</span> <span class='ocrx_word' id='word_1_355' title='bbox 741 4050 841 4119; x_wconf 81' lang='grc' dir='ltr'>τὴν</span> <span class='ocrx_word' id='word_1_356' title='bbox 865 4048 1124 4119; x_wconf 85' lang='grc' dir='ltr'>ἀλήθειαν</span> <span class='ocrx_word' id='word_1_357' title='bbox 1151 4044 1402 4116; x_wconf 81' lang='grc' dir='ltr'>μηδαμοῦ</span> <span class='ocrx_word' id='word_1_358' title='bbox 1436 4043 1735 4115; x_wconf 81' lang='grc' dir='ltr'>προδιδούς.</span> 
     </span>
    </p>
   </div>
   <div class='ocr_carea' id='block_1_58' title="bbox 1834 1971 3422 2054">
    <p class='ocr_par' dir='ltr' id='par_1_58' title="bbox 1834 1971 3422 2054">
     <span class='ocr_line' id='line_1_58' title="bbox 1834 1971 3422 2054; baseline 0.009 -28"><span class='ocrx_word' id='word_1_359' title='bbox 1834 1971 1907 2027; x_wconf 89' lang='lat' dir='ltr'><strong>ita</strong></span> <span class='ocrx_word' id='word_1_360' title='bbox 1938 1974 2252 2043; x_wconf 60' lang='lat' dir='ltr'><strong>poenitentia</strong></span> <span class='ocrx_word' id='word_1_361' title='bbox 2280 1985 2334 2030; x_wconf 91' lang='lat' dir='ltr'><strong>et</strong></span> <span class='ocrx_word' id='word_1_362' title='bbox 2368 1977 2567 2043; x_wconf 88' lang='lat' dir='ltr'><strong>luctus,</strong></span> <span class='ocrx_word' id='word_1_363' title='bbox 2618 1988 2672 2034; x_wconf 92' lang='lat' dir='ltr'><strong>et</strong></span> <span class='ocrx_word' id='word_1_364' title='bbox 2727 1980 3005 2039; x_wconf 81' lang='lat' dir='ltr'><strong>humilitas</strong></span> <span class='ocrx_word' id='word_1_365' title='bbox 3035 1983 3174 2038; x_wconf 91' lang='lat' dir='ltr'><strong>inter</strong></span> <span class='ocrx_word' id='word_1_366' title='bbox 3202 2000 3261 2040; x_wconf 91' lang='lat' dir='ltr'><strong>se</strong></span> <span class='ocrx_word' id='word_1_367' title='bbox 3308 2002 3422 2054; x_wconf 12' lang='lat' dir='ltr'><strong>co-t</strong></span> 
     </span>
    </p>
   </div>
   <div class='ocr_carea' id='block_1_59' title="bbox 1832 2066 3402 2146">
    <p class='ocr_par' dir='ltr' id='par_1_59' title="bbox 1832 2066 3402 2146">
     <span class='ocr_line' id='line_1_59' title="bbox 1832 2066 3402 2146; baseline 0.01 -30"><span class='ocrx_word' id='word_1_368' title='bbox 1832 2072 2009 2132; x_wconf 67' lang='lat' dir='ltr'><strong>gnatae</strong></span> <span class='ocrx_word' id='word_1_369' title='bbox 2036 2073 2183 2130; x_wconf 83' lang='lat' dir='ltr'><strong>sunt,</strong></span> <span class='ocrx_word' id='word_1_370' title='bbox 2230 2075 2284 2121; x_wconf 89' lang='lat' dir='ltr'><strong>et</strong></span> <span class='ocrx_word' id='word_1_371' title='bbox 2333 2066 2387 2119; x_wconf 91' lang='lat' dir='ltr'><strong>in</strong></span> <span class='ocrx_word' id='word_1_372' title='bbox 2439 2068 2620 2122; x_wconf 88' lang='lat' dir='ltr'><strong>divina</strong></span> <span class='ocrx_word' id='word_1_373' title='bbox 2671 2071 2841 2141; x_wconf 86' lang='lat' dir='ltr'><strong>gratia</strong></span> <span class='ocrx_word' id='word_1_374' title='bbox 2888 2074 3251 2139; x_wconf 85' lang='lat' dir='ltr'><strong>continentur,</strong></span> <span class='ocrx_word' id='word_1_375' title='bbox 3286 2093 3402 2146; x_wconf 84' lang='lat' dir='ltr'><strong>gra-</strong></span> 
     </span>
    </p>
   </div>
   <div class='ocr_carea' id='block_1_60' title="bbox 1834 2147 3401 2224">
    <p class='ocr_par' dir='ltr' id='par_1_60' title="bbox 1834 2147 3401 2224">
     <span class='ocr_line' id='line_1_60' title="bbox 1834 2147 3401 2224; baseline 0.01 -17"><span class='ocrx_word' id='word_1_376' title='bbox 1834 2147 2025 2224; x_wconf 80' lang='lat' dir='ltr'><strong>tiaque</strong></span> <span class='ocrx_word' id='word_1_377' title='bbox 2066 2171 2233 2210; x_wconf 89' lang='lat' dir='ltr'><strong>unum</strong></span> <span class='ocrx_word' id='word_1_378' title='bbox 2295 2156 2423 2213; x_wconf 79' lang='lat' dir='ltr'><strong>facit</strong></span> <span class='ocrx_word' id='word_1_379' title='bbox 2476 2158 2610 2224; x_wconf 69' lang='lat' dir='ltr'><strong>haec,</strong></span> <span class='ocrx_word' id='word_1_380' title='bbox 2666 2171 2721 2215; x_wconf 90' lang='lat' dir='ltr'><strong>et</strong></span> <span class='ocrx_word' id='word_1_381' title='bbox 2776 2163 3003 2219; x_wconf 86' lang='lat' dir='ltr'><strong>alterum</strong></span> <span class='ocrx_word' id='word_1_382' title='bbox 3061 2180 3183 2221; x_wconf 82' lang='lat' dir='ltr'><strong>cum</strong></span> <span class='ocrx_word' id='word_1_383' title='bbox 3233 2168 3401 2224; x_wconf 80' lang='lat' dir='ltr'><strong>altero</strong></span> 
     </span>
    </p>
   </div>
   <div class='ocr_carea' id='block_1_61' title="bbox 1831 2242 3010 2315">
    <p class='ocr_par' dir='ltr' id='par_1_61' title="bbox 1831 2242 3010 2315">
     <span class='ocr_line' id='line_1_61' title="bbox 1831 2242 3010 2315; baseline 0.01 -18"><span class='ocrx_word' id='word_1_384' title='bbox 1831 2242 2130 2314; x_wconf 74' lang='lat' dir='ltr'><strong>coniungit,</strong></span> <span class='ocrx_word' id='word_1_385' title='bbox 2162 2245 2434 2315; x_wconf 86' lang='lat' dir='ltr'><strong>mittitque</strong></span> <span class='ocrx_word' id='word_1_386' title='bbox 2459 2248 2701 2304; x_wconf 82' lang='lat' dir='ltr'><strong>animum</strong></span> <span class='ocrx_word' id='word_1_387' title='bbox 2724 2250 2788 2306; x_wconf 88' lang='lat' dir='ltr'><strong>ad</strong></span> <span class='ocrx_word' id='word_1_388' title='bbox 2818 2251 3010 2309; x_wconf 80' lang='lat' dir='ltr'><strong>Deum.</strong></span> 
     </span>
    </p>
   </div>
   <div class='ocr_carea' id='block_1_62' title="bbox 2433 2434 2802 2494">
    <p class='ocr_par' dir='ltr' id='par_1_62' title="bbox 2433 2434 2802 2494">
     <span class='ocr_line' id='line_1_62' title="bbox 2433 2434 2802 2494; baseline 0.005 -2"><span class='ocrx_word' id='word_1_389' title='bbox 2433 2434 2681 2493; x_wconf 84' lang='lat' dir='ltr'><strong>Scholion</strong></span> <span class='ocrx_word' id='word_1_390' title='bbox 2716 2440 2802 2494; x_wconf 77' lang='grc'><strong>10.</strong></span> 
     </span>
    </p>
   </div>
   <div class='ocr_carea' id='block_1_63' title="bbox 1908 2520 3399 2592">
    <p class='ocr_par' dir='ltr' id='par_1_63' title="bbox 1908 2520 3399 2592">
     <span class='ocr_line' id='line_1_63' title="bbox 1908 2520 3399 2592; baseline 0.011 -16"><span class='ocrx_word' id='word_1_391' title='bbox 1908 2520 2110 2579; x_wconf 86' lang='lat' dir='ltr'><strong>Unicus</strong></span> <span class='ocrx_word' id='word_1_392' title='bbox 2131 2524 2221 2580; x_wconf 85' lang='lat' dir='ltr'><strong>ille</strong></span> <span class='ocrx_word' id='word_1_393' title='bbox 2252 2525 2405 2583; x_wconf 84' lang='lat' dir='ltr'><strong>locus</strong></span> <span class='ocrx_word' id='word_1_394' title='bbox 2427 2535 2512 2583; x_wconf 83' lang='lat' dir='ltr'><strong>est</strong></span> <span class='ocrx_word' id='word_1_395' title='bbox 2535 2527 2731 2584; x_wconf 78' lang='lat' dir='ltr'><strong>fundus</strong></span> <span class='ocrx_word' id='word_1_396' title='bbox 2752 2529 2920 2585; x_wconf 84' lang='lat' dir='ltr'><strong>Rubri</strong></span> <span class='ocrx_word' id='word_1_397' title='bbox 2956 2533 3123 2590; x_wconf 83' lang='lat' dir='ltr'><strong>maris</strong></span> <span class='ocrx_word' id='word_1_398' title='bbox 3148 2534 3200 2589; x_wconf 90' lang='lat' dir='ltr'><strong>in</strong></span> <span class='ocrx_word' id='word_1_399' title='bbox 3223 2544 3399 2592; x_wconf 87' lang='lat' dir='ltr'><strong>trans-</strong></span> 
     </span>
    </p>
   </div>
   <div class='ocr_carea' id='block_1_64' title="bbox 1832 2608 3401 2690">
    <p class='ocr_par' dir='ltr' id='par_1_64' title="bbox 1832 2608 3401 2690">
     <span class='ocr_line' id='line_1_64' title="bbox 1832 2608 3401 2690; baseline 0.01 -29"><span class='ocrx_word' id='word_1_400' title='bbox 1832 2608 1910 2661; x_wconf 86' lang='lat' dir='ltr'><strong>itu</strong></span> <span class='ocrx_word' id='word_1_401' title='bbox 1940 2610 2116 2678; x_wconf 89' lang='lat' dir='ltr'><strong>populi</strong></span> <span class='ocrx_word' id='word_1_402' title='bbox 2171 2612 2555 2668; x_wconf 80' lang='lat' dir='ltr'><strong>lsraelitarum.</strong></span> <span class='ocrx_word' id='word_1_403' title='bbox 2611 2614 2733 2671; x_wconf 84' lang='lat' dir='ltr'><strong>Dies</strong></span> <span class='ocrx_word' id='word_1_404' title='bbox 2785 2627 2965 2672; x_wconf 86' lang='lat' dir='ltr'><strong>autem</strong></span> <span class='ocrx_word' id='word_1_405' title='bbox 3015 2636 3123 2690; x_wconf 88' lang='lat' dir='ltr'><strong>quo</strong></span> <span class='ocrx_word' id='word_1_406' title='bbox 3167 2623 3401 2677; x_wconf 87' lang='lat' dir='ltr'><strong>mundus</strong></span> 
     </span>
    </p>
   </div>
   <div class='ocr_carea' id='block_1_65' title="bbox 1834 2695 3398 2777">
    <p class='ocr_par' dir='ltr' id='par_1_65' title="bbox 1834 2695 3398 2777">
     <span class='ocr_line' id='line_1_65' title="bbox 1834 2695 3398 2777; baseline 0.008 -29"><span class='ocrx_word' id='word_1_407' title='bbox 1834 2695 2122 2750; x_wconf 87' lang='lat' dir='ltr'><strong>universus</strong></span> <span class='ocrx_word' id='word_1_408' title='bbox 2160 2696 2357 2766; x_wconf 82' lang='lat' dir='ltr'><strong>gaudio</strong></span> <span class='ocrx_word' id='word_1_409' title='bbox 2405 2698 2717 2764; x_wconf 81' lang='lat' dir='ltr'><strong>exsultavit,</strong></span> <span class='ocrx_word' id='word_1_410' title='bbox 2768 2717 2875 2756; x_wconf 92' lang='lat' dir='ltr'><strong>non</strong></span> <span class='ocrx_word' id='word_1_411' title='bbox 2920 2714 3004 2759; x_wconf 91' lang='lat' dir='ltr'><strong>est</strong></span> <span class='ocrx_word' id='word_1_412' title='bbox 3048 2707 3188 2761; x_wconf 86' lang='lat' dir='ltr'><strong>alius</strong></span> <span class='ocrx_word' id='word_1_413' title='bbox 3236 2723 3398 2777; x_wconf 81' lang='lat' dir='ltr'><strong>quam</strong></span> 
     </span>
    </p>
   </div>
   <div class='ocr_carea' id='block_1_66' title="bbox 1834 2784 3399 2863">
    <p class='ocr_par' dir='ltr' id='par_1_66' title="bbox 1834 2784 3399 2863">
     <span class='ocr_line' id='line_1_66' title="bbox 1834 2784 3399 2863; baseline 0.01 -26"><span class='ocrx_word' id='word_1_414' title='bbox 1834 2784 1952 2839; x_wconf 84' lang='lat' dir='ltr'><strong>dies</strong></span> <span class='ocrx_word' id='word_1_415' title='bbox 2007 2787 2421 2843; x_wconf 84' lang='lat' dir='ltr'><strong>resurrectionis</strong></span> <span class='ocrx_word' id='word_1_416' title='bbox 2484 2788 2696 2845; x_wconf 88' lang='lat' dir='ltr'><strong>Domini</strong></span> <span class='ocrx_word' id='word_1_417' title='bbox 2755 2802 2808 2847; x_wconf 86' lang='lat' dir='ltr'><strong>et</strong></span> <span class='ocrx_word' id='word_1_418' title='bbox 2854 2794 3151 2853; x_wconf 85' lang='lat' dir='ltr'><strong>Salvatoris</strong></span> <span class='ocrx_word' id='word_1_419' title='bbox 3207 2801 3399 2863; x_wconf 81' lang='lat' dir='ltr'><strong>nostri,</strong></span> 
     </span>
    </p>
   </div>
   <div class='ocr_carea' id='block_1_67' title="bbox 1834 2877 3399 2955">
    <p class='ocr_par' dir='ltr' id='par_1_67' title="bbox 1834 2877 3399 2955">
     <span class='ocr_line' id='line_1_67' title="bbox 1834 2877 3399 2955; baseline 0.01 -24"><span class='ocrx_word' id='word_1_420' title='bbox 1834 2891 1944 2946; x_wconf 92' lang='lat' dir='ltr'><strong>quo</strong></span> <span class='ocrx_word' id='word_1_421' title='bbox 1985 2892 2158 2947; x_wconf 86' lang='lat' dir='ltr'><strong>genus</strong></span> <span class='ocrx_word' id='word_1_422' title='bbox 2204 2877 2502 2947; x_wconf 75' lang='lat' dir='ltr'><strong>humanum</strong></span> <span class='ocrx_word' id='word_1_423' title='bbox 2548 2882 2615 2936; x_wconf 87' lang='lat' dir='ltr'><strong>ab</strong></span> <span class='ocrx_word' id='word_1_424' title='bbox 2651 2882 2810 2955; x_wconf 70' lang='lat'><strong>327</strong></span> <span class='ocrx_word' id='word_1_425' title='bbox 2854 2889 3070 2942; x_wconf 66' lang='lat' dir='ltr'><strong>mternis</strong></span> <span class='ocrx_word' id='word_1_426' title='bbox 3101 2888 3399 2946; x_wconf 78' lang='lat' dir='ltr'><strong>inferorum</strong></span> 
     </span>
    </p>
   </div>
   <div class='ocr_carea' id='block_1_68' title="bbox 1836 2968 3401 3035">
    <p class='ocr_par' dir='ltr' id='par_1_68' title="bbox 1836 2968 3401 3035">
     <span class='ocr_line' id='line_1_68' title="bbox 1836 2968 3401 3035; baseline 0.01 -16"><span class='ocrx_word' id='word_1_427' title='bbox 1836 2968 2067 3024; x_wconf 75' lang='lat' dir='ltr'><strong>vinculis</strong></span> <span class='ocrx_word' id='word_1_428' title='bbox 2103 2980 2187 3025; x_wconf 88' lang='lat' dir='ltr'><strong>est</strong></span> <span class='ocrx_word' id='word_1_429' title='bbox 2218 2971 2526 3027; x_wconf 84' lang='lat' dir='ltr'><strong>liberatum.</strong></span> <span class='ocrx_word' id='word_1_430' title='bbox 2575 2974 2678 3028; x_wconf 84' lang='lat' dir='ltr'><strong>Alii</strong></span> <span class='ocrx_word' id='word_1_431' title='bbox 2722 2976 2863 3030; x_wconf 90' lang='lat' dir='ltr'><strong>diem</strong></span> <span class='ocrx_word' id='word_1_432' title='bbox 2910 2976 3113 3033; x_wconf 78' lang='lat' dir='ltr'><strong>ChriSti</strong></span> <span class='ocrx_word' id='word_1_433' title='bbox 3152 2982 3401 3035; x_wconf 78' lang='lat' dir='ltr'><strong>natalem</strong></span> 
     </span>
    </p>
   </div>
   <div class='ocr_carea' id='block_1_69' title="bbox 1836 3059 3403 3133">
    <p class='ocr_par' dir='ltr' id='par_1_69' title="bbox 1836 3059 3403 3133">
     <span class='ocr_line' id='line_1_69' title="bbox 1836 3059 3403 3133; baseline 0.01 -21"><span class='ocrx_word' id='word_1_434' title='bbox 1836 3059 2165 3131; x_wconf 80' lang='lat' dir='ltr'><strong>intelligunt,</strong></span> <span class='ocrx_word' id='word_1_435' title='bbox 2187 3075 2295 3130; x_wconf 85' lang='lat' dir='ltr'><strong>quo</strong></span> <span class='ocrx_word' id='word_1_436' title='bbox 2318 3062 2387 3116; x_wconf 88' lang='lat' dir='ltr'><strong>ab</strong></span> <span class='ocrx_word' id='word_1_437' title='bbox 2414 3064 2621 3133; x_wconf 76' lang='lat' dir='ltr'><strong>angelis</strong></span> <span class='ocrx_word' id='word_1_438' title='bbox 2644 3065 2772 3119; x_wconf 92' lang='lat' dir='ltr'><strong>illud</strong></span> <span class='ocrx_word' id='word_1_439' title='bbox 2797 3068 3039 3124; x_wconf 86' lang='lat' dir='ltr'><strong>auditum</strong></span> <span class='ocrx_word' id='word_1_440' title='bbox 3070 3080 3150 3127; x_wconf 88' lang='lat' dir='ltr'><strong>cst</strong></span> <span class='ocrx_word' id='word_1_441' title='bbox 3174 3092 3187 3127; x_wconf 90' lang='lat'><strong>:</strong></span> <span class='ocrx_word' id='word_1_442' title='bbox 3220 3072 3403 3128; x_wconf 81' lang='lat' dir='ltr'><strong>Gloria</strong></span> 
     </span>
    </p>
   </div>
   <div class='ocr_carea' id='block_1_70' title="bbox 1836 3150 3398 3236">
    <p class='ocr_par' dir='ltr' id='par_1_70' title="bbox 1836 3150 3398 3236">
     <span class='ocr_line' id='line_1_70' title="bbox 1836 3150 3398 3236; baseline 0.011 -34"><span class='ocrx_word' id='word_1_443' title='bbox 1836 3151 1889 3203; x_wconf 82' lang='lat' dir='ltr'><strong>in</strong></span> <span class='ocrx_word' id='word_1_444' title='bbox 1936 3151 2152 3205; x_wconf 73' lang='lat' dir='ltr'><strong>excelsis</strong></span> <span class='ocrx_word' id='word_1_445' title='bbox 2199 3150 2307 3206; x_wconf 85' lang='lat' dir='ltr'><strong>Deo</strong></span> <span class='ocrx_word' id='word_1_446' title='bbox 2360 3150 2428 3205; x_wconf 76' lang='lat'><strong>&quot;.</strong></span> <span class='ocrx_word' id='word_1_447' title='bbox 2468 3154 2572 3207; x_wconf 80' lang='lat' dir='ltr'><strong>Alii</strong></span> <span class='ocrx_word' id='word_1_448' title='bbox 2614 3156 2755 3210; x_wconf 89' lang='lat' dir='ltr'><strong>diem</strong></span> <span class='ocrx_word' id='word_1_449' title='bbox 2802 3158 3242 3231; x_wconf 82' lang='lat' dir='ltr'><strong>interpretantur,</strong></span> <span class='ocrx_word' id='word_1_450' title='bbox 3288 3182 3398 3236; x_wconf 84' lang='lat' dir='ltr'><strong>quo</strong></span> 
     </span>
    </p>
   </div>
   <div class='ocr_carea' id='block_1_71' title="bbox 1756 3206 2913 3310">
    <p class='ocr_par' dir='ltr' id='par_1_71' title="bbox 1756 3206 2913 3310">
     <span class='ocr_line' id='line_1_71' title="bbox 1756 3206 2913 3310; baseline 0.012 -24"><span class='ocrx_word' id='word_1_451' title='bbox 1756 3206 1798 3263; x_wconf 67' lang='grc' dir='ltr'><strong>ϐ</strong></span> <span class='ocrx_word' id='word_1_452' title='bbox 1831 3234 1943 3291; x_wconf 89' lang='lat' dir='ltr'><strong>Noe</strong></span> <span class='ocrx_word' id='word_1_453' title='bbox 1976 3252 2102 3291; x_wconf 89' lang='lat' dir='ltr'><strong>cum</strong></span> <span class='ocrx_word' id='word_1_454' title='bbox 2132 3237 2248 3293; x_wconf 87' lang='lat' dir='ltr'><strong>suis</strong></span> <span class='ocrx_word' id='word_1_455' title='bbox 2281 3252 2349 3292; x_wconf 78' lang='lat' dir='ltr'><strong>ex</strong></span> <span class='ocrx_word' id='word_1_456' title='bbox 2380 3253 2508 3294; x_wconf 89' lang='lat' dir='ltr'><strong>arca</strong></span> <span class='ocrx_word' id='word_1_457' title='bbox 2533 3255 2785 3310; x_wconf 84' lang='lat' dir='ltr'><strong>egressus</strong></span> <span class='ocrx_word' id='word_1_458' title='bbox 2807 3254 2913 3300; x_wconf 88' lang='lat' dir='ltr'><strong>est.</strong></span> 
     </span>
    </p>
   </div>
   <div class='ocr_carea' id='block_1_72' title="bbox 2211 3324 2984 3400">
    <p class='ocr_par' dir='ltr' id='par_1_72' title="bbox 2211 3324 2984 3400">
     <span class='ocr_line' id='line_1_72' title="bbox 2211 3324 2984 3400; baseline 0.012 -20"><span class='ocrx_word' id='word_1_459' title='bbox 2211 3324 2463 3380; x_wconf 80' lang='lat' dir='ltr'><strong>Scholion</strong></span> <span class='ocrx_word' id='word_1_460' title='bbox 2513 3327 2875 3400; x_wconf 78' lang='lat' dir='ltr'><strong>Chrysostomt&#39;</strong></span> <span class='ocrx_word' id='word_1_461' title='bbox 2896 3334 2984 3389; x_wconf 81' lang='lat' dir='ltr'><strong>H.</strong></span> 
     </span>
    </p>
   </div>
   <div class='ocr_carea' id='block_1_73' title="bbox 1896 3401 3397 3499">
    <p class='ocr_par' dir='ltr' id='par_1_73' title="bbox 1896 3401 3397 3499">
     <span class='ocr_line' id='line_1_73' title="bbox 1896 3401 3397 3499; baseline 0.011 -31"><span class='ocrx_word' id='word_1_462' title='bbox 1896 3401 2091 3469; x_wconf 85' lang='lat' dir='ltr'><strong>Sicubi</strong></span> <span class='ocrx_word' id='word_1_463' title='bbox 2115 3414 2430 3485; x_wconf 78' lang='lat' dir='ltr'><strong>religionem</strong></span> <span class='ocrx_word' id='word_1_464' title='bbox 2463 3418 2645 3475; x_wconf 70' lang='lat' dir='ltr'><strong>laesam</strong></span> <span class='ocrx_word' id='word_1_465' title='bbox 2672 3421 2893 3489; x_wconf 86' lang='lat' dir='ltr'><strong>videris,</strong></span> <span class='ocrx_word' id='word_1_466' title='bbox 2927 3433 3065 3487; x_wconf 88' lang='lat' dir='ltr'><strong>tum.</strong></span> <span class='ocrx_word' id='word_1_467' title='bbox 3090 3438 3397 3499; x_wconf 84' lang='lat' dir='ltr'><strong>contempta</strong></span> 
     </span>
    </p>
   </div>
   <div class='ocr_carea' id='block_1_74' title="bbox 1833 3503 3401 3589">
    <p class='ocr_par' dir='ltr' id='par_1_74' title="bbox 1833 3503 3401 3589">
     <span class='ocr_line' id='line_1_74' title="bbox 1833 3503 3401 3589; baseline 0.01 -32"><span class='ocrx_word' id='word_1_468' title='bbox 1833 3503 2062 3557; x_wconf 90' lang='lat' dir='ltr'><strong>aliorum</strong></span> <span class='ocrx_word' id='word_1_469' title='bbox 2124 3503 2547 3576; x_wconf 84' lang='lat' dir='ltr'><strong>conspiratione,</strong></span> <span class='ocrx_word' id='word_1_470' title='bbox 2602 3512 2883 3566; x_wconf 78' lang='lat' dir='ltr'><strong>veritatem</strong></span> <span class='ocrx_word' id='word_1_471' title='bbox 2941 3524 3127 3583; x_wconf 85' lang='lat' dir='ltr'><strong>tuere,</strong></span> <span class='ocrx_word' id='word_1_472' title='bbox 3196 3535 3401 3589; x_wconf 80' lang='lat' dir='ltr'><strong>proque</strong></span> 
     </span>
    </p>
   </div>
   <div class='ocr_carea' id='block_1_75' title="bbox 1835 3595 3402 3679">
    <p class='ocr_par' dir='ltr' id='par_1_75' title="bbox 1835 3595 3402 3679">
     <span class='ocr_line' id='line_1_75' title="bbox 1835 3595 3402 3679; baseline 0.012 -31"><span class='ocrx_word' id='word_1_473' title='bbox 1835 3595 1925 3649; x_wconf 90' lang='lat' dir='ltr'><strong>illa</strong></span> <span class='ocrx_word' id='word_1_474' title='bbox 1951 3609 2212 3664; x_wconf 72' lang='lat' dir='ltr'><strong>generose</strong></span> <span class='ocrx_word' id='word_1_475' title='bbox 2243 3596 2308 3650; x_wconf 87' lang='lat' dir='ltr'><strong>ad</strong></span> <span class='ocrx_word' id='word_1_476' title='bbox 2340 3607 2568 3654; x_wconf 86' lang='lat' dir='ltr'><strong>mortem</strong></span> <span class='ocrx_word' id='word_1_477' title='bbox 2614 3617 2787 3672; x_wconf 90' lang='lat' dir='ltr'><strong>usque</strong></span> <span class='ocrx_word' id='word_1_478' title='bbox 2822 3605 3037 3661; x_wconf 88' lang='lat' dir='ltr'><strong>decerta</strong></span> <span class='ocrx_word' id='word_1_479' title='bbox 3073 3627 3085 3662; x_wconf 95' lang='lat'>:</span> <span class='ocrx_word' id='word_1_480' title='bbox 3120 3625 3293 3679; x_wconf 84' lang='lat' dir='ltr'><strong>neque</strong></span> <span class='ocrx_word' id='word_1_481' title='bbox 3324 3616 3402 3667; x_wconf 86' lang='lat' dir='ltr'><strong>sic</strong></span> 
     </span>
    </p>
   </div>
   <div class='ocr_carea' id='block_1_76' title="bbox 1832 3686 3403 3762">
    <p class='ocr_par' dir='ltr' id='par_1_76' title="bbox 1832 3686 3403 3762">
     <span class='ocr_line' id='line_1_76' title="bbox 1832 3686 3403 3762; baseline 0.01 -21"><span class='ocrx_word' id='word_1_482' title='bbox 1832 3701 1955 3741; x_wconf 91' lang='lat' dir='ltr'><strong>cum</strong></span> <span class='ocrx_word' id='word_1_483' title='bbox 2013 3686 2193 3740; x_wconf 88' lang='lat' dir='ltr'><strong>anima</strong></span> <span class='ocrx_word' id='word_1_484' title='bbox 2230 3698 2321 3742; x_wconf 88' lang='lat' dir='ltr'><strong>tua</strong></span> <span class='ocrx_word' id='word_1_485' title='bbox 2362 3704 2560 3759; x_wconf 82' lang='lat' dir='ltr'><strong>pugna,</strong></span> <span class='ocrx_word' id='word_1_486' title='bbox 2596 3700 2771 3762; x_wconf 79' lang='lat' dir='ltr'><strong>neque</strong></span> <span class='ocrx_word' id='word_1_487' title='bbox 2815 3695 2880 3750; x_wconf 92' lang='lat' dir='ltr'><strong>de</strong></span> <span class='ocrx_word' id='word_1_488' title='bbox 2911 3701 3173 3755; x_wconf 87' lang='lat' dir='ltr'><strong>sententia</strong></span> <span class='ocrx_word' id='word_1_489' title='bbox 3210 3712 3298 3755; x_wconf 86' lang='lat' dir='ltr'><strong>tua</strong></span> <span class='ocrx_word' id='word_1_490' title='bbox 3351 3715 3403 3757; x_wconf 87' lang='lat' dir='ltr'><strong>te</strong></span> 
     </span>
    </p>
   </div>
   <div class='ocr_carea' id='block_1_77' title="bbox 1831 3774 3400 3860">
    <p class='ocr_par' dir='ltr' id='par_1_77' title="bbox 1831 3774 3400 3860">
     <span class='ocr_line' id='line_1_77' title="bbox 1831 3774 3400 3860; baseline 0.012 -33"><span class='ocrx_word' id='word_1_491' title='bbox 1831 3774 2093 3828; x_wconf 86' lang='lat' dir='ltr'><strong>dimoveri</strong></span> <span class='ocrx_word' id='word_1_492' title='bbox 2124 3784 2325 3842; x_wconf 85' lang='lat' dir='ltr'><strong>patere,</strong></span> <span class='ocrx_word' id='word_1_493' title='bbox 2358 3778 2452 3832; x_wconf 90' lang='lat' dir='ltr'><strong>sed</strong></span> <span class='ocrx_word' id='word_1_494' title='bbox 2483 3778 2640 3835; x_wconf 80' lang='lat' dir='ltr'><strong>factis</strong></span> <span class='ocrx_word' id='word_1_495' title='bbox 2669 3781 2799 3850; x_wconf 77' lang='lat' dir='ltr'><strong>ipsis</strong></span> <span class='ocrx_word' id='word_1_496' title='bbox 2833 3795 2887 3838; x_wconf 90' lang='lat' dir='ltr'><strong>et</strong></span> <span class='ocrx_word' id='word_1_497' title='bbox 2920 3789 3053 3843; x_wconf 87' lang='lat' dir='ltr'><strong>solis</strong></span> <span class='ocrx_word' id='word_1_498' title='bbox 3100 3804 3400 3860; x_wconf 79' lang='lat' dir='ltr'><strong>prOpugna.</strong></span> 
     </span>
    </p>
   </div>
   <div class='ocr_carea' id='block_1_78' title="bbox 1832 3860 3400 3947">
    <p class='ocr_par' dir='ltr' id='par_1_78' title="bbox 1832 3860 3400 3947">
     <span class='ocr_line' id='line_1_78' title="bbox 1832 3860 3400 3947; baseline 0.014 -34"><span class='ocrx_word' id='word_1_499' title='bbox 1832 3860 1945 3916; x_wconf 85' lang='lat' dir='ltr'><strong>lloc</strong></span> <span class='ocrx_word' id='word_1_500' title='bbox 1977 3862 2123 3915; x_wconf 87' lang='lat' dir='ltr'><strong>enim</strong></span> <span class='ocrx_word' id='word_1_501' title='bbox 2167 3872 2248 3916; x_wconf 84' lang='lat' dir='ltr'><strong>est</strong></span> <span class='ocrx_word' id='word_1_502' title='bbox 2289 3864 2419 3918; x_wconf 86' lang='lat' dir='ltr'><strong>illud</strong></span> <span class='ocrx_word' id='word_1_503' title='bbox 2451 3883 2466 3919; x_wconf 90' lang='lat'><strong>:</strong></span> <span class='ocrx_word' id='word_1_504' title='bbox 2517 3867 2787 3931; x_wconf 70' lang='lat' dir='ltr'><strong>Quantum</strong></span> <span class='ocrx_word' id='word_1_505' title='bbox 2824 3873 2879 3926; x_wconf 81' lang='lat' dir='ltr'><strong>in</strong></span> <span class='ocrx_word' id='word_1_506' title='bbox 2910 3876 3052 3929; x_wconf 71' lang='lat' dir='ltr'><strong>vobis</strong></span> <span class='ocrx_word' id='word_1_507' title='bbox 3085 3889 3181 3943; x_wconf 81' lang='lat' dir='ltr'><strong>est,</strong></span> <span class='ocrx_word' id='word_1_508' title='bbox 3217 3898 3400 3947; x_wconf 81' lang='lat' dir='ltr'><strong>pacem</strong></span> 
     </span>
    </p>
   </div>
   <div class='ocr_carea' id='block_1_79' title="bbox 1831 3954 3397 4034">
    <p class='ocr_par' dir='ltr' id='par_1_79' title="bbox 1831 3954 3397 4034">
     <span class='ocr_line' id='line_1_79' title="bbox 1831 3954 3397 4034; baseline 0.012 -30"><span class='ocrx_word' id='word_1_509' title='bbox 1831 3968 1951 4005; x_wconf 72' lang='lat' dir='ltr'><strong>cum</strong></span> <span class='ocrx_word' id='word_1_510' title='bbox 1979 3954 2219 4007; x_wconf 72' lang='lat' dir='ltr'><strong>omnibus</strong></span> <span class='ocrx_word' id='word_1_511' title='bbox 2248 3954 2492 4009; x_wconf 75' lang='lat' dir='ltr'><strong>[tabentes</strong></span> <span class='ocrx_word' id='word_1_512' title='bbox 2524 3959 2589 4023; x_wconf 75' lang='grc' dir='ltr'>υ,</span> <span class='ocrx_word' id='word_1_513' title='bbox 2622 3963 2870 4029; x_wconf 76' lang='lat' dir='ltr'><strong>quamvis</strong></span> <span class='ocrx_word' id='word_1_514' title='bbox 2891 3963 2979 4016; x_wconf 89' lang='lat' dir='ltr'><strong>ille</strong></span> <span class='ocrx_word' id='word_1_515' title='bbox 2998 3967 3257 4034; x_wconf 78' lang='lat' dir='ltr'><strong>paciﬁcus</strong></span> <span class='ocrx_word' id='word_1_516' title='bbox 3289 3986 3397 4023; x_wconf 89' lang='lat' dir='ltr'><strong>non</strong></span> 
     </span>
    </p>
   </div>
   <div class='ocr_carea' id='block_1_80' title="bbox 1843 4042 3400 4127">
    <p class='ocr_par' dir='ltr' id='par_1_80' title="bbox 1843 4042 3400 4127">
     <span class='ocr_line' id='line_1_80' title="bbox 1843 4042 3400 4127; baseline 0.01 -28"><span class='ocrx_word' id='word_1_517' title='bbox 1843 4045 1930 4099; x_wconf 75' lang='lat' dir='ltr'><strong>sit.</strong></span> <span class='ocrx_word' id='word_1_518' title='bbox 1968 4042 2078 4100; x_wconf 84' lang='lat' dir='ltr'><strong>Nec</strong></span> <span class='ocrx_word' id='word_1_519' title='bbox 2104 4054 2169 4117; x_wconf 83' lang='lat' dir='ltr'><strong>tu</strong></span> <span class='ocrx_word' id='word_1_520' title='bbox 2201 4046 2425 4116; x_wconf 87' lang='lat' dir='ltr'><strong>impleas</strong></span> <span class='ocrx_word' id='word_1_521' title='bbox 2450 4048 2684 4103; x_wconf 84' lang='lat' dir='ltr'><strong>animam</strong></span> <span class='ocrx_word' id='word_1_522' title='bbox 2730 4060 3043 4122; x_wconf 87' lang='lat' dir='ltr'><strong>tempestate</strong></span> <span class='ocrx_word' id='word_1_523' title='bbox 3077 4056 3166 4127; x_wconf 65' lang='lat' dir='ltr'><strong>[Et</strong></span> <span class='ocrx_word' id='word_1_524' title='bbox 3196 4069 3249 4112; x_wconf 93' lang='lat' dir='ltr'><strong>tu</strong></span> <span class='ocrx_word' id='word_1_525' title='bbox 3280 4062 3400 4113; x_wconf 85' lang='lat' dir='ltr'><strong>ani-</strong></span> 
     </span>
    </p>
   </div>
   <div class='ocr_carea' id='block_1_81' title="bbox 166 4140 3399 4223">
    <p class='ocr_par' dir='ltr' id='par_1_81' title="bbox 166 4140 3399 4223">
     <span class='ocr_line' id='line_1_81' title="bbox 166 4140 3399 4223; baseline 0.004 -26"><span class='ocrx_word' id='word_1_526' title='bbox 166 4159 302 4197; x_wconf 85' lang='lat' dir='ltr'><strong>mam</strong></span> <span class='ocrx_word' id='word_1_527' title='bbox 343 4153 496 4197; x_wconf 89' lang='lat' dir='ltr'><strong>tuam</strong></span> <span class='ocrx_word' id='word_1_528' title='bbox 533 4158 603 4197; x_wconf 90' lang='lat' dir='ltr'><strong>ne</strong></span> <span class='ocrx_word' id='word_1_529' title='bbox 628 4144 781 4213; x_wconf 87' lang='lat' dir='ltr'><strong>gravi</strong></span> <span class='ocrx_word' id='word_1_530' title='bbox 840 4150 1163 4212; x_wconf 88' lang='lat' dir='ltr'><strong>tempestate</strong></span> <span class='ocrx_word' id='word_1_531' title='bbox 1227 4142 1423 4205; x_wconf 88' lang='lat' dir='ltr'><strong>imbre,</strong></span> <span class='ocrx_word' id='word_1_532' title='bbox 1482 4141 1675 4211; x_wconf 85' lang='lat' dir='ltr'><strong>spiritu</strong></span> <span class='ocrx_word' id='word_1_533' title='bbox 1739 4140 2102 4211; x_wconf 86' lang='lat' dir='ltr'><strong>procellarum</strong></span> <span class='ocrx_word' id='word_1_534' title='bbox 2153 4142 2456 4216; x_wconf 83' lang='lat' dir='ltr'><strong>concutias]</strong></span> <span class='ocrx_word' id='word_1_535' title='bbox 2493 4146 2997 4222; x_wconf 82' lang='lat' dir='ltr'><strong>(perturbationum)</strong></span> <span class='ocrx_word' id='word_1_536' title='bbox 3050 4154 3193 4223; x_wconf 85' lang='lat' dir='ltr'><strong>quod</strong></span> <span class='ocrx_word' id='word_1_537' title='bbox 3240 4171 3399 4212; x_wconf 90' lang='lat' dir='ltr'><strong>occu-</strong></span> 
     </span>
    </p>
   </div>
   <div class='ocr_carea' id='block_1_82' title="bbox 164 4235 1849 4309">
    <p class='ocr_par' dir='ltr' id='par_1_82' title="bbox 164 4235 1849 4309">
     <span class='ocr_line' id='line_1_82' title="bbox 164 4235 1849 4309; baseline 0.001 -19"><span class='ocrx_word' id='word_1_538' title='bbox 164 4235 277 4305; x_wconf 79' lang='lat' dir='ltr'><strong>pavi</strong></span> <span class='ocrx_word' id='word_1_539' title='bbox 323 4236 512 4291; x_wconf 84' lang='lat' dir='ltr'><strong>dicere</strong></span> <span class='ocrx_word' id='word_1_540' title='bbox 548 4250 893 4307; x_wconf 84' lang='lat' dir='ltr'><strong>nequaquam</strong></span> <span class='ocrx_word' id='word_1_541' title='bbox 949 4237 1151 4294; x_wconf 89' lang='lat' dir='ltr'><strong>violata</strong></span> <span class='ocrx_word' id='word_1_542' title='bbox 1209 4246 1305 4293; x_wconf 89' lang='lat' dir='ltr'><strong>aut</strong></span> <span class='ocrx_word' id='word_1_543' title='bbox 1352 4238 1565 4309; x_wconf 86' lang='lat' dir='ltr'><strong>prodita</strong></span> <span class='ocrx_word' id='word_1_544' title='bbox 1601 4237 1849 4293; x_wconf 85' lang='lat' dir='ltr'><strong>veritate.</strong></span> 
     </span>
    </p>
   </div>
   <div class='ocr_carea' id='block_1_83' title="bbox 756 4349 1135 4420">
    <p class='ocr_par' dir='ltr' id='par_1_83' title="bbox 756 4349 1135 4420">
     <span class='ocr_line' id='line_1_83' title="bbox 756 4349 1135 4420; baseline 0.011 -19"><span class='ocrx_word' id='word_1_545' title='bbox 756 4349 1015 4418; x_wconf 76' lang='grc' dir='ltr'>Σχόλιον</span> <span class='ocrx_word' id='word_1_546' title='bbox 1048 4349 1135 4420; x_wconf 84' lang='grc' dir='ltr'>ιβ’.</span> 
     </span>
    </p>
   </div>
   <div class='ocr_carea' id='block_1_84' title="bbox 225 4434 1725 4511">
    <p class='ocr_par' dir='ltr' id='par_1_84' title="bbox 225 4434 1725 4511">
     <span class='ocr_line' id='line_1_84' title="bbox 225 4434 1725 4511; baseline 0.003 -22"><span class='ocrx_word' id='word_1_547' title='bbox 225 4434 345 4490; x_wconf 60' lang='grc' dir='ltr'><strong>ὀτι</strong></span> <span class='ocrx_word' id='word_1_548' title='bbox 375 4437 523 4501; x_wconf 80' lang='grc' dir='ltr'>τινὲς</span> <span class='ocrx_word' id='word_1_549' title='bbox 564 4436 676 4492; x_wconf 87' lang='grc' dir='ltr'><strong>τῶν</strong></span> <span class='ocrx_word' id='word_1_550' title='bbox 705 4438 1048 4510; x_wconf 81' lang='grc' dir='ltr'>ἀναισθήτως</span> <span class='ocrx_word' id='word_1_551' title='bbox 1088 4441 1545 4511; x_wconf 82' lang='grc' dir='ltr'>ὲπιπληττόντων,</span> <span class='ocrx_word' id='word_1_552' title='bbox 1580 4440 1613 4511; x_wconf 77' lang='grc' dir='ltr'>ἢ</span> <span class='ocrx_word' id='word_1_553' title='bbox 1643 4441 1725 4494; x_wconf 80' lang='grc' dir='ltr'>δι-</span> 
     </span>
    </p>
   </div>
   <div class='ocr_carea' id='block_1_85' title="bbox 160 4528 1728 4602">
    <p class='ocr_par' dir='ltr' id='par_1_85' title="bbox 160 4528 1728 4602">
     <span class='ocr_line' id='line_1_85' title="bbox 160 4528 1728 4602; baseline 0.003 -23"><span class='ocrx_word' id='word_1_554' title='bbox 160 4528 430 4591; x_wconf 76' lang='grc' dir='ltr'>καζόντων</span> <span class='ocrx_word' id='word_1_555' title='bbox 469 4530 505 4600; x_wconf 78' lang='grc' dir='ltr'>ἢ</span> <span class='ocrx_word' id='word_1_556' title='bbox 551 4530 939 4600; x_wconf 77' lang='grc' dir='ltr'>σοφιζομένων,</span> <span class='ocrx_word' id='word_1_557' title='bbox 977 4532 1009 4601; x_wconf 83' lang='grc' dir='ltr'>ἢ</span> <span class='ocrx_word' id='word_1_558' title='bbox 1042 4533 1215 4602; x_wconf 82' lang='grc' dir='ltr'>ἀρχῆς</span> <span class='ocrx_word' id='word_1_559' title='bbox 1258 4531 1602 4602; x_wconf 81' lang='grc' dir='ltr'>ὀρεγομένων</span> <span class='ocrx_word' id='word_1_560' title='bbox 1632 4548 1728 4583; x_wconf 82' lang='grc' dir='ltr'>τα-</span> 
     </span>
    </p>
   </div>
   <div class='ocr_carea' id='block_1_86' title="bbox 159 4616 1728 4693">
    <p class='ocr_par' dir='ltr' id='par_1_86' title="bbox 159 4616 1728 4693">
     <span class='ocr_line' id='line_1_86' title="bbox 159 4616 1728 4693; baseline 0.005 -26"><span class='ocrx_word' id='word_1_561' title='bbox 159 4616 466 4681; x_wconf 64' lang='grc' dir='ltr'>πεινιὶισεώς</span> <span class='ocrx_word' id='word_1_562' title='bbox 512 4620 651 4671; x_wconf 76' lang='grc' dir='ltr'>εἰσιν</span> <span class='ocrx_word' id='word_1_563' title='bbox 683 4620 941 4689; x_wconf 77' lang='grc' dir='ltr'>ἀμέτοχοι</span> <span class='ocrx_word' id='word_1_564' title='bbox 964 4634 978 4650; x_wconf 88' lang='grc'><strong>·</strong></span> <span class='ocrx_word' id='word_1_565' title='bbox 1028 4618 1143 4674; x_wconf 74' lang='grc' dir='ltr'>ἐστι</span> <span class='ocrx_word' id='word_1_566' title='bbox 1186 4620 1231 4673; x_wconf 87' lang='grc' dir='ltr'>δ’</span> <span class='ocrx_word' id='word_1_567' title='bbox 1282 4622 1372 4674; x_wconf 82' lang='grc' dir='ltr'>ὅτε</span> <span class='ocrx_word' id='word_1_568' title='bbox 1404 4622 1498 4674; x_wconf 77' lang='grc' dir='ltr'><strong>καὶ</strong></span> <span class='ocrx_word' id='word_1_569' title='bbox 1543 4620 1728 4693; x_wconf 73' lang='grc' dir='ltr'>ἔργοις</span> 
     </span>
    </p>
   </div>
   <div class='ocr_carea' id='block_1_87' title="bbox 158 4703 1371 4781">
    <p class='ocr_par' dir='ltr' id='par_1_87' title="bbox 158 4703 1371 4781">
     <span class='ocr_line' id='line_1_87' title="bbox 158 4703 1371 4781; baseline 0.007 -24"><span class='ocrx_word' id='word_1_570' title='bbox 158 4703 391 4760; x_wconf 69' lang='grc' dir='ltr'>διδάσκει</span> <span class='ocrx_word' id='word_1_571' title='bbox 416 4709 535 4772; x_wconf 73' lang='grc' dir='ltr'><strong>τοίς</strong></span> <span class='ocrx_word' id='word_1_572' title='bbox 562 4707 846 4779; x_wconf 83' lang='grc' dir='ltr'>προσιοῦσι</span> <span class='ocrx_word' id='word_1_573' title='bbox 889 4708 989 4781; x_wconf 80' lang='grc' dir='ltr'>τὴν</span> <span class='ocrx_word' id='word_1_574' title='bbox 1017 4710 1371 4765; x_wconf 75' lang='grc' dir='ltr'>ταπείνωσιν.</span> 
     </span>
    </p>
   </div>
   <div class='ocr_carea' id='block_1_88' title="bbox 740 4889 1136 4964">
    <p class='ocr_par' dir='ltr' id='par_1_88' title="bbox 740 4889 1136 4964">
     <span class='ocr_line' id='line_1_88' title="bbox 740 4889 1136 4964; baseline 0.005 -19"><span class='ocrx_word' id='word_1_575' title='bbox 740 4892 1002 4964; x_wconf 59' lang='grc' dir='ltr'>Σχόλιον</span> <span class='ocrx_word' id='word_1_576' title='bbox 1048 4889 1136 4960; x_wconf 83' lang='grc' dir='ltr'>ιγ’.</span> 
     </span>
    </p>
   </div>
   <div class='ocr_carea' id='block_1_89' title="bbox 220 4973 1723 5063">
    <p class='ocr_par' dir='ltr' id='par_1_89' title="bbox 220 4973 1723 5063">
     <span class='ocr_line' id='line_1_89' title="bbox 220 4973 1723 5063; baseline 0.007 -32"><span class='ocrx_word' id='word_1_577' title='bbox 220 4973 384 5032; x_wconf 75' lang='grc' dir='ltr'>Εἶπεν</span> <span class='ocrx_word' id='word_1_578' title='bbox 413 4980 445 5033; x_wconf 88' lang='lat'><strong>6</strong></span> <span class='ocrx_word' id='word_1_579' title='bbox 474 4978 649 5043; x_wconf 73' lang='grc' dir='ltr'>ἀΰσας</span> <span class='ocrx_word' id='word_1_580' title='bbox 686 4976 1029 5059; x_wconf 48' lang='grc' dir='ltr'>Ἱισαῖαςξδιά</span> <span class='ocrx_word' id='word_1_581' title='bbox 1066 4981 1163 5053; x_wconf 77' lang='grc' dir='ltr'>τὴν</span> <span class='ocrx_word' id='word_1_582' title='bbox 1206 4984 1723 5063; x_wconf 76' lang='grc' dir='ltr'>ταπεινοφροσύνην,</span> 
     </span>
    </p>
   </div>
   <div class='ocr_carea' id='block_1_90' title="bbox 156 5063 1724 5149">
    <p class='ocr_par' dir='ltr' id='par_1_90' title="bbox 156 5063 1724 5149">
     <span class='ocr_line' id='line_1_90' title="bbox 156 5063 1724 5149; baseline 0.01 -31"><span class='ocrx_word' id='word_1_583' title='bbox 156 5063 233 5117; x_wconf 76' lang='grc' dir='ltr'>ὅτι</span> <span class='ocrx_word' id='word_1_584' title='bbox 261 5066 520 5136; x_wconf 81' lang='grc' dir='ltr'>γλῶσσαν</span> <span class='ocrx_word' id='word_1_585' title='bbox 551 5070 653 5122; x_wconf 82' lang='grc' dir='ltr'><strong>οὐκ</strong></span> <span class='ocrx_word' id='word_1_586' title='bbox 682 5069 795 5140; x_wconf 74' lang='grc' dir='ltr'>ἔχει</span> <span class='ocrx_word' id='word_1_587' title='bbox 839 5070 1073 5141; x_wconf 77' lang='grc' dir='ltr'>λαλῆσαι</span> <span class='ocrx_word' id='word_1_588' title='bbox 1120 5074 1256 5144; x_wconf 88' lang='grc' dir='ltr'>πρός</span> <span class='ocrx_word' id='word_1_589' title='bbox 1300 5091 1421 5126; x_wconf 85' lang='grc' dir='ltr'>τινα</span> <span class='ocrx_word' id='word_1_590' title='bbox 1465 5074 1542 5139; x_wconf 85' lang='grc' dir='ltr'>ὡς</span> <span class='ocrx_word' id='word_1_591' title='bbox 1587 5079 1724 5149; x_wconf 83' lang='grc' dir='ltr'>ἁμε-</span> 
     </span>
    </p>
   </div>
   <div class='ocr_carea' id='block_1_91' title="bbox 158 5155 1722 5263">
    <p class='ocr_par' dir='ltr' id='par_1_91' title="bbox 158 5155 1722 5263">
     <span class='ocr_line' id='line_1_91' title="bbox 158 5155 1722 5263; baseline 0.01 -55"><span class='ocrx_word' id='word_1_592' title='bbox 158 5155 380 5226; x_wconf 81' lang='grc' dir='ltr'>λοῦντα,</span> <span class='ocrx_word' id='word_1_593' title='bbox 434 5159 473 5231; x_wconf 70' lang='grc' dir='ltr'>ἢ</span> <span class='ocrx_word' id='word_1_594' title='bbox 535 5159 670 5230; x_wconf 81' lang='grc' dir='ltr'>πρὸς</span> <span class='ocrx_word' id='word_1_595' title='bbox 719 5161 879 5216; x_wconf 76' lang='grc' dir='ltr'>ἄλλον</span> <span class='ocrx_word' id='word_1_596' title='bbox 935 5164 1017 5263; x_wconf 58' lang='grc' dir='ltr'><strong>ὡς</strong></span> <span class='ocrx_word' id='word_1_597' title='bbox 1074 5164 1546 5235; x_wconf 73' lang='grc' dir='ltr'>καταφρονοῦντα·</span> <span class='ocrx_word' id='word_1_598' title='bbox 1598 5169 1722 5225; x_wconf 77' lang='grc' dir='ltr'>οὔτε</span> 
     </span>
    </p>
   </div>
   <div class='ocr_carea' id='block_1_92' title="bbox 211 5334 1202 5407">
    <p class='ocr_par' dir='ltr' id='par_1_92' title="bbox 211 5334 1202 5407">
     <span class='ocr_line' id='line_1_92' title="bbox 211 5334 1202 5407; baseline 0.011 -18"><span class='ocrx_word' id='word_1_599' title='bbox 211 5334 256 5365; x_wconf 79' lang='grc'><strong>⁸⁸</strong></span> <span class='ocrx_word' id='word_1_600' title='bbox 291 5335 430 5392; x_wconf 86' lang='lat' dir='ltr'><strong>Luc.</strong></span> <span class='ocrx_word' id='word_1_601' title='bbox 451 5354 516 5399; x_wconf 87' lang='grc' dir='ltr'><strong>ιι,</strong></span> <span class='ocrx_word' id='word_1_602' title='bbox 558 5338 641 5392; x_wconf 77' lang='grc'><strong>14.</strong></span> <span class='ocrx_word' id='word_1_603' title='bbox 717 5339 764 5371; x_wconf 77' lang='grc'><strong>’⁸</strong></span> <span class='ocrx_word' id='word_1_604' title='bbox 797 5337 958 5395; x_wconf 78' lang='lat' dir='ltr'><strong>Rom.</strong></span> <span class='ocrx_word' id='word_1_605' title='bbox 989 5345 1202 5407; x_wconf 73' lang='lat' dir='ltr'><strong>xu,18.</strong></span> 
     </span>
    </p>
   </div>
   <div class='ocr_carea' id='block_1_93' title="bbox 152 5534 1712 5660">
    <p class='ocr_par' dir='ltr' id='par_1_93' title="bbox 152 5534 1712 5660">
     <span class='ocr_line' id='line_1_93' title="bbox 152 5534 1712 5660; baseline 0.014 -73"><span class='ocrx_word' id='word_1_606' title='bbox 152 5534 286 5660; x_wconf 52' lang='lat' dir='ltr'><strong>dx)</strong></span> <span class='ocrx_word' id='word_1_607' title='bbox 318 5534 434 5618; x_wconf 74' lang='lat' dir='ltr'><strong>Hoc</strong></span> <span class='ocrx_word' id='word_1_608' title='bbox 466 5538 737 5593; x_wconf 77' lang='lat' dir='ltr'><strong>scholium</strong></span> <span class='ocrx_word' id='word_1_609' title='bbox 760 5539 829 5594; x_wconf 83' lang='lat' dir='ltr'><strong>ad</strong></span> <span class='ocrx_word' id='word_1_610' title='bbox 851 5539 1063 5597; x_wconf 87' lang='lat' dir='ltr'><strong>nullum</strong></span> <span class='ocrx_word' id='word_1_611' title='bbox 1081 5545 1292 5615; x_wconf 86' lang='lat' dir='ltr'><strong>signum</strong></span> <span class='ocrx_word' id='word_1_612' title='bbox 1328 5544 1585 5618; x_wconf 79' lang='lat' dir='ltr'><strong>refertur,</strong></span> <span class='ocrx_word' id='word_1_613' title='bbox 1614 5568 1712 5609; x_wconf 89' lang='lat' dir='ltr'><strong>nec</strong></span> 
     </span>
     <span class='ocr_line' id='line_1_94' title="bbox 251 5607 923 5660; baseline 0 0"><span class='ocrx_word' id='word_1_614' title='bbox 251 5618 348 5660; x_wconf 83' lang='lat' dir='ltr'><strong>.tur</strong></span> <span class='ocrx_word' id='word_1_615' title='bbox 376 5607 468 5660; x_wconf 86' lang='lat' dir='ltr'><strong>htc</strong></span> <span class='ocrx_word' id='word_1_616' title='bbox 491 5608 673 5660; x_wconf 89' lang='lat' dir='ltr'><strong>locum</strong></span> <span class='ocrx_word' id='word_1_617' title='bbox 705 5610 923 5660; x_wconf 82' lang='lat' dir='ltr'><strong>habere.</strong></span> 
     </span>
    </p>
   </div>
   <div class='ocr_carea' id='block_1_94' title="bbox 251 5607 923 5665">
    <p class='ocr_par' dir='ltr' id='par_1_94' title="bbox 251 5607 923 5665">
     <span class='ocr_line' id='line_1_95' title="bbox 251 5607 923 5665; baseline 0.007 -5"><span class='ocrx_word' id='word_1_618' title='bbox 251 5618 348 5661; x_wconf 57' lang='lat' dir='ltr'><strong>itur</strong></span> <span class='ocrx_word' id='word_1_619' title='bbox 376 5607 468 5662; x_wconf 87' lang='lat' dir='ltr'><strong>hic</strong></span> <span class='ocrx_word' id='word_1_620' title='bbox 491 5608 673 5662; x_wconf 87' lang='lat' dir='ltr'><strong>locum</strong></span> <span class='ocrx_word' id='word_1_621' title='bbox 705 5610 923 5665; x_wconf 87' lang='lat' dir='ltr'><strong>habere.</strong></span> 
     </span>
    </p>
   </div>
   <div class='ocr_carea' id='block_1_95' title="bbox 213 5673 1708 5758">
    <p class='ocr_par' dir='ltr' id='par_1_95' title="bbox 213 5673 1708 5758">
     <span class='ocr_line' id='line_1_96' title="bbox 213 5673 1708 5758; baseline 0.013 -32"><span class='ocrx_word' id='word_1_622' title='bbox 213 5675 282 5758; x_wconf 63' lang='grc' dir='ltr'><strong>(ὁ)</strong></span> <span class='ocrx_word' id='word_1_623' title='bbox 306 5677 462 5745; x_wconf 81' lang='lat' dir='ltr'><strong>Apud</strong></span> <span class='ocrx_word' id='word_1_624' title='bbox 490 5673 797 5758; x_wconf 51' lang='lat' dir='ltr'><strong>Climacglnt</strong></span> <span class='ocrx_word' id='word_1_625' title='bbox 829 5690 929 5747; x_wconf 84' lang='lat' dir='ltr'><strong>est,</strong></span> <span class='ocrx_word' id='word_1_626' title='bbox 959 5684 1201 5758; x_wconf 65' lang='grc' dir='ltr'><strong>Δμρναχὸς</strong></span> <span class='ocrx_word' id='word_1_627' title='bbox 1231 5686 1615 5758; x_wconf 69' lang='grc' dir='ltr'>ταπεινόφρων</span> <span class='ocrx_word' id='word_1_628' title='bbox 1647 5694 1708 5746; x_wconf 85' lang='grc' dir='ltr'>οὑ</span> 
     </span>
    </p>
   </div>
   <div class='ocr_carea' id='block_1_96' title="bbox 157 5744 1709 5831">
    <p class='ocr_par' dir='ltr' id='par_1_96' title="bbox 157 5744 1709 5831">
     <span class='ocr_line' id='line_1_97' title="bbox 157 5744 1709 5831; baseline 0.014 -36"><span class='ocrx_word' id='word_1_629' title='bbox 157 5744 657 5817; x_wconf 75' lang='grc' dir='ltr'>οτολυπραγμονήσει</span> <span class='ocrx_word' id='word_1_630' title='bbox 686 5744 924 5821; x_wconf 69' lang='grc' dir='ltr'>ἄρρητα.</span> <span class='ocrx_word' id='word_1_631' title='bbox 944 5744 1024 5807; x_wconf 66' lang='lat' dir='ltr'><strong>Ad</strong></span> <span class='ocrx_word' id='word_1_632' title='bbox 1064 5744 1249 5816; x_wconf 59' lang='lat' dir='ltr'><strong>vocem</strong></span> <span class='ocrx_word' id='word_1_633' title='bbox 1279 5744 1514 5831; x_wconf 60' lang='grc' dir='ltr'>ἀζιρητκῖ</span> <span class='ocrx_word' id='word_1_634' title='bbox 1548 5744 1709 5817; x_wconf 77' lang='lat' dir='ltr'><strong>scho-</strong></span> 
     </span>
    </p>
   </div>
   <div class='ocr_carea' id='block_1_97' title="bbox 2434 4334 2794 4409">
    <p class='ocr_par' dir='ltr' id='par_1_97' title="bbox 2434 4334 2794 4409">
     <span class='ocr_line' id='line_1_98' title="bbox 2434 4334 2794 4409; baseline 0.003 -1"><span class='ocrx_word' id='word_1_635' title='bbox 2434 4334 2676 4408; x_wconf 60' lang='lat' dir='ltr'><strong>Scholion</strong></span> <span class='ocrx_word' id='word_1_636' title='bbox 2712 4356 2794 4409; x_wconf 73' lang='grc'><strong>12.</strong></span> 
     </span>
    </p>
   </div>
   <div class='ocr_carea' id='block_1_98' title="bbox 1902 4438 3403 4529">
    <p class='ocr_par' dir='ltr' id='par_1_98' title="bbox 1902 4438 3403 4529">
     <span class='ocr_line' id='line_1_99' title="bbox 1902 4438 3403 4529; baseline 0.015 -37"><span class='ocrx_word' id='word_1_637' title='bbox 1902 4438 2175 4505; x_wconf 83' lang='lat' dir='ltr'><strong>Quosdam</strong></span> <span class='ocrx_word' id='word_1_638' title='bbox 2207 4446 2300 4512; x_wconf 88' lang='lat' dir='ltr'><strong>qui</strong></span> <span class='ocrx_word' id='word_1_639' title='bbox 2345 4446 2482 4501; x_wconf 85' lang='lat' dir='ltr'><strong>alios</strong></span> <span class='ocrx_word' id='word_1_640' title='bbox 2512 4448 2608 4515; x_wconf 90' lang='lat' dir='ltr'><strong>ipsi</strong></span> <span class='ocrx_word' id='word_1_641' title='bbox 2657 4449 2858 4517; x_wconf 84' lang='lat' dir='ltr'><strong>stupidi</strong></span> <span class='ocrx_word' id='word_1_642' title='bbox 2890 4454 3157 4523; x_wconf 87' lang='lat' dir='ltr'><strong>castigant</strong></span> <span class='ocrx_word' id='word_1_643' title='bbox 3186 4469 3279 4512; x_wconf 85' lang='lat' dir='ltr'><strong>aut</strong></span> <span class='ocrx_word' id='word_1_644' title='bbox 3302 4460 3403 4529; x_wconf 18' lang='lat' dir='ltr'><strong>ju-i</strong></span> 
     </span>
    </p>
   </div>
   <div class='ocr_carea' id='block_1_99' title="bbox 1834 4532 3398 4620">
    <p class='ocr_par' dir='ltr' id='par_1_99' title="bbox 1834 4532 3398 4620">
     <span class='ocr_line' id='line_1_100' title="bbox 1834 4532 3398 4620; baseline 0.012 -34"><span class='ocrx_word' id='word_1_645' title='bbox 1834 4532 2039 4601; x_wconf 88' lang='lat' dir='ltr'><strong>dicant,</strong></span> <span class='ocrx_word' id='word_1_646' title='bbox 2072 4545 2166 4590; x_wconf 88' lang='lat' dir='ltr'><strong>aut</strong></span> <span class='ocrx_word' id='word_1_647' title='bbox 2207 4538 2355 4594; x_wconf 81' lang='lat' dir='ltr'><strong>vafre</strong></span> <span class='ocrx_word' id='word_1_648' title='bbox 2401 4547 2741 4607; x_wconf 85' lang='lat' dir='ltr'><strong>argutantur,</strong></span> <span class='ocrx_word' id='word_1_649' title='bbox 2767 4550 2863 4597; x_wconf 85' lang='lat' dir='ltr'><strong>aut</strong></span> <span class='ocrx_word' id='word_1_650' title='bbox 2898 4545 3262 4618; x_wconf 87' lang='lat' dir='ltr'><strong>principatum</strong></span> <span class='ocrx_word' id='word_1_651' title='bbox 3306 4570 3398 4620; x_wconf 60' lang='grc' dir='ltr'><strong>λψς</strong></span> 
     </span>
    </p>
   </div>
   <div class='ocr_carea' id='block_1_100' title="bbox 1831 4629 3399 4703">
    <p class='ocr_par' dir='ltr' id='par_1_100' title="bbox 1831 4629 3399 4703">
     <span class='ocr_line' id='line_1_101' title="bbox 1831 4629 3399 4703; baseline 0.011 -24"><span class='ocrx_word' id='word_1_652' title='bbox 1831 4636 2041 4695; x_wconf 86' lang='lat' dir='ltr'><strong>petunt,</strong></span> <span class='ocrx_word' id='word_1_653' title='bbox 2108 4629 2430 4685; x_wconf 88' lang='lat' dir='ltr'><strong>humilitatis</strong></span> <span class='ocrx_word' id='word_1_654' title='bbox 2489 4645 2611 4686; x_wconf 90' lang='lat' dir='ltr'><strong>esse</strong></span> <span class='ocrx_word' id='word_1_655' title='bbox 2661 4647 2911 4703; x_wconf 81' lang='lat' dir='ltr'><strong>expertes</strong></span> <span class='ocrx_word' id='word_1_656' title='bbox 2956 4640 3204 4694; x_wconf 85' lang='lat' dir='ltr'><strong>aﬂirmat.</strong></span> <span class='ocrx_word' id='word_1_657' title='bbox 3268 4642 3399 4697; x_wconf 84' lang='lat' dir='ltr'><strong>Esse</strong></span> 
     </span>
    </p>
   </div>
   <div class='ocr_carea' id='block_1_101' title="bbox 1832 4721 3396 4802">
    <p class='ocr_par' dir='ltr' id='par_1_101' title="bbox 1832 4721 3396 4802">
     <span class='ocr_line' id='line_1_102' title="bbox 1832 4721 3396 4802; baseline 0.012 -32"><span class='ocrx_word' id='word_1_658' title='bbox 1832 4728 2010 4772; x_wconf 89' lang='lat' dir='ltr'><strong>autem</strong></span> <span class='ocrx_word' id='word_1_659' title='bbox 2041 4721 2132 4788; x_wconf 92' lang='lat' dir='ltr'><strong>qui</strong></span> <span class='ocrx_word' id='word_1_660' title='bbox 2163 4721 2544 4788; x_wconf 84' lang='lat' dir='ltr'><strong>humilitatem,</strong></span> <span class='ocrx_word' id='word_1_661' title='bbox 2577 4739 2709 4782; x_wconf 90' lang='lat' dir='ltr'><strong>suos</strong></span> <span class='ocrx_word' id='word_1_662' title='bbox 2750 4728 3045 4798; x_wconf 87' lang='lat' dir='ltr'><strong>discipulos</strong></span> <span class='ocrx_word' id='word_1_663' title='bbox 3072 4732 3227 4786; x_wconf 79' lang='lat' dir='ltr'><strong>factis</strong></span> <span class='ocrx_word' id='word_1_664' title='bbox 3264 4734 3396 4802; x_wconf 81' lang='lat' dir='ltr'><strong>ipsis</strong></span> 
     </span>
    </p>
   </div>
   <div class='ocr_carea' id='block_1_102' title="bbox 1830 4811 2429 4877">
    <p class='ocr_par' dir='ltr' id='par_1_102' title="bbox 1830 4811 2429 4877">
     <span class='ocr_line' id='line_1_103' title="bbox 1830 4811 2429 4877; baseline 0.012 -18"><span class='ocrx_word' id='word_1_665' title='bbox 1830 4817 1882 4861; x_wconf 70' lang='lat' dir='ltr'><strong>et</strong></span> <span class='ocrx_word' id='word_1_666' title='bbox 1906 4811 2159 4877; x_wconf 85' lang='lat' dir='ltr'><strong>operibus</strong></span> <span class='ocrx_word' id='word_1_667' title='bbox 2183 4811 2429 4866; x_wconf 88' lang='lat' dir='ltr'><strong>doceant.</strong></span> 
     </span>
    </p>
   </div>
   <div class='ocr_carea' id='block_1_103' title="bbox 2394 4904 2763 4963">
    <p class='ocr_par' dir='ltr' id='par_1_103' title="bbox 2394 4904 2763 4963">
     <span class='ocr_line' id='line_1_104' title="bbox 2394 4904 2763 4963; baseline 0.011 -4"><span class='ocrx_word' id='word_1_668' title='bbox 2394 4904 2644 4961; x_wconf 82' lang='lat' dir='ltr'><strong>Scholion</strong></span> <span class='ocrx_word' id='word_1_669' title='bbox 2679 4908 2763 4963; x_wconf 75' lang='grc'><strong>15.</strong></span> 
     </span>
    </p>
   </div>
   <div class='ocr_carea' id='block_1_104' title="bbox 1892 4989 3393 5076">
    <p class='ocr_par' dir='ltr' id='par_1_104' title="bbox 1892 4989 3393 5076">
     <span class='ocr_line' id='line_1_105' title="bbox 1892 4989 3393 5076; baseline 0.015 -36"><span class='ocrx_word' id='word_1_670' title='bbox 1892 4989 2072 5045; x_wconf 84' lang='lat' dir='ltr'><strong>Abbas</strong></span> <span class='ocrx_word' id='word_1_671' title='bbox 2115 4989 2283 5046; x_wconf 82' lang='lat' dir='ltr'><strong>Isaias</strong></span> <span class='ocrx_word' id='word_1_672' title='bbox 2330 4994 2398 5049; x_wconf 90' lang='lat' dir='ltr'><strong>de</strong></span> <span class='ocrx_word' id='word_1_673' title='bbox 2448 4997 2751 5054; x_wconf 87' lang='lat' dir='ltr'><strong>humilitate</strong></span> <span class='ocrx_word' id='word_1_674' title='bbox 2804 5000 2959 5065; x_wconf 75' lang='lat' dir='ltr'><strong>dixit,</strong></span> <span class='ocrx_word' id='word_1_675' title='bbox 3014 5002 3157 5069; x_wconf 84' lang='lat' dir='ltr'><strong>quod</strong></span> <span class='ocrx_word' id='word_1_676' title='bbox 3211 5006 3393 5076; x_wconf 81' lang='lat' dir='ltr'><strong>lingua</strong></span> 
     </span>
    </p>
   </div>
   <div class='ocr_carea' id='block_1_105' title="bbox 1822 5083 3391 5165">
    <p class='ocr_par' dir='ltr' id='par_1_105' title="bbox 1822 5083 3391 5165">
     <span class='ocr_line' id='line_1_106' title="bbox 1822 5083 3391 5165; baseline 0.01 -30"><span class='ocrx_word' id='word_1_677' title='bbox 1822 5090 2009 5135; x_wconf 76' lang='lat' dir='ltr'><strong>careat</strong></span> <span class='ocrx_word' id='word_1_678' title='bbox 2057 5083 2123 5136; x_wconf 82' lang='lat' dir='ltr'><strong>ad</strong></span> <span class='ocrx_word' id='word_1_679' title='bbox 2174 5087 2677 5155; x_wconf 84' lang='lat' dir='ltr'><strong>reprehendendum</strong></span> <span class='ocrx_word' id='word_1_680' title='bbox 2722 5092 2951 5161; x_wconf 85' lang='lat' dir='ltr'><strong>aliquem</strong></span> <span class='ocrx_word' id='word_1_681' title='bbox 3011 5094 3391 5165; x_wconf 73' lang='lat' dir='ltr'><strong>negligentem,</strong></span> 
     </span>
    </p>
   </div>
   <div class='ocr_carea' id='block_1_106' title="bbox 1821 5174 3391 5251">
    <p class='ocr_par' dir='ltr' id='par_1_106' title="bbox 1821 5174 3391 5251">
     <span class='ocr_line' id='line_1_107' title="bbox 1821 5174 3391 5251; baseline 0.012 -27"><span class='ocrx_word' id='word_1_682' title='bbox 1821 5184 1913 5225; x_wconf 87' lang='lat' dir='ltr'><strong>aut</strong></span> <span class='ocrx_word' id='word_1_683' title='bbox 1941 5174 2129 5237; x_wconf 89' lang='lat' dir='ltr'><strong>alium,</strong></span> <span class='ocrx_word' id='word_1_684' title='bbox 2154 5178 2246 5245; x_wconf 84' lang='lat' dir='ltr'><strong>qui</strong></span> <span class='ocrx_word' id='word_1_685' title='bbox 2271 5179 2409 5249; x_wconf 74' lang='lat' dir='ltr'><strong>alios</strong></span> <span class='ocrx_word' id='word_1_686' title='bbox 2434 5183 2678 5237; x_wconf 83' lang='lat' dir='ltr'><strong>videatur</strong></span> <span class='ocrx_word' id='word_1_687' title='bbox 2694 5194 3058 5251; x_wconf 90' lang='lat' dir='ltr'><strong>contemnere,</strong></span> <span class='ocrx_word' id='word_1_688' title='bbox 3080 5202 3178 5243; x_wconf 88' lang='lat' dir='ltr'><strong>nec</strong></span> <span class='ocrx_word' id='word_1_689' title='bbox 3204 5191 3391 5245; x_wconf 88' lang='lat' dir='ltr'><strong>oculos</strong></span> 
     </span>
    </p>
   </div>
   <div class='ocr_carea' id='block_1_107' title="bbox 1821 5554 3382 5640">
    <p class='ocr_par' dir='ltr' id='par_1_107' title="bbox 1821 5554 3382 5640">
     <span class='ocr_line' id='line_1_108' title="bbox 1821 5554 3382 5640; baseline 0.014 -33"><span class='ocrx_word' id='word_1_690' title='bbox 1821 5554 2007 5610; x_wconf 86' lang='lat' dir='ltr'><strong>liastes</strong></span> <span class='ocrx_word' id='word_1_691' title='bbox 2032 5556 2170 5640; x_wconf 73' lang='lat' dir='ltr'><strong>infra</strong></span> <span class='ocrx_word' id='word_1_692' title='bbox 2192 5562 2388 5640; x_wconf 71' lang='lat' dir='ltr'><strong>posuit</strong></span> <span class='ocrx_word' id='word_1_693' title='bbox 2425 5564 2642 5640; x_wconf 56' lang='grc' dir='ltr'>ὑψηλῶν</span> <span class='ocrx_word' id='word_1_694' title='bbox 2681 5566 2847 5640; x_wconf 84' lang='grc' dir='ltr'>ἀρετῇ</span> <span class='ocrx_word' id='word_1_695' title='bbox 2896 5572 2986 5623; x_wconf 76' lang='grc' dir='ltr'><strong>καὶ</strong></span> <span class='ocrx_word' id='word_1_696' title='bbox 3020 5570 3382 5640; x_wconf 74' lang='grc' dir='ltr'>κατορθωμάι</span> 
     </span>
    </p>
   </div>
   <div class='ocr_carea' id='block_1_108' title="bbox 1818 5572 3383 5703">
    <p class='ocr_par' dir='ltr' id='par_1_108' title="bbox 1818 5572 3383 5703">
     <span class='ocr_line' id='line_1_109' title="bbox 1821 5572 3382 5693; baseline 0.014 -86"><span class='ocrx_word' id='word_1_697' title='bbox 1821 5572 2007 5610; x_wconf 64' lang='lat' dir='ltr'><strong>names</strong></span> <span class='ocrx_word' id='word_1_698' title='bbox 2032 5572 2170 5613; x_wconf 77' lang='lat' dir='ltr'><strong>intra</strong></span> <span class='ocrx_word' id='word_1_699' title='bbox 2185 5572 2388 5683; x_wconf 56' lang='lat' dir='ltr'><strong>aposuit</strong></span> <span class='ocrx_word' id='word_1_700' title='bbox 2425 5572 2642 5632; x_wconf 83' lang='grc' dir='ltr'>ὑψηλῶν</span> <span class='ocrx_word' id='word_1_701' title='bbox 2681 5572 2847 5693; x_wconf 72' lang='grc' dir='ltr'>ἀρετᾶ</span> <span class='ocrx_word' id='word_1_702' title='bbox 2896 5572 2986 5623; x_wconf 76' lang='grc' dir='ltr'><strong>καὶ</strong></span> <span class='ocrx_word' id='word_1_703' title='bbox 3020 5572 3382 5640; x_wconf 74' lang='grc' dir='ltr'>κατορθωμάι</span> 
     </span>
     <span class='ocr_line' id='line_1_110' title="bbox 1818 5630 3383 5703; baseline 0.015 -27"><span class='ocrx_word' id='word_1_704' title='bbox 1818 5641 1943 5691; x_wconf 86' lang='grc' dir='ltr'>των,</span> <span class='ocrx_word' id='word_1_705' title='bbox 1963 5641 2085 5695; x_wconf 70' lang='lat' dir='ltr'><strong>qua:</strong></span> <span class='ocrx_word' id='word_1_706' title='bbox 2108 5630 2183 5703; x_wconf 14' lang='lat'><strong>167</strong></span> <span class='ocrx_word' id='word_1_707' title='bbox 2223 5634 2398 5703; x_wconf 76' lang='grc' dir='ltr'>ρρητα</span> <span class='ocrx_word' id='word_1_708' title='bbox 2422 5635 2772 5701; x_wconf 46' lang='lat' dir='ltr'><strong>explicarent.</strong></span> <span class='ocrx_word' id='word_1_709' title='bbox 2849 5641 3027 5694; x_wconf 91' lang='lat' dir='ltr'><strong>umilis</strong></span> <span class='ocrx_word' id='word_1_710' title='bbox 3052 5656 3155 5694; x_wconf 88' lang='lat' dir='ltr'><strong>non</strong></span> <span class='ocrx_word' id='word_1_711' title='bbox 3188 5652 3383 5700; x_wconf 78' lang='lat' dir='ltr'><strong>tractat</strong></span> 
     </span>
    </p>
   </div>
   <div class='ocr_carea' id='block_1_109' title="bbox 1817 5702 3383 5779">
    <p class='ocr_par' dir='ltr' id='par_1_109' title="bbox 1817 5702 3383 5779">
     <span class='ocr_line' id='line_1_111' title="bbox 1817 5702 3383 5779; baseline 0.017 -33"><span class='ocrx_word' id='word_1_712' title='bbox 1817 5709 2015 5779; x_wconf 75' lang='lat' dir='ltr'><strong>arcana</strong></span> <span class='ocrx_word' id='word_1_713' title='bbox 2044 5713 2149 5779; x_wconf 63' lang='lat' dir='ltr'><strong>seu</strong></span> <span class='ocrx_word' id='word_1_714' title='bbox 2173 5702 2572 5779; x_wconf 80' lang='lat' dir='ltr'><strong>inen&#39;arrabilia,</strong></span> <span class='ocrx_word' id='word_1_715' title='bbox 2613 5708 2720 5763; x_wconf 86' lang='lat' dir='ltr'><strong>alta</strong></span> <span class='ocrx_word' id='word_1_716' title='bbox 2768 5724 2961 5779; x_wconf 86' lang='lat' dir='ltr'><strong>nempe</strong></span> <span class='ocrx_word' id='word_1_717' title='bbox 2996 5711 3062 5766; x_wconf 94' lang='lat' dir='ltr'><strong>de</strong></span> <span class='ocrx_word' id='word_1_718' title='bbox 3098 5712 3292 5767; x_wconf 88' lang='lat' dir='ltr'><strong>virtute</strong></span> <span class='ocrx_word' id='word_1_719' title='bbox 3327 5726 3383 5771; x_wconf 91' lang='lat' dir='ltr'><strong>ct</strong></span> 
     </span>
    </p>
   </div>
   <div class='ocr_carea' id='block_1_110' title="bbox 1812 5766 2301 5833">
    <p class='ocr_par' dir='ltr' id='par_1_110' title="bbox 1812 5766 2301 5833">
     <span class='ocr_line' id='line_1_112' title="bbox 1812 5766 2301 5833; baseline 0.012 -14"><span class='ocrx_word' id='word_1_720' title='bbox 1812 5766 2093 5833; x_wconf 62' lang='lat' dir='ltr'><strong>praeclaris</strong></span> <span class='ocrx_word' id='word_1_721' title='bbox 2124 5770 2301 5825; x_wconf 82' lang='lat' dir='ltr'><strong>factis.</strong></span> 
     </span>
    </p>
   </div>
  </div>
