4030 6342
603 493 621 551 1
635 496 738 555 ‘31)?-

1861 481 1921 540 S-
1956 476 2276 540 JOANNIS
2313 471 2625 536 CLIMACI
2665 484 2670 490 ‘

3551 450 3838 528 "1008

598 603 813 664 habeat,
838 600 1039 671 quibus
1081 598 1148 652 ad
1189 597 1422 652 aliorum
1468 592 1715 647 defectus
1756 587 2036 651 attendat;
2081 599 2181 639 nec

2298 582 2597 671 ξφοαλμοὺς
2619 579 2740 671 ἔχει
2785 578 2946 633 ἄλλου
2980 575 3336 647 ἐλαττώματα
3380 575 3701 654 προσέχειν..
3733 574 3846 628 οὔτε

596 709 754 745 :tttrt's
801 690 1002 760 quibus
1039 701 1103 742 ea
1154 701 1276 756 qua:
1310 685 1508 738 animae
1539 695 1646 735 non
1681 683 1930 749 prosunt,
1973 675 2178 737 audiat,

597 800 695 838 nec
727 799 851 838 cum
885 783 993 836 ullo
1023 795 1136 834 rem
1181 788 1273 833 aut
1307 771 1738 832 controversiam
1770 769 1877 824 nisi
1912 781 2036 822 cum
2063 764 2181 820 suis

597 875 852 946 peccatis.
888 872 994 928 Sed
1015 857 1217 940 pacem
1244 883 1368 924 cum
1399 856 1654 922 omnibus
1683 859 2003 916 mortalibus
2029 857 2180 919 colit,

499 1021 509 1042 ί
598 977 819 1037 propter
846 975 1174 1034 prmceptum
1207 958 1448 1024 Domini,
1476 968 1532 1012 et
1575 971 1682 1010 non
1717 961 1937 1024 propter
1987 948 2182 1003 amici-

599 1060 754 1112 tiam.
790 1057 845 1113 Si
882 1057 1007 1126 quis
1048 1055 1193 1110 enim
1225 1051 1418 1106 diebus
1445 1065 1539 1104 sex
1565 1058 1618 1102 et
1642 1046 1827 1101 alteris
1864 1059 1958 1099 sex
1999 1057 2032 1097 a
2058 1039 2184 1098 cibo

600 1153 887 1211 abstineat,
923 1161 1154 1216 seseque
1198 1143 1506 1215 ingentibus
1551 1138 1850 1201 laboribus,
1897 1130 2182 1206 praeceptis

600 1251 654 1296 et
684 1240 946 1295 molestiis
975 1243 1407 1306 cxponat,extra
1438 1241 1622 1286 tamen
1655 1230 1795 1284 hanc
1820 1227 1962 1282 viam
1993 1221 2181 1279 omnia

603 1343 728 1387 sunt
753 1332 966 1386 inutilia
990 1339 1045 1382 et
1067 1326 1271 1381 inania.

1292 1415 1476 1468 Aliud.

676 1516 733 1569 Si
783 1514 1001 1586 quidem
1067 1511 1309 1566 nondum
1370 1503 1707 1576 acquisivisti
1760 1501 1882 1572 (has
1913 1500 2182 1566 virtutes),

605 1609 795 1677 procul
851 1607 980 1660 abes
1018 1621 1045 1659 a
1080 1601 1367 1673 praeceptis
1395 1597 1527 1664 Dei;
1558 1595 1604 1651 si
1642 1608 1771 1648 vero
1796 1591 1909 1662 ja'm
1943 1588 2184 1660 acquisi-

563 1726 576 1737 -
606 1702 752 1764 \‘lsll,
787 1713 976 1753 servus
1023 1695 1235 1748 inutilis
1279 1709 1378 1756 es;
1415 1688 1562 1759 quod
1606 1677 1841 1741 debuisti
1873 1681 2049 1736 facere
2103 1680 2186 1734 l‘e-

607 1793 728 1848 cisti
762 1792 826 1854 ³⁰,
882 1788 1003 1843 aliis
1034 1787 1204 1840 multa
1235 1797 1401 1853 supra
1432 1787 1700 1851 praecepta
1729 1773 2073 1831 facientibus.

1210 1876 1459 1933 Scholion
1486 1875 1573 1929 M.

2286 667 2400 726 ὦτα
2442 673 2557 742 ἔχει
2605 670 2836 724 ἀκοῦσαι
2864 668 2935 722 τὰ
2967 668 3042 738 μὴ
3076 665 3391 737 ὠφελοῦντα
3431 665 3533 738 τὴν
3556 665 3735 736 ψυχὴν
3763 666 3848 719 αὑ-

2285 765 2381 818 τοῦ
2404 777 2418 794 ⁸
2451 764 2550 817 καὶ
2593 762 2693 816 οὐκ
2741 761 2856 833 ἔχει
2907 759 3048 829 μετά
3091 775 3238 822 τινος
3265 759 3519 830 πρᾶγμα,
3567 757 3708 828 πλὴν
3749 756 3850 809 τῶν

2287 853 2572 926 ἁμαρτιῶν
2596 850 2760 906 αὑτοῦ
2779 869 2794 884 ·
2819 850 2957 906 ἀλλὰ
2975 851 3112 923 πρὸς
3132 850 3340 912 πάντας
3363 847 3683 919 ἀνθρώπους
3710 846 3850 901 ἐστὶν

2287 946 2562 1025 εἰρηνικὸς
2592 943 2682 1000 διὰ
2722 945 2822 1016 τὴν
2853 942 3070 1014 ἐντολὴν
3099 940 3193 995 τοῦ
3221 940 3378 1007 Θεοῦ,
3410 939 3506 995 καὶ
3552 940 3614 994 οὐ
3640 939 3730 993 διὰ
3757 941 3849 1008 τὴν

2288 1039 2493 1107 φιλίαν.
2543 1037 2670 1090 Ἐὰν
2699 1036 2808 1105 γάρ
2842 1051 2924 1098 τις
2951 1031 3190 1106 νηστεύῃ
3220 1030 3300 1098 ἐξ,
3351 1029 3444 1084 καὶ
3488 1029 3570 1098 ἓξ,
3600 1029 3694 1083 καὶ
3721 1025 3848 1093 ὲκὸᾦ

2276 1130 2479 1186 ’ἑαυτὸν
2537 1129 2618 1192 είς
2676 1125 2946 1197 μεγάλους
3002 1125 3204 1188 κόπους
3264 1122 3361 1178 καὶ
3411 1120 3652 1186 ἐντολὰς,
3707 1118 3849 1182 ἐκτὸς

2288 1224 2385 1293 τῆς
2427 1219 2550 1275 ὀδοῦ
2587 1219 2814 1290 ταύτης,
2855 1216 3058 1282 πάντες
3110 1217 3160 1270 oi
3209 1214 3370 1270 κόποι
3393 1210 3558 1267 αὑτοῦ
3601 1209 3851 1282 ἄχρηστοι

2289 1315 2444 1368 είσιν.
3395 1313 3399 1316 ’

2819 1454 2822 1464 ,
2969 1402 3182 1456 "am.
3606 1452 3608 1455 .

2361 1498 2422 1552 Εἰ
2456 1495 2556 1566 μὲν
2592 1512 2668 1568 μη
2699 1471 2898 1565 κτήσῃ,
2931 1490 3150 1562 μακρὰν
3195 1485 3248 1543 εἴ
3288 1486 3518 1542 ἐντολῶν
3560 1483 3653 1538 τοῦ
3688 1481 3851 1538 Θεοῦο

2291 1587 2341 1639 εἰ
2370 1586 2428 1638 δὲ
2471 1586 2670 1656 κτήσῃ,
2715 1584 2934 1654 ἀχρεῖος
2977 1572 3029 1633 εἷ
3054 1577 3261 1643 δοῦλος·
3300 1577 3332 1632 ὃ
3365 1575 3594 1647 ὢφειλες
3619 1575 3852 1644 ποιῆσαι,

2291 1677 2622 1748 πεποίηκας,
2673 1674 2878 1745 ἐτέρων
2927 1672 3018 1726 καὶ
3068 1670 3210 1742 ὑπὲρ
3268 1669 3377 1723 τῶν
3429 1665 3659 1722 ἐντολῶν
3709 1683 3855 1739 ποιη-

2297 1783 2523 1820 σαντων.

2893 1857 3151 1925 Σχολιον
3185 1853 3248 1907 ιδ’
3254 1894 3267 1908 .

677 1973 880 2025 Omnes
929 1967 1294 2039 proprietates
1325 1978 1490 2034 supra
1525 1968 1581 2031 (a
1605 1958 1871 2026 Climaco)
1909 1953 2191 2024 explicata:

2362 1950 2444 2004 Τὰ
2478 1947 2895 2020 προδηλωθέντα
2931 1947 3215 2016 ἰδιώματα,
3248 1942 3424 2014 πάρεξ
3462 1941 3558 1998 τοῦ
3603 1941 3744 1996 κατὰ
3778 1938 3857 1994 δό-

609 2074 801 2136 praeter
824 2028 1011 2125 unain,
1035 2028 1179 2129 uqua!
1209 2066 1293 2113 est
1325 2028 1544 2124 opinio,
1590 2048 1893 2106 ostendunt
1951 2057 2105 2114 opes,
2135 2049 2192 2096 et

2298 2059 2479 2114 κησιν,
2514 2039 2609 2094 τοῦ
2641 2039 2874 2094 πλούτου
2909 2035 3221 2110 σημαντικὰ
3245 2036 3345 2106 τῆς
3381 2028 3757 2096 ταπεινώσεὼς
3782 2031 3856 2084 εί-

619 2131 937 2211 tliesaurutn
967 2149 1321 2214 humilitatis;
1346 2147 1450 2201 hoc
1474 2144 1622 2200 enim
1653 2142 1736 2210 (ut
1769 2138 1914 2206 reor)
1942 2144 2028 2192 est
2057 2131 2190 2214 illud

613 2257 779 2300 unum
807 2242 1015 2312 (opinio
1044 2239 1314 2310 inquam).
2048 2232 2051 2234 ’

1221 2325 1469 2382 Scholion
1502 2323 1590 2377 15.

694 2427 826 2482 Vera
863 2423 1143 2478 humilitas
1176 2419 1392 2474 soboles
1423 2422 1507 2470 est
1557 2408 1916 2482 cognitionis;
1957 2403 2193 2474 cognitio

617 2537 743 2579 vera
777 2518 943 2590 328
976 2523 1164 2586 partus
1197 2510 1580 2566 tentationum.

1221 2669 1470 2726 Scholion
1511 2663 1599 2718 16.

686 2773 790 2842 Qui
821 2785 916 2842 per
965 2769 1108 2822 viam
1147 2746 1354 2818 Christi
1397 2766 1453 2812 et
1505 2748 1831 2809 humilitatis
1884 2744 2194 2814 religiosam

572 2932 575 2936 ι
617 2835 784 2922 vitam
822 2835 906 2916 est
931 2861 1235 2930 ingressus,
1270 2852 1360 2906 hic
1391 2850 1526 2902 bene
1557 2845 1610 2898 in
1637 2841 1728 2898 illa
1751 2835 2110 2909 ingredietur,
2142 2841 2198 2886 et

621 2964 939 3029 praesentem
994 2951 1161 3004 vitam
1199 2943 1527 3014 egredietur,
1561 2946 1616 2992 et
1657 2947 1859 3004 pascua
1905 2943 2031 2985 cum
2063 2940 2196 2996 gau-

622 3051 710 3105 dio
745 3045 973 3116 reperiet
1001 3041 1055 3094 in
1096 3035 1370 3109 paradiso.

1216 3212 1462 3269 Scholion
1509 3207 1598 3261 1⁸7.

693 3315 886 3369 Oleum
948 3307 1185 3380 appellat
1243 3303 1601 3359 humilitatem
1665 3311 1787 3368 quae
1845 3293 2042 3347 anima:
2105 3299 2203 3357 per

625 3405 853 3477 gratiam
917 3378 1247 3455 inlunditur.
1279 3392 1421 3448 Tum
1482 3400 1666 3446 autem
1727 3383 2009 3441 humilitas
2045 3378 2203 3433 nobis

627 3471 928 3557 confertur,
958 3487 1178 3560 quando
1206 3501 1307 3542 nos
1335 3483 1594 3540 omnibus
1633 3476 1958 3534 mortalibus
1983 3471 2204 3526 viliores

628 3586 1029 3642 existimamus.

1231 3666 1481 3722 Scholion
1518 3663 1603 3717 l8.

703 3765 991 3822 llumilitas
1035 3776 1142 3816 non
1193 3769 1279 3815 est
1335 3754 1685 3812 conscientia:
1732 3748 2062 3821 desperatio,
2111 3744 2206 3799 sed

632 3861 827 3915 divina:
856 3855 1140 3912 charitatis
1162 3863 1217 3908 et
1247 3845 1747 3906 commiserationis
1777 3842 2038 3912 c0gnitio.

1286 4029 1464 4084 lsaaci
1493 4027 1576 4082 l9.

707 4130 809 4197 Qui
842 4129 1115 4184 sustinere
1147 4134 1322 4195 potest
1359 4120 1593 4176 ltoniinis
1621 4115 1917 4188 importuni
1941 4123 1997 4170 et
2023 4113 2210 4169 incon-

636 4220 863 4277 siderati
901 4219 1122 4273 verbum
1164 4216 1363 4270 durum
1402 4221 1624 4283 propter
1655 4210 1847 4275 Deum,
1890 4217 1944 4262 et
1984 4215 2210 4278 propter

636 4311 996 4381 cogitationes
1039 4309 1093 4361 in
1143 4321 1274 4376 pace
1310 4303 1738 4367 conservandas,
1791 4300 1881 4355 hic
1929 4299 2213 4352 vocabitur

640 4406 781 4458 tilius
821 4405 989 4472 pacis,
1025 4411 1322 4469 pacemque
1369 4394 1669 4466 possidebit
1716 4396 1932 4456 animae,
1965 4392 2213 4461 corporis

637 4510 693 4550 et
721 4498 963 4564 spiritus.

1331 4581 1512 4636 Aliud.

593 4669 599 4676 ’
708 4679 812 4747 Qui
863 4678 1101 4733 laborem
1151 4685 1206 4729 et
1251 4672 1637 4729 contumeliam
1703 4685 1798 4724 seu
1857 4669 2209 4738 ignominiam

2227 3251 2274 3314 C

2293 2152 2376 2188 σιν
2397 2151 2411 2166 ο
2443 2132 2575 2188 αὐτὸ
2604 2133 2713 2204 γάρ
2742 2133 2858 2186 ἐστι
2891 2131 2952 2185 τὸ
2978 2130 3056 2196 ἓν,
3085 2129 3162 2192 ὡς
3190 2124 3364 2199 οἶμαι.

2892 2309 3156 2377 Σχόλιον
3189 2303 3275 2358 ιε’.

2377 2406 2440 2457 'H
2489 2401 2720 2473 ἀληθινὴ
2765 2398 3095 2461 ταπείνωσις
3145 2391 3391 2466 γέννημά
3432 2392 3550 2445 ἐστι
3585 2391 3685 2461 τῆς
3727 2387 3858 2458 γνὼ-

2297 2512 2454 2560 σεως,
2508 2497 2602 2547 καὶ
2650 2493 2685 2562 ὴ
2730 2490 2933 2559 γνῶσις
2978 2490 3012 2560 ἡ
3055 2483 3284 2557 ἀληθινὴ
3325 2483 3570 2555 γέννημα
3606 2483 3717 2536 τῶν
3746 2497 3860 2535 πει-

2299 2586 2547 2656 ρασμῶν.

2881 2671 2928 2723 Σ
2929 2669 3140 2738 χόλων
3187 2665 3284 2731 ιςῗ.

2381 2768 2441 2820 Ὁ
2467 2766 2557 2821 διὰ
2589 2749 3024 2837 κριστομιμήτου
3073 2757 3347 2820 πολιτείας
3374 2755 3470 2809 καὶ
3496 2751 3863 2816 ταπεινώσεως

2299 2856 2482 2912 είσιὼν
2505 2859 2585 2920 είς
2615 2856 2707 2910 τὸν
2746 2853 2862 2925 βίον
2903 2852 3011 2906 τῶν
3052 2849 3326 2923 μοναχῶν,
3355 2840 3511 2910 οὗτος
3540 2845 3722 2910 καλῶς
3761 2845 3864 2898 sio-

2299 2950 2574 3004 ελεύσεται
2615 2944 2873 3015 ἐνταύτῷ,
2921 2943 3017 2997 καὶ
3062 2938 3401 3010 ἐξελεύσεται
3447 2938 3548 3010 τῆς
3595 2936 3864 3009 παρούσης

2302 3043 2445 3113 ζωῆς
2465 3058 2477 3070 ’
2509 3041 2603 3094 καὶ
2625 3036 2796 3109 νομὴν
2829 3037 2945 3107 μετ’
2977 3035 3316 3107 εὐφροσύνης
3343 3033 3568 3104 εὑρήσει
3588 3031 3688 3102 τὴν
3717 3032 3775 3083 ὲν
3794 3026 3866 3098 τῷ

2305 3129 2634 3200 παραδείσῳ.

2894 3221 2942 3272 Σ
2944 3218 3155 3286 χόλων
3203 3211 3290 3276 ιζ’.

2331 3299 2348 3314 ’
2379 3314 2567 3378 Ἔλεος
2621 3302 2805 3382 λέγεί
2833 3311 2933 3380 τὴν
2989 3302 3426 3377 προσγινομένην
3468 3302 3536 3371 τῇ
3592 3298 3738 3368 ψυχῇ
3785 3295 3866 3348 διὰ

2305 3409 2402 3479 τῆς
2433 3408 2651 3479 χάριτος
2672 3401 3001 3458 ταπείνωσιν
3019 3415 3036 3432 ο
3065 3394 3416 3468 προσγίνεται
3443 3390 3522 3456 δὲ,
3564 3390 3651 3444 ὅτε
3681 3385 3867 3450 παντὸς

2307 3499 2595 3572 ἀνθρώπου
2628 3495 3044 3562 εὐτελεστέρους
3076 3489 3300 3551 ἑαυτοὺς
3327 3482 3667 3558 ἡγησόμεθα.

2905 3669 3164 3737 Σχόλιον
3195 3663 3286 3734 ιη’.

2382 3767 2496 3821 Οὐκ
2545 3764 2660 3818 ἔστι
2720 3760 3079 3830 συνειδήσεως
3140 3753 3486 3822 κατάγνωσις
3535 3752 3571 3824 η
3625 3761 3867 3802 ταπεινο-

2311 3857 2575 3930 φροσύνη,
2625 3853 2762 3908 ἀλλὰ
2806 3851 3025 3922 χάριτος
3071 3844 3213 3910 Θεοῦ,
3254 3846 3346 3898 καὶ
3385 3839 3727 3915 συμπαθείας
3761 3837 3863 3890 tul-

2313 3965 2513 4018 γνωσις
2528 3980 2543 3995 .

2795 4032 3040 4102 Σχόλιον
3086 4025 3293 4086 Ἰσαὰκ
3329 4025 3418 4080 ιθ’.

2398 4128 2454 4182 Ὀ
2476 4129 2772 4198 δυνάμενος
2801 4125 2988 4196 φέρειν
3021 4121 3174 4193 ῥῆμα
3203 4117 3438 4188 σκληρὸν
3460 4112 3751 4188 δυσχεροῦς
3786 4111 3871 4163 καὶ

2317 4220 2582 4276 ἀσυνέτου
2623 4217 2712 4271 διὰ
2755 4216 2848 4270 τὸν
2884 4213 3035 4278 Θεὸν,
3083 4209 3178 4265 καὶ
3207 4207 3295 4262 διὰ
3330 4206 3391 4260 τὸ
3422 4205 3720 4277 είρηνεύειν
3756 4198 3869 4260 τοὺς

2316 4310 2628 4381 λογισμοὺς,
2656 4302 2812 4370 οὗτος
2837 4304 3170 4375 κληθήσεται
3201 4301 3318 4366 υίὸς
3360 4299 3460 4372 τῆς
3505 4296 3748 4369 εἰρήνης,
3787 4289 3870 4342 καὶ

2317 4405 2539 4465 δυνατός
2571 4402 2718 4454 ἐστιν
2747 4400 2776 4452 ὁ
2812 4395 3051 4459 τοιοῦτος
3092 4393 3397 4465 κτήσασθαι
3434 4391 3658 4462 εἰρήνην
3685 4382 3869 4455 ψυχῆς,

2317 4497 2411 4547 καὶ
2441 4493 2710 4564 σώματος,
2733 4489 2830 4543 καὶ
2858 4488 3185 4558 πνεύματος.

3000 4578 3207 4632 Ἄλλο.

2395 4670 2705 4727 Ἀποϐαλὼν
2746 4671 2906 4725 πόνον
2947 4670 3040 4722 καὶ
3066 4665 3312 4735 ἀτιμίαν,
3342 4663 3420 4735 μὴ
3453 4661 3782 4733 ὲπαγγέλλου
3805 4659 3873 4714 δι’

643 4775 739 4828 abs
769 4782 823 4827 te
853 4770 1057 4840 rejicis,
1085 4783 1194 4822 non
1224 4778 1309 4827 est,
1341 4765 1484 4834 quod
1517 4764 1807 4836 promittas
1852 4761 1947 4815 tibi
2009 4771 2059 4815 te
2117 4778 2195 4832 pet

2313 4765 2516 4835 ἐτέρων
2563 4761 2773 4834 ἀρετῶν
2812 4762 3110 4832 μετανοεῖν.
3160 4755 3453 4822 Κενοδοξία
3501 4755 3610 4826 γὰρ
3655 4753 3747 4808 καὶ
3788 4751 3873 4804 dvo

645 4867 883 4934 reliquas
906 4864 1132 4917 virtutes
1163 4858 1536 4930 paenitentiam
1568 4868 1837 4911 acturum.
1866 4851 2017 4907 Vana
2046 4853 2195 4924 glori:

2316 4846 2556 4926 αλγησία
2616 4854 2889 4910 δουλεύειν
2931 4855 2998 4921 τῇ
3048 4848 3291 4921 ἁμαρτία
3349 4846 3442 4902 διὰ
3505 4845 3665 4911 δόξαν
3720 4837 3873 4910 πεφῦ·

645 4957 812 5018 enim,
848 4964 902 5008 et
934 4965 1117 5022 stupor
1148 4952 1330 5007 cordis
1375 4949 1583 5004 servire
1623 4951 1798 5002 solent
1828 4956 2050 5017 peccato
2095 4961 2219 5014 pro-

650 5056 766 5114 pter
785 5041 1033 5114 gloriam.

2318 4966 2501 5002 κασιν.

1348 5131 1524 5184 Aliud.

3010 5122 3206 5175 Ἄλλο.

720 5225 777 5278 Si
808 5238 970 5293 quem
993 5221 1193 5276 videris
1225 5221 1278 5274 in
1305 5222 1476 5274 multa
1515 5217 1811 5291 ignominia
1861 5218 2195 5272 conslitutun

2403 5221 2570 5274 Ὅταν
2600 5221 2712 5292 ἴδῃς
2755 5214 2878 5272 τινὰ
2904 5216 2960 5268 έν
2989 5213 3156 5284 πολλῇ
3197 5213 3392 5285 ἀτιμίᾳ
3423 5205 3772 5277 ὀδυνώμενον,
3799 5198 3874 5267 γε’

649 5315 958 5379 lamentari,
995 5316 1134 5369 scito
1174 5313 1324 5367 illutn
1367 5327 1520 5366 vanae
1575 5311 1760 5380 gloriae
1806 5308 2189 5378 cogitationibu

2326 5330 2503 5366 νωσκε
2545 5313 2628 5366 ὅτι
2673 5310 2952 5380 λογισμοῖς
2993 5304 3297 5370 κενοδοξίας
3328 5291 3876 5380 καταηεθεὶςὶηδῶς

650 5418 997 5477 occupatum,
1023 5405 1090 5458 de
1117 5405 1466 5459 interioribus
1498 5403 1680 5457 cordis
1711 5401 2004 5469 manipulis
2048 5402 2194 5455 mani

2327 5405 2436 5458 τῶν
2467 5401 2778 5474 καρδιακῶν
2818 5397 3145 5469 δραγμάτων
3177 5395 3380 5468 Θερίζει
3406 5393 3478 5449 τὰ
3515 5379 3816 5463 δράγματα.

653 5501 807 5571 pulos
831 5513 953 5553 cum
983 5495 1174 5551 dolore
1197 5509 1418 5549 metere.

1344 5587 1522 5642 Aliud.

723 5685 844 5749 Quo
866 5682 1163 5752 improbior
1183 5696 1262 5744 cs,
1290 5680 1392 5734 hoc
1426 5682 1606 5737 minus
1634 5693 1822 5734 recusa
1868 5680 2038 5736 multa
2081 5681 2222 5737 mala

3027 5579 3226 5634 Ἄλλο.

2404 5678 2567 5731 Ὅσον
2609 5672 2662 5729 εἴ
2705 5671 3061 5743 κακότροπος,
3095 5668 3156 5722 τὸ
3187 5661 3520 5728 κακοπαθεῖν
3551 5661 3626 5734 μὴ
3664 5654 3878 5715 ἀπαναί·

732 5907 773 5937 ⁵ο
809 5903 938 5957 Luc.
972 5919 1101 5968 xvn,
1134 5903 1217 5956 lU.
