4030 6342
205 404 329 467 1009

1134 400 1380 465 lSCALA
1415 396 1792 458 PARADISI.
1824 421 1892 431 --
1925 397 2231 459 GRADUS
2257 399 2430 461 XXV.

3296 407 3426 471 1010

201 531 305 576 νου,
357 512 445 565 ἵνα
491 510 563 566 δι’
614 510 786 581 αὐτῆς
836 508 1193 571 ταπεινωθεὶς
1240 508 1339 578 τὴν
1382 507 1762 577 ὑπερηφανίαν

1876 507 1999 574 pati,
2031 516 2089 561 ιιι
2139 524 2233 578 per
2279 525 2400 564 eam
2464 510 2823 581 (patientiam)
2864 511 3152 582 depressus
3210 531 3429 571 evomas

202 605 413 676 ἐμέσῃς·

661 698 705 748 Σ
707 694 914 762 χόλιον
969 693 1172 748 Ἰσαὰκ
1201 698 1269 745 κ’.

267 792 742 863 Ταπεινοφροσύνη
775 791 891 845 ἐστὶ
936 790 1059 844 κατ’
1080 788 1355 860 ἀλήθειαν,
1388 789 1535 849 ὅστις
1566 786 1680 855 ἔχει
1706 785 1764 838 ἐν

202 882 273 952 τῷ
309 881 537 951 κρυπτῷ
580 898 633 935 τι
680 880 830 947 άξιον
876 879 1268 950 ὑπερηφανίας,
1313 877 1407 931 καὶ
1452 877 1549 947 οὐχ
1591 877 1759 946 ὑπερ-

202 964 547 1043 ηφανεύεται,
574 969 690 1026 ἀλλ’
710 967 786 1034 ὡς
814 968 943 1040 χοῖον
972 968 1085 1038 ἔχει
1119 967 1310 1021 ἑαυτὸν
1342 967 1401 1019 ἐν
1421 964 1499 1035 τῷ
1522 963 1766 1035 λογισμῷ

206 1060 381 1115 αὑτοῦ.

488 1150 745 1220 Σχόλιον
770 1147 1016 1216 Μάρκου
1055 1144 1328 1215 μοναχοῦ
1360 1142 1465 1197 κα’.

279 1242 464 1303 Ἐκτδς
490 1239 829 1313 σύντριμμοῦ
877 1237 1123 1308 καρδίας,
1159 1236 1419 1290 ἀδύνατον
1446 1234 1507 1287 τὸ
1537 1233 1765 1288 καθόλου

203 1333 580 1402 ἀπαλλαγῆναι
624 1332 843 1397 κακίας,
894 1331 1166 1402 συντρίϐει
1203 1329 1261 1382 δὲ
1288 1327 1510 1397 καρδίαν
1561 1328 1593 1396 ἡ
1632 1343 1765 1396 τρι-

208 1425 372 1495 μερὴς
415 1426 730 1495 ἐγκράτεια,
764 1422 932 1476 ὕπνου
958 1422 1119 1491 λέγω,
1155 1422 1248 1475 καὶ¹
1275 1419 1502 1490 τροφῆς,
1538 1416 1632 1470 καὶ
1662 1433 1764 1469 σω-

207 1516 436 1585 ματικῆς
468 1516 725 1579 ἀνέσεως.
779 1516 845 1569 Ἦ
889 1516 996 1584 γάρ
1046 1512 1251 1566 τούτων
1303 1509 1588 1578 περισσεία
1639 1508 1766 1578 ἡδυ-

206 1605 432 1659 πάθειαν
460 1605 737 1675 ἐκτίθησιν
758 1620 771 1633 ο
803 1607 836 1675 ή
867 1604 925 1658 δὲ
971 1603 1271 1674 ἡδυπάθεια
1318 1600 1443 1662 τοὺς
1496 1599 1767 1668 πονηροὺς

208 1696 494 1765 λογισμοὺς
523 1696 918 1767 παραδέχεται·
958 1695 1257 1749 ἀντίκειται
1288 1692 1344 1747 δὲ
1383 1692 1475 1745 καὶ
1499 1693 1564 1761 τῇ
1602 1707 1767 1762 προσ-

206 1791 355 1858 ευχῇ,
387 1789 481 1843 καὶ
511 1791 578 1859 τῇ
604 1788 957 1859 προσηκούσῃ
982 1786 1244 1857 διακονίᾳ.

486 1940 491 1947 ,
567 1893 571 1896 ’
789 1879 1048 1948 Σχόλιον
1076 1876 1180 1946 κβ’.

269 1970 386 2023 οὐκ
418 1969 761 2041 ἀναισθητεῖν
805 1969 1038 2034 κελεύει,
1071 1968 1185 2022 ἀλλ’
1213 1966 1508 2038 ἐπιμελῶς,
1536 1965 1611 2029 ὡς
1638 1964 1770 2033 άλη-

208 2059 350 2113 θέσιν
389 2064 501 2123 τοῖς
529 2061 790 2129 ἐπαίνοις,
838 2060 1124 2130 προσέχειν
1170 2060 1264 2113 καὶ
1312 2056 1603 2128 ἐφήδεσθαι
1651 2073 1770 2107 τινα

208 2152 297 2204 καὶ
340 2150 490 2217 ἄξιον
538 2148 677 2206 εἶναι
720 2152 827 2206 τῶν
873 2151 1127 2204 ’τοιούτων
1173 2149 1365 2204 ἐαυτὸν
1422 2145 1769 2208 ὑποτίθεσθαι

209 2243 377 2311 λόγων
409 2242 624 2299 κωλύει.

789 2333 1048 2403 Σχόλιον
1079 2331 1183 2402 κγ’.

275 2424 379 2478 Τὸν
406 2424 562 2495 ἅγιον
594 2425 916 2497 Σεραπίωνα
934 2424 1251 2480 αἰνίττεται.

771 2517 1052 2586 ,Σχόλιον
1083 2514 1183 2568 κδ’.

284 2606 343 2663 '0
375 2610 517 2679 ᾆσιος
556 2609 758 2680 Σιμῶν.

799 2700 1060 2767 Σχόλιον
1087 2700 1184 2751 κε’.

286 2788 347 2842 '0
390 2765 885 2860 ταπεινοφροσύνης
930 2783 1355 2856 ἐπιμελούμενος
1381 2783 1441 2836 οὐ
1501 2765 1808 2852 φροντίζει

208 2876 552 2948 ἀνθρωπίνου
580 2878 1027 2947 προσκόμματος,
1069 2875 1104 2946 ἢ
1143 2873 1421 2946 μέμψεως.

462 2974 465 2977 ’
796 2970 1055 3039 Σχόλιον
1079 2974 1195 3033 κς’.

277 3059 503 3130 Χαίρει,
558 3058 755 3130 φησὶν,
802 3060 831 3111 ὁ
875 3059 1010 3121 Θεὸς
1052 3058 1145 3112 ἐπὶ
1186 3060 1296 3123 τοῖς
1338 3057 1775 3126 ταπεινόφροσιν,

1866 601 2199 670 superbiam.

2496 693 2675 748 Isaaci
2711 696 2800 750 20.

1940 779 2229 838 llumilitas
2259 797 2386 838 vera
2437 794 2541 849 est,
2586 786 2805 854 quando
2853 787 2975 855 quis
3028 788 3157 856 quid
3210 788 3431 859 dignum

1867 874 2121 942 superbia
2150 874 2205 927 in
2238 875 2449 929 occulto
2477 875 2659 940 habet,
2702 888 2756 930 et
2789 885 2967 930 tamen
3016 894 3119 930 non
3167 894 3317 949 super
3335 882 3430 943 bit,

1868 967 1963 1020 sed
1994 966 2228 1036 seipsum
2261 967 2315 1021 in
2344 967 2527 1021 animo
2558 969 2830 1037 pulverem
2862 970 3109 1024 aestimat.

2360 1057 2535 1111 Marci
2570 1060 2810 1111 monachi
2841 1059 2926 1113 2|.

1939 1147 2099 1203 Extra
2130 1150 2511 1205 eontriliouem
2546 1153 2746 1216 cordis,
2795 1152 2907 1205 ﬁeri
2944 1154 3092 1206 nullo
3139 1154 3299 1207 modo
3337 1170 3431 1223 po-

1870 1247 1969 1294 test
2003 1241 2077 1294 uti
2108 1240 2307 1295 malitia
2333 1242 2545 1311 penitus
2573 1243 2838 1296 libereris.
2863 1242 3107 1296 Conterit
3132 1254 3312 1298 autem
3341 1262 3433 1299 cor

1870 1332 2061 1400 triplex
2107 1331 2430 1387 abstinentia
2457 1375 2470 1399 ,
2501 1333 2680 1387 somni
2728 1336 2972 1403 inquam,
3014 1336 3116 1389 cibi
3144 1348 3197 1390 ct
3228 1337 3434 1389 relaxa-

1871 1422 2036 1475 tionis
2068 1423 2335 1491 corporis.
2367 1421 2569 1476 llorum
2611 1424 2754 1476 enim
2790 1423 2954 1493 329
2975 1426 3125 1494 copia
3155 1426 3430 1485 moUiticm

1868 1514 2031 1583 parit,
2082 1513 2306 1568 mollitia
2350 1513 2521 1568 malas
2565 1514 2921 1584 cogitationes
2970 1516 3179 1584 recipit,
3212 1533 3331 1585 qum
3360 1520 3432 1571 si-

1871 1602 1982 1655 mul
2020 1612 2281 1671 repugnat
2310 1602 2489 1656 studio
2520 1601 2796 1670 precandi,
2826 1613 2876 1655 et
2919 1604 3305 1657 convenienter
3336 1608 3435 1655 mi—
3490 1602 3499 1611 '

1870 1693 2156 1748 nistrandi.

2475 1872 2724 1928 Scholion
2750 1874 2839 1928 22.

1940 1962 2058 2017 Non
2088 1963 2327 2033 praecipit
2362 1971 2421 2016 ut
2458 1977 2677 2017 sensum
2728 1978 3022 2027 exuamns;
3065 1964 3155 2017 sed
3189 1964 3437 2033 prohibet

1871 2064 2147 2121 accurate,
2217 2068 2284 2108 ne
2342 2063 2598 2122 tanquam
2652 2054 2795 2108 veris
2846 2056 3096 2109 laudibus
3146 2056 3434 2124 quisquam

1871 2146 2114 2199 animum
2150 2146 2394 2199 advertat
2434 2153 2488 2198 et
2517 2146 2835 2211 delectetur,
2868 2162 3096 2216 seseque
3120 2147 3431 2217 huiusmodi

1873 2240 2050 2295 verbis
2084 2239 2305 2309 dignum
2330 2240 2623 2295 existimet.

2084 2397 2086 2399 φ
2469 2329 2717 2384 Scholion
2742 2329 2831 2384 25.

1947 2419 2209 2475 Sanctum
2248 2418 2601 2489 Serapionem
2642 2422 2907 2491 intelligit.

2475 2511 2723 2565 Scholion
2754 2514 2844 2566 2i.

1949 2599 2277 2657 Venerabilis
2309 2602 2493 2657 Simon
2529 2602 2707 2660 Salus.
2816 2636 2827 2641 π

2488 2694 2721 2749 Scholion
2746 2696 2837 2751 25.

1952 2780 2049 2849 Qui
2083 2784 2266 2839 studet
2292 2786 2606 2851 humilitati,
2661 2801 2768 2841 non
2827 2796 2983 2843 curat
3040 2801 3342 2846 seommata
3387 2802 3444 2849 et

1876 2874 2136 2937 convitia,
2177 2875 2571 2945 hominumque
2601 2877 3072 2945 reprehensiones.

2471 2968 2719 3022 Scholion
2748 2969 2838 3026 26.

1983 3057 2324 3127 Delectatur,
2378 3062 2592 3133 inquit,
2645 3063 2788 3119 Deus
2852 3063 3189 3129 humilibus,
3229 3067 3446 3131 quando

209 3150 349 3220 ὁρῶν
377 3148 573 3220 αύτοὺς
605 3148 1028 3223 χλευαζομένους
1071 3149 1168 3203 καὶ
1193 3148 1580 3218 ὑπομένοντας.
1625 3146 1774 3200 Ἐπεὶ

1880 3152 2026 3207 videt
2076 3153 2197 3208 illos
2251 3170 2450 3209 salinas
2482 3158 2746 3225 patienter
2776 3156 2936 3210 ferre.
2982 3156 3084 3208 Sed
3125 3172 3247 3209 cntn
3306 3158 3443 3209 inter

210 3242 266 3295 δὲ
308 3240 465 3294 τοῦτο
506 3242 567 3295 ἐν
611 3243 725 3304 τοῖς
769 3240 989 3304 οἰκείοις
1038 3239 1446 3309 κατορθωθῆναι
1495 3238 1774 3302 ἀδύνατον,

1803 3198 1850 3262 C

1879 3244 2207 3299 domesticos
2231 3254 2375 3299 recte
2398 3246 2512 3299 ﬁeri
2541 3262 2647 3300 non
2676 3249 2869 3316 possit,
2888 3256 3170 3315 propterea
3194 3260 3444 3300 secessus

208 3332 295 3385 διὰ
318 3331 473 3386 τοῦτο
494 3332 725 3400 ξενιτεία
745 3331 1021 3401 ἀκροτάτη
1040 3327 1418 3392 ταπεινώσεως
1442 3327 1774 3398 καθέστηκεν

1879 3335 2237 3405 longissimus
2267 3351 2296 3389 a
2328 3338 2521 3404 patria,
2555 3352 2719 3393 causa
2749 3349 2833 3393 est
2865 3337 3203 3391 humilitatis.

214 3423 376 3477 αἰτία.

788 3511 1046 3581 Σχόλιον
1084 3508 1184 3575 κζ’.

282 3604 395 3677 Τὴν
426 3605 583 3675 βάσιν
609 3602 704 3659 τοῦ
732 3604 823 3659 νοῦ
870 3604 963 3659 ἐπὶ
991 3603 1103 3677 τὴν
1127 3600 1422 3658 άνωλισθον
1445 3598 1651 3673 τρίὸον,
1682 3599 1781 3669 τῆς

212 3695 592 3761 ταπεινώσεως
628 3696 890 3766 δηλονότι.
1057 3766 1063 3775 '

746 3820 748 3822 τ
800 3790 1061 3857 Σχόλιον
1090 3796 1194 3861 κη’.

288 3877 404 3945 Τῆς
444 3877 945 3947 ταπεινοφροσύνης
988 3880 1264 3949 δηλονότι·
1311 3877 1452 3932 ὥστε
1504 3876 1642 3948 μηδὲ
1695 3878 1781 3931 ἐν-

2473 3509 2720 3564 Scholion
2748 3510 2836 3563 27.

1950 3600 2187 3655 Gradum
2212 3600 2585 3657 adsalutarem
2611 3603 2879 3666 semitam.
2899 3596 3218 3657 humilitatis
3235 3614 3446 3670 nempe,

1883 3690 2154 3759 intelligit.

2489 3778 2732 3833 Scholion
2755 3779 2842 3833 28.

1954 3870 2287 3925 llumilitatis
2315 3872 2540 3934 scilicet,
2573 3881 2631 3924 ut
2686 3887 2860 3941 neque
2912 3872 3289 3941 cogitationem
3324 3875 3447 3944 qui-

219 3985 369 4020 νοιαν
415 3967 726 4037 ἀντιλογίας
772 3968 1153 4040 λαμϐάνομενο
1204 3971 1363 4025 τοῦτο
1406 3972 1515 4041 γάρ
1558 3974 1706 4026 ἐστιν
1756 3974 1774 4022 ἐ

1882 3963 2003 4017 dem
2083 3964 2487 4018 contradicendi
2560 3964 2931 4026 admittamus,
2991 3964 3091 4017 hoc
3156 3965 3301 4018 enim
3368 3976 3451 4020 est

220 4052 377 4129 ἦχος.

676 4186 681 4191 -
786 4152 1063 4221 ιΣχόλιον
1101 4151 1201 4208 κθ’.

301 4237 546 4295 ’Δκούων
586 4239 745 4309 λόγον
775 4240 1066 4311 ὠφέλιμον,
1115 4242 1188 4315 μὴ
1223 4245 1369 4314 κρῖνε
1402 4246 1494 4299 τὸν
1540 4246 1784 4315 λέγοντα,

223 4331 313 4384 ἴνα
360 4330 437 4404 μὴ
479 4331 577 4403 τῆς
606 4332 921 4403 ἐπυιφελοῦς
961 4335 1243 4399 νουθεσίας
1289 4338 1510 4391 σεαυτὸν
1554 4339 1786 4391 ἀποστε-

223 4422 419 4493 planc-

830 4515 1087 4580 Σχόλιον
1122 4518 1186 4566 λ’.

293 4600 642 4671 Σκεπόμενος
667 4600 773 4667 ὑπὸ
798 4602 896 4671 τῆς
925 4603 1418 4675 ταπεινοφροσύνης
1446 4606 1473 4656 ὁ
1505 4607 1794 4674 σημειοφό-

1886 4072 2077 4111 SOIIUS.

2486 4146 2733 4201 Scholion
2761 4149 2849 4202 99.

1958 4240 2186 4314 Quando
2239 4255 2544 4294 sermonem
2594 4242 2777 4294 utilem
2826 4228 3025 4303 audis,
3065 4242 3327 4294 dicentem
3383 4255 3449 4293 ne

1885 4332 2108 4401 judica,
2162 4346 2260 4401 __ne
2328 4332 2555 4398 teipsum
2619 4331 2765 4385 utilis
2828 4330 3211 4384 admonitionis
3270 4329 3447 4384 fructu

1888 4422 2088 4490 prives.
2514 4476 2517 4477 ν

2489 4510 2734 4566 Scholion
2770 4511 2852 4567 50.

1965 4599 2281 4655 Ilumilitate
2327 4612 2514 4671 septus
2558 4604 2874 4668 salvabitur,
2910 4606 3000 4675 qui
3056 4605 3311 4660 miracula
3361 4621 3451 4674 pa-

225 4706 320 4760 ρος
373 4689 767 4759 περισώζεται·
799 4693 847 4744 εί
888 4693 948 4746 δέ
988 4710 1098 4747 τινι
1129 4694 1235 4747 τῶν
1286 4696 1624 4765 κουφοτέρων
1669 4697 1774 4767 δοθῇ

1896 4704 2019 4749 trat.
2054 4694 2208 4759 Quod
2256 4694 2299 4747 si
2345 4694 2445 4747 hoc
2491 4695 2695 4748 donum
2751 4694 2911 4748 alicui
2969 4696 3101 4756 levis
3154 4696 3316 4748 animi
3353 4695 3453 4745 im-
3508 4737 3511 4739 .

224 4776 287 4833 τὸ
312 4780 555 4836 τοιοῦτον
583 4782 847 4853 χάρισμα,
876 4782 963 4837 διὰ
989 4784 1094 4836 τῶν
1128 4786 1515 4855 πραττομένων
1547 4790 1627 4850 εἰς
1651 4788 1790 4857 ὑψη-

225 4872 467 4943 λόφρονα
508 4871 748 4944 γνώμην,
775 4874 1190 4946 ὑπερεκπίπτων
1220 4878 1583 4948 καταφέρεται
1603 4881 1793 4951 ἀπερι-

228 4962 538 5035 φωύρητος
566 4964 770 5033 φανείς.

818 5057 1075 5125 Σχόλιον
1110 5056 1214 5111 λα¹ο

302 5145 372 5198 Τί
417 5145 710 5215 μανθάνειν
759 5147 793 5218 ἢ
849 5148 1064 5212 πάντως
1113 5148 1183 5202 τά
1232 5149 1575 5218 προσήκοντα
1607 5149 1719 5222 [μή
1747 5170 1802 5206 τι

232 5239 456 5302 πάντως
480 5238 553 5292 τὰ
576 5236 1017 5309 προσήκοντα];

831 5330 1091 5397 Σχόλιον
1121 5327 1218 5397 λβ’.

310 5422 523 5489 Ἠγουν
549 5423 610 5476 τὸ
641 5422 747 5475 ὑπὸ
773 5420 931 5476 ἄλλον
974 5419 1159 5488 λεχθὲν
1188 5417 1336 5487 αὑτῷ
1361 5420 1677 5489 ἐπιτραπέν.

824 5512 1083 5579 Σχόλιον
1118 5510 1218 5576 λγ¹.

312 5599 450 5669 Οὐχὶ
486 5600 644 5671 άπλῷ
680 5603 823 5671 λόγῳ
848 5601 1135 5671 ὀφείλομεν
1166 5598 1427 5667 διηνεκῶς
1456 5600 1679 5664 ἑαυτοὺς
1706 5620 1805 5655 κα-

1895 4786 2149 4855 pcrtitum
2184 4785 2365 4849 fuerit,
2406 4800 2501 4852 per
2534 4800 2594 4836 ea
2646 4800 2766 4852 qua:
2811 4784 2945 4837 ﬁunt
2992 4784 3237 4837 miranda
3279 4782 3329 4854 in
3363 4796 3453 4833 su—
3522 4794 3525 4797 '

1896 4878 2135 4945 pcrbiam
2176 4875 2370 4927 mentis
2404 4862 2595 4930 elatus.
2629 4886 2971 4939 prtecepsque
3000 4871 3051 4924 in
3088 4871 3193 4923 ima
3222 4870 3455 4929 delatus.

1899 4968 2219 5021 imtnunitus
2250 4960 2517 5033 [inermis]
2546 4960 2896 5028 comparebit.

2486 5049 2731 5101 Scholion
2773 5050 2861 5103 51.

1968 5144 2105 5211 Quid
2156 5141 2402 5195 discere?
2439 5150 2531 5195 aut
2580 5142 2801 5194 omnino
2842 5152 3141 5211 opportuna
3192 5139 3455 5210 [nunquid

1899 5254 1999 5291 non
2039 5246 2327 5302 opportuna
2347 5232 2408 5303 1’].

2505 5324 2749 5378 Scholion
2777 5323 2865 5376 3:2.

1976 5416 2099 5470 Sive
2127 5418 2192 5470 ab
2213 5416 2321 5470 alio
2351 5415 2577 5478 dictum,
2616 5415 2714 5482 ipsi
2749 5422 2802 5467 et
2837 5398 3207 5468 commiSsum.

2502 5506 2744 5560 Scholion
2780 5506 2866 5558 53.

1980 5598 2094 5652 Non
2130 5600 2246 5654 solo
2290 5611 2341 5653 et
2391 5598 2539 5652 nudo
2596 5598 2758 5651 verbo
2798 5603 3021 5663 Oportet,
3058 5601 3115 5645 ut
3162 5608 3259 5644 nos
3304 5589 3457 5659 330

238 5694 543 5764 τακρίνειν,
572 5692 688 5746 ἀλλ’
720 5694 779 5747 ἐν
819 5695 1062 5765 αἰσθήσει
1102 5694 1194 5746 καὶ
1219 5691 1452 5746 διαθέσει
1488 5692 1710 5761 καρδίας
1730 5710 1745 5724 ’

1910 5694 2059 5761 ipsos
2089 5692 2428 5756 damnemus,
2465 5691 2557 5745 sed
2588 5705 2653 5743 ex
2693 5687 2855 5743 animi
2893 5683 3178 5743 sententia,
3214 5697 3372 5735 sensu
3408 5695 3455 5733 «ιι

245 5786 360 5855 γὰρ
384 5783 525 5838 οὕτω
553 5783 896 5855 μεμψόμενος
922 5786 1131 5849 ἐαυτὸν,
1162 5784 1251 5838 καὶ
1284 5782 1405 5845 τοὺς
1431 5781 1743 5853 ἐλέγχοντας
1773 5807 1774 5812 η

1914 5780 2100 5834 aiicctu
2136 5782 2332 5845 cordis,
2360 5782 2461 5845 Qui
2490 5781 2632 5835 enim
2689 5780 2759 5832 ita
2816 5776 3048 5842 scipsum
3100 5771 3456 5838 reprehendir
