4030 6342
996 332 999 333 γ
1078 282 1112 325 ν

198 466 329 532 1013

1135 466 1363 525 SCALA
1393 466 1772 526 PARADISI-
1807 492 1873 499 —
1895 467 2201 525 Gll:\|)US
2230 468 2432 527 XXVI-

3292 466 3429 529 1014

237 607 3418 637 ___...____._________________________________________________.

780 688 997 741 ΛΟΓΟΣ
1034 689 1177 754 Kq'.

196 778 702 847 [Iepwmxpc'crewc
723 778 1047 847 λογισμῶν,
1063 779 1159 831 καί
1177 777 1402 841 παθῶν,
1418 778 1514 832 καί
1529 777 1770 847 ἀρετῶν.

228 898 233 903 -
270 869 554 938 Διάκρισίς
588 871 733 923 ἐστιν
766 872 822 922 ὲν
868 869 966 939 μὲν
1014 871 1126 932 τοῖς
1172 869 1563 939 εἰσαγομένοις,
1598 871 1631 939 ή
1666 869 1774 922 τῶν

200 962 325 1015 καθ’
373 962 601 1023 ἑαυτοὺς
644 960 847 1032 ἀληθὴς
892 960 1218 1028 ἐπίγνωσις·
1264 961 1322 1012 ὲν
1354 961 1465 1020 τοῖς
1501 959 1559 1011 δὲ
1594 959 1775 1028 μέσοις

198 1056 236 1122 ἠ
268 1054 331 1105 τὸ
372 1052 579 1122 κυρίως
606 1052 812 1119 ἀγαθὸν
854 1053 918 1105 ἐκ
959 1052 1055 1105 τοῦ
1088 1050 1340 1121 φυσικοῦ,
1369 1052 1463 1103 καὶ
1498 1054 1589 1104 τοῦ
1624 1053 1776 1103 ἐναν-

198 1140 320 1193 τίου
348 1141 661 1205 ἀπταίστως
689 1141 1033 1212 διακρίνουσα
1062 1140 1224 1213 νοερὰ
1251 1140 1528 1213 αίσθησις·
1562 1144 1621 1194 ἐν
1640 1190 1646 1195 ,
1664 1144 1776 1205 τοῖς

199 1230 257 1283 δὲ
287 1230 513 1293 τελείοις
545 1232 641 1300 (l);
676 1232 707 1302 ή
751 1230 837 1285 διὰ
870 1232 1021 1296 θείας
1044 1230 1363 1301 ὲλλάμψεως
1398 1232 1776 1302 ἐνυπάρχουσα

199 1320 429 1387 γνῶσις,
484 1321 605 1390 ἥτις
649 1321 743 1373 καὶ
775 1321 841 1374 τὰ
891 1323 949 1374 ὲν
989 1322 1167 1385 ἄλλοις
1201 1321 1490 1385 σκοτεινῶς
1538 1322 1776 1392 ἐνυπάρ-

201 1429 370 1481 χοντα
423 1412 501 1482 τῷ
568 1414 762 1483 ἑαυτῆς
818 1413 995 1484 λύχνῳ
1048 1413 1443 1484 καταφωτίξειν
1498 1414 1774 1484 ἰσχύουσα.

202 1507 276 1557 Ἦ
324 1508 464 1576 τάχα
495 1504 795 1568 καθολικῶς
840 1505 995 1557 τοῦτο
1028 1506 1123 1558 καὶ
1151 1504 1286 1568 ἔστι,
1338 1504 1431 1557 καὶ
1456 1505 1779 1575 γνωρίζεται

201 1596 499 1665 διάκρισις,
541 1597 573 1666 ή
624 1594 718 1648 τοῦ
754 1595 895 1649 θείου
935 1595 1234 1666 θελήματος
1265 1594 1510 1665 ἀσφαλὴς
1539 1597 1779 1667 κατάλη-

202 1678 300 1753 Qui
328 1686 387 1738 ἐν
422 1688 582 1739 παντὶ
632 1686 829 1758 κᾶιρῷ,
877 1688 971 1740 καὶ
1000 1688 1167 1757 τόπῳ,
1197 1689 1289 1740 καὶ
1330 1687 1633 1759 πράγματι,
1658 1690 1780 1758 ἥτις

205 1778 506 1846 ἐνυπάρχει
560 1778 738 1847 μόνοις
769 1780 879 1841 τοῖς
920 1778 1262 1849 καθαροίςτῇ
1310 1779 1506 1851 καρδίᾳ
1541 1780 1636 1849 (2),
1687 1781 1781 1834 καὶ

204 1865 287 1938 τῷ
323 1866 555 1937 σώματι,
601 1869 694 1920 καὶ
724 1868 802 1938 τῷ
834 1869 1080 1937 στόματι.
1118 1870 1173 1922 Ὀ
1199 1870 1297 1939 μὲν
1326 1873 1452 1932 τοὺς
1497 1872 1645 1939 τρεῖς
1690 1871 1782 1922 εὑο

209 1956 386 2016 σεσῶς
415 1956 658 2010 καθελὼν
692 1957 1009 2027 συγκαθεῖλε
1043 1957 1116 2027 (5)
1140 1998 1155 2021 ,
1186 1959 1293 2011 ,καὶ
1341 1960 1466 2021 τοὺς
1508 1960 1672 2011 πέντε
1696 1973 1713 1991 ⁸
1753 1961 1782 2013 6

206 2047 264 2101 δὲ
295 2049 519 2102 ἐκείνων
547 2049 763 2119 ἀμελῶν
792 2032 1068 2119 ούδὲτερον
1094 2049 1325 2119 νικήσει.
1356 2050 1636 2119 Διάκρισίς
1666 2053 1781 2103 ἐστι

210 2139 515 2211 συνείδησις
543 2142 860 2212 ἀμὸλυντος,
895 2142 987 2194 καὶ
1038 2140 1254 2209 καθαρὰ
1279 2141 1528 2212 αἴσθησις
1547 2158 1561 2172 ·
1598 2144 1786 2212 μηδεὶς

208 2234 270 2284 ἐν
298 2233 367 2301 τῇ
399 2232 656 2303 μοναδικῇ
691 2231 932 2302 πολιτείᾳ
976 2231 1115 2302 ὑπὲρ
1155 2230 1314 2298 φύσιν
1343 2231 1463 2284 τινὰ
1489 2232 1701 2285 ἁκούων
1747 2235 1781 2303 ἢ

208 2322 378 2393 ὀρῶν,
423 2323 481 2390 ἐξ
532 2324 805 2392 ἀγνωσίας
848 2325 929 2386 εἰς
968 2324 1227 2377 ἀπιστίαν
1277 2325 1600 2395 περιπέσοιο
1649 2325 1781 2378 ὅπου

210 2412 324 2481 γὰρ
356 2412 649 2482 ένδημήσει
673 2414 702 2466 6
741 2413 878 2483 ὑπὲρ
923 2412 1082 2481 φύσιν
1115 2415 1267 2478 Θεὸς,
1316 2416 1453 2487 ὑπὲρ
1488 2415 1647 2483 φύσιν
1679 2416 1786 2468 λοι-

210 2502 322 2554 πὸν
344 2501 413 2555 τὰ
452 2501 676 2553 πλεῖστα
704 2499 812 2552 τῶν
840 2500 1178 2569 πραγμάτων
1220 2501 1477 2567 γίνονται.
1521 2502 1610 2554 Ἑν
1641 2501 1787 2571 τρισὶ

132 2644 135 2645 ,
207 2589 426 2652 τούτοις
460 2591 842 2658 γενικωτάτοις
885 2585 1104 2657 τρόποις
1157 2588 1265 2649 πᾶς
1312 2586 1548 2655 πόλεμος
1601 2586 1787 2655 δαιμο-

207 2680 415 2749 νιώδης
459 2681 515 2731 ὲν
558 2679 690 2749 ἡμῖν
740 2677 1074 2741 συνίσταται,
1124 2676 1157 2747 ἢ
1210 2677 1268 2744 ἐξ
1320 2676 1599 2744 ἀμελείας,
1645 2675 1678 2744 ἦ
1726 2673 1786 2739 ἐξ

209 2770 615 2843 ὑπερηφανίας,
645 2771 677 2839 ἦ
706 2772 771 2824 ὲκ
800 2769 993 2839 φθόνου
1028 2769 1138 2822 τῶν
1171 2769 1436 2839 δαιμόνων
1454 2784 1467 2799 ο
1500 2768 1595 2821 καὶ
1622 2767 1787 2820 ἐλεει-

207 2864 305 2927 νὸς
354 2862 454 2933 μὲν
487 2863 516 2915 6
558 2861 773 2932 πρῶτος
795 2876 808 2889 ·
846 2859 1137 2923 πανάθλιος
1167 2862 1196 2913 6
1220 2857 1467 2929 δεύτερος
1486 2875 1499 2888 ο
1533 2861 1561 2912 6
1591 2859 1647 2912 δὲ
1675 2857 1789 2929 τρί-

208 2974 313 3021 τος
354 2955 840 3025 τρισμακάριστος.
874 2951 1069 3021 Σκοπῷ
1098 2954 1191 3004 καὶ
1220 2953 1403 3006 κανόνι
1432 2951 1509 3022 τῷ
1535 2951 1789 3022 ἡμετέρῳ

210 3046 361 3100 κατὰ
413 3044 546 3098 Θεὸν
590 3043 847 3109 συνειδότι
903 3042 1038 3112 πρὸς
1093 3043 1271 3095 πάντα
1318 3041 1645 3112 χρησώμεθα
1690 3042 1786 3112 (4),

212 3138 306 3191 [va
359 3135 576 3205 γνόντες
605 3134 702 3206 τὴν
729 3133 836 3188 τῶν
871 3133 1087 3198 ἀνέμων
1128 3132 1294 3202 πνοήν
1342 3133 1503 3185 πόθεν
1548 3131 1784 3203 ἔρχεται,

213 3226 358 3297 77.6;
407 3224 539 3281 αὐτὸ
590 3223 796 3290 λοιπὸν,
832 3224 925 3278 καὶ
957 3223 1024 3277 τὰ
1073 3223 1218 3276 ίστία
1266 3222 1654 3293 ἀνατείνωμεν.
1702 3225 1791 3279 Ἑν

214 3317 427 3379 πάσαις
470 3316 624 3386 ἡμῶν
654 3317 775 3378 ταῖς
818 3315 959 3368 κατὰ
1006 3314 1138 3367 Θεδν
1182 3314 1466 3384 ἐργασίαις
1521 3315 1595 3385 (5)
1642 3320 1785 3387 τρεῖς

1894 3361 2198 3414 tendamus.

214 3408 354 3477 ἡμῖν
395 3404 650 3474 βοθύνους
687 3405 736 3458 oi
779 3404 1029 3474 δαίμονες
1056 3403 1365 3472 ὀρύσσουσι.
1421 3405 1532 3457 Καὶ
1578 3404 1790 3474 πρῶτον

216 3496 325 3565 μὲν
371 3494 716 3557 παλαίουσιν,
746 3484 839 3548 ἵνα
866 3493 929 3546 τδ
960 3492 1159 3561 ἀγαθὸν
1193 3492 1474 3547 κωλύσωσι
1502 3493 1753 3561 γενέσθαι
1771 3510 1786 3525 ο

210 3584 476 3655 δεύτερον
502 3584 559 3638 δὲ
599 3582 736 3654 μετὰ
764 3583 862 3653 τὴν
910 3581 1133 3654 πρώτην
1163 3582 1342 3637 αὐτῶν
1371 3577 1559 3653 ἧτταν,
1599 3582 1687 3636 ἵνα
1715 3584 1789 3653 μὴ

214 3675 373 3729 κατὰ
392 3674 526 3727 Θεὸν
548 3674 610 3727 τὸ
639 3673 798 3743 τυχὸν
833 3673 1077 3743 γένηται.
1112 3673 1281 3726 Ὅταν
1314 3672 1369 3725 δὲ
1395 3672 1489 3725 καὶ
1523 3672 1711 3725 τούτου
1741 3674 1791 3726 οἰ

212 3766 457 3819 κλέπται
499 3765 593 3818 τοῦ
637 3763 839 3818 σκοποῦ
888 3763 1221 3834 ἀποτύχωσι,
1272 3762 1392 3815 τότε
1441 3762 1628 3815 λοιπὸν
1658 3765 1791 3832 ήσυ-

214 3858 359 3930 χίως
392 3857 707 3919 ἐπιστάντες
733 3857 791 3910 ὲν
836 3857 901 3926 τῇ
945 3856 1186 3926 ἡμετέρᾳ
1212 3854 1356 3923 ψυχῇ
1401 3855 1793 3925 μακαρίζουσιν

211 3951 398 4021 ἡμᾶς,
432 3948 507 4011 ὼς
539 3947 678 4000 κατὰ
707 3946 842 4000 Θεὸν
882 3946 942 3998 ὲν
986 3948 1151 3999 πᾶσιν
1182 3944 1647 4016 πολιτευομένους.
1690 3947 1794 3999 Τοῦ

216 4037 327 4109 μὲν
355 4035 622 4107 προτέρου
651 4033 864 4105 ἐχθρὸς,
899 4033 1102 4103 σπουδὴ
1128 4034 1220 4086 καὶ
1249 4033 1489 4104 μέριμνα
1530 4036 1757 4088 θανάτου
1777 4051 1791 4065 ⁸

212 4129 316 4184 τοῦ
352 4128 415 4181 δὲ
454 4126 729 4197 δευτέρου,
758 4125 1004 4195 ὑποταγὴ
1055 4128 1147 4177 καὶ
1194 4123 1573 4189 ἐξουδένωσις·
1598 4123 1691 4176 τοῦ
1740 4125 1794 4177 δὲ

210 4218 437 4291 τρίτου,
462 4216 523 4270 τδ
568 4215 758 4269 ἑαυτὸν
790 4215 1049 4285 διηνεκῶς
1081 4214 1557 4287 καταμέμφεσθαι.
1608 4213 1791 4267 Τοῦτο

2392 690 2670 747 CRADUS
2718 691 2904 747 XXVI.

1877 781 1950 834 De
2004 783 2313 836 discretione
2365 785 2762 854 cogitationum,
2804 787 3047 840 vitiorum
3082 798 3130 842 et
3160 791 3428 842 uirtutum.

1945 871 2206 927 Discretio
2235 874 2288 946 in
2319 874 2591 930 tironibus
2623 892 2717 931 seu
2752 877 2977 933 rudibus
3008 890 3089 934 est
3123 880 3358 949 perfecta
3383 890 3436 933 et

1874 978 1995 1017 vera
2028 973 2205 1018 status
2249 964 2335 1019 sui
2382 966 2658 1021 interioris
2700 968 2995 1037 congnitio.
3025 967 3079 1021 lu
3111 969 3302 1023 mediis
3341 984 3434 1023 seu

1874 1055 2299 1122 proficientibus,
2327 1066 2411 1111 est
2444 1072 2636 1112 sensus
2667 1058 2884 1127 quidam
2915 1060 3077 1113 animi
3110 1060 3204 1128 qui
3237 1062 3435 1135 bonum

1874 1146 2090 1214 proprie
2119 1147 2323 1218 dictum
2374 1149 2682 1218 a'physico
2728 1160 2783 1204 et
2831 1150 2947 1220 ejus
2998 1151 3275 1205 contrario
3321 1153 3441 1206 sino

1874 1252 2061 1293 errore
2086 1239 2362 1308 dijudicat.
2393 1238 2448 1293 lu
2482 1240 2736 1306 perfectis
2767 1252 2851 1296 cst
2877 1242 3135 1312 cegnitio,
3164 1258 3229 1296 ex
3256 1242 3437 1297 divina

1878 1330 2236 1385 illustratione
2258 1341 2373 1385 orla
2402 1348 2649 1401 qumque,
2694 1343 2747 1387 et
2790 1334 2845 1387 in
2897 1335 3017 1389 aliis
3063 1334 3293 1388 obscura
3338 1350 3440 1389 suo

1878 1423 2081 1477 lumine
2108 1424 2383 1479 illustrare
2417 1434 2611 1495 potest.
2647 1426 2756 1479 Aut
2787 1426 3016 1481 fortasse
3044 1427 3363 1494 generatim,
3385 1436 3440 1481 et

1877 1517 2061 1570 omnia
2095 1517 2503 1585 complectendo
2537 1519 2640 1572 hoc
2665 1526 2847 1580 etest,
2878 1527 2931 1570 et
2976 1519 3293 1588 intelligitur
3320 1509 3446 1573 c§scf

1877 1608 2154 1673 discretio,
2191 1609 2389 1665 divinae
2419 1611 2675 1665 nimirum
2710 1610 3001 1665 voluntatis
3034 1622 3179 1665 certa
3208 1620 3262 1666 et
3290 1609 3461 1664 lirma’

1880 1701 2314 1769 comprehensio,
2340 1702 2536 1771 quovis
2567 1712 2827 1771 tempore,
2858 1717 3181 1771 quocunque
3210 1703 3262 1757 in
3299 1703 3440 1765 loco,

1880 1801 1932 1847 et
1969 1794 2206 1862 negotio,
2248 1809 2408 1861 quam
2448 1802 2659 1849 tantum
2711 1794 2984 1863 possident
3034 1794 3217 1846 mundi
3259 1794 3439 1858 corde,

1880 1899 2108 1954 corpore
2133 1896 2184 1938 et
2212 1900 2325 1938 ore.
2360 1885 2462 1949 Qui
2507 1893 2616 1939 tres
2645 1885 2829 1940 hostes
2858 1885 3103 1955 religiose
3138 1887 3441 1954 prostrarit,

1813 2021 1854 2075 Β
1883 1978 2182 2045 prostravit
2204 1985 2258 2031 et
2288 1976 2548 2045 quinque.
2584 1976 2687 2041 Qui
2737 1977 2859 2033 illos
2915 1977 3155 2048 negligit,
3189 1985 3441 2030 neutrum

1884 2068 2080 2123 vincet.
2112 2068 2272 2138 332
2311 2068 2573 2123 Discretio
2617 2077 2700 2123 est
2743 2070 3075 2124 conscientia
3120 2068 3444 2129 incontami-

1884 2168 2030 2225 nata,
2060 2169 2115 2215 et
2142 2175 2312 2230 purus
2344 2170 2637 2230 castusque
2667 2176 2879 2215 sensus.
2922 2159 3114 2227 Nemo,
3145 2178 3268 2217 cum
3299 2175 3446 2231 quae-

1884 2240 2091 2316 damin
2118 2252 2369 2320 religioso
2410 2252 2536 2306 vitae
2578 2262 2722 2307 statu
2767 2269 2928 2321 supra
2961 2265 3169 2307 natura:
3196 2254 3302 2306 vim
3331 2253 3445 2307 fieri

1886 2345 1968 2400 vel
2002 2344 2234 2398 audierit
2265 2351 2359 2397 aut
2391 2342 2605 2410 viderit,
2638 2358 2704 2398 ex
2734 2359 2910 2398 rerum
2941 2344 3244 2412 ignorantia
3278 2343 3331 2396 in
3362 2344 3447 2396 itt-

1884 2438 2257 2493 credulitatem
2312 2438 2514 2492 incidat
2558 2456 2572 2492 :
2611 2438 2923 2506 ubicunque
2968 2438 3114 2491 enim
3162 2415 3324 2500 Deus,
3354 2439 3447 2504 qui

1886 2536 2049 2599 ‘supra
2097 2542 2346 2585 naturam
2377 2542 2481 2597 est,
2521 2540 2765 2585 versatur
2816 2538 2871 2585 et
2920 2545 3156 2599 praesens
3213 2538 3315 2593 est,

1885 2623 2142 2690 pleraque
2170 2623 2349 2676 omnia
2381 2623 2635 2692 deinceps
2684 2635 2848 2691 supra
2895 2631 3102 2677 natura:
3142 2620 3447 2676 facultatem

1887 2714 1999 2768 lieri
2031 2714 2226 2769 solent.
2258 2712 2461 2770 Tribus
2512 2716 2664 2769 hisce
2698 2714 2873 2768 modis
2906 2713 2988 2767 vel
3028 2714 3263 2767 maxime
3288 2728 3451 2781 geuc-

1887 2807 2092 2861 ralibus
2140 2806 2278 2861 bello
2325 2821 2427 2862 nos
2479 2805 2724 2861 diabolus
2764 2812 3058 2876 oppugnat,
3109 2804 3450 2873 negligentia,

1889 2898 2145 2968 superbia
2182 2908 2249 2953 et'
2286 2914 2386 2954 sua
2427 2900 2542 2968 ipse
2583 2898 2806 2952 invidia.
2839 2895 3177 2951 Miseraudus
3221 2895 3450 2962 primus,

1889 2991 2230 3047 miserrimus
2277 2992 2433 3056 alter,
2477 2991 2827 3046 felicissimus
2868 2997 2923 3042 et
2968 2986 3315 3041 beatissimus
3342 2994 3453 3039 ter-

1894 3084 2021 3137 tius.
2050 3085 2192 3139 Mela
2226 3095 2277 3139 et
2307 3085 2509 3139 amussi
2545 3100 2638 3138 seu
2677 3082 2881 3151 regula,
2924 3079 3220 3136 secundum
3264 3077 3454 3145 Deum,

1893 3186 2112 3230 utamur
2172 3176 2505 3231 conscientia
2580 3183 2789 3238 nostra,
2851 3181 2913 3227 ut
2965 3171 3459 3225 animadvertamus

1896 3270 2037 3322 unde
2092 3276 2374 3322 ventorum
2420 3267 2645 3336 spiritus
2677 3266 2963 3327 exsistant,
2987 3273 3039 3317 et
3072 3265 3185 3316 vela
3227 3263 3293 3315 ad
3338 3262 3457 3314 illos

2246 3361 2302 3413 In
2334 3362 2587 3415 omnibus
2652 3359 2922 3428 religiosis
2977 3354 3456 3410 exercitationibus

1891 3454 2093 3507 nostris
2113 3452 2389 3509 daemones
2411 3454 2569 3508 nobis
2590 3464 2698 3508 tres
2722 3450 2933 3512 fodiunt
2954 3448 3195 3504 scrobes.
3216 3445 3456 3499 Primum

1890 3546 2224 3601 contendunt
2272 3562 2339 3601 ne
2382 3547 2511 3617 quid
2558 3547 2685 3600 boni
2734 3545 3018 3600 faciamus.
3058 3542 3321 3596 Caeterum
3366 3539 3455 3593 ubi

1891 3661 2067 3729 primo
2097 3661 2279 3730 pmlio
2314 3659 2505 3714 devicti
2545 3668 2847 3724 cesserunt,
2881 3665 3148 3713 conantur
3175 3653 3300 3711 boni
3328 3666 3459 3724 ope—

1894 3753 1970 3809 ris
2002 3754 2160 3807 ﬁnem
2192 3766 2561 3822 corrumpere,
2588 3767 2657 3806 ne
2699 3751 2792 3805 ﬁat
2820 3750 2884 3804 ad
2913 3749 3125 3804 laudem
3157 3747 3270 3803 Dei.
3304 3745 3457 3812 Quod

1895 3846 1938 3898 si
1963 3853 2017 3898 et
2048 3844 2136 3899 hic
2170 3842 2319 3899 fures
2360 3858 2390 3897 a
2432 3858 2598 3914 scopo
2625 3842 2974 3905 aberrarunt,
2999 3850 3113 3896 tum
3143 3840 3359 3895 demum
3405 3837 3456 3889 in

1895 3935 2109 3990 silentio
2157 3936 2356 4005 quietis
2412 3936 2630 4001 adsunt,
2672 3944 2726 3988 et
2772 3934 2959 3988 beatos
3018 3947 3118 3986 nos
3170 3931 3223 3983 itt
3277 3928 3459 3981 anima

1894 4028 2209 4098 pradicant,
2240 4028 2378 4098 quod
2411 4028 2595 4082 omnia
2646 4026 2713 4080 ad
2760 4036 2949 4080 mltum
2992 4033 3043 4075 et
3075 4023 3334 4076 honorem
3369 4018 3460 4074 Dt-i

1896 4135 2170 4190 geramus.
2215 4119 2395 4173 Primo
2444 4118 2769 4172 adversatur
2815 4117 3051 4172 studium
3089 4112 3379 4182 diligentiae
3409 4122 3463 4167 et

1898 4209 2176 4264 meditatio
2225 4206 2452 4273 mortis;
2505 4206 2659 4259 alteri
2704 4203 2967 4273 SUileCliO
3021 4212 3073 4255 et
3123 4208 3463 4268 contemptus

210 4289 420 4372 κόπος
446 4306 621 4360 ἐστὶν
648 4304 902 4359 ἐνώπιον
942 4304 1129 4373 ἡμῶν,
1159 4305 1269 4370 ἕως
1315 4298 1387 4358 οὗ
1428 4303 1673 4372 εἰσέλθῃ
1712 4308 1785 4371 εἰς

1899 4298 2017 4362 sui;
2046 4306 2319 4365 postremo
2349 4296 2607 4350 continua
2641 4296 2725 4349 sui
2758 4294 2928 4361 ipsius
2958 4292 3323 4360 reprehensio.
3356 4289 3464 4342 Hoc

211 4397 285 4451 τὸ
322 4393 718 4465 άγιαστήριον
763 4392 931 4463 ἡμῶν
966 4394 1029 4446 τὸ
1079 4393 1189 4463 πῦρ
1239 4393 1300 4445 τὸ
1351 4393 1445 4447 τοῦ
1472 4393 1626 4448 Θεοῦ.
1687 4397 1785 4447 Οὐ]

1899 4388 2047 4440 labor
2096 4396 2170 4440 est
2210 4395 2332 4439 ante
2362 4403 2476 4450 nos,
2502 4388 2664 4439 donec
2694 4384 2833 4453 ignis
2887 4382 2979 4437 Dei
3033 4385 3190 4436 intret
3245 4383 3299 4435 in
3339 4397 3467 4433 san-

211 4488 445 4541 ἔσονται
472 4484 581 4557 γὰρ
603 4485 785 4539 λοιπὸν
810 4484 929 4549 τότε
957 4483 1277 4554 προλήψεων
1297 4486 1354 4537 ἐν
1382 4486 1515 4555 ἡμῖν
1545 4486 1785 4553 ἀνάγκαι

1900 4478 2163 4532 ctuariutn
2222 4489 2457 4531 nostrum
2503 4478 2567 4529 ".
2606 4475 2789 4543 Neque
2831 4474 2976 4528 enim
3049 4474 3157 4528 ulla
3208 4471 3465 4541 deinceps

221 4581 294 4632 '0
337 4577 453 4647 γὰρ
483 4576 628 4641 Θεὸς
656 4576 812 4645 ἡμῶν
842 4575 961 4643 πῦρ
994 4575 1384 4629 καταναλίσκον
1414 4580 1591 4631 πᾶσαν
1616 4578 1785 4646 πύρω·

1900 4584 2029 4623 cura
2093 4577 2204 4638 aut.
2254 4568 2554 4623 necessitas
2634 4566 2738 4618 erit
2802 4565 2873 4619 ob
2936 4573 3233 4635 praeceptas
3286 4563 3466 4615 animo

213 4688 308 4725 σιν
342 4669 446 4723 καὶ
494 4668 726 4736 κίνησιν,
779 4667 1202 4739 καὶ-πρόληψιν,
1236 4669 1331 4722 καὶ
1377 4669 1653 4737 πώρωσιν,
1702 4667 1785 4737 τὴς

1909 4659 2103 4727 prioris
2136 4659 2255 4713 vitae
2301 4658 2524 4710 vitiosas
2568 4653 2881 4709 affectiones
2909 4664 3003 4708 aut
3026 4652 3460 4709 consuetudines.

211 4758 381 4821 ἐντὸς
441 4756 538 4809 καὶ
584 4755 741 4819 ἐκτὸς
791 4754 1077 4827 ὁρωμένην
1126 4772 1185 4809 τε
1238 4756 1331 4809 καὶ
1378 4755 1691 4825 νοουμένην.
1741 4760 1777 4808 0

1906 4750 2065 4821 333
2104 4750 2242 4803 Deus
2268 4747 2412 4802 enim
2452 4756 2528 4800 est
2560 4748 2695 4817 ignis
2726 4760 2946 4801 omnem
2979 4760 3171 4800 sensus
3194 4746 3465 4803 ardorem,

208 4848 487 4918 δαίμονες
526 4845 586 4899 τὸ
631 4847 872 4900 ἐναντίον
923 4846 1088 4902 πάλιν
1139 4845 1249 4899 τῶν
1286 4845 1588 4915 εἰρημένων
1637 4848 1785 4899 ποιεῖ·

1906 4855 2203 4909 omnesque
2233 4848 2417 4893 motus
2448 4852 2665 4906 pravos,
2697 4838 3192 4906 prtesutnptionem,
3224 4848 3464 4887 occaeca-

210 4939 567 5009 πετύκασιν.
630 4940 798 4994 Ἐπὰν
853 4939 963 5021 γὰρ
1008 4938 1107 5007 τῆς
1164 4936 1343 5006 ψυχῆς
1396 4936 1785 5007 περιγένωνται

1906 4936 2108 4987 tionem
2138 4945 2261 4984 cum
2291 4928 2603 4982 interiorem
2635 4939 2747 4982 tum
2779 4929 3098 4982 exteriorem
3130 4925 3313 4985 etiam,
3349 4939 3469 4991 quae

211 5034 315 5089 καὶ
355 5032 428 5085 τὸ
452 5031 544 5085 τοῦ
572 5031 691 5095 νοὸς
719 5030 836 5100 φῶς
866 5016 1287 5117 περιτρέψωσιν,
1321 5028 1420 5081 οὐκ
1454 5027 1533 5080 ἔτι
1560 5026 1711 5082 ἔσται
1743 5032 1785 5083 ἐι

1908 5026 1959 5077 in
1993 5020 2318 5090 cogitatione
2347 5029 2616 5084 versatur,
2651 5034 2978 5072 consumens.
3024 5016 3301 5069 Daemones
3334 5031 3466 5070 cou-

210 5127 362 5197 ὴμῖν
392 5124 511 5184 τοῖς
541 5121 768 5185 ἀθλίοις,
794 5120 857 5173 οὐ
900 5106 1079 5188 νῆψις,
1111 5119 1170 5171 οὺ
1214 5119 1504 5190 διάκρισις,
1551 5119 1651 5172 οὐκ
1683 5122 1776 5173 ὲπί

1910 5115 2075 5168 traria
2112 5112 2369 5165 omnibus
2402 5110 2513 5179 jam
2546 5110 2709 5165 dictis
2740 5112 2793 5163 in
2826 5110 2983 5162 nobis
3025 5106 3201 5160 facere
3238 5122 3467 5161 consue-

212 5228 460 5284 γνωσιςο
490 5211 589 5264 οὐκ
613 5208 845 5278 ἐντροπὴ
867 5223 881 5238 ⁸
906 5207 1022 5261 ἀλλ’
1053 5208 1373 5277 ἀναλγησία,
1420 5206 1514 5260 καὶ
1546 5207 1785 5281 ἀναισθηι

1912 5212 2119 5258 verunt.
2140 5200 2273 5254 Nam
2308 5202 2396 5255 ubi
2416 5202 2655 5255 animam
2679 5202 2780 5254 sibi
2804 5197 3094 5253 obnoxiam
3120 5198 3470 5252 reddiderunt

214 5307 340 5369 σία,
378 5302 481 5355 καὶ
510 5297 840 5370 ἀδιακρισία,
869 5300 962 5353 καὶ
984 5298 1233 5369 ἀὸλεψία.

1910 5295 2214 5363 mentisque
2246 5294 2427 5348 lumen
2473 5293 2866 5355 exstinxerunt,
2905 5300 3016 5342 tum
3062 5290 3208 5343 nulla
3238 5291 3467 5358 amplius

213 5410 308 5458 est
344 5400 411 5455 in
447 5398 608 5454 nobis
630 5397 845 5453 miseris
874 5395 1161 5459 sobrietas,
1187 5396 1330 5450 nulla
1356 5394 1634 5458 discretio,
1664 5396 1809 5450 nulla
1848 5392 2105 5463 cognitio,
2143 5390 2290 5443 nulla
2325 5387 2647 5455 reverentia,
2682 5385 2773 5441 sed
2816 5384 3132 5451 indolentia,
3176 5395 3466 5452 stuporque

212 5491 431 5558 animi,
464 5469 797 5555 indiscretio,
835 5498 889 5543 et
913 5488 1130 5543 caecitas
1160 5487 1373 5541 mentis.

289 5581 500 5636 Οἷδασι
538 5579 648 5649 γὰρ
694 5578 761 5631 τὰ
811 5577 1076 5648 εἰρημένα
1122 5573 1179 5630 εὖ
1236 5575 1376 5646 μάλα
1424 5574 1605 5643 σαφῶς
1647 5576 1696 5626 oi
1744 5578 1806 5628 ἐκ

215 5658 502 5745 πορνείας
548 5668 938 5739 ἀνανήψαντες,
984 5669 1075 5723 κα).
1124 5671 1187 5723 ὲκ
1220 5664 1524 5738 παρρησίας
1570 5667 1806 5719 ὑποστα-

1985 5570 2107 5623 Iltec
2137 5568 2319 5621 omnia
2346 5581 2464 5634 qua:
2504 5566 2615 5633 jam
2660 5574 3080 5617 commemorata
3113 5571 3268 5623 sunt,
3305 5558 3467 5628 probe

1916 5669 2111 5715 norunt
2159 5660 2194 5714 ii
2222 5659 2311 5728 qui
2344 5674 2407 5712 ex
2440 5654 2744 5723 impuritatc
2786 5656 2850 5709 ad
2903 5656 3239 5709 sobrietatem
3293 5649 3471 5703 redie-

294 5833 335 5861 ει
371 5826 512 5882 Ι“,-.·ο
564 5839 721 5875 zxxu.
758 5825 841 5887 Hi,
886 5826 959 5877 l’.
