4030 6342
601 405 726 461 κὶῖιῆ

1805 412 1862 460 5·
1885 411 2123 463 ,ΙῌΑᾹΝ
2144 413 2210 460 Ib
2277 412 2585 463 (ΛΑΜΜΛ

3648 456 3663 462 ,
3714 406 3854 473 uno

587 516 735 571 runt,
773 507 974 577 quiquo.
1017 525 1083 561 ex
1131 509 1294 562 niniia
1336 509 1661 563 conﬁdentia
1707 511 1773 566 ad
1813 513 2157 576 modestiam,

2268 515 2466 580 λέντες,
2502 518 2596 572 καὶ
2627 516 2677 571 oi
2722 517 2782 583 ἐξ
2825 516 3109 582 ἀναιδείας·
3146 518 3224 583 εἷς
3260 517 3614 591 συναίσθησιν
3653 520 3853 593 ἐληλυ-

588 603 654 652 ab
690 600 1018 667 impudentia
1056 601 1121 654 ad
1162 600 1420 670 pudorem
1462 601 1836 666 transierunt,
1888 606 2162 675 quorm-do

588 700 708 760 post
745 702 1015 757 receptam
1051 692 1246 746 mentis
1276 694 1590 761 sanitatem,
1637 704 1691 748 et
1727 696 1960 751 solutam
2002 698 2162 751 catei-

587 792 775 845 tatem,
810 796 905 835 seu
935 783 1116 851 potius
1144 783 1552 852 corruptionem
1598 786 1744 854 ipsos
1787 787 1875 842 sui
1918 787 2160 857 ipsorum

590 873 804 938 pudeat,
841 872 911 926 ob
941 890 1004 927 ea
1038 889 1161 943 qum
1190 876 1365 944 prius,
1421 891 1543 930 cum
1597 877 1650 930 in
1701 880 1944 933 caecitate
1981 895 2164 935 versa-

515 949 518 952 ’
589 974 798 1023 rentur.
827 966 1187 1035 loquebantur
1212 977 1266 1020 et
1291 966 1543 1036 agebant.
1577 965 1690 1022 Nisi
1719 978 2082 1039 vesperascat,
2110 978 2165 1024 ct

576 1065 865 1134 inn-tescat
911 1058 1082 1126 prius,
1130 1056 1280 1113 fures
1313 1057 1367 1110 in
1410 1058 1531 1112 luce
1573 1060 1772 1115 animm
1815 1070 1871 1114 et
1909 1061 1997 1115 die
2026 1060 2162 1115 nihil

586 1144 744 1201 facile
772 1148 1115 1213 furabantur,
1144 1158 1243 1202 aut
1264 1149 1599 1214 mactabunt,
1631 1160 1723 1205 aut
1751 1151 1997 1222 perdent.
2031 1149 2164 1207 Fur—

590 1247 700 1289 tum
732 1247 835 1299 rst,
877 1253 999 1293 cum
1049 1237 1232 1292 anima
1277 1253 1384 1293 non
1422 1241 1664 1295 sentiens
1693 1239 1826 1312 [non
1855 1241 2165 1314 advertens]

587 1328 641 1381 in
677 1329 1041 1396 captivitatem
1099 1330 1337 1384 trahitur
1381 1348 1394 1384 :
1445 1339 1719 1388 mactatur
1766 1332 2163 1398 animo,'cum

589 1434 786 1473 sensus
823 1420 1018 1474 mentis
1051 1421 1440 1490 exstinguitur,
1483 1421 1555 1476 ita
1603 1433 1664 1476 ut
1699 1422 1752 1476 in
1789 1422 1930 1477 fmda
1970 1433 2025 1479 et
2067 1432 2165 1478 ne-

588 1511 721 1565 t'aria
757 1526 920 1580 opera
968 1511 1193 1568 incidat.
1230 1513 1483 1568 Perditur
1515 1513 1734 1569 demum
1782 1529 1906 1569 cum
1954 1531 2020 1569 ex
2067 1516 2167 1569 ad-

584 1601 756 1658 inisso
804 1604 1013 1659 scelere
1061 1607 1128 1659 de
1183 1607 1358 1661 salute
1409 1606 1637 1675 omnino
1689 1606 1964 1675 desperat.
1997 1605 2168 1661 Nemo

582 1695 779 1748 virium
812 1712 1033 1751 suarum
1059 1697 1484 1767 imbecillitatem
1510 1707 1792 1768 praetexat,
1817 1700 1975 1767 quasi
2001 1715 2170 1753 evan-

583 1788 753 1853 gelica
791 1803 1052 1859 praecepta
1092 1805 1309 1845 servare
1332 1806 1440 1843 non
1466 1789 1659 1860 possit.
1703 1789 1844 1845 Sunt
1887 1790 2030 1844 enim
2075 1790 2169 1859 qui

2264 607 2448 671 οότες’
2500 608 2619 672 πῶς
2664 625 2723 661 τε
2773 609 2913 679 μετὰ
2958 608 3057 680 τὴν
3095 608 3258 679 νῆψιν
3287 609 3382 682 τοῦ
3428 610 3571 674 νοὸς,
3619 611 3850 682 καὶτῆς

2264 698 2593 769 πωρώσεως.
2621 700 2820 769 μᾶλλον
2843 701 2900 753 δὲ
2934 699 3235 773 πηρώσεως
3264 679 3427 755 αὑτοῦ
3449 701 3721 767 διάλυσιν,
3750 703 3861 755 καὶ

2262 791 2488 854 ἑαυτοὺς
2513 792 2651 846 κατὰ
2697 792 2820 845 νοῦν
2846 792 3138 855 αἰδοῦνται,
3164 792 3251 861 ἐφ’
3293 785 3376 854 οἷς
3400 792 3593 863 πρώην
3621 774 3852 846 ὲλάλὶυν

2263 883 2636 956 καὶὲπραττον
2664 887 2722 940 ὲν
2742 884 3017 954 τυφλώσει
3041 885 3342 953 διάγοντες.
3373 885 3437 939 Εἰ
3466 886 3541 955 μὴ
3564 885 3745 954 όζιίσει
3761 884 3844 952 (6)

2266 976 2359 1029 καὶ
2400 977 2647 1031 σκοτάσει
2698 977 2915 1050 πρῶτον
2965 981 3023 1032 ὲν
3068 981 3135 1049 τῇ
3184 978 3371 1050 ἡμέρᾳ
3412 978 3512 1050 τῆς
3536 977 3740 1048 ψυχῆς,
3779 978 3844 1030 οὐ

2267 1068 2346 1139 μὴ
2365 1070 2413 1123 οἱ
2443 1069 2676 1123 κλέπται
2705 1067 2943 1139 κλέψωσι
2961 1109 2978 1134 ,
3011 1071 3101 1124 καὶ
3130 1069 3355 1132 ούσωσι,
3388 1069 3484 1121 καὶ
3511 1069 3843 1137 ἀπολέσωσι.

2264 1161 2454 1231 κλοπή
2485 1163 2633 1214 ἐστιν
2657 1162 2932 1229 ἄγνωστος
2960 1162 3307 1233 αἰχμαλωσία
3331 1160 3529 1231 ψυχῆς
3552 1159 3715 1214 θυσία
3738 1158 3849 1229 ψυ-

2266 1255 2369 1324 χῆς
2411 1252 2527 1307 ἐστι
2576 1250 2794 1318 λογικοῦ
2826 1252 2945 1315 νοὸς
2977 1250 3164 1323 θνῆσις
3202 1254 3260 1306 ὲν
3307 1250 3575 1322 πράξεσιν
3621 1251 3848 1314 om;

2267 1340 2655 1413 περιπεσόντος
2672 1358 2685 1372 ’
2732 1340 2975 1396 ἀπώλεια
3000 1341 3067 1405 ,δὲ
3096 1343 3131 1413 ἡ
3162 1342 3302 1412 μετά
3325 1341 3423 1412 τὴν
3448 1340 3682 1410 ἀνομίαν
3709 1341 3843 1394 ἑαυ-

2266 1431 2360 1485 τοῦ
2405 1432 2738 1502 ἀπόγνωσις.
2779 1433 2986 1519 Ιγιηδεὶς
3016 1434 3108 1486 ἐπὶ
3134 1434 3252 1494 ταῖς
3280 1432 3667 1502 εὖαγγελικαῖς
3692 1432 3844 1485 ἐντο-

2267 1523 2385 1584 λαῖς
2423 1521 2722 1593 ἀδυναμίαν
2765 1522 3137 1594 προδάληται·
3169 1524 3281 1577 εἰσὶ
3307 1524 3419 1596 γάρ
3446 1521 3618 1593 ψυχαὶ
3662 1520 3719 1575 αῖ
3746 1520 3845 1574 καὶ

2270 1612 2412 1683 ὑπὲρ
2441 1612 2539 1683 τὴν
2565 1612 2785 1685 ἐντολὴν
2814 1613 3190 1684 διεπράξαντο.
3234 1615 3419 1668 Πείσει
3448 1631 3509 1667 σε
3543 1613 3758 1676 πάντως
3781 1609 3846 1663 τὸ

2271 1704 2557 1775 εἰρημένον
2604 1707 2633 1759 6
2685 1700 2825 1773 ὑπὲρ
2871 1705 3066 1759 ἑαυτὸν
3109 1705 3202 1759 τὸν
3257 1704 3484 1776 πλησίον
3526 1704 3841 1771 ἀγαπήσας,

2274 1794 2368 1848 καὶ
2396 1795 2535 1866 ὑπὲρ
2564 1795 2756 1848 τούτου
2793 1795 2896 1866 τὴν
2940 1795 3119 1865 ψυχὴν
3146 1793 3480 1866 προθέμενος
3508 1795 3609 1862 (7),
3640 1793 3846 1860 καίπερ

582 1880 734 1947 plura
751 1897 914 1951 quam
939 1880 1289 1952 Evangelium
1311 1882 1569 1952 praecipit,
1591 1881 1864 1937 faciantet
1884 1889 2163 1952 prazstent.

2271 1863 2540 1957 ὲπιταγῆν
2586 1886 2796 1956 Κυρίου
2840 1863 2921 1951 είς
2957 1863 3124 1940 τοῦτο
3154 1863 3230 1957 μὴ
3274 1863 3842 1956 κομισάμενοςιθαρ·

585 1970 936 2028 Persuadebit
971 1975 1067 2029 tibi
1106 1975 1207 2028 hoc
1253 1975 1480 2029 omni-no
1523 1976 1669 2044 quod
1712 1974 1919 2030 dictum
1962 1983 2081 2038 est,
2116 1974 2165 2030 is

581 2063 675 2130 qui
712 2066 1021 2134 proximum
1052 2082 1213 2122 suum
1248 2066 1367 2137 plus
1407 2082 1569 2136 quam
1604 2066 1842 2139 seipsum
1882 2064 2048 2137 33E.
2078 2065 2165 2120 di-

584 2151 731 2214 b-vit,
754 2153 974 2222 quando
1008 2155 1244 2208 animam
1278 2170 1432 2210 suam
1460 2170 1561 2225 pro
1588 2157 1708 2226 ipso
1735 2157 1936 2226 posuit,
1970 2172 2165 2228 quam-

582 2244 664 2297 vis
704 2256 1028 2314 praeceptum
1065 2261 1095 2300 a
1123 2246 1358 2301 Domino
1380 2262 1542 2316 super
1563 2248 1668 2303 hoc
1700 2263 1809 2303 non
1844 2249 2164 2319 accepisset.

581 2333 828 2389 Habeant
872 2335 1073 2391 bonum
1122 2338 1365 2392 animum
1414 2340 1670 2406 humiles.
1708 2340 1961 2408 quamvis
1991 2340 2164 2396 animi

581 2418 1086 2494 perturbationibus
1121 2429 1302 2484 adhuc
1336 2430 1584 2484 obnoxii.
1624 2429 1680 2484 Si
1721 2429 1775 2484 in
1811 2445 2004 2487 omnes
2035 2447 2164 2502 pec-

579 2528 828 2573 catorum
878 2521 1063 2593 foveas
1102 2520 1367 2587 incidant,
1428 2523 1795 2599 omnibusque
1839 2523 2162 2593 laqueorum

583 2611 801 2666 insidiis
834 2611 1136 2667 induantur
1162 2622 1215 2666 et
1245 2613 1552 2681 capiantur,
1603 2615 1968 2685 omnibusque
1993 2615 2163 2671 animi

584 2701 789 2758 morbis
818 2702 1146 2776 adliganter,
1205 2715 1261 2760 at
1294 2714 1583 2776 postquam
1632 2708 1922 2763 sanitatem
1967 2723 2164 2763 conse-

582 2795 693 2848 cuti
734 2795 957 2863 fuerint,
1009 2796 1266 2853 omnibus
1309 2798 1431 2852 aliis
1476 2798 1788 2863 luminaria,
1823 2798 2041 2865 medici,
2079 2799 2164 2854 lu-

582 2900 761 2941 cornze
816 2897 872 2941 et
922 2888 1180 2943 ductores
1232 2889 1383 2953 tiant,
1439 2889 1796 2959 omniumque
1844 2891 2161 2946 morborum

583 2993 783 3047 genera
810 2992 907 3034 seu
931 2979 1249 3035 discrimina
1280 2981 1533 3043 doceant,
1565 2995 1772 3051 eosque
1800 2983 1893 3052 qui
1922 2981 1976 3036 in
2000 2998 2163 3038 casus

558 3070 828 3139 periculo
845 3082 992 3138 sunt,
1021 3073 1396 3140 experimento
1414 3088 1514 3127 suo
1544 3081 1784 3128 servent.
1806 3072 1962 3139 Quod
1988 3074 2033 3127 si
2063 3075 2156 3143 qui

583 3162 654 3215 oh
699 3163 999 3230 praeteri-tas
1047 3164 1306 3229 peccandi
1357 3164 1784 3219 consuetudines
1830 3164 2012 3219 adhuc
2049 3166 2159 3219 vim

583 3254 888 3322 patiuntur,
930 3263 982 3309 et
1019 3255 1217 3309 docere
1247 3255 1383 3310 alios
1426 3256 1572 3309 nudo
1613 3255 1962 3325 simplicique
1999 3257 2167 3312 verbo

581 3356 837 3414 possunt,
876 3347 1130 3411 doceant,
1167 3347 1402 3401 fortasse
1431 3349 1577 3401 enim
1613 3348 1908 3417 aliquando
1941 3349 2012 3404 ob
2039 3364 2169 3405 suas

583 3438 685 3506 ipsi
740 3437 1157 3492 adhortationes
1216 3439 1566 3500 verecuuvlati
1640 3439 1919 3508 incipient
1970 3424 2168 3495 melius

480 3544 491 3553 ·
584 3520 746 3595 agere
777 3536 831 3582 et
862 3529 1049 3583 vivere
1104 3529 1404 3596 (enimvero
1444 3530 1580 3584 tales
1619 3544 1728 3584 non
1779 3530 2046 3597 imperent
2074 3540 2168 3585 aut

584 3621 910 3689 gubernent)
948 3638 961 3675 :
997 3631 1050 3676 et
1080 3619 1292 3676 accidet
1321 3620 1430 3675 illis
1461 3620 1606 3691 quod
1647 3622 1977 3690 quibusdam
2015 3621 2166 3677 acci-

582 3712 729 3765 disse
755 3713 1008 3776 vidimus,
1033 3712 1124 3782 qui
1155 3712 1207 3766 in
1236 3727 1396 3766 coeno
1419 3712 1662 3767 sordium
1689 3711 1954 3781 voluptati
1983 3724 2164 3770 trans-

582 3812 776 3858 euntes
811 3803 950 3857 alius
986 3805 1310 3873 docuerunt,
1351 3817 1462 3871 quo
1501 3812 1659 3873 pacto
1696 3804 1797 3873 ipsi
1832 3804 1885 3858 in
1916 3820 2037 3859 eam
2065 3819 2164 3859 vo-

582 3893 821 3963 raginem
857 3896 1201 3957 incidissent,
1237 3895 1381 3964 quod
1422 3894 1689 3961 feCerunt,
1730 3904 1790 3952 ut
1829 3897 1950 3952 illos
1982 3897 2164 3953 salvos

2274 1978 2540 2031 σείτωσαν
2572 1977 2623 2029 οἱ
2650 1976 3108 2047 τεταπεινωμένοι
3135 1976 3418 2047 ἐμπαθεῖς·
3451 1977 3500 2028 εί
3524 1974 3632 2045 γάρ
3660 1975 3751 2028 καὶ
3781 1974 3844 2026 ὲν

2273 2070 2409 2122 πᾶσι
2435 2070 2549 2131 τοῖς
2595 2066 2837 2137 βοθύνοις
2881 2067 3243 2139 περιπέσωσι,
3274 2068 3367 2119 καὶ
3397 2069 3453 2120 ὲν
3483 2066 3686 2129 πάσαις
3720 2066 3842 2127 ταῖς

2270 2159 2466 2228 παγίσι
2518 2158 2875 2230 βροκισθῶσι,
2926 2158 3022 2210 καὶ
3075 2158 3256 2211 πᾶσαν
3299 2160 3454 2211 νόσον
3507 2157 3837 2228 νοσήσωσιν·

2270 2252 2409 2305 ἀλλά
2437 2269 2498 2321 γε
2531 2254 2669 2323 μετὰ
2692 2253 2792 2322 τὴν
2822 2250 3020 2319 ὑγείαν
3040 2252 3176 2304 πᾶσι
3197 2250 3502 2319 φωστῆρες,
3526 2249 3621 2302 καὶ
3647 2250 3841 2319 ἰατροὶ,

2271 2344 2365 2396 καὶ
2395 2343 2596 2412 λύχνοι,
2629 2342 2725 2396 καὶ
2772 2340 3100 2411 κυϐερνῆται
3127 2340 3384 2409 γίνονται,
3428 2339 3664 2407 ἑκάστης
3685 2339 3838 2391 νόσου

2268 2434 2397 2496 τοὺς
2440 2433 2674 2503 τρόπους
2717 2432 3087 2495 διδάσκοντες,
3136 2431 3384 2493 καὶτοὺς
3428 2430 3716 2501 μέλλοντας
3744 2428 3840 2482 πί-

2271 2541 2446 2588 πτειν,
2493 2525 2558 2578 ἐκ
2597 2524 2696 2595 τῆς
2742 2524 2952 2588 οἰκείας
2982 2520 3604 2596 πείραςδιασώζοντες·
3649 2522 3700 2574 εί
3741 2521 3842 2591 μὲν

2270 2618 2334 2669 ἐκ
2393 2615 2884 2687 προγεγενημένων
2936 2614 3261 2687 προλήψεων
3312 2611 3701 2685 τυραννοῦνταί
3759 2628 3840 2664 τι·

2269 2726 2358 2766 va:
2394 2708 2469 2777 (8)
2500 2707 2594 2761 καὶ
2624 2707 2896 2763 διδάσκειν
2916 2707 3020 2761 κάν
3041 2705 3181 2778 ψιλῷ
3202 2705 3349 2777 λόγῳ
3382 2704 3665 2768 δύνανται,
3698 2701 3840 2756 διδά-

2252 2793 2454 2868 ¹ξωσιν,
2487 2801 2647 2863 Ἴσως
2687 2800 2798 2872 γάρ
2835 2816 2967 2853 ποτε
2998 2800 3103 2853 κᾶν
3132 2799 3256 2863 τοὺς
3279 2797 3509 2860 οἰκείους
3536 2796 3724 2865 λόγους
3751 2793 3840 2848 al-

2273 2893 2592 2962 σχυνθέντες
2631 2892 2730 2962 τῆς
2772 2891 3080 2961 πρακτικῆς
3109 2889 3381 2960 ἄρξωνται
3416 2887 3489 2956 (9)
3523 2888 3620 2958 (μὴ
3656 2884 3837 2957 μέντοι

2269 2985 2363 3037 καὶ
2394 2983 2645 3054 ἄρξωσι),
2688 2982 2783 3036 καὶ
2821 2982 3114 3051 γενήσεται
3146 3002 3149 3003 ν
3211 2980 3239 3033 ‘v.
3281 2981 3339 3032 ὲν
3382 2979 3565 3042 αὐτοῖς
3590 2980 3725 3048 ὅπερ
3747 2975 3837 3030 έπί

2269 3092 2429 3128 τινων
2462 3076 2519 3127 ὲν
2553 3073 2797 3144 βορϐόρῳ
2829 3070 3165 3140 κυλιομένων
3204 3065 3344 3123 εἶδον
3388 3068 3670 3138 γινόμενον
3691 3083 3706 3098 ’
3738 3066 3840 3136 ἐμω

2271 3161 2657 3232 πεπηλωμένοι
2686 3163 2795 3232 γὰρ
2818 3160 3151 3230 ὑπάρχοντες
3182 3160 3273 3213 τὸν
3295 3158 3497 3229 τρόπον
3530 3157 3627 3227 τῆς
3661 3158 3837 3239 ἐκεῖσε

2268 3250 2449 3304 αὐτῶν
2474 3249 2913 3312 καταποντίσεως
2939 3251 3067 3311 τοὺς
3096 3249 3539 3320 παρερχομένους
3569 3245 3840 3299 {Si-510mm!

2266 3344 2404 3414 ὑπὲρ
2438 3343 2536 3413 τῆς
2564 3341 2840 3413 σωτηρίας
2885 3341 3064 3394 αὐτῶν
3103 3341 3259 3394 τοῦτο
3305 3339 3834 3411 πραγματευόμενοι,

2262 3438 2411 3499 ὅπως
2442 3437 2517 3506 μὴ
2555 3436 2800 3490 κάκεῖνοι
2828 3437 2895 3505 τῇ
2930 3436 3067 3505 αὐτῇ
3098 3433 3201 3504 ὁδῷ
3245 3434 3492 3487 πέσωσι·
3526 3432 3620 3486 καὶ
3658 3430 3837 3501 μέντοι

2262 3529 2350 3582 διὰ
2392 3530 2490 3599 τὴν
2519 3529 2720 3598 ἐτέρων
2753 3528 3046 3599 σωτηρίαν,
3091 3527 3185 3582 καὶ
3214 3526 3414 3589 αὐτοὺς
3456 3529 3485 3580 ὁ
3517 3522 3837 3579 παντοδύναο

2275 3637 2373 3690 μος
2412 3618 2506 3673 τοῦ
2547 3617 2720 3690 πηλοῦ
2760 3616 3124 3689 ὲλυτρώσατο.
3169 3618 3232 3673 Ei
3274 3617 3331 3671 δέ
3377 3633 3444 3685 γε
3486 3618 3539 3670 οἱ
3578 3613 3838 3686 ἐμπαθεῖς

2271 3713 2535 3775 ἑκουσίως
2560 3711 2785 3773 ἑαυτοὺς
2814 3712 2935 3773 ταῖς
2976 3711 3189 3780 ήδοναξ
3225 3708 3630 3787 ὲπιρῤίπτουσι,
3662 3707 3833 3775 σιωπῇ

2271 3803 2366 3874 τὴν
2415 3802 2762 3857 διδασκαλίαν
2812 3800 3152 3866 ὲνδείξονται.
3198 3794 3298 3853 Ὧν
3322 3800 3482 3873 χάριν
3530 3798 3749 3868 ἤρξατο
3801 3797 3838 3850 ὁ

2281 3895 2513 3962 Ἰησοῦς
2545 3894 2742 3950 ποιεῖν
2765 3910 2828 3948 τε
2863 3893 2960 3948 καὶ
3007 3891 3340 3949 διδάσκειν.

582 3999 922 4057 praestarent,
956 4005 1025 4043 ne
1048 3990 1102 4042 in
1127 3974 1371 4044 eamdem
1399 3990 1662 4061 peccandi
1721 3991 1933 4050 foveam
1988 3994 2229 4063 ipsorum
2265 3992 2515 4063 exemplo
2541 3993 2655 4060 pari
2683 3993 2895 4046 ratione
2915 3989 3232 4047 ceciderint.
3262 3988 3366 4044 Sed
3394 3988 3540 4043 enim
3570 3990 3669 4044 hos
3691 3988 3834 4058 ipsos

581 4076 727 4133 Deus
760 4081 852 4147 qui
885 4081 1067 4135 oinuia
1107 4088 1304 4149 potest,
1341 4091 1564 4151 propter
1603 4081 1836 4136 aliorum
1906 4083 2137 4147 salutem
2200 4100 2229 4135 ο
2268 4096 2429 4139 εωηο
2479 4092 2829 4151 peccatorum
2881 4081 3149 4137 liberavit.
3201 4079 3305 4148 Qui
3352 4096 3481 4137 vero
3524 4096 3590 4136 ex
3630 4082 3833 4139 vitiosis

593 4180 786 4236 sponte
864 4186 922 4223 se
992 4171 1363 4239 voluptatibus
1438 4172 1645 4226 dedunt
1691 4180 1746 4226 et
1791 4172 2146 4243 immergunt,
2203 4184 2439 4241 taceant,
2497 4183 2552 4228 et
2602 4173 2821 4230 silentio
2869 4187 2972 4228 suo
3023 4174 3272 4229 doceant.
3325 4170 3623 4244 Propterea
3673 4171 3826 4230 Jcsus

582 4264 732 4332 irrepit
766 4264 941 4331 facere
970 4273 1018 4316 et
1054 4264 1239 4316 docere
1263 4264 1330 4318 ³⁸.

654 4355 864 4408 Saevum
901 4360 1099 4406 revera
1135 4363 1190 4407 et
1236 4355 1491 4418 immane,
1529 4370 1562 4406 o
1600 4355 1837 4410 humiles
1878 4355 2158 4423 monachi,

2335 4354 2603 4419 Χαλεπὸν,
2639 4355 2808 4419 ὖντως
2849 4353 3084 4424 χαλεπὸν
3117 4355 3509 4426 περαιούμεθα,
3538 4348 3584 4409 ὦ
3622 4354 3834 4425 μοναχοὶ

584 4445 809 4515 pelagus
843 4445 1171 4511 trajicimus,
1218 4446 1403 4500 multis
1438 4456 1727 4499 ventorum
1763 4447 2075 4502 turbinibus
2112 4454 2168 4501 et

583 4536 842 4603 scapulis,
872 4534 1035 4605 335
1068 4536 1390 4599 vorticibus,
1416 4537 1630 4605 piratis,
1662 4536 2011 4604 siphonibus,
2045 4538 2167 4593 bre-

583 4629 742 4681 vibus
768 4640 865 4679 seu
900 4624 1165 4694 syrtibus,
1200 4626 1567 4702 monstrisque
1591 4634 1644 4680 et
1672 4625 1926 4680 ﬂuctibus
1964 4628 2167 4681 reduno

582 4721 740 4773 dans.
802 4718 1100 4786 Senpultttlt
1163 4717 1530 4785 intelligamus
1584 4733 1780 4773 servam
1828 4728 1884 4773 et
1944 4728 2166 4785 repente

585 4812 1036 4865 intum-similem
1088 4809 1262 4872 iram;
1325 4809 1586 4859 vorticem
1638 4824 1765 4861 vero
1811 4824 1934 4863 cum
1970 4824 2166 4877 exspes

584 4903 791 4969 vertigo
825 4909 1059 4950 mentem
1108 4898 1348 4963 undique
1381 4898 1753 4961 circumsistit,
1797 4908 1848 4951 et
1893 4899 1945 4953 in
2000 4899 2166 4953 altam

586 4989 987 5060 desperationis
1019 4990 1331 5057 voraginem
1373 4991 1713 5058 przeeipitare
1746 5000 1995 5043 conatur.
2041 4989 2169 5042 lli-r-

590 5086 673 5139 via
708 5094 761 5136 rt
794 5096 969 5152 syrtes
1003 5092 1131 5135 sunt
1163 5081 1487 5151 ignorantiae
1517 5098 1637 5148 qua:
1665 5081 1867 5135 malum
1904 5097 1999 5149 pro
2024 5066 2169 5134 bono

590 5177 854 5244 :‘ntipiunt
891 5187 942 5228 et
991 5176 1294 5228 continent.
1334 5172 1577 5226 Monstra
1632 5189 1757 5227 vero
1810 5172 2021 5227 marina
2066 5173 2168 5226 hoc

589 5288 750 5337 grave.
786 5281 838 5322 rt
876 5270 1048 5321 l'erum
1097 5283 1316 5334 corpus.
1365 5266 1560 5319 Piratae
1595 5266 1985 5334 improbis’simi
2018 5281 2171 5319 vanze

588 5365 771 5430 μΙυπ-ἱιιε
809 5360 1043 5414 ministri
1078 5371 1131 5412 et
1165 5359 1421 5419 artiliees,
1464 5358 1555 5425 qui
1592 5356 1838 5412 sarcinas
1872 5367 2089 5411 nostras
2119 5367 2173 5410 et

590 5456 829 5505 manium
894 5452 1157 5504 virtutum
1224 5450 1437 5501 labores
1493 5457 1548 5499 et
1614 5448 1826 5502 l'rurtus
1885 5448 2167 5515 diripiunt.

588 5543 809 5594 Hui-tus
854 5540 1274 5605 interpretemur
1317 5538 1564 5589 inliatum
1608 5548 1657 5589 et
1699 5534 1997 5590 tumentem
2040 5549 2169 5586 ven-

592 5646 748 5697 λιι-ιιι,
782 5632 873 5699 qui
922 5643 1113 5699 suopte
1160 5645 1258 5685 nos
1306 5630 1508 5700 impetu
1538 5628 1602 5682 ad
1654 5628 1800 5681 illam
1842 5628 2076 5683 belluam
2114 5636 2169 5680 et

674 5822 706 5846 "-
745 5819 862 5870 Aet.
908 5815 1021 5879 μί.

2262 4448 2528 4509 ταπεινοὶ,
2564 4444 2802 4513 πέλαγος
2844 4445 2939 4499 καὶ
2978 4444 3188 4498 πολλῶν
3218 4447 3565 4516 πνευμάτων,
3604 4447 3693 4499 καὶ
3716 4460 3833 4497 σπι-

2262 4536 2457 4600 λάδων,
2489 4536 2582 4590 καὶ
2610 4536 2851 4603 ἰλίγγων,
2879 4536 2972 4589 καὶ
3007 4535 3300 4605 πειρατῶν,
3334 4537 3426 4588 καὶ
3450 4534 3717 4602 σιφώνων,
3744 4536 3832 4587 καὶ

2266 4625 2506 4698 βραχῶν,
2556 4628 2651 4678 καὶ
2680 4625 2908 4696 θηρίων,
2956 4625 3051 4679 καὶ
3080 4627 3340 4696 κυμάτων
3388 4625 3824 4697 πεπληρωμένον.

2263 4717 2500 4771 Σπτλάδα
2529 4718 2625 4786 μὲν
2664 4717 2755 4768 ἐπὶ
2801 4715 3000 4786 ψυχῆς,
3039 4716 3130 4769 τὸν
3154 4718 3346 4788 ἄγριον
3364 4717 3543 4787 θυμὸν
3593 4720 3685 4772 καὶ
3710 4717 3825 4781 αξφ-

2271 4811 2430 4864 νίδιον
2473 4810 2793 4879 νοήσωμεν·
2839 4806 3024 4875 ἴλιγγα
3070 4808 3127 4862 δὲ
3172 4810 3271 4878 τὴν
3318 4809 3696 4863 άνελπιστείαν
3741 4809 3832 4876 τὴν

2271 4900 2703 4972 περικυκλοῦσαν
2743 4899 2835 4953 τὸν
2878 4897 3023 4963 νοῦν,
3056 4900 3151 4952 καὶ
3181 4897 3372 4952 τοῦτον
3417 4901 3581 4953 αὑτὸν
3609 4902 3666 4954 ὲν
3695 4897 3832 4969 βυθῷ

2268 4990 2631 5060 ἀπογνώσεως
2684 4990 3012 5059 κατενέγκαι
3058 4990 3464 5055 σπουδάζουσαν
3488 5006 3502 5022 ’
3544 4989 3736 5060 βράχος
3775 4988 3829 5040 δὲ

2267 5086 2364 5154 τὴν
2393 5085 2638 5152 ἄγνοιαν,
2682 5083 2782 5154 τὴν
2812 5082 2873 5135 τὸ
2922 5082 3089 5137 κακὸν
3134 5081 3210 5146 ὼς
3257 5080 3422 5135 καλὸν
3474 5081 3825 5152 κατέχουσαν·

2272 5171 2435 5241 Οηρία
2464 5172 2539 5235 δὲ,
2569 5172 2632 5224 τὸ
2661 5171 2799 5242 βαρὺ
2820 5169 2977 5223 τοῦτο
3010 5172 3105 5225 καὶ
3134 5170 3323 5239 άγριον
3357 5170 3514 5239 σῶμα
3538 5186 3554 5201 ο
3580 5167 3829 5240 πειρατὰς

2270 5264 2325 5316 δὲ
2379 5266 2501 5326 τοὺς
2550 5263 2651 5331 τῆς
2718 5261 3023 5326 κενοδοξίας
3076 5261 3491 5331 χαλεπωτάτους
3539 5260 3830 5331 ὑπουργοὺς

2271 5355 2395 5415 τοὺς
2424 5353 2514 5405 τὸν
2544 5354 2740 5421 φόρτον
2764 5351 2942 5422 ἡμῶν,
2984 5351 3078 5403 καὶ
3104 5350 3195 5402 τὸν
3223 5350 3469 5420 κάματον
3501 5350 3611 5401 τῶν
3630 5342 3828 5417 ἀρετῶν

2272 5444 2724 5515 ἀφαρπάζοντας·
2803 5441 2956 5510 κῦμα
3011 5440 3067 5494 δὲ
3138 5441 3236 5511 την
3290 5440 3683 5511 πεφυσημένην
3745 5436 3831 5490 καὶ

2270 5535 2611 5606 ὀγκουμένην
2641 5534 2849 5588 κοιλίαν
2881 5532 3014 5600 (10),
3044 5533 3143 5602 τὴν
3174 5534 3239 5586 ἐκ
3262 5532 3362 5602 τῆς
3396 5530 3531 5592 ἰδίας
3563 5531 3734 5601 ὁρμῆς
3758 5524 3833 5595 τῷ

2276 5629 2452 5699 θηρίῳ
2498 5627 3002 5699 παραπέμπουσαν-
3061 5626 3269 5696 σίφωνα
3298 5622 3379 5689 δὲ,
3406 5622 3504 5677 τὴν
3534 5622 3599 5677 ὲκ
3632 5620 3725 5675 τοῦ
3751 5618 3833 5675 οὺ-
