4030 6342
184 456 307 521 1017

1118 462 1128 474 ’
1175 466 1402 527 SCALA
1434 466 1887 527 PARADISI.—
1907 466 2215 528 GRADUS
2236 467 2442 527 XXVI.

3288 466 3422 528 1018

145 618 162 628 _
186 565 339 633 ρανοῦ
372 566 633 635 ριφεῖσαν
655 568 1049 639 ὑπερηφανίαν,
1071 568 1168 641 τὴν
1201 572 1578 643 ἀναφέρουσαν
1600 575 1749 646 ἡμᾶς

1852 583 2157 629 monstrum
2210 574 2407 630 defert.
2456 560 2756 645 ‘Sipbonem
2807 576 2992 646 accipe
3044 574 3349 644 superbiam
3389 593 3423 629 ο

147 686 151 689 Α
180 654 355 707 λοιπὸν
386 654 480 708 καί
515 657 935 727 καταφέρουσαν
977 658 1081 721 ἕως
1113 658 1221 712 τῶν
1246 659 1519 715 ἀϐύσσων.
1555 676 1561 681 ’

200 946 207 953 ’
243 935 498 1007 Γνὼριμα
537 937 909 1007 καθεστήκασι
950 941 1063 1003 τοῖς
1091 940 1394 1011 γράμματα
1425 943 1752 1016 παιδευομέ-

180 1044 284 1088 νοις
314 1028 447 1097 (ΙΙ),
498 1030 627 1080 ποῖα
670 1032 768 1098 μὲν
806 1031 1207 1101 εἰσαγομένων,
1256 1036 1385 1085 ποῖα
1435 1033 1491 1086 δὲ
1532 1035 1747 1105 μέσων,

182 1116 301 1167 ποῖα
328 1114 381 1166 δὲ
415 1115 756 1169 διδασκάλων
783 1119 1109 1187 τυγχάνουσι
1152 1119 1221 1173 τὰ
1249 1120 1568 1191 μαθήματα.
1612 1124 1751 1194 Πρό-

186 1223 395 1275 σχωμεν
416 1208 704 1277 νουνεχῶς,
744 1210 941 1279 μήπως
964 1212 1022 1262 ὲν
1056 1212 1122 1281 τῇ
1142 1211 1374 1282 μαθήσει
1404 1215 1751 1283 χρονίσαντες

182 1297 257 1348 ἔτι
290 1298 347 1349 ἐν
384 1301 500 1360 τοίς
532 1301 911 1367 είσαγωγικοίς
940 1300 1304 1372 διατρίϐωμεν
1338 1304 1746 1375 ἐπαγγέλμασιο

184 1391 309 1455 ὅπερ
338 1389 573 1461 αίσχύνῃ
600 1394 733 1444 πᾶσι
771 1391 1096 1461 γνωρίζεται
1147 1393 1413 1464 γηραλέον
1449 1396 1651 1451 ἰδέσθαι
1671 1400 1772 1468 είς,

185 1481 561 1551 παιδευτήριον
600 1482 987 1553 πορευόμενον.

260 1659 478 1730 Ἀρίστη
521 1662 686 1713 πᾶσιν
713 1661 1023 1732 ἀλφάϐητος
1070 1660 1205 1733 αὕτη
1241 1661 1376 1733 (l2).
1401 1664 1446 1715 Α
1492 1661 1707 1733 ὑπακοὴ
1730 1700 1747 1727 ,

188 1750 230 1801 Β
258 1750 512 1819 νηστεία,
532 1752 581 1802 1‘
612 1751 831 1816 σάκκος,
861 1753 913 1803 Δ
938 1751 1173 1817 σποδὸς,⁶
1208 1755 1256 1805 Ε
1282 1752 1509 1821 δάκρυα,
1551 1754 1599 1804 Ζ
1635 1752 1749 1816 €50-

192 1839 493 1909 μολόγησις,
544 1843 599 1893 Η
646 1840 844 1910 σιωπὴ,
897 1843 940 1893 Θ
985 1841 1333 1906 ταπείνωσις,
1380 1844 1411 1895 ι
1451 1841 1745 1910 ἀγρυπνία,

189 1934 235 1983 K
258 1931 560 1999 ἀνδρεία,Λ
595 1929 783 1999 ψύχος,
816 1934 873 1984 Μ
890 1930 1076 1994 κόπος,
1112 1934 1167 1985 Ν
1185 1931 1545 2000 ταλαιπωρία,
1586 1932 1631 1984 Ξ
1657 1931 1746 1997 ἐξ·

186 2021 484 2082 ουδένωσις,
536 2025 578 2073 0
628 2021 906 2091 συντριὸὴ,
976 2024 1025 2074 Π
1069 2022 1481 2091 ἀμνησικακία,
1526 2025 1575 2075 Ρ
1624 2039 1750 2075 συν-

188 2109 401 2178 αδελφία
422 2110 558 2179 (15),
588 2113 633 2164 Σ
648 2110 899 2180 ὴπιότης,
939 2114 981 2165 Τ
997 2110 1180 2174 πίστις
1207 2111 1353 2182 ἁπλῆ
1377 2112 1469 2164 καὶ
1491 2112 1750 2183 ἀπερίερ-

188 2213 295 2263 γος,
324 2200 367 2250 Υ
400 2199 703 2268 ἀμεριμνία
748 2200 975 2270 κόσμου,
1014 2203 1062 2253 Φ
1097 2202 1251 2269 μῖσος
1285 2200 1481 2271 ἄμισον
1525 2203 1748 2268 γονέων,

189 2288 234 2340 Χ
256 2288 651 2358 ἀπροσπάθεια,
689 2292 744 2344 Ψ
769 2292 1007 2363 ἁπλότης
1044 2294 1143 2347 σὺν
1167 2294 1392 2363 ἀκακία,
1426 2295 1470 2345 Ω
1507 2294 1750 2357 ἑκούσιος

192 2380 445 2436 εὐτέλεια.
479 2379 655 2452 [Καλὴ
689 2382 843 2448 τάξις
875 2384 990 2454 ὅροι
1035 2384 1261 2453 pscium]
1310 2385 1627 2455 Κατάληψις
1658 2387 1751 2439 καὶ

193 2470 362 2541 ψῆφος
411 2474 848 2543 προκοπτόντων,
906 2476 1235 2543 ἀκενοδοξία,
1273 2477 1564 2547 ἀοργησία,
1599 2472 1753 2531 εὐέλ-

196 2560 400 2624 πιστία,
433 2563 668 2634 ἡσυχία,
708 2563 1000 2635 διάκρισις,
1053 2565 1285 2634 κρίσεως
1322 2567 1509 2635 μνήμη
1558 2567 1749 2634 παγία,

102 2689 109 2694 ς
194 2651 576 2723 εὐσπλαγχνία,
609 2652 902 2723 φιλοξενία,
938 2655 1183 2709 νουθεσία
1218 2656 1551 2728 σύμμετρος,
1592 2675 1753 2728 προσ-

194 2740 318 2812 ευχὴ
354 2742 600 2816 ἀπαθὴς,
651 2744 1040 2815 ἀφιλαργυρία.
1095 2740 1261 2811 Οὗτος
1306 2749 1449 2817 ὅρος,
1497 2749 1651 2817 λόγος
1693 2767 1751 2802 τε

194 2832 281 2881 xxi.
310 2832 465 2900 νόμος
510 2836 837 2902 πνευμάτων
878 2838 974 2889 καὶ
1007 2837 1273 2907 σωμάτων
1312 2840 1369 2890 ἐν
1403 2840 1566 2909 σαρκὶ
1595 2841 1755 2893 εὐσε-

194 2918 296 2983 ϐῶς
324 2922 715 2990 τελειουμένων
733 2939 747 2952 ·
779 2925 1279 2997 ἀναιχμαλώτιστος
1299 2930 1346 2980 Α
1375 2930 1590 2999 καρδία,
1612 2933 1756 2983 Βτε-

196 3009 515 3081 τελειωμένη
545 3012 757 3083 ἀγάπη,
800 3015 850 3066 Γ
892 3017 1387 3089 ταπεινοφροσύνης
1434 3022 1605 3091 πηγὴ,
1636 3021 1754 3086 νοὸς

196 3103 230 3154 Δ
257 3102 487 3173 ὲκδημία
534 3103 793 3173 Χριστοῦ,
820 3107 862 3158 E
889 3105 1114 3176 ἐνδημία
1147 3108 1341 3176 φωτὸς,
1375 3111 1469 3164 καὶ
1509 3114 1558 3164 Ζ
1588 3128 1756 3182 προσ-

196 3192 349 3262 ευχῆς
382 3193 598 3257 ἀσυλία,
631 3195 948 3265 ὲλλάμψεως
996 3200 1049 3252 Η
1074 3198 1207 3251 Θεοῦ
1249 3201 1554 3269 περιουσία,
1589 3202 1754 3266 πόθος

1852 666 1994 720 coelo
2022 664 2312 734 dejectam,
2344 680 2466 734 quae
2488 680 2589 721 nos
2616 681 2761 720 nunc
2788 666 2842 720 in
2875 665 3072 721 caelum
3095 665 3265 731 effert,
3292 679 3421 721 ωαχ

1851 754 1920 808 ad
1961 763 2163 810 tartara
2197 756 2471 827 deprimit.

1920 929 2136 985 Norunt
2170 946 2361 988 onmes
2389 932 2643 998 litlerati,
2676 948 2797 1001 qua:
2837 932 3139 1003 disciplina:
3168 934 3419 1001 rudibus,

1850 1036 1977 1090 quae
2007 1022 2438 1091 proficientibus,
2461 1038 2583 1091 quae
2610 1023 2746 1091 ipsis
2774 1023 3045 1092 magistris
3073 1027 3419 1079 conveniant.

1851 1111 2151 1181 Diligenter
2180 1113 2549 1177 attendamus,
2592 1129 2660 1165 nc
2689 1113 2780 1167 diu
2813 1114 3003 1168 litteris
3030 1114 3302 1168 immorati
3327 1116 3423 1168 ad-

1849 1204 1959 1258 huc
1991 1203 2045 1257 in
2081 1203 2407 1258 rudimentis
2452 1202 2946 1272 deprehendantur,
2980 1204 3124 1271 quod
3164 1204 3422 1283 omnibus

1850 1305 2008 1363 turpe
2036 1310 2145 1349 non
2186 1296 2486 1363 ignoratur,
2519 1293 2705 1348 videre
2733 1309 2919 1349 senem
2964 1295 3018 1348 in
3057 1294 3242 1348 ludum
3276 1294 3420 1348 litte-

1851 1385 2063 1441 rarium
2102 1387 2348 1442 itantem.

1925 1702 2203 1773 Optimum
2234 1703 2480 1757 omnium
2512 1702 2903 1758 elementorum
2942 1699 3286 1770 alphabetum
3319 1703 3424 1757 hoc

1849 1805 1951 1862 est,
1990 1796 2033 1848 A
2063 1795 2394 1859 obedientia,
2430 1794 2475 1846 Β
2501 1794 2792 1863 jejunium,
2821 1792 2861 1848 C
2894 1793 3155 1856 cilicium,
3187 1791 3234 1843 ι)
3258 1791 3420 1856 cinis,
3469 1833 3485 1842 .

1854 1886 1902 1940 E
1930 1889 2202 1957 lacrymaa,
2238 1883 2284 1936 ια’
2310 1883 2607 1947 confessio,
2640 1882 2683 1939 ϐ
2713 1883 3013 1946 silentium,
3042 1882 3093 1936 Η
3122 1882 3419 1945 humilitas,

1782 1989 1823 2045 Β
1856 1980 1881 2032 Ι
1915 1979 2133 2049 vigilias,
2172 1976 2218 2030 K
2256 1976 2537 2038 fortitudo,
2564 1974 2607 2027 L
2639 1973 2832 2043 frigus,
2876 1973 2929 2026 Μ
2975 1975 3129 2028 labor
3159 1990 3252 2027 seu
3294 1973 3421 2027 fati-

1852 2072 2014 2141 gatio,
2062 2069 2115 2123 N
2155 2086 2416 2135 aerumna,
2459 2067 2503 2123 0
2548 2074 2909 2135 contemptus,
2954 2066 3000 2119 P
3055 2066 3332 2129 contritio,
3373 2068 3417 2131 ρ

1851 2163 2174 2232 injuriarum
2229 2162 2451 2228 oblivio,
2517 2160 2561 2214 Β
2605 2160 2839 2214 fraterna
2905 2160 3167 2223 charitas,
3238 2158 3276 2213 S
3342 2158 3393 2213 le

1851 2254 2015 2318 nitas,
2055 2254 2096 2306 T
2126 2254 2257 2308 ﬁdes
2303 2254 2531 2323 simplex
2581 2262 2635 2307 et
2679 2251 2973 2315 incuriosa,
3015 2249 3058 2303 Π
3095 2250 3282 2305 mundi
3326 2265 3395 2305 ne

1852 2350 2061 2418 glectus
2086 2349 2271 2419 336,
2300 2346 2351 2400 Χ
2376 2356 2661 2416 parentum
2687 2346 2869 2399 odium
2895 2344 3119 2398 minime
3143 2345 3395 2398 odiosum

1857 2441 1897 2495 Y
1932 2443 2067 2496 liber
2112 2440 2181 2495 ab
2216 2439 2468 2494 omnibus
2506 2438 2668 2492 rebus
2717 2436 2962 2501 affectus,
3007 2435 3049 2489 Ζ
3099 2437 3419 2505 simplicitas

1854 2548 1975 2588 cum
2006 2531 2314 2586 innocentia
2347 2530 2635 2599 conjuncta
2662 2527 2805 2599 [sine
2834 2526 3085 2599 malitia],
3112 2527 3420 2581 voluntaria

1852 2625 2055 2680 vilitas.
2116 2624 2525 2679 Proﬁcientium
2574 2636 2703 2675 vero
2756 2636 2877 2675 sors
2930 2630 2983 2675 et
3048 2620 3186 2674 ratio
3223 2629 3309 2674 est
3355 2620 3423 2675 de

1853 2717 2001 2770 inani
2036 2716 2206 2784 gloria
2231 2724 2283 2769 et
2311 2714 2588 2767 iracundia
2616 2714 2864 2775 victoria,
2893 2713 3032 2765 bona
3058 2726 3181 2780 spes
3207 2710 3421 2774 salutis,

1854 2808 2007 2878 quies
2039 2808 2228 2872 animi,
2255 2806 2538 2870 discretio,
2573 2808 2725 2858 lirma
2758 2812 2813 2857 et
2840 2804 2944 2857 lixa
2969 2804 3160 2872 judicii
3194 2802 3423 2858 extremi

1856 2900 2138 2965 memoria,
2157 2895 2531 2954 misericordia
2557 2894 3030 2966 [commiseratio],
3053 2893 3423 2963 hospitalitas,

1857 2994 2101 3047 modesta
2133 2991 2461 3062 obiurgatio,
2494 2991 2669 3044 oratio
2701 2989 2849 3042 omni
2884 2988 3081 3042 vitioso
3112 3001 3306 3041 carens
3338 2983 3421 3039 af-

1857 3085 2022 3150 fectu,
2054 3094 2399 3153 contemptus
2429 3083 2692 3153 pecuniae.
2715 3080 2985 3136 Caeterum
3016 3078 3427 3151 (perfectorum)

1854 3175 2017 3238 ratio,
2046 3173 2222 3228 finitio
2251 3183 2307 3228 et
2336 3173 2421 3227 lex
2444 3173 2753 3226 animorum
2776 3180 2830 3225 et
2859 3184 3148 3238 corporum
3172 3168 3431 3237 religiose

198 3286 237 3334 Θ
255 3260 508 3350 θανάτου,
537 3287 690 3355 μῖσος
714 3289 745 3338 1
763 3260 933 3357 ζωῆς,
963 3291 1109 3357 φυγὴ
1153 3293 1205 3342 Κ
1237 3260 1505 3360 σώματος,
1542 3260 1751 3362 κόσμου

1856 3268 1909 3319 in
1940 3281 2103 3321 carne
2132 3264 2467 3322 versantium
2497 3264 2613 3319 haec
2636 3271 2718 3318 cst
2746 3280 2761 3318 :
2795 3262 2900 3315 Cor
2929 3262 2973 3313 Α
3007 3261 3075 3314 ab
3105 3260 3253 3313 omni
3296 3275 3434 3329 cap—

198 3380 236 3427 A
271 3342 705 3445 πρέσϐυς,“Θεοῖῦ
859 3342 1109 3448 aleam},
1159 3342 1505 3447 ἀγγέλωνῇ

1860 3360 2067 3414 tivitate
2100 3360 2354 3424 liberum,
2391 3356 2628 3427 perfecta
2662 3355 2707 3407 B
2732 3352 2989 3417 charitas,
3024 3350 3145 3405 fons
3171 3349 3211 3404 ϐ
3242 3352 3427 3404 humi-

194 3466 427 3533 τοΐργὺς,
475 3464 728 3531 γνώσεως
760 3464 805 3519 Ξ
851 3465 1106 3531 ἄϐυσσος,
1153 3469 1464 3538 μυστηρίων
1508 3472 1550 3522 0
1584 3467 1747 3535 οἶκος,

198 3558 434 3627 ἀρρήτων
466 3560 519 3609 Π
548 3556 742 3626 φύλαξ,
784 3557 1083 3629 ἀνθρώπων
1126 3562 1174 3613 Ρ
1222 3562 1423 3631 σωτὴρ,
1483 3562 1751 3631 δαιμόνων

199 3651 240 3701 Σ
273 3650 416 3716 Θεὸς,
451 3650 639 3704 παθῶν
698 3655 740 3705 Τ
789 3651 1010 3720 Κύριος,
1056 3654 1332 3723 Δεσπότης
1391 3657 1437 3708 Υ
1480 3655 1749 3724 σώματος,

197 3739 396 3808 φύσεως
428 3745 475 3795 Φ
507 3742 819 3813 ἐπίτροφος,
870 3744 1141 3814 ἁμαρτίας
1171 3748 1221 3798 Χ
1268 3746 1436 3811 ξένος,
1484 3746 1752 3809 ἀπαθείας

204 3833 256 3884 Ψ
287 3830 447 3897 οἶκος,
500 3835 743 3904 μιμητὴς
769 3836 811 3887 Ω
840 3835 1131 3901 Δεσπότου,
1162 3838 1227 3889 ὲκ
1254 3836 1501 3905 βοηθείας
1545 3837 1751 3889 Δεσπό-

198 3939 305 3988 του,
333 3923 391 3975 ού
422 3924 623 3992 μικρᾶς
650 3924 782 3992 ἡμῖν
824 3925 958 3994 (14),
993 3926 1080 3977 ὅτε
1111 3925 1169 3977 τὸ
1208 3925 1365 3993 σῶμα
1404 3929 1566 3991 νοσεῖ,
1596 3927 1753 3995 χρεία

200 4013 290 4081 τῆς
335 4013 563 4082 νὴψεως.
615 4014 806 4082 Χαμαὶ
854 4015 961 4084 γὰρ
1018 4016 1068 4066 οἱ
1121 4014 1370 4085 δαίμονες
1428 4017 1753 4088 θεασάμενοι

200 4108 337 4175 ἡμᾶς
377 4106 465 4159 καὶ
519 4103 848 4177 [κειμένους]
900 4107 973 4176 μὴ
1017 4106 1346 4177 δυναμένους
1388 4110 1524 4173 τέως
1561 4113 1625 4164 ἐκ
1655 4113 1753 4180 τῆς

201 4195 402 4260 ἀτονίας
451 4196 680 4267 ἀσκήσει
732 4196 854 4250 καθ’
885 4198 1073 4251 ἑαυτὸν
1116 4199 1444 4271 χρήσασθαι,
1495 4201 1750 4271 χαλεπῶς

199 4288 310 4339 τότε
339 4287 603 4355 πολεμοῦν
626 4287 1046 4373 δοκιμάζουσινε
1073 4291 1164 4344 Ἐν
1211 4292 1310 4360 μὲν
1350 4294 1459 4354 τοῖς
1490 4293 1629 4344 κατὰ
1656 4293 1751 4344 κό-

203 4394 328 4447 σμον
376 4378 403 4431 ὁ
430 4379 522 4432 τοῦ
556 4378 750 4449 θυμοῦ,
792 4379 990 4433 ἔστιδὲ
1034 4381 1121 4433 ὅτε
1159 4382 1251 4433 καὶ
1279 4384 1377 4450 τῆς
1407 4381 1752 4451 βλασφημίας

200 4470 230 4523 ό
268 4469 463 4540 δαίμων
514 4473 572 4525 ἐν
604 4474 715 4535 τοῖς
760 4472 972 4525 νοσοῦσι
1030 4474 1355 4541 παρέπεται.
1403 4474 1489 4526 Ἑν
1534 4470 1591 4527 δὲ
1639 4478 1753 4540 τοῖς

203 4560 300 4625 ἔξω
337 4564 554 4632 κόσμου,
587 4565 637 4615 εί
690 4564 787 4633 μὲν
812 4546 920 4615 τῶν
968 4564 1164 4633 χρειῶν
1208 4564 1529 4632 εὐποροῦσιν
1559 4567 1693 4637 (15),
1726 4570 1753 4619 ὁ

1854 3452 2043 3516 litatis,
2070 3451 2265 3505 mentis
2287 3450 2338 3519 (e
2366 3447 2826 3516 mundivanitate)
2846 3442 3425 3513 Demigratio,Christi

1856 3545 1901 3598 Ε
1925 3543 2277 3611 immigratio,
2311 3541 2451 3595 lueis
2478 3547 2530 3593 et
2554 3539 2816 3593 orationis
2837 3537 3032 3591 divina:
3068 3534 3109 3588 F
3134 3537 3425 3590 thesaurus

1852 3654 1880 3690 a
1913 3636 2260 3705 praedonibus
2306 3649 2555 3695 securus,
2609 3630 2987 3684 illustrationis
3036 3628 3233 3684 divina
3259 3627 3300 3681 (ἱ
3328 3643 3427 3683 co-

1853 3730 1961 3797 pia,
1998 3727 2190 3781 mortis
2216 3726 2265 3779 II
2298 3726 2646 3793 desiderium,
2677 3722 2707 3777 Ι
2731 3723 2915 3778 odium
2942 3724 3084 3784 vitae,
3108 3721 3156 3775 K
3181 3722 3433 3790 corporis.

1852 3819 2002 3889 fuga,
2034 3818 2076 3872 L
2110 3820 2318 3888 legatus
2355 3833 2449 3873 seu
2499 3824 2758 3885 patronus
2789 3823 2843 3869 et
2875 3815 3171 3869 advocatus
3211 3810 3421 3876 Inundi,

1853 3913 1947 3980 qui
1983 3911 2039 3965 Μ
2070 3911 2238 3966 Deum
2272 3906 2718 3980 (quodammodo)
2754 3920 2947 3975 cogere
2975 3906 3167 3974 possit,
3202 3903 3423 3972 angelo-

1855 4021 1975 4059 rum
2021 4003 2069 4056 Ν
2099 4004 2302 4067 collega
2335 4010 2389 4055 et
2421 4006 2745 4069 symmysta,
2788 3996 3210 4066 profundissima
3242 3994 3423 4051 scien-

1854 4097 1941 4152 tiae
1974 4095 2016 4149 0
2041 4095 2291 4157 altitudo,
2338 4092 2643 4147 caelestium
2680 4088 2725 4141 P
2768 4090 3147 4159 mysteriorum
3192 4088 3431 4143 domici-

1854 4189 2011 4249 lium,
2048 4188 2093 4251 Q
2125 4196 2311 4241 custos
2341 4186 2651 4255 divinorum
2693 4198 3018 4238 arcanorum
3052 4183 3188 4253 (sive
3223 4183 3330 4236 Deo
3355 4182 3433 4235 ah

1852 4281 2122 4350 secretis),
2154 4282 2437 4336 hominum
2466 4279 2508 4333 R
2541 4280 2709 4342 salus.
2739 4279 3045 4333 daemonum
3070 4278 3109 4333 S
3142 4278 3296 4339 deus,
3341 4276 3428 4328 vi-

1854 4376 2055 4429 tiorum
2091 4374 2131 4428 T
2159 4375 2433 4437 dominus,
2469 4371 2512 4426 U
2537 4372 2832 4439 imperator
2864 4370 3131 4441 corporis,
3160 4381 3424 4437 procura.

1855 4478 1940 4522 tor
1993 4466 2043 4520 X
2074 4476 2298 4527 naturre,
2335 4464 2546 4516 alienus
2580 4479 2610 4515 a
2654 4462 2693 4515 Y
2729 4471 2969 4531 peccato,
3006 4459 3163 4514 sedes
3198 4459 3244 4512 Ζ
3276 4468 3437 4513 ιτιιης

1854 4559 2007 4629 quilli
2039 4557 2203 4609 animi
2236 4564 2287 4609 et
2318 4555 2386 4609 ab
2432 4556 2687 4607 omnibus
2738 4552 3121 4621 cupiditatibus
3164 4552 3432 4622 expediti,

204 4652 296 4721 τῆς
321 4655 753 4725 γαστριμαργίας
796 4655 888 4706 καὶ
925 4655 1208 4725 πορνείας·
1254 4658 1302 4708 εί
1347 4657 1401 4709 δὲ
1443 4660 1499 4709 ἐν
1530 4661 1750 4729 ἀπαρα-

1857 4650 2096 4703 innitatur
2123 4647 2355 4710 Domini,
2386 4646 2598 4699 Domini
2628 4644 2797 4712 ipsius
2820 4643 3054 4708 auxilio;
3086 4644 3238 4697 valde
3267 4644 3425 4698 nobis

206 4744 405 4814 κλήτοις
452 4748 557 4797 τισὶ
602 4745 695 4797 καὶ
744 4745 1052 4814 ἀθλητικοῖς
1094 4749 1423 4818 διατρίϐουσι
1473 4750 1676 4813 τόποις,
1724 4752 1752 4801 ὁ

204 4832 296 4903 τῆς
356 4835 575 4906 ἀκηδίας
646 4836 739 4889 καὶ
791 4836 1114 4907 ἀχαριστίας
1172 4838 1495 4908 παρεδρεύει
1551 4837 1750 4907 τύραν-

207 4939 288 4987 νος
331 4925 471 4995 (16)·
507 4928 940 4997 ἐπεσημηνάμην
997 4927 1085 4980 τὸν
1132 4927 1231 4995 τῆς
1286 4926 1538 4995 πορνείας
1592 4927 1751 4981 λύκον

208 5012 379 5079 ὀδύνας
429 5017 785 5087 προστιθέντα
827 5011 905 5086 τῷ
951 5017 1251 5085 κάμνοντι·
1310 5019 1403 5070 καὶ
1457 5020 1515 5071 ἐν
1564 5019 1751 5081 αὐταῖς

208 5107 311 5167 ταῖς
339 5107 543 5169 ὀδύναις
571 5110 817 5176 κινήσεις
844 5104 992 5176 αύτῷ
1027 5107 1119 5160 καὶ
1157 5108 1431 5179 ἐκκρίσεις
1462 5110 1715 5163 ποιοῦντα
1736 5128 1748 5139 ·

211 5191 291 5243 καὶ
316 5188 376 5262 ἦν
406 5194 708 5265 ἓκπληκτόν
741 5211 791 5246 τι
820 5193 1101 5263 γινόμενον
1137 5196 1339 5249 ἰδέσθαι
1389 5200 1446 5250 ὲν
1492 5200 1749 5266 ἀλγηδόσι

214 5282 444 5351 σφοδραῖς
499 5286 598 5355 τὴν
659 5284 834 5353 σάρκα
896 5286 1207 5356 σφριγῶσαν
1254 5290 1347 5342 καὶ
1400 5291 1749 5361 μαινομένην.

213 5368 307 5421 Καὶ
352 5372 657 5443 ἐπέστρεψα
703 5374 796 5425 καὶ
839 5370 975 5428 εἶδον
1026 5378 1470 5445 κατακειμένους,
1521 5378 1613 5429 καὶ
1660 5382 1753 5432 ἐπὶ

213 5457 299 5525 τῆς
329 5460 505 5533 κλίνης
553 5464 723 5534 αὐτῆς
765 5465 869 5518 ὑπὸ
910 5467 1009 5534 τῆς
1054 5466 1200 5530 θείας
1238 5466 1530 5536 ἐνεργείας,
1564 5469 1596 5539 ἢ
1650 5470 1755 5522 ὑπὸ

215 5552 528 5618 κατανύξεως
577 5557 1128 5626 παρακαλουμένους·
1179 5558 1271 5611 καὶ
1319 5557 1499 5625 μέντοι
1529 5556 1616 5611 διὰ
1656 5562 1753 5632 τῆς

216 5643 588 5711 παρακλήσεως
644 5646 744 5707 τὰς
802 5646 991 5710 ὀδύνας
1039 5648 1411 5716 διεκρούοντο*
1458 5647 1532 5709 ὡς
1582 5648 1754 5715 οὕτως

214 5726 507 5797 διακεῖσθαι,
533 5734 609 5797 ὼς
652 5735 725 5804 μὴ
766 5734 939 5787 θέλειν
968 5736 1163 5799 αὐτοὺς
1190 5736 1286 5805 τῆς
1318 5735 1472 5788 νόσου
1508 5737 1751 5791 ἀπαλλα-

215 5820 356 5889 γῆναί
400 5840 547 5877 ποτε.
605 5826 712 5877 Καὶ
748 5826 1073 5899 ἐπέστρεψα,
1128 5828 1220 5880 καὶ
1252 5821 1391 5879 εἶὼν
1430 5834 1750 5900 κεκακωμέ-

216 5922 340 5973 νους,
384 5913 472 5967 καὶ
511 5912 596 5965 διὰ
628 5912 726 5977 τῆς
754 5914 904 5969 νόσου
938 5918 1011 5980 ὡς
1058 5920 1122 5971 δι’
1168 5918 1441 5983 ἐπιτιμία)

1476 5920 1613 5973 τινος
1650 5924 1739 5975 πά-

1854 4736 2033 4791 sobrie
2059 4738 2454 4805 advigilamlnm
2478 4746 2579 4798 est,
2602 4734 2818 4803 quando
2849 4748 3049 4803 corpus
3080 4751 3203 4791 cum
3231 4735 3421 4788 morbo

1854 4827 2216 4882 conﬂictatur.
2258 4829 2539 4881 Dt‘emones
2570 4826 2715 4879 enim
2750 4834 3052 4895 prostratos
3084 4842 3185 4881 nos
3216 4824 3423 4886 intuiti,

1854 4936 1976 4974 cum
2004 4936 2064 4971 ex
2094 4920 2462 4973 imbecillitate
2490 4918 2799 4988 viriumque
2828 4919 3124 4973 defectione
3147 4918 3420 4971 consuetis
3512 4937 3518 4943 ·

1855 5013 2311 5066 exercitationum
2347 5011 2514 5065 armis
2550 5012 2813 5065 adversus
2852 5013 2996 5079 ipsos
3024 5010 3097 5064 uti
3132 5024 3234 5060 non
3263 5024 3422 5075 posse

1856 5103 2061 5163 vident.
2101 5102 2368 5153 acerrime
2405 5110 2516 5153 tum
2552 5117 2861 5171 oppugnare
2896 5103 3089 5153 solent.
3124 5100 3179 5148 In
3222 5100 3422 5150 sarculo

1854 5194 2023 5264 331
2048 5202 2346 5255 versantes,
2398 5192 2489 5246 irae
2520 5202 2570 5246 et
2599 5194 2924 5262 quandoque
2962 5190 3121 5243 etiam
3170 5189 3423 5257 blasphe-

1856 5290 1975 5341 mia:
2005 5287 2227 5356 Spiritus
2260 5298 2494 5356 {egrotos
2530 5288 2759 5341 invadit.
2788 5284 3085 5353 licligiosos
3116 5298 3243 5336 vero
3270 5291 3422 5337 extra

1858 5380 2041 5433 smculi
2076 5380 2263 5432 turbas
2285 5380 2562 5449 degentes,
2597 5382 2641 5435 si
2671 5380 2760 5450 qui
2795 5378 2935 5431 victu
2966 5384 3020 5429 et
3052 5376 3214 5430 rebus
3238 5390 3423 5429 neces-

1858 5472 2016 5525 sariis
2067 5473 2324 5527 omnibus
2368 5476 2664 5537 abundant,
2700 5470 2888 5541 genius
2918 5470 3058 5537 gula:
3087 5478 3141 5523 et
3186 5466 3422 5521 libidinis

1859 5571 2033 5614 vexat.
2071 5562 2219 5616 Alios
2245 5573 2449 5623 autem,
2484 5562 2578 5632 qui
2609 5561 2756 5614 omni
2786 5560 3031 5628 corporis
3062 5560 3256 5614 solatio
3297 5566 3422 5609 sunt

1857 5650 2120 5711 destituti,
2149 5653 2467 5722 asperisque
2507 5653 2555 5704 in
2583 5650 2715 5704 locis
2758 5658 2810 5702 et
2844 5649 3045 5703 Chrlsti
3080 5645 3293 5700 athletis
3322 5659 3422 5709 op-

1860 5741 2104 5808 portunis
2136 5743 2401 5807 habitant,
2436 5753 2692 5811 tyrannus
2737 5739 3071 5810 negligentim
3101 5745 3153 5787 et
3193 5734 3424 5786 lristitim

1861 5827 2098 5882 infestat.
2131 5829 2423 5884 Oli-servavi
2455 5840 2506 5881 et
2535 5830 2710 5882 notavi
2744 5841 3028 5881 venereum
3058 5824 3238 5891 lupum
3273 5822 3422 5873 luim-

1862 5918 2105 5974 rantil‘us
2135 5920 2341 5974 dolones
2374 5934 2589 5985 augere,
2616 5929 2665 5971 et
2694 5919 2742 5971 in
2778 5916 2901 5983 ignis
2935 5913 3209 5965 diloriiius
3244 5921 3422 5963 motus
