4030 6342
613 401 745 465 id‘.9
1863 411 1918 466 S.
1945 409 2261 468 JOANNIS
2289 408 2593 468 CI.I.\I-\€I
3651 413 3659 417 “
3719 401 3848 464 1020

607 527 791 586 turpes
813 519 1078 581 excitare,
1103 519 1301 586 quibus
1321 522 1493 574 aedos
1516 520 1771 576 humores
1796 530 2164 584 excernerent,

2277 519 2404 583 θους
2455 521 2685 590 ψυχικοῦ
2736 521 3166 587 ἀπαλλαγέντας,
3222 537 3316 572 και
3351 516 3576 584 ἐδόξασα
3627 515 3723 570 τὸν
3764 519 3845 571 διετ

604 617 827 675 et'atque
861 610 1187 677 stupendum
1218 609 1397 663 videre
1425 611 1568 678 quml
1602 613 1780 677 lichat,
1810 612 1862 665 in
1893 611 2164 665 acerrimis

2279 613 2378 680 τῆς
2410 611 2586 681 πηλοῦ
2615 611 2781 681 πηλὸν
2819 611 3219 680 ὲκκαθάραντα.

604 702 849 765 corporis
889 703 1221 755 cruciatibus
1249 719 1472 755 carnem
1551 705 1924 759 lascivientem
1992 713 2048 758 et
2099 703 2388 757 furentem.
2425 703 2684 761 Revisens
2717 707 2842 761 dein
2871 707 2980 760 vidi
3012 704 3400 761 decumbentes
3457 713 3513 758 et
3552 703 3608 756 in
3651 701 3846 755 lectulo

606 808 705 844 suo
736 793 802 845 ab
837 795 1046 847 cadesti
1083 797 1279 850 virtute
1311 798 1392 850 vel
1422 800 1840 865 eompunctione
1878 805 2174 863 recreatos,
2214 798 2285 852 ita
2329 809 2386 852 ut
2422 816 2517 869 per
2577 803 2811 856 divinam
2880 801 3311 856 consolationem
3360 813 3552 854 omnes
3596 798 3842 867 corporis

604 883 823 936 dolores
853 885 1222 946 excluderent.
1254 887 1496 956 adeoque
1522 892 1656 942 bene
1683 890 1857 944 allecti
1921 898 2123 954 essent,
2192 896 2252 942 ut
2283 891 2490 973 nollent
2535 907 2774 961 unquam
2830 909 2859 946 a
2923 893 3115 946 morbo
3167 889 3406 944 liberari.
3464 888 3842 987 Reversusque

606 972 803 1024 iterum
871 975 1228 1030 animadverti
1280 981 1463 1049 allligi.
1517 981 1610 1034 sed
1655 998 1750 1050 per
1797 983 2045 1035 morbum
2125 980 2373 1046 corporis
2436 972 2606 1036 veluti
2667 984 2926 1037 inllietam
2975 982 3216 1050 aliquam
3270 995 3488 1049 ptenam
3532 996 3562 1034 a
3619 979 3842 1032 morhts-

605 1061 768 1113 animi
803 1074 1047 1128 curatos,
1083 1065 1248 1119 Deum
1284 1079 1569 1124 veneratus
1599 1072 1827 1140 gratiam
1857 1072 2030 1141 ipsius
2056 1067 2270 1123 laudavi
2303 1071 2447 1138 quod
2475 1072 2647 1126 lutum
2676 1073 2789 1128 luto
2820 1071 3142 1142 repurgarit.

676 1151 905 1204 Animus
949 1155 1249 1222 Spiritualis
1279 1158 1439 1211 etiam
1471 1174 1635 1214 sensu
1683 1161 1946 1232 spirituali
1982 1159 2176 1230 prmdi-

605 1248 692 1293 tus
736 1249 838 1302 est,
880 1249 938 1294 ut
989 1243 1132 1296 hunc
1181 1245 1232 1296 in
1284 1246 1439 1300 nobis
1477 1263 1783 1317 nunquam,
1829 1249 2078 1318 quamvis
2119 1248 2171 1301 in

607 1329 763 1380 nobis
795 1345 898 1382 non
928 1332 1014 1384 sit.
1052 1334 1330 1401 requirere
1349 1336 1689 1391 desinamus.
1715 1339 1808 1393 Illo
1828 1339 1971 1392 enim
2008 1354 2170 1394 sensu

607 1410 826 1469 invento
863 1418 1275 1490 [deprehenso],
1309 1423 1422 1491 jam
1457 1427 1663 1480 externi
1697 1429 1941 1496 corporis
1979 1444 2171 1482 sensus

604 1509 672 1560 ah
703 1509 818 1562 suis
851 1508 1043 1564 olliciis
1090 1516 1403 1568 cessabunt.
1442 1517 1506 1570 Et
1554 1519 1654 1573 hoc
1683 1529 1792 1584 est,
1833 1520 1976 1588 quod
2018 1534 2048 1573 e
2085 1535 2173 1573 sa-

607 1599 880 1666 pientibus
909 1603 1128 1670 quidam
1165 1605 1473 1676 intelligens
1500 1609 1668 1675 dixit;
1701 1620 1750 1662 et
1784 1611 2023 1664 divinum
2049 1598 2172 1664 sen¥

606 1704 727 1741 sum
765 1689 1024 1747 invenies.
1065 1694 1523 1752 Vitamonastiea
1557 1700 1608 1752 in
1655 1716 1816 1754 sensu
1845 1702 2026 1755 cordis
2066 1717 2170 1770 qua

605 1776 785 1844 factis,
816 1797 923 1850 qua
960 1781 1163 1847 verbis:
1190 1801 1296 1854 qua
1327 1789 1774 1858 cogitationibus,
1803 1807 1909 1860 qua
1938 1793 2174 1846 motibus

605 1881 851 1924 versetur
895 1883 1126 1941 oportet.
1181 1868 1274 1930 aut
1314 1894 1420 1932 non
1469 1881 1570 1932 erit
1611 1885 1946 1946 monastiea,
2001 1884 2173 1936 multo

606 1961 787 2013 minus
823 1963 1082 2031 angelica.
1111 1965 1276 2036 338
1305 1969 1460 2022 Aliud
1492 1979 1574 2024 est
1597 1971 1929 2038 providentia
1949 1973 2164 2037 ,divina,

603 2051 750 2102 aliud
783 2054 1065 2118 auxilium,
1095 2058 1238 2112 aliud
1268 2060 1455 2124 tutela,
1482 2061 1628 2114 aliud
1659 2064 2031 2118 misericordia
2056 2064 2170 2130 Dei,

603 2141 749 2195 aliud
784 2147 1105 2201 consolatio.
1142 2147 1485 2205 Providentia
1516 2152 1608 2206 Dei
1641 2153 1692 2206 in
1724 2163 1836 2207 tuto
1877 2170 2039 2225 opere
2070 2172 2170 2212 na-

604 2245 737 2287 turae
770 2248 1017 2304 apparet,
1047 2239 1310 2293 auxilium
1352 2243 1701 2299 credentibus
1739 2247 2040 2314 duntaxat;
2087 2258 2174 2302 tu-

602 2326 707 2380 tela
738 2327 790 2380 in
824 2328 1152 2384 Christianis
1191 2331 1438 2388 ﬁdelibus
1471 2337 1564 2406 qui
1613 2354 1737 2392 vere
1786 2340 1970 2395 ﬁdeles
2013 2352 2168 2406 sunt;

608 2417 984 2474 misericordia
1021 2420 1075 2474 in
1124 2421 1344 2479 famulis
1390 2424 1482 2480 Dei
1528 2428 1937 2495 singularibus;
1976 2447 2171 2486 eunso—

604 2509 739 2562 latio
769 2511 822 2564 in
855 2513 1208 2582 diligentibus
1245 2515 1415 2570 Deum
1466 2520 1792 2576 ostenditur.
1829 2520 1968 2576 Fieri
1998 2539 2172 2592 quan-

599 2603 779 2672 doque
807 2606 962 2668 solet,
1009 2615 1066 2660 ut
1102 2609 1243 2676 quod
1278 2611 1369 2663 uni
1403 2610 1521 2666 loco
1551 2612 1834 2668 medicina:
1866 2626 1979 2679 est,
2016 2617 2170 2671 alteri

599 2706 866 2745 venenum
899 2693 1013 2748 liat.
1063 2694 1322 2762 Quinimo
1351 2701 1488 2754 idem
1518 2703 1843 2773 quandoque
1869 2706 2042 2760 eidem
2070 2723 2170 2762 suo

602 2792 848 2852 tempore
885 2788 1233 2856 propinatum
1259 2801 1344 2844 est
1372 2794 1693 2859 remedium,
1725 2797 1902 2850 alieno
1931 2808 2168 2867 tempore

2353 1161 2495 1224 Νοῦς
2534 1163 2718 1233 νοερδς
2768 1165 2984 1225 πάντως
3022 1163 3118 1214 καὶ
3170 1159 3364 1230 νοερὰν
3414 1160 3671 1228 αἴσθησιν
3703 1177 3825 1229 περι

2283 1249 2539 1321 ὁέεληται
2569 1253 2703 1319 (17),
2737 1252 2802 1304 ἵν’
2832 1253 2890 1304 ὲν
2921 1254 3076 1322 ἡμῖν,
3113 1251 3206 1303 καὶ
3253 1250 3352 1302 οὐκ
3396 1250 3457 1302 ὲν
3501 1253 3636 1320 ἡμῖν
3681 1246 3844 1302 οὖσαν

2280 1341 2632 1410 ἐκζητοῦντες
2668 1342 2743 1413 μὴ
2785 1341 3129 1420 παυσώμεθα
3151 1357 3165 1372 ⁸
3214 1341 3429 1412 ἐκείνης
3459 1340 3569 1411 γὰρ
3601 1356 3842 1410 φανερω-

2281 1430 2486 1503 θείσης,
2514 1433 2570 1485 αί
2599 1433 2755 1495 ἐκτὸς
2783 1427 3021 1496 πάντως,
3061 1434 3130 1485 τὰ
3157 1431 3333 1486 οἰκεῖα
3358 1433 3602 1504 ἐνεργεῖν
3629 1431 3841 1492 οἰκείως

2284 1523 2603 1578 παύσονται.
2638 1526 2748 1577 Kal.
2793 1525 2952 1579 τοῦτό
2984 1526 3155 1590 ἐστιν,
3185 1525 3214 1578 ὃ
3257 1523 3542 1592 γινώσκων
3570 1540 3655 1587 τις
3677 1522 3839 1592 σοφὸς

2275 1635 2465 1705 ἔφησε,
2494 1636 2603 1688 Καὶ
2631 1636 2778 1689 θείαν
2799 1635 3051 1708 αἴσθησιν
3087 1636 3362 1707 εὑρήσεις.
3397 1634 3522 1698 Βίος
3555 1632 3840 1704 μοναδικδς

2274 1725 2331 1776 ἐν
2368 1726 2616 1795 αἰσθήσει
2677 1725 2907 1796 καρδίας
2949 1726 3184 1795 γινέσθω
3233 1724 3372 1794 (18),
3414 1726 3473 1777 ὲν
3531 1725 3714 1795 ἔργοις
3749 1723 3842 1776 καὶ

2273 1815 2450 1882 λόγοις
2475 1818 2568 1869 καὶ
2610 1816 2977 1888 ἐνθυμήμασι,
3029 1819 3120 1871 καὶ
3149 1819 3434 1889 κινήμασι.
3468 1817 3530 1869 Εἰ
3560 1817 3616 1869 δὲ
3653 1817 3750 1886 μὴ,
3773 1816 3832 1867 οὐ

2278 1907 2582 1974 μοναδικὸς,
2613 1907 2698 1960 ἵνα
2735 1908 2811 1977 μὴ
2856 1908 3018 1976 λέγω,
3067 1908 3376 1977 ἀγγελικός.
3414 1908 3576 1961 ’Άλλο
3618 1907 3838 1978 πρόνοια

2272 1995 2407 2047 θεοῦ
2439 1996 2572 2064 (19),
2617 1999 2711 2049 καὶ
2761 1997 2890 2050 ἄλλο
2937 1999 3242 2068 ἀντίληψις,
3296 1999 3391 2052 καὶ
3439 1998 3566 2052 ἄλλο
3603 1997 3834 2066 φυλακὴ,

2273 2086 2367 2139 καὶ
2397 2087 2582 2156 ἓτερον
2636 2087 2784 2150 ἕλεος
2829 2088 2987 2150 Θεοῦ,
3021 2089 3115 2143 καὶ
3172 2085 3697 2158 Ξλλοδπαράκλησις.
3731 2085 3838 2139 Καὶ

2271 2177 2332 2230 τὸ
2368 2177 2466 2246 μὲν
2497 2179 2554 2229 ἐν
2586 2179 2732 2249 πάσῃ
2773 2181 2842 2250 τῇ
2891 2179 3070 2248 φύσει,
3110 2180 3168 2232 τὸ
3208 2177 3266 2232 δὲ
3295 2179 3353 2231 ἐν
3385 2180 3598 2242 πιστοῖς
3625 2178 3721 2230 καὶ
3745 2177 3837 2246 μό·

2273 2286 2380 2333 νον,
2418 2269 2476 2322 τὸ
2508 2269 2693 2340 ἕτερον
2739 2271 2796 2323 ὲν
2833 2271 3069 2334 πιστοῖς,
3109 2272 3322 2333 πιστοῖς
3369 2269 3620 2338 ἀληθῶςο
3654 2267 3715 2320 τὸ
3753 2265 3836 2320 τέο
3890 2263 3906 2276 ⁸

2270 2375 2465 2426 ταρτον
2495 2361 2552 2412 ὲν
2586 2363 2698 2422 τοῖς
2731 2359 3072 2414 δουλεύουσιν
3096 2361 3245 2432 αὑτῷ
3273 2379 3288 2393 ο
3321 2361 3383 2413 τὸ
3410 2360 3467 2413 δὲ
3506 2359 3750 2430 ἔσχατον,
3780 2357 3834 2407 ὲν

2270 2452 2382 2511 τοῖς
2406 2450 2690 2516 ἀγαπῶσιν
2715 2451 2876 2504 αὑτὸν
2907 2452 3258 2506 ἐνδείκνυται.
3293 2452 3480 2505 Ἔστιν
3511 2451 3601 2504 ὅτε
3625 2449 3687 2502 τὸ
3720 2448 3834 2500 ὲτέο

2273 2558 2366 2610 pou
2395 2543 2680 2612 φάρμακον
2710 2543 2845 2613 (20),
2880 2544 3067 2614 ἐτέρου
3097 2545 3421 2616 δηλητήριον
3455 2543 3699 2612 γίνεται·
3722 2539 3834 2593 ἔστι

2271 2633 2327 2684 δὲ
2363 2634 2449 2684 ὅτε
2484 2635 2577 2685 καὶ
2608 2635 2666 2687 τὸ
2701 2637 2833 2689 αὐτὸ
2863 2637 2939 2706 τῷ
2962 2634 3109 2706 αὐτῷ
3134 2637 3191 2688 ὲν
3217 2635 3315 2703 μὲν
3343 2633 3421 2704 τῷ
3459 2632 3639 2702 οίκείῳ
3661 2630 3835 2702 καιρῷ

2272 2724 2733 2793 προσφερόμενον,
2781 2727 3074 2797 φάρμακον
3119 2725 3360 2796 γίνεται·
3399 2727 3457 2778 ὲν
3493 2725 3555 2778 οὐ
3583 2721 3834 2794 καιρῷδὲ

2271 2812 2434 2865 πάλιν
2461 2813 2787 2887 δηλητήριον
2821 2817 3054 2884 γίνεται.
3089 2813 3244 2871 Εἶδον
3290 2816 3436 2886 ἀφυῆ
3479 2816 3660 2886 ἰατρὸν
3701 2813 3833 2885 (εί),

598 2884 655 2929 et
687 2875 1064 2950 intempestive
1095 2893 1406 2950 porrectum
1434 2884 1490 2939 lit
1527 2903 1818 2941 venenum.
1847 2888 1963 2943 Vidi
2001 2891 2164 2943 medi-

2273 2875 2552 2975 ἄρρωστον
2583 2875 2594 2883 Ι
2613 2875 3074 2980 συντεθλασμένον
3122 2875 3488 2980 ἀτιμάσαντα,
3533 2875 3627 2960 καὶ

599 2981 723 3020 cum
758 2969 997 3038 ineptum
1030 2980 1085 3025 et
1119 2973 1511 3044 importunum,
1547 2980 1639 3048 qui
1671 2997 1874 3050 aegrum
1909 2980 2163 3036 alllictum

599 3059 995 3116 contumeliose
1041 3062 1295 3130 incessit,
1333 3082 1433 3122 nec
1473 3069 1619 3124 aliud
1658 3071 1859 3134 elfecit,
1901 3088 2062 3138 quam
2109 3081 2168 3126 ut

600 3147 755 3200 illum
791 3150 845 3203 in
875 3151 1310 3220 desperationem
1347 3159 1664 3228 eonjieeret.
1701 3161 1818 3215 Vidi
1861 3164 2089 3232 peritum
2114 3174 2169 3218 et

599 3232 969 3308 ingeniosum,
1018 3245 1111 3315 qui
1147 3248 1313 3303 inﬂati
1365 3254 1619 3321 superbia
1668 3256 1849 3311 cordis
1885 3271 1980 3326 per
2030 3257 2167 3310 irro-

599 3341 777 3400 gatam
828 3335 1184 3404 ignominiam
1217 3357 1431 3397 omnem
1465 3347 1672 3402 saniem
1704 3357 1758 3401 et
1789 3347 2015 3404 fetorem
2068 3365 2182 3404 ex-

601 3423 786 3480 hausit
810 3437 863 3482 et
892 3430 1169 3490 abstersit.
1204 3433 1324 3490 Vidi
1369 3453 1536 3492 unum
1568 3441 1929 3510 emndemque
1961 3458 2164 3512 mgrum

598 3517 894 3585 aliquando
939 3534 1161 3592 propter
1204 3528 1391 3583 sordes
1430 3531 1596 3584 animi
1633 3533 1929 3588 abluendas
1973 3550 2164 3588 sanum

597 3606 918 3666 obedientiae
970 3614 1325 3683 pharmacum
1364 3620 1565 3688 bibere,
1612 3625 1844 3693 indeque
1894 3637 2163 3694 vegetum,

598 3710 931 3768 promptum,
979 3707 1350 3764 ambulantem
1387 3723 1440 3764 et
1489 3713 1800 3782 vigilantem
1847 3712 2161 3769 redditum:

595 3788 890 3860 aliquando
935 3797 1005 3850 ab
1039 3799 1234 3854 anima:
1283 3803 1442 3857 oculo
1473 3803 1830 3872 laborantem,
1882 3806 2161 3861 immotum

594 3893 650 3936 et
707 3886 931 3941 tacitum
983 3889 1102 3944 sine
1157 3907 1388 3948 occursu
1439 3904 1494 3948 et
1537 3899 1810 3966 colloquio
1841 3900 2160 3970 cujusquam

597 3984 993 4036 perseverasse.
1047 3975 1152 4041 Qui
1198 3979 1350 4032 habet
1398 3996 1549 4034 aures
1591 3983 1841 4036 audiendi
1863 3986 2065 4037 ‘audiat
2093 3987 2160 4040 ³³.

532 4061 540 4069 ’
598 4060 738 4115 Sunt
767 4065 859 4132 qui
896 4065 1027 4135 (sed
1058 4067 1202 4124 unde
1236 4073 1458 4136 nescio,
1499 4089 1674 4143 neque
1714 4075 1858 4129 enim
1896 4073 1987 4131 Dei
2020 4076 2161 4132 dona

597 4151 876 4226 [superbe]
913 4173 1029 4212 mea
1065 4162 1423 4217 aestimatione
1451 4172 1505 4218 et
1528 4165 1737 4232 judicio
1781 4178 2038 4223 excutere
2069 4179 2164 4224 aut

2275 2996 2454 3061 πλέον,
2495 3000 2542 3052 εί
2579 2999 2666 3086 ιρι
2713 3002 2811 3070 τὴν
2858 3001 3168 3070 ἀπόγνωσιν
3217 2999 3366 3073 αὐτῷ
3411 2998 3830 3070 προξενήσαντα.

2275 3085 2387 3138 Καὶ
2425 3083 2563 3140 εἶδον
2593 3083 2789 3160 εὖφυῆ,
2826 3091 3221 3164 πεφυσημένην
3270 3091 3499 3162 καρδίαν
3522 3089 3588 3144 δι’
3615 3087 3834 3158 ἀτιμίας

2273 3179 2763 3248 χειρουργήσαντα,
2823 3181 2914 3232 καὶ
2982 3179 3166 3234 πᾶσαν
3217 3178 3390 3248 αὐτῆς
3458 3172 3559 3248 τὴν
3610 3176 3835 3242 ὀζωδίαν

2273 3266 2606 3324 κενώσαντα.
2656 3268 2908 3340 Ἑώρακα
2930 3268 3024 3322 τὸν
3058 3268 3223 3322 αὐτὸν
3249 3269 3552 3340 ἄρρωστον,
3579 3265 3708 3320 ποτὲ
3738 3264 3834 3335 μὲν

2273 3355 2359 3407 διὰ
2387 3355 2652 3426 κάθαρσιν
2683 3357 2854 3426 ῥύπου
2898 3356 3092 3412 πιόντα
3133 3355 3378 3424 ὑπακοῆς
3427 3354 3566 3423 ἴαμα
3612 3353 3708 3405 καὶ
3751 3367 3833 3403 κι-

2272 3445 2551 3514 νούμενον,
2581 3447 2674 3499 καὶ
2699 3445 3106 3518 περιπατοῦντα
3131 3447 3229 3502 καὶ
3269 3447 3345 3518 μὴ
3374 3444 3647 3499 ὑπνοῦντα
3668 3457 3684 3472 ·
3707 3439 3840 3523 τῶτδ.

2271 3538 2328 3599 δὲ
2352 3538 2443 3591 τὸν
2483 3538 2757 3607 ὀφθαλμὸν
2788 3540 2889 3608 τῆς
2922 3539 3100 3609 ψυχῆς
3142 3538 3256 3607 (9.2)
3291 3535 3552 3590 νοσοῦντα
3599 3535 3692 3590 καὶ
3715 3534 3834 3587 ἀκί-

2272 3645 2430 3697 νητον
2479 3631 2572 3681 καὶ
2615 3627 2956 3699 ἡσυχάζοντα
3016 3628 3154 3699 (95),
3203 3627 3298 3681 καί⁵
3333 3627 3393 3680 ἐν
3439 3617 3618 3696 σιωή
3664 3628 3832 3680 διατε-

2270 3715 2481 3770 λοῦντα.
2531 3718 2584 3769 '0
2621 3717 2778 3785 ἔχων
2825 3709 2946 3772 ὦτα
3008 3715 3277 3780 ἀκούειν,
3322 3713 3610 3769 ἀκουέτω.
3659 3712 3829 3776 Τινὲς,

2271 3806 2434 3860 πόθεν
2462 3809 2562 3860 οὐκ
2589 3803 2704 3860 οἶδα
2727 3807 2880 3873 (οὐδὲ
2926 3807 3038 3878 γὰρ
3071 3808 3248 3877 οἰήσει
3285 3804 3422 3858 Θεοῦ
3464 3802 3616 3874 δῶρα
3655 3801 3832 3872 ζητεῖν

2270 3900 2364 3952 καὶ
2413 3899 2884 3970 πολυπραγμονεῖν
2938 3897 3294 3970 μεμάθηκα),
3337 3895 3519 3967 φύσει,
3569 3893 3829 3957 ῖν⁹οὖτως

2269 3991 2428 4056 εἴπω,
2459 3992 2589 4063 περὶ
2635 3991 2698 4044 τὸ
2734 3987 3083 4061 ὲγκρατὲς,ῆ
3120 3987 3247 4059 περὶ
3282 3988 3343 4040 τὸ
3383 3981 3828 4058 ήσυχαστικίιν,ῆ

2268 4085 2362 4136 καὶ
2394 4084 2576 4150 ἁγνὸν,
2611 4082 2642 4152 ἢ
2679 4082 3150 4153 ἀπαρρησίαστον,
3180 4078 3216 4150 ἢ
3249 4079 3443 4150 πρᾶον,
3466 4077 3501 4149 ἢ
3531 4077 3831 4133 εὐκατάνυ-

2269 4189 2395 4226 κτον
2420 4172 2733 4242 ἐπιρρεπῶς
2760 4173 2956 4241 ἔχουσι.
2993 4170 3101 4225 Καί
3129 4171 3266 4228 τίσιν
3289 4167 3466 4238 ιτεροι
3491 4166 3666 4230 αὐτὴν
3705 4181 3828 4236 σχε-

595 4242 868 4298 euriosius
895 4246 1220 4318 investigare
1246 4251 1444 4322 didici)
1481 4263 1673 4308 natura
1710 4271 1830 4320 sua,
1875 4270 1930 4312 ut
1973 4259 2044 4312 ita
2076 4261 2158 4312 lo-

2269 4265 2350 4318 δὺν
2379 4263 2477 4335 τὴν
2506 4262 2714 4316 ἑαυτῶν
2737 4262 2898 4332 φύσιν
2945 4260 3083 4335 πρὸς
3112 4257 3285 4333 ταῦτα
3306 4259 3491 4322 αὐτοῖς
3537 4257 3826 4329 ἀντιπράτ-

593 4353 753 4406 quar,
789 4341 854 4395 ad
895 4342 1315 4414 continentiam,
1355 4359 1447 4403 aut
1477 4351 1738 4419 quietem,
1777 4361 1870 4406 aut
1903 4353 2160 4408 castimo-

593 4435 764 4500 niam,
814 4447 909 4492 aut
960 4441 1311 4509 modestiam,
1364 4454 1458 4498 aut
1507 4449 2020 4515 mansuetudinem,
2069 4460 2161 4505 aut

591 4529 1069 4592 compunctionem
1105 4531 1455 4588 inclinantur.
1507 4533 1572 4590 Et
1615 4549 1741 4592 sunt
1770 4541 1862 4608 qui
1901 4539 2160 4596 refracta-

591 4617 728 4670 riam
761 4619 825 4672 ad
861 4620 972 4676 hare
996 4625 1176 4679 omnia
1212 4636 1458 4682 naturam
1507 4630 1745 4699 experti,
1791 4633 1891 4687 sibi
1925 4635 2025 4703 ipsi
2062 4652 2161 4704 pro

590 4711 797 4767 viribus
830 4715 934 4766 vim
969 4714 1223 4783 inferunt,
1256 4720 1419 4790 339
1448 4737 1584 4790 quos
1644 4724 1797 4796 (licet
1833 4727 2163 4796 quandoque

591 4802 898 4862 vincantur)
935 4806 1293 4866 nihilominus
1325 4822 1383 4865 ut
1418 4822 1624 4868 natura:
1663 4815 1960 4872 domitores
2019 4819 2164 4888 prio-

591 4897 744 4949 rihus
776 4898 1041 4953 anteferre
1067 4901 1234 4954 soleo.
1283 4901 1361 4956 Ne
1405 4915 1457 4958 tu
1495 4905 1623 4958 mihi
1672 4906 1837 4960 homo
1864 4910 1931 4962 de
1960 4911 2160 4979 opibus

589 5001 653 5038 ac
688 4987 956 5041 thesauris
991 4989 1108 5044 sine
1159 4992 1341 5047 labore
1386 4997 1556 5063 partis
1608 4998 1865 5068 gloriare.
1909 4999 2156 5058 leestis

589 5078 734 5130 enim
788 5080 1132 5136 munerarius
1164 5099 1286 5137 cum
1338 5085 1744 5156 detrimentum,
1783 5098 1837 5143 et
1869 5089 2156 5146 imbecilli-

592 5174 779 5230 tatem,
817 5179 869 5222 ct
915 5171 1142 5225 exitium
1188 5181 1340 5226 tuum
1399 5177 1675 5245 przenorit,
1725 5180 1881 5237 donis
1939 5184 2052 5238 suis
2103 5191 2157 5238 et

589 5257 777 5324 gratiis
801 5259 916 5312 sine
941 5270 1035 5315 tuo
1061 5261 1249 5316 labore
1276 5266 1442 5331 gratis
1467 5266 1679 5320 collatis
1706 5268 2157 5337 aliquadantenus

590 5350 780 5400 saltent
819 5361 868 5404 te
897 5354 1150 5406 servavit.
1182 5352 1332 5406 Valet
1357 5355 1519 5408 etiam
1567 5355 1836 5411 institutio
1883 5375 1912 5413 a
1957 5366 2157 5417 teneris

586 5446 639 5490 tt
672 5438 941 5505 educatio,
977 5451 1027 5495 et
1051 5443 1364 5510 quotidiana
1396 5444 1518 5499 vitae
1562 5447 1738 5500 studia
1771 5464 1890 5517 qua:
1937 5451 1999 5503 ad
2033 5453 2146 5505 vir-

586 5539 755 5583 tttezn
791 5534 1208 5599 comparandam
1245 5547 1297 5590 et
1345 5539 1699 5592 monasticam
1747 5542 1909 5593 vitam
1954 5542 2152 5599 adultis

525 5660 543 5675 .
587 5621 744 5674 rubis
787 5623 1098 5691 aljumento
1145 5636 1308 5687 sunt,
1345 5628 1425 5682 vel
1476 5627 1966 5700 impedimento(si
2012 5635 2151 5689 mala

663 5795 703 5822 "‘
747 5795 874 5852 l.i:t:.
910 5815 1015 5859 xiv,
1045 5801 1130 5851 3'6.

2263 4372 2463 4408 τουσαν
2503 4354 2738 4425 ἔχοντες,
2793 4352 2889 4406 καὶ
2924 4350 3068 4405 κατά
3094 4350 3326 4420 δύναμιν
3368 4349 3601 4412 ἑαυτοὺς
3646 4345 3824 4416 βιαζό·

2267 4463 2456 4518 μενοι·
2502 4451 2550 4501 εἰ
2593 4451 2685 4500 καὶ
2733 4449 2790 4500 ὲν
2835 4443 3012 4516 καιρῷ
3069 4441 3356 4514 ἡττῶνται,
3401 4440 3517 4493 ἀλλ’
3564 4440 3711 4508 ὅμως
3752 4437 3826 4502 ὡς

2267 4537 2490 4610 βιαστὰς
2521 4538 2620 4606 τῆς
2653 4536 2868 4606 φύσεως
2891 4536 3029 4606 (24),
3052 4533 3248 4596 αὐτοὺς
3267 4531 3376 4585 τῶν
3394 4529 3674 4600 προτέρων
3691 4527 3825 4599 μᾶλ-

2262 4631 2352 4684 λον
2383 4628 2736 4696 ἀποδέχομαι.
2773 4625 2864 4694 Μὴ
2895 4621 3230 4694 μεγαλαύχει
3265 4621 3358 4674 ἐπὶ
3387 4618 3573 4690 ἀπόνῳ
3592 4617 3822 4688 πλούτῳ,

2263 4716 2554 4786 ἄνθρωπε·
2585 4715 2684 4784 τὴν
2735 4713 2844 4783 γὰρ
2880 4713 3082 4780 πολλήν
3128 4728 3224 4764 σου
3268 4708 3494 4781 βλάϐην,
3540 4707 3638 4762 καὶ
3669 4707 3824 4762 ἀσθέ-

2265 4826 2434 4872 νειαν,
2491 4793 2585 4861 καὶ
2631 4805 2907 4859 ἀπώλειαν
2972 4803 3240 4873 προγνοὺς
3287 4802 3318 4853 ὀ
3365 4800 3668 4871 δωροδότης
3716 4801 3821 4862 τοῖς

2265 4899 2729 4968 πλεονεκτήμασιν
2771 4893 2934 4950 αὑτοῦ
2995 4893 3224 4956 ἐκείνοις
3274 4893 3388 4955 τοῖς
3435 4891 3689 4961 ἀμίσθοις
3720 4889 3822 4943 κᾶν

2263 4990 2444 5053 ποσῶς
2476 5007 2532 5042 σε
2559 4989 2785 5042 διέσωσε
2819 4988 2956 5059 (25).
2989 4986 3100 5040 Καὶ
3128 4986 3185 5039 ai
3219 4984 3283 5038 ὲκ
3328 4981 3527 5056 νηπίου
3563 4981 3818 5042 παιδεῖαι,

2257 5085 2351 5137 καὶ
2376 5080 2677 5150 ἀνατροφαὶ
2706 5067 2840 5146 (26),
2874 5079 2969 5131 καὶ
3001 5077 3069 5130 τα
3108 5072 3516 5145 ἐπιτηδεύματα
3543 5071 3821 5142 συνέρχον-

2256 5175 2422 5244 ται,ἢ
2461 5174 2553 5228 καὶ
2581 5169 3057 5240 ἀντιπράττουσιν,
3083 5168 3214 5238 ἡμῖν
3251 5163 3522 5262 αὐξήσασι
3722 5158 3818 5262 την

2258 5267 2459 5336 ἀρετήν
2500 5282 2557 5318 τε
2606 5264 2700 5316 καὶ
2733 5262 2871 5332 πρὸς
2909 5259 3006 5330 τὴν
3040 5257 3339 5328 μοναδικὴν
3366 5253 3641 5357 πολιτείαν
3662 5253 3817 5357 ’.φῶς

2262 5357 2363 5427 μὲν
2391 5374 2526 5425 μονα
2532 5358 2648 5425 χοῖς
2676 5350 2899 5422 ἄγγελοι
2921 5351 3029 5420 (27)
3053 5366 3064 5380 '
3102 5349 3218 5420 φῶς
3262 5348 3321 5402 δὲ
3361 5347 3580 5402 πάντων
3613 5341 3815 5414 ἀνθρώ·

2260 5466 2377 5502 πων
2414 5448 2672 5519 μοναδικὴ
2697 5444 2960 5500 πολιτεία.
2995 5443 3204 5499 Οὐκοῦν
3253 5443 3312 5496 ὲν
3337 5440 3473 5498 πᾶσι
3488 5438 3658 5501 τύπος
3685 5437 3816 5506 an.

2259 5541 2349 5602 δὸς
2377 5539 2619 5608 γίνεσθαι
2660 5534 3131 5605 ἀγωνιζέσθωσαν,
3177 5530 3366 5603 μηδενὶ
3391 5526 3818 5602 πρόσκομμαιν

2263 5631 2451 5704 μηδενὶ
2496 5631 2747 5692 διδόντες,
2779 5630 2836 5682 ἐν
2869 5623 2951 5692 οἷς
2984 5624 3049 5682 ἂν
3085 5621 3442 5709 ἐργάζωνται,
3469 5621 3504 5694 ἢ
3542 5618 3812 5691 ἀποφθέγ-
