4030 6342
201 411 333 479 ιηει

1187 420 1417 479 SCALA
1451 421 1826 481 PARADISI.
1866 448 1931 457 -
1961 424 2268 488 GR.\DUS
2328 431 2522 491 XXVI.

3322 443 3457 507 1022
3522 400 3560 489 ⁷Ϊ

197 542 429 595 γωνται.
465 525 528 577 Εἰ
562 524 669 596 γὰρ
692 526 753 579 τὸ
793 529 907 597 φῶς
936 528 1124 593 σκότος
1150 529 1359 597 γίνεται
1395 531 1530 601 (28),
1559 533 1621 585 τὸ
1653 534 1774 585 σκό-

1881 535 2100 592 fuerunt
2118 539 2157 608 ).
2186 539 2392 596 Lumen
2426 548 2819 602 monachorum
2843 560 2970 605 sunt
2993 553 3186 624 angeli,
3209 555 3450 611 onmium

193 632 314 679 τος,
349 616 541 683 ἣγουν,
569 618 619 669 οἱ
653 618 792 670 κατά
827 621 1048 689 κόσμον,
1084 621 1248 674 πόσον
1281 622 1724 693 σκοτισθήσονται
1753 640 1768 685 ;

196 702 266 756 Εἰ
312 703 425 772 ἀρα
462 705 587 773 ἐμοὶ
628 706 899 773 πείθεσθε,
939 710 988 761 οἱ
1035 710 1370 780 πειθόμενοι,
1407 712 1606 781 μᾶλλον
1640 712 1772 765 δὲοὶ

199 790 541 861 βουλόμενοι,
574 794 739 848 καλὸν
768 798 917 866 ἡμᾶς
962 798 1038 868 μὴ
1079 799 1374 853 ποικίλλειν
1404 803 1653 865 ἑαυτοὺς,
1681 805 1775 855 καὶ

194 882 299 953 τὴν
330 882 521 937 ἀθλίαν
553 885 711 955 ἡμῶν
749 888 927 959 ψυχὴν
975 890 1336 961 διαμερίζειν,
1378 895 1472 947 καὶ
1515 895 1773 964 πολεμεῖν

197 974 405 1044 χιλίαις
442 975 668 1044 χιλιάσι,
716 979 811 1031 καὶ
865 980 1087 1051 μυρίαις
1125 982 1382 1053 μυριάσιν
1428 984 1677 1054 ἐχθρῶν·
1711 986 1773 1038 οὐ

196 1061 311 1132 γάρ
339 1062 705 1133 ὲξαρκέσομεν
742 1067 922 1130 πάσας
958 1069 1138 1122 αὐτῶν
1174 1072 1273 1133 τὰς
1311 1073 1648 1143 πανουργίας
1668 1091 1770 1126 κα-

198 1154 494 1223 ταμαθεῖν,
534 1156 729 1227 ῆόλως
764 1158 962 1230 εὑρεῖν.
993 1162 1072 1231 Τῇ
1110 1161 1317 1232 Τριάδιο
1351 1166 1416 1233 τῇ
1449 1164 1582 1233 ἁγίᾳ
1634 1164 1776 1217 κατά

198 1246 314 1299 τῶν
344 1246 511 1317 τριῶν
539 1248 673 1321 (29),
728 1251 817 1306 διὰ
859 1252 967 1305 τῶν
1010 1255 1175 1321 τριῶν
1216 1256 1584 1327 όπλισώμεθα.
1628 1258 1691 1312 El
1719 1261 1775 1314 δὲ

160 1362 167 1367 ·
202 1338 305 1407 μὴ,
336 1338 562 1403 πολλοὺς
582 1341 783 1406 κόπους
812 1345 1023 1408 ἑαυτοῖς
1046 1347 1157 1415 (50)
1205 1349 1610 1418 προξενήσομεν
1647 1368 1661 1381 ·
1689 1351 1776 1403 δν-

196 1445 313 1491 τως
343 1429 439 1483 ἐὰν
459 1432 552 1484 καὶ
591 1432 651 1485 ὲν
696 1436 828 1510 ἡμῖν
870 1437 1113 1509 γένηται,
1140 1441 1172 1491 ὀ
1196 1440 1624 1509 μεταστρέφων
1664 1442 1777 1510 τὴν

200 1518 530 1573 θάλασσαν
542 1524 627 1588 εἰς
650 1508 862 1590 ξῆρὰν,
885 1524 1195 1597 διαϐήσεται
1215 1528 1428 1591 πάντως
1446 1508 1541 1582 καὶ
1558 1531 1586 1582 6
1615 1533 1647 1600 ἠ
1654 1508 1774 1601 μῶν

214 1605 455 1679 Ἰσραὴλ,
494 1609 659 1679 ήγουν
681 1610 805 1676 νοῦς
833 1613 974 1683 ὁρῶν
1000 1615 1150 1680 Θεὸν,
1203 1617 1371 1688 αὑτὴν
1412 1620 1761 1690 ἁκυμάντως,

202 1697 300 1749 καὶ
338 1697 531 1766 ὄψεται
570 1699 697 1763 τοὺς
737 1702 1069 1769 Αίγυπτίους
1101 1706 1158 1756 ὲν
1207 1705 1286 1775 τῷ
1327 1706 1478 1760 ὕδατι
1531 1709 1637 1764 τῶν
1686 1711 1778 1764 δα-

206 1789 391 1859 κρύων
419 1791 824 1860 ἀποπνιγέντας
848 1809 865 1825 ο
894 1795 1103 1849 ἐκείνου
1150 1796 1206 1850 δὲ
1249 1799 1306 1849 ὲν
1351 1801 1485 1869 ἡμῖν
1525 1803 1601 1873 μὴ
1627 1804 1779 1872 ἐνδη-

209 1882 460 1951 μοῦντος,
490 1885 658 1956 ἤχους
688 1887 946 1957 κυμάτων
983 1889 1174 1959 αὐτῆς,
1227 1891 1394 1962 ἤγουν
1433 1894 1529 1963 τῆς
1576 1899 1777 1965 σαρκὸς
1812 1873 1851 1927 Β

206 1974 413 2045 ταύτης
455 1977 539 2039 τίς
590 1978 989 2048 ὑποστήσεται;
1032 1981 1157 2035 Ἐὰν
1206 1982 1411 2053 ἀναστῇ
1465 1988 1522 2037 ὲν
1570 1988 1702 2057 ἡμῖν
1733 1990 1760 2041 ὁ

208 2064 339 2129 Θεὸς
371 2067 462 2120 διά
503 2068 750 2140 πράξεως
793 2070 927 2142 (3|),
966 2072 1551 2146 διασκορπισθήσονται
1598 2082 1644 2132 οί
1684 2082 1774 2151 ἐχ-

211 2155 329 2226 θροὶ
362 2158 557 2223 αὑτοῦ,
580 2162 673 2213 καὶ
698 2162 793 2215 ἐὰν
816 2162 905 2216 διὰ
926 2165 1159 2236 θεωρίας
1187 2169 1651 2240 προσπελάσωμεν
1678 2174 1777 2225 αὑ-

210 2248 306 2317 τῷ,
355 2250 682 2315 Φεὺξονται
735 2256 791 2307 ol
830 2258 1157 2327 μισοῦντες
1206 2261 1393 2316 αὐτὸν
1430 2263 1546 2315 ἀπὸ
1590 2278 1776 2330 προσ-

212 2339 377 2394 ώπου
408 2343 594 2396 αὐτοῦ
648 2345 743 2399 καὶ
782 2347 961 2415 ἡμῶν,
999 2351 1206 2422 Ἱδρῶτι
1249 2352 1447 2423 μᾶλλον
1497 2354 1631 2423 ('59.),
1682 2355 1777 2408 καὶ

218 2429 291 2500 μὴ
312 2431 456 2503 ψιλῷ
513 2433 676 2505 λόγῳ,
728 2436 798 2489 τὰ
850 2438 971 2493 θεῖα
1016 2442 1309 2510 μανθάνειν
1359 2446 1771 2515 σπουδάσωμεν.

213 2519 287 2570 Οὑ
326 2521 437 2591 γὰρ
477 2523 685 2590 λόγους,
740 2525 854 2578 ἀλλ’
882 2527 1039 2604 ,ἔργα
1076 2532 1133 2585 ἐν
1171 2534 1345 2604 καιρῷ
1390 2534 1569 2598 ἐξόδου
1617 2538 1777 2605 χρεία

214 2606 570 2672 ἐνδείξασθαι.
600 2613 662 2664 ΟΞ
711 2612 983 2686 θησαυρὸν
1029 2624 1408 2693 κεκρυμμένον
1447 2626 1776 2689 ἀκούσαντες

214 2696 274 2747 ιν
306 2698 383 2767 τῷ
412 2701 583 2771 τόπῳ,
622 2702 864 2774 ζητοῦσι,
892 2710 987 2761 καὶ
1017 2711 1081 2762 ὲκ
1125 2712 1228 2781 τῆς
1270 2713 1547 2786 ζητήσεως
1578 2718 1639 2770 τὸ
1682 2720 1771 2789 εὑή

217 2787 376 2856 ρεθὲν
430 2793 567 2861 μετά
625 2795 789 2850 πόνου
840 2798 1236 2867 φυλάττουσιν·
1284 2807 1333 2856 οί
1381 2806 1487 2876 γὰρ
1538 2809 1768 2875 ,ἀπόνως

215 2877 616 2950 πλουτήσαντες
662 2889 1014 2958 σκορπίζουσι
1056 2892 1187 2962 (53).
1243 2896 1511 2965 Δυσχερὲς
1570 2899 1669 2967 μὲν
1714 2901 1776 2952 τὸ

214 2969 327 3021 τῶν
364 2971 683 3043 προλήψεων
721 2978 963 3050 εὐχερῶς
991 2985 1371 3051 περιγενέσθαι
1428 2989 1536 3057 (54)
1562 3005 1574 3016 ·
1622 2993 1671 3043 οἱ
1717 2992 1774 3051 δὲ

216 3061 301 3114 ἔτι
354 3063 574 3127 τεᾶταις
616 3068 967 3137 προστιθέναι
1018 3074 1091 3143 μὴ
1148 3077 1464 3145 παυόμενοι,
1498 3081 1531 3149 ἢ
1569 3074 1779 3137 ἑαυτῶν

218 3151 618 3219 ἀπεγνώκασιν,
653 3156 685 3224 ἢ
726 3157 881 3211 οὐδὲν
918 3160 982 3212 ὲκ
1022 3163 1119 3233 τῆς
1164 3165 1441 3237 ὑποταγῆς
1493 3170 1774 3242 ὠφελήθὴο

219 3256 343 3296 σαν.
388 3242 534 3313 Πλὴν
572 3242 707 3308 οἶδα,
760 3246 845 3299 ὅτι
880 3248 909 3301 6
940 3249 1072 3314 Θεὸς
1120 3253 1299 3307 πάντα
1344 3254 1770 3313 δύναται”άδυ-

218 3335 368 3385 νατετ
389 3334 443 3387 δὲ
476 3335 623 3405 αὑτῷ
655 3336 828 3391 οὐδέν.

1878 644 2007 683 vero
2047 634 2359 687 mortalium
2398 637 2485 689 lux
2516 648 2597 691 est
2630 641 2734 693 vita
2774 641 3047 713 religiosa.
3102 647 3289 716 Itaque
3318 662 3450 701 con-

1876 722 2099 774 tendant
2128 732 2187 776 ut
2219 726 2476 781 omnibus
2500 730 2702 797 optima
2753 732 2875 787 vitae
2910 733 3083 788 {orma
3126 737 3278 799 ﬁant,
3317 740 3448 791 nulli

1875 812 2064 866 dantes
2100 816 2261 869 ullam
2309 817 2697 885 olfensionem,
2732 823 2784 876 in
2829 825 2895 879 iis
2937 842 3057 895 qua!
3097 827 3319 885 fecerint
3356 842 3450 882 aut

1877 904 2039 958 locuti
2076 906 2295 962 fuerint.
2336 910 2394 964 Si
2432 912 2574 965 enim
2613 913 2793 969 lumen
2829 916 2880 969 in
2907 920 3158 973 tenebras
3192 932 3447 979 vertatur.

1875 1006 2139 1065 quantum
2177 1000 2307 1069 ipsa:
2355 1005 2612 1069 tenebrze,
2666 1007 2767 1061 hoc
2800 1017 2904 1073 est,
2944 1011 2978 1063 ii
3020 1013 3113 1079 qui
3152 1013 3203 1065 in
3252 1016 3451 1067 3:131:qu

1878 1086 2104 1157 degunt,
2140 1090 2613 1151 obtenebrescent.
2656 1098 2869 1162 Atenim
2902 1102 2947 1157 si
2986 1118 3071 1157 me
3104 1106 3320 1169 auditis,
3358 1116 3452 1158 aut

1877 1176 2061 1244 potius
2091 1178 2239 1246 dicto
2274 1181 2561 1237 audientes
2595 1200 2715 1239 esse
2740 1188 2924 1252 vultis,
2960 1189 3064 1243 erit
3091 1204 3122 1244 e
3153 1207 3209 1244 re
3239 1201 3447 1253 nostra,
3536 1204 3545 1213 ‘

1879 1281 1944 1320 ne
1983 1268 2117 1321 varii
2158 1280 2213 1323 et
2260 1273 2633 1330 inconstantes
2668 1277 2863 1340 simus,
2912 1279 3280 1349 miseramque
3327 1285 3448 1334 ani-

1878 1374 2021 1413 mam
2055 1372 2297 1417 nostram
2326 1366 2655 1435 dividamus,
2682 1381 2740 1425 ut
2765 1388 2887 1425 eum
2918 1373 3153 1427 millenis
3185 1375 3446 1436 millibus,

1878 1450 2119 1521 adeoque
2170 1455 2350 1511 decies
2398 1460 2634 1514 millenis
2695 1463 2937 1518 millibus
2992 1464 3228 1519 hostium
3288 1466 3449 1517 simul

1878 1544 2129 1611 congredi
2159 1553 2214 1600 et
2244 1563 2485 1617 pugnare
2515 1565 2798 1620 cogamur,
2833 1569 3113 1625 nunquam
3160 1556 3304 1609 enim
3332 1572 3450 1609 om-

1881 1648 1975 1687 nes
2014 1634 2227 1690 illorum
2271 1649 2415 1695 artes
2458 1643 2630 1698 malas
2674 1644 2973 1713 poterimus
3009 1646 3320 1714 perdiscere
3357 1659 3451 1702 aut

1880 1725 2096 1792 penitus
2125 1728 2530 1797 deprehendere
2560 1743 2613 1787 et
2643 1734 2909 1789 invenire.
2948 1735 3155 1789 Sancta.
3182 1735 3450 1792 Trinitate

1880 1818 2141 1873 adversus
2182 1821 2448 1889 triplicem
2488 1815 2698 1879 bestem
2745 1826 2851 1895 per
2884 1835 2992 1880 tres
3026 1829 3254 1882 virtutes
3287 1828 3449 1882 obar-

1881 1925 2114 1966 mcmur.
2149 1912 2302 1977 Quod
2336 1914 2441 1968 nisi
2468 1914 2780 1981 fecerimus,
2814 1918 3017 1973 multos
3045 1919 3203 1973 nobis
3240 1919 3451 1974 labores

1878 2002 2201 2056 creabimus.
2235 2002 2486 2058 Profecto
2507 2005 2551 2060 si
2579 2007 2861 2063 nobiscum
2895 2023 3116 2077 quoque
3150 2007 3311 2062 fuerit
3360 2012 3449 2078 qui

1876 2094 2039 2165 34,0
2070 2098 2319 2149 convertit
2349 2114 2492 2151 mare
2527 2100 2581 2151 in
2616 2100 2825 2153 aridam
2852 2101 2917 2165 “,
2953 2101 3177 2157 omnino
3199 2102 3453 2156 transibit

1876 2188 2036 2240 etiam
2073 2194 2253 2242 noster
2280 2187 2465 2253 Israel,
2498 2206 2593 2245 seu
2628 2206 2783 2245 meus
2817 2200 3003 2246 nostra
3039 2193 3203 2246 Deum
3238 2192 3450 2257 videns,

1878 2294 2027 2331 mare
2052 2281 2166 2333 sine
2191 2281 2451 2336 ﬂuctuum
2478 2282 2750 2351 procellis,
2771 2284 3146 2355 spectabitque
3167 2283 3453 2353 Egyplios

1876 2369 1931 2422 in
1990 2372 2354 2441 lacrymnrum
2398 2374 2558 2442 aquis
2605 2374 2923 2440 suﬂ‘ocatos;
2967 2375 3062 2428 sed
3108 2374 3199 2427 illo
3231 2376 3452 2427 absente

1878 2458 2155 2512 fremitum
2200 2459 2500 2522 (luctuum,
2551 2462 2667 2516 sive
2708 2461 2893 2515 carnis
2944 2471 3141 2515 nostra:
3188 2461 3447 2530 impetum

1877 2544 1999 2612 quis
2033 2545 2361 2599 sustinebit?
2395 2544 2451 2599 Si
2486 2546 2626 2601 Deus
2662 2547 2715 2600 in
2748 2548 2907 2603 nobis
2935 2564 3032 2618 per
3063 2564 3225 2619 opera
3257 2565 3450 2605 exsur-

1842 2670 1845 2671 ν
1878 2637 2096 2700 rexerit,
2132 2637 2547 2708 dissipabuntur
2579 2639 2788 2695 inimici
2821 2641 2963 2710 ejus,
3000 2650 3053 2695 et
3093 2642 3139 2697 si
3186 2657 3281 2711 per
3313 2658 3447 2697 con-

1877 2728 2276 2795 templatiouem
2306 2730 2740 2788 invocavcrimus
2773 2749 2919 2797 eum,
2954 2732 3180 2803 Fugient
3211 2736 3299 2803 qui
3322 2735 3447 2787 ode-

1866 2830 1997 2879 (σοι
2024 2836 2141 2872 cum
2173 2838 2202 2873 a
2231 2824 2366 2892 [acie
2396 2825 2509 2892 ejus
2533 2826 2577 2857 ³⁵
2607 2834 2656 2880 et
2692 2837 2897 2879 nostra.
2936 2823 3234 2879 Laboribus
3270 2824 3448 2893 potius

1858 2912 2246 2991 κυινευιιοτίὺυε
2281 2929 2387 2969 non
2438 2917 2598 2972 nudis
2631 2916 2812 2971 verbis
2845 2915 3084 2970 coelestia
3124 2929 3449 2984 cOgnoscere

1879 3004 2211 3081 sume-anius.
2260 3007 2434 3075 Opera
2477 3009 2643 3073 enim,
2703 3023 2813 3062 non
2863 3008 3027 3061 verba
3056 3007 3350 3081 oportebit
3390 3007 3446 3061 in

1878 3093 2026 3146 exitu
2043 3095 2167 3163 vita:
2184 3096 2443 3151 exhibere
2459 3098 2653 3166 judiei.
2678 3098 2781 3163 Qui
2812 3099 2980 3151 latere
3001 3097 3199 3151 alicubi
3226 3098 3449 3152 thesau-

1872 3196 2003 3250 rum
2022 3184 2268 3250 audiunt,
2293 3186 2442 3240 illum
2491 3189 2610 3243 loco
2646 3203 2746 3243 suo
2767 3198 3039 3257 quaerunt,
3062 3198 3116 3243 et
3138 3189 3319 3242 labore
3348 3201 3450 3242 suo

1852 3300 1855 3303 ν
1880 3284 2149 3351 repertum
2174 3278 2509 3332 custodiunt.
2527 3277 2661 3334 Nam
2686 3282 2779 3350 qui
2802 3282 2921 3337 sine
2941 3282 3128 3336 labore
3148 3281 3445 3334 «litescunt.

1797 3351 1838 3405 C
1872 3357 2010 3415 bona
2039 3363 2326 3434 dissipant.
2370 3366 2594 3424 Diﬂicile
2627 3379 2710 3425 est
2737 3370 3195 3441 inveteratasgpu
3218 3370 3447 3430 )‘iliOSaS

218 3426 637 3480 consuetudines
672 3427 791 3481 sine
817 3438 1014 3484 conatu
1036 3430 1273 3486 vincere.
1311 3431 1413 3499 Qui
1444 3450 1568 3489 vero
1592 3436 1659 3492 iis
1682 3444 1925 3507 quotidie
1961 3466 2129 3507 novas
2157 3426 2437 3525 adjiciunt,
2466 3469 2557 3512 aut
2582 3459 2651 3512 de
2678 3475 2736 3514 se
2764 3426 3141 3528 despera'runt,
3165 3465 3247 3510 er
3262 3456 3444 3533 subje-

219 3518 411 3585 ctione,
463 3535 560 3575 seu
641 3520 901 3592 religione
977 3524 1185 3579 nullum
1237 3526 1479 3583 fructum
1528 3534 1853 3597 retulerunt.
1888 3518 2242 3604 Nec-tamen'
2272 3551 2463 3621 ignoro
2515 3551 2684 3608 Deum
2727 3553 2911 3607 omnia
2960 3534 3152 3621 posse,
3201 3529 3447 3616 nihilque

192 3695 198 3701 .
220 3611 366 3666 illum
408 3628 517 3667 non
560 3626 741 3683 posse.

290 3708 669 3779 Δυσδιάκριτόν
712 3709 804 3779 μοί
863 3726 1009 3775 τινες
1042 3712 1325 3785 ,θεώρημα
1395 3718 1775 3789 ὲπηπόρησαν,

220 3799 314 3853 καὶ
343 3801 468 3864 τοὺς
515 3802 639 3853 κατ’
688 3802 789 3869 ἐμὲ
826 3804 1034 3867 πάντας
1083 3805 1443 3876 ὑπερϐαῖνον,
1502 3810 1678 3863 οὐδενὶ
1720 3811 1778 3863 δὲ

218 3890 325 3941 τῶν
366 3890 445 3952 είς
484 3890 587 3959 ἐμὲ
626 3889 958 3959 ἐληλυθότων
982 3894 1203 3947 ’δέλτων
1253 3900 1639 3968 περιεχόμενον
1689 3899 1777 3951 λέ-

221 3993 423 4044 γοντες.
456 3979 606 4031 Ποϊοι
647 3978 757 4031 τῶν
798 3979 959 4033 ὀκτὼ
981 3981 1256 4054 λογισμῶν
1304 3986 1604 4057 ίδιαιρέτως
1638 3987 1775 4041 ἀπό-

219 4084 362 4137 γονοι
388 4068 755 4138 τυγχάνουσι;
794 4069 825 4139 ἢ
876 4072 1026 4133 ποῖος
1067 4064 1325 4127 τοιούτων
1371 4076 1533 4128 πέντε
1562 4077 1627 4129 ἐκ
1666 4077 1774 4129 τῶν

218 4156 380 4227 τριιῖιν
414 4157 521 4210 τῶν
560 4156 880 4229 προστατῶν
907 4160 1187 4232 γεννήτωρ
1213 4163 1587 4233 καθέστηκεν;
1634 4166 1774 4234 Ἐγὼ

220 4246 279 4300 δὲ
321 4248 450 4317 πρὸς
489 4246 590 4317 τὴν
629 4248 863 4319 ἀπορίαν
915 4253 1207 4323 ἐπαινέτην
1245 4253 1466 4323 ἄγνοιαν
1509 4258 1769 4327 προϐαλό-

224 4354 399 4406 μενος,
433 4338 583 4409 παρά
617 4340 726 4393 τῶν
773 4341 1046 4395 πανοσίων
1091 4342 1300 4414 ἀνδρῶν
1338 4345 1543 4417 ἔμαθον
1574 4348 1769 4413 οὕτως.

221 4428 413 4499 Μήτηρ
443 4430 540 4501 μὲν
565 4428 821 4500 πορνείας
852 4434 1283 4503 γαστριμαργία,
1322 4436 1548 4506 ἀκηδίας
1582 4439 1638 4493 δὲ
1675 4458 1769 4493 κε-

221 4519 419 4583 νοδοξία
435 4537 450 4553 ο
472 4520 616 4591 λύπη
638 4520 695 4574 δὲ
731 4521 839 4576 τῶν
869 4522 1035 4594 τριῶν
1060 4526 1265 4580 τούτων
1294 4530 1453 4599 γέννη
1464 4548 1558 4599 μα,
1584 4532 1772 4600 ὥσπερ

221 4608 316 4660 καὶ
341 4608 505 4681 ὀργή·
540 4612 915 4681 ὑπερηφανίας
937 4615 995 4668 δὲ
1026 4616 1212 4688 μήτηρ
1244 4618 1537 4684 κενοδοξία.
1555 4622 1695 4689 Ἐγὼ
1714 4623 1769 4675 δὲ

222 4696 380 4750 πάλιν
405 4700 537 4771 πρὸς
558 4699 684 4765 τοὺς
703 4703 1059 4777 ἀειμνήστους
1088 4706 1325 4771 ἐκείνους
1347 4710 1769 4779 ἀποκρινόμενος
1808 4740 1814 4746 ·

217 4787 467 4858 ἔφασκον,
515 4794 761 4866 λιπαρῶν
805 4797 1095 4865 μανθάνειν
1134 4799 1318 4853 λοιπὸν
1348 4802 1445 4855 καὶ
1483 4800 1592 4852 τῶν
1625 4802 1768 4853 ὀκτὼ

218 4883 556 4952 γεννήματα,
594 4886 692 4940 καὶ
720 4888 872 4941 ποῖον
911 4888 1064 4940 ποίου
1096 4889 1328 4959 ὑπάρχει
1364 4888 1572 4961 κύημα.
1628 4891 1763 4944 Ἐδίο

2292 3690 2321 3705 σο

1847 3778 1851 3783 ,
1951 3723 2316 3790 Quaestionem
2342 3744 2435 3783 seu
2460 3728 2968 3798 contemplationem
2994 3726 3123 3780 mibi
3147 3728 3443 3795 dijudicatu

1879 3816 2169 3882 difﬁcilem,
2218 3835 2446 3888 qumque
2486 3819 2728 3873 omnium
2780 3819 2883 3872 mei
2928 3820 3187 3873 similiqu
3234 3821 3445 3891 ingenia

1876 3918 2114 3975 superet,
2148 3924 2248 3963 nee
2265 3911 2384 3963 ullo
2408 3909 2692 3974 librorum,
2722 3911 2815 3979 qui
2839 3909 2905 3964 ad
2935 3926 3036 3965 nos
3061 3924 3445 3980 pervenerunt,

1834 4064 1835 4069 η
1875 3999 2239 4065 contineatur,
2290 4001 2538 4055 nonnulli
2583 3993 3008 4070 proposuerunt.
3056 4004 3313 4069 Quaenam
3362 4004 3445 4057 in-

1874 4089 2089 4157 quiunt,
2111 4100 2371 4145 suntoeto
2394 4094 2704 4162 capitalium
2730 4090 2980 4149 vitiorum
3005 4094 3446 4166 [cogitationum]

1872 4168 2421 4249 propr-ie'germina?
2472 4192 2568 4238 aut
2625 4185 2750 4254 quis
2808 4186 3141 4255 reliquorum
3203 4185 3444 4252 quinque

1871 4286 1935 4325 ex
1991 4272 2166 4328 tribus
2207 4274 2532 4343 capitalibus
2581 4276 2793 4341 genitor
2841 4275 3086 4329 exstitit?
3140 4274 3220 4328 Ad
3276 4290 3440 4343 quam

1870 4364 2139 4433 egregiam
2185 4366 2540 4432 qumstionem
2586 4381 2685 4433 ego
2730 4380 2903 4418 meam
2952 4362 3231 4434 professus
3276 4364 3440 4419 insci-

1871 4455 2044 4516 tiam,
2090 4455 2158 4507 ab
2199 4453 2562 4507 sanctissimis
2602 4451 2853 4506 Patribus
2900 4451 2972 4505 ita
3028 4452 3228 4520 accepi.
3280 4452 3438 4523 341

1870 4541 2133 4597 Libidinis
2187 4540 2602 4608 procreatricem
2668 4554 2791 4594 esse
2845 4538 3049 4593 ventris
3129 4539 3444 4609 ingluviem,

1866 4632 2065 4686 acediaa
2115 4644 2241 4684 vero
2290 4645 2387 4683 seu
2446 4629 2689 4691 desidiae,
2750 4644 2942 4683 vanam
2997 4628 3276 4699 gloriam:
3339 4629 3439 4681 tri-

1867 4734 1956 4771 um
1990 4733 2118 4771 vcro
2171 4717 2362 4770 barum
2413 4717 2654 4771 sobolem
2712 4732 2832 4773 esse
2868 4718 3167 4781 tristitiam,
3229 4717 3441 4771 sicutct

1870 4808 2004 4861 iram
2032 4825 2044 4861 :
2074 4808 2340 4876 superbia
2365 4817 2545 4861 autem
2580 4808 2891 4879 genitricem
2936 4824 3131 4863 vanam
3189 4806 3436 4887 gloriam.

1870 4900 1982 4967 Ego
2031 4914 2160 4953 vero
2180 4914 2371 4955 rursus
2399 4900 2462 4954 ad
2488 4915 2700 4969 semper
2725 4900 2978 4955 colendos
3002 4900 3124 4954 illos
3149 4895 3335 4951 Patres
3356 4912 3441 4950 re-

218 4969 412 5037 δασκον
465 4974 523 5028 δὲ
556 4976 799 5046 ιὺμενῶς
835 4980 1149 5042 οίάπαθετς
1195 4979 1465 5048 λέγοντες,
1508 4981 1582 5051 μὴ
1630 4978 1768 5036 εἶναι

1871 4990 2186 5058 Spondendo
2232 4990 2565 5059 inquiebam,
2623 5006 2819 5057 cupere
2868 5003 2953 5043 Ine
2994 5003 3156 5057 porro
3193 4987 3438 5051 discere,

216 5061 370 5129 τάξιν
414 5067 447 5137 ἦ
496 5067 710 5121 σύνεσιν
748 5070 808 5122 ὲν
856 5069 1135 5133 ἀσυνέτοις
1162 5086 1177 5101 ·
1215 5073 1395 5127 πᾶσαν
1441 5074 1497 5126 δὲ
1537 5076 1766 5140 ἀταξίαν

218 5152 316 5204 καὶ
344 5153 766 5210 ἀκαταστασίαν·
797 5157 891 5211 καὶ
930 5158 1176 5224 πιθόντες
1216 5164 1264 5215 οἱ
1299 5164 1558 5235 μακάριοι
1604 5166 1766 5220 πιθαο

220 5240 332 5302 νοῖς
374 5243 755 5315 ὑποδείγμασιν
798 5246 1001 5317 ἔλεγον,
1027 5253 1123 5314 είς
1152 5253 1315 5321 μέσον
1346 5257 1766 5325 προενεγκόντες

145 5347 157 5370 ι
219 5328 445 5399 πιθανὰς
483 5324 781 5402 ἀποδείξεις
818 5340 912 5392 καὶ
956 5341 1227 5406 πλείονας,
1262 5344 1323 5412 ἐξ
1361 5324 1436 5398 ὧν
1459 5324 1580 5400 τινα
1605 5348 1663 5399 ἐν
1687 5347 1765 5417 τῷ

219 5418 446 5489 παρόντι
480 5424 621 5498 λόγῳ
669 5431 1052 5502 συντάττομεν,
1095 5433 1183 5489 ἵνα
1229 5435 1289 5501 ἐξ
1329 5420 1553 5491 ἐκείνων
1581 5438 1763 5491 λοιπὸν

221 5509 315 5563 καὶ
344 5513 595 5581 ’περὶτῶν
624 5518 824 5575 λοιπιῖιν
849 5524 1225 5595 φωτισθῶμεν.
1254 5522 1377 5582 Οἷόν
1399 5545 1453 5580 τι
1480 5528 1621 5594 λέγω
1645 5542 1657 5556 ·
1705 5527 1764 5579 '0

221 5595 413 5664 τέλωςι
437 5600 465 5652 ό
492 5601 719 5676 ἄκαιρος
747 5610 880 5679 (55).
912 5613 1044 5666 ποτε
1072 5614 1171 5681 μὲν
1202 5616 1269 5668 ἐκ
1304 5614 1558 5684 πορνείας
1578 5615 1765 5684 δαίμο-

290 5773 336 5805 ³¹⁵
365 5773 483 5833 Psal
540 5795 660 5845 LXV,
684 5782 735 5835 6.
812 5783 857 5814 "’
890 5800 1058 5848 ωιτη,
1091 5787 1140 5839 ‘2.

1871 5091 1992 5135 octo
2022 5081 2274 5134 vitiorum
2303 5080 2567 5148 germina,
2600 5088 2653 5132 et
2680 5078 2825 5145 quod
2847 5078 3005 5147 cujus
3032 5078 3273 5147 parentis
3301 5077 3441 5135 fetus

1811 5224 1817 5227 .
1872 5173 1962 5227 sit.
2011 5172 2113 5235 Qui
2162 5177 2499 5237 peramanter
2548 5176 2603 5220 et
2652 5167 2911 5222 benevole
2958 5182 3046 5221 me
3109 5169 3438 5233 docuerunt,

1869 5268 2245 5327 negaruntque
2294 5254 2462 5307 ullum
2515 5253 2759 5307 ordinem
2797 5263 2891 5308 aut
2919 5256 3219 5324 prudentia:
3268 5256 3439 5309 ratio-

1871 5363 1991 5403 nem
2023 5347 2076 5399 in
2116 5344 2327 5399 stolidis
2349 5344 2453 5399 illis
2482 5344 2628 5400 vitiis
2665 5345 2867 5408 inesse,
2903 5344 2997 5401 sed
3018 5360 3223 5399 meram
3248 5344 3441 5398 confu-

1872 5439 2074 5492 sionem
2105 5444 2158 5488 et
2200 5435 2644 5498 inconstantiam.
2696 5436 2842 5503 quod
2900 5421 3038 5489 beati
3081 5434 3156 5487 illi
3214 5432 3355 5501 aptis
3383 5439 3438 5484 et

1870 5526 2189 5595 opportunis
2212 5526 2477 5595 exemplis
2523 5526 2900 5588 ostendebant,
2950 5523 3279 5593 prolatisque
3311 5535 3434 5572 cre-

1876 5616 2008 5677 bris,
2053 5616 2236 5672 multis
2268 5625 2321 5672 ct
2352 5617 2513 5673 certis
2540 5616 2841 5671 rationibus
2870 5609 3331 5669 demonstrabant,
3363 5624 3429 5662 rx
