4030 6342
635 405 776 474 1023

1883 418 1942 476 s.
1965 413 2280 506 JOANNIS
2311 415 2619 474 CLIMACI

3744 409 3873 476 1024

634 523 834 594 quibus
866 489 1123 578 nonnulla
1155 524 1207 578 iu
1237 524 1340 579 hoc
1366 523 1504 580 libro
1527 527 1880 595 collocamus,
1905 540 1965 582 ut.
1994 544 2059 582 ex
2091 527 2193 582 illis

2319 544 2392 590 θος
2435 526 2698 586 τίκτεται,
2741 527 2869 580 ποτε
2917 527 2976 580 δὲ
3021 529 3086 580 ἐκ
3125 526 3449 593 κενοδοξίας,
3497 526 3629 580 ὃταν
3673 545 3758 590 τις
3790 523 3869 598 ἐφ’

633 624 797 682 etiam
827 625 895 681 de
922 625 1147 696 reliquis
1177 627 1351 682 lucem
1380 631 1687 697 capiamus.
1729 629 1980 700 Exempli
2008 630 2200 700 gratia.

637 717 982 785 importunus
999 725 1053 770 et
1085 717 1498 791 intempestivus
1524 719 1668 775 risus
1691 721 1826 775 alias
1872 737 1938 775 οι
1990 721 2205 790 impuro

637 803 830 872 spiritu
888 807 1120 873 exsistit;
1155 808 1290 864 alias
1322 823 1388 863 ex
1414 827 1550 865 vana
1583 811 1777 882 gloria,
1834 812 2055 882 quando
2083 811 2207 881 quis

639 898 696 954 in
729 916 786 956 se
811 902 927 970 ipso
953 905 1090 959 clam
1120 908 1482 964 inverecunde
1513 920 1567 965 et
1634 910 1974 980 impudenter
2008 910 2208 981 gloria-

642 998 732 1045 tur
758 1009 770 1056 ;
800 995 932 1047 alias
959 1011 1023 1049 ex
1053 999 1174 1066 gula
1212 1010 1266 1053 et
1289 1000 1497 1057 deliciis
1535 1003 1800 1057 ciborum.
1837 1001 1994 1058 Sicut
2020 1013 2073 1058 et
2091 1018 2212 1074 pro-

643 1081 806 1136 lixior
832 1099 1078 1150 somnus,
1103 1104 1248 1143 nunc
1271 1105 1336 1144 ex
1368 1091 1613 1146 ciborum
1635 1095 1813 1163 copia,
1851 1110 1997 1149 nunc
2026 1105 2210 1150 contra

641 1185 704 1221 cx
731 1170 960 1238 jejunio,
986 1177 1208 1244 quando
1238 1179 1330 1247 qui
1375 1195 1403 1233 ιι
1428 1181 1564 1236 cibis
1617 1182 1912 1248 abstinent,
1969 1199 2064 1253 per
2119 1201 2213 1239 su-

642 1261 882 1326 perbiam
939 1264 1423 1334 ell‘eruntur;nune
1467 1289 1534 1328 ex
1585 1274 1811 1336 desidia,
1853 1290 1999 1328 nunc
2050 1277 2212 1330 etiam

641 1364 707 1403 ex
747 1351 861 1419 ipsa
893 1367 1109 1412 natura.
1142 1358 1466 1430 Loquacitas
1513 1364 1803 1434 aliquando
1821 1381 1890 1419 ex
1941 1366 2087 1434 gula,
2116 1366 2216 1420 ali-

589 1451 615 1507 j
641 1441 862 1509 quando
882 1459 948 1499 ex
973 1462 1109 1504 vana
1151 1452 1320 1521 gloria
1388 1455 1580 1510 oritur.
1639 1455 1851 1511 Desidia
1893 1457 2217 1525 quandoque

643 1541 716 1622 es
741 1529 908 1622 nimio
962 1535 1113 1605 luxu,
1139 1544 1465 1622 quandoque
1492 1561 1559 1599 ex
1597 1544 1810 1600 delectu
1856 1546 2068 1601 timoris
2113 1545 2204 1600 Dei

645 1615 857 1706 initium
916 1627 1103 1681 sumit.
1162 1615 1503 1702 Blaspbemia
1570 1636 1786 1704 proprie
1822 1645 1904 1690 est
1953 1636 2221 1706 superbiae

647 1704 825 1798 fetus:
861 1727 966 1767 non
999 1732 1125 1772 raro
1172 1729 1350 1777 tamen
1384 1739 1450 1779 ex
1484 1725 1690 1794 judicio
1735 1729 2022 1783 temerario
2059 1745 2222 1798 super

645 1794 831 1886 eadem
859 1817 917 1857 re
946 1809 1207 1875 sequitur.
1233 1812 1538 1881 Aliquando
1581 1831 1646 1870 ex
1674 1817 1918 1886 improba
1942 1794 2216 1875 daemonis

2304 618 2482 688 ἑαυτῷ
2509 618 2716 672 ἔνδοθεν
2744 618 3077 689 σεμνύνηται
3110 618 3384 688 ἀσέμνως·
3413 618 3543 672 ποτὲ
3568 618 3625 672 δὲ
3652 619 3720 672 ἐκ
3751 634 3870 689 τρυ-

2306 712 2431 780 φῆς.
2465 713 2493 764 ό
2529 709 2692 775 ὕπνος
2721 713 2750 764 ό
2797 711 2962 774 πολύς
3006 710 3140 781 (56).
3189 710 3327 764 Ποτὲ
3381 711 3481 779 μὲν
3522 711 3587 764 ὲκ
3627 713 3870 780 τρυφῆς,

2310 805 2439 858 ποτὲ
2455 805 2512 860 δὲ
2531 807 2593 859 ἐκ
2616 803 2890 874 νηστείας,
2916 804 3043 857 ὅταν
3065 803 3116 856 οἱ
3142 802 3496 874 νηστεύοντες
3516 803 3869 874 ἔπαίρωνταιο

2309 899 2442 952 ποτὲ
2474 899 2532 951 δὲ
2569 897 2629 963 ἐξ
2655 895 2900 966 ἀκηδίας,
2933 894 3064 947 ποτὲ
3098 895 3156 948 δὲ
3193 895 3287 948 καὶ
3310 895 3374 948 ἐκ
3402 895 3640 964 φύσεως.
3683 893 3750 946 Ἠ
3778 908 3869 946 ιιι)⁹

2309 989 2530 1058 λυλογία
2565 988 2694 1041 ποτὲ
2722 988 2818 1058 μὲν
2857 986 2965 1040 ἀπὸ
3000 984 3465 1058 γαστριμαργίας,
3516 985 3651 1038 ποτὲ
3684 983 3742 1036 δὲ
3769 981 3872 1035 ἀπὸ

2312 1081 2652 1146 κενοδοξίαςο
2683 1081 2717 1150 ἡ
2748 1079 2944 1148 ὰκηδία
2986 1078 3115 1131 ποτὲ
3169 1077 3266 1147 μὲν
3304 1077 3412 1131 ἀπὸ
3457 1079 3696 1146 τρυφῆς,
3749 1072 3871 1126 ποτὲ

2312 1173 2368 1226 δὲ
2405 1173 2465 1237 eg
2491 1171 2720 1241 ἀφοϐίας
2745 1169 2879 1223 Θεοῦ
2901 1187 2915 1200 ο
2947 1171 2981 1240 ἡ
3007 1168 3322 1239 βλασφημία
3350 1169 3500 1221 ἔστιν
3543 1168 3641 1237 μὲν
3673 1165 3870 1236 κυρίως

2313 1264 2505 1334 κύημα
2538 1263 2916 1332 ὑπερηφανίας
2936 1276 2949 1289 ο
2985 1259 3246 1322 πολλάκις
3271 1259 3329 1312 δὲ
3353 1257 3448 1310 καὶ
3486 1258 3548 1309 ὲκ
3569 1255 3666 1308 τοῦ
3698 1255 3872 1324 κρῖναι

2315 1355 2374 1406 ὲν
2397 1352 2475 1422 τῷ
2503 1349 2654 1420 αὐτῷ
2689 1351 2780 1402 τὸν
2837 1348 3084 1419 πλησίον,
3124 1350 3157 1420 ἢ
3193 1350 3287 1402 καὶ
3333 1348 3441 1401 ἀπὸ
3479 1346 3677 1414 φθόνου
3702 1341 3874 1396 -ἁκαί-

2319 1461 2416 1516 ρου
2440 1442 2548 1496 τῶν
2595 1440 2897 1511 δαιμόνων·
2933 1443 2966 1512 ἡ
3027 1438 3430 1520 σκληροκαρδία
3468 1436 3616 1490 ἐστὶν
3649 1435 3739 1488 ὅτε
3773 1432 3875 1485 ἀπὸ

2318 1531 2505 1603 κόρου,
2539 1530 2648 1583 ἀπὸ
2687 1530 3065 1600 ἀναισθησίας,
3111 1529 3220 1600 ἀπὸ
3270 1527 3650 1600 προσπαθείας
3677 1542 3694 1557 ο
3720 1520 3876 1576 πάλιν

2317 1622 2374 1675 δὲ
2405 1624 2438 1692 ή
2467 1621 2808 1692 προσπάθεια
2833 1620 2946 1673 ἐστι
2989 1621 3087 1690 μὲν
3115 1620 3205 1673 ὅτε
3249 1618 3356 1674 ἀπδ
3392 1618 3669 1687 πορνείας,
3696 1615 3732 1683 ἧ
3764 1611 3878 1683 φιλο

2321 1708 2607 1780 αργυρίας,
2655 1708 2690 1778 ἢ
2734 1707 3197 1779 γαστριμαργίας,
3232 1705 3264 1773 ἢ
3303 1703 3630 1768 κενοδοξίας,
3682 1697 3778 1752 καὶ
3822 1694 3880 1759 ἐξ

2323 1801 2526 1872 ἐτέρων
2569 1799 2775 1852 πολλῶν
2802 1816 2816 1829 ·
2853 1799 2886 1867 ἡ
2923 1796 3156 1866 πονηρία
3187 1793 3350 1848 πάλιν
3395 1790 3504 1846 ἀπὸ
3529 1791 3758 1860 οἰήσεως
3787 1785 3878 1838 καὶ

1025 1865 1037 1875 ,
1586 1865 1646 1870 ---
1674 1865 1918 1886 ----,---_
1957 1865 2215 1875 _..--------

646 1883 846 1940 invidia
886 1894 1120 1948 exsistit.
1150 1898 1312 1969 342
1347 1903 1539 1957 Cordis
1565 1904 1761 1957 duritia
1816 1906 1897 1958 vel
1924 1922 1956 1960 e
2003 1908 2107 1960 cibi
2132 1923 2215 1961 sa.

2320 1865 2506 1960 ὀργῆς.
2547 1892 2610 1942 Ἡ
2651 1891 2760 1958 (57)
2801 1865 3088 1958 ὑπόκρισις
3131 1887 3189 1953 ὲξ
3235 1882 3568 1953 αὐταρκείας
3615 1880 3713 1933 καὶ
3755 1877 3877 1969 ἰδιο-

645 1973 847 2042 tietate,
883 1980 964 2034 vel
992 1992 1209 2052 stupore
1246 1989 1479 2058 quodam
1509 1991 1696 2056 animi,
1724 1994 1808 2046 vel
1835 1994 2027 2049 aﬂ‘ectu
2045 1996 2110 2050 ad
2133 2011 2219 2052 res

645 2076 872 2154 creatas.
898 2069 1135 2130 Allectus
1180 2093 1310 2132 vero
1333 2095 1460 2149 erga
1489 2097 1576 2134 res
1631 2082 1754 2136 illas
1779 2099 1924 2138 nunc
1957 2101 1986 2139 a
2022 2087 2214 2154 spiritu

646 2151 879 2250 impuro,
914 2176 1058 2218 nunc
1084 2179 1147 2218 ex
1184 2170 1430 2234 avaritia,
1467 2181 1560 2225 aut
1597 2175 1804 2227 ventris
1839 2175 2091 2242 ingluvie,
2119 2186 2212 2231 aut

644 2245 1010 2342 inani-gloria,
1047 2254 1290 2326 adeoque
1313 2274 1378 2314 ex
1417 2261 1536 2316 aliis
1566 2263 1751 2318 multis
1784 2265 2029 2333 pullulat.
2059 2267 2210 2322 Mali-

645 2343 720 2388 tia
743 2351 934 2395 rursus
968 2359 1031 2396 ex
1061 2347 1229 2401 animi
1292 2358 1504 2406 tumore
1521 2362 1577 2407 et
1615 2353 1700 2407 sui
1742 2357 2142 2412 existimatione
2166 2359 2219 2412 el-

643 2422 744 2516 ira.
775 2425 1086 2497 Hypocrisis
1113 2450 1179 2489 ex
1208 2453 1274 2493 eo
1308 2441 1505 2509 prodit,
1542 2444 1686 2511 quod
1733 2445 1834 2499 sibi
1882 2447 2005 2513 quis
2043 2463 2218 2516 quan-

644 2512 820 2604 doque
842 2518 1070 2577 nimium
1137 2527 1346 2595 placeat
1399 2541 1494 2585 aut
1528 2534 1729 2596 credat,
1776 2512 1917 2602 quod
1979 2512 2092 2604 ipse
2117 2537 2219 2592 sibi

645 2601 892 2668 sulliciat,
923 2618 976 2661 et
1007 2610 1120 2678 ipse
1163 2629 1248 2668 S'.l
1281 2619 1539 2686 magister
1561 2629 1615 2674 et
1667 2601 1802 2675 vitae,
1841 2601 2041 2677 arbiter
2092 2639 2212 2678 esse

646 2687 836 2750 possit.
884 2691 1122 2751 Virtutes
1163 2715 1292 2754 vero
1343 2719 1464 2772 quae
1509 2707 1652 2761 vitiis
1685 2723 1716 2762 e
1750 2711 2018 2765 contrario
2059 2727 2219 2781 repu-

642 2791 840 2846 gnant,
900 2802 966 2841 ex
1019 2793 1310 2849 contrariis
1362 2795 1604 2853 fontibus
1665 2804 1989 2857 scaturiunt.
2047 2804 2109 2858 Et
2161 2814 2220 2858 ut

643 2885 758 2959 rem
821 2874 873 2928 in
932 2892 1100 2946 pauca
1149 2882 1450 2950 conferam,
1500 2896 1742 2958 tempore
1798 2891 1942 2944 enim
1974 2892 2216 2959 deﬁcior,

642 2957 693 3011 si
727 2964 909 3020 omnia
939 2982 1183 3025 seorsum
1205 2981 1258 3026 et
1290 2974 1562 3044 sigillatim
1594 2957 1846 3047 persequi
1877 2980 2057 3044 velim,
2097 2957 2216 3035 om;

647 3050 803 3141 niumg
827 3056 1108 3124 vitiorum,
1137 3061 1204 3115 de
1237 3063 1436 3132 quibus
1475 3053 1734 3131 diximu‘s,
1772 3083 1896 3122 vere
1923 3079 1973 3123 et
1999 3072 2217 3141 proprie

2323 1981 2580 2052 ρυθμίας·
2618 1981 2686 2033 τὰ
2725 1980 2780 2032 δὲ
2830 1978 3036 2032 τούτων
3081 1975 3298 2030 ἐναντία
3344 1977 3409 2028 ὲκ
3461 1971 3570 2024 τῶν
3621 1968 3878 2023 ἐναντίων

2316 2071 2654 2139 γεννητόρων
2683 2067 2862 2119 αὐτῶν
2890 2066 3295 2118 ἀποτίκτονται.
3333 2061 3444 2116 Kal.
3484 2062 3570 2114 ἵνα
3598 2058 3673 2130 μὴ
3715 2055 3878 2110 πολλὰ

2313 2157 2756 2227 λέγω,ὲπιλείψει
2786 2173 2852 2225 με
2876 2157 2982 2225 γάρ
3002 2155 3030 2206 ό
3057 2153 3264 2224 χρόνος,
3295 2153 3439 2222 ἥπερ
3467 2150 3533 2204 τὸ
3560 2149 3677 2202 καθ’
3703 2147 3762 2199 ἓν
3797 2144 3877 2208 ἐξ·

2317 2250 2529 2312 ετάζειν
2551 2247 2828 2318 βούλομαι·
2857 2246 3059 2314 κυρίως
3087 2246 3300 2298 πάντων
3323 2243 3434 2296 τῶν
3461 2237 3877 2314 προειρημένων

2323 2341 2512 2395 παθῶν
2547 2339 2819 2409 ἀναιρέτις
2849 2338 2994 2390 ἐστὶν
3014 2339 3048 2407 ἡ
3083 2332 3570 2406 ταπεινοφροσύνη,
3594 2333 3660 2401 ἢν
3683 2331 3732 2382 οἱ
3756 2345 3879 2396 κτη-

2321 2434 2544 2503 σάμενοι
2567 2433 2742 2484 πάντα
2781 2428 3118 2500 νενικήκασι.
3149 2427 3260 2498 (38)
3299 2425 3566 2496 Γενήτρια
3613 2422 3723 2496 [σί.
3757 2437 3877 2488 γεν-

2320 2520 2550 2592 νήτρια]
2582 2521 2798 2574 πάντων
2828 2519 2937 2573 τῶν
2981 2518 3190 2581 κακῶν,
3239 2516 3400 2587 ἡδονὴ
3440 2515 3537 2567 καὶ
3563 2510 3819 2598 πονηρία,
3846 2510 3879 2561 ὃ.

2321 2617 2348 2667 ό
2375 2612 2617 2682 κατέχων
2643 2612 2742 2665 οὐκ
2771 2612 2956 2680 ὄψεται
2993 2611 3085 2662 τὸν
3115 2609 3317 2679 Κύριον
3341 2624 3355 2639 ·
3399 2605 3552 2658 οὐδὲν
3576 2603 3633 2655 δὲ
3655 2601 3804 2672 ἡμᾶς
3819 2599 3879 2650 ἐκ

2321 2707 2420 2774 τῆς
2461 2707 2734 2776 προτέρας
2773 2705 2952 2774 ἀποχὴ
3008 2703 3162 2766 ἐκτὸς
3214 2705 3314 2772 τῆς
3351 2699 3610 2769 δευτέρας
3648 2696 3877 2766 ὀνήσειε.

2321 2799 2490 2854 Φόϐου
2515 2799 2733 2870 ίΚυρίου
2786 2798 3088 2865 ὑπόδειγμα
3143 2791 3203 2857 ἐξ
3241 2792 3519 2862 ἀρχόντων
3565 2786 3656 2840 καὶ
3683 2785 3878 2856 θηρία-ιν

2321 2891 2639 2962 ληψώμεθα.
2695 2888 2883 2948 Πόθου,
2919 2887 2978 2940 δὲ
3027 2883 3122 2938 τοῦ
3165 2881 3302 2955 πρὸς
3337 2881 3473 2935 Θεὸν
3516 2880 3817 2946 ὑπόδειγμα
3853 2874 3881 2927 ό

2321 2981 2431 3036 τῶν
2462 2980 2730 3050 σωμάτων
2767 2978 2907 3050 έρως
2951 2976 3124 3038 τύπος
3169 2969 3412 3042 γενέσθω
3456 2987 3570 3024 σοι·
3601 2967 3755 3023 οὐδὲν
3778 2962 3879 3034 γὰρ

2323 3071 2384 3124 τὸ
2424 3071 2651 3133 κωλύον,
2689 3070 2783 3124 καὶ
2812 3069 2876 3122 ὲκ
2903 3068 3014 3121 τῶν
3048 3064 3307 3120 ἐναντίων
3334 3061 3605 3117 ποιεῖσθαι
3642 3059 3792 3131 ἡμᾶς
3817 3053 3882 3108 τὰ

649 3139 914 3208 expultrix
943 3151 997 3198 et
1033 3147 1366 3204 interfectrix
1422 3162 1507 3208 est
1556 3155 1836 3211 humilitas
1864 3175 1878 3212 :
1905 3174 2070 3228 quam
2101 3139 2218 3230 ﬁqui

2328 3161 2436 3215 τῶν
2463 3159 2671 3229 ἀρετῶν
2699 3148 3089 3228 ὑποδείγματα.

653 3234 1086 3316 ιείιιξίδίνειυιιι,
1118 3243 1302 3297 omnia
1362 3247 1622 3302 vicerunt.
1668 3249 2011 3307 Procrcatrix
2040 3254 2283 3309 omnium
2324 3255 2584 3310 malorum
2631 3262 2714 3307 est
2737 3251 2949 3305 luxnria
2995 3258 3049 3303 et
3087 3247 3315 3313 malitia,
3372 3245 3573 3317 quibus
3618 3236 3883 3296 obnoxius

648 3339 930 3394 nunquam
983 3328 1183 3383 videbit
1221 3331 1527 3389 Dominum.
1567 3337 1720 3402 Quod
1753 3340 1856 3394 sia
1911 3357 2087 3411 priore
2113 3344 2556 3406 abstinuerimus,
2623 3348 2677 3394 et
2729 3341 2782 3393 in
2815 3341 3017 3393 malitia
3082 3347 3262 3391 tamen
3304 3333 3840 3405 perseveraverimus

648 3416 858 3470 nullum
895 3417 1016 3473 inde
1053 3418 1286 3474 fructum
1336 3425 1632 3492 capiemus.
1676 3427 1933 3499 Exempla
1969 3433 2182 3487 timoris
2240 3433 2454 3488 Domini
2481 3449 2511 3485 a
2552 3431 2883 3500 principibus
2914 3444 3009 3482 seu
3057 3424 3462 3496 magistratibus
3491 3431 3544 3476 et
3605 3419 3738 3476 feris
3793 3431 3883 3474 su-

651 3523 887 3564 mamus.
918 3507 1176 3587 Desiderii
1209 3527 1334 3565 vero
1372 3528 1495 3578 erga
1556 3515 1726 3570 Deum
1753 3520 1984 3588 exempli
2023 3522 2143 3575 loco
2185 3523 2231 3576 si
2255 3524 2346 3575 tibi
2379 3521 2551 3588 turpis
2577 3521 2731 3573 arnor
2748 3532 3060 3587 corporum;
3089 3514 3223 3569 nihil
3260 3513 3406 3568 enim
3441 3511 3712 3580 prohibet,
3752 3523 3882 3580 quo-

649 3598 831 3651 minus
889 3600 1049 3653 etiam
1094 3616 1125 3654 e
1179 3603 1464 3658 contrariis
1490 3608 1732 3674 exempla
1764 3609 1829 3661 ad
1861 3609 2208 3664 dcclarandas
2239 3613 2464 3666 virtutes
2488 3620 2753 3677 petamus.

725 3685 892 3743 Valde
920 3699 1176 3760 corrupta
1200 3700 1282 3746 est
1300 3709 1541 3762 praesens
1559 3685 1960 3767 aetas,‘t'olaque
1988 3698 2131 3752 fastu
2162 3708 2217 3752 et.

654 3774 1094 3835 simu‘lationibus
1132 3781 1308 3850 plena,
1342 3783 1555 3840 labores
1594 3797 1849 3842 externos
1876 3789 2120 3858 corporis
2149 3788 2218 3842 ad

655 3880 862 3920 morem
886 3872 1179 3936 primorum
1212 3885 1494 3942 parentum
1535 3870 1766 3933 fortasse
1824 3879 2006 3949 aliquo
2057 3879 2219 3935 modo

656 3967 1068 4025 repraesentans,
1109 3964 1204 4018 sed
1241 3968 1550 4023 coelestibus
1575 3970 1870 4038 gratiarum
1905 3971 2064 4027 donis
2109 3987 2216 4026 non

656 4047 898 4117 dignata,
957 4053 1058 4105 etsi
1098 4068 1375 4124 nunquam
1409 4068 1649 4127 tempore
1674 4072 1834 4131 atque
1859 4079 2003 4118 nunc
2031 4065 2218 4134 gratiis

650 4139 766 4197 illis
790 4151 1037 4197 naturam
1070 4145 1365 4215 indiguisse
1393 4150 1720 4217 existimem;
1750 4166 1802 4208 et
1854 4158 2048 4212 merito
2075 4174 2090 4222 ;
2122 4173 2215 4212 ne-

656 4249 764 4303 que
791 4234 935 4288 enim
965 4235 1241 4291 laboribus
1270 4237 1430 4309 343
1479 4239 1642 4305 Deus,
1677 4245 1765 4297 sed
1789 4245 2128 4313 simplicitate
2165 4257 2222 4302 et

660 4325 967 4382 humilitate
1017 4328 1228 4398 capitur
1272 4341 1326 4383 et
1381 4330 1674 4384 invenitur.
1709 4332 1998 4397 Quamvis
2047 4338 2218 4390 virtus

661 4415 877 4472 Domini
908 4421 1297 4477 ininfirmitate
1323 4422 1656 4491 perﬁiciatur
1679 4424 1743 4486 “,
1765 4439 1870 4478 non
1895 4426 2100 4494 rejiciet
2148 4437 2222 4479 ta-

663 4519 786 4557 men
828 4505 1089 4564 Dominus
1113 4510 1372 4564 humilem
1418 4511 1748 4565 ministrum.
1783 4511 2010 4576 Quando
2033 4527 2096 4566 ex
2142 4511 2227 4565 lu-

663 4596 963 4650 ctatoribus
981 4601 1182 4653 nostris
1199 4601 1432 4669 aliquem
1450 4602 1830 4669 corporcfmale
1844 4601 2093 4656 allectum
2114 4618 2230 4656 eer-

664 4700 880 4749 nemus,
911 4701 1018 4739 non
1076 4689 1218 4742 illico
1265 4707 1328 4744 ex
1398 4692 1741 4759 improbitate
1785 4709 2004 4747 causam
2057 4693 2229 4745 morbi

665 4775 875 4828 discere
899 4776 1357 4840 studebimus,ncc
1410 4781 1628 4837 malitia:
1685 4783 1932 4837 morbum
1986 4783 2230 4853 assigna-

665 4865 868 4929 bimus,
895 4865 986 4919 sed
1017 4866 1344 4933 simplicitati
1373 4875 1805 4942 potius(exclusa
1827 4875 1974 4928 omni
1999 4876 2224 4941 malitia)

668 4953 929 5008 (liaritate
988 4963 1048 5007 ut
1102 4955 1376 5023 proprium
1429 4960 1864 5027 membrum,’et
1887 4964 2109 5018 militem
2160 4980 2226 5019 ex

667 5042 852 5111 prtelio
891 5044 1135 5097 saucium
1181 5052 1454 5114 receptum
1494 5053 1823 5107 curabimus.
1881 5052 1977 5108 Est
2003 5055 2226 5109 morbus

670 5151 697 5186 ιι
726 5131 833 5186 Deo
861 5143 1078 5201 propter
1107 5143 1451 5202 peccatorum
1482 5140 1668 5194 sordes
1699 5144 1990 5198 abluendas
2020 5145 2227 5200 immis-

670 5239 796 5288 sus;
825 5235 906 5278 est
943 5236 996 5279 et
1021 5227 1242 5283 morbus
1269 5228 1358 5297 qui
1378 5232 1442 5282 ad
1485 5230 1772 5286 elationem
1825 5238 1988 5290 animi
2041 5247 2227 5292 retun-

667 5317 900 5371 dendam
933 5317 1090 5371 valet.
1135 5319 1379 5388 Optimus
1406 5329 1459 5375 et
1487 5320 1936 5382 clementissimus
1969 5327 2230 5383 Dominus

669 5419 875 5474 noster,
911 5424 1017 5462 non
1051 5425 1171 5463 raro
1197 5427 1318 5465 cum
1377 5411 1588 5481 aliquos
1626 5415 1960 5472 remissiores
1999 5421 2050 5473 in
2111 5431 2229 5474 stu-

669 5502 762 5556 tlio
790 5503 1005 5571 pietatis
1036 5503 1202 5567 videt,
1233 5519 1327 5571 per
1351 5505 1631 5559 adversam
1687 5507 2066 5573 valetudinem,
2109 5523 2247 5566 tau-'

671 5608 832 5663 quam
862 5594 1155 5651 faciliorem
1187 5597 1622 5654 exercitationem
1658 5612 1855 5668 corpus
1911 5609 1964 5655 et
2011 5619 2225 5659 carnem

744 5752 784 5783 "’
813 5752 850 5805 ll
881 5756 984 5810 Cor
1042 5775 1134 5816 xtl.
1162 5761 1211 5811 9.

2388 3698 2800 3768 Πεπονήρευται
2829 3692 3134 3764 χαλεπῶςὴ
3165 3689 3417 3761 παροῦσα
3449 3689 3632 3758 γενεὰ,
3673 3687 3768 3742 καὶ
3792 3687 3881 3756 ὅλη

2317 3789 2551 3859 οἰήσεως
2604 3787 2699 3839 καὶ
2741 3784 3083 3855 ὑποκρίσεως
3126 3781 3520 3852 πεπλήρωται’
3556 3781 3760 3844 κόπους
3790 3780 3882 3849 μὲν

2318 3879 2658 3948 σωματικοὺς
2685 3877 2821 3930 κατά
2848 3876 2972 3938 τοὺς
3003 3873 3264 3944 ἀρχαίους
3289 3873 3531 3944 πατέρας
3557 3872 3715 3943 ήμῶν
3760 3871 3880 3934 ἴσως

2314 3968 2750 4039 ἐπιδεικνυμένη·
2790 3968 2900 4022 τῶν
2917 3968 2975 4021 δὲ
2998 3968 3355 4038 χαρισμάτων
3378 3967 3558 4020 αὐτῶν
3580 3967 3683 4020 οὐκ
3707 3965 3880 4031 ἀξιου-

2318 4063 2473 4133 μένη,
2512 4062 2713 4133 καίπερ
2744 4058 2918 4132 οἶμαι,
2954 4060 3148 4113 οὔποτε
3194 4060 3270 4122 ὼς
3310 4058 3404 4113 νῦν
3451 4061 3484 4132 ἡ
3539 4058 3700 4128 φύσις
3733 4075 3879 4128 χαρι-

2321 4154 2544 4223 σμάτων
2572 4154 2747 4206 ἐδέετο
2765 4169 2780 4184 ο
2803 4154 2895 4206 καὶ
2916 4151 3137 4215 εἰκότως
3169 4152 3535 4222 πεπόνθαμεν·
3569 4151 3629 4204 ού
3663 4150 3770 4220 γὰρ
3790 4147 3877 4202 κόν

2314 4261 2457 4308 ποις,
2485 4244 2598 4296 ἀλλ’
2642 4244 2906 4319 ἁπλότητι
2959 4244 3050 4296 καὶ
3091 4241 3420 4296 ταπεινώσει
3444 4241 3621 4304 όΘεδς
3651 4239 3876 4312 ἐμφανί-

2315 4335 2485 4398 ζεται.
2506 4335 2568 4388 Εἰ
2600 4335 2692 4389 καὶ
2715 4339 2747 4404 ὴ
2782 4336 3004 4406 δύναμις
3049 4334 3252 4404 Κυρίου
3283 4336 3341 4387 ὲν
3370 4333 3621 4404 ἀσθενείᾳ
3645 4331 3876 4385 τελειοῦ-

2323 4441 2437 4488 ται,
2457 4422 2605 4494 ὅμως
2630 4427 2691 4479 ού
2714 4427 2948 4480 κωλύσει
2969 4427 3169 4497 Κύριος
3191 4427 3432 4500 ἐργάτην
3463 4424 3877 4495 ταπεινόφρονα.

2342 4513 2570 4565 Ὀπόταν
2606 4516 2726 4567 τινὰ
2755 4516 2862 4567 τῶν
2913 4515 3158 4584 ἀθλητῶν
3182 4515 3358 4586 -ήμῶν
3394 4514 3735 4584 κακούμενον
3777 4530 3875 4566 σω-

2332 4601 2574 4670 ματικῶς
2603 4603 2924 4672 θεασώμεθα
2959 4607 3093 4675 (ιι),
3144 4606 3218 4677 μὴ
3255 4607 3321 4659 ὲκ
3370 4608 3633 4677 πονηρίας
3673 4605 3734 4659 τὸ
3760 4605 3873 4675 κρί-

2330 4710 2405 4761 μα
2444 4691 2545 4758 τῆς
2587 4693 2749 4758 αὐτοῦ
2791 4693 3074 4756 ἀσθενείας
3132 4696 3872 4765 μανθάνεινσπουδάσωμεν·

2329 4781 2530 4852 μᾶλλον
2576 4783 2632 4834 δὲ
2678 4781 2820 4854 ἁπλῇ
2869 4784 2961 4835 καὶ
3005 4785 3265 4854 ἁπονήρῳ
3307 4785 3514 4854 ἀγάπῃ,
3567 4786 3642 4847 ῶς
3683 4785 3873 4837 οἰκεῖον

2330 4873 2508 4942 μέλος,
2536 4875 2630 4925 καὶ
2652 4873 2726 4935 ῶς
2765 4873 3100 4943 στρατιώτην
3133 4875 3198 4924 ὲκ
3227 4872 3321 4925 τοῦ
3354 4875 3591 4943 πολέμου
3609 4874 3874 4943 πληγέντα

2321 4963 2603 5034 δεξάμενοι
2646 4962 3091 5032 θεραπεύσωμεν.
3141 4964 3331 5017 Ἔστιν
3369 4963 3621 5017 ἀσθένεια
3656 4963 3744 5016 διὰ
3783 4979 3874 5016 κα·

2323 5054 2589 5126 θαρισμδν
2651 5052 3026 5122 πταισμάτων,
3079 5053 3173 5106 καὶ
3218 5053 3336 5105 ἔστι
3381 5053 3467 5106 διὰ
3518 5053 3578 5106 τὸ
3620 5069 3874 5106 ταπεινω-

2325 5147 2481 5212 θῆναι
2514 5147 2571 5199 τὸ
2603 5146 2873 5215 φρόνημα.
2918 5144 2977 5196 '0
3001 5143 3203 5210 ἀγαθὸς
3245 5143 3402 5214 ἡμῶν
3440 5144 3532 5198 καὶ
3572 5140 3871 5210 πανάγαθος

2325 5237 2598 5307 Δεσπότης
2649 5236 2739 5288 καὶ
2767 5235 2967 5306 Κύριος
3004 5233 3139 5302 (42),
3182 5234 3383 5287 ὁπόταν
3434 5220 3690 5296 πολλάκις
3732 5229 3870 5292 τινὰς

2325 5329 2714 5400 ὀκνηροτέρους
2754 5329 2880 5398 περὶ
2915 5328 3014 5398 τὴν
3043 5325 3277 5395 ἄσκησιν
3321 5317 3603 5395 θεάσηται,
3631 5325 3698 5379 δι’
3719 5323 3871 5379 ἀσθεο

2326 5423 2474 5484 νείας
2500 5422 2704 5489 λοιπὸν,
2747 5422 2936 5492 ῶσπερ
2977 5421 3043 5473 δι’
3083 5419 3418 5494 ἀνετωτέρας
3461 5419 3747 5490 ἀσκήσεως
3783 5417 3871 5487 τὴν

2329 5514 2507 5582 σάρκα
2531 5516 2807 5567 ταπεινοῖ·
2838 5513 2951 5566 ἔστι
2975 5513 3032 5566 δὲ
3052 5513 3140 5566 ὅτε
3173 5511 3266 5565 καὶ
3297 5510 3394 5581 τὴν
3421 5509 3596 5580 ψυχὴν
3612 5507 3872 5580 λογισμῶν

2330 5604 2576 5673 πονηρῶν
2627 5604 2719 5658 καὶ
2779 5604 2968 5659 παθῶν
3020 5601 3360 5675 ἐκκαθαίρει.
3421 5601 3607 5656 Πάντα
3639 5602 3772 5672 ἡμῖν
3812 5594 3873 5651 τὰ
