4030 6342
184 434 311 497 1025

1088 404 1100 416 ’
1144 434 1375 495 SCALA
1430 435 1806 496 PARADISI.
1845 462 1913 473 -—
1944 437 2247 500 GRADUS
2266 400 2470 501 xxvi.

3264 453 3399 518 1026

182 545 538 618 συμϐαίνοντα
566 545 704 629 (45),
747 546 843 617 ἦτε
872 545 1063 617 ὀρατά,
1091 548 1184 617 ἦτε
1216 549 1445 617 ἀόρατα,
1490 550 1603 601 ἐστι
1642 552 1733 633 καὶ

1839 547 2106 613 humiliat,
2150 558 2203 603 et
2231 551 2558 619 quandoque
2581 553 2741 607 etiam
2800 557 3037 614 animam
3090 562 3159 614 ab
3192 562 3397 633 impro-

124 629 129 633 ’
178 635 366 701 καλῶς,
389 637 485 690 καὶ
515 635 800 706 ἐμπαθῶς,
835 638 930 688 καὶ
967 636 1146 706 μέσως
1188 637 1604 701 καταδέξασθαι.
1646 631 1734 688 Εἷ-

178 727 261 779 δον
292 730 441 798 τρεῖς
474 712 739 797 ἀδελφοὺς
778 727 1187 795 ζημιωθέντας⁸
1219 731 1312 781 καὶ
1359 732 1388 782 6
1420 729 1520 799 μὲν
1564 730 1736 798 ήγαν-

180 817 320 873 ἀκτει
350 858 367 883 ,
395 821 425 872 6
463 819 525 871 δὲ
555 819 770 888 ἔμεινεν
795 823 1019 882 ἄλυπος,
1053 820 1082 870 ὁ
1109 819 1167 871 δὲ
1214 819 1415 889 πολλὴν
1441 820 1539 891 τὴν
1560 818 1735 890 χαρὰν

177 891 557 977 προσελάϐετο.
587 907 740 965 Εἶδον
763 911 914 982 παρά
937 913 1203 981 γεωργοῖς
1231 911 1291 964 ἓν
1340 913 1561 982 σπέρμα
1604 913 1732 981 παρ’

176 998 502 1070 ἀμφοτέροις
557 1000 1029 1071 καταδαλλόμενον
1053 1041 1069 1064 ,
1118 1001 1254 1056 ἀλλά
1301 1005 1501 1056 σκοπὸν
1538 1005 1749 1073 οἰκεῖον,

176 1090 395 1151 ἕκαστος
423 1092 783 1161 tactum-0'6
828 1094 947 1164 μὲν,
988 1094 1075 1147 ἴνα
1112 1093 1180 1147 τά
1212 1094 1427 1147 -ὲαυτοῦ
1467 1094 1732 1148 ἀποδώσει

177 1180 342 1250 χρέησ
378 1183 407 1233 6
439 1180 498 1234 δὲ
531 1181 619 1235 ἴνα
646 1182 872 1236 πλοῦτον
907 1183 1081 1254 ἐαυτῷ
1115 1184 1421 1257 θησαυρίσῃ
1443 1202 1459 1218 ⁸
1504 1186 1532 1237 6
1570 1185 1627 1238 δὲ
1647 1185 1734 1239 ἶνα

176 1270 358 1342 δώροις
380 1271 476 1324 τὸν
523 1273 803 1344 Δεσπότην
846 1276 1083 1345 τιμήσῃ⁸
1112 1276 1140 1328 6
1178 1276 1235 1327 δὲ
1275 1275 1480 1345 ἕτερος,
1517 1277 1602 1327 ἵνα
1641 1276 1733 1327 ἐπὶ

175 1363 237 1432 τῇ
262 1360 560 1434 καλοεργία
608 1364 708 1416 τὸν
754 1365 906 1435 παρά
961 1365 1068 1417 τῶν
1108 1366 1533 1436 παρερχομένων
1568 1366 1626 1416 ὲν
1663 1368 1731 1436 τῇ

174 1451 270 1523 ὀδῷ
305 1452 399 1507 τοῦ
429 1454 549 1524 βίου
579 1455 799 1509 ἔπαινον
843 1458 1054 1529 θηράσῃ
1098 1446 1247 1528 (tt)-
1274 1458 1303 1510 6
1339 1459 1396 1511 δὲ
1436 1457 1524 1510 ἴνα
1570 1456 1734 1510 αὐτὸν

176 1544 359 1598 ἑαυτοῦ
404 1547 604 1616 ἐχθρὸν
636 1547 952 1618 ζηλώσαντα
992 1549 1152 1619 Θλίψῃ
1178 1549 1288 1620 (45)
1314 1565 1329 1578 ⁸
1366 1551 1395 1603 6
1425 1549 1501 1611 δὲ,
1541 1549 1629 1602 ἵνα
1655 1549 1731 1620 μὴ

174 1634 245 1701 ὡς
276 1637 445 1711 ἀργὸς
474 1638 629 1708 παρὰ
649 1639 757 1695 τῶν
792 1640 1094 1711 ἀνθρώπων
1115 1640 1441 1710 όνειδίζηται
1469 1640 1603 1709 (46).
1626 1632 1733 1692 A5-

175 1743 256 1779 ται
290 1728 345 1781 al
374 1710 487 1781 τῶν
519 1727 780 1798 γεωργῶν
811 1710 907 1782 τοῦ
940 1730 1140 1799 σπόρου
1184 1730 1549 1800 προσηγορίαι
1582 1746 1595 1761 ⁸
1637 1747 1732 1798 νη-

179 1817 337 1882 στεία,
402 1819 701 1888 ἀγρυπνία,
768 1818 1126 1889 ἐλεημοσύνη,
1182 1820 1468 1883 διακονίαι,
1521 1821 1616 1874 καὶ⁷
1665 1822 1731 1874 τά

1838 638 1922 689 bis
1944 630 2365 711 cogitationibus
2377 653 2428 696 ct
2450 644 2828 715 vitiositatibus
2845 661 3114 720 repurgat.
3133 630 3399 719 Quaecun-
3464 640 3469 645 ’

1834 743 1941 798 que
1967 731 2123 785 nobis
2148 734 2497 800 usuveniunt,
2531 738 2645 792 sive
2664 739 2835 794 oculis
2861 741 3103 811 subjecta
3134 748 3259 809 sint,
3288 746 3401 800 sive

1834 837 1943 876 non
1981 826 2111 889 sint,
2153 834 2246 879 aut
2276 842 2400 881 cum
2462 829 2665 893 virtute
2725 833 3079 900 recipiuntur,
3135 846 3228 889 aut
3275 852 3400 891 cum

1834 914 1987 981 vitio,
2030 925 2124 970 aut
2154 918 2335 974 medio
2373 920 2609 989 quodam
2643 922 2821 976 modo.
2858 922 2993 980 Tres
3023 925 3151 979 olim
3185 928 3407 995 religi0-'

1834 1018 1926 1058 sos
1951 1006 2063 1058 vidi
2091 1005 2283 1061 fratres
2331 1008 2471 1063 male
2526 1009 2692 1063 simul
2721 1023 2971 1079 acceptos
3004 1021 3061 1065 et
3121 1016 3400 1079 multatos,

1834 1112 2069 1167 quorum
2096 1100 2307 1168 primus
2337 1116 2450 1155 rem
2472 1102 2693 1173 indigne
2729 1106 2889 1171 tulit;
2922 1105 3056 1159 alter
3110 1105 3227 1160 sine
3283 1122 3403 1175 per-

1834 1190 2144 1246 turbatione
2169 1193 2428 1246 damnum
2457 1196 2703 1263 pertulit,
2759 1198 2950 1251 tertius
3000 1198 3188 1266 ingens
3239 1200 3401 1251 etiam

1834 1282 2092 1351 gaudium
2124 1286 2335 1339 retulit.
2366 1285 2486 1340 Vidi
2520 1289 2661 1356 apud
2694 1288 2959 1359 agricolas
2991 1290 3130 1343 idem
3177 1290 3403 1345 seminis

1834 1386 2003 1441 genus
2032 1389 2064 1427 a
2125 1375 2335 1430 duobus
2387 1379 2589 1446 spargi,
2651 1379 2744 1433 sed
2798 1380 3010 1434 diverso
3059 1381 3127 1433 ab
3176 1389 3404 1449 utroque

1835 1461 1941 1516 line
1980 1479 1995 1515 :
2027 1463 2097 1518 ab
2129 1465 2299 1519 altero
2333 1475 2392 1520 ut
2409 1469 2627 1521 nomina
2656 1469 2910 1522 creditori
2944 1486 3045 1525 suo
3063 1470 3401 1533 dissolveret,

1832 1549 1902 1601 ab
1925 1550 2095 1604 altero
2122 1561 2179 1604 ut
2233 1552 2280 1608 is
2334 1553 2621 1609 thesauros
2670 1555 2773 1609 sibi
2826 1569 3186 1626 compararet.
3210 1560 3324 1622 llle,
3347 1568 3407 1613 ut
3497 1592 3508 1602 ε

1830 1641 2113 1699 dominum
2154 1662 2311 1701 suum
2336 1650 2651 1705 muneribus
2677 1651 2915 1717 coleret;
2959 1652 3065 1716 hic,
3095 1662 3152 1707 ut
3179 1669 3246 1707 ex
3294 1655 3408 1709 ele-

1833 1735 1980 1805 ganti
2040 1738 2433 1806 agricolatione
2499 1743 2767 1797 laudema
2813 1744 3409 1818 transeuntibusm

1834 1825 1888 1878 in
1935 1827 2019 1880 via
2056 1835 2111 1881 et
2158 1830 2268 1881 vita
2310 1842 2696 1899 aucuparetur.
2735 1832 2847 1897 Ille,
2890 1842 2949 1888 ut
2989 1834 3197 1887 hostem
3244 1850 3406 1889 suum

176 1908 343 1975 ὃμοια.
377 1909 523 1971 Τοὺς
548 1908 606 1961 δὲ
631 1909 864 1971 σκοποὺς
887 1908 1180 1979 προθύμως
1195 1912 1253 1963 ὲν
1280 1911 1468 1980 Κυρίῳ
1503 1911 1553 1963 οί
1578 1911 1733 1964 ἀδελ-

1839 1917 2084 1971 aemulum
2101 1918 2311 1973 .invidla
2339 1928 2635 1990 torqueret,
2667 1924 2775 1990 hic,
2813 1934 2871 1979 ut
2897 1940 2967 1979 ne
3004 1925 3308 1980 desidiosus
3337 1927 3407 1979 ab

177 2000 258 2065 φοὶ
298 1998 680 2068 βασανίσουσιν
701 1999 836 2070 (4⁸1),
874 1999 1059 2071 ὥσπερ
1088 1996 1230 2071 ὕδωρ
1264 2002 1329 2054 ὲκ
1349 2001 1539 2070 πηγῶν
1562 2004 1734 2055 ἀπαν-

174 2088 435 2152 τλοῦντες.
461 2089 601 2160 (48),
631 2090 777 2145 ἔστιν
825 2092 913 2144 ὅτε
967 2090 1289 2162 λεληθότως,
1347 2093 1442 2145 καὶ
1489 2091 1583 2146 τὸν
1643 2092 1733 2147 λέ·-

175 2183 393 2253 γόμενον
449 2184 725 2255 βάτραχον
777 2185 1243 2257 συνηντλήσαμεν.
1291 2184 1479 2249 Οὕτως
1516 2186 1733 2249 καὶτὰς

175 2274 367 2346 ἀρετὰς
403 2278 798 2347 μετερχόμενοι
824 2277 1081 2340 πολλάκις
1121 2276 1617 2347 συμπεπλεγμένας
1636 2277 1734 2330 αύ-

174 2369 284 2431 ταίς
307 2367 532 2437 ἀφανῶς
554 2368 651 2431 τάς
675 2368 873 2430 κακίας
898 2367 1272 2440 μετερχόμεθα
1296 2384 1309 2399 ⁸
1336 2362 1449 2420 οἷόν
1470 2384 1521 2420 τι
1543 2368 1688 2434 λέγω
1714 2382 1729 2396 ⁸

174 2456 234 2526 τῇ
273 2454 545 2519 ξινοδοξία
575 2456 608 2526 ἡ
645 2456 1056 2526 γαστριμαργία
1111 2456 1526 2526 συμπέπλεκται
1570 2455 1684 2525 (49)
1714 2470 1727 2484 ⁸

173 2548 234 2617 τῇ
261 2548 451 2619 ἀγάπῃ
480 2548 516 2618 ή
550 2547 777 2620 πορνεία
800 2563 814 2579 ⁸
855 2548 923 2617 τῇ
950 2546 1221 2617 διακρίσει
1247 2548 1280 2615 ἠ
1305 2545 1546 2613 δεινότης
1578 2544 1689 2613 (50)
1714 2558 1729 2573 ⁸

173 2638 234 2707 τῇ
272 2638 536 2707 φρονήσει
569 2634 857 2706 ήπονηρία
881 2649 894 2663 ⁸
922 2636 989 2705 τῇ
1032 2635 1305 2715 πραΰτητι
1340 2635 1372 2704 fi
1408 2632 1728 2701 ὑπουλότηςν

175 2721 261 2776 καὶ
291 2723 591 2793 νωθρότης,
619 2724 714 2775 καὶ
743 2720 996 2792 ὀκνηρία,
1024 2723 1119 2775 καὶ
1140 2722 1439 2789 ἀντιλογία,
1474 2723 1568 2775 καὶ
1608 2722 1732 2773 ίδιοο

176 2811 392 2883 ρυθμία,
446 2815 542 2867 καὶ
574 2813 806 2883 ἀνηκοῒα
833 2831 846 2844 ⁸
880 2816 949 2885 τῇ
999 2814 1179 2884 σιωπῇ
1207 2814 1307 2886 τῆς
1332 2812 1675 2876 διδασκαλίας
1703 2814 1732 2864 6

173 2904 325 2973 ὗγκος
348 2923 363 2936 ⁸
390 2907 459 2975 τῇ
510 2905 658 2976 χαρᾷ
701 2904 880 2975 οἴησις
904 2922 916 2938 ⁸
943 2907 1011 2976 τῇ
1062 2905 1236 2957 ἑλπίδι
1282 2906 1315 2974 ή
1347 2904 1576 2975 όκνηρία
1607 2919 1622 2934 ⁸
1664 2904 1729 2974 τῇ

178 2995 360 3067 ἀγάπῃ
405 2994 572 3048 πάλιν
602 2995 664 3048 τὸ
722 2994 1072 3067 κατακρίνειν
1093 3011 1109 3026 ⁸
1132 2997 1198 3067 τῇ
1229 2996 1430 3066 ἡσυχία
1458 2997 1493 3066 ή
1536 2996 1731 3065 ἁκηδία

176 3086 263 3137 καὶ
307 3085 541 3155 όκνηρία
566 3098 580 3113 ⁸
618 3085 685 3153 τῇ
713 3083 906 3155 ἁγνείᾳ
937 3085 971 3155 ἡ
1018 3085 1209 3155 πικρία
1235 3101 1250 3115 ⁸
1276 3087 1341 3154 τῇ
1372 3099 1731 3153 ταπεινοφρο-

178 3175 300 3247 σύνῃ
374 3179 410 3247 ἡ
488 3176 805 3247 παρῤησίαο
857 3177 1063 3239 τούτοις
1144 3178 1200 3230 δὲ
1264 3179 1475 3240 πᾶσιν,
1543 3175 1731 3246 ὥσπερ

176 3269 343 3320 κοινὸν
374 3266 677 3338 κολούριον,
705 3265 904 3336 μᾶλλον
935 3267 993 3319 δὲ
1029 3267 1356 3336 δηλητήριον
1400 3269 1433 3336 ή
1461 3264 1732 3328 κενοδοξία

180 3359 485 3411 συνέπεται.
533 3358 625 3428 Μὴ
672 3356 1002 3426 λυπηθῶμεν
1045 3358 1355 3426 αίτούμενοι
1395 3358 1488 3409 τὸν
1530 3355 1734 3426 Κύριον

178 3452 469 3521 αἰτήματα,
503 3449 598 3502 καὶ
620 3448 715 3501 ἐπὶ
737 3446 963 3518 χρόνους
990 3447 1062 3517 μὴ
1087 3447 1518 3516 είσακυυόμενοι.
1551 3443 1735 3497 Ἐξού-

176 3551 289 3606 λετο
314 3551 424 3624 γὰρ
462 3551 668 3622 Κύριος
692 3550 901 3614 πάντας
940 3548 1258 3621 ἀνθρώπους
1303 3553 1361 3603 ἐν
1412 3551 1508 3620 μιᾷ
1545 3547 1736 3619 καιροῦ

180 3654 311 3725 ῥοπῇ
326 3653 560 3716 ἀπαθεῖς
585 3650 859 3721 γενέσθαι.
875 3650 1083 3715 Πάντες
1102 3653 1151 3704 οἱ
1175 3650 1484 3721 αἰτούμενοι
1514 3652 1579 3703 ὲκ
1602 3648 1736 3704 Θεοῦ

180 3753 243 3808 τὰ
264 3757 563 3826 αἰτήματα,
596 3753 692 3807 καὶ
724 3753 800 3823 μὴ
825 3751 1101 3816 λαὸόντες,
1133 3750 1222 3803 διὰ
1240 3750 1371 3819 μίαν
1400 3750 1604 3802 τούτων
1626 3747 1738 3801 τῶν

182 3852 360 3907 αἰτιῶν
386 3854 604 3914 πάντως
616 3850 676 3901 ού
697 3848 1029 3917 κομίζονται,
1055 3838 1091 3915 ἢν
1111 3846 1192 3897 ὅτι
1219 3844 1322 3913 πρὸ
1342 3845 1531 3913 καιροῦ
1551 3840 1736 3895 αἰτοῦ-

183 3944 324 4014 σιν,ἢ
351 3944 433 3996 ὅτι
455 3940 689 4006 ἀναξίως
710 3938 941 4004 αἰτοῦσι,
969 3937 1061 3991 καὶ
1094 3936 1404 4000 κενοδόξως,
1438 3935 1472 4006 ἢ
1496 3936 1576 3989 ὅτι
1602 3935 1740 4006 λαμ-

183 4035 425 4097 ῦάνοντες
460 4032 767 4102 ἐπαρθῆναι
795 4029 1039 4100 ἔμελλον,
1069 4029 1102 4099 ἢ
1136 4028 1358 4098 ἀμελεῖν
1391 4027 1575 4080 λοιπὸν
1606 4026 1741 4097 μετά

182 4126 266 4178 τδν
308 4125 403 4178 τοῦ
466 4124 765 4193 αίτήματος
814 4121 1023 4190 κτῆσιν.
1064 4118 1185 4171 Ὅτι
1237 4118 1335 4187 μὲν
1372 4116 1742 4186 ἀναχωροῦσιν

182 4221 230 4273 οί
268 4218 542 4289 δαίμονες,
592 4216 685 4269 καὶ
731 4213 803 4267 τά
849 4214 994 4284 πάθη
1039 4214 1105 4267 ὲκ
1149 4214 1248 4281 τῆς
1279 4211 1475 4281 ψυχῆς,
1507 4210 1537 4279 ἦ
1568 4207 1743 4275 καιρῷ

184 4310 364 4381 τινι,ἢ
408 4307 695 4379 διηνεκῶς,
738 4306 911 4368 οὐδεὶς
959 4304 1304 4374 ἀμφιϐάλλει,
1348 4298 1522 4371 οἶμαι.
1568 4299 1639 4352 Τὸ
1687 4299 1744 4352 δὲ

186 4404 245 4456 ἑκ
288 4402 469 4455 πόσων
511 4399 731 4470 τρόπων
777 4399 811 4466 ἡ
859 4397 1064 4449 τούτων
1107 4392 1452 4463 ἀναχώρησις
1495 4391 1553 4457 ἐξ
1586 4390 1745 4461 ἡμῶν

186 4493 381 4558 γίνεται
419 4492 591 4559 ὀλίγοι
615 4490 957 4550 ἐπίστανται.
997 4484 1374 4554 Ἀνεχώρησαν
1402 4482 1470 4536 τά
1499 4483 1645 4552 παθη
1680 4481 1744 4535 ἔκ

186 4600 336 4637 τινων
374 4582 436 4634 ού
496 4558 655 4650 μόνον
693 4576 919 4637 πιστῶν,
962 4573 1099 4627 ἀλλὰ
1135 4574 1225 4626 καὶ
1276 4574 1540 4637 ἀπίστων,
1589 4573 1741 4633 ἐκτὸς
1774 4558 1817 4614 D

187 4674 296 4737 ἑνὸς
328 4673 467 4743 (51),
497 4672 673 4723 ὲκείνο
686 4669 859 4739 μόνον
883 4665 1247 4720 καταλιπόντα
1275 4665 1454 4727 αὐτοῖς
1474 4665 1549 4728 ὡς
1574 4665 1742 4717 κακόν

185 4781 234 4819 τι
274 4762 577 4835 πρωτεῦον,
635 4760 732 4815 καὶ
768 4759 859 4813 τὸν
902 4759 1066 4813 τόπον
1110 4757 1327 4810 πάντων
1376 4753 1738 4825 ἀναπληροῦν,

186 4856 333 4927 εἰπερ
350 4854 605 4924 τοιαύτην
632 4852 894 4923 κέκτηται
920 4850 1017 4921 τὴν
1041 4849 1261 4920 βλάϐην,
1284 4847 1358 4911 ὡς
1379 4848 1471 4901 καὶ¹
1497 4848 1555 4911 ἐξ
1580 4848 1744 4917 ούρα-

186 4946 273 5002 νοῦ
292 4948 639 5015 κατενέγκαι.
683 4944 1052 5015 Ἀναλῑσκεται
1084 4942 1185 5012 ῦλη
1223 4943 1360 5011 πυρὶ
1406 4940 1534 5010 Θείῳ
1570 4940 1745 4994 δαπα-

186 5040 393 5111 νωμὲνη
425 5038 564 5110 (52),
598 5040 692 5092 καὶ
727 5038 830 5108 τῆς
866 5030 1043 5107 ψυχῆς
1080 5033 1461 5107 ὲκριζουμένη.
1504 5034 1747 5104 Ὑποχω-

191 5133 336 5201 ροῦσι
368 5131 620 5201 δαίμονες
657 5127 941 5192 ἑκουσίως,
990 5127 1362 5197 ἀμεριμνῆσαι
1398 5128 1749 5196 παρασκευά-

189 5222 362 5287 ζοντες
396 5264 413 5290 ,
446 5221 545 5277 καὶ
564 5220 829 5290 αίφνίδιον
855 5218 952 5289 τὴν
970 5219 1160 5272 ἀθλίαν
1184 5218 1361 5288 ψυχὴν
1389 5218 1746 5286 ἁρπάζοντες,

190 5317 279 5369 καὶ
316 5318 397 5379 είς
448 5317 617 5387 ἀκρον
660 5313 961 5382 ποιωθῆναι
1005 5314 1115 5375 τοῖς
1157 5312 1353 5365 πάθεσι
1399 5317 1751 5383 παρασκευά-

192 5406 389 5474 ζοντες,
418 5408 495 5472 ὡς
536 5405 786 5461 ὲντεῦοεν
805 5405 1192 5459 αύτεπίὸουλον
1224 5402 1389 5458 οὖσαν
1434 5406 1620 5459 λοιπὸν
1659 5410 1752 5461 καὶ

194 5495 599 5567 αὐτοπολὲμιον.
662 5492 794 5550 Οἶδα
858 5494 951 5546 καὶ
1021 5494 1187 5563 ἀλλην
1243 5492 1588 5563 ὑποχώρησιν
1644 5494 1752 5547 τῶν

192 5585 388 5659 θηρίων
424 5587 564 5657 μετά
605 5588 670 5640 τὺ
698 5586 919 5649 τελείως
950 5585 1234 5653 συνηθίσαι
1276 5585 1371 5654 τὴν
1410 5583 1584 5652 ψυχὴν
1617 5587 1750 5655 (55),

195 5680 597 5751 ήαὶῦπόδειγμα
620 5681 714 5734 τοῦ
736 5683 1024 5753 εἰρημένου
1043 5681 1109 5733 τὰ
1140 5680 1327 5748 νήπια·
1361 5678 1495 5747 μετὰ
1519 5678 1627 5747 γὰρ
1656 5682 1754 5748 τὴν

201 5773 411 5844 μακράν
435 5772 744 5841 συνήθειαν,
776 5774 868 5825 καὶ
902 5775 1069 5844 χωρὶς
1100 5773 1291 5843 μαζοῦ,
1318 5773 1378 5823 ἐκ
1408 5770 1515 5823 τῶν
1539 5772 1753 5824 οἰκείων

198 5865 461 5925 δακτύλων
488 5865 831 5938 οη).άξουσιν.
860 5862 988 5920 Οίδα
1016 5870 1107 5921 καὶ
1143 5868 1393 5937 πέμπτην
1427 5866 1481 5916 ὲν
1511 5867 1577 5933 τῇ
1608 5865 1750 5934 ψυχῇ

1834 2012 1957 2065 aliis
1986 2022 2323 2082 carperetur.
2352 2014 2475 2070 ιιωο
2526 2026 2655 2071 sunt
2715 2020 2982 2073 seminum
3029 2020 3099 2073 ab
3157 2020 3408 2089 agricolis

1834 2092 2146 2172 sparsorum
2188 2106 2409 2160 nomina
2442 2106 2768 2177 :ji-junium.
2790 2110 3004 2181 vigiliae,
3036 2111 3405 2181 eleemosyna,

1836 2195 2154 2262 ministeria,
2186 2207 2239 2251 et
2271 2200 2375 2254 hoc
2405 2214 2575 2271 genus
2606 2204 2729 2256 alia.
2761 2202 2946 2259 Finem
2972 2213 3150 2258 autem
3177 2215 3232 2258 et
3259 2221 3411 2259 men-

1836 2295 1962 2351 tem,
1994 2303 2100 2357 qua
2142 2290 2271 2359 quid
2297 2291 2517 2359 faciant,
2553 2294 2748 2349 fratres
2780 2296 3029 2352 alacriter
3057 2307 3110 2352 et
3161 2308 3411 2367 prompte

1835 2378 1888 2431 in
1929 2379 2155 2435 Domino
2208 2384 2618 2447 examinabunt,
2673 2401 2781 2440 non
2827 2402 2985 2443 secus
3010 2398 3169 2458 atque
3190 2391 3285 2454 illi,
3314 2390 3408 2459 qui

1834 2483 2053 2551 aquam
2086 2470 2329 2543 fontibus
2378 2474 2655 2533 hauriunt.
2694 2475 2829 2531 Nam
2880 2480 2940 2531 lit
2987 2480 3275 2548 aliquando
3328 2480 3408 2535 uti

1833 2561 1972 2613 clam
2029 2577 2126 2632 per
2180 2564 2601 2634 imprudentiam
2659 2583 2840 2635 ranas,
2880 2584 3017 2639 quas
3052 2571 3406 2641 appellamus,

1832 2650 1994 2705 simul
2022 2653 2357 2709 hauriamus.
2384 2656 2460 2710 Ita
2491 2657 2582 2727 qui
2625 2659 2898 2730 negotium
2938 2675 3061 2713 cum
3093 2662 3292 2717 virtute
3310 2663 3410 2717 lia-

1832 2742 2042 2811 bemus,
2069 2761 2209 2816 saepe
2245 2748 2462 2803 mistam
2538 2751 2750 2805 occulte
2798 2752 3035 2822 aliquam
3082 2753 3268 2809 virtuti
3330 2756 3414 2809 vi-

1831 2834 2123 2891 tiositatem
2185 2837 2494 2895 referimus.
2518 2840 2688 2907 Quale
2718 2854 2800 2899 est
2866 2845 3081 2914 quando
3127 2862 3251 2900 cum
3312 2846 3414 2901 ho-

1834 2928 2129 2997 spitalitate
2154 2925 2277 3001 gula
2319 2934 2614 3000 miscetur;
2640 2951 2763 2990 cum
2787 2938 3071 3001 charitate,
3111 2955 3265 2994 amor
3300 2956 3418 2994 car-

1834 3018 1949 3083 nis;
1975 3030 2099 3071 cutn
2152 3019 2511 3086 discretione,
2544 3018 2787 3078 vafritics
2826 3039 2920 3078 seu
2956 3025 3257 3084 calliditas:
3288 3042 3413 3081 cum

1833 3109 2134 3178 prudentia,
2166 3112 2411 3179 malitia;
2446 3128 2568 3168 cum
2619 3117 3057 3181 mansuetudine,
3094 3117 3303 3172 fallacia
3360 3128 3417 3173 et

1761 3234 1803 3290 ο
1838 3200 2049 3268 ignavia
2075 3211 2129 3256 et
2153 3190 2379 3257 tardl‘ias
2405 3213 2460 3257 et
2506 3206 2883 3269 contradictio,
2935 3216 2989 3260 et
3022 3210 3274 3277 proprius
3330 3210 3413 3262 vi-

1836 3289 1992 3342 vendi
2023 3298 2080 3343 ut
2113 3291 2244 3345 velis
2276 3307 2471 3347 sensus
2503 3302 2557 3347 et
2606 3295 2971 3350 inobedientia
2992 3340 3006 3363 ,
3048 3312 3170 3351 cum
3198 3298 3415 3354 silentio

1836 3382 2137 3450 magisterii
2167 3384 2515 3452 supercilium
2545 3394 2599 3438 et
2622 3386 2815 3451 faStus,
2849 3403 2972 3441 cum
3026 3389 3220 3458 gaudio
3249 3391 3414 3445 elatio

1837 3479 2024 3544 animi,
2060 3493 2183 3532 cum
2222 3493 2317 3547 spe
2344 3478 2595 3548 pigritia;
2627 3494 2749 3537 cum
2799 3482 3060 3538 charitate
3092 3500 3307 3540 rursum
3337 3496 3417 3541 te-

1839 3572 2129 3624 merarium
2160 3570 2425 3639 judiciqu
2454 3587 2468 3637 ;
2513 3587 2635 3625 cum
2674 3573 2854 3642 quiete
2884 3574 3088 3631 desidia
3115 3587 3167 3631 et
3194 3577 3415 3646 quidam

1839 3662 2003 3716 animi
2036 3677 2257 3731 torpor;
2286 3678 2408 3717 cum
2456 3665 2703 3719 castitate
2724 3669 3065 3732 amaritudo;
3090 3684 3210 3723 cum
3237 3670 3419 3723 humi-
3447 3677 3453 3682 “

1839 3750 1989 3804 litate
2040 3751 2208 3804 nimia
2268 3749 2622 3815 conﬁdentia;
2667 3763 2722 3807 et
2790 3754 2903 3809 haec
2959 3772 3177 3811 rursum
3232 3760 3415 3813 omnia

1840 3842 2003 3896 veluti
2052 3857 2345 3897 commune
2402 3843 2857 3898 medicamentum
2913 3857 2968 3899 et
2989 3847 3270 3917 collyrium
3317 3865 3412 3903 seu

1839 3935 2020 4005 potius
2046 3950 2313 3990 venenum
2360 3936 2655 3991 comitatur
2688 3953 2825 3992 vana
2852 3938 3040 4009 gloria.
3067 3940 3182 3996 Non
3219 3943 3416 4013 afﬂigat

1844 4042 1943 4083 nos
1960 4027 2005 4083 si
2029 4027 2290 4082 Dominus
2307 4028 2574 4097 postulata
2606 4039 2789 4083 nostra
2820 4045 3111 4103 precesque
3123 4036 3187 4088 ad
3202 4042 3415 4105 tempus

1843 4136 1948 4172 non
1975 4121 2247 4184 exaudiat,
2277 4121 2439 4174 vellet
2462 4121 2608 4175 enim
2664 4120 2929 4180 Dominus
2952 4141 3139 4182 omnes
3162 4130 3417 4183 mortales

1841 4226 1952 4265 uno
1976 4213 2236 4281 temporis
2260 4223 2536 4267 momento
2550 4214 2619 4269 ab
2639 4217 2895 4272 omnibus
2916 4219 3077 4272 animi
3096 4222 3418 4287 perturbati—

1844 4306 2043 4359 onibus
2059 4306 2258 4359 liberos
2274 4305 2411 4360 fieri.
2434 4306 2755 4376 Quicunque
2776 4324 2804 4361 a
2824 4308 2929 4363 Deo
2978 4310 3179 4378 aliquid
3206 4322 3420 4382 petunt,

1845 4408 1899 4453 et
1929 4414 2033 4461 non
2065 4399 2379 4468 impetrant,
2405 4400 2475 4453 ob
2526 4416 2685 4451 unam
2718 4400 2953 4467 aliquam
2983 4416 3048 4456 ex
3078 4403 3163 4457 his
3196 4419 3419 4461 causam

1846 4492 2006 4563 355
2038 4492 2091 4546 id
2120 4492 2233 4547 fieri
2273 4502 2477 4547 certum
2509 4500 2627 4557 est;
2658 4491 2737 4545 vel
2762 4493 2909 4561 quod
2941 4504 3065 4549 ante
3097 4504 3312 4573 tempus
3366 4501 3421 4555 td

1847 4591 2049 4651 petant,
2098 4583 2183 4637 vel
2234 4596 2339 4635 non
2397 4580 2577 4634 debito
2627 4582 2787 4635 modo
2823 4592 3043 4652 petant;
3081 4586 3163 4641 vel
3192 4604 3255 4643 ex
3281 4605 3422 4644 vana

1846 4671 2016 4739 gloria
2051 4689 2066 4738 ;
2102 4671 2182 4725 vel
2214 4670 2357 4738 quod
2382 4669 2435 4722 in
2467 4671 2777 4739 superbiam
2819 4673 3160 4743 efferrentur,
3192 4681 3237 4734 si
3272 4679 3420 4748 quod

1847 4779 2036 4839 petunt
2092 4770 2481 4838 impetrarent;
2532 4770 2616 4823 vel
2657 4770 2943 4839 impetrato
2980 4782 3103 4823 veto
3134 4770 3346 4822 desides
3367 4777 3422 4822 et

1849 4862 2180 4932 negligentes
2204 4860 2415 4915 fierent.
2454 4860 2612 4927 Quod
2644 4864 2917 4917 da-mones
2954 4871 3006 4915 et
3034 4861 3159 4913 vitia
3192 4858 3422 4913 subinde

1848 4969 1913 5007 ex
1966 4952 2145 5006 anima
2193 4953 2409 5017 cedant,
2473 4962 2528 5009 et
2575 4955 2654 5008 vel
2677 4955 2743 5009 ad
2776 4962 3007 5021 tempus,
3042 4951 3195 5003 velin
3226 4964 3420 5018 perpe-

1852 5054 2003 5103 tuum
2050 5043 2331 5098 nobiscmu
2394 5045 2641 5101 inducias
2701 5045 2919 5107 faciant,
2970 5042 3170 5104 nullus,
3207 5041 3420 5109 opinor,

1850 5136 2082 5191 dubitat.
2145 5134 2289 5199 Quot
2335 5146 2515 5192 autem
2552 5138 2731 5191 modis
2763 5136 2972 5191 illorum
2996 5148 3025 5185 a
3055 5131 3211 5185 nobis
3240 5147 3424 5188 reces-

1852 5243 1943 5282 sus
2011 5226 2119 5288 fiat,
2172 5228 2426 5295 perpauci
2500 5238 2717 5282 norunt.
2787 5228 3143 5281 llecesserunt
3194 5224 3321 5278 vitia
3356 5240 3425 5279 ex

1853 5319 2179 5390 quibusdam
2207 5334 2314 5373 non
2344 5321 2519 5376 solum
2554 5320 2916 5381 credentibus,
2949 5315 3041 5370 sed
3101 5316 3262 5370 etiam
3316 5332 3424 5370 non

1853 5409 2217 5473 credentibus,
2251 5424 2476 5481 excepto
2513 5428 2643 5475 uno,
2673 5409 2814 5479 quod
2850 5410 2901 5460 in
2942 5407 3251 5461 hominibus
3292 5406 3423 5458 reli-

1854 5511 2111 5573 querunl,
2147 5512 2208 5556 ut
2238 5519 2303 5556 ex
2336 5503 2588 5557 omnibus
2616 5499 2762 5553 vitiis
2826 5498 3056 5568 capitale
3104 5506 3420 5550 cmtemrum

1855 5593 2096 5649 omnium
2154 5596 2325 5649 vicem
2380 5604 2432 5647 et
2494 5594 2670 5646 loeum
2732 5591 2995 5660 impleret,
3062 5589 3277 5656 quando
3312 5595 3422 5639 tam

1858 5683 2077 5737 noxium
2134 5694 2185 5737 et
2246 5684 2499 5754 pestilens
2556 5693 2659 5746 est,
2697 5691 2756 5736 ut
2781 5683 2941 5736 etiam
2974 5696 3001 5733 e
3028 5678 3164 5731 cmlo
3194 5676 3427 5740 dejicere

1858 5775 2047 5845 possit.
2109 5775 2428 5831 Absumitur
2479 5775 2702 5829 materia
2754 5776 2769 5843 (
2803 5769 3037 5841 peccati)
3069 5770 3186 5831 igne
3217 5768 3426 5821 caelesti

1859 5868 2148 5931 exhausta,
2186 5876 2239 5923 ct
2286 5882 2348 5919 ex
2392 5866 2573 5920 anima
2604 5864 2863 5919 radicitus
2909 5859 3188 5914 convulsa.
3213 5857 3426 5912 Daemo-
