4030 6342
606 428 732 492 1027

1837 428 2236 490 SJOAXNIS
2282 409 2586 489 CLIMACI

3635 421 3649 427 ”
3710 435 3851 500 1028

600 553 696 588 ιιι-ς
743 545 933 604 sponte
968 549 1026 589 se
1072 535 1402 596 subducunt,
1432 544 1490 588 ut
1527 549 1627 588 nos
1666 548 1890 588 securus
1932 536 2150 587 reddam

2280 538 2568 606 ἀπάθειαν,
2599 540 2680 593 ἔτι
2704 542 2763 606 ἐξ
2783 542 3080 613 ἁπλότητος
3110 544 3308 616 πολλῆς
3334 547 3427 598 καὶ
3456 547 3553 600 ἀκε
3564 544 3855 619 ραιότητος

603 636 657 679 rt
727 636 945 694 repente
1001 627 1258 680 miseram
1321 627 1556 679 animam
1610 626 1884 689 invadant,
1921 627 2174 694 vitiisque

594 714 729 767 adeo
782 717 1040 770 atrociter
1099 725 1472 784 corrumpant,
1535 724 1592 768 ut
1638 715 1750 783 ipsa
1786 715 1890 770 sibi
1919 715 2173 784 deinceps

597 805 881 859 insidietur
927 816 980 860 et
1033 806 1208 861 hostis
1236 806 1348 860 (iul.
1383 804 1517 859 Novi
1541 815 1594 860 et
1636 806 1794 860 aliam
1830 807 2021 860 harum
2064 806 2171 860 bel-

597 899 808 950 luarum
858 913 915 950 se
967 897 1300 951 subducendi
1351 908 1546 960 artem,
1607 906 1959 966 posteaquam
1990 896 2171 950 anima

597 989 739 1041 vitiis
814 988 1026 1056 penitus
1089 988 1348 1043 assuevit.
1417 987 1746 1042 Documento
1811 987 1938 1042 dicti
2003 987 2171 1042 nostri

597 1088 756 1132 sunto
790 1079 1043 1142 infantes,
1065 1079 1158 1147 qui
1194 1088 1312 1146 post
1333 1079 1544 1148 longam
1573 1080 1795 1148 sugendi
1822 1080 2171 1134 consuetudi-

597 1185 719 1220 nem
757 1180 810 1222 et
851 1170 962 1238 jatn
1004 1170 1204 1239 repulsi
1235 1170 1304 1223 ab
1356 1171 1517 1224 ubere
1577 1171 1786 1232 matris,
1840 1185 1968 1224 suos
1997 1171 2172 1225 adhuc

594 1257 788 1326 digitos
843 1268 1067 1328 sugunt.
1116 1258 1234 1312 Non
1295 1260 1483 1328 ignoro
1533 1261 1779 1329 quintam
1831 1276 2050 1330 quoque
2103 1262 2157 1314 in

592 1351 776 1404 animo
815 1366 844 1404 a
887 1352 1384 1419 perturbationibus
1415 1345 1834 1422 quietetn,'quae
1885 1367 1951 1408 ex
1999 1352 2170 1406 multa

593 1445 943 1513 simplicitate
970 1445 1297 1516 laudataque
1333 1447 1640 1516 integritate
1685 1456 1848 1516 atque
1907 1447 2168 1501 innocen-

594 1537 668 1589 tia
693 1547 908 1592 constat
939 1557 951 1591 :
980 1539 1194 1592 Justum
1223 1541 1363 1591 enim
1390 1539 1721 1603 adiutorium
1749 1540 1830 1593 Itis
1851 1556 1883 1592 a
1921 1539 2168 1605 Domino,

589 1625 683 1694 qui
741 1627 913 1681 salvos
961 1629 1086 1695 facit
1130 1638 1296 1680 rectos
1354 1627 1510 1681 corde
1567 1629 1634 1691 ³⁷,
1667 1637 1849 1682 etnon
1876 1630 2170 1683 sentientes

591 1716 782 1771 liberat
835 1733 866 1772 a
928 1718 1091 1789 346
1155 1717 1314 1772 malis
1353 1718 1831 1786 :quaudoquident
1862 1728 1916 1772 et
1938 1717 2170 1774 infantes

587 1809 735 1864 exuti
765 1810 1007 1864 vestibus
1049 1825 1107 1863 se
1143 1809 1318 1862 nudos
1347 1824 1470 1863 esse
1517 1824 1708 1879 parum
1762 1812 2020 1865 sentiunt.
2059 1809 2171 1863 Ma-

2275 631 2694 700 ἑπαινουμένους
2733 635 3114 706 συνισταμένη.
3152 639 3357 690 Δικαία
3391 639 3500 706 γὰρ
3532 639 3570 706 ἡ
3593 639 3853 704 βοήθεια

2273 716 2398 782 τοῖς
2450 720 2742 786 τοιούτοις
2799 723 2954 790 παρὰ
3006 723 3154 778 Θεοῦ
3197 725 3304 780 τοῦ
3352 725 3647 792 σώζοντος
3704 730 3853 796 τοὺς

2271 809 2466 875 εὐθεῖς
2494 810 2582 878 ζτῇ
2619 813 2849 880 καρδίᾳ,
2885 815 2979 866 καί
3030 816 3446 888 ἀνεπαισθήτως
3493 814 3692 881 αὖτοὺς
3740 818 3850 872 τῶν

2272 895 2457 947 κακῶν
2501 895 2932 962 ἀπαλλάττοντες
2961 915 2979 929 ο
3025 899 3184 972 εἴπερ
3238 903 3332 956 καὶ
3372 903 3439 957 τά
3476 905 3647 974 νήπια
3688 906 3850 960 ἐκδυ-

2275 981 2440 1037 θέντα
2466 984 2526 1036 οὐ
2562 986 2704 1038 πάνυ
2737 985 3093 1053 γινώσκουσι.
3119 991 3302 1043 Κακία
3322 993 3420 1060 μὲν
3452 992 3585 1062 (54),
3609 993 3643 1063 ἦ
3675 994 3850 1056 πάθος

2290 1075 2539 1140 φυσικῶς
2572 1079 2628 1128 ὲν
2656 1079 2724 1147 τῇ
2758 1078 2916 1146 φύσει
2942 1079 3002 1130 οὐ
3029 1080 3268 1147 πέφυκεν
3296 1082 3414 1136 ὀὐκ
3443 1083 3557 1136 ἔστι
3589 1083 3696 1154 γὰρ
3726 1101 3850 1136 κτι-

2275 1169 2406 1239 στὴς
2437 1170 2626 1224 παθῶν
2665 1173 2695 1225 ὀ
2728 1171 2859 1234 Θεός
2896 1189 2908 1201 ·
2944 1174 3134 1244 ἀρεταὶ
3171 1175 3228 1227 δὲ
3264 1176 3422 1244 φύσει
3443 1181 3539 1232 καὶ
3568 1179 3771 1232 πολλαὶ
3790 1179 3850 1231 ὲν

2273 1258 2404 1326 ἡμῖν
2429 1260 2558 1325 παρ’
2589 1260 2752 1312 αὐτοῦ
2783 1263 3089 1330 γεγόνασιν,
3123 1265 3183 1328 ἐξ
3203 1259 3277 1319 ὧν
3303 1269 3409 1319 εἰσι
3436 1270 3532 1322 καὶ
3555 1264 3716 1324 αὗται
3749 1285 3849 1320 σα-

2273 1349 2387 1416 φῶς
2407 1369 2420 1380 ·
2457 1352 2490 1419 ἡ
2539 1351 2895 1424 ἐλεημοσύνη,
2934 1353 3094 1426 εἴπερ
3123 1357 3216 1409 καὶ
3238 1357 3493 1429 Ἕλληνες
3525 1360 3849 1430 συμπαθοῦ-

2272 1457 2384 1494 σιν·
2416 1443 2450 1511 ἡ
2477 1443 2689 1512 ἀγάπη,
2715 1444 2872 1515 εἰπερ
2909 1446 3002 1499 καὶ
3028 1446 3102 1499 τὰ
3131 1447 3301 1516 άλογα
3326 1449 3440 1512 ζῶα
3469 1450 3725 1513 πολλάκις
3755 1451 3850 1504 ἐπὶ

2269 1535 2334 1602 τῇ
2374 1536 2621 1604 στερήσει
2645 1535 2887 1606 ἀλλήλων
2925 1537 3245 1609 ἐδάκρυσαν.
3285 1539 3350 1592 Ἦ
3388 1540 3602 1604 πίστις·
3643 1542 3848 1606 πάντες

2271 1624 2378 1696 γὰρ
2401 1624 2460 1688 ἐξ
2487 1627 2698 1681 ἑαυτῶν
2726 1627 2930 1700 ταύτην
2963 1631 3347 1701 ἀποτίκτομενο
3392 1631 3562 1700 ἐλπὶς,
3603 1634 3727 1686 ἐπεὶ
3752 1633 3849 1686 καὶ

2270 1715 2656 1787 δανειζόμενοι,
2671 1719 2765 1772 καὶ
2784 1721 3057 1787 πλέοντες,
3076 1723 3171 1777 καὶ
3201 1723 3512 1794 σπείροντες
3544 1724 3847 1795 πλουτῆσαι

2270 1808 2586 1879 ἐλπίζομεν.

587 1899 700 1954 litia
745 1909 798 1955 et
849 1903 976 1956 vitia
1001 1903 1316 1956 naturaliter
1342 1902 1396 1956 in
1433 1913 1627 1958 natura
1679 1919 1786 1958 non
1859 1913 2006 1968 sunt,
2075 1917 2251 1974 neque
2286 1902 2426 1959 Deus
2471 1906 2724 1960 vitiorum
2777 1918 2966 1964 auctor
3023 1920 3125 1964 est.
3166 1909 3402 1968 Virtutes
3433 1921 3610 1967 autem
3645 1921 3846 1968 natura

586 1991 769 2046 multa:
800 1994 956 2048 nobis
979 1993 1047 2047 ab
1077 1993 1166 2046 illo
1196 1992 1374 2046 inditae
1400 2004 1546 2057 sunt,
1581 2007 1649 2046 ex
1707 1995 1908 2062 quibus
1966 1993 2083 2047 ista:
2132 1993 2414 2046 manifeste
2447 2003 2576 2047 sunt
2629 2010 2643 2046 :
2677 1993 3066 2062 Misericordia,
3100 1999 3319 2068 quando
3369 1997 3459 2052 illa
3510 2007 3565 2052 et
3615 2013 3848 2069 pagana

583 2093 772 2153 gentes
812 2093 1106 2150 tanguntur
1135 2101 1150 2136 :
1177 2083 1435 2147 cbaritas,
1476 2084 1522 2137 si
1554 2083 1770 2150 quidem
1831 2099 1934 2135 non
1978 2097 2100 2156 raro
2149 2090 2203 2135 et
2237 2082 2408 2135 bruta:
2439 2082 2744 2140 animantes
2776 2087 2922 2153 quod
2960 2086 3166 2140 orbata:
3220 2095 3405 2140 essent
3457 2084 3510 2157 [a
3549 2103 3608 2141 se
3651 2089 3847 2142 mutu0

583 2171 810 2225 divulsa:
847 2170 904 2242 ],
953 2171 1262 2240 lacryntatze
1327 2179 1472 2225 sunt.
1530 2169 1710 2234 Fides,
1768 2186 1960 2224 omnes
2024 2171 2165 2223 enint
2208 2169 2350 2223 hanc
2407 2185 2472 2224 ex
2536 2172 2694 2227 nobis
2733 2173 2866 2242 ipsis
2904 2175 3291 2245 progiguimus.
3325 2176 3478 2247 Spes,
3528 2192 3655 2231 nam
3715 2194 3843 2233 cum

584 2273 833 2321 mutuum
899 2265 1199 2334 accipimus
1257 2274 1352 2319 aut
1402 2264 1617 2330 damus,
1653 2274 1706 2317 et
1751 2265 2093 2333 navigamus,
2131 2272 2185 2318 et
2223 2264 2474 2324 serimus.
2533 2280 2814 2335 speramus
2869 2268 3110 2324 futurum
3140 2280 3198 2325 ut
3245 2271 3589 2326 ditcscamus.

647 2356 788 2413 Cum
841 2372 995 2425 ergo,
1049 2358 1126 2411 uti
1181 2358 1615 2412 demonstratum
1655 2368 1760 2422 est,
1793 2357 2033 2412 citat-itas
2063 2370 2154 2408 na-

2333 2355 2395 2407 Εἰ
2442 2357 2641 2420 τοίνυν,
2691 2359 2769 2422 ὼς
2814 2360 3210 2424 ἀποδέδεικται,
3255 2365 3290 2432 ἡ
3333 2363 3521 2432 ἀγάπη
3551 2365 3718 2433 φύσει
3747 2364 3845 2418 καὶ

579 2455 701 2501 tura
758 2446 1042 2514 virtusque
1079 2445 1239 2499 nobis
1297 2445 1464 2499 insita
1524 2445 1616 2512 sit,
1645 2455 1699 2500 et
1729 2447 1844 2500 hac
1881 2444 2162 2499 vinculum

579 2535 712 2606 legis
771 2539 936 2604 atque
1009 2533 1269 2604 perfectio
1318 2534 1410 2598 sit,
1459 2535 1701 2604 perfecto
1721 2538 1828 2591 udu
1867 2535 2057 2604 procul
2091 2534 2161 2591 ab

576 2637 777 2682 natura
817 2627 1020 2680 absunt
1056 2626 1281 2680 virtutes
1313 2626 1442 2696 [non
1487 2627 1680 2682 aliena:
1709 2636 1836 2680 sunt
1875 2639 1926 2687 α,
1967 2633 2159 2680 natura

576 2717 852 2790 virtutes],
879 2727 938 2772 ut
1001 2719 1196 2772 merito
1229 2718 1556 2771 erubescant
1586 2717 1622 2770 ii
1658 2718 1750 2786 qui
1798 2717 1851 2770 in
1893 2717 2156 2770 virtutum

563 2808 968 2862 exercitatione
995 2807 1420 2861 imbecillitatem
1445 2821 1599 2860 suam
1657 2815 1976 2874 praetexunt.
2046 2803 2157 2858 Na-

574 2911 712 2956 tura:
775 2902 918 2956 vires
978 2899 1246 2955 excedunt
1271 2900 1519 2963 castitas,
1565 2901 1656 2952 ira:
1690 2899 1938 2960 victoria,
1971 2898 2156 2950 humi-

574 2995 720 3058 litas,
760 2995 961 3058 oratio,
999 2993 1219 3061 vigilia,
1239 2993 1534 3062 jejunium,
1569 3003 1827 3062 perpetua
1889 3007 2157 3060 compun-

572 3087 704 3140 ctio.
740 3085 816 3137 Ex
847 3085 914 3138 iis
949 3086 1086 3138 alias
1116 3084 1386 3148 homines,
1425 3085 1561 3139 alias
1604 3084 1800 3153 angeli,
1857 3084 1993 3140 alias
2046 3084 2158 3150 ipse

577 3176 725 3231 Deus
755 3175 992 3229 Verbum
1030 3176 1190 3229 docet
1218 3183 1272 3228 ct
1294 3174 1542 3243 largitur.
1584 3173 1661 3226 Ex
1705 3173 1974 3226 malorum
2005 3187 2156 3226 com-

570 3269 852 3338 paratione
896 3267 1078 3320 minus
1105 3276 1161 3320 et
1191 3265 1366 3320 levius
1413 3265 1720 3335 eligendum
1783 3273 1886 3320 est.
1955 3265 2156 3331 Quent-

569 3356 860 3411 admodum
918 3371 1060 3426 saepe
1115 3356 1386 3421 usuvenit,
1447 3365 1504 3409 ut
1542 3357 1713 3410 'nobis
1765 3355 1906 3409 inter
1964 3370 2154 3424 preces

571 3448 682 3501 Deo
746 3447 1130 3502 assistentibus
1178 3447 1452 3515 peregrini
1501 3445 1699 3500 fratres
1741 3446 1808 3500 ad
1840 3462 1939 3500 nos
1971 3446 2152 3499 diver-

570 3546 707 3598 tant,
777 3552 902 3590 cum
933 3552 996 3590 ex
1025 3537 1245 3590 duobus
1284 3537 1604 3590 alterutrum
1646 3536 1807 3590 nobis
1841 3535 2154 3603 relinquenc

567 3629 696 3681 dum
739 3637 844 3691 est,
895 3636 989 3681 aut
1041 3628 1485 3696 interrumpenda
1518 3627 1716 3694 oratio,
1745 3635 1840 3681 aut
1867 3627 2148 3696 religiosus

567 3719 734 3772 frater
793 3719 998 3788 absque
1057 3719 1384 3772 salutatione
1416 3727 1467 3772 et
1503 3718 1742 3787 alloquio
1767 3717 2140 3782 dimittendus,

565 3819 620 3864 et
645 3809 860 3863 tristitia
881 3807 1226 3864 allicieudus.
1266 3807 1436 3877 Major
1461 3809 1707 3862 oratione
1741 3818 1824 3863 est
1853 3810 2090 3861 eliaritas
2124 3824 2138 3860 :

567 3902 656 3955 illa
679 3902 823 3954 enim
847 3901 976 3970 quid
1015 3902 1283 3968 privatum
1314 3907 1416 3961 est,
1441 3900 1555 3952 haec
1580 3912 1760 3952 autem
1793 3914 1986 3952 omnes
2048 3915 2142 3968 ge-

566 3991 797 4045 neratim
859 3992 1081 4045 virtutes
1136 3990 1534 4056 complectitur.
1590 3989 1704 4060 Ego
1760 3995 1885 4043 cum
1965 3991 2144 4044 adhuc

562 4083 748 4152 junior
801 4097 1000 4147 essent,
1031 4081 1160 4134 olim
1203 4083 1476 4136 civitatem
1537 4092 1629 4137 aut
1654 4082 1815 4154 347
1852 4083 2030 4136 vicum
2062 4083 2146 4136 in-

563 4187 806 4242 gressus,
857 4171 982 4225 dum
1033 4172 1101 4225 ad
1153 4188 1396 4226 mensam
1430 4175 1672 4228 sederem
1715 4177 1782 4228 ab
1806 4174 1942 4243 gula:
1979 4174 2142 4230 simul

562 4266 618 4316 et
678 4277 829 4316 vana:
873 4262 1058 4332 gloria:
1096 4263 1518 4330 cogitationibus
1574 4274 1892 4332 occupatus,
1921 4274 1974 4319 et
2005 4266 2142 4335 gulae

563 4353 823 4406 i'abicntis
886 4367 984 4407 seu
1045 4352 1276 4407 furentis
1306 4353 1610 4422 improbam
1653 4354 1963 4422 progeniem
1999 4355 2142 4407 veri-

561 4450 672 4504 tus,
735 4441 900 4494 malui
933 4455 1084 4495 vaure
1110 4441 1296 4511 glorite
1321 4443 1699 4496 succumbere.
1743 4440 1941 4496 Noram
1983 4458 2083 4513 ego
2110 4458 2141 4496 a

561 4529 705 4583 malo
757 4529 961 4582 ventris
1016 4530 1194 4596 genio,
1251 4545 1401 4583 ranae
1431 4529 1617 4598 gloriae
1652 4529 1951 4582 dannonent
1984 4527 2142 4596 inju-

562 4621 789 4675 venibus
846 4632 1187 4690 superatum,
1253 4631 1307 4674 et
1363 4636 1476 4673 non
1541 4621 1834 4675 immerito.
1898 4619 2035 4673 Nam
2083 4632 2142 4674 ut

560 4712 703 4780 apud
758 4726 852 4766 eos
902 4710 996 4781 qui
1037 4709 1090 4764 itt
1123 4712 1326 4766 saeculo
1367 4711 1590 4781 degunt,
1617 4712 1843 4766 avaritia
1873 4723 1956 4768 est
1988 4711 2139 4766 radix

558 4805 803 4860 omnium
863 4805 1151 4870 malorum,
1215 4807 1286 4860 ita
1315 4805 1367 4860 in
1394 4807 1655 4876 religione
1687 4807 1831 4876 gula.
1867 4807 2139 4862 Laborant

559 4897 660 4949 viri
687 4896 921 4966 religiosi
946 4907 999 4949 et
1023 4898 1332 4966 spirituales
1360 4899 1591 4953 subinde
1627 4899 1898 4968 permissu
1954 4901 2138 4955 divino

2265 2446 2434 2517 ἀρετὴ
2455 2449 2514 2500 ἐν
2534 2450 2666 2518 ἡμῖν
2690 2449 3016 2521 καθέστηκε,
3041 2451 3330 2521 σύνδεσμος
3354 2453 3412 2505 δὲ
3438 2454 3533 2505 καὶ
3559 2455 3843 2525 πλήρωμα

2260 2535 2426 2604 νόμου
2457 2537 2616 2609 αὕτη,
2645 2539 2840 2592 οὐκοῦν
2872 2542 2933 2594 οὐ
2966 2541 3156 2611 πόρρω
3201 2541 3300 2612 τῆς
3324 2540 3538 2610 φύσεως
3560 2543 3616 2596 αἰ
3645 2543 3842 2613 ἀρεταὶ

2260 2625 2657 2700 καθεστήκασι,
2707 2630 2802 2683 καὶ
2861 2631 3283 2704 αἰσχυνθείησαν
3311 2634 3362 2686 οἰ
3397 2633 3700 2705 ἀδυναμίαν
3747 2636 3842 2688 ἐπὶ

2259 2717 2325 2785 τῇ
2352 2716 2556 2771 τούτων
2582 2719 2816 2791 ἐργασίᾳ
2841 2721 3289 2792 προσαλλόμενοι.
3347 2722 3524 2794 ’Υπὲρ
3569 2723 3735 2792 φύσιν
3779 2725 3842 2780 ἀ·

2259 2807 2436 2874 γνεία,
2467 2810 2761 2880 ἀοργησία,
2787 2812 3279 2884 ταπεινοφροσύνη,
3322 2813 3620 2886 προσευχὴ,
3667 2813 3843 2885 ἀγρυ-

2261 2896 2411 2960 πνία,
2440 2899 2686 2968 νηστεία,
2715 2899 3008 2967 κατάνυξις
3032 2903 3309 2974 διηνεκὴς.
3345 2903 3565 2962 Τούτων
3585 2904 3696 2956 τῶν
3739 2903 3835 2972 μὲι

2258 2986 2532 3058 ἄνθρωποι
2557 2989 2697 3087 (5\5),
2717 2991 2824 3043 τῶν
2854 2991 2912 3043 δὲ
2938 2992 3181 3060 ἄγγελοι,
3227 2993 3336 3049 τῶν
3364 2993 3422 3046 δὲ
3459 2991 3622 3055 αὐτὸς
3648 2994 3677 3045 ὁ
3702 2991 3840 3053 Θεὸς

2257 3078 2426 3144 Λόγος
2471 3078 2780 3148 καθέστηκε
2837 3079 3159 3144 διδάσκαλος
3209 3083 3301 3135 καὶ
3328 3081 3491 3151 δοτήρ
3513 3097 3529 3112 ·
3551 3081 3839 3151 συγκρίσει

2257 3167 2443 3220 κακῶν
2487 3168 2571 3220 δεῖ
2620 3169 2768 3237 ἡμᾶς
2815 3169 2876 3220 τὸ
2928 3171 3257 3241 κουφότερον
3315 3170 3662 3237 ἐκλέξασθαι,
3709 3165 3838 3224 υἷον

2257 3256 2518 3319 πολλάκις
2557 3258 2614 3310 ὲν
2671 3262 2947 3330 προσευχῇ
3003 3261 3426 3330 παρισταμένων
3471 3259 3654 3331 ήμῶν,
3697 3261 3837 3332 πρὸς

2254 3345 2401 3414 ἡμᾶς
2427 3343 2646 3414 ἀδελφοὶ
2678 3347 3044 3416 παρεγένοντο
3061 3363 3074 3376 ο
3106 3348 3202 3400 καὶ
3226 3347 3372 3400 δυοῖν
3400 3347 3647 3418 θάτερον,
3675 3346 3710 3418 ἢ
3733 3348 3836 3418 τὴν

2253 3437 2563 3506 προσευχὴν
2597 3436 2941 3504 καταλιπεῖν,
2987 3437 3020 3507 ἢ
3064 3437 3156 3492 τὸν
3206 3437 3435 3506 ἀδελφὺν
3463 3438 3836 3509 ἁναπόκριτυ

2251 3527 2554 3579 ἀπελθόντα
2593 3527 2858 3597 λυπῆσαι.
2921 3527 3142 3592 Μείζων
3188 3529 3375 3600 ἀγάπη
3429 3531 3763 3601 προσευχῆς
3797 3530 3832 3602 ἡ

2254 3617 2354 3686 μὲν
2389 3618 2496 3687 γὰρ
2535 3635 2599 3687 με
2612 3618 2758 3688 ρικὴ,
2801 3621 2835 3689 ὴ
2855 3618 2914 3671 δὲ
2941 3619 3263 3688 περιεκτικὴ
3292 3618 3479 3672 πασῶν
3501 3619 3828 3691 καθέστηκε.

2174 3685 2217 3744 C
2253 3685 2426 3762 Πάλαι
2468 3685 2547 3762 liv
2580 3685 2734 3762 πόλει
2788 3685 2833 3779 ἢν
2878 3685 3037 3781 κώμη
3085 3685 3523 3783 παραγενόμενός
3553 3729 3706 3780 ποτε,
3727 3685 3831 3768 τιτι

2248 3802 2367 3864 νέος
2391 3801 2489 3866 ὢν,
2521 3800 2628 3856 ὑπὸ
2671 3801 2950 3872 λογισμῶν
2987 3803 3426 3874 γαστριμαργίας
3478 3805 3574 3857 καί⁵
3613 3805 3832 3858 κενοδοο

2249 3890 2366 3954 ξίας
2420 3890 2760 3962 ὁμοθυμαδὸν
2800 3894 2892 3946 ἐπὶ
2931 3892 3213 3964 τραπέζης
3254 3894 3559 3967 καθήμενος
3601 3895 3830 3967 κατελή-

2248 3981 2408 4051 φθην,
2468 3983 2561 4034 καὶ
2615 3985 2796 4052 μέντοι
2845 3986 2944 4053 τὴν
2979 3986 3241 4052 ἀπόγονον
3292 3981 3418 4055 τῇ
3449 3985 3828 4055 κοιλιομανεας

2246 4072 2504 4137 δεδοικὼς
2540 4074 2675 4144 (56),
2725 4078 2790 4144 τῇ
2846 4075 3121 4146 κενοδοξία
3173 4077 3410 4147 ἡττήθην
3459 4076 3679 4146 μᾶλλον.
3729 4078 3840 4130 ’Ἐς-ί

2246 4181 2390 4234 γνων
2414 4163 2526 4233 ἐγὼ
2554 4164 2646 4217 τὸν
2672 4165 2770 4234 τῆς
2803 4165 3244 4236 γαστριμαργίας
3279 4157 3508 4235 δαίμονά
3539 4164 3824 4229 πολλάκις.

2245 4260 2336 4313 τὸν
2395 4259 2496 4326 τῆς
2539 4257 2843 4322 κενοδοξίας
2881 4258 3186 4327 νικήσαντα
3221 4259 3280 4310 ὲν
3317 4261 3431 4320 τοῖς
3481 4256 3620 4317 νέοις
3650 4269 3666 4282 ·
3727 4255 3826 4310 καὶ

2245 4350 2471 4411 εἰκότως
2503 4348 2650 4415 (57)·
2690 4347 2841 4416 παρὰ
2862 4346 2962 4415 μὲν
2988 4350 3100 4412 τοῖς
3131 4351 3188 4401 ὲν
3226 4347 3416 4418 κόσμῳ
3451 4331 3577 4416 ῥίζα
3597 4347 3823 4401 πάντων

2242 4440 2352 4494 τῶν
2375 4434 2558 4492 καιῶν
2584 4442 2616 4509 ἡ
2643 4437 2996 4509 φιλαργυρία,
3015 4439 3164 4510 παρά
3191 4439 3247 4492 δὲ
3269 4439 3520 4509 μοναχοῖς
3540 4437 3572 4507 ἡ
3595 4454 3822 4509 γαστρι-

2246 4527 2473 4600 μαργίαο
2487 4526 2602 4579 ἔστι
2615 4544 2690 4577 πα
2696 4526 2767 4596 ρὰ
2789 4529 2898 4589 τοῖς
2913 4527 3294 4595 πνευματικοῖς
3311 4523 3566 4586 πολλάκις
3580 4526 3703 4578 τινὰ
3725 4527 3819 4578 εὐ-

2241 4619 2536 4672 τελέστατα
2574 4617 2720 4687 πάθη
2756 4619 2819 4670 ὲκ
2848 4617 2984 4669 Θεοῦ
3017 4614 3373 4684 οἰκονομικῶς
3409 4615 3820 4686 καταλιμπανό-

2245 4725 2401 4779 μεναο
2429 4710 2514 4761 ἵνα
2532 4709 2598 4760 δι’
2615 4707 2846 4762 εὐτελῶν
2867 4724 3047 4770 τινων,
3069 4708 3164 4758 καὶ
3176 4707 3572 4780 ἀναμαρτήτων
3587 4710 3818 4772 ἑαυτοὺς

2241 4801 2361 4852 λίαν
2397 4799 2902 4870 καταμεμφόμενοι,
2956 4795 3181 4851 πλοῦτον
3217 4799 3414 4853 ἄσυλον
3455 4786 3815 4869 ταπεινοφροο

2243 4899 2409 4965 σύνης
2441 4899 2745 4965 κτήσωνται
2762 4912 2776 4925 ο
2802 4896 2904 4946 οὐκ
2933 4894 3048 4946 ἐστι
3072 4895 3130 4948 ὲν
3147 4896 3456 4967 προοιμίοις
3481 4892 3816 4947 ταπείνωσιν

558 4986 609 5038 vi
640 4985 705 5039 iis
743 4987 1089 5056 quibusdam,
1135 4977 1227 5042 sed
1265 4987 1577 5052 levissimis,
1623 4998 1683 5043 ut
1736 4998 1952 5056 propter
1998 4991 2138 5044 levia

2255 4985 2547 5059 κτήσασθαι
2590 4986 2976 5047 ἀνυποτάκτως
3025 4985 3277 5055 διάγοντα
3329 4986 3462 5058 (58),
3497 4985 3655 5053 εἰπερ
3706 4984 3816 5046 πᾶς

557 5079 804 5146 quaedam
873 5095 970 5134 nec
1011 5078 1177 5132 Deum
1218 5079 1562 5144 oﬂ‘endentia,
1605 5083 1815 5151 seipsos
1839 5081 1995 5135 valde
2028 5085 2139 5135 cul-

2245 5085 2273 5136 ὁ
2303 5078 2628 5151 ἰδιορύθμως
2655 5077 2852 5147 τέχνην
2894 5076 3232 5145 μεμαθηκὼς
3265 5078 3616 5146 φαντάζεται.

557 5176 706 5237 pent,
743 5176 796 5220 et
852 5169 1066 5221 interim
1115 5170 1452 5242 innuilitatis
1495 5171 1810 5226 thesaurum
1881 5171 2045 5225 nullis
2091 5173 2440 5242 praedonibus
2505 5169 2812 5236 expositum
2881 5177 3214 5234 comparent.
3263 5167 3406 5222 Fieri
3459 5182 3565 5220 non
3633 5179 3813 5237 potest

558 5273 617 5315 ut
649 5262 692 5315 is
713 5262 803 5328 qui
831 5258 1070 5313 nondum
1092 5260 1192 5314 sub
1219 5263 1536 5317 obedientia:
1577 5262 1708 5332 jugw
1772 5262 1921 5327 vixit,
1975 5265 2159 5319 statim
2233 5267 2286 5320 in
2340 5262 2608 5331 religiosa:
2667 5261 2787 5313 vitre
2844 5256 3070 5311 exordio
3099 5258 3320 5314 humilis
3346 5259 3484 5323 ﬁat;
3539 5259 3808 5328 siquidem

557 5345 719 5407 etiam
760 5354 1073 5422 quicunque
1109 5365 1299 5424 suopte
1324 5368 1455 5411 nutu
1490 5366 1660 5411 artem
1701 5356 1939 5426 aliquam
1977 5358 2254 5425 adtlidicit,
2317 5373 2490 5426 nugas
2559 5357 2672 5425 agit
2735 5362 2790 5408 et
2825 5352 3044 5407 umbras
3070 5364 3122 5408 et
3181 5355 3362 5432 larvas
3402 5355 3665 5424 sequitur.

631 5443 850 5496 Duabus
899 5443 1074 5513 iisque
1137 5445 1369 5500 ittaxime
1423 5449 1801 5503 communibus
1836 5449 2128 5504 virtutibus

557 5546 734 5605 patres
760 5550 976 5590 omnem
1009 5537 1170 5591 vitam
1204 5539 1494 5609 practicam
1519 5555 1614 5592 seu
1641 5555 1764 5608 qua:
1812 5540 1864 5593 iu
1927 5541 2133 5611 agendo

559 5639 822 5691 versatur,
894 5629 1241 5693 deﬁnierunt,
1304 5649 1401 5688 nec
1467 5632 1738 5686 immerito
1796 5650 1944 5689 sane.
2006 5633 2129 5687 ll.re

625 5802 668 5838 ’⁷
692 5801 834 5860 Psal.
871 5821 967 5872 vit,
999 5807 1054 5861 ll

2327 5450 2413 5501 Ἐν
2443 5447 2598 5500 δυσὶν
2635 5445 2876 5506 άπάσαις
2901 5447 3286 5511 γενικωτάταις
3314 5447 3536 5515 ἀρεταῖς
3563 5449 3612 5499 οἱ
3645 5449 3810 5502 Πατέο

2241 5558 2333 5611 ρες
2383 5539 2482 5610 τὴν
2529 5535 2836 5606 πρακτικὴν
2869 5535 3166 5606 ὁρίζονται,
3203 5538 3294 5590 καὶ
3329 5537 3573 5602 εἰκότως.
3611 5540 3677 5593 Ίι
3710 5541 3808 5611 μὲν

2241 5636 2348 5705 γὰρ
2395 5632 2714 5704 ἀναιρετικὴ
2758 5633 2863 5687 τῶν
2901 5633 3106 5703 ἡδονῶν
3138 5631 3470 5704 καθέστηκεν
3497 5652 3510 5666 ο
3547 5635 3580 5706 ἡ
3622 5634 3680 5688 δὲ
3709 5634 3806 5705 τὴν
