4030 6342
213 470 351 530 1029

1168 462 1393 520 SC.\I..\
1427 457 1809 517 PARADISJ.
1852 478 1918 488 --
1959 453 2266 511 GRADUS
2302 454 2503 512 XXV'I.

3320 451 3452 513 1030

202 579 488 647 ἀναίρεσιν
522 573 991 644 ταπεινοφροσύνῃ
1016 571 1475 642 κατησφαλίσατο.
1507 569 1603 621 Διά
1626 568 1783 621 τοῦτο

1901 566 2031 617 :nim
2067 566 2372 633 voluptates
2406 566 2565 631 tollit,
2599 565 2764 618 altera
2807 579 2900 618 seu
2962 565 3259 627 humilitas,
3308 566 3451 634 quod

199 668 271 718 τὸ
314 665 508 728 πένθος
559 663 797 727 διπλοῦν,
852 663 927 725 ὡς
972 663 1069 730 τῆς
1116 659 1387 729 ἁμαρτίας
1421 654 1780 723 ἀναιρετικὸν,

202 757 306 807 καὶ
356 758 452 823 τῆς
478 751 973 822 ταπεινοφροσύνης
1018 749 1297 818 ποιητικόν
1325 762 1337 775 '
1384 746 1619 798 εὐσεϐῶν
1664 744 1780 813 μὲν,

202 839 274 892 τὸ
306 840 469 892 παντὶ
509 839 744 891 αἰτοῦντι
785 837 980 890 διδόναι
1012 836 1146 905 (59),
1176 833 1579 901 εὐσεϐεστέρων
1608 832 1665 883 δὲ
1693 831 1786 916 θεαὶ

208 926 291 997 τῷ
322 928 398 997 μὴ
428 927 687 981 αἰτοῦντι.
717 926 789 979 Τὸ
814 926 869 979 δὲ
901 928 1007 980 ἀπὸ
1038 922 1131 977 τοῦ
1169 926 1412 993 αἴροντος
1444 921 1784 992 μὴὰπαιτεῖν

202 1018 544 1088 δυναμένους
574 1019 824 1088 μάλιστα,
866 1017 1005 1086 τάχα
1050 1017 1159 1069 τῶν
1204 1014 1431 1069 ἀπαθῶν
1480 1013 1572 1064 καὶ
1608 1011 1785 1079 μόνων

205 1110 349 1162 ῑδιον
383 1110 741 1177 καθέστηκεν.

1891 656 2038 725 pitur
2093 656 2236 719 fecit,
2282 658 2590 719 confirmat,
2662 672 2759 710 nec
2793 658 3096 725 voluptates
3130 657 3456 725 repullulare

1891 746 2039 799 sinit.
2071 746 2334 810 Quocirca
2368 755 2422 800 et
2448 747 2627 801 luctus
2654 747 2919 815 duplicem
2951 748 3054 801 vim
3090 748 3268 811 habet,
3310 747 3453 816 quod

1889 846 2168 906 peceatum
2227 838 2422 901 deleat,
2491 846 2544 890 et
2594 838 2947 891 humilitatem
3002 846 3167 892 creet.
3228 838 3457 892 ‘Piorum

1889 938 1992 990 est,
2040 929 2186 981 onmi
2242 929 2441 997 petenti
2499 929 2669 995 dare;
2707 930 2798 983 sed
2863 929 3034 999 magis
3087 930 3298 999 piorum
3338 940 3455 991 est,

1892 1016 2056 1069 etiam
2086 1031 2190 1069 non
2228 1017 2424 1086 petenti
2450 1017 2653 1082 largiri.
2685 1017 2799 1072 Non
2849 1028 3087 1089 repetere
3131 1031 3331 1082 autem,
3363 1028 3458 1071 aut

1893 1107 2190 1176 quidquam
2229 1108 2299 1161 ab
2321 1122 2387 1162 eo
2412 1110 2648 1176 exigere,
2674 1110 2763 1178 qui
2788 1111 2883 1164 abs
2909 1120 2957 1164 te
2987 1110 3188 1179 aliquid
3214 1109 3455 1171 abstulit,

202 1212 336 1251 cum
362 1201 594 1256 maxime
622 1200 819 1270 possis,
856 1198 988 1251 illud
1026 1196 1259 1251 fortasse
1329 1209 1437 1250 non
1515 1192 1620 1248 nisi
1669 1204 1857 1245 eorum
1892 1206 1994 1261 est,
2056 1200 2145 1267 qui
2173 1215 2387 1253 omnem
2419 1199 2670 1255 affectum
2708 1218 2833 1271 erga
2868 1218 2955 1257 res
2988 1218 3175 1258 onmes
3205 1201 3457 1255 mortales

203 1303 511 1347 θιιιεηιιιι.

300 1384 393 1436 Ἐν
435 1384 570 1436 πᾶσι
624 1385 734 1445 τοῖς
778 1380 976 1434 πάθεσι
1013 1381 1106 1434 καὶ
1152 1382 1272 1443 ταῖς
1301 1381 1519 1450 ἀρεταῖς
1556 1375 1781 1436 ἑαυτοὺς

1953 1376 2011 1428 ltt
2041 1378 2222 1431 omnia
2263 1378 2390 1433 vitia
2418 1390 2471 1433 et
2498 1380 2724 1435 virtutes
2755 1390 2965 1435 nostras
2996 1381 3158 1452 348
3181 1399 3454 1451 nunquam

206 1471 571 1541 ἐπιζητοῦντες
627 1473 714 1542 μὴ·
763 1470 1131 1541 παυσώμεθα,
1187 1470 1290 1523 ποῦ
1345 1468 1683 1538 τυγχάνομεν
1725 1467 1783 1517 ὲν

1906 1467 2157 1534 nquirere
2213 1470 2554 1537 desinamus,
2629 1480 2688 1525 ut
2716 1472 3098 1541 intelligamus,
3172 1490 3280 1542 quo
3338 1475 3458 1529 loco

207 1564 383 1634 ἀρχῇ,
410 1565 469 1617 ἐν
500 1563 775 1633 μεσότητι,
806 1562 840 1632 ἢ
884 1561 942 1613 ὲν
965 1562 1128 1615 τέλει.
1170 1561 1374 1622 Πάντες
1404 1560 1453 1611 οί
1474 1558 1609 1629 πρὸς
1639 1557 1785 1625 ἡμᾶς

208 1654 486 1723 δαιμόνων
501 1653 745 1723 πόλεμοι,
784 1654 848 1705 ὲκ
871 1652 1034 1721 τριῶν
1059 1653 1264 1704 τούτων
1283 1649 1469 1704 αἰτιῶν
1503 1647 1783 1701 συνίσταν-

1882 1570 2178 1624 versemur,
2216 1575 2285 1614 an
2319 1561 2372 1615 in
2408 1563 2692 1631 principio,
2730 1578 2798 1615 an
2832 1564 3024 1626 medio,
3064 1580 3130 1617 an
3178 1566 3300 1618 ﬁne.
3338 1564 3460 1619 Otu-

1882 1646 1969 1700 nia
2011 1646 2250 1702 hostium
2299 1661 2610 1706 nostrorum
2642 1653 2779 1707 bella
2810 1668 2874 1707 ex
2909 1654 3079 1707 tribus
3109 1654 3227 1709 istis
3279 1656 3460 1709 causis

211 1759 303 1796 ται
331 1759 346 1773 ·
378 1746 442 1796 ἐκ
474 1732 802 1812 φιληδονίας,
828 1741 861 1813 ἢ
901 1744 967 1795 ὲκ
1002 1743 1397 1813 ὑπερηφανίας,
1428 1740 1459 1808 ἢ
1499 1740 1563 1791 ὲκ
1589 1736 1782 1805 φθόνου

1901 1747 2186 1791 tascuntur
2206 1750 2258 1794 et
2291 1741 2617 1806 conﬂantur,
2666 1759 2731 1798 ex
2765 1759 2954 1797 amore
2977 1753 3030 1797 et
3059 1746 3240 1799 studio
3297 1748 3457 1799 volu-

210 1833 422 1887 αὐτῶν.
450 1834 512 1885 Ol
555 1834 651 1903 μὲν
679 1833 894 1903 ἔσχατοι
936 1832 1197 1902 μακάριοι
1220 1847 1232 1859 ·
1276 1832 1326 1883 οἱ
1365 1829 1420 1882 δὲ
1468 1829 1618 1898 μέσοι
1654 1842 1785 1879 παν-

210 1920 425 1974 setm-
455 1921 580 1974 οίδὲ
608 1921 857 1991 πρότεροι
880 1921 1087 1991 ἀχρεῖοι
1107 1921 1210 1982 ἓως
1228 1921 1414 1982 τέλους
1444 1918 1785 1986 τυγχάνουσι.

222 2011 390 2063 Ἐστι
418 2028 504 2073 τις
532 2010 800 2079 αἴσθησις,
838 2010 1039 2081 μᾶλλον
1069 2009 1127 2062 δὲ
1157 2010 1291 2075 ἕξις,
1322 2008 1615 2079 φερέπονος
1644 2007 1791 2074 λεγο-

212 2100 384 2171 μένη,
412 2100 500 2168 ὑφ’
525 2095 591 2172 ἧς
620 2101 648 2152 ὁ
677 2100 839 2164 ἁλοὺς
876 2102 976 2154 οὐκ
1008 2100 1089 2153 ἔτι
1110 2100 1395 2167 ⁸δειλιιὶσει,
1435 2099 1468 2167 ἢ
1524 2099 1791 2166 ἀποστρα-

210 2195 311 2257 φεῖ
342 2192 504 2244 πόνου
539 2190 701 2244 ποτέο
745 2190 919 2265 ταύτῃ
957 2192 1023 2261 τῇ
1061 2189 1289 2259 ἀοιδίμῳ
1329 2190 1386 2241 al
1424 2188 1530 2239 τῶν
1585 2188 1791 2256 μαρτύ-

211 2298 337 2351 ρων
369 2280 537 2349 ψυχαὶ
560 2280 915 2352 κρατηθεῖσαι
969 2281 1077 2335 τῶν
1117 2281 1361 2351 βασάνων
1398 2278 1633 2348 εὐχερῶς
1667 2294 1794 2329 κατ-

208 2370 550 2441 εφρόνησαν.
580 2371 740 2424 Ἀλλο
775 2371 989 2441 φυλακὴ
1013 2369 1309 2440 λογισμῶν,
1339 2368 1435 2422 καὶ
1463 2367 1647 2438 ἕτερον
1684 2365 1794 2435 (60)

210 2460 345 2521 νοὸς
362 2462 607 2530 τήρησις,
626 2460 850 2514 καθόσον
863 2461 1155 2530 ἀπέχουσιν
1171 2457 1424 2513 ἀνατολαὶ
1434 2456 1541 2510 ἀπὸ
1554 2452 1793 2524 δυσμῶν,
1830 2510 1833 2513 ν

213 2548 367 2601 κατὰ
392 2548 645 2601 τοσοῦτον
671 2542 976 2618 ὑψηλοτέρα
1010 2547 1108 2617 τῆς
1130 2546 1397 2617 προτέρας
1422 2547 1456 2615 ὴ
1480 2544 1726 2613 δευτέρα,
1747 2543 1797 2594 εί
1825 2617 1829 2621 _

213 2638 318 2690 καὶ
350 2638 726 2709 μοχθηροτέρα
753 2639 1007 2709 ὑπάρχοι.
1040 2638 1203 2690 Ἀλλο
1232 2634 1627 2707 προσεύχεσθαι
1657 2632 1798 2688 κατά

209 2728 500 2799 λογισμῶν
519 2728 759 2799 (θυμω.
786 2729 915 2783 ἄλλο
938 2718 1391 2797 ἀντιφθέγγεσθαι
1418 2727 1626 2789 τούτοις
1649 2742 1662 2755 ο
1704 2726 1799 2803 atat

210 2818 416 2887 ἕτερον
457 2818 786 2884 έξουθενεῖν,
831 2822 925 2873 καὶ
986 2818 1371 2890 ὑπερτίθεσθαι
1408 2817 1649 2880 τούτους.
1692 2818 1801 2869 Kal

208 2907 300 2978 τῷ
335 2907 436 2977 μὶν
462 2910 709 2979 προτέρῳ
740 2910 925 2980 τρόπῳ
958 2911 1225 2981 μαρτυρεῖ
1260 2909 1289 2960 ὁ
1316 2906 1506 2961 εἰπών·
1545 2907 1597 2959 '0
1636 2908 1798 2971 Θεὸς,

211 2997 311 3061 εὶς
343 2996 461 3063 τὴν
497 2996 791 3064 ,βοήθειάν
817 3015 935 3065 μου
972 2999 1261 3065 πρόσχες,
1298 2998 1389 3049 καὶ
1419 2996 1488 3053 τὰ
1507 2998 1684 3066 ὃμοια.
1714 2994 1803 3064 Τῷ

1884 1837 2113 1895 ptatum,
2144 1845 2208 1883 ex
2235 1831 2505 1900 superbia,
2536 1842 2587 1886 et
2616 1833 2921 1889 dmonum
2956 1834 3194 1904 ipsorum
3237 1836 3457 1890 invidia.

1890 1916 2078 1975 Ultimi
2119 1931 2247 1975 sunt
2274 1922 2436 1985 beati,
2467 1923 2629 1977 medii
2657 1924 2969 1989 miserrimi,
3004 1928 3161 1993 primi
3188 1936 3296 1979 tota
3351 1929 3459 1980 vita

1890 2007 2129 2065 inutiles.
2176 2009 2273 2066 Est
2336 2013 2557 2080 quidam
2606 2028 2823 2075 sensus,
2868 2029 2965 2069 seu
3003 2007 3184 2084 potius
3224 2016 3459 2080 habitus,

1891 2098 2238 2167 pltercponus
2307 2101 2507 2166 dictus,
2565 2103 2720 2171 quasi
2773 2104 2924 2158 dicas
2954 2105 3196 2158 laborum
3230 2109 3457 2173 patiens,

1891 2200 2001 2255 quo
2023 2198 2216 2258 captus
2249 2198 2302 2244 et
2324 2200 2620 2259 occupatus
2650 2208 2759 2245 non
2816 2192 2928 2261 jam
2972 2193 3204 2262 amplius
3252 2195 3462 2249 labores

1897 2276 2036 2331 ullos
2070 2278 2402 2343 formidabit,
2431 2290 2527 2334 aut
2547 2296 2785 2350 unquam
2820 2282 3108 2336 recusabit.
3166 2283 3277 2337 lloc
3314 2300 3460 2337 sem-

1897 2381 1993 2434 per
2024 2367 2277 2421 laudabili
2308 2379 2361 2422 et
2380 2370 2723 2437 prmdicando
2755 2370 2970 2425 virtutis
3009 2386 3172 2425 sensu
3198 2381 3251 2425 et
3271 2372 3462 2441 spiritu

1897 2456 2140 2525 formata:
2180 2468 2476 2529 martyrum
2533 2460 2728 2514 animae
2780 2462 2963 2514 omnia
3007 2470 3270 2515 tormenta
3309 2462 3467 2517 facile

1902 2556 2369 2616 contempserunt.
2414 2549 2574 2603 Aliud
2636 2558 2719 2604 est
2770 2550 3020 2603 custodia
3048 2551 3462 2619 cogitationum,

1898 2644 1954 2690 et
2014 2636 2158 2692 aliud
2219 2638 2528 2694 observatio
2575 2641 2792 2696 mentis.
2819 2640 3091 2707 Quantum
3119 2643 3281 2697 distat
3310 2654 3464 2698 ortus

1902 2728 1970 2781 ab
2003 2728 2301 2794 occidente,
2335 2740 2486 2784 tanto
2517 2730 2750 2785 nobilior
2777 2739 2831 2785 et
2861 2732 3142 2786 sublimior
3179 2743 3261 2786 est
3285 2734 3463 2801 priore

1904 2818 2092 2881 altera,
2127 2818 2378 2887 quamvis
2400 2819 2726 2876 laboriosior
2753 2822 2823 2875 sit
2851 2822 2970 2876 haec
3005 2822 3113 2875 illa.
3154 2822 3312 2875 Aliud
3368 2823 3465 2876 ad-

1907 2924 2094 2963 versus
2117 2910 2475 2978 cogitationes
2504 2926 2690 2979 preces
2730 2912 3004 2974 adhibere,
3053 2912 3197 2965 aliud
3238 2912 3344 2967 illis
3379 2905 3467 2966 re-

1907 3014 2166 3068 pugnare,
2218 3000 2364 3054 aliud
2423 3000 2639 3055 easdem
2663 3010 3008 3055 contemnere
3045 3012 3099 3056 et
3128 3002 3338 3071 penitus
3376 2994 3470 3057 Su-

212 3087 278 3141 G't
306 3087 546 3158 δευτέρῳ
575 3090 606 3142 ό
628 3090 806 3157 φήσας
830 3103 842 3116 '
870 3089 979 3142 Kal
1012 3086 1486 3160 ἀποκριθήσομαι
1511 3086 1634 3150 τοῖς
1657 3086 1799 3137 ὀνει-

1909 3104 2117 3157 perare.
2158 3088 2232 3142 De
2289 3090 2463 3156 primo
2492 3090 2651 3164 modo
2671 3098 2899 3144 testatur
2932 3092 2978 3145 is
3007 3093 3097 3161 qui
3121 3093 3293 3146 dixit:
3325 3092 3468 3157 Deus

217 3182 501 3245 δίζουσίν
549 3197 654 3249 μοι
701 3180 889 3247 λόγον
929 3178 1362 3245 ἀντιῤῥητικόν.
1433 3176 1542 3229 Καὶ
1592 3174 1751 3227 πάλιν
1777 3190 1792 3205 ·

219 3276 412 3328 Ἕθου
455 3260 617 3342 ἡμᾶς
657 3273 747 3337 είς
786 3269 1136 3337 ἀντιλογίαν
1165 3266 1291 3332 τοῖς
1329 3267 1591 3337 γείτοσιν
1608 3263 1794 3333 ἡμῶν,

219 3361 344 3417 Τοῦ
398 3361 457 3416 δὲ
503 3362 690 3434 τρίτου
734 3361 945 3431 μάρτυς
968 3361 997 3412 ὁ
1036 3358 1353 3429 μελῳδήσας
1376 3374 1390 3388 ·
1428 3354 1793 3424 Ἐκωφώθην,

218 3454 333 3509 και
378 3454 491 3508 οὐκ
535 3451 754 3522 ἦγοιξα
782 3452 849 3506 τὸ
878 3453 1074 3520 στόμα
1102 3467 1242 3520 μου,
1265 3448 1361 3502 καί
1392 3447 1611 3517 ἐθέμην
1639 3446 1799 3511 αὐτῷ

218 3542 518 3614 φυλακὴν
537 3543 607 3597 ἐν
632 3542 714 3609 τῷ
738 3542 1043 3611 συστῆναι
1078 3524 1193 3615 τὸτί
1230 3538 1581 3609 ἁμαρτωλὸν
1628 3538 1799 3591 ἐναν-

220 3639 369 3706 τιον
394 3652 536 3703 μου.
587 3634 700 3688 Kal.
723 3617 893 3688 τπάλιν
921 3648 937 3662 ·
985 3620 1385 3700 ’Υπερήφανοι
1409 3628 1801 3695 παρηνόμουν

219 3728 351 3791 ἕως
374 3726 609 3795 σφόδρα
638 3739 655 3756 ⁸
694 3722 815 3778 ἀπὸ
857 3722 927 3776 δὲ
974 3721 1085 3791 τῆς
1104 3721 1232 3787 σῆς
1280 3721 1521 3787 θειῳίας
1546 3717 1661 3786 ἐγὼ
1689 3718 1801 3770 οὐκ

218 3808 537 3873 ἐξέκλινα.
564 3805 783 3858 Τούτων
810 3805 840 3857 ό
868 3805 967 3874 μὲν
992 3804 1154 3873 μέσος
1176 3802 1254 3871 τῷ
1270 3804 1519 3873 προτέρῳ
1547 3800 1801 3860 πολλάκις

222 3901 525 3969 κέχρηται,
578 3895 671 3950 διὰ
710 3890 777 3947 ei?
821 3892 1345 3969 ἀπαρασκεύαστον·
1389 3894 1427 3961 ὁ,
1459 3891 1517 3942 δὲ
1544 3891 1802 3959 πρότερος

437 3989 513 4060 τῷ
548 3985 781 4057 δευτέρῳ
812 3966 1227 4054 τρόπῳί’ίσχύει
1262 3983 1388 4053 τοὺς
1426 3980 1663 4059 ἐχθροὺς
1692 3980 1801 4032 ἀπ-

224 4080 503 4139 ώσασθαιο
533 4075 838 4149 διδὶτρίτος
861 4077 944 4139 είς
972 4073 1117 4127 ἅπαν
1140 4072 1417 4143 δαιμόνων
1441 4072 1798 4125 κατέπτυσεν.

240 4174 557 4244 ’Δμήχανον
583 4167 827 4239 φυσικῶς
861 4167 924 4220 τὸ
964 4165 1251 4234 ἀσώματον
1278 4162 1384 4216 ὑπὸ
1413 4161 1507 4214 τοῦ
1552 4158 1802 4230 σώματος

228 4263 556 4340 δρίζεσθαιυ
618 4258 804 4319 πάντσέ
845 4258 913 4331 δὲ,
941 4257 1143 4310 δύνατα
1194 4252 1272 4324 τῷ
1307 4252 1613 4322 κτισαμένῳ
1662 4249 1799 4320 Θεῷ.

230 4358 457 4426 Ὠσπερ
486 4355 534 4407 ot
560 4356 626 4424 τῇ
652 4350 902 4422 αἰσθήσει
929 4349 1029 4417 τῆς
1049 4348 1366 4416 ὀσφρήσεως
1404 4344 1571 4412 ὑγιῶς
1601 4341 1804 4395 διακεί-

1898 3178 1950 3229 in
1989 3177 2321 3244 adjutorium
2348 3194 2517 3230 meum
2538 3180 2744 3232 intende
2764 3180 2830 3245 ³⁸,
2856 3182 3035 3235 ethoc
3056 3198 3224 3250 genus
3246 3184 3466 3239 similia.

1900 3265 1974 3320 De
2000 3267 2169 3320 altero
2201 3267 2378 3321 idem:
2412 3266 2484 3319 Et
2521 3269 2837 3335 respondebo
2864 3258 3316 3337 exprobrantibus
3339 3273 3467 3325 mihi

1898 3356 2108 3408 verbum
2136 3355 2204 3419 ³⁸,
2242 3357 2689 3410 contratlietionis
2717 3372 2928 3425 nempe.
2957 3357 3019 3412 Et
3048 3344 3295 3413 rursum;
3358 3357 3472 3412 Po-a

1900 3448 2055 3499 suisti
2078 3463 2169 3499 nos
2202 3448 2258 3501 in
2288 3448 2757 3500 contradictionem
2801 3448 2987 3502 vicinis
3029 3450 3221 3501 nostris
3272 3448 3337 3501 “.
3395 3449 3472 3504 De

1900 3551 2172 3608 postremo
2203 3548 2427 3595 testatur
2447 3541 2533 3609 qui
2566 3541 2801 3594 cecinit:
2850 3539 3102 3593 Obmutui
3133 3551 3181 3595 et
3210 3557 3310 3595 non
3342 3558 3471 3611 ape-

1904 3630 1993 3681 rui
2021 3646 2078 3682 os
2115 3646 2304 3693 nteant,
2331 3639 2379 3682 et
2418 3631 2567 3698 posui
2599 3631 2676 3682 ori
2705 3642 2819 3683 meo
2856 3631 3163 3697 custodiant,
3204 3649 3319 3685 cunt
3350 3650 3473 3686 con-

1901 3721 2101 3771 sisteret
2166 3727 2404 3785 peccator
2466 3723 2741 3770 adversum
2772 3733 2852 3770 me
2885 3718 2950 3770 δ’.
2993 3717 3057 3770 Ει
3088 3719 3281 3772 iterum
3316 3734 3330 3770 ε
3367 3712 3493 3774 Suo"

1899 3810 2045 3876 perbi
2069 3809 2240 3877 inique
2267 3807 2486 3877 agebant
2534 3824 2917 3877 usquequaque,
2962 3825 3055 3878 ego
3084 3820 3258 3862 autent
3285 3826 3316 3861 a
3348 3826 3474 3862 con-

1907 3898 2249 3965 templatione
2315 3897 2332 3967 ί
2362 3907 2638 3964 conspectu
2704 3897 2832 3967 tuo]
2867 3899 2946 3957 tui
2985 3916 3086 3951 non
3114 3900 3368 3953 declinavi
3402 3902 3470 3953 “.

1902 3987 1979 4040 Ex
2046 3988 2131 4041 his
2179 3987 2389 4041 medius
2431 4002 2575 4054 saepe
2624 3988 2795 4040 utitur
2820 3990 3020 4055 priore,
3052 3990 3196 4056 quod
3224 3990 3339 4055 ipse
3377 4005 3472 4056 per

1903 4092 1961 4131 se
1992 4092 2097 4130 non
2130 4076 2201 4129 sit
2222 4075 2355 4143 satis
2384 4086 2605 4143 paratus
2631 4085 2687 4130 et
2738 4078 3035 4134 instructus
3067 4097 3081 4143 ;
3132 4079 3282 4145 prior
3309 4078 3474 4150 349

1902 4165 2142 4220 secundo
2168 4180 2443 4233 nunquam
2485 4174 2659 4234 potest
2699 4167 2879 4220 hostes
2919 4182 3103 4221 arcere
3126 4175 3180 4238 et
3230 4169 3464 4236 abigere.

1905 4255 2121 4310 Tertius
2147 4264 2329 4309 autem
2361 4256 2636 4311 daemones
2671 4256 2888 4325 penitus
2904 4256 3125 4325 "respuit
3170 4267 3223 4311 et
3264 4258 3469 4325 rejecil.

1906 4345 2045 4401 Fieri
2072 4360 2167 4414 per
2192 4356 2439 4400 naturam
2466 4361 2575 4399 non
2602 4356 2797 4415 potest,
2830 4357 2887 4401 ut
2913 4348 3057 4416 quod
3105 4358 3332 4417 corpore
3377 4364 3471 4403 ca-

234 4464 401 4519 μενοι
429 4424 535 4499 τὸν
562 4443 829 4515 ἀρώματα
862 4439 1163 4506 λεληθότως
1209 4436 1508 4505 κατέχοντα
1556 4432 1799 4501 ὲπιγινὼ·

1910 4446 2010 4503 ret,
2068 4452 2098 4490 a
2146 4450 2377 4507 corpore
2406 4437 2900 4506 comprehendatur
2932 4448 3028 4492 aut
3059 4439 3473 4496 circumscriba-

236 4553 401 4592 mw
439 4534 689 4589 δύνανται
731 4531 876 4600 (62)·
909 4528 1080 4591 οὕτως
1133 4528 1227 4580 καὶ
1259 4522 1409 4595 ’ψυχὴ
1457 4525 1673 4595 καθαρά
1707 4526 1806 4595 τὴν

238 4624 495 4691 εὐωδίαν,
519 4624 587 4692 ἠν
617 4623 713 4675 καὶ
739 4620 877 4689 αὐτὴ
904 4621 970 4671 ὲκ
1003 4619 1137 4672 Θεοῦ
1172 4619 1603 4689 προσεκτήσατο,
1623 4618 1724 4686 τήν
1746 4634 1805 4668 τε

238 4713 529 4779 δυσωδίαν,
557 4706 626 4782 ἧς
670 4708 1061 4777 ἀπαλλαγεῖσα·
1086 4710 1310 4772 τελείως
1348 4708 1703 4778 καθέστηκεν,
1735 4706 1807 4782 ,έν

241 4806 455 4876 ἑτέροις
474 4775 823 4871 ὑπάρχουσαν
838 4775 1562 4869 γνωρίζειν,ἀνεπαισθήτως
1574 4775 1803 4868 νέτέρων,

242 4899 510 4966 πέφυκεν.
538 4893 612 4947 Οὐ
647 4891 844 4951 πάντες
874 4889 973 4958 μὶν
1001 4890 1228 4952 ἀπαθεῖς
1255 4889 1505 4957 γενέσθαι
1550 4889 1804 4941 δυνατόν·

244 4992 449 5053 πάντες
474 4987 534 5041 δὲ
558 4984 793 5054 σωθῆναι
826 4982 917 5034 καὶ
956 4980 1075 5050 Θεῷ
1111 4980 1459 5049 διαλλαγῆναι
1486 4979 1585 5032 οὐκ
1614 4979 1808 5031 ἀδύνα-

242 5101 366 5138 τον.
397 5081 490 5150 Μή
530 5094 621 5131 σου
666 5070 1167 5151 κατακυριεύσωσιν
1191 5073 1241 5125 et
1276 5071 1563 5140 ἀλλόφυλοι
1589 5070 1805 5134 ἐκεῖνοι,

243 5176 298 5227 οἱ
341 5172 437 5235 τὰς
475 5167 570 5223 τοῦ
614 5164 749 5218 Θεοῦ
780 5162 1049 5234 ἀρρήτους
1072 5162 1380 5231 οἰκονομίας
1400 5162 1434 5231 ἢ
1467 5160 1725 5221 ὀπτασίας
1752 5160 1808 5211 ἐν

244 5266 367 5324 τοῖς
406 5259 711 5329 ἀνθρώποις
768 5252 1057 5324 γινομένας
1100 5251 1569 5321 πολυπραγμονεῖν
1630 5250 1811 5319 βουλό.

250 5370 431 5425 μενοι,
476 5354 573 5405 καὶ
618 5344 1085 5420 προσωπολήπτην
1120 5340 1212 5394 τὸν
1244 5341 1447 5411 Κύριον
1475 5337 1613 5394 εῖναι
1657 5340 1809 5410 λελη-

248 5445 427 5506 θότως
467 5440 857 5501 ὑποϐάλλοντες
883 5454 897 5467 ο
950 5435 1179 5504 οἰήσεως
1233 5433 1342 5502 γὰρ
1397 5434 1651 5502 ἀπόγονοι
1716 5435 1811 5489 καὶ

248 5537 365 5591 εἰσὶ
402 5535 496 5587 καὶ
540 5531 912 5603 γνωρίζονται.
976 5527 1130 5579 Ἔστι
1177 5524 1387 5592 δαίμων
1442 5527 1810 5600 φιλαργυρίας

251 5623 517 5686 τωᾶλάκις
556 5623 880 5675 ταπείνωσιν
922 5616 1339 5686 ὑποκρινόμενος
1378 5616 1488 5685 (65)
1520 5634 1534 5648 ⁸
1571 5622 1664 5673 καὶ
1696 5622 1810 5675 ἔστι

1913 4539 2023 4595 tur;
2057 4543 2235 4581 rerum
2260 4538 2437 4582 tamen
2467 4528 2731 4581 Conditor
2758 4526 2939 4581 omnia
2970 4539 3165 4597 potest.
3202 4529 3471 4596 Quemad-

1913 4618 2130 4671 modum
2155 4618 2190 4670 ii
2214 4617 2306 4687 qui
2327 4616 2613 4672 olfaciendi
2637 4633 2797 4671 sensu
2827 4607 3007 4687 vigent
3032 4617 3189 4672 facile
3213 4619 3474 4684 sentiunt,

1894 4710 1959 4763 ‘si
1990 4710 2114 4778 quis
2144 4710 2225 4763 vel
2246 4709 2458 4763 occulte
2479 4723 2662 4762 secum
2685 4704 2928 4761 aremata
2956 4709 3093 4762 ferat
3116 4724 3130 4759 :
3160 4709 3241 4762 sic
3268 4718 3321 4763 et
3340 4725 3473 4778 pura

1913 4814 2065 4852 mens
2094 4807 2302 4866 gratum
2330 4798 2545 4851 virtutis
2583 4797 2824 4859 odorem,
2866 4812 3025 4865 quem
3047 4812 3114 4851 ex
3156 4797 3266 4852 Deo
3322 4798 3476 4853 acce-

1913 4888 2010 4955 pit,
2056 4885 2213 4940 facile
2266 4886 2667 4953 animadvertit,
2719 4887 2859 4941 sicut
2906 4894 2960 4940 et
3010 4885 3252 4952 fetorem,
3305 4904 3335 4943 a
3365 4908 3476 4958 quo

1915 4976 2128 5044 penitus
2185 4975 2312 5043 ipsa-
2359 4974 2587 5027 liberata
2639 4982 2742 5038 est,
2803 4975 2855 5027 in
2878 4974 2999 5028 aliis
3022 4976 3295 5040 latentem,
3355 4980 3477 5034 aliis

1912 5066 2073 5120 etiam
2109 5065 2243 5119 nihil
2266 5066 2646 5130 sentientibus,
2673 5066 2919 5135 percipit.
2960 5064 3078 5119 Non
3116 5081 3305 5124 omnes
3354 5072 3480 5138 qui-

1913 5157 2032 5213 dem
2066 5157 2374 5227 possuntad
2426 5172 2695 5211 summam
2718 5158 2887 5211 animi
2918 5158 2985 5212 ab
3022 5160 3275 5216 omnibus
3322 5164 3479 5216 vitio-

1915 5251 2163 5307 sitatihus
2191 5250 2342 5303 liberi
2366 5249 2811 5317 tranquillitatem
2845 5252 3106 5319 aspirare,
3161 5254 3251 5307 sed
3291 5269 3478 5309 omnes

1915 5355 2092 5398 tamen
2125 5330 2376 5411 possunt
2414 5341 2691 5394 cumoDeo
2741 5342 3163 5397 reconciliari-et
3186 5344 3314 5397 salvi
3341 5345 3471 5396 ﬁeri.

1914 5435 2054 5491 Cave
2076 5449 2143 5489 ne
2176 5434 2228 5487 in
2266 5442 2317 5487 te
2352 5432 2664 5501 alienigenae
2704 5433 3052 5488 dominentur
3077 5434 3150 5487 illi
3176 5434 3267 5501 qui
3321 5447 3476 5485 arca—

1917 5542 2040 5581 nam
2096 5525 2189 5579 Dei
2234 5525 2700 5593 gubernationem,
2751 5534 2845 5578 aut
2898 5524 3138 5591 objectas
3171 5521 3478 5575 hominibus

1916 5617 2151 5671 visiones
2196 5615 2500 5684 curiosius,
2530 5616 2848 5684 inquirant,
2909 5613 3185 5678 Deumque
3232 5612 3369 5662 clam
3422 5610 3476 5665 iu

333 5837 542 5897 “Psal.
573 5837 794 5904 “15,2.
869 5837 913 5869 ³⁹
947 5836 1086 5891 Psal.
1109 5828 1399 5901 cxvnt,42.
1474 5828 1520 5863 ⁸ο
1554 5830 1695 5885 Psal.
1736 5849 1921 5898 Lxxtx,
1944 5833 1996 5889 7.
2074 5832 2117 5864 ⁸¹
2145 5831 2286 5886 Psal.
2319 5846 2547 5896 xxxvtn,
2580 5829 2662 5882 lO.
2740 5828 2783 5860 "
2818 5825 2957 5880 Psal.
2994 5838 3183 5886 CX'Vlll,
3208 5824 3297 5881 51.

1178 6016 1212 6051 ι,
