4030 6342
597 395 730 460 1931
1500 467 1506 474 ,
1543 391 1545 394 ‘
1823 393 1880 450 ε.
1927 391 2242 452 JOANNIS
2287 393 2590 454 CLIMACI
3706 398 3816 461 ιοπρ

601 507 790 560 animo
826 513 1184 572 personarum
1238 500 1505 568 rationem
1567 498 1764 556 habere
1789 500 2071 568 judicant:
2117 503 2163 554 hi

2273 500 2482 570 δαίμων
2532 501 2832 568 κενοδοξίας
2869 501 3002 573 πρὸς
3042 502 3403 576 ἐλεημοσύνην
3453 509 3813 578 προτρεπόμε-

591 596 736 651 enim
790 593 1056 662 superbia:
1088 590 1372 661 progenies
1395 599 1452 644 et
1474 599 1601 644 sunt
1639 602 1692 644 et
1718 606 1841 646 esse
1864 593 2163 659 deprehen-

2263 612 2354 657 vo;
2376 634 2392 658 ,
2416 594 2605 666 ὥσπερ
2633 596 2727 650 καὶ
2755 596 3085 666 φιληδονίας.
3140 598 3259 651 Ἐὰν
3300 598 3628 670 ἀμφοτέρων
3653 600 3813 652 τοίνυν

593 689 816 740 duntur.
867 685 959 737 Est
982 683 1203 752 spiritus
1229 682 1471 735 avaritia:
1495 682 1589 750 qui
1613 697 1753 750 szrpe
1809 683 2163 735 humilitatem

2266 684 2730 756 καθαρεύσωμεν,
2772 690 2831 740 ὲν
2879 689 3048 741 παντὶ⁵
3100 689 3250 758 τόπῳ
3298 689 3466 744 ἐλεεῖν
3508 691 3581 761 μὴ
3616 691 3812 742 παυσώ·

594 777 837 831 simulat.
866 775 960 829 Est
987 774 1212 842 spiritus
1233 787 1386 826 vana:
1433 773 1753 842 gloriaz,.qui
1804 773 2051 827 homines
2101 771 2163 826 ad

2270 774 2430 846 μεθα.
2457 776 2616 838 Τινὲς
2633 777 2730 846 μὲν
2753 777 2958 847 ἔφησαν
2980 778 3237 848 δαίμονας
3259 779 3508 849 δαίμοσιν
3533 780 3811 850 ἀντιπράτ-

594 867 992 934 elecmosynam
1019 862 1252 915 dandam
1281 860 1470 914 incitat
1495 860 1513 930 (
1534 861 1675 915 sicut
1697 870 1747 914 ct
1776 861 2000 930 spiritus
2023 862 2163 915 lusu'

2269 883 2382 918 τειν
2412 880 2426 894 ⁸
2481 865 2593 931 ἐγὼ
2644 867 2700 920 δὲ
2732 868 2944 936 ἔγνωκα
2975 869 3180 933 πάντας
3209 869 3306 940 τὴν
3339 869 3493 940 ήμῶν
3533 869 3810 940 ζητοῦντας

597 957 842 1025 ri:e)qui
879 955 947 1008 ab
976 963 1207 1023 utroque
1253 953 1355 1006 hoc
1385 954 1653 1022 repurgati
1680 953 1966 1016 fuerimus,
2035 969 2173 1024 quo—
2270 957 2572 1012 ἀπώλειαν.
3187 972 3189 974 ·

595 1045 676 1098 vis
729 1045 848 1098 loco
899 1044 1285 1113 benignitatem
1334 1041 1391 1096 in
1448 1058 1706 1111 pauperes
1751 1043 2007 1097 exhibere
2046 1058 2149 1096 non
2184 1059 2485 1103 cessemus.
2541 1046 2714 1103 Fuere
2779 1050 3044 1115 nonnulli,
3085 1050 3173 1121 qui
3235 1063 3517 1106 censerent
3553 1051 3808 1129 dzmnuna3

593 1133 943 1189 intersesibi
973 1139 1164 1186 mutuo
1194 1128 1472 1185 adversari
1501 1140 1554 1184 et
1581 1130 1869 1186 obluctari.
1943 1130 2047 1185 Sed
2104 1145 2204 1201 ego
2270 1135 2397 1190 novi
2458 1136 2530 1191 ab
2601 1136 2852 1194 omnibus
2925 1139 3060 1192 nihil
3125 1138 3231 1195 nisi
3293 1139 3520 1194 exitium
3583 1128 3807 1199 nostrrmi

591 1243 785 1298 quam.
2119 1285 2124 1288 .

661 1315 860 1370 Omnes
905 1315 1024 1383 pias
1052 1322 1110 1367 et
1141 1312 1447 1382 spirituales
1475 1311 1896 1366 exercitationes
1943 1319 2160 1366 nostras

2336 1309 2527 1379 Πάσης
2576 1311 2951 1379 πνευματικῆς
3006 1311 3266 1382 ἐργασίας
3301 1313 3582 1383 ὀρωμὲνης
3628 1331 3684 1366 τε
3737 1313 3811 1366 καὶ

592 1407 707 1460 sive
732 1406 1082 1473 corporiseze
1096 1404 1206 1458 sint
1230 1413 1284 1458 et
1305 1403 1481 1456 oculis
1515 1401 1790 1470 subjectm,
1826 1399 1939 1453 sive
1963 1401 2162 1454 mentis

2264 1401 2566 1470 νοουμένης
2616 1403 2937 1471 προηγεῖται
2989 1403 3243 1471 πρόθεσις
3297 1404 3472 1456 οἰκεία
3532 1405 3644 1474 (64)
3671 1444 3687 1467 ,
3733 1405 3810 1458 καὶ

592 1505 646 1549 et
663 1495 1046 1565 intelligentiae,
1073 1494 1316 1562 praecedit
1345 1493 1560 1562 propria
1583 1491 1820 1545 hominis
1837 1503 1985 1543 mens
2003 1487 2163 1558 350

2268 1489 2432 1554 πόθος
2453 1491 2690 1562 ἄριστος,
2730 1492 2865 1562 μετὰ
2895 1493 3181 1562 συνεργίας
3225 1493 3359 1546 Θεοῦ
3397 1496 3676 1565 γινόμενα.
3706 1497 3809 1549 Τῶν

591 1593 646 1638 et
677 1584 1036 1654 propositum,
1069 1583 1441 1652 optimumque
1464 1581 1792 1635 desiderium
1817 1588 1870 1634 et
1907 1578 2156 1641 ail'ectus,

2267 1579 2372 1649 γὰρ
2404 1580 2683 1651 προτέρων
2715 1580 2790 1652 μὴ
2833 1581 3300 1652 καταϐληθέντων,
3348 1584 3409 1635 τὸ
3441 1583 3692 1656 δεύτερον
3727 1587 3808 1637 ὲπ-

590 1690 712 1744 quze
739 1690 805 1728 ex
863 1673 954 1728 Dei
1000 1680 1261 1727 succursu
1307 1683 1360 1726 et
1401 1670 1604 1725 auxilio
1636 1669 1794 1726 ﬁunt.
1842 1667 1956 1723 Nisr
2009 1668 2156 1722 enim

2261 1669 2571 1723 ακολουθείν
2597 1671 2658 1725 οὑ
2683 1671 2946 1741 πέφυκεν.
2977 1673 3037 1726 El
3055 1674 3246 1744 καιρὸς
3272 1675 3331 1728 ὲν
3357 1677 3518 1730 παντὶ
3539 1678 3813 1748 πράγματι

593 1765 930 1834 propositum
981 1763 1324 1832 praemissum
1395 1761 1586 1826 fuerit,
1634 1760 1772 1816 bona
1833 1774 1998 1829 opera
2053 1773 2160 1812 non

593 1865 909 1925 sequentur.
969 1852 1027 1906 Si
1090 1855 1313 1918 omnia,
1372 1869 1492 1924 quae
1544 1854 1645 1906 sub
1697 1850 1836 1906 ctelo
1867 1850 2041 1914 ﬁunt,
2100 1855 2162 1902 ut

592 1945 947 1999 Ecclesiastes
995 1953 1257 2008 testatur,
1301 1942 1496 2012 quavis
1545 1943 1597 1995 in
1648 1955 1706 1993 re
1737 1955 1896 1994 suum
1947 1951 2161 2009 tempus

595 2037 816 2101 habent,
864 2037 1002 2090 inter
1057 2036 1239 2089 omnia
1293 2045 1471 2089 autem
1523 2031 1686 2088 etiam
1738 2042 1938 2088 nostra:
1981 2049 2150 2088 sacrae

595 2125 905 2194 reipublicae
964 2125 1174 2192 negv'ia
1200 2133 1253 2177 et
1281 2139 1368 2178 res
1384 2123 1690 2178 constitutae
1709 2133 1856 2184 sunt,
1882 2123 2159 2179 videamus

595 2215 639 2268 si
674 2215 845 2284 placet
871 2224 924 2268 et
954 2215 1006 2266 in
1040 2232 1070 2282 q
1117 2214 1255 2278 ovis,
1297 2223 1558 2282 tempore,
1597 2228 1716 2279 (μιιε
1739 2212 1847 2266 sint
1874 2215 2087 2282 propria
2109 2221 2163 2268 et

593 2305 972 2359 convenientia
997 2305 1193 2373 cuique
1222 2293 1450 2372 te‘twpori
1473 2303 1860 2372 disquiramus.
1894 2302 1985 2358 Est
2009 2304 2154 2357 enim

595 2398 816 2450 omnino
878 2397 929 2448 in
971 2396 1038 2449 iis
1088 2395 1179 2464 qui
1232 2395 1285 2448 in
1356 2395 1621 2463 religiosa:
1691 2395 1814 2448 vita:
1868 2395 2164 2449 certamine

594 2495 884 2541 versantur
908 2496 1141 2555 tempus,
1168 2501 1276 2554 quo
1303 2484 1371 2538 ab
1393 2485 1541 2538 omni
1561 2485 1724 2537 animi
1751 2485 2158 2553 perturbatione

597 2579 736 2630 liber
795 2586 848 2630 et
905 2577 1226 2644 tranquillus
1287 2575 1518 2629 exsistas
1568 2574 1734 2644 (quod
1789 2583 2007 2644 propter
2066 2591 2162 2631 eos

597 2668 744 2729 dico,
832 2665 927 2733 qui
994 2664 1169 2718 adhuc
1263 2663 1316 2717 in
1399 2663 1708 2718 certaminis
1791 2663 2046 2724 infantia,
2113 2674 2164 2718 et

607 2755 858 2810 tirocinio
931 2755 1296 2824 versantur).
1347 2752 1442 2806 Est
1485 2764 1695 2822 tempus
1768 2757 2159 2829 lact-ymarum,

597 2860 810 2916 tempus
867 2845 1140 2900 ariditatis
1213 2860 1309 2898 seu
1373 2829 1609 2902 duritiei.
1661 2847 1876 2912 cordis;
1946 2858 2160 2918 tempus

2259 1760 2370 1814 τῶν
2395 1761 2500 1814 ὑπὸ
2525 1761 2615 1814 τὸν
2646 1763 2891 1832 οὐρανὸν,
2913 1763 3094 1828 καθώς
3121 1782 3284 1834 φησιν
3314 1767 3342 1818 ό
3375 1768 3806 1839 Ἐκκλησιαστής,

2259 1851 2317 1904 ὲν
2352 1854 2465 1915 τοῖς
2496 1855 2630 1905 πᾶσι
2658 1852 2714 1906 δὲ
2746 1854 2838 1906 καὶ
2862 1853 2942 1908 τά
2954 1855 3050 1924 τῆς
3079 1857 3351 1926 ἡμετέρας
3370 1857 3643 1922 πολιτείας
3673 1860 3811 1930 ἱεράς

2261 1940 2632 2012 καθεστήκασι
2687 1945 2984 2014 πράγματα
3010 1961 3025 1977 ο
3070 1945 3262 1998 οὐκοῦν
3321 1949 3721 2018 σκοπήσωμεν.
3766 1952 3808 2002 εί

2260 2033 2430 2098 δοκεῖ,
2473 2035 2568 2088 καὶ
2613 2037 2671 2089 ὲν
2715 2037 2928 2106 ἑκάστῳ
2981 2035 3157 2106 καιρῷ
3199 2037 3268 2090 τὰ
3310 2037 3388 2108 τῷ
3433 2039 3607 2110 καιρῷ
3650 2042 3808 2094 οἰκεῖα

2263 2124 2592 2196 ζητήσωμεν
2614 2145 2628 2157 ·
2663 2127 2852 2196 καιρὸς
2880 2127 2986 2197 γὰρ
3016 2128 3231 2190 πάντως
3255 2129 3312 2180 ὲν
3349 2133 3460 2192 τοῖς
3491 2130 3809 2200 ἀγωνιζομέ-

2261 2232 2370 2276 νοις
2398 2217 2544 2268 ὲστὶν
2572 2217 2861 2279 ἀπαθείας.
2889 2216 2976 2268 διὰ
3003 2215 3100 2286 τήν
3129 2217 3233 2269 τῶν
3253 2219 3662 2291 ἀγωνιζομένων
3683 2221 3808 2288 λέγω

2268 2299 2585 2375 νηπιότητα.
2623 2307 2826 2375 Καιρὸς
2855 2305 3122 2377 δακρύων,
3152 2306 3246 2360 καὶ
3272 2311 3458 2379 καιρὸς
3487 2311 3808 2380 σκληροκαρ-

2262 2395 2379 2458 δίας
2406 2409 2420 2424 ·
2455 2397 2642 2466 καιρὸς
2679 2397 2976 2466 ὑποταγῆς,
3012 2398 3105 2450 καὶ
3130 2398 3314 2468 καιρὸς
3347 2400 3440 2451 τοῦ
3477 2402 3806 2454 ἐπιτάττειν·

2264 2487 2454 2557 καιρὸς
2503 2489 2776 2556 νηστείας,
2829 2489 2923 2540 καὶ
2981 2480 3600 2560 καιρδςῖὶεταλήψεως·
3635 2492 3810 2561 καιρὸς

2263 2576 2519 2646 πολέμου,
2556 2576 2810 2647 σώματος⁴
2840 2575 3058 2646 ἐχθροῦ,
3090 2577 3184 2629 καὶ
3219 2579 3404 2648 καιρὸς
3448 2579 3675 2634 θανάτου
3720 2598 3810 2632 πυ-

2266 2667 2500 2738 ρώσεως·
2519 2667 2715 2738 «καιρὸς
2743 2666 3007 2737 χειμῶνος
3033 2666 3229 2736 ψυχῆς,
3256 2669 3349 2721 καὶ
3372 2670 3558 2740 καιρὸς
3587 2671 3810 2740 γαλήνης

2261 2757 2413 2819 νοός·
2456 2757 2647 2827 καιρὸς
2692 2757 2867 2825 λύπης
2914 2757 3370 2826 καρδιακῆς,,καὶ
3416 2760 3604 2830 καιρὸς
3650 2762 3811 2830 χαρᾶς

2264 2847 2661 2918 πνευματικῆς⁸
2694 2847 2882 2917 καιρὸς
2896 2848 3263 2912 διδασκαλίας,
3299 2849 3402 2908 καὶ,
3425 2851 3612 2920 καιρὸς
3656 2853 3810 2918 ἀκροο

530 3000 532 3002 τ
594 2937 999 3009 obteinperandi
1019 2945 1073 2992 et
1091 2945 1302 3006 tempus
1329 2935 1627 3005 imperandi
1659 2956 1672 2991 :
1699 2949 1909 3007 tempus
1933 2939 2156 3009 jejnnii,

2263 2938 2440 3000 άσεως
2470 2953 2485 2967 ο
2516 2937 2706 3008 καιρὸς
2739 2937 3048 3008 μολυσμῶν,
3081 2938 3207 3002 ἴσως
3243 2939 3330 2992 διὰ
3355 2940 3452 3010 τήν
3481 2939 3669 3008 οἴησιν,
3701 2956 3812 3014 και-

599 3040 811 3098 tempus
854 3043 1093 3097 mensae:
1129 3035 1339 3096 tempus
1385 3027 1532 3091 belli,
1566 3026 1742 3081 hostis
1783 3029 2060 3095 corporis;
2107 3038 2162 3083 et

597 3131 810 3191 tempus
859 3122 1008 3190 pacis
1055 3135 1150 3175 seu
1207 3119 1399 3173 mortis
1440 3117 1706 3173 exstincto
1757 3124 1949 3188 nempe
1981 3122 2187 3178 carnis

599 3214 1072 3281 ardoreztempus
1123 3209 1457 3278 tempestatis
1491 3209 1559 3275 in
1607 3210 1808 3279 anima,
1853 3219 1908 3265 et
1951 3221 2162 3281 tempus

601 3305 909 3358 serenitatis
950 3303 1005 3355 in
1060 3311 1240 3355 mente
1271 3318 1284 3354 :
1318 3309 1528 3369 tempus
1571 3303 1824 3356 mteroris
1875 3303 1926 3355 in
1975 3304 2158 3370 corde,

599 3403 653 3446 et
694 3402 914 3460 tempus
965 3391 1148 3460 gaudii
1197 3391 1250 3443 in
1291 3391 1760 3461 spiritnztempus
1812 3393 2058 3454 docendi,
2107 3402 2162 3447 et

604 3497 815 3553 tempus
866 3483 1108 3538 discendi
1141 3501 1154 3534 :
1190 3491 1398 3550 tempus
1444 3482 1897 3550 inquinationmn
1928 3481 2162 3538 fortasse

605 3585 821 3646 propter
876 3575 1042 3628 animi
1099 3573 1340 3637 fastum,
1394 3581 1448 3624 et
1505 3580 1717 3639 tempus
1768 3572 2162 3640 repurgationis
2219 3631 2224 3634 _

605 3665 1229 3738 propter'humilitatem
1265 3681 1280 3719 :
1312 3672 1526 3730 tempus
1584 3661 1739 3714 lucta:
1765 3701 1780 3726 ,
1833 3671 1889 3716 et
1949 3671 2162 3731 tempus

600 3770 809 3810 securae
865 3750 1206 3808 remissionis
1241 3765 1257 3804 τ
1289 3760 1500 3817 tempus
1560 3747 1799 3817 quietis,
1851 3759 1902 3801 et
1953 3758 2163 3818 tempus

596 3850 719 3902 sine
775 3845 1129 3899 d-stractione
1199 3839 1574 3910 Occupationis
1628 3858 1641 3893 :
1695 3848 1906 3908 tempus
1961 3840 2051 3892 ditt
2108 3851 2162 3894 et

596 3940 820 3995 assidue
874 3937 1151 4007 precandi,
1209 3942 1426 4003 tempus
1500 3933 1728 4005 ﬁdeliter
1792 3933 2158 3996 ministrandi.

594 4034 934 4100 Quapropter
978 4044 1044 4081 ne
1083 4043 1146 4082 ex
1195 4026 1430 4094 superbo
1483 4026 1646 4078 animi
1695 4023 1895 4092 impetu
1947 4023 2160 4094 decepti

593 4128 725 4173 ante
750 4127 962 4185 tempus
993 4115 1372 4189 aggrediamur
1405 4128 1466 4167 ea
1494 4129 1616 4183 qua:
1639 4128 1740 4167 suo
1771 4122 2012 4181 tempore
2027 4122 2163 4168 .sunt

2241 3029 2356 3100 ..ρὸς
2381 3029 2722 3098 καθάρσεως,
2757 3029 2845 3083 διὰ
2878 3028 2976 3099 τὴν
3004 3030 3328 3082 ταπείνωσιν
3348 3047 3363 3061 ο
3395 3032 3583 3104 καιρὸς
3623 3030 3808 3100 πάλης,

2261 3120 2356 3172 καὶ
2393 3118 2668 3186 ἀσφαλοῦς
2696 3118 2930 3180 ἀνέσεως
2954 3133 2970 3149 ο
3012 3117 3200 3188 καιρὸς
3230 3109 3481 3188 ἡσυχίας,
3513 3119 3603 3170 καὶ
3631 3116 3812 3185 καιρὸς

2259 3208 2672 3283 άπερισπάστου
2700 3205 3119 3278 περισπασμοῦ-·
3147 3206 3335 3277 καιρὸς
3371 3206 3672 3277 προσευχῆς
3695 3206 3812 3258 ἀενο

2259 3300 2414 3372 νάου,
2448 3300 2545 3353 καὶ
2574 3298 2765 3369 καιρός
2794 3297 3066 3359 διακονίας
3103 3297 3485 3365 ἀνυποκρίτου.
3523 3297 3613 3366 Μή
3639 3295 3813 3350 τοίνυν

2262 3389 2369 3459 πρὸ
2397 3389 2591 3458 καιροῦ
2640 3387 2696 3454 ἐξ
2733 3389 3080 3457 ὑπερηφάνου
3129 3386 3434 3456 προθυμίας
3478 3387 3812 3456 ἀπατώμενοι

2259 3483 2328 3534 τὰ
2372 3477 2468 3534 τοῦ
2521 3482 2714 3550 καιροῦ
2761 3482 3112 3550 ζητήσωμεν·
3158 3480 3231 3549 μὴ
3271 3483 3330 3532 ὲν
3373 3481 3691 3550 χειμῶνιτά
3721 3479 3812 3534 τοῦ

2263 3568 2454 3636 θέρους
2477 3584 2490 3599 ο
2527 3569 2603 3637 μὴ
2647 3571 2706 3620 ὲν
2752 3570 2936 3638 σπόρῳ
2973 3569 3040 3621 τὰ
3088 3569 3194 3620 τῶν
3223 3568 3548 3638 δραγμάτων
3571 3607 3586 3632 ,
3635 3569 3814 3639 ἐπειδὴ

2263 3657 2450 3726 καιρὸς
2490 3657 2584 3710 τοῦ
2633 3662 2851 3728 σπεῖραι
2884 3659 3096 3722 πόνους,
3130 3657 3222 3710 καὶ
3264 3660 3453 3728 καιρὸς
3477 3659 3569 3712 τοῦ
3608 3658 3813 3729 θερίσαι

2261 3748 2360 3810 τὰς
2388 3749 2611 3818 χάριτας
2635 3748 2733 3810 τὰς
2761 3749 3051 3819 ἀρρήτους.
3077 3750 3138 3802 Ei
3167 3749 3223 3800 δὲ
3255 3753 3327 3820 μή
3366 3768 3449 3817 γε,
3503 3751 3617 3804 οὐδὲ
3647 3753 3703 3803 ὲν
3737 3751 3815 3820 τῷ

2263 3837 2439 3908 καιρῷ
2471 3838 2541 3891 τά
2563 3839 2659 3892 τοῦ
2689 3840 2882 3910 καιροῦ
2907 3843 3079 3893 οἰκεῖα
3115 3843 3454 3911 κομιούμεθα
3500 3843 3629 3913 (65).
3661 3843 3812 3909 Τινὲς

2263 3929 2368 3998 πρὸ
2393 3928 2499 3982 τῶν
2551 3931 2832 3999 καμάτων,
2871 3932 3013 3994 τινὲς
3068 3933 3124 3984 ὲν
3174 3936 3286 3996 τοῖς
3341 3934 3621 4001 καμάτοις,
3670 3934 3813 3995 τινὲς

2264 4021 2402 4090 μετὰ
2431 4023 2554 4085 τοὺς
2582 4024 2882 4092 καμάτους,
2933 4025 3074 4088 τινες
3105 4026 3164 4078 ὲν
3191 4024 3268 4093 τῷ
3302 4025 3516 4094 θανάτῳ
3542 4025 3636 4085 τὰς
3660 4023 3812 4085 ὁσίας

2263 4112 2498 4181 ἀμοιϐὰς
2547 4115 2699 4181 παρὰ
2749 4113 2841 4166 τοῦ
2879 4106 3015 4167 Θεοῦ
3061 4115 3170 4167 τῶν
3223 4115 3438 4168 οίκείων
3485 4114 3660 4168 κόπων
3696 4114 3816 4167 κατ’

599 4207 868 4267 facienda,
917 4221 1018 4259 nec
1045 4206 1097 4258 in
1133 4205 1307 4258 hieme
1328 4219 1552 4272 agamus
1577 4218 1698 4271 qua;
1744 4203 1798 4254 in
1827 4211 2010 4256 aestate
2031 4211 2160 4269 sunt

2261 4202 2573 4270 οἰκονομίαν
2616 4202 2852 4272 ἄρρητον
2899 4203 3242 4272 ἐκομίσαντο.
3287 4205 3557 4274 Ζητητέον
3583 4204 3666 4267 τίς
3691 4201 3815 4256 v06-

595 4295 828 4366 agenda,
854 4309 952 4349 nec
977 4295 1032 4346 in
1070 4295 1308 4349 semente
1334 4307 1563 4346 messem
1598 4307 1941 4360 quieramus;
1973 4290 2156 4358 siqui-

2261 4304 2368 4339 των
2396 4290 2490 4341 τοῦ
2517 4289 2712 4361 ,ἑτέρου
2742 4291 3114 4359 ταπεινότερος
3148 4292 3504 4363 καθέστηκεν.

594 4387 722 4439 dem
757 4394 969 4451 tempus
1020 4389 1075 4434 et
1127 4377 1340 4433 serendi
1390 4379 1639 4439 labores,
1670 4374 1825 4443 351
1889 4384 1945 4427 et
2001 4385 2213 4444 tempus
2251 4376 2484 4430 metendi
2535 4376 2936 4444 incaplicabiles
2972 4380 3265 4446 gratiarum
3298 4397 3523 4438 messes.
3561 4383 3651 4439 Sin
3714 4384 3820 4437 mi.

594 4491 725 4538 nus,
763 4484 893 4528 tunc
919 4484 1093 4539 neque
1124 4483 1224 4521 suo
1260 4476 1519 4539 tempore,
1555 4479 1674 4533 quae
1711 4472 1838 4517 sunt
1862 4464 1978 4529 ejus
2013 4467 2267 4533 temporis
2295 4466 2512 4536 pr0pria
2534 4466 2850 4522 referemus.
2880 4467 3107 4533 Quidam
3152 4480 3275 4527 ante
3304 4472 3552 4539 labores,
3601 4474 3818 4543 quidam

598 4571 745 4622 inter
774 4568 920 4636 ipsos
944 4565 1154 4616 labores
1177 4560 1397 4630 quidam
1429 4567 1550 4626 post
1576 4557 1813 4623 labores,
1842 4558 2060 4626 quidam
2135 4559 2188 4612 in
2249 4569 2422 4615 morte
2447 4561 2661 4615 demum
2697 4561 2970 4616 cmlestem
3022 4561 3281 4616 sudorum
3331 4567 3817 4634 compensationem

594 4677 665 4716 ex
708 4671 907 4713 arcana
939 4663 993 4708 et
1035 4649 1379 4706 inenarrabili
1415 4648 1528 4703 Dei‘
1552 4648 1939 4718 gubernatione
1963 4656 2016 4701 et
2036 4649 2310 4706 voluntate
2331 4662 2667 4726 receperunt.
2695 4651 2883 4708 Restat
2913 4652 3288 4723 inquirendum
3315 4656 3407 4725 qui
3438 4657 3629 4712 horum
3655 4659 3821 4713 altero

599 4755 762 4809 luerit
797 4749 1072 4805 humilior.

672 4843 768 4898 Est
814 4837 1211 4910 desperationis
1266 4851 1438 4906 genus
1494 4835 1638 4902 quod
1696 4848 1758 4887 ex
1821 4832 2169 4888 multitudine

602 4942 970 5003 peccatorum,
1033 4940 1087 4983 et
1135 4928 1478 4983 conscientia:
1557 4926 1790 4994 pondere
1841 4934 1896 4978 et
1974 4927 2171 4980 intole~

521 5066 525 5070 .
603 5026 760 5079 rabili
831 5025 1047 5077 tristitia
1100 5021 1331 5083 exsistit,
1391 5019 1605 5089 quando
1673 5017 1854 5071 anima
1907 5033 1973 5072 ex
2029 5018 2169 5070 ntul-

609 5117 835 5174 titudine
865 5118 1151 5168 vulnerum
1187 5113 1414 5167 nimium
1449 5110 1733 5180 mergitur.
1765 5119 1819 5164 et
1849 5124 2016 5164 onere
2043 5125 2169 5177 pce-

603 5220 850 5266 catorum
872 5245 887 5269 ,
921 5205 1180 5258 altissima
1214 5190 1609 5270 desperationis
1639 5202 1892 5269 voragine
1919 5201 2168 5253 hauritur

601 5315 658 5360 et
685 5299 1024 5356 absorbetur.
1061 5295 1156 5349 Est
1184 5304 1237 5348 et
1263 5296 1366 5348 alia
1395 5295 1700 5364 desperatio
1731 5311 1854 5364 qua:
1881 5312 1948 5350 ex
1979 5309 2167 5362 super-

606 5398 693 5452 hia
721 5404 776 5450 et
818 5387 1194 5446 aestimationis
1238 5385 1380 5440 fastu
1434 5388 1593 5439 nobis
1640 5388 1924 5455 contingit,
1975 5395 2033 5439 ut
2072 5385 2164 5452 qui

604 5487 877 5542 existimet
905 5480 1187 5549 indignum
1217 5490 1296 5541 se,
1329 5477 1423 5545 qui
1453 5475 1507 5528 in
1543 5477 1706 5529 talem
1740 5492 1930 5530 casum
1958 5477 2168 5530 incide-

609 5593 687 5634 ret
715 5580 902 5632 t'nisse.
961 5575 1015 5626 In
1070 5571 1155 5625 his
1205 5569 1459 5625 duobus.
1503 5566 1592 5634 qui
1639 5567 2026 5630 observaverit,
2066 5567 2167 5619 hoc

610 5671 880 5738 premium
910 5660 1292 5734 deprehendet,
1324 5658 1464 5726 quod
1498 5658 1632 5708 alter
1675 5671 1735 5708 ex
1762 5657 2159 5724 desperatione,

610 5760 842 5827 seipsum
870 5758 1122 5824 deinceps
1148 5752 1265 5806 sine
1317 5748 1631 5802 discrimine
1663 5746 1910 5799 omnibus
1931 5749 2164 5812 peccatis

2337 4843 2523 4896 Ἔστιν
2551 4843 2856 4910 ἀπόγνωσις
2909 4842 2971 4892 ὲκ
2994 4840 3228 4911 πλήθους
3255 4839 3818 4912 ἀμαρτημάτων(66),

2221 4965 2225 4970 -
2263 4935 2357 4990 καὶ
2389 4933 2689 4994 συνειδότος
2727 4930 2946 5001 βάρους,
2979 4930 3074 4983 καὶ
3112 4932 3385 5001 ἀφορήτου
3413 4931 3589 5000 λύπης
3623 4931 3705 4985 διὰ
3746 4931 3817 4984 τὸ

2265 5023 2771 5096 ὑπερῦαπτισθῆναι
2814 5021 2891 5090 τῷ
2945 5020 3135 5093 πλήθει
3167 5021 3276 5074 τῶν
3328 5021 3663 5090 τραυμάτων
3713 5019 3818 5090 τὴν

2264 5119 2462 5189 ψυχὴν,
2513 5118 2607 5171 καὶ
2644 5114 2720 5184 τῷ
2751 5114 2905 5184 βάρει
2961 5111 3157 5176 αὐτῶν,
3210 5113 3290 5173 είς
3350 5111 3438 5164 τὸν
3463 5111 3819 5180 ἀπογνώσεως

2267 5209 2427 5278 βυθὸν
2481 5202 2996 5267 καταποντίζεσθαιε
3045 5204 3140 5256 καὶ
3195 5202 3342 5255 ἐστιν
3397 5203 3696 5270 ἀπόγνωσις
3748 5202 3818 5270 ιε

2263 5300 2640 5370 ὑπερηφανίας
2687 5279 2793 5348 ’καὶ
2837 5293 3066 5362 οἰήσεως
3126 5295 3259 5363 ἡμῖν
3322 5293 3816 5362 ὲπισυμδαίνουσα,

2263 5387 2606 5460 λογιζόμενον
2659 5384 2848 5440 ἑαυτὸν
2893 5385 2968 5443 ὡς
3008 5382 3224 5445 ἀνάξιον
3257 5381 3386 5434 ὂντα
3411 5383 3504 5435 τοῦ
3545 5383 3818 5455 συμσεδηο

2263 5477 2418 5540 κότος
2456 5477 2748 5546 πτώματος
2772 5487 2789 5506 ·
2823 5470 2979 5525 τοῦτο
3000 5471 3056 5524 δὲ
3105 5473 3133 5523 ὁ
3154 5471 3490 5541 παρατηρῶν
3538 5475 3596 5534 ἐν
3636 5475 3818 5540 ἀμφο-

2263 5565 2440 5634 τέροις
2491 5565 2711 5635 εὑρήσει
2747 5560 2808 5613 τὸ
2850 5559 3081 5628 ἰδίωμα·
3125 5557 3216 5609 τὸν
3269 5559 3366 5626 μὲν
3421 5560 3478 5611 ἐν
3523 5559 3820 5627 ,ἀδιαφορία

2271 5657 2458 5709 ἑαυτὸν
2487 5657 2671 5708 λοιπὸν
2697 5649 3058 5720 ἐκδεδωκότα·
3107 5647 3196 5700 τὸν
3243 5649 3296 5701 δὲ
3337 5649 3430 5718 τῆς
3462 5653 3729 5718 ἀσκήσεως
3755 5649 3821 5696 ὲν

2275 5746 2582 5813 ἀπογνώσει
2608 5743 2916 5813 βχόμενον,
2976 5737 3110 5807 ὅπερ
3161 5737 3520 5808 ἀσύμφωνον·
3567 5734 3691 5790 ἀλλὰ
3718 5731 3824 5798 ’τὸν
