4030 6342
638 437 772 503 Ῐθ35
1875 429 1933 487 S.
1959 429 2008 488 Jt
2027 429 2269 488 EANNIS
2298 431 2598 491 (LIMACI
3719 443 3844 506 1036

635 561 861 604 taliones
890 546 1116 600 aliarum
1147 540 1450 598 animarum
1484 555 1547 592 ex
1577 552 1769 606 magna
1794 539 2061 591 cliaritate
2103 553 2193 601 tua
2220 588 2226 597 ,

2251 541 2501 609 ,Κυρίου
2541 541 2951 614 γνωριζέτωσαν
2977 561 2991 576 ο
3039 548 3086 598 oi
3128 548 3185 601 δὲ
3235 549 3429 602 τέλειοι
3482 551 3547 602 ὲκ
3606 553 3714 621 τῆς
3754 555 3842 606 τοῦ

632 639 934 695 adiciuntur
952 651 1076 705 erga
1097 635 1237 698 illas,
1254 630 1656 701 deprehendere
1678 635 1989 696 potuerunt,
2004 639 2093 682 ett
2135 646 2187 682 m

2284 633 2601 702 Πνεύματος
2647 637 2980 706 παρουσίας,
3025 643 3118 692 καὶ
3177 641 3276 709 τῆς
3320 641 3428 694 τῶν
3486 645 3843 713 χαρισμάτων

632 727 994 798 potissimum,
1019 739 1144 779 cum
1173 722 1294 792 puri
1327 720 1428 789 ipsi
1459 719 1526 772 ab
1561 717 1812 772 sordibus
1845 727 2185 789 peccatorum

2288 724 2636 798 προσθήκης·
2672 726 2789 779 ἔστι
2838 729 3046 797 δαίμων
3071 730 3209 784 ἐπὰν
3246 733 3314 785 tr
3345 735 3402 803 τῇ
3443 733 3600 806 κλίνῃ
3641 733 3841 787 ἀναπέ-

633 833 740 872 non
766 816 1006 886 absorpti
1049 823 1192 869 sunt.
1227 814 1284 867 Si
1330 810 1467 864 nihil
1502 819 1612 863 tam
1647 817 1915 895 repugnat
1940 811 2187 879 incorpo-

2285 831 2487 883 σωμεν,
2532 815 2668 885 πρὸς
2712 818 2859 888 ἡμᾶς
2907 821 3369 891 παραγενόμενος,
3420 823 3516 875 καὶ
3577 825 3843 895 πονηραῖς

633 921 739 960 reae
767 913 971 958 natura:
994 916 1159 972 quam
1183 900 1234 954 id
1262 897 1409 968 quod
1431 909 1749 965 corporeum
1780 903 1865 948 est
1893 894 2009 964 (qui
2039 895 2185 962 legit,

2282 905 2431 973 ἡμᾶς
2512 907 2608 959 καὶ
2672 909 2944 980 ῥυπαραῖς
3020 914 3394 977 κατατοξεύων
3461 894 3841 986 ὲνθυμήσενσιν,

634 994 934 1066 intelligat),
950 990 1356 1050 observationes
1372 987 1428 1040 in
1445 985 1792 1040 sacularibus
1808 984 2002 1039 divinae
2017 985 2189 1053 provi-

2284 993 2372 1047 ἵνα
2399 998 2472 1065 ’τῇ
2499 996 2727 1068 ὀκνηρίᾳ
2759 1000 2839 1061 εἰς
2872 1002 3174 1073 προσευχὴν
3219 1003 3340 1056 τότε
3382 1005 3504 1056 κατ’
3545 984 3716 1057 αὐτοῦ
3765 1004 3836 1074 μὴ

632 1087 852 1149 (lentiae,
883 1086 934 1140 in
955 1083 1112 1138 nobis
1132 1078 1458 1150 cognitionis
1483 1076 1680 1130 mentis
1707 1074 1971 1129 obsistere
1990 1075 2185 1129 solent.

2281 1084 2635 1157 ὁπλισάμενοι
2685 1090 2747 1143 ἐν
2806 1093 3077 1162 ῥυπαραῖς
3115 1095 3347 1159 ἐννοίαις
3387 1096 3837 1164 ἀφυπνὼσαντες.

631 1175 732 1243 Qui
761 1176 943 1230 animo
969 1187 1162 1244 parum
1207 1171 1364 1223 ﬁrmo
1395 1176 1450 1223 et
1484 1165 1755 1221 constanti
1797 1173 1944 1229 sunt,
1997 1179 2185 1218 curam

2287 1177 2503 1258 ῥυπαρὰ
2532 1180 2626 1230 καὶ
2647 1179 2717 1232 τὰ
2733 1181 2953 1236 ἐνύπνια
2985 1184 3333 1255 κτησώμεθα.
3374 1188 3562 1240 Ἔστιν
3595 1188 3840 1258 πνευμά-

631 1283 759 1336 erga
808 1281 866 1320 se
910 1263 1007 1317 Dei
1054 1277 1122 1315 ex
1160 1259 1402 1328 corporis
1451 1266 1626 1318 statu,
1658 1254 1933 1325 periculis,
1977 1264 2034 1310 et
2067 1257 2191 1310 aliis

2283 1257 2413 1331 coiit,
2453 1270 2758 1344 πρόδρομος
2792 1273 3144 1344 καλούμενος,
3177 1254 3238 1341 ἐξ
3271 1277 3439 1331 ὕπνου
3468 1281 3616 1348 ἡμᾶς
3645 1254 3843 1341 εὐθεως

629 1355 872 1410 externis
930 1349 1308 1406 vexationibus
1357 1347 1689 1414 intelligant;
1745 1343 1967 1412 perfecti
2010 1351 2188 1404 autem

2285 1343 2587 1424 δεχόμενος,
2638 1365 2731 1412 καὶ
2755 1361 2853 1432 τὴν
2885 1343 3218 1435 πρωτόνοιᾱν
3246 1368 3402 1436 ήμῶν
3439 1343 3839 1438 καταμολύνων.

628 1461 693 1498 ex
713 1443 945 1512 Spiritus
965 1438 1138 1494 sancti
1164 1435 1471 1506 praesentia,
1491 1445 1544 1488 et
1569 1433 1861 1503 gratiarum
1880 1433 2185 1488 caelestium

2291 1445 2440 1498 Δίδου
2485 1449 2582 1517 σῆς
2607 1451 2818 1522 ἡμέρας
2864 1433 3116 1526 ἀπαρχὰς
3163 1433 3366 1527 Κυρίῳ.
3422 1459 3528 1510 Τοῦ
3556 1433 3666 1526 Td?)
3717 1475 3843 1533 προ·

631 1537 983 1589 incremento.
1014 1531 1109 1585 Est
1135 1529 1344 1583 daemon
1373 1527 1465 1594 qui
1493 1526 1604 1593 jam
1637 1524 1691 1576 in
1735 1524 1870 1576 lecto
1899 1523 1988 1592 (ad
2035 1539 2185 1578 som-

1299 1542 1344 1578 in
1373 1527 1465 1594 qui
1493 1526 1604 1593 jam
1637 1524 1691 1576 in
1735 1524 1870 1576 lecto
1899 1523 1988 1592 (ad
2035 1539 2185 1578 som-
2289 1533 2560 1599 ποιοῦντος
2593 1539 2890 1611 ἔσται(78).

633 1643 760 1681 num
787 1629 1105 1695 capiendum
1135 1621 1509 1674 recumbentes
1552 1617 1921 1686 improbarum
1949 1626 2002 1670 et
2023 1618 2359 1698 impurarum
2406 1629 2788 1698 cogitationum
2823 1633 2944 1687 telis
2973 1649 3072 1688 nos
3110 1634 3359 1700 infestat,
3382 1637 3544 1708 354
3570 1648 3631 1691 ιιι
3655 1653 3722 1692 ex
3764 1636 3844 1707 pi,

635 1719 789 1786 gritia
825 1728 939 1770 tum
982 1714 1229 1769 oratione
1267 1727 1373 1766 non
1401 1712 1662 1764 obarmati
1684 1711 1737 1763 in
1759 1709 2007 1763 obscenis
2031 1711 2447 1780 cogitationibus
2474 1721 2901 1790 obdormiamus,
2929 1725 3066 1781 fedis
3107 1729 3269 1782 etiam
3303 1731 3587 1785 insomniis
3609 1745 3840 1798 occupe-

637 1827 775 1864 uiur.
805 1809 896 1862 Est
923 1823 953 1863 e
983 1806 1282 1877 spiritibus,
1303 1805 1603 1874 improbus,
1633 1818 1938 1895 praecursor
1967 1803 2164 1870 dictus,
2187 1808 2280 1874 qui
2306 1827 2406 1867 nos
2423 1829 2456 1869 ε
2479 1831 2668 1872 somno
2688 1831 3028 1889 experrectos
3048 1824 3228 1878 statim
3253 1824 3472 1895 excipit,
3501 1836 3554 1879 et
3576 1825 3840 1894 primitias

634 1904 1019 1975 cogitationum
1042 1910 1348 1955 nostrarum
1375 1899 1639 1967 inquinat.
1661 1896 1864 1950 Oderas
1885 1894 2113 1950 Domino
2134 1898 2236 1953 diei
2277 1905 2352 1958 tui
2385 1910 2671 1980 primitias,
2702 1915 2822 1983 ejus
2849 1919 2994 1971 enim
3028 1926 3190 1973 erunt
3224 1919 3315 1988 qui
3339 1894 3701 1973 anteverterit.

709 1996 940 2064 Dignum
1001 1993 1190 2046 auditu
1252 2006 1590 2056 sermonem.
1618 1988 1750 2042 mihi
1821 1989 2039 2057 quidam
2098 1990 2191 2044 Dei
2227 2001 2271 2061 Β

2243 2001 2271 2060 Β
2380 2003 2757 2068 Ἀξιάκουστὸν
2782 2027 2873 2079 μοι
2897 2011 3054 2078 λόγον
3088 2011 3323 2081 ἐργάτης
3339 2012 3554 2081 ἄριστος
3583 2010 3834 2080 ἔφρασεν.

638 2103 827 2142 servus
880 2085 1063 2138 retulit
1092 2103 1104 2138 :
1139 2085 1217 2136 Ex
1252 2084 1465 2152 primis,
1493 2081 1686 2151 inquit,
1743 2080 1847 2134 diei
1894 2082 2184 2150 auspiciis,

2301 2093 2390 2157 Ἐξ
2417 2096 2582 2165 αὗτῆς
2620 2097 2748 2166 γὰρ,
2797 2101 2888 2168 μοὶ
2928 2100 3052 2170 ἔφη,
3085 2080 3183 2170 τῆς
3235 2080 3444 2170 πρωίας
3496 2101 3588 2153 τὸν
3624 2100 3835 2154 ἅπαντά

637 2179 804 2232 totius
832 2176 937 2230 diei
971 2183 1170 2229 statum
1217 2172 1470 2241 conjicio,
1525 2187 1619 2224 seu
1665 2171 1972 2240 prtcscisco.
2008 2171 2188 2226 Multa:

2292 2200 2391 2251 μου
2429 2184 2623 2254 δρόμον
2664 2187 2761 2255 τῆς
2786 2189 3006 2257 ,ἡμέρας
3038 2190 3462 2258 προεπίσταμαι.
3511 2188 3708 2242 Πολλαὶ
3745 2190 3837 2241 καὶ

638 2273 767 2318 sunt
812 2262 1022 2330 pictatis
1076 2269 1130 2312 et
1175 2259 1324 2312 exitii
1357 2257 1458 2310 vice
1490 2275 1502 2309 :
1537 2267 1867 2325 quaprOpter
1920 2269 2059 2325 sape
2102 2257 2191 2310 hic

2289 2274 2386 2341 τῆς
2406 2274 2684 2336 εὐσεϐείας
2717 2277 2808 2327 καὶ
2857 2278 3129 2340 ἀπωλείας
3180 2279 3234 2330 αί
3280 2257 3606 2346 ὁδοιπορίαι·
3656 2279 3837 2346 διόπερ

637 2353 730 2420 qui
754 2351 906 2404 alteri
938 2348 1247 2417 opponitur,
1272 2361 1394 2400 cum
1416 2345 1585 2398 altero
1616 2344 1815 2412 Optime
1843 2346 2115 2406 convenit,
2137 2353 2192 2398 et

2291 2362 2549 2426 πολλάκις
2574 2365 2602 2415 ὃ
2631 2363 2705 2433 τῷ
2730 2365 2899 2436 ἑτέρῳ
2933 2368 3403 2436 ἀντιτασσόμενος,
3445 2344 3587 2436 dum
3605 2344 3837 2437 γνησίως

639 2454 814 2493 tamen
847 2439 1125 2505 utriusque
1163 2451 1315 2490 mens
1343 2443 1396 2488 ct
1441 2435 1564 2488 linis
1598 2433 1707 2487 Deo
1733 2435 1925 2503 placet.
1955 2432 2192 2488 Luctan-

2301 2451 2640 2520 συνέρχεται,
2681 2432 2778 2504 καὶ
2822 2432 2882 2506 τὸ,
2926 2454 3036 2505 τῶν
3097 2432 3417 2524 ἀμφοτέρων
3475 2432 3837 2517 σκοπόςνὲστι

637 2544 724 2584 ιυι·
751 2530 1032 2583 nobiscum
1082 2526 1357 2581 daemones
1399 2541 1494 2595 per
1520 2527 1864 2588 tentationes,
1913 2542 2051 2594 quas
2100 2543 2195 2579 ex-

2292 2542 2482 2610 Κυρίῳ
2514 2541 2803 2610 εὐάρεστος
2828 2542 2958 2611 (79).
3005 2542 3296 2595 Παλαίουσι
3341 2543 3439 2610 μὲν
3486 2546 3537 2597 oi
3590 2542 3837 2612 δαίμονες

635 2621 896 2688 perimur,
933 2626 992 2670 ut
1037 2616 1241 2684 aliquid
1301 2615 1581 2682 indignum
1631 2615 1716 2667 vel
1762 2613 2046 2679 dicamus,
2109 2616 2195 2670 vel

2295 2630 2388 2682 ἐπὶ
2442 2632 2552 2692 τοῖς
2610 2631 2997 2699 συμϐαίνουσιν
3052 2634 3186 2702 ἡμῖν
3249 2635 3570 2705 πειρασμοῖς
3613 2633 3645 2703 ἢ
3689 2633 3836 2697 λέξαι

639 2711 920 2764 faciamus.
976 2708 1131 2770 Quod
1180 2707 1227 2760 si
1271 2705 1563 2774 impetrare
1616 2720 1725 2757 non
1777 2716 2028 2773 possunt,
2079 2714 2194 2758 tum

2292 2718 2443 2785 ἡμᾶς
2480 2718 2512 2786 ἢ
2547 2717 2747 2788 πρᾶξαι
2792 2720 3008 2774 ἄτοπον.
3063 2722 3173 2773 Καὶ
3217 2721 3342 2775 ὅταν
3396 2722 3469 2792 μὴ
3527 2721 3833 2792 ἰσχύσωσιν,

641 2801 840 2853 sensim
883 2800 1212 2866 irrepentes,
1253 2804 1548 2864 suggerunt
1579 2795 1734 2848 nobis
1765 2797 1842 2848 uti
1884 2811 1978 2863 per
2006 2811 2197 2864 super-

2292 2807 2474 2878 ἠρέμα
2537 2811 2851 2874 ἐπιστάντες
2911 2813 3254 2882 ὑπερήφανον
3301 2816 3435 2884 ἡμῖν
3493 2813 3835 2885 εὐχαριστίαν

641 2891 784 2944 biam
813 2890 895 2958 (ut
937 2889 1024 2941 ille
1048 2887 1366 2956 pltariszeus)
1409 2884 1518 2939 Deo
1555 2885 1756 2953 gratias
1797 2885 2061 2941 dicamus.
2095 2886 2197 2952 Qui

2297 2899 2434 2969 πρὸς
2461 2900 2592 2952 Θεὸν
2622 2901 2961 2956 ὑποτίθενται
2981 2918 2996 2931 ⁸
3023 2904 3071 2954 οἱ
3104 2903 3203 2973 μὲν
3231 2903 3301 2956 τὰ
3323 2903 3435 2957 άνω
3458 2884 3833 2975 φρονήσαντες,

639 2998 701 3035 ea
736 2997 856 3048 quze
903 2995 1064 3049 supra
1104 2989 1250 3043 sunt,
1294 2977 1532 3047 sapiunt,
1586 2976 1783 3030 mortui
1811 2977 1926 3031 sive
1959 2978 2197 3047 separati

2297 2986 2646 3058 χωριζόμενοι
2681 2991 2793 3044 άνω
2829 2991 3068 3060 μερικῶς
3109 2994 3585 3064 ἀνέρχονται(8θ)ο
3613 2996 3660 3048 οἱ
3686 2995 3742 3046 δὲ
3767 2994 3836 3046 τὰ

639 3089 670 3127 a
708 3086 936 3141 corpore
973 3087 1067 3140 per
1095 3079 1276 3140 partes
1320 3069 1386 3123 ad
1418 3069 1694 3138 superiora
1733 3069 2069 3123 ascendunt:
2103 3071 2197 3139 qui

2297 3079 2464 3144 κάτω,
2510 3081 2661 3133 κάτω
2713 3081 2874 3134 πάλιν
2920 3081 3277 3153 πορεύονται’
3319 3085 3428 3137 τῶν
3471 3085 3579 3156 γὰρ
3615 3083 3837 3155 χωριζο-

637 3179 766 3219 vero
795 3162 1011 3232 sapiunt
1037 3178 1158 3230 quae
1205 3160 1341 3214 infra
1387 3169 1540 3224 sunt,
1572 3159 1640 3212 ad
1673 3157 1928 3214 inferiora
1977 3176 2195 3216 rursum

2299 3173 2474 3243 μένων
2512 3173 2662 3225 οὐδὲν
2684 3172 2868 3226 λοιπὸν
2909 3175 3070 3242 μέσον
3111 3177 3454 3230 ίσταται.Ἒν
3469 3178 3576 3230 τῶν
3607 3176 3834 3246 κτισμά-

638 3256 973 3309 descendunt
1021 3270 1034 3306 :
1090 3263 1460 3322 separatorum
1511 3253 1654 3314 enim
1714 3266 1809 3306 seu
1858 3261 2194 3308 mortuorum

2297 3281 2404 3316 των
2445 3265 2500 3316 ὲν
2535 3265 2704 3335 ὲτέρῳ
2721 3267 2813 3317 καὶ
2830 3267 2930 3319 οὐκ
2952 3267 3011 3317 ἐν
3047 3265 3306 3336 ἑαυτῷ⁴τὸ
3335 3263 3473 3320 εῖναι
3497 3268 3676 3336 είληφε
3700 3266 3833 3337 (81)·

640 3350 792 3401 locus
810 3347 1020 3400 medius
1037 3345 1220 3398 nullus
1247 3355 1329 3397 est
1359 3344 1617 3412 reliquus.
1645 3341 1817 3396 Unum
1841 3358 1904 3397 ex
1935 3344 2191 3414 (duobus)
2221 3345 2231 3393 1

2243 3339 2265 3399 ἶ
2295 3355 2388 3405 καὶ
2413 3354 2594 3424 θαῦμα
2621 3356 2736 3418 πῶς
2755 3356 2909 3418 ἐκτὸς
2937 3356 3032 3407 τοῦ
3073 3358 3131 3408 ὲν
3170 3351 3214 3424 ᾧ
3255 3356 3317 3409 τὸ
3356 3352 3493 3409 εἶναι
3521 3359 3834 3428 ἐκομίσατο,

643 3438 736 3490 Dei
789 3437 985 3490 creatis
1036 3435 1290 3504 operibus
1346 3435 1402 3486 in
1454 3435 1665 3499 altero,
1729 3448 1838 3487 non
1903 3435 1959 3487 in
2020 3437 2198 3504 seipse

2295 3443 2662 3496 συνίστασθαι.
2699 3443 2930 3511 πέφυκε.
2978 3443 3090 3506 Τάς
3131 3444 3230 3514 μὲν
3267 3444 3514 3507 εὐσεϐεῖς
3542 3446 3836 3518 θυγατέρας

643 3537 892 3583 naturam
935 3542 1134 3592 suam,
1188 3527 1428 3594 adeoque
1465 3541 1622 3579 suum
1670 3527 1793 3587 esse
1850 3527 2091 3594 accepit,
2145 3537 2199 3582 et

2293 3532 2349 3584 αἱ
2391 3532 2622 3602 μητέρες
2643 3534 2910 3597 τίκτουσι,
2939 3532 3038 3595 τὰς
3056 3533 3120 3586 ,δὲ
3153 3534 3395 3604 μητέρας
3423 3535 3454 3585 ὁ
3494 3535 3712 3603 Κύριος.
3739 3534 3837 3587 καὶ

640 3620 841 3680 mirum
869 3627 952 3673 est
981 3617 1254 3687 quomodo
1286 3617 1415 3669 illud
1436 3617 1578 3685 quod
1603 3617 1655 3670 in
1684 3616 1856 3670 altero
1889 3631 2047 3670 suum
2079 3633 2200 3673 esse

2293 3622 2384 3673 ἐπὶ
2420 3621 2528 3672 τῶν
2549 3622 2804 3674 ἐναντίων
2832 3622 2910 3695 τῷ
2932 3623 3312 3693 προειρημένῳ
3335 3622 3516 3675 κανόνι
3540 3624 3713 3693 ὁρίσαι
3726 3623 3829 3676 οὐκ

637 3727 738 3765 seu
795 3719 1044 3763 naturam
1101 3722 1255 3763 suam
1311 3706 1556 3776 accepit,
1615 3707 1733 3761 sine
1795 3707 1967 3762 altero
2024 3710 2200 3776 possit

2295 3712 2513 3780 ἄσοφον.
2569 3713 2751 3775 Δειλὸς
2798 3715 2880 3777 είς
2925 3714 3159 3784 πόλεμον
3203 3713 3276 3785 μὴ
3322 3714 3530 3779 ὲξιέτω,
3584 3714 3832 3784 Μωυσῆς,

636 3801 959 3862 consistere.
1019 3797 1147 3854 Pias
1205 3797 1346 3852 filias
1404 3806 1602 3852 matres
1660 3799 1927 3867 gignunt,
1971 3803 2196 3878 imatres

2299 3804 2498 3875 μᾶλλον
2536 3804 2592 3858 δὲ
2638 3805 2768 3870 Θεὸς
2807 3806 3266 3876 παρακελεύεται,
3309 3807 3507 3878 μήπως
3549 3808 3765 3876 γένηται
3796 3807 3831 3874 ἡ

634 3903 818 3949 autem
848 3892 1130 3957 Dominus,
1165 3891 1272 3960 Qua
1303 3890 1415 3958 lege
1461 3904 1555 3943 seu
1588 3889 1770 3957 regula
1798 3890 1960 3942 etiam
1985 3889 2038 3944 in
2070 3905 2198 3945 cou-

2244 3910 2248 3913 '
2296 3899 2495 3966 ἐσχάτη
2522 3897 2694 3968 πλάνη
2717 3899 2816 3969 τῆς
2852 3897 3029 3970 ψυχῆς
3071 3898 3208 3969 ὑπὲρ
3242 3898 3341 3968 τὴν
3396 3900 3616 3971 πρώτην
3635 3899 3831 3953 πτῶσιν

639 3987 828 4040 trariis
854 3985 934 4039 uti
964 3999 1073 4038 non
1106 3982 1210 4037 erit
1237 3981 1554 4036 absurdum.
1605 3980 1847 4036 Timidus
1897 3982 1952 4036 in
1994 3982 2192 4038 bellum

2292 3987 2385 4040 τοῦ
2411 3984 2677 4057 σώματος,
2695 3987 2789 4040 καὶ
2809 3989 3046 4052 εἰκότως.
3075 3990 3193 4052 Φῶς
3226 3993 3325 4062 μὲν
3343 3993 3449 4046 τῶν
3471 3992 3564 4045 τοῦ
3594 3989 3831 4061 σώματος

643 4092 709 4129 ne
739 4084 904 4148 exuo,
946 4085 1006 4130 ut
1025 4076 1218 4138 Moses,
1239 4074 1324 4128 vel
1347 4073 1523 4142 potius
1550 4071 1692 4127 Deus
1722 4073 1984 4142 imperat,
2006 4084 2060 4128 et
2085 4091 2196 4128 me-

2295 4078 2512 4130 πάντων
2537 4077 2754 4147 ἄρθρων
2779 4079 2830 4130 οί
2860 4079 3105 4149 αἰσθητοὶ
3141 4082 3434 4153 ὀφθαλμοί·
3467 4080 3582 4151 φῶς
3623 4080 3680 4132 δὲ
3717 4093 3827 4151 νοε-

641 4167 749 4218 rito
777 4182 843 4219 ne
865 4181 1016 4220 error
1042 4181 1236 4234 nempe
1272 4173 1582 4234 postremus
1611 4163 1769 4233 355
1799 4164 1994 4221 anima:
2023 4168 2196 4235 primo

1672 4163 1769 4233 55
1799 4164 1994 4221 anima}
2023 4168 2196 4235 primo
2296 4166 2390 4235 ρὸν
2418 4166 2626 4236 ἀρετῶν
2647 4167 2756 4220 τῶν
2784 4167 2943 4220 θείων
2973 4167 3263 4240 διάκρισις.

645 4272 778 4310 casu
839 4259 1078 4324 corporis
1125 4257 1362 4312 deterior
1400 4256 1520 4308 .ﬁat.
1595 4254 1804 4308 Lumen
1881 4254 2126 4310 omnium
2199 4255 2446 4325 corporis
2495 4255 2863 4310 membrorum
2905 4267 3044 4326 sunt
3088 4268 3230 4314 oculi
3283 4260 3533 4315 sensibus
3585 4257 3830 4327 subjecti.

645 4347 760 4402 Lux
791 4361 919 4401 vero
963 4347 1265 4402 intellectus
1288 4345 1529 4400 omnium
1577 4343 1882 4398 divinarum
1931 4345 2191 4400 virtutum
2223 4355 2305 4400 est
2325 4337 2624 4402 discretio..-

935 4430 1365 4516 scnom‘an
1392 4456 1682 4514 GRADUM
1724 4455 1919 4510 xxvr.
2218 4445 2262 4498 ι)

1874 4455 1919 4509 ι.
2218 4445 2262 4498 D
2659 4463 2910 4518 ΣΧΟΛΙΑ
2932 4444 3044 4518 ιῇε
3070 4465 3297 4521 ΛΟΓΟΝ
3324 4467 3465 4532 KQ".

1179 4569 1252 4623 De
1280 4572 1607 4624 discretione.
1927 4549 1940 4557 θ

1927 4549 1940 4557 .
2797 4580 2936 4647 Περὶ
2963 4580 3331 4646 διακρίσεως.

993 4659 1236 4715 Scholion
1267 4661 1458 4714 lsaaci.
1502 4661 1734 4724 Qumslio
1759 4661 1813 4716 ‘l.
2576 4711 2584 4722 .

2576 4672 2836 4738 Σχόλιον
2868 4670 3097 4724 Ἰσαάκ.
3150 4667 3468 4735 Ἐρώτησις
3494 4674 3562 4722 α’.

711 4756 850 4823 Quid
890 4763 974 4808 est
1007 4751 1301 4820 perfectio?
1333 4751 1482 4817 Resp.
1514 4752 1845 4806 liumilitatis
1875 4767 2080 4807 merces
2101 4769 2194 4807 seu

2366 4759 2430 4812 Τί
2461 4762 2606 4814 ἐστιν
2644 4762 2680 4832 ἡ
2717 4760 3020 4836 τελειότης;
3070 4761 3356 4825 Ἀπόκρις.
3398 4758 3603 4822 Μισθὸς
3641 4775 3820 4812 ταπει-

642 4849 946 4918 praamium,
972 4844 1074 4896 hoc
1094 4851 1198 4903 est,
1231 4841 1496 4896 abdicatio
1518 4845 1759 4898 omnium
1789 4845 2195 4913 aspectabilium

2298 4844 2512 4910 νώσεως
2531 4865 2545 4880 ο
2596 4849 2729 4920 ὅπερ
2763 4847 2908 4899 ἐστὶν
2960 4849 2994 4914 ἡ
3048 4844 3352 4914 κατάληψις
3373 4845 3447 4913 (a)
3479 4846 3686 4899 πάντων
3717 4843 3823 4896 τῶν

644 4949 697 4992 ει
735 4933 1223 5006 inaspectabilium.
1282 4930 1703 4999 Aspectabilium
1734 4936 1978 4988 omnium
2013 4949 2202 5003 nempe

2252 4961 2259 4965 -
2295 4937 2503 5007 ὁρατῶν
2527 4955 2588 4990 τε
2636 4939 2730 4991 καὶ
2775 4938 3047 5005 ἀοράτων
3091 4934 3300 5004 ὁρατῶν
3331 4935 3430 5005 μὲν
3475 4937 3682 4990 πάντων
3717 4935 3823 4988 τῶν

647 5046 765 5096 quae
789 5030 852 5082 ad
885 5043 1104 5084 sensum
1136 5026 1442 5095 pertinent;
1473 5039 1581 5079 non
1615 5028 2040 5096 aspectabilium,
2078 5044 2201 5098 quae

2295 5028 2562 5098 αἰσθητῶν
2585 5044 2597 5056 ·
2648 5027 2890 5095 ἀοράτων
2937 5025 2994 5077 δὲ
3034 5025 3141 5078 τῶν
3188 5025 3413 5098 νοητῶν,
3461 5027 3555 5078 καὶ
3599 5025 3700 5078 τῶν
3751 5027 3815 5079 ἐκ

647 5121 713 5172 ad
750 5130 1002 5185 mentem,
1037 5128 1090 5174 et
1116 5129 1453 5188 quaecunque
1480 5129 1547 5169 ex
1583 5131 1716 5172 cura
1742 5118 1936 5174 horum
1965 5100 2199 5176 nascun:

2017 5100 2199 5176 Iscun:
2294 5121 2563 5192 μερίμνης
2588 5121 2686 5190 τῆς
2721 5119 2859 5188 ὑπὲρ
2895 5116 3093 5170 αὐτῶν.
3326 5129 3330 5138 ’

651 5221 754 5262 llll‘.

2907 5244 2921 5260 /

1251 5296 1498 5353 Scholion
1524 5296 1580 5350 2.

2877 5293 3134 5360 Σχόλιον
3161 5291 3230 5362 β’.
3601 5365 3603 5368 ρ

715 5386 948 5440 Mundus
975 5385 1136 5440 corde
1158 5396 1258 5451 est,
1283 5387 1373 5456 qui
1395 5402 1452 5440 se
1474 5385 1648 5454 ipsum
1668 5384 1971 5443 damnando
1997 5403 2192 5458 ρτεεεε-

2364 5388 2615 5458 Καθαρὸς
2663 5387 2730 5455 τῇ
2769 5384 2963 5454 καρδίᾳ
2995 5384 3160 5449 ἐστὶν,
3207 5386 3238 5436 ὁ
3284 5385 3382 5456 μὴ,
3430 5385 3624 5466 ἑαυτοῦ
3660 5400 3817 5438 κατα-

646 5476 918 5550 plumbei
953 5492 1060 5530 non
1095 5477 1302 5532 irritum
1332 5478 1515 5532 faciet.
1563 5477 1674 5528 Aut
1709 5476 1801 5545 qui
1830 5492 1951 5539 erga
1977 5493 2191 5533 omnem

2293 5482 2471 5548 γνοὺς,
2509 5480 2600 5530 ἐπὶ
2653 5474 2868 5543 ἐντολῆς
2916 5474 3050 5527 Θεοῦ
3091 5474 3379 5544 ἀθετήσει·
3431 5477 3466 5547 ἢ
3513 5479 3542 5530 ὁ
3585 5474 3847 5546 ἐλεήμων¹

648 5580 880 5624 creatam
938 5577 1182 5622 naturam
1232 5553 1607 5625 misericordia
1663 5579 2056 5623 commovetur.
2089 5573 2194 5624 Aut

2295 5571 2432 5638 ὑπὲρ
2463 5568 2641 5636 πάσης
2669 5565 2768 5636 τῆς
2790 5565 3002 5635 φύσεως
3023 5566 3367 5655 τῆς-κτιστῆς
3393 5587 3407 5601 ο
3430 5569 3463 5640 ἢ
3491 5571 3518 5623 ὁ
3550 5568 3818 5636 ἐλεύθερος

684 5728 1132 5851 όξιιιιιίίὶατάληιζίις
1161 5729 1576 5797 comprehensio;
1641 5725 1860 5781 κατά...
1879 5725 1955 5789 ζίς
1984 5727 2275 5791 abdicatio;

751 5816 894 5851 ηυις.

2226 5744 2277 5791 ›;
2340 5727 2558 5796 legerim
2623 5727 2726 5783 hoc
2796 5729 2917 5785 loco
2963 5726 3272 5796 κατάλειψις
3325 5730 3510 5800 potius
3544 5743 3698 5801 quam
3724 5737 3817 5776 κα-

649 5813 711 5851 το
721 5813 894 5869 mque.
