4030 6342
141 488 257 554 lim

1109 447 1333 558 έΕΑΙιΛ
1369 499 1744 560 PARADISI.
1775 525 1841 535 -
1865 500 2172 563 GRADUS
2194 505 2400 566 XXVI.

3207 509 3360 576 '10:!!!

113 602 235 668 ,τῶν
298 603 564 674 κρυπτῶν
606 605 824 660 παθῶν·
871 607 1108 678 καθαρὸς
1143 609 1201 662 δὲ
1257 609 1336 678 τῷ
1390 609 1632 681 σώματι,
1670 610 1698 662 ὁ

1801 612 1890 682 qui
1920 613 2057 669 liber
2087 625 2169 671 est
2188 616 2257 670 ab
2283 618 2514 674 occultis
2537 619 2701 675 vitiis.
2735 617 2968 677 Mundus
2998 638 3222 694 corpore
3256 631 3363 687 est,

128 691 268 755 ὅσιος
288 694 362 747 ἐκ
392 693 490 747 τοῦ
523 695 802 766 μολυσμοῦ
826 699 928 770 τῆς
957 699 1158 770 σαρκός
1187 701 1304 753 ἐστι
1343 703 1438 754 καὶ
1493 703 1522 756 ὁ
1567 702 1697 770 άλη-

129 783 302 838 θεὺων
331 784 421 842 διὰ
436 786 731 859 πόματος.
1187 862 1192 867 _

183 922 188 926 ι
730 887 990 954 Σχόλιον
1017 893 1086 954 γ’.

197 968 372 1039 Τρεῖς
399 973 543 1026 εἰσιν
577 975 626 1028 οἱ
656 977 797 1038 κατὰ
836 977 927 1031 τὸν
966 978 1192 1050 Μάρκον
1237 985 1510 1049 γίγαντες,
1541 982 1698 1054 λήθη,

129 1058 325 1125 humu
345 1101 360 1126 ,
407 1064 498 1118 καὶ
530 1065 802 1138 ῥᾳθυμία·
855 1068 950 1130 οὓς
983 1070 1012 1122 ὁ
1053 1069 1173 1142 Θείᾳ
1199 1071 1383 1145 χάριτι
1416 1074 1698 1130 ποντίσας.

128 1151 313 1206 πάντα
373 1155 444 1210 τὰ
511 1157 731 1231 ἅρματα
805 1161 895 1214 τοῦ
967 1162 1170 1234 Φαραὼ
1233 1167 1557 1236 συντρίψεις.

742 1348 789 1398 Σ
789 1347 993 1414 χόλων
1035 1347 1098 1403 δ’.

213 1426 278 1481 Ἡ
319 1428 484 1498 ναῦς,
532 1434 663 1488 ποτὲ
709 1435 808 1506 μὲν
856 1439 922 1490 ἐκ
970 1437 1081 1492 τῶν
1131 1438 1330 1505 ἔξωθεν
1393 1443 1700 1512 τρικυμιῶν

133 1525 630 1591 καταδαπτίζεταιο
683 1531 812 1585 ποτὲ
863 1532 922 1602 δὲ
972 1534 1077 1587 ὐπδ
1125 1536 1228 1606 τῆς
1282 1535 1430 1590 ἔνδον
1485 1538 1704 1602 ἀντλίας

137 1612 467 1687 ὑποϐρύχιος
508 1620 741 1686 γίνεται.
787 1623 895 1675 Καὶ
937 1625 1105 1694 ἡμεῖς
1153 1625 1282 1678 ποτὲ
1332 1627 1430 1696 μὲν
1466 1626 1556 1680 διὰ
1595 1627 1704 1679 τῶν

136 1705 286 1771 ἐκτὸς
314 1713 638 1779 πρακτικῶν
686 1714 1098 1786 ἁμαρτημάτων
1142 1717 1528 1788 ἀπολλύμεθα·
1572 1720 1702 1772 ποτὲ

134 1797 188 1850 δὲ
219 1800 307 1852 διὰ
329 1801 442 1854 τῶν
462 1801 607 1857 ἔνδον
634 1805 909 1877 λογισμῶν
935 1805 1329 1878 άφανιξὸμεθα.
1367 1812 1459 1863 Δεῖ
1484 1805 1578 1863 οὖν
1608 1812 1704 1865 καὶ

135 1892 232 1956 τὰς
284 1893 488 1959 ἔξωθεν
536 1896 644 1951 τῶν
697 1898 1021 1968 πνευμάτων
1060 1901 1343 1970 ἐπιτηρεῖν
1376 1902 1701 1974 προσϐολὰς,

1801 709 1894 778 qui
1930 725 1960 764 a
1991 713 2170 767 carnis
2212 712 2587 784 inquinatione
2624 729 2796 785 purus
2842 724 2948 782 est,
2994 717 3086 787 qui
3106 716 3317 774 nullum
3347 717 3366 737 ⁶

1804 802 2007 870 profert
2034 820 2100 860 ex
2128 819 2225 860 ore
2252 807 2618 862 mendacium.

2420 899 2667 955 Scholion
2702 902 2753 956 5.

1874 989 2007 1046 Tres
2025 999 2176 1055 sunt,
2196 1007 2260 1047 ex
2276 991 2440 1048 Marci
2456 993 2753 1067 (monachi)
2777 994 3062 1060 sententia,
3078 995 3322 1066 gigantes
3345 1015 3359 1051 :

1801 1079 2030 1147 oblivio,
2080 1082 2417 1152 ignorantia,
2462 1085 2678 1156 pigritia
2712 1102 2889 1156 :quos
2923 1088 2968 1142 si
3011 1104 3134 1142 cum
3180 1089 3363 1145 divina

1804 1172 1977 1241 gratia
2024 1183 2190 1243 ponto
2238 1177 2491 1232 merseris
2520 1219 2536 1242 ,
2583 1194 2774 1234 omnes
2830 1195 3021 1236 currus
3066 1179 3365 1238 Pharaonis

1802 1275 2069 1322 conteres.

2393 1361 2639 1418 Scholion
2679 1363 2734 1417 4.

1871 1450 2056 1517 Navis,
2087 1453 2251 1508 modo
2279 1456 2350 1509 ab
2377 1456 2736 1510 exterioribus
2761 1459 2927 1513 maris
2947 1457 3198 1512 ﬂuctibus
3231 1456 3363 1511 hau-

1805 1545 1961 1607 ritur.
2002 1546 2163 1601 modo
2201 1562 2267 1602 ex
2316 1549 2571 1605 interiore
2607 1549 2819 1605 sentina
2845 1547 3124 1622 mergitur.
3171 1549 3233 1604 Et
3263 1565 3362 1605 nos

1804 1640 2094 1710 aliquando
2143 1656 2239 1710 per
2266 1651 2488 1696 externa
2516 1652 2732 1712 peccata
2760 1645 3023 1714 perimus,
3073 1644 3363 1712 aliquando

1804 1746 1899 1801 per
1958 1731 2201 1787 internas
2231 1733 2586 1801 cogitationes
2627 1735 3022 1791 evanescimus.
3054 1735 3286 1790 Proinde
3310 1743 3365 1788 et

1803 1831 2149 1878 externorum
2209 1823 2487 1881 ﬂaminum
2547 1837 2600 1880 et
2655 1828 2948 1896 spirituum
3006 1830 3255 1897 procellae
3305 1837 3362 1882 et

1809 1912 2040 1982 impetus
2059 1915 2284 1969 cavendi
2314 1925 2461 1980 sunt,
2497 1927 2551 1970 et
2579 1914 2804 1970 interior
2835 1919 3224 1986 cogitationum
3259 1919 3364 1973 im-

138 1985 229 2034 καὶ
256 1985 354 2048 τὰς
393 1986 537 2039 ἔνδον
563 1986 669 2040 τῶν
692 1987 968 2058 λογισμῶν
990 1988 1262 2053 ἐξαντλεῖν
1315 1989 1661 2061 ἀκαθαρσίας
1684 2008 1695 2018 ·

1807 2021 2064 2074 purarum
2089 2006 2456 2062 exhaurienda
2486 2009 2712 2064 sentina.
2746 2009 3034 2064 Enimvero
3063 2011 3239 2080 major
3270 2026 3367 2066 cu-

139 2072 275 2146 πλὴν
296 2079 708 2149 ἐπιπονωτέραν
731 2079 834 2152 χρὴ
867 2081 1002 2150 πρὸς
1044 2081 1171 2145 τοὺς
1205 2084 1496 2153 λογισμοὺς
1526 2088 1700 2138 ποιεῖ-

139 2166 257 2220 σθαι
287 2169 388 2238 τὴν
415 2169 672 2225 διάνοιαν.

744 2267 1004 2334 Σχόλιον
1030 2275 1091 2320 ε’.

215 2356 342 2408 Ἐὰν
378 2358 450 2426 μὴ
494 2359 559 2412 δι’
604 2359 863 2431 ἀμελείας
892 2363 971 2424 εὶς
1018 2361 1239 2430 ἄγνοιαν
1274 2363 1364 2416 καὶ
1399 2364 1569 2434 λήθην
1607 2367 1701 2418 καὶ

139 2447 411 2519 ρᾳθυμίαν
453 2456 856 2524 περιπέσωμεν,
895 2456 996 2528 τῆς
1027 2456 1148 2511 κατ’
1187 2457 1408 2527 ἐντολὴν
1440 2460 1702 2530 ἐργασίας

134 2541 233 2594 οὐκ
259 2542 690 2616 ἁποτευξόμεθα.
747 2548 809 2601 El
845 2548 918 2619 μὴ
952 2549 1062 2618 γὰρ
1094 2551 1121 2601 ὁ
1152 2549 1285 2613 νοῦς
1324 2551 1602 2622 σκοτισθῇ,
1638 2555 1700 2605 οὐ

138 2636 381 2706 κυριεύει
413 2639 480 2692 τὰ
510 2639 654 2712 πάθη
677 2641 774 2713 τῆς
801 2641 998 2712 ψυχῆςο

729 2819 981 2887 Σχόλιον
1027 2818 1100 2882 ς’.

217 2904 398 2974 Ὀψία,
427 2923 518 2960 και
550 2907 739 2961 σκοτία
779 2909 978 2980 ψυχῆς,
1009 2909 1260 2980 ἀμέλεια,
1314 2910 1475 2980 λήθη,
1512 2910 1700 2964 ἐπιθυ-

141 2998 278 3065 μία·
325 2999 482 3053 τοῦτο
534 2996 627 3055 οὖν
675 3000 784 3056 ἀπὺ
829 3002 1118 3074 συνηθείας
1180 3000 1334 3056 εἶπεν
1377 3004 1405 3055 ὃ
1432 3003 1603 3075 δηλοῖ,
1638 3004 1700 3058 τὸ

138 3091 235 3158 ﬁt
265 3092 506 3156 γίνεσθαι
555 3095 723 3166 ἡγουν
749 3093 920 3166 βραδύ
951 3112 966 3126 ο
998 3095 1028 3150 ὃ
1077 3095 1330 3166 λυκόφως
1362 3096 1494 3166 φασί
1532 3114 1699 3162 τινες.

749 3359 1006 3425 Σχόλιον
1031 3359 1098 3422 ζ’.
1159 3351 1169 3362 ”

214 3444 280 3498 Ὃ
306 3446 477 3512 ἀϐδᾶς
500 3446 675 3502 Λέων.

731 3568 775 3619 Σ
778 3566 989 3634 χόλιον
1022 3573 1091 3637 η’.

211 3654 304 3719 τὸ,
333 3655 652 3728 προλήψεσι,
678 3657 907 3711 παλαιὸν
934 3659 1034 3712 οὐκ
1066 3658 1213 3713 ἐστιν
1237 3661 1501 3732 ὲμπαθῶν
1527 3680 1540 3693 ·
1567 3663 1704 3717 ἀλλὰ

143 3746 332 3818 πόρῤω
360 3749 456 3819 μὲν
499 3749 594 3802 τοῦ
646 3749 856 3821 μύσους
913 3749 1184 3815 ἑστώτων,
1232 3753 1329 3806 τοῦ
1389 3753 1610 3825 βρὼμου
1638 3756 1699 3809 δὲ

143 3839 650 3912 ἑποσφραινομένων
674 3858 688 3871 ·
713 3843 795 3894 διὸ
821 3841 918 3895 καὶ
945 3842 1136 3913 ἄρχειν
1161 3844 1252 3898 τὸν
1294 3845 1535 3900 τοιοῦτον
1563 3847 1701 3900 ἐκώ-

143 3932 321 3994 λυσεν,
350 3932 434 3984 ἵνα
463 3933 538 4002 μὴ
567 3934 948 4004 άμεριμνήσας
982 3935 1147 3988 πάλιν
1181 3935 1552 4011 ὲγκυϐιστήσῃ
1578 3941 1703 4002 ταῖς

143 4023 205 4074 ἐκ
222 4023 664 4090 συγκαταθέσεως
687 4024 938 4094 πράξεσιο
961 4025 1054 4079 τὸν
1067 4026 1124 4079 δὲ
1144 4027 1281 4099 πρὸς
1295 4029 1395 4092 τὰς
1408 4030 1700 4103 αἰσχρουρ-

141 4111 264 4182 γίας
287 4116 548 4185 κεχηνότα
567 4115 629 4168 οὐ
651 4114 926 4170 διδάσκειν
960 4119 1254 4188 συγχωρεῖ.

1806 2114 1862 2151 ra
1897 2099 1962 2153 ad
1983 2098 2338 2169 cogitationes
2364 2103 2688 2158 coercendas
2721 2101 3023 2159 adhibenda
3051 2115 3150 2159 est.

2447 2261 2694 2317 Scholion
2722 2265 2771 2317 5.

1875 2357 1987 2413 Nisi
2015 2374 2110 2429 per
2140 2361 2521 2431 negligentiam
2557 2373 2797 2417 nostrain
2849 2363 2900 2415 in
2934 2363 3286 2432 ignorantiam
3315 2375 3368 2420 et

1802 2451 2127 2508 oblivionem
2160 2462 2215 2507 et
2265 2453 2549 2523 segnitiem
2599 2454 2974 2518 incitierimus,
3020 2455 3194 2510 fructu
3241 2472 3368 2527 opes

1806 2546 1879 2598 ris
1901 2560 1963 2598 ex
1997 2556 2260 2615 przecepto
2289 2545 2450 2616 356
2479 2545 2703 2614 perl‘ccli
2733 2561 2840 2600 non
2870 2548 3220 2616 privabimur.
3253 2547 3366 2603 Nisi

1802 2640 1946 2689 enim
1979 2652 2132 2691 mens
2161 2637 2354 2692 obtusa
2381 2638 2728 2700 obscuretur,
2779 2640 2931 2693 make
2955 2649 3010 2693 et
3040 2640 3251 2694 vitiosa:
3287 2639 3370 2694 ai-

1804 2727 2064 2782 l‘ectiones
2107 2729 2159 2782 in
2181 2730 2419 2783 animam
2448 2745 2556 2783 non
2587 2730 3034 2785 dominabuntur.

1988 2824 2003 2850 '
2425 2823 2674 2878 Scholion
2714 2823 2765 2876 6.

1873 2912 2064 2967 Serum
2099 2920 2154 2968 et
2177 2914 2412 2970 tenebrae
2453 2914 2652 2969 mentis
2691 2922 2818 2969 sunt
2857 2915 3197 2985 negligentia,
3228 2917 3365 2972 obli-

1803 3006 1912 3070 vio,
1946 3019 2111 3076 prava
2155 3008 2443 3077 cupiditas.
2481 3008 2595 3062 Hoc
2637 3022 2764 3078 ergo
2797 3023 2862 3062 ex
2895 3008 3037 3077 vulgi
3073 3023 3174 3063 usu
3207 3007 3364 3075 dixit,

1802 3099 1950 3169 quod
1994 3099 2266 3171 signiﬁcat
2317 3100 2449 3155 illud
2475 3140 2490 3165 ,
2535 3116 2656 3156 sero
2697 3103 2844 3166 ﬁeri,
2893 3102 2997 3158 hoc
3039 3113 3155 3168 cst,
3192 3101 3363 3158 tarde.

1802 3196 1957 3262 Quod
1993 3205 2206 3265 tempus
2235 3195 2400 3266 aliqui
2440 3196 2628 3250 dicunt
2659 3197 2906 3263 λυκόφως
2929 3198 3005 3266 (α)
3037 3213 3131 3252 seu
3179 3212 3368 3267 crepu-

1727 3319 1768 3374 C
1803 3289 2014 3344 senium
2048 3305 2142 3342 seu
2173 3290 2497 3344 matutinum
2532 3304 2624 3342 seu
2656 3290 3041 3358 vespertinum.

2444 3379 2690 3432 Scholion
2716 3379 2769 3433 7.

1872 3471 2056 3527 Abbas
2092 3470 2214 3526 Leo.
2375 3506 2377 3509 -

2396 3560 2641 3630 Scholion
2676 3563 2708 3617 8
2744 3563 2838 3634 (b).

1874 3655 2109 3713 Verbum
2148 3654 2476 3728 (προλήψεσι
2517 3653 3024 3728 [anticipationibus]
3055 3655 3226 3724 )olim
3259 3671 3365 3711 non

1802 3751 2166 3822 usurpabatur
2191 3751 2245 3804 in
2280 3750 2475 3803 malam
2500 3758 2708 3819 partem
2733 3749 2800 3804 de
2830 3748 2897 3804 iis
2923 3749 3016 3819 qui
3049 3750 3258 3805 vitiosis
3287 3750 3368 3803 af-

1801 3843 2128 3900 fectionibus
2163 3842 2501 3907 laborabant,
2550 3841 2642 3896 sed
2668 3841 2736 3897 de
2764 3843 2830 3898 iis
2857 3842 2952 3913 qui
2981 3843 3054 3897 ab
3071 3844 3218 3896 omni
3247 3845 3372 3913 quia

1799 3938 1923 3993 dem
1953 3936 2155 4006 ﬂagitio
2185 3943 2348 4004 erant
2381 3935 2598 3997 remoti,
2639 3933 2734 3988 sed
2769 3943 2948 3988 tamen
2978 3932 3203 3987 fetorem
3240 3950 3365 3988 sen-

1801 4028 2026 4082 tiebant.
2058 4027 2134 4080 Ita
2164 4039 2296 4095 ergo
2323 4023 2573 4078 allectum
2595 4062 2611 4085 ,
2635 4022 2908 4077 Climacus
2945 4023 3012 4076 ab
3034 4023 3153 4078 aliis
3175 4037 3370 4091 regen-

1799 4118 1884 4173 dis
1927 4124 2188 4178 removet,
2230 4129 2298 4169 ne
2319 4114 2372 4167 in
2411 4112 2791 4184 negligentiam
2819 4113 3103 4183 prolapsus
3135 4111 3366 4168 actioni-

146 4213 244 4268 bus
274 4227 482 4267 rursum
519 4212 791 4282 prioribus
817 4228 884 4269 ex
915 4211 1108 4270 all‘ectu
1143 4213 1339 4270 mentis
1369 4215 1692 4272 involvatur.
1733 4215 1888 4270 Illum
1952 4228 2116 4284 porro
2153 4211 2246 4283 qui
2294 4209 2361 4265 ad
2399 4220 2586 4281 turpes
2648 4210 2890 4266 actiones
2913 4208 3140 4264 inclinat
3166 4217 3221 4265 et
3248 4206 3366 4264 ιιΠί-

143 4311 302 4373 citur,
340 4309 531 4365 docere
561 4308 696 4365 alios
727 4311 997 4380 prohibet.

731 4422 991 4492 Σχόλιον
1020 4423 1087 4478 θ’.

215 4514 403 4579 Λέγειν
449 4516 554 4586 χρὴ
619 4511 758 4567 καλὰ
780 4556 793 4578 ,
852 4514 950 4568 καὶ
1015 4514 1107 4567 τὸν
1175 4517 1253 4584 μὴ
1319 4516 1461 4570 καλὰ
1527 4517 1702 4589 πράτ-

143 4619 302 4655 τοντα
319 4621 332 4633 ·
355 4606 495 4681 eam;
524 4605 753 4678 ἄρξηται
780 4604 890 4658 τῶν
917 4605 1095 4675 ἔργων
1132 4607 1260 4670 τοὺς
1281 4607 1475 4675 λόγους
1514 4611 1703 4680 αἰσχυ-

146 4691 382 4761 νόμενος.
713 4700 718 4704 ’

751 4815 796 4864 Σ
798 4811 1009 4880 χόλιον
1043 4816 1094 4865 ι’.

213 4896 376 4967 Κῦμα
402 4898 498 4969 τὴν
541 4902 1000 4983 ὲμπεφορημένην
1041 4901 1248 4956 κοιλίαν
1291 4903 1506 4972 εὐφυῶς
1532 4923 1701 4976 προσ-

142 4990 432 5060 ωνόμασεν·
459 4990 645 5043 αὐτόθι
672 4992 781 5061 γὰρ
802 4993 890 5079 διὰ
917 4994 1027 5049 τῶν
1052 4993 1326 5064 λογισμῶν
1350 4994 1500 5066 κῦμα
1521 4997 1700 5066 τοῦτο,

146 5082 236 5134 καὶ
260 5083 333 5146 είς
356 5084 701 5138 κατάπτωσιν
732 5084 969 5172 ἐρχεχται,
1075 5096 1077 5098 ’

724 5199 985 5268 Σχόλιον
1015 5210 1104 5257 ια’.

211 5287 586 5361 Εἰσαγωγικῶν
660 5290 1001 5360 μαθημάτων
1073 5295 1311 5366 ὑπακοὴ,
1373 5295 1690 5366 ἐγκράτεια,

143 5377 403 5451 ὑπομονὴ,
447 5385 636 5453 ἀνδρία
680 5383 879 5452 ψυχῆς,
932 5385 1313 5458 ἁπροσπάθεια
1357 5388 1558 5456 γονέων
1597 5392 1686 5444 καὶ

142 5475 425 5538 χρημάτων
446 5491 461 5508 υ
489 5479 599 5539 τοῖς
626 5475 684 5530 δὲ
716 5473 1020 5546 προκόψασι
1053 5480 1423 5551 μακροθυμία,
1459 5483 1689 5550 χρηστό-

143 5572 264 5627 της*
295 5563 612 5637 ἀγαθοσύνη,
651 5567 984 5637 συμπάθεια,
1033 5572 1375 5637 ἀνεξικακία,
1433 5576 1685 5643 ἁκτημο-

144 5652 294 5721 civi}.
329 5660 559 5726 νηστεία,
592 5661 869 5733 προσευχὴ
907 5663 1167 5733 ὲκτενής·
1201 5669 1308 5729 τοῖς
1361 5666 1414 5718 δὲ
1461 5664 1685 5728 τελείοις

211 5831 456 5916 (al-Ducit]
500 5841 852 5898 similituline
885 5859 913 5898 a
945 5845 1146 5915 glaucis
1198 5846 1438 5914 luporum
1495 5849 1687 5911 oculis,

142 5915 231 5957 uti
256 5915 490 5963 carcereis.

2405 4411 2648 4467 Scholion
2680 4411 2732 4466 9.

1872 4509 2018 4563 Bona
2060 4507 2286 4562 dicenda
2333 4516 2458 4561 sunt
2502 4505 2664 4558 etiam
2717 4504 2856 4558 mala
2897 4510 3250 4577 perpetranti,
3287 4513 3366 4566 uti

1800 4619 1926 4659 suos
1954 4603 2067 4672 ipse
2087 4601 2351 4656 reveritus
2367 4611 2648 4652 sermones
2677 4597 2816 4652 bona
2838 4612 2996 4670 agere
3026 4602 3246 4673 incipiat
3268 4603 3362 4675 (ιν).

2466 4799 2711 4856 Scholion
2740 4802 2831 4855 10-

1870 4899 2122 4955 Ventrem
2164 4897 2466 4966 saginatum
2508 4898 2782 4969 ingeniose
2815 4897 3036 4953 ﬂuctum
3077 4896 3240 4950 maris
3267 4912 3362 4966 ap-

1800 4994 2032 5064 pellavit.
2068 4988 2214 5044 illico
2255 4989 2398 5044 enim
2446 5004 2541 5059 per
2582 4989 2936 5060 cogitationes
2989 4988 3216 5058 procella
3259 4989 3360 5045 ista

1800 5090 1865 5142 ad
1897 5086 2106 5155 lapsum
2135 5083 2360 5152 proruit.

2357 5196 2604 5252 Scholion
2635 5198 2719 5251 Η.

1876 5292 2198 5348 Rudimenta
2252 5295 2521 5365 religiosa:
2587 5296 2709 5348 vitae
2763 5300 2819 5345 et
2876 5289 3178 5360 disc:plime
3237 5302 3365 5347 sunt

1796 5387 2130 5452 obedientia,
2171 5389 2516 5452 absﬁncntia,
2558 5384 2835 5458 patientia.
2868 5382 3128 5441 fortitudo
3168 5387 3356 5456 animi,

1796 5481 2061 5535 abdicatio
2111 5483 2290 5536 omnis
2345 5498 2468 5553 erga
2509 5487 2754 5550 parentes
2812 5488 2867 5531 et
2924 5494 3051 5556 opes
3111 5480 3352 5533 allectus.

1795 5574 2193 5628 Pt-oﬁcicntium
2247 5566 2664 5644 longanimitas,
2728 5571 3068 5642 benignitas,
3123 5572 3349 5632 bonitas,

1794 5667 2215 5730 commiseratio,
2243 5665 2523 5721 tolerantia
2565 5665 2850 5732 malorum,
2871 5674 3187 5736 paupertas.
3214 5663 3353 5731 jeju-
3405 5740 3412 5745 I

1867 5847 1940 5914 (bl
1971 5847 2051 5899 Jo.
2086 5848 2246 5901 Moss.
2279 5847 2475 5900 c.1l2.

1867 5921 1934 5984 (ι’)
1976 5916 2085 5973 [lue
2121 5919 2386 5973 sciit-lium
2415 5920 2575 5975 etiam
2603 5935 2764 5992 supra
2794 5919 3025 5987 positum
3069 5926 3168 5972 est.
