4030 6342
625 481 760 547 1039

1872 485 1930 544 S.
1961 474 2275 546 JOANNIS
2304 488 2610 550 CLIMACI

3658 471 3669 474 ’
3727 491 3854 560 ιοιο

631 599 814 660 nium,
853 593 1086 648 assidum
1124 606 1328 664 ιιι-ρους.
1375 592 1744 649 Perfectorum
1777 593 2185 667 c‘haritas,gau~

2288 600 2500 672 ἀγάπη,
2527 603 2670 672 χαρὰ
2687 642 2702 667 ,
2733 605 2946 677 εἰρήνη,
2975 603 3267 677 διάκρισις·
3294 605 3592 672 ἄπταιστος
3610 608 3672 662 ἐν
3701 611 3855 662 παντὶ

626 687 799 745 dium,
821 701 946 752 pax,
978 685 1227 754 religiosa
1251 686 1536 754 prudentia
1567 702 1660 740 seu
1688 687 1965 753 discretio,
2003 704 2195 758 expers

626 778 806 828 tillitiis
847 778 1030 844 lapsus
1056 787 1109 830 et
1139 776 1456 832 oil'ensionis
1493 777 1544 830 in
1579 793 1903 849 quocunque
1931 790 2192 850 tempore,

628 871 767 930 loco,
793 869 1022 924 actione.

1222 958 1476 1014 Scholion
1509 959 1598 1014 12.
2122 1014 2125 1017 .

695 1051 1054 1120 Alphabetum
1109 1054 1504 1106 monachorum
1559 1053 1808 1121 intelligit
1849 1063 1902 1107 et
1931 1052 2195 1122 signiﬁcat

626 1144 850 1198 virtutes
873 1159 1064 1213 nempe
1086 1145 1320 1198 tironum
1351 1161 1443 1199 seu
1467 1147 1796 1199 novitiorum
1826 1144 2016 1214 viginti
2051 1160 2189 1215 qua-

625 1253 747 1293 tuor
777 1242 1079 1294 litterarum
1118 1254 1344 1293 numero
1381 1240 1790 1308 respondentes.

1237 1332 1487 1386 Scholion
1517 1332 1603 1385 15.
1698 1381 1702 1388 ,
2101 1386 2103 1389 .

695 1421 938 1492 Exempli
957 1436 1140 1487 causa,
1171 1422 1376 1476 versari
1399 1436 1520 1476 cum
1540 1421 1805 1477 fratribus
1826 1421 2116 1492 religiosis,
2141 1430 2194 1477 et

625 1535 749 1573 cum
786 1520 892 1574 illis
915 1519 1161 1574 laborare
1189 1527 1244 1574 et
1272 1518 1562 1575 desudare.

1263 1614 1533 1668 Scholion.

693 1708 991 1778 Deralogus
1037 1706 1876 1802 proficientium“alphabetum
1927 1709 2192 1780 perfecto-

624 1821 684 1858 l'll
695 1820 743 1858 111
755 1846 766 1858 .

1127 1894 1288 1966 357
1321 1893 1576 1950 Scholion
1611 1897 1696 1950 14.

2297 693 2501 762 καιρῷ,
2535 694 2632 746 καὶ
2657 693 2830 766 τόπῳ,
2850 697 2948 752 καὶ
2974 700 3279 770 πράγματι.

2446 1017 2450 1020 .
2877 961 3135 1029 Σχόλιον
3173 961 3262 1032 ιβ’.
3661 1031 3674 1040 _

2365 1049 2742 1122 Σημαίνειτὴν
2768 1049 3076 1121 ἀλφάὃητον
3110 1052 3221 1106 τῶν
3254 1053 3502 1124 μοναχῶν
3539 1055 3634 1108 καὶ
3661 1052 3855 1127 ἀρετὴν

2293 1143 2573 1213 ἁρχαρῖων
2603 1142 2888 1214 ισάριθμον
2914 1146 3026 1208 τοῖς
3053 1145 3130 1198 κδ’
3159 1146 3506 1217 γράμμασιν.

2891 1327 3152 1393 Σχόλιον
3174 1331 3263 1393 ιγ’.

2363 1415 2543 1469 Οῖονεὶ
2590 1414 2655 1469 τὸ
2701 1417 3238 1526 συνῗναστρέφεσοαι
3299 1419 3414 1481 τοῖς
3455 1417 3711 1486 ἀδελφοῖς
3763 1417 3853 1471 καὶ

2295 1508 2594 1578 συγκοπιᾷν

2965 1603 3242 1672 Σχόλιον.

2361 1691 2663 1761 Δεκάλογος
2718 1692 3109 1765 προκοψάντων
3125 1732 3144 1755 ,
3217 1693 3530 1766 ἀλφάϐητος
3593 1696 3704 1750 τῶν
3764 1712 3853 1750 τε·

2292 1782 2470 1836 λείων.

2891 1875 3152 1943 Σχόλιον
3183 1872 3284 1929 ιδ’.

691 1991 946 2051 Omnino,
985 2002 1041 2044 ttt
1076 1990 1308 2055 videtur,
1340 1990 1619 2045 humilitas
1657 2006 1782 2045 cum
1829 2001 2070 2058 egestate
2098 2006 2185 2047 ro-

2361 1963 2607 2029 Πάντως,
2634 1964 2712 2027 ὡς
2742 1963 3014 2033 φαίνεται,
3051 1966 3085 2037 ή
3122 1966 3262 2036 μετὰ
3299 1966 3543 2037 πτωχίας
3580 1967 3853 2020 ταπείνω-

623 2085 834 2138 hustior
863 2084 922 2136 tit
955 2101 967 2136 :
999 2082 1077 2136 sic
1101 2084 1248 2136 enim
1275 2082 1400 2150 quis
1432 2083 1559 2134 dum
1606 2082 1909 2153 ingruentia
1958 2085 2098 2138 mala
2134 2086 2189 2139 in

506 2160 510 2163 ’
618 2183 858 2242 egestate
888 2184 942 2230 et
971 2174 1278 2227 humilitate
1300 2172 1631 2238 considerat,
1659 2188 1764 2227 non
1789 2183 1847 2227 ut
1867 2175 2017 2230 dives
2040 2176 2192 2230 labo-

624 2277 706 2316 rat
738 2265 867 2316 vitio
898 2263 1247 2331 impun-italis,
1275 2277 1450 2330 neque
1484 2271 1540 2316 ut
1577 2263 1856 2318 mendicus
1877 2264 1980 2318 erit
2010 2265 2192 2334 ingra-

622 2370 730 2421 tus,
780 2365 872 2410 aut
913 2354 1145 2410 cessabit
1182 2364 1236 2408 et
1292 2354 1599 2420 feriabitur,
1660 2355 1752 2410 sed
1795 2365 2008 2426 tempus
2053 2357 2189 2412 lucri

617 2449 807 2504 adesse
837 2447 1030 2516 gaudet
1057 2456 1110 2500 et
1135 2444 1244 2500 Deo
1279 2457 1469 2515 gratus
1503 2446 1742 2500 fructum
1777 2447 1901 2500 inde
1928 2457 2186 2517 reportat.

1036 2540 1282 2592 Scholion
1313 2540 1673 2608 Barsanuphii
1710 2541 1790 2595 15.

691 2632 945 2697 ριιιινδιὶυ.
1002 2633 1224 2700 Signum
1280 2631 1419 2701 gula:
1463 2633 1624 2699 quale
1666 2642 1769 2698 est,
1798 2633 2004 2702 explica
2033 2635 2188 2688 mihi.

622 2725 771 2792 Resp.
815 2724 1042 2788 Quando
1079 2722 1279 2777 videris
1330 2725 1713 2791 cogitationem
1751 2735 1895 2778 tuam
1928 2726 2051 2780 cibo
2094 2727 2190 2781 de-

615 2817 829 2880 lectari,
862 2825 914 2869 et
941 2831 1132 2884 urgere
1161 2824 1212 2868 te
1244 2826 1301 2868 ut
1338 2816 1450 2868 fere
1481 2831 1672 2870 omnes
1721 2824 2052 2884 antevertas,‘
2097 2828 2191 2873 aut

617 2922 674 2964 ut
707 2909 943 2979 patinam
968 2908 1034 2961 ad
1067 2919 1120 2962 te
1150 2910 1355 2974 trahas,
1409 2910 1515 2964 hoc
1536 2911 1658 2980 gula
1697 2921 1796 2968 est.
1830 2909 2068 2967 Observa
2098 2913 2192 2982 igi-

616 3016 706 3056 tur
734 3011 785 3053 te
815 3001 990 3069 ipsum
1019 3009 1074 3052 et
1107 3002 1213 3052 vim
1240 3001 1335 3054 tibi
1367 3001 1591 3065 inferas,
1622 3010 1684 3055 ut
1711 3017 1964 3056 coerceas
2009 3019 2072 3056 ac
2103 3020 2190 3058 re-

615 3100 795 3150 l'renes
827 3097 1032 3166 gulam,
1071 3110 1138 3147 ne
1167 3111 1290 3148 cum
1324 3095 1524 3163 impetu
1553 3105 1606 3148 et
1632 3111 1829 3166 magno
1856 3097 2057 3162 studio,
2093 3099 2188 3153 sed

615 3192 856 3245 modeste
879 3200 928 3244 et
959 3189 1212 3243 decenter
1239 3189 1421 3243 cibum
1457 3206 1665 3252 sumas,
1715 3204 1878 3262 atque
1921 3203 1978 3247 ut
2013 3209 2189 3250 remo-

614 3302 740 3340 veas
773 3283 974 3338 fercula
1006 3285 1184 3352 potius
1211 3284 1309 3338 abs
1333 3296 1382 3338 te
1406 3301 1589 3339 coram
1616 3286 1684 3339 iis
1709 3284 1796 3357 [ad
1815 3285 2048 3358 eos]'qui
2074 3288 2180 3343 tibi

611 3383 872 3436 assident.
911 3380 1012 3433 Sed
1069 3395 1174 3432 non
1226 3389 1470 3449 oportet,
1504 3390 1563 3434 ut
1592 3382 1726 3446 dixi,
1749 3392 1968 3453 prOpter
2005 3384 2182 3454 gulam

613 3475 795 3528 statim
835 3485 1087 3528 recusare
1130 3474 1332 3535 cibum,
1360 3475 1453 3528 sed
1477 3478 1774 3530 cavendum
1810 3485 1913 3540 est,
1950 3493 2018 3532 ne
2051 3480 2182 3548 quid

614 3569 915 3622 inordinate
954 3567 1008 3620 in
1058 3568 1180 3621 cibo
1211 3571 1474 3622 sumendo
1523 3568 1709 3625 facias.
1763 3570 2009 3626 Alterum
2044 3573 2185 3641 gulae

611 3670 990 3739 argumentum
1027 3670 1080 3714 et
1132 3661 1392 3716 indicium
1442 3672 1527 3716 est

1309 3937 1473 3990 Aliud

679 4029 814 4082 Dum
847 4041 1025 4082 autem
1054 4029 1234 4098 gulam
1262 4029 1424 4098 fugis,
1451 4045 1580 4085 cave
1604 4045 1671 4086 ne
1693 4029 1915 4088 studeas
1943 4032 2180 4086 homini-

611 4125 710 4176 hus
733 4137 825 4190 per
853 4122 1033 4174 vultus
1061 4123 1318 4190 pallorem
1351 4123 1582 4190 placere,
1610 4141 1772 4195 quem
1801 4124 1957 4195 (vana
1985 4125 2178 4198 gloria)

551 4243 560 4252 ο
609 4215 787 4270 studet
815 4216 988 4284 palam
1012 4223 1304 4268 ostentare.

1220 4305 1468 4360 Scholion
1499 4306 1586 4361 16.

680 4402 902 4471 Propter
934 4419 1130 4474 corpus
1173 4403 1337 4459 homo
1375 4414 1458 4460 est
1491 4405 1758 4471 mortalis,
1783 4418 1998 4476 propter
2020 4425 2177 4464 men-

609 4509 716 4551 tem
744 4507 794 4549 et
824 4499 1125 4552 orationem
1159 4498 1504 4553 immortalis.
1537 4498 1757 4552 Tacitus
1788 4498 2066 4570 intelligis,
2091 4502 2178 4554 in-

609 4588 853 4657 telligens
885 4588 1145 4656 loqueris.
1182 4587 1236 4642 In
1276 4588 1492 4642 silentio
1525 4591 1670 4643 enim
1703 4604 1856 4644 mens
1887 4590 2027 4658 parit
2055 4607 2176 4644 ver-

2297 2070 2380 2117 σις
2413 2055 2626 2124 ἰσχύει·
2682 2054 2857 2118 οὕτως
2901 2055 3008 2125 γάρ
3062 2071 3146 2119 τις
3219 2055 3314 2109 καὶ
3385 2056 3456 2109 τὰ
3514 2056 3854 2128 ἐπερχόμενα

2291 2147 2723 2217 διαλογιζόμενος
2760 2148 2818 2200 ἐν
2850 2147 3065 2218 πτωχίᾳ.
3117 2147 3407 2218 μετανοίας
3460 2148 3554 2201 καὶ
3585 2146 3849 2202 ταπεινὼ-

2293 2255 2452 2301 σεως,
2486 2238 2608 2290 οὔτε
2641 2238 2716 2302 ὡς
2740 2238 2990 2303 πλούσιος
3014 2241 3160 2292 νοσεῖ
3185 2239 3282 2310 τὴν
3331 2241 3702 2311 μυσαρότητα,
3737 2242 3854 2294 οὒτε

2291 2330 2365 2392 ὡς
2397 2329 2651 2400 δεόμενος
2683 2332 3044 2403 ἀχαριστήσει
3072 2332 3105 2402 ἦ
3131 2331 3450 2402 ἀκηδιάσει·
3484 2332 3620 2395 ἀλλὰ
3667 2336 3855 2405 καιρὸν

2292 2421 2516 2490 κέρδους
2545 2421 2751 2492 χαίρων
2785 2424 2878 2476 καὶ
2906 2423 3241 2494 εὐχαριστῶν
3272 2424 3497 2495 ὲνέγκῃ.

2641 2512 2901 2586 Σχόλιον
2930 2515 3394 2586 Βαρσανουφίου
3426 2530 3508 2574 ιε’.

2375 2608 2567 2678 Ἐρώτ.
2600 2610 2673 2662 Τὸ
2706 2611 2930 2680 σημεῖον
2949 2608 3049 2678 τῆς
3078 2611 3520 2682 γαστριμαργίας
3559 2611 3714 2664 ποῖόν
3741 2609 3854 2663 ἐστι

2293 2702 2590 2774 σαφήνισόν
2629 2717 2740 2772 μοι.
2777 2701 3016 2766 Ἀπόκρ.
3055 2700 3228 2762 Ὅταν,
3253 2700 3458 2771 βλέπῃς
3485 2700 3577 2753 τὸν
3601 2699 3854 2771 λογισμόν

2291 2812 2386 2847 σου
2413 2793 2739 2864 ἡδυνόμενον
2771 2793 2828 2845 ὲν
2859 2789 3131 2863 βρώματι,
3165 2793 3261 2846 καὶ
3285 2791 3552 2845 διώκοντα
3585 2792 3772 2863 σχεδὸν
3797 2791 3853 2844 τὸ

2291 2884 2695 2955 προλαμϐάνειν
2724 2885 2950 2946 πάντας,
2987 2882 3020 2952 ἢ
3051 2882 3314 2937 ἐλκύοντα
3358 2885 3440 2947 εἰς
3465 2883 3527 2937 τὸ
3551 2883 3852 2955 ἔμπροσθέν

2292 2993 2387 3029 σου
2417 2977 2477 3028 τὸ
2505 2975 2720 3044 βρῶμα,
2756 2973 2918 3027 τοῦτο
2942 2975 3396 3046 (γαστριμαργίας
3439 2976 3577 3029 ἐστι.
3616 2977 3852 3047 Πρόσεχε

2289 3063 2382 3120 οὖν
2422 3066 2644 3131 σεαυτὸν
2701 3065 2797 3120 καὶ
2852 3066 3078 3136 ποίησον
3125 3067 3226 3136 τὴν
3284 3066 3513 3137 δύναμίν
3557 3085 3650 3122 σου
3695 3065 3852 3136 ἆγξαι

2301 3159 2492 3213 ἑαυτὸν
2544 3157 2639 3210 τοῦ
2683 3157 2759 3229 μὴ
2810 3157 2946 3227 μετὰ
3002 3157 3239 3227 σπουδῆς
3271 3157 3367 3210 ἀπ’
3416 3159 3602 3222 αὑτοῦ,
3645 3159 3764 3214 ἀλλ’
3796 3161 3852 3212 ἐν

2290 3249 2514 3322 εὐταξία
2562 3251 2790 3319 φαγεῖνο
2845 3250 2938 3315 καὶ
3019 3248 3233 3319 ὠθῆσαι
3293 3248 3495 3320 μᾶλλον
3545 3251 3608 3303 τὸ
3664 3249 3853 3321 βρῶμα

2215 3326 2256 3384 C
2291 3339 2601 3413 ἔμπροσθεν
2639 3340 2748 3392 τῶν
2791 3334 3229 3410 συγκαθημένων
3259 3339 3439 3396 τοῦτο.
3495 3343 3570 3397 Οὺ
3621 3342 3728 3414 χρὴ
3776 3342 3850 3405 δὲ,

2291 3431 2366 3496 ὡς
2400 3427 2575 3496 εἷπον,
2609 3431 2880 3502 προφάσει
2906 3432 3006 3500 τῆς
3035 3433 3484 3504 γαστριμαργίας
3510 3434 3714 3498 εὐθέως
3754 3451 3852 3487 πα-

2293 3523 2598 3594 ραιτεῖσθαι
2628 3521 2689 3575 τὺ
2712 3521 3034 3592 μεταλαϐεῖν
3065 3522 3352 3594 βρώματος
3371 3541 3385 3555 ο
3409 3524 3548 3578 ἀλλὰ
3574 3525 3657 3578 δεῖ
3682 3542 3854 3596 παρα-

2291 3615 2645 3696 φυλάξεσθαι,
2684 3614 2746 3666 τὸ
2777 3613 2850 3685 μὴ
2881 3613 3132 3676 ἀτάκτως
3180 3616 3492 3685 χρήσασθαι
3523 3619 3590 3687 τῇ
3620 3617 3850 3686 μεταλή-

1600 3705 1614 3716 ⁶
1694 3700 1710 3717 ⁶
1790 3703 1803 3717 ⁸
1885 3704 1898 3715 ⁵
1974 3703 1992 3718 ⁸
2072 3703 2086 3716 ⁸
2163 3699 2233 3787 ς’
2289 3707 2380 3777 ψει
2409 3705 2597 3760 αὑτοῦ.
2635 3705 2860 3778 Ἕτερον
2889 3706 2946 3760 δὲ
2979 3707 3850 3780 σημεῖονγαστριμαρτίαςοου(⁰)

2979 3932 3180 3987 Ἄλλο.

2357 4021 2468 4093 Τὴν
2493 4023 2930 4094 γαστριμαργίαν
2951 4023 3188 4093 φεύγων,
3222 4024 3319 4095 τὴν
3341 4025 3850 4095 ἀνθρωπαρέσκειαν

2287 4115 2531 4184 φύλασσε
2561 4116 2660 4187 τὴν
2686 4117 2975 4188 ὠχρότητα
3016 4117 3109 4170 τοῦ
3155 4117 3450 4186 προσώπου
3485 4114 3848 4180 ἐπιδείξασθαι

2287 4210 2786 4282 προφαντάζουσαν.

2883 4303 2930 4353 Σ
2932 4299 3144 4369 χόλων
3175 4298 3272 4364 ις’.

2353 4392 2452 4445 Διά
2491 4393 2590 4461 μὲν
2624 4392 2686 4445 τὺ
2718 4392 2878 4462 σῶμα
2908 4395 2937 4446 ό
2961 4391 3245 4462 ἄνθρωπος
3291 4391 3520 4462 Θνητός·
3563 4391 3650 4446 διὰ
3674 4392 3732 4445 δὲ
3759 4394 3846 4444 τὸν

2283 4487 2408 4539 νοῦν
2437 4487 2530 4538 καὶ
2558 4487 2648 4538 τὸν
2677 4485 2854 4554 λόγον,
2884 4485 3171 4550 ἀθάνατος.
3201 4485 3431 4540 Σιωπῶν
3456 4488 3615 4552 νοεῖς,
3650 4490 3844 4555 νοήσας

2283 4580 2495 4642 λαλεῖς·
2531 4580 2591 4632 ὲν
2638 4579 2748 4652 γὰρ
2786 4583 2852 4651 τῇ
2887 4584 3065 4650 σιωπῇ
3111 4582 3141 4634 ὁ
3185 4577 3309 4643 νοῦς
3344 4578 3518 4634 τίκτει
3548 4581 3637 4634 τὸν
3668 4580 3842 4646 λόγον’

609 4680 734 4730 lium
762 4718 775 4740 ,
808 4693 991 4732 sermo
1017 4687 1196 4730 autem
1237 4678 1325 4730 ille
1363 4679 1470 4732 Deo
1501 4689 1784 4748 pergratus
1807 4686 1912 4743 est,
1955 4679 2048 4748 qui
2081 4681 2179 4734 ho-

2286 4671 2605 4742 εὐχαριστος
2642 4670 2697 4724 δὲ
2739 4671 2896 4741 λόγος
2921 4672 3039 4742 Θεῷ
3091 4671 3558 4743 προσφερόμενος,
3607 4670 3842 4741 σωτηρία

609 4770 742 4824 mini
778 4768 929 4824 aﬂert
962 4771 1216 4825 salutem.

1227 4859 1477 4916 Scholion
1512 4860 1576 4913 17

679 4954 884 5007 Sensus
913 4952 1131 5020 quidem
1169 4954 1222 5007 in
1258 4952 1417 5007 nobis
1447 4964 1531 5006 est
1580 4934 1884 5016 rationalis,
1918 4960 2176 5025 tanquam

607 5047 805 5100 insitus
838 5044 1020 5098 animo
1062 5046 1116 5096 in
1164 5046 1313 5099 omni
1349 5045 1605 5110 homine,
1661 5043 1802 5098 idem
1845 5052 2025 5100 tamen
2065 5063 2177 5102 non

605 5146 692 5190 est
731 5137 782 5189 in
807 5138 990 5201 nobis,
1027 5143 1085 5188 ut
1111 5145 1195 5194 est
1221 5151 1250 5189 a
1286 5137 1637 5204 passionihus
1668 5145 1844 5191 tectus
1875 5136 1926 5191 in
1967 5138 2036 5192 iis
2082 5140 2175 5208 qui

605 5235 734 5282 sunt
771 5230 951 5296 pravis
984 5228 1268 5282 affectibus
1291 5231 1563 5296 occupati,
1597 5230 1847 5299 quamvis
1889 5231 2024 5286 nihil
2052 5239 2176 5303 agat

607 5333 661 5377 et
691 5321 1000 5389 incognitus
1047 5321 1137 5375 sit.

1211 5413 1463 5470 Scholion
1488 5413 1572 5466 18.

676 5510 840 5561 Docet
873 5516 1124 5576 oportere
1151 5508 1396 5578 quemvis
1430 5507 1740 5577 religiosum
1774 5524 1945 5578 usque
1973 5511 2040 5569 ad
2075 5527 2174 5570 c0-

604 5592 909 5667 gitationes,
939 5608 1116 5653 motus
1142 5616 1270 5654 suos
1299 5615 1492 5658 omnes
1518 5601 1896 5671 pervestigare.

1229 5691 1475 5747 Scholion
1506 5695 1591 5747 19.

674 5781 864 5836 Divina
920 5783 1252 5852 providentia
1303 5783 1627 5840 diﬂunditur
1677 5788 1730 5840 in
1775 5787 1976 5842 omnia.
2032 5787 2167 5842 Nam

673 5957 750 6028 (ri)
780 5960 937 6018 Deest
964 5975 1106 6019 unus
1132 5977 1345 6020 versus.

2282 4763 2573 4834 ἀνθρώπου
2613 4764 2946 4836 εὑρίσκεται.

2880 4856 3138 4926 Σχόλιον
3165 4855 3252 4920 ιζ’.

2366 4947 2452 4998 Ἐν
2484 4950 2619 5021 ἡμῖν
2660 4951 2760 5022 μέν
2787 4951 2936 5003 ἐστιν
2963 4950 2997 5018 ἡ
3034 4948 3196 5020 νοερὰ
3230 4949 3499 5017 αἴσθησις,
3539 4946 3614 5010 ὡς
3659 4943 3736 5014 τῷ
3763 4942 3839 4997 νοτ

2285 5043 2604 5113 συνημμένη
2647 5044 2704 5095 ὲν
2746 5041 2908 5094 παντὶ
2946 5041 3218 5113 ἀνθρώπῳ
3243 5058 3258 5074 ·
3281 5040 3383 5094 οὐκ
3421 5037 3481 5091 ὲν
3517 5039 3649 5107 ἡμῖν
3686 5033 3743 5090 δὲ
3767 5033 3833 5098 ὡς

2280 5131 2385 5183 ὑπὸ
2414 5133 2521 5186 τῶν
2539 5133 2726 5187 παθῶν
2758 5129 3163 5202 καλυπτομένη,
3203 5133 3260 5184 ἐν
3289 5130 3404 5192 τοῖς
3431 5125 3724 5198 ὲμπαθέσι,
3751 5125 3839 5178 καὶ

2281 5223 2563 5295 ἄπρακτος
2591 5220 2726 5278 οὖσα
2747 5222 2844 5276 καὶ
2875 5221 3260 5293 ἀδιάγνωστος.

2770 5374 2786 5395 χ
2881 5416 2927 5467 Σ
2930 5415 3140 5482 xii/hor
3162 5416 3249 5479 ιη’.

2355 5505 2476 5556 Ὅτι
2502 5502 2609 5574 χρὴ
2650 5501 2741 5554 τὸν
2767 5505 2998 5577 μοναχὸν
3042 5503 3220 5556 πάντα
3259 5499 3644 5571 ἁκριϐεύεσθαι
3679 5498 3834 5572 μέχρι

2285 5598 2379 5651 καὶ
2411 5596 2622 5660 ἐννοίας
2651 5599 2728 5661 εἰς
2756 5599 2825 5652 τὰ
2858 5594 3049 5650 ἑαυτοῦ
3093 5596 3387 5667 κινήματα.

2867 5701 3126 5766 Σχόλιον
3156 5698 3243 5754 ιϐ’.

2363 5791 2425 5842 Ἦ
2453 5791 2547 5846 τοῦ
2582 5795 2720 5849 Θεοῦ
2746 5793 2970 5865 πρόνοια
3008 5794 3088 5856 εἰς
3133 5791 3331 5850 πάντα.
3378 5793 3458 5848 Τὰ
3496 5793 3606 5867 γὰρ
3633 5791 3830 5848 ἄνωθεν
