4030 6342
253 420 404 482 ῗυίῦ

854 547 901 598 Σ
902 547 1112 615 χόλιον
1162 550 1251 606 λε’.

345 630 409 681 ὐ
426 629 598 697 ’ίέλως
625 634 690 685 ἐκ
712 635 878 704 τριῶν
890 640 1112 705 γίνεται·
1133 640 1195 692 εκ
1213 645 1487 712 πορνείας,
1507 648 1824 714 κενοδοξίας,

251 721 362 772 καὶ
403 722 499 790 τῆς
528 721 676 776 ἔνδον
703 728 1026 798 σεμνότητος
1057 733 1148 785 καὶ
1169 737 1399 805 τρυφῆς,
1425 739 1452 790 ὃ
1484 741 1599 792 ἐστι
1634 742 1794 811 κόρος
1813 757 1826 770 ⁸

250 811 499 864 ἑκάστου
574 815 684 868 τῶν
735 819 1204 892 ἀπηριθμημένων
1253 825 1494 896 δηλονότι
1559 832 1827 902 ἁναμέρος

253 902 548 967 ποιοῦντος
586 907 679 959 τὸν
700 909 928 976 γέλωτα.

647 1000 833 1054 ’Ἄλλο
861 1002 964 1056 τοῦ
989 1005 1160 1072 ἁγίου
1216 1008 1451 1079 Ἐφρέμ.

349 1081 412 1135 ὐ
441 1085 616 1152 γέλως
634 1089 724 1141 τὸν
743 1094 1086 1162 μακαρισμὸν
1108 1095 1199 1148 τοῦ
1229 1099 1456 1164 πένθους
1485 1100 1588 1167 ἔξω
1607 1103 1788 1173 βάλλει
1809 1125 1823 1136 ⁸

255 1174 365 1226 καὶ
393 1177 458 1228 τὰ
486 1179 904 1249 οἰκοδομηθέντα
936 1187 1185 1241 καταλύει
1213 1205 1228 1219 °
1257 1191 1316 1242 τὸ
1345 1193 1565 1262 Πνεῦμα
1584 1196 1643 1248 τὺ
1671 1199 1825 1264 ἆγιον

254 1265 444 1331 λυπεῖ,
509 1269 685 1341 ψυχὴν
744 1275 844 1327 οῦκ
887 1276 1102 1345 ὠφελεῖ,
1152 1283 1307 1352 σῶμα
1354 1284 1674 1356 διαφθείρει,
1726 1293 1823 1353 τὰς

253 1356 472 1426 ἀρετὰς
532 1359 754 1415 διώκειο
812 1365 910 1419 οὐκ
961 1367 1072 1439 ἔχει
1130 1374 1350 1444 μνήμην
1396 1377 1663 1437 θανάτου(
1702 1382 1823 1435 οὐδὲ

256 1449 504 1522 μελέτην
551 1454 657 1507 τῶν
692 1455 962 1520 κολάσεων
990 1479 1003 1492 ·
1042 1464 1257 1535 περίελέ
1310 1468 1402 1518 ἀπ’
1439 1469 1572 1536 ἐμοῦ
1621 1471 1711 1522 τὸν
1732 1473 1824 1540 γέ-

255 1541 436 1606 λωτα,
482 1546 571 1598 καὶ
626 1545 869 1617 δὼρησόν
911 1561 1010 1622 μοι’
1039 1555 1232 1619 πένθος
1269 1559 1363 1610 καὶ
1411 1558 1705 1629 κλαυθμὸν,
1766 1564 1824 1616 ὃν

255 1630 453 1703 ζητεῖς
489 1636 618 1707 παρ’
639 1639 774 1708 ἐμοῦ
803 1642 832 1692 ὁ
851 1641 1004 1704 Θεὸς.

832 1736 880 1786 Σ
881 1737 1092 1809 χόλιοντ
1149 1737 1256 1801 λς’.

348 1817 410 1872 ⁸0
446 1819 610 1884 ὕπνος
639 1824 702 1875 ὲκ
723 1826 996 1890 τεσσάρων
1047 1827 1288 1894 γίνεται·
1327 1835 1820 1904 τρυφῆς,νηστείας

249 1913 365 1979 τῆς
409 1913 526 1964 κατ’
559 1914 810 1986 ἔπαρσιν,
858 1918 1104 1984 ἁκηδίας,
1162 1923 1259 1975 καὶ
1313 1923 1526 1992 φύσεως
1559 1945 1572 1961 ε
1617 1928 1821 1983 τούτων

254 2003 364 2054 ἐὰν
413 2009 656 2077 κρατήσῃ
710 2008 808 2078 τῆς
845 2009 1057 2080 ψυχῆς,
1098 2015 1188 2066 καὶ
1236 2014 1376 2068 κατὰ
1438 2017 1604 2086 μόνας
1658 2018 1822 2075 ὕπνον

250 2098 497 2163 ἐμποιεῖ.

476 2283 731 2350 Σχόλιον
745 2286 852 2338 τοῦ
873 2289 1140 2357 μεγάλου
1173 2295 1494 2349 Βασιλείου
1513 2295 1608 2361 λζ’.

347 2368 406 2420 ὐ
460 2371 634 2442 ἐαυτῷ
680 2376 948 2444 ἀρέσκων,
999 2381 1478 2454 ἁνθρωπαρεσκεί·
1539 2389 1823 2459 ἄνθρωπος

252 2457 374 2529 γὰρ
411 2462 569 2526 αὐτὸς
624 2464 870 2530 ἕκαστος.
907 2469 1117 2540 ’Ὠσπερ
1138 2469 1230 2526 οὖν
1257 2474 1685 2544 ἑπικατάρατος
1723 2479 1823 2531 ἇν-

251 2553 520 2639 θρωπος,
575 2555 643 2621 ὃς
678 2555 792 2625 τὴν
822 2559 1039 2613 ἐλπίδα
1064 2563 1184 2630 ἔχει
1224 2566 1317 2616 ἐπ’
1365 2565 1696 2635 ἄνθρωπον,
1725 2572 1823 2624 καὶ

253 2645 539 2711 στηρίσει
575 2647 768 2717 σάρκα
791 2653 1112 2721 ,ϐραχίονος
1135 2657 1343 2724 αὑτοῦ,
1384 2658 1480 2729 τὴν
1515 2662 1593 2722 είς
1632 2663 1822 2714 ἑαυτὸν

253 2738 590 2808 πεποίθησιν
620 2742 786 2810 δηλοῖσ
810 2739 890 2807 οἷς
915 2745 1005 2797 καὶ
1037 2748 1306 2818 ἐπιφέρει,
1330 2751 1428 2804 καὶ
1455 2752 1573 2805 ἀπὸ
1603 2753 1821 2820 Κυρίου

255 2828 506 2896 ἀποστῇ
533 2832 570 2898 ἠ
599 2833 770 2902 ψυχὴ
791 2837 997 2890 αὐτοῦ·
1022 2837 1194 2902 οὕτως
1218 2841 1312 2893 καὶ
1338 2843 1365 2894 ὁ
1383 2843 1525 2912 ἄλλῳ
1551 2840 1820 2915 ἀρέσκων,

255 2920 296 2989 ἦ
322 2921 440 2973 κατ’
471 2922 606 2976 ἰδίαν
662 2926 952 2995 ἀρέσκειαν
1008 2930 1198 2996 ποιῶν,
1252 2933 1352 3003 τῆς
1390 2937 1696 3000 θεοσεϐείας
1722 2939 1820 2992 ἐκ·

258 3011 476 3064 πῖπτεν
502 3017 580 3078 είς
595 3017 701 3087 γὰρ
727 3019 1240 3092 ἀνθρωπαρέσκειαν
1254 3027 1512 3094 ἐμπίπτει
1534 3048 1548 3061 ο
1577 3034 1821 3088 Ποιοῦσι

257 3105 400 3172 γὰρ,
426 3109 586 3178 φησὶν
605 3110 634 3160 ὁ
662 3110 882 3181 Κύριος,
905 3114 1053 3181 πρὸς
1068 3115 1134 3168 τὸ
1163 3117 1438 3186 θεαθῆναι
1463 3121 1585 3190 τρῖς
1604 3125 1822 3192 ἀνθρώ-

1209 409 1431 497 SEALA
1463 441 1832 502 PARADISI.
1865 469 1931 479 ——
1958 445 2260 507 (manus
2289 450 2490 511 XXVI.

1859 561 1906 616 Α

3361 457 3492 538 Iulli

2523 561 2766 616 Scholion
2801 563 2886 618 55.

2003 646 2166 704 Risus
2195 666 2260 704 ex
2290 653 2462 708 tribus
2495 653 2641 708 vitiis
2673 657 2919 721 exsistit,
2959 671 3025 710 ex
3068 657 3281 712 luxuria
3307 699 3321 724 ,
3355 676 3488 713 vana

1931 741 2102 831 gloria
2142 755 2195 798 et
2224 745 2430 800 interna
2457 751 2720 831 gravitate
2765 761 2817 804 et
2847 751 3084 816 deliciis,
3125 754 3225 808 hoc
3254 763 3368 817 est,
3405 771 3489 807 sa-

1935 829 2116 882 tietate
2145 832 2390 886 ciborum
2421 852 2434 888 :
2472 829 2697 906 Singulis
2734 853 2926 908 nempe
2958 855 3023 893 ex
3067 841 3134 894 iis
3157 882 3172 905 ,
3204 857 3324 910 qua!
3355 856 3488 896 enu—

1933 921 2290 989 Ineravimus,
2325 925 2493 978 risum
2526 929 2886 982 moventibus.

2440 1019 2602 1072 Aliud
2642 1019 2701 1074 S.
2733 1020 2977 1091 Ephrem.

1997 1101 2161 1160 Risus
2191 1107 2404 1162 beatum
2435 1111 2628 1165 animm
2665 1113 2871 1169 luctum
2901 1113 3246 1176 exterminat,
3285 1124 3339 1167 et
3367 1131 3488 1182 quze

1926 1195 2188 1264 ardificata
2236 1209 2396 1268 sunt,
2431 1203 2711 1269 dissolvit,
2761 1207 3020 1275 Spiritum
3065 1216 3308 1261 sanctum
3357 1222 3485 1260 con-

1928 1286 2143 1354 tristat,
2188 1291 2382 1346 anim-ie
2425 1301 2622 1359 nocet,
2671 1311 2867 1365 corpus
2896 1295 3229 1366 corrumpit,
3259 1297 3484 1350 virtutes
3559 1289 3566 1295 ’

1926 1377 2110 1447 (velut
2155 1381 2372 1452 hostes)
2422 1386 2782 1455 persequitur.
2832 1388 3020 1443 Mortis
3049 1390 3359 1443 memoriam
3391 1404 3480 1442 ex-

1925 1469 2183 1538 stinguit,
2220 1487 2407 1529 curam
2451 1477 2838 1546 suppliciorum
2891 1481 3048 1534 tollit.
3097 1480 3264 1534 Aufer
3315 1496 3342 1533 a
3401 1497 3485 1533 me

1925 1560 2094 1614 risum
2115 1600 2130 1624 ,
2159 1573 2213 1616 et
2245 1565 2311 1618 da
2345 1566 2478 1623 mibi
2513 1569 2718 1625 luetum
2750 1580 2802 1626 et
2829 1573 3011 1625 fletum
3035 1613 3049 1636 ,
3086 1589 3242 1642 quem
3283 1574 3416 1641 petis
3456 1590 3483 1625 a

1926 1668 2033 1718 me,
2061 1653 2204 1710 Deus
2233 1672 2408 1712 incus.

2523 1754 2773 1810 Scholion
2808 1757 2895 1810 56.

1997 1840 2233 1898 Somnus
2267 1861 2332 1900 ex
2363 1859 2594 1917 quatuor
2620 1851 2800 1904 causis
2831 1849 3038 1917 oritur,
3075 1866 3105 1905 e
3150 1851 3311 1918 luxu,
3338 1852 3482 1922 ,ευμεν

1924 1933 2043 2000 nio,
2093 1937 2237 2004 quod
2289 1939 2576 1994 elationem
2623 1942 2787 1994 animi
2843 1943 3024 1996 attulit
3068 1943 3369 2012 jejunanti,
3419 1961 3482 1997 ex

1922 2025 2136 2094 pigritia
2174 2038 2228 2082 et
2256 2041 2468 2084 natura.
2501 2031 2631 2097 Qua:
2669 2033 2851 2085 omnia
2886 2034 2929 2086 si
2981 2035 3174 2087 viceris
3218 2045 3271 2088 et
3315 2036 3484 2105 impe-

1922 2120 2128 2172 raveris
2157 2121 2360 2187 animo,
2395 2123 2605 2192 singula
2643 2133 2819 2176 tamen
2853 2139 3106 2178 somnum
3149 2126 3310 2178 etiam
3354 2144 3484 2181 con-

1921 2209 2126 2263 ciliant.

2308 2304 2555 2357 Scholion
2583 2303 2779 2358 Basilii
2812 2305 2989 2374 Magni
3016 2304 3103 2358 57.

1989 2389 2092 2456 Qui
2127 2391 2233 2445 sibi
2279 2392 2377 2461 ipsi
2411 2394 2613 2462 placet,
2647 2395 2827 2448 studet
2859 2398 3021 2465 etiam
3057 2393 3264 2462 placere
3309 2392 3480 2445 homi-

1924 2485 2119 2551 nibus',
2152 2485 2381 2555 quisque
2403 2489 2564 2548 ,enim
2593 2500 2648 2541 et
2680 2487 2794 2556 ipse
2819 2487 2921 2542 sibi
2958 2489 3121 2540 homo
3157 2495 3258 2539 est.
3288 2483 3486 2549 Quem-

1922 2578 2212 2632 admodum
2254 2594 2383 2648 ergo
2427 2579 2557 2634 illud
2593 2596 2607 2630 :
2652 2577 2970 2632 Maledictus
3019 2577 3171 2630 homo
3212 2577 3300 2645 qui
3348 2594 3488 2644 spem

1922 2685 2074 2720 suam
2104 2669 2257 2723 habet
2288 2671 2343 2722 in
2379 2671 2618 2735 homine,
2662 2679 2711 2723 et
2755 2670 2989 2736 firmabit
3029 2685 3241 2721 carnem
3290 2668 3488 2720 brachil

1921 2760 2004 2811 sui
2035 2761 2081 2791 ¹⁵⁰
2101 2801 2116 2824 ,
2148 2761 2416 2829 signiﬁcat
2457 2759 2837 2815 confidentiam
2869 2759 2991 2822 sui,
3025 2759 3222 2827 quibus
3250 2758 3408 2811 infert
3437 2770 3489 2811 et

1921 2850 2166 2920 adjungit
2192 2869 2206 2904 :
2241 2850 2308 2904 Et
2335 2869 2367 2905 a
2399 2851 2624 2906 Domino
2649 2853 2912 2906 recesserit
2932 2853 3111 2904 animo
3139 2849 3252 2918 ejus
3278 2851 3322 2882 ⁸¹
3353 2868 3366 2914 ;
3417 2852 3487 2903 ita

1920 2954 1974 2996 et
1997 2944 2091 3013 qui
2121 2944 2275 2999 alteri
2309 2944 2510 3014 placet,
2541 2954 2636 2999 aut
2669 2945 2800 2999 facit
2829 2945 2959 3014 quid
2986 2983 3000 3007 ,
3031 2953 3086 2997 ut
3119 2944 3360 3012 placeat,
3395 2958 3487 2995 cx-

1921 3035 2051 3090 cidit
2087 3053 2118 3091 e
2166 3036 2260 3091 Dei
2297 3037 2468 3107 gratia
2509 3038 2639 3091 dum
2687 3046 2865 3106 captat
2910 3035 3190 3090 hominum
3237 3036 3482 3102 gratiam.

1924 3126 2153 3182 Faciunt
2172 3131 2330 3196 enim,
2354 3131 2531 3200 inquit
2550 3130 2707 3202 361
2739 3129 3019 3196 Dominus,
3049 3138 3104 3182 ut
3122 3128 3395 3182 uideantur
3426 3134 3487 3180 ul!

259 3211 430 3260 scrc.
496 3199 682 3268 Ἀμὴν
726 3203 882 3273 λέγω
902 3206 1092 3276 ’ὐμῖν,
1139 3209 1438 3278 ἀπέχουσι
1467 3214 1573 3269 τὸν
1602 3219 1823 3285 μισθὸν

1928 3215 2240 3275 hominibus.
2285 3223 2450 3276 Amen
2495 3223 2616 3278 dico
2659 3222 2831 3288 vobis,
2873 3231 3172 3288 receperunt
3207 3221 3487 3274 mercedem

259 3304 484 3344 οντων.

442 3385 698 3453 Σχόλιον
720 3361 1051 3445 ’Ἀντωνίου
1104 3395 1209 3448 τοῦ
1241 3395 1506 3466 μεγάλου
1547 3400 1646 3469 λη’.

352 3475 640 3543 Ἐπιθυμία
670 3478 926 3550 λογισμοῦ
969 3483 1363 3556 ἀποσπωμένη,
1392 3489 1584 3560 ἡδονὴν
1613 3493 1776 3562 γεννᾷ
1804 3508 1837 3546 ’.

261 3566 365 3618 καὶ
394 3570 490 3638 τὴν
511 3569 689 3640 ψυχὴν
719 3571 752 3642 ἢ
781 3571 1037 3643 σωθῆναι,
1072 3575 1105 3646 ἢ
1131 3576 1208 3648 τῷ
1235 3578 1354 3648 Θεῷ
1384 3581 1718 3652 συναφθῆναι
1763 3585 1823 3637 οὺ

263 3664 557 3732 συγχωρεῖ.

840 3759 887 3809 Σ
889 3757 1099 3825 χόλιον
1149 3759 1244 3815 λθ’.

346 3839 601 3910 Ἔλεγχος
631 3844 982 3914 σωτηριώδης
1023 3846 1124 3915 τῆς
1153 3826 1350 3912 κακίας
1392 3851 1565 3920 ἡμῶν,
1600 3853 1693 3905 καὶ
1744 3854 1826 3906 ὅτι

258 3931 339 3984 δι’
361 3935 528 4001 αὐτῆς
559 3936 665 3987 τῶν
687 3940 1040 4008 χαρισμάτων
1094 3946 1562 4017 ἀποτυγχάνομεν,
1617 3951 1711 4001 καὶ
1746 3951 1827 4011 εἰς

259 4023 393 4088 τοὺς
418 4027 612 4089 κόπους
631 4029 1094 4102 καταϐαλλόμεθα.

853 4128 899 4177 Σ
901 4128 1111 4192 χόλιον
1172 4135 1245 4198 μ’.

350 4211 411 4264 Ὀ
436 4216 743 4282 σιυματικὸς
772 4217 936 4281 κόπος
978 4220 1104 4273 ἄνευ
1147 4223 1246 4292 τῆς
1279 4222 1370 4275 τοῦ
1401 4222 1491 4276 νοῦ
1525 4224 1825 4296 καθαρότη-

257 4321 381 4369 τος,
415 4305 489 4368 ὡς
517 4307 739 4370 ἄτεκνος
794 4314 994 4381 μήτρα,
1027 4315 1116 4366 καὶ
1163 4315 1360 4384 μασοοὶ
1390 4317 1682 4388 κατάξηροι
1719 4335 1734 4347 °
1760 4323 1826 4392 τῇ

261 4398 378 4468 γὰρ
451 4397 545 4450 τοῦ
577 4398 714 4451 Θεοῦ
767 4401 962 4466 γνώσει
1013 4406 1369 4472 προσεγγίσαι
1425 4410 1484 4459 οὺ
1554 4410 1826 4476 δύνανται,

263 4491 366 4543 καὶ
419 4491 479 4544 τὺ
533 4489 631 4555 μὲν
682 4489 838 4560 σῶμα
900 4494 1210 4547 κατάκοπον
1268 4496 1532 4561 ποιοῦσιν,
1588 4479 1740 4554 οὐδέν
1771 4504 1828 4556 δὲ

185 4624 223 4637 -,
263 4583 546 4636 ἀνύουσιν.

836 4678 882 4729 Σ
882 4678 1092 4745 χόλιον
1150 4684 1259 4746 μα’.

353 4764 608 4835 ’Δθληταὶ
623 4767 790 4830 ὅντως
807 4771 855 4821 οἱ
890 4770 1128 4841 μοναχοί·
1149 4771 1334 4824 ἀθλεῖν
1353 4772 1460 4843 γὰρ
1493 4772 1829 4846 προῄρηνται

263 4860 338 4929 τῇ
369 4858 468 4926 τῆς
498 4857 675 4928 ψυχῆς
708 4860 818 4930 βίᾳο
955 4939 958 4945 ,

943 4955 1148 5010 Ἄλλο.

348 5043 552 5110 Ἥγουν
588 5044 685 5110 τῆς
716 5045 903 5116 ἥττης·
937 5047 1093 5101 τοῦτο
1124 5051 1231 5118 γὰρ
1271 5053 1520 5121 μοναχοῖς
1557 5053 1829 5122 ἀσθένεια,

268 5138 373 5192 καὶ
403 5139 500 5208 οὐχ
520 5140 551 5208 ἡ
575 5140 668 5191 τοῦ
695 5138 942 5208 σώματος
975 5141 1234 5204 κάκωσις.

949 5314 1161 5369 Ἄλλο.

343 5408 506 5471 Θείας
562 5408 870 5478 οἰκονομίας
916 5406 1218 5478 δωρήματι,
1276 5409 1332 5459 αἱ
1391 5406 1663 5459 ἀσθένειαι
1719 5411 1830 5472 τοῖς

272 5501 548 5570 μοναχοῖς.

849 5592 893 5644 Σ
895 5589 1102 5660 χόλιον
1167 5590 1276 5661 μβθ.

339 5683 445 5737 Τὸν
497 5683 732 5754 μοναχὸν
775 5681 867 5736 τὸν
925 5680 1000 5752 μὴ
1037 5679 1340 5749 θεαρέστως
1395 5679 1710 5735 δουλεύοντα
1753 5681 1831 5752 τῷ

340 5862 389 5896 ³⁸
413 5861 614 5920 Jercm.
638 5875 772 5925 xvn,
796 5861 848 5916 5.
926 5861 966 5892 δι
988 5859 1116 5916 ibid.
1193 5859 1240 5890 "
1264 5859 1448 5916 Matth.
1479 5876 1550 5929 ri,
1578 5861 1632 5914 Et.

1927 3328 2076 3365 suam
2108 3313 2173 3364 ⁸³.

2269 3403 2518 3458 Scholion
2567 3405 2778 3458 Antonii
2831 3406 3005 3474 magni
3059 3404 3148 3458 58.

1994 3491 2452 3562 Concupiscentia
2476 3496 2684 3550 ratione
2704 3496 2958 3550 destituta
2983 3495 3308 3563 voluptatem
3329 3497 3483 3564 parit,

1925 3599 2026 3639 nec
2069 3585 2200 3639 sinit
2243 3582 2479 3641 animam
2521 3597 2613 3642 aut
2643 3589 2862 3653 salvari,
2910 3597 3004 3641 aut
3052 3604 3174 3643 cum
3225 3587 3332 3642 Deo
3360 3605 3485 3641 eon-

1919 3677 2094 3748 jungL

2185 3830 2200 3844 .
2357 3773 2602 3826 Scholion
2629 3772 2687 3827 S.
2733 3772 2956 3825 Maximi
2989 3772 3079 3825 39.

1995 3861 2362 3933 Reprehensio
2405 3866 2622 3918 malitia:
2663 3872 2860 3916 nostra:
2901 3862 3059 3915 nobis
3095 3863 3348 3916 salutaris
3383 3872 3485 3926 est,

1925 3956 2066 4022 quod
2119 3971 2213 4022 per
2255 3957 2424 4024 ipsam
2471 3958 2762 4023 gratiarum
2792 3955 3094 4007 cmlestium
3134 3953 3276 4007 dona
3300 3955 3485 4023 acqui-

1929 4057 2134 4107 ramus,
2159 4053 2213 4096 ct
2239 4044 2307 4096 ad
2337 4045 2551 4097 labores
2580 4043 2890 4096 incitcmur.

2515 4136 2764 4190 Scholion
2792 4137 2878 4190 40.

1999 4227 2176 4282 Labor
2212 4229 2458 4298 corporis
2501 4230 2594 4300 qui
2643 4239 2791 4283 caret
2840 4229 3102 4282 Inunditie
3158 4229 3378 4290 mentis,
3404 4238 3490 4282 est

1928 4323 2084 4390 quasi
2145 4323 2344 4377 sterilis
2395 4333 2581 4377 uterus
2628 4331 2682 4376 et
2725 4324 2888 4376 ubera
2923 4321 3064 4374 sicca
3112 4329 3165 4374 ct
3200 4322 3371 4374 arida.
3408 4322 3484 4374 All

1931 4415 2023 4470 Dei
2046 4417 2190 4470 enim
2223 4415 2582 4485 cognitionem
2617 4416 2854 4484 aspirare
2879 4429 2982 4466 non
3017 4424 3258 4482 possunt,
3294 4425 3348 4469 et
3376 4431 3487 4468 cor-

1931 4522 2031 4574 pus
2064 4506 2310 4576 fatigant,
2343 4506 2479 4560 nihil
2511 4516 2688 4560 tamen
2715 4505 3022 4576 proficiunt.

2563 4686 2808 4739 Scholion
2830 4685 2921 4739 41.

1999 4775 2245 4832 Monachi
2298 4778 2411 4832 veri
2452 4785 2579 4830 sunt
2628 4777 2879 4830 athleth
2940 4783 3291 4845 susceperunt
3339 4774 3483 4827 enim

1929 4869 2152 4935 laetam,
2189 4879 2246 4924 ut
2273 4871 2464 4924 animae
2500 4884 2612 4922 sua:
2643 4868 2748 4921 vim
2786 4869 3063 4924 inferrent.

1971 4959 1974 4961 ’
2633 4955 2813 5010 Aliud.

2009 5048 2132 5102 Sive
2159 5048 2300 5116 quod
2348 5047 2472 5101 victi
2503 5048 2632 5100 sint.
2671 5046 2786 5102 lloc
2809 5049 2949 5101 enim
2981 5044 3255 5098 monachis
3277 5053 3358 5097 est
3385 5044 3483 5097 im-
3517 5067 3523 5073 -

1937 5141 2199 5196 becillitas
2224 5154 2318 5194 seu
2367 5140 2651 5209 :egritndo,
2704 5157 2811 5195 non
2859 5148 3037 5193 autem
3066 5138 3310 5205 corporis
3341 5155 3484 5191 nior-

1934 5234 2057 5288 bus.

2636 5321 2815 5375 Aliud.

2008 5409 2176 5464 Morbi
2205 5412 2467 5480 corporis,
2505 5412 2764 5483 singulari
2794 5409 2885 5464 Dei
2918 5409 3179 5463 beneficio
3207 5409 3484 5462 moimchis

1936 5499 2319 5556 immittuntur.

2538 5590 2782 5644 Scholion
2814 5587 2901 5642 42.

2018 5682 2360 5751 Monachum,
2393 5685 2485 5755 qui
2511 5698 2614 5738 non
2648 5684 2719 5738 ita
2747 5683 2912 5740 servit
2936 5683 3044 5738 Deo
3077 5693 3132 5735 ut
3158 5679 3230 5733 illi
3255 5679 3476 5749 piaculi;
