4030 6342
205 421 354 489 iota
422 506 425 511 η

1173 419 1417 503 ’δρΑιΑ
1438 441 1885 504 ΡΑΒΛΙ)ΙΞΙ.-
1911 440 2215 503 GRADUS
2250 443 2456 504 XXVI.

3292 438 3431 503 1050

202 539 511 596 ὑπόστασιν
566 542 934 618 Θεωρούμενον
986 551 1043 602 ἐν
1091 557 1154 627 τῇ
1217 553 1373 623 φύσει
1425 555 1532 607 τῶν
1575 555 1762 619 ὄντων,

1867 552 2103 621 positum
2156 555 2592 620 consideratum,
2643 568 2710 608 ex
2744 568 2841 609 sua
2888 560 3083 607 natura
3140 551 3275 606 nihil
3325 563 3427 609 est.

199 628 232 679 ὲ
241 631 362 683 στὶν
384 631 546 688 οὐδέν.

386 728 387 731 “
460 787 462 790 ,
572 804 577 808 _
882 732 1090 787 Ἄλλο.

248 893 254 898 ι
286 812 453 868 Οὐδὲν
473 813 675 888 ,ἕτερόν
707 819 824 874 ἐστι
850 823 1037 887 κακία,
1068 824 1099 893 ἢ
1132 824 1330 895 ἀρετῆς
1358 825 1611 900 ἔλλειψις.

894 1001 1100 1055 Ἄλλο.

286 1067 412 1134 Ὅτι
443 1068 672 1151 φυσικαὶ
715 1085 908 1157 ἀρεταὶ
951 1089 1008 1142 ὲν
1064 1091 1219 1159 ἡμῖν,
1262 1094 1296 1163 ἡ
1350 1093 1703 1165 ἐλεημοσύνη,
1738 1112 1772 1167 η

203 1170 426 1242 ἀγάπη.
448 1174 481 1242 ἡ
512 1173 712 1239 πίστις,
748 1177 782 1247 ή
806 1176 979 1241 ἐλπίς·
1014 1178 1152 1232 αἰδὲ
1191 1181 1329 1253 ὑπὲρ
1369 1182 1527 1252 φύσιν
1560 1185 1769 1252 ἆγνεια,

202 1264 505 1332 ἀοργησία,
551 1268 1034 1343 ταπεινοφροσύνη,
1103 1260 1401 1344 προσευχὴ,
1475 1275 1769 1345 ἀγρυπνία,

203 1353 456 1424 νηστεία.
780 1418 783 1421 Α

379 1445 383 1448 ’
442 1518 445 1519 ν
626 1444 667 1523 ,ν
742 1440 945 1504 Ἀλλο
982 1450 1246 1520 Μάρκου.

290 1535 455 1607 Ἄλλη
502 1540 698 1608 πρᾶξις
751 1541 990 1611 ἐντολῆς,
1027 1544 1122 1596 καὶ
1173 1544 1301 1598 ἄλλο
1339 1544 1529 1617 ἀρετὴ,
1563 1546 1665 1599 κᾶν
1712 1546 1773 1612 ἐξ

513 1629 612 1692 τὰς
681 1631 791 1684 τῶν
851 1633 1069 1699 ἀγαθῶν
1117 1636 1369 1705 ἀφορμὰς
1428 1638 1767 1708 λαμϐάνωσι.

209 1715 421 1784 Πρᾶξις
448 1710 665 1793 ἐντολῆς
698 1720 936 1789 λέγεται,
976 1724 1035 1776 τὸ
1065 1728 1533 1797 προστεταγμένον
1558 1744 1570 1755 ⁶
1599 1730 1769 1800 ἀρετὴ

208 1806 273 1857 ὲν
304 1807 382 1877 τῷ
409 1808 661 1879 ἀρέσκειν
682 1816 747 1881 τῇ
771 1812 997 1884 ἀληθείᾳ
1032 1814 1091 1867 τὸ
1113 1815 1412 1885 γινόμενον.

795 2090 844 2141 Σ
844 2088 1053 2157 χόλων
1096 2097 1186 2145 vs’.

281 2175 601 2231 Διδάσκαλοι
659 2179 759 2248 τῆς
811 2181 1029 2248 ἁγνείας
1060 2180 1245 2247 Ἠλίας
1297 2185 1395 2238 καὶ
1464 2187 1713 2259 Ἰωάννης
1743 2192 1772 2242 6

209 2265 555 2336 Πρόδρομος,
578 2270 674 2321 καὶ
722 2272 750 2322 6
777 2269 1022 2340 θεολόγος
1072 2274 1350 2346 Ἰωάννης’
1388 2279 1687 2350 πραότητος
1710 2282 1769 2334 δὲ

208 2357 453 2427 Μωῦσῆς
480 2359 572 2443 καὶ
598 2360 760 2414 Δαυΐδ
780 2379 794 2393 ’
827 2363 924 2427 τῆς
949 2363 1006 2416 δὲ
1058 2369 1361 2439 προσευχῆς
1388 2370 1548 2433 αὐτὸς
1574 2373 1603 2424 ὁ
1635 2372 1769 2426 Θεοῦ

208 2448 407 2515 Λόγος,
444 2454 596 2505 καὶὸ
623 2453 813 2520 φανεὶς
855 2454 1085 2524 ἄγγελος
1142 2458 1409 2530 Ἀντωνίῳ
1440 2462 1534 2514 καὶ
1577 2464 1771 2532 Παχω-

209 2540 320 2610 μίῳ
347 2558 362 2572 ·
390 2542 553 2595 πάλιν
588 2545 687 2613 τῆς
715 2547 966 2615 νηστείας
1023 2551 1249 2620 Μωσῆς,
1281 2553 1372 2604 καὶ
1419 2554 1579 2617 αὐτὸς
1604 2557 1632 2607 6
1657 2557 1769 2608 Κύ-

208 2649 358 2701 ριοςο
404 2633 566 2687 πάλιν
611 2636 915 2706 ἀγρυπνίας
973 2640 1177 2707 πολλοὶ,
1237 2642 1285 2694 οἳ
1335 2645 1429 2696 καὶ
1478 2647 1769 2712 κατάνυξιν

205 2725 411 2779 τούτων
465 2730 797 2799 ἐκτήσαντο·
829 2736 1332 2807 ταπεινοφροσύνης
1390 2737 1467 2804 δὲ,
1506 2740 1573 2792 δι’
1620 2743 1768 2810 ἡμᾶς

208 2819 533 2887 πτωχεύσεις
576 2821 710 2873 Θεοῦ
757 2823 947 2891 Λόγος,
995 2827 1089 2880 καὶ
1150 2828 1431 2885 ἀναλαϐὼν
1462 2831 1561 2902 τὴν
1591 2834 1769 2904 σάρκα

206 2906 364 2975 ἡμῶν
393 2909 423 2961 6
462 2908 678 2964 πάντων
712 2912 923 2983 Σωτήρ.

767 3008 1029 3076 Σχόλιον
1105 3017 1211 3075 νς’.

309 3092 585 3159 Λπόγονον
620 3098 719 3166 τῆς
773 3100 1142 3169 κοιλιομανίας
1200 3104 1297 3173 τὴν
1326 3106 1582 3176 πορνείαν
1610 3106 1764 3177 φησι,

208 3180 280 3243 ὡς
310 3183 372 3233 ἐκ
404 3187 844 3256 γαστριμαργίας
874 3191 1215 3261 τικτομένην.
1471 3210 1475 3215 ’

780 3280 1037 3345 Σχόλιον
1089 3280 1183 3344 vc.

275 3362 658 3434 Φυσικώτερος
688 3365 795 3437 γὰρ
826 3366 902 3420 ὢν
961 3370 1054 3422 καὶ
1086 3372 1488 3443 ἁπατηλὸτερος
1537 3375 1763 3440 εἰκότως

206 3456 343 3524 νικᾷ.

283 3565 286 3569 ’
765 3551 811 3601 Σ
811 3552 1022 3618 χόλιον
1072 3559 1171 3621 νη’.

285 3636 622 3704 Ἀπόδειξις,
640 3640 722 3693 ὅτι
743 3643 771 3694 6
816 3640 891 3712 μὴ
918 3643 1208 3713 ὑποταγεὶς
1235 3653 1672 3721 ταπεινοφρονεῖν
1702 3652 1764 3705 ού

210 3729 427 3783 δύναται
455 3747 467 3760 ·
499 3732 775 3804 ὑποταγὴν
803 3734 858 3787 δὲ
890 3737 936 3787 οἱ
961 3736 1059 3805 μὲν
1086 3741 1183 3807 τὴν
1218 3736 1517 3810 νοουμένην
1554 3743 1766 3813 κατώρα-

212 3822 405 3887 θωσαν,
440 3826 488 3875 ol
510 3824 569 3876 δὲ
603 3825 699 3878 καὶ
744 3827 843 3893 τὴν
878 3830 1205 3900 φαινομένην
1251 3831 1611 3896 ἐπεδείξαντο,
1643 3836 1764 3904 ἥτις

210 3913 295 3969 διὰ
322 3916 415 3985 τὴν
444 3916 719 3988 προτέραν
750 3920 1254 3989 παραλαμϐάνεται.
1430 3922 1433 3925 ’

765 4012 813 4063 Σ
813 4012 1024 4079 χόλιον
1082 4014 1180 4084 νοἐ.
1418 4080 1421 4082 γ

280 4100 542 4173 Ῑῖὀσεϐὴς,
600 4102 698 4174 οὐχ
743 4105 772 4157 ὁ
818 4103 1045 4168 πολλοὺς
1081 4106 1245 4162 ἐλεῶν
1270 4124 1283 4138 ·
1319 4108 1431 4162 ἀλλ’
1469 4111 1497 4163 6
1558 4110 1764 4181 μηδένα

215 4189 422 4254 ἀδίκως.

786 4289 833 4338 Σ
834 4288 1043 4356 χόλων
1089 4290 1151 4356 ξ’.

280 4373 488 4443 Φυλακὴ
515 4367 813 4443 λογισμῶν,
836 4377 897 4428 τὸ
930 4372 989 4444 ἐξ
1034 4380 1258 4449 ἀγώνων
1296 4382 1329 4453 ἦ
1364 4384 1667 4454 προσευχῆς
1693 4386 1764 4439 τὰ

216 4463 321 4534 εἴδη
344 4465 449 4517 τῶν
470 4464 742 4534 λογισμῶν
791 4457 1224 4537 ἀποκρούεσθαι·
1264 4472 1382 4536 νοὸς
1411 4474 1476 4526 δὲ
1534 4477 1762 4546 τήρησις

2560 729 2739 786 Aliud.

1942 818 2146 877 Vitium
2175 823 2311 879 nihil
2347 835 2430 880 est
2459 825 2605 879 aliud
2637 840 2801 897 quam
2830 824 3051 881 virtutis
3076 824 3311 882 defectio
3333 838 3428 881 seu

1868 911 2124 982 privatio.
2556 934 2559 935 '

2531 1005 2716 1063 Aliud.

1942 1089 2186 1150 Virtutes
2227 1093 2284 1148 in
2334 1094 2489 1150 nobis
2534 1096 2811 1151 naturales
2862 1102 3010 1161 sunt,
3058 1095 3427 1166 eleemosyna,

1870 1182 2130 1253 charitas,
2187 1184 2337 1251 ﬁdes,
2380 1201 2543 1255 Spes;
2568 1203 2731 1257 supra
2755 1198 3001 1241 naturam
3029 1194 3157 1242 sunt
3184 1188 3428 1253 castitas,

1870 1273 1968 1329 ira:
2012 1276 2279 1345 vacuitas,
2343 1277 2648 1345 humilitas,
2708 1280 2969 1350 precatio,
3032 1279 3249 1350 vigiliae,
3286 1278 3430 1349 jeju-

1873 1380 2046 1421 mum.
2338 1388 2343 1393 '

2346 1459 2505 1531 363
2560 1460 2721 1513 Aliud
2762 1460 2953 1515 Marci.

1900 1556 1903 1559 ’
1939 1549 2058 1603 Alia
2098 1561 2181 1606 est
2219 1553 2470 1622 praecepti
2512 1552 2836 1617 observatio,
2882 1552 3027 1606 aliud
3073 1552 3288 1607 virtus:
3320 1552 3425 1606 etsi

1869 1658 1934 1695 ex
1971 1658 2031 1698 se
2067 1651 2259 1698 mutuo
2306 1644 2476 1699 altera
2523 1643 2591 1699 ab
2640 1645 2806 1697 altera
2856 1644 3127 1697 bonorum
3190 1659 3421 1713 operum

1870 1747 2066 1788 causas
2089 1747 2143 1788 et
2190 1734 2507 1796 Occasiones
2548 1745 2783 1789 sumant.
2825 1733 3085 1803 Pnecepti
3118 1735 3428 1789 observatio

1869 1824 2070 1879 dicitur
2126 1841 2249 1880 cum
2306 1827 2367 1879 ﬁt
2417 1828 2560 1896 quod
2613 1806 3005 1895 praescriptum.
3042 1835 3161 1891 est;
3231 1826 3426 1887 virtus,

1872 1932 1996 1971 eum
2025 1918 2169 1987 quod
2210 1918 2270 1971 lit
2322 1918 2389 1972 ad
2437 1918 2547 1974 Deo
2586 1919 2907 1988 placendum
2933 1919 2989 1972 in
3009 1917 3235 1973 veritate
3266 1919 3429 1986 perli-

1871 2010 2036 2065 citur.

2468 2100 2715 2156 Scholion
2750 2101 2840 2154 55'.

1943 2192 2205 2250 Doctores
2232 2196 2500 2249 castitatis
2534 2193 2685 2248 fuere
2729 2192 2897 2259 Elias,
2923 2191 3160 2247 Joannes
3186 2192 3426 2262 Baptista

1872 2286 2185 2341 Praecursor
2214 2298 2268 2341 et
2306 2286 2543 2342 Joannes
2569 2286 2901 2355 evangelista
2929 2286 3243 2354 theologus:
3278 2302 3429 2339 man-

1870 2380 2174 2434 suetudinis
2196 2379 2373 2434 Moses
2392 2388 2447 2433 et
2477 2378 2637 2432 David
2665 2396 2678 2432 :
2708 2379 3035 2447 precationis
3054 2377 3145 2431 Dei
3168 2376 3426 2444 Verbum,

1868 2480 1924 2525 et
1952 2472 2178 2542 angelus
2218 2472 2311 2542 qui
2356 2471 2608 2541 apparuit
2631 2470 2870 2525 Antonio
2911 2478 2964 2525 et
2992 2469 3304 2525 Pacliomio.
3333 2469 3428 2525 Je-

1865 2562 2006 2631 junii
2057 2580 2250 2619 rursus
2309 2563 2487 2619 Moses
2530 2572 2585 2617 et
2624 2564 2752 2632 ipse
2792 2562 3091 2616 Dominus:
3120 2549 3424 2631 vigiliarum

1870 2656 2027 2708 multi
2082 2670 2147 2708 ex
2206 2655 2403 2724 quibus
2448 2654 2615 2722 aliqui
2672 2654 3143 2721 compunelionem
3208 2668 3426 2721 quoque

1868 2744 2248 2813 possidebant:
2288 2742 2609 2796 humilitatis
2642 2749 2826 2793 autem
2856 2741 2948 2808 qui
2991 2755 3089 2807 pro
3112 2741 3269 2794 nobis
3298 2756 3424 2808 ege-

1869 2851 1971 2889 nus
2012 2844 2065 2889 et
2122 2850 2323 2904 pauper
2373 2834 2547 2889 factus
2572 2843 2653 2888 est
2681 2835 2751 2899 ⁵⁸,
2800 2833 3038 2888 Verbum
3062 2832 3157 2888 Dei
3182 2835 3273 2903 qui
3301 2849 3424 2888 car-

1868 2940 1990 2979 nem
2021 2934 2261 2979 nostram
2289 2925 2584 2993 assumpsit
2608 2924 2855 2977 omnium
2887 2924 3152 2978 Salvator.

2453 3014 2697 3070 Scholion
2741 3015 2828 3069 56.
3442 3078 3447 3081 I

1936 3109 2088 3163 Gulze
2129 3120 2182 3163 et
2236 3109 2440 3163 ventris
2490 3092 2813 3161 insanientis
2850 3108 3066 3163 soboles
3108 3108 3276 3164 libido
3317 3114 3422 3175 est,

1790 3212 1834 3270 ο
1867 3200 2065 3270 inquit,
2110 3209 2167 3254 ut
2232 3215 2355 3268 qua:
2386 3215 2449 3252 ex
2511 3198 2635 3268 gula
2672 3208 2795 3251 nata
2830 3211 2933 3252 est.

2461 3284 2707 3340 Scholion
2742 3287 2828 3339 57.

1935 3375 2085 3429 Vana
2131 3376 2301 3444 gloria
2348 3377 2492 3430 enim
2542 3387 2750 3431 naturae
2788 3377 3199 3431 convenientior
3241 3386 3296 3431 et
3322 3376 3423 3431 lal-

1863 3468 2031 3522 lacior
2062 3468 2255 3522 merito
2284 3468 2472 3522 vincit.
2580 3478 2583 3479 '
2644 3522 2645 3525 η

2242 3628 2245 3633 ἡ
2278 3561 2288 3570 ’
2436 3556 2682 3612 Scholion
2735 3558 2823 3611 58.

1935 3650 2332 3706 Demonstratio
2378 3660 2482 3714 est,
2513 3651 2657 3720 quod
2693 3651 3008 3706 inobediens
3048 3653 3268 3707 humilis
3301 3670 3424 3709 esse

1864 3761 1970 3801 non
1998 3744 2185 3814 possit.
2216 3744 2586 3798 Obedientiam
2626 3754 2806 3799 autem
2862 3745 2955 3796 alii
3012 3746 3312 3813 probarunt
3343 3748 3423 3797 in-

1863 3847 2096 3901 ternam;
2128 3835 2217 3889 alii
2247 3845 2521 3888 externam
2555 3843 2610 3887 et
2648 3845 2990 3901 apparentem
3019 3844 3415 3889 exercuerunt:

1862 3945 1984 3999 qua:
2006 3928 2246 3983 secunda
2278 3936 2493 3995 propter
2515 3926 2743 3993 primam
2779 3924 3101 3977 admittitur.

2017 4024 2028 4036 '
2456 4011 2706 4066 Scholion
2752 4014 2842 4067 59.

1931 4107 2059 4161 Pius
2088 4116 2191 4170 est,
2226 4121 2329 4159 non
2363 4106 2454 4173 qui
2488 4104 2785 4158 multorum
2823 4106 3129 4172 miseretur,
3179 4104 3273 4160 sed
3323 4119 3420 4159 ne-

1863 4200 2027 4255 minis
2062 4200 2282 4267 injuste.

2421 4287 2667 4343 Scholion
2712 4286 2800 4341 60.

1874 4382 1879 4387 ’
1928 4380 2188 4435 Custodia
2239 4381 2627 4450 cogitationum
2678 4389 2763 4435 est
2817 4378 3020 4431 formas
3060 4387 3114 4429 et
3157 4377 3420 4445 imagines

1862 4473 2249 4541 cogitationum
2305 4473 2653 4539 repugnando
2696 4472 2775 4524 vel
2813 4469 3081 4545 precando
3118 4471 3415 4536 repellere:

214 4555 706 4627 ἁναιχμαλώτιστος
759 4558 975 4628 καρδία,
1028 4563 1121 4614 καὶ
1184 4564 1526 4634 ἀρέμδαστος
1571 4570 1759 4639 μνήμη

1867 4564 2062 4618 mentis
2114 4576 2292 4615 autem
2332 4564 2673 4617 conservatio
2711 4570 2795 4614 est
2836 4574 2949 4620 cor,
2998 4559 3144 4628 quod
3175 4561 3243 4613 ab
3267 4556 3420 4615 hoste

215 4646 366 4700 Θεοῦ.

625 4829 882 4895 Σχόλιον
937 4829 1180 4898 Μάρκου
1227 4832 1326 4896 ξω.
1381 4819 1385 4823 ⁷
1480 4830 1483 4831 ⁷

280 4916 351 4969 Τδ
378 4894 594 4989 πρῶτον
621 4918 990 4995 ἀσθενῶνοεμὴ
1021 4894 1303 4994 δυνάμενοι
1352 4924 1459 4995 γὰρ
1499 4927 1635 4991 ὅλως
1666 4929 1761 4981 ἀνι

1859 4760 2024 4813 quam
2057 4745 2355 4799 abstracta.

1861 4653 1977 4723 capi
2017 4667 2293 4721 nunquam
2325 4664 2500 4723 potest
2528 4662 2585 4707 et
2614 4665 2767 4704 mens
2800 4663 2831 4702 a
2870 4649 2964 4702 Dei
2993 4651 3254 4705 memoria
3280 4668 3419 4705 nun-

2435 4828 2683 4883 Scholion
2730 4828 2819 4881 6|.
2894 4872 2907 4887 ,

1929 4922 2176 4978 Primum
2217 4932 2298 4976 est
2344 4919 2705 4986 inﬁrmorum,
2741 4922 2836 4991 qui
2867 4935 2991 4975 cum
3028 4916 3276 4971 hostibus
3317 4932 3419 4985 pu—

216 5009 448 5079 τιστῆναι
500 5010 613 5071 τοῖς
686 4993 985 5104 πολεμίοις,
1045 5013 1133 5067 διὰ
1178 4993 1479 5087 προσευχῆς
1533 5019 1755 5083 τούτους

1867 5016 2076 5083 gnando
2121 5013 2372 5068 resistere
2412 5026 2522 5064 non
2565 5012 2797 5080 possint,
2823 5010 3073 5081 precibus
3104 5007 3227 5060 illos
3256 5007 3308 5060 in
3341 5008 3419 5063 fu-

216 5098 674 5170 ἀπώιδράσκουσι.
698 5099 771 5151 Τὸ
793 5098 1041 5172 δεύτερον
1061 5105 1397 5173 ἀγωνιστῶν,
1419 5108 1467 5159 οἳ
1491 5107 1559 5159 δι’
1584 5108 1758 5180 ἀσκή-

1867 5122 1976 5176 gum
2025 5098 2355 5173 conjiciunt;
2401 5102 2632 5159 alterum
2678 5112 2761 5157 est
2806 5104 3152 5160 luctatorem,
3189 5098 3283 5167 qui
3318 5102 3420 5167 per

218 5203 344 5251 σεως
371 5190 476 5243 τῶν
497 5190 705 5261 ἐχθρῶν
723 5192 1092 5260 περιγίνονται
1115 5213 1130 5226 ο
1175 5198 1237 5251 τὸ
1263 5201 1442 5271 τρίτον
1494 5200 1775 5272 θεωρητιέ

1857 5195 2165 5264 religiosam
2191 5194 2453 5249 virtutum
2468 5193 2913 5271 exercitationem
2949 5190 3133 5246 hostes
3152 5190 3378 5244 vincunt
3398 5210 3413 5257 ;

216 5273 340 5338 κῶν,
357 5277 405 5331 οἶ
423 5279 511 5333 διὰ
533 5279 764 5350 θεωρίας
790 5280 1101 5351 ὑψούμενοι,
1122 5286 1350 5356 ἄληπτοι
1370 5291 1477 5353 τοῖς
1501 5290 1761 5357 ἐναντίοις

1867 5286 2075 5340 tertium
2116 5294 2200 5339 est
2254 5300 2442 5340 eorum
2488 5285 2602 5355 qui-
2632 5284 2686 5337 in
2746 5282 3201 5351 contemplatione
3235 5299 3418 5351 rerum

219 5365 317 5417 εἰσὶ
348 5368 459 5437 καὶ,
489 5369 565 5435 ὡς
596 5372 792 5453 εἰπεῖν,
819 5372 1253 5449 ἀπροσμάχητοι.

587 5639 634 5691 Σ
635 5639 844 5705 χόλων
858 5640 1371 5716 συγκλητικῇςξβζ

293 5720 347 5776 '0
366 5724 496 5795 ἔχων
538 5730 617 5792 εἰς
641 5731 765 5794 τοὺς
810 5731 1093 5803 μυκτῆρας
1141 5736 1237 5804 τὴν
1288 5737 1421 5792 ἰδίαν
1469 5735 1753 5807 δυσωδίαν,

295 5877 337 5912 ³³
363 5880 402 5936 ll
432 5866 695 5947 Cor.\'m,
723 5886 775 5939 9.

1859 5378 2160 5434 caelestium
2188 5368 2495 5438 versantur.
2529 5379 2620 5448 qui
2651 5376 2999 5430 meditatione
3026 5392 3190 5447 supra
3223 5393 3280 5431 se
3309 5377 3419 5429 ele-

1836 5472 1989 5538 rvati,
2024 5471 2095 5549 ab
2120 5470 2374 5526 hostibus
2401 5472 2454 5524 in
2488 5470 2808 5540 potestatem
2839 5469 3009 5539 redigi
3034 5485 3142 5523 non
3166 5478 3414 5535 possunt,

1786 5574 1789 5575 '
1859 5574 1912 5617 et
1936 5572 2085 5624 sunt,
2117 5571 2175 5615 ut
2210 5562 2284 5616 ita
2334 5564 2532 5624 dicam,
2568 5560 3033 5629 inexpugnabiles.

2165 5650 2329 5723 364
2374 5650 2617 5704 Scholion
2656 5650 2951 5717 synclclica:
3001 5649 3086 5702 62.

1929 5740 2029 5807 Qui
2060 5758 2223 5799 nares
2255 5760 2379 5799 suas
2404 5743 2467 5796 ad
2496 5741 2839 5811 propriorum
2889 5740 3143 5794 vitiorum
3183 5735 3411 5791 fetorem
