4030 6342
183 420 463 512 me.

1210 391 1456 502 'scALA.
1475 439 1922 502 PARADISI.-
1947 439 2252 502 GRADUS
2287 441 2494 502 XXVI.

3329 435 3468 500 1050

247 538 560 600 ὑπόστασιν,
603 541 972 616 θεωρούμενον
1023 549 1080 602 ἐν
1128 555 1192 626 τῇ
1255 551 1411 622 φύσει
1462 553 1570 606 τῶν
1613 554 1800 618 ὄντων,

1905 551 2141 620 positum
2193 553 2629 618 consideratum,
2680 566 2747 606 ex
2781 566 2879 607 sua
2924 559 3120 606 natura
3177 549 3313 604 nihil
3363 560 3464 606 est.

183 612 200 694 ί
243 628 400 694 ἐστὶν
422 630 584 688 οὐδέν.

423 727 426 730 ’
498 786 541 798 _
609 802 615 808 ν
921 731 1128 786 Ἄλλο.

288 893 294 898 _
324 811 491 867 Οὐδὲν
511 813 713 887 Δἕτερόν
744 819 862 873 ἐστι
887 822 1075 886 κακία,
1105 822 1136 892 ἢ
1169 823 1369 894 ἀρετῆς
1396 824 1649 899 ἔλλειψις.

931 999 1138 1054 Ἄλλο.
1423 1046 1426 1048 ,

324 1067 450 1134 Ὅτι
480 1067 710 1150 φυσικαὶ
753 1084 946 1156 ἀρεταὶ
988 1088 1046 1142 ὲν
1101 1090 1257 1159 ἡμῖν,
1300 1093 1334 1162 ή
1387 1091 1741 1164 ἐλεημοσύνη,
1775 1110 1810 1166 η

242 1169 463 1241 ἀγάπη.
485 1173 519 1242 ἡ
549 1172 750 1238 πίστις,
786 1176 820 1246 ἡ
843 1175 1017 1241 ἐλπίς·
1052 1177 1110 1232 αἱ
1132 1178 1190 1231 δὲ
1229 1180 1368 1252 ὑπὲρ
1406 1181 1565 1250 φύσιν
1598 1183 1808 1251 ἄγνεια,

240 1263 542 1331 ἀοργησία,
589 1267 1072 1343 ταπεινοφροσύνῃ,
1141 1259 1439 1343 προσευχὴ,
1513 1274 1807 1343 ἀγρυπνία.

241 1353 493 1423 νηστεία.
815 1414 822 1423 _,
1824 1356 1826 1358 ’

307 1504 312 1505 ,
417 1445 420 1448 ”
479 1517 483 1520 ξ
663 1443 703 1522 ,’
780 1440 984 1503 Ἀλλὰ
1020 1449 1284 1519 Μάρκου.

329 1534 493 1606 Ἄλλη
539 1539 736 1608 πρᾶξις
789 1541 1028 1611 ἐντολῆς,
1065 1543 1160 1595 καὶ
1211 1543 1339 1597 ἄλλο
1377 1543 1568 1616 ἀρέτή,
1601 1545 1703 1598 κᾶν
1751 1545 1810 1610 ἐξ

241 1624 498 1696 ἀλλήλων
551 1629 650 1692 τὰς
719 1631 830 1684 τῶν
889 1632 1108 1699 ἀγαθῶν
1155 1634 1406 1704 ἀφορμὰς
1466 1637 1805 1707 λαμϐάνωσι.

243 1715 460 1784 Πρᾶξις
485 1719 704 1793 ἐντολῆς
736 1719 975 1788 λέγεται,
1013 1723 1073 1774 τὸ
1103 1727 1572 1796 προστεταγμένον
1597 1743 1609 1754 ·
1637 1728 1807 1799 ἀρετὴ

240 1806 310 1857 ὲν
342 1805 420 1878 τῷ
447 1807 699 1879 ἀρέσκειν
719 1815 785 1881 τῇ
809 1811 1035 1883 ἀληθείᾳ
1070 1813 1130 1866 τὺ
1151 1814 1452 1885 γινόμενον.

305 2133 307 2135 ,
470 2116 473 2118 -
529 2109 536 2114 ·
833 2087 1092 2157 Σχόλιον
1134 2096 1225 2144 vs’.

322 2175 640 2230 Διδάσκαλοι
697 2179 798 2247 τῆς
850 2180 1067 2247 ἁγνείας
1098 2179 1284 2246 Ἠλίας
1340 2184 1433 2237 καὶ
1503 2185 1751 2258 Ἰωάννης
1781 2190 1810 2241 6

241 2265 594 2341 Πρόδρομος,
617 2268 713 2321 καὶ
760 2271 788 2322 6
815 2268 1061 2339 θεολόγος
1110 2273 1389 2346 Ἰωάννηςο
1427 2277 1726 2349 πραότητος
1749 2279 1808 2332 δὲ

241 2356 493 2426 Μωϋσῆς
518 2358 611 2442 καὶ
637 2359 798 2413 Δαυῖδ
818 2378 834 2392 ο
865 2362 963 2426 τῆς
987 2362 1044 2415 δὲ
1097 2367 1399 2437 προσευχῆς
1427 2369 1586 2432 αὐτὸς
1613 2372 1641 2423 6
1674 2370 1808 2424 Θεοῦ

240 2447 448 2514 Λόγος,
484 2453 578 2503 καὶ
606 2453 635 2504 6
661 2453 852 2520 φανεὶς
894 2453 1124 2523 ἄγγελος
1180 2457 1448 2529 Ἀντωνίῳ
1479 2461 1573 2513 καὶ
1615 2462 1810 2531 Παχω-

235 2539 362 2610 μίῳ
388 2557 403 2571 ·
430 2540 592 2594 πάλιν
626 2543 725 2613 τῆς
754 2545 1005 2614 νηστείας
1062 2549 1288 2619 Μωσῆς,
1320 2552 1411 2602 καὶ
1458 2551 1618 2615 αὐτὸς
1642 2555 1670 2606 6
1696 2555 1808 2606 Κύ-

235 2648 399 2702 ριος·
444 2631 605 2687 πάλιν
649 2635 954 2705 ἀγρυπνίας
1012 2639 1216 2706 πολλοὶ,
1275 2641 1323 2693 οἳ
1373 2643 1468 2696 καὶ
1516 2644 1808 2711 κατάνυξιν

231 2723 452 2778 τούτων
503 2728 836 2798 ἐκτήσαντο·
869 2734 1372 2806 ταπεινοφροσύνης
1428 2735 1506 2802 δὲ,
1544 2738 1612 2790 δι’
1659 2741 1807 2809 ἡμᾶς

233 2819 571 2886 πτωχεύσας
614 2813 748 2873 Θεοῦ
795 2821 986 2890 Λόγος,
1034 2825 1128 2879 καὶ
1189 2827 1470 2884 ἀναλαϐὼν
1501 2829 1600 2901 τὴν
1629 2833 1809 2902 σάρκα

231 2905 406 2974 ἡμῶν
433 2907 464 2960 6
501 2907 717 2963 πάντων
751 2911 962 2982 Σωτήρ.

807 3009 856 3059 Σ
857 3007 1068 3075 χόλιον
1144 3016 1250 3073 νς’.

351 3090 623 3158 Λπόγονον
658 3097 757 3166 τῆς
812 3099 1182 3168 κοιλιομανίας
1239 3102 1336 3172 τὴν
1365 3104 1621 3174 πορνείαν
1649 3104 1802 3175 φησι,

232 3179 320 3242 ὡς
351 3181 415 3233 ἐκ
447 3186 884 3255 γαστριμαργίας
913 3190 1254 3260 τικτομένην.
1511 3209 1513 3214 ·

818 3278 1077 3343 Σχόλιον
1129 3278 1222 3342 νζν.

315 3361 697 3433 Φυσικὼτερος
726 3364 834 3436 γὰρ
866 3364 941 3419 ὢν
999 3368 1094 3421 καὶ
1125 3369 1527 3442 ἀπατηλὸτερος
1577 3373 1803 3437 εἰκότως

232 3454 386 3523 νικᾷ.
565 3469 568 3472 ’

804 3549 1062 3616 Σχόλιον
1111 3556 1211 3619 νῆ’.

325 3636 761 3702 Ἀτὸδειξις,·ὃτι
781 3641 810 3693 6
855 3639 930 3710 μὴ
957 3641 1248 3712 ὑποταγεὶς
1274 3651 1712 3720 ταπεινοφρονεῖν
1741 3650 1804 3702 οὐ

237 3728 468 3782 δύναται
494 3745 508 3760 ⁸
538 3731 814 3803 ὑποταγὴν
842 3733 898 3786 δὲ
929 3735 976 3786 οἱ
1001 3735 1098 3804 μὲν
1125 3739 1222 3805 τὴν
1258 3733 1556 3809 νοουμένην
1593 3740 1805 3810 κατώρ-

238 3821 446 3886 θωσαν,
481 3825 528 3875 οί
549 3823 608 3874 δὲ
642 3824 739 3877 καὶ
783 3825 883 3893 τὴν
917 3818 1245 3898 φαινομένην
1291 3829 1651 3894 ἐπεδείξαντο,
1682 3833 1804 3902 ῆτις

235 3914 331 3968 διὰ
360 3915 455 3984 τῆν
484 3915 762 3987 προτέραν
790 3918 1292 3988 παραλαμῦἀνεται.

288 3997 290 3999 ί
805 4011 852 4062 Σ
853 4011 1064 4078 χόλιον
1121 4013 1220 4083 νοἰ.

314 4099 583 4172 Εὐσεϐὴς,
641 4101 738 4173 οὐχ
782 4104 812 4156 6
857 4102 1085 4168 πολλοὺς
1120 4105 1285 4160 ἐλεῶν
1309 4123 1322 4137 ·
1358 4107 1470 4161 ἀλλ’
1509 4110 1537 4162 6
1598 4109 1804 4180 μηδένα

243 4189 462 4254 ἀδίκως.

826 4286 1083 4355 Σχόλιον
1128 4289 1191 4355 ξ’.

315 4372 528 4442 Φυλακὴ
556 4371 853 4442 λογισμῶν,
875 4376 938 4427 τὸ
969 4377 1028 4443 ἐξ
1074 4378 1297 4452 ἀγώνων
1336 4380 1369 4452 ἢ
1403 4382 1708 4452 προσευχῆς
1733 4383 1804 4438 τὰ

247 4462 358 4534 εἴδη
382 4464 488 4516 τῶν
509 4463 782 4533 λογισμῶν
831 4464 1227 4536 ἀποκρούεσθαι
1250 4485 1273 4537 τί
1304 4470 1422 4534 νοὸς
1459 4471 1516 4524 δὲ
1574 4475 1803 4545 τήρησις

2598 727 2777 783 Aliud.

1980 816 2184 876 Vitium
2212 818 2348 877 nihil
2385 833 2468 879 est
2497 823 2643 877 aliud
2675 838 2838 894 quam
2867 822 3088 878 virtutis
3114 821 3348 880 defectio
3370 835 3466 879 seu

1906 909 2162 981 privatio.

2569 1003 2754 1061 Aliud.

1980 1088 2224 1148 Virtutes
2265 1091 2323 1146 in
2371 1092 2527 1148 nobis
2571 1093 2849 1150 naturales
2900 1101 3047 1160 sunt,
3095 1092 3466 1164 eleemosyna,

1908 1180 2168 1252 charitas,
2225 1183 2376 1250 ﬁdes,
2417 1199 2581 1253 spes;
2606 1200 2770 1255 supra
2792 1195 3039 1239 naturam
3067 1191 3195 1239 sunt
3221 1185 3466 1250 castitas,

1909 1272 2006 1328 irae
2049 1274 2317 1343 vacuitas,
2381 1275 2686 1344 humilitas,
2745 1277 3007 1349 precatio,
3069 1277 3287 1348 vigilite,
3323 1275 3468 1346 jeju-

1909 1364 2084 1420 nium.
2376 1386 2381 1392 ’

2384 1457 2543 1529 333
2597 1458 2759 1511 Aliud
2792 1457 2992 1532 Marci.

1936 1553 1939 1556 ’
1977 1547 2096 1602 Alia
2136 1559 2218 1604 est
2256 1552 2508 1620 praecepti
2550 1549 2874 1615 observatio,
2919 1549 3064 1604 aliud
3109 1549 3326 1605 virtus:
3358 1549 3463 1603 etsi

1906 1656 1972 1694 ex
2008 1656 2070 1696 se
2105 1649 2297 1696 mutuo
2344 1643 2514 1696 altera
2560 1642 2629 1696 ab
2677 1642 2845 1694 altera
2894 1641 3165 1694 bonorum
3227 1656 3459 1710 operum

1908 1745 2104 1786 causas
2127 1745 2181 1786 et
2228 1732 2546 1795 occasiones
2586 1743 2822 1786 sumant.
2863 1731 3123 1801 Przecepti
3155 1732 3466 1787 observatio

1907 1823 2108 1877 dicitur
2164 1839 2287 1878 cum
2345 1825 2404 1877 ﬁt
2455 1825 2598 1894 quod
2651 1804 3042 1894 praescriptum.
3080 1832 3199 1888 est;
3269 1823 3464 1884 virtus,

1910 1930 2035 1969 cum
2063 1916 2207 1985 quod
2249 1916 2308 1969 lit
2360 1916 2428 1970 ad
2474 1915 2586 1971 Deo
2623 1915 2945 1986 placendum
2971 1916 3027 1970 in
3047 1914 3274 1970 veritate
3304 1915 3467 1983 perti-

1909 2007 2075 2063 citur.

2507 2098 2754 2158 Scholion
2788 2097 2878 2152 55‘.

1980 2191 2243 2248 Doctores
2271 2193 2538 2247 castitatis
2572 2190 2723 2246 fuere
2769 2190 2935 2256 Elias,
2961 2188 3198 2245 Joannes
3225 2189 3465 2260 Baptista

1910 2285 2224 2340 Prazcursor
2252 2296 2306 2340 et
2345 2283 2582 2339 Joannes
2607 2283 2940 2353 evangelista
2967 2283 3281 2351 theologus:
3315 2299 3468 2336 mau-

1908 2377 2212 2432 suetudinis
2235 2377 2411 2432 Moses
2430 2386 2485 2430 et
2516 2376 2676 2430 David
2703 2393 2717 2430 :
2746 2376 3074 2445 precationis
3092 2375 3183 2428 Dei
3207 2373 3464 2440 Verbum,

1907 2478 1962 2524 et
1990 2471 2217 2541 angelus
2256 2470 2350 2541 qui
2395 2469 2646 2538 apparuit
2669 2468 2908 2522 Antonio
2949 2476 3002 2522 et
3030 2466 3343 2522 Pacbomio.
3371 2466 3466 2522 Je-

1903 2561 2044 2629 junii
2095 2578 2288 2617 rursus
2347 2561 2526 2617 Moses
2569 2570 2624 2615 et
2663 2561 2791 2630 ipse
2830 2559 3130 2613 Dominus:
3158 2546 3464 2628 vigiliarum

1909 2653 2066 2706 multi
2121 2669 2187 2706 ex
2245 2653 2442 2722 quibus
2485 2651 2654 2719 aliqui
2711 2651 3182 2721 compunctionem
3247 2665 3465 2718 quoque

1907 2741 2288 2810 possidebant:
2326 2739 2648 2794 humilitatis
2681 2747 2865 2791 autem
2895 2738 2987 2806 qui
3030 2752 3128 2805 pro
3150 2738 3307 2791 nobis
3337 2753 3463 2805 ege-

1907 2848 2010 2887 nus
2050 2842 2104 2886 et
2161 2847 2362 2902 pauper
2412 2831 2586 2887 lactus
2610 2840 2692 2886 est
2719 2832 2790 2896 ⁸³,
2839 2830 3077 2885 Verbum
3101 2829 3196 2885 Dei
3220 2831 3312 2900 qui
3340 2847 3464 2885 car-

1907 2938 2030 2976 nem
2059 2932 2300 2976 nostram
2329 2923 2623 2991 assumpsit
2647 2921 2894 2975 omnium
2926 2921 3191 2975 Salvator.

2493 3005 2737 3067 Scholion
2780 3012 2867 3067 5‘3.
3480 3075 3485 3079 ,

1975 3107 2127 3162 Gulze
2169 3117 2222 3161 et
2274 3107 2480 3161 ventris
2529 3105 2853 3158 insanientis
2889 3106 3105 3160 soboles
3147 3106 3315 3164 libido
3357 3111 3461 3173 est,

1829 3210 1872 3268 ο
1906 3199 2104 3268 inquit,
2149 3207 2206 3252 ut
2271 3213 2394 3266 qua:
2425 3213 2489 3251 ex
2550 3195 2674 3266 gula
2710 3207 2834 3249 nata
2869 3208 2972 3250 est.

2501 3282 2747 3337 Scholion
2781 3284 2868 3336 57.

1973 3373 2124 3427 Vana
2170 3374 2341 3442 gloria
2387 3375 2531 3428 enim
2581 3366 2790 3428 naturae
2827 3374 3238 3428 convenientior
3281 3383 3336 3428 et
3362 3373 3462 3428 lal-

1902 3465 2070 3520 laeior
2101 3466 2294 3520 merito
2322 3465 2512 3520 vincit.

2280 3625 2284 3630 η
2317 3557 2328 3567 ’
2475 3554 2721 3610 Scholion
2774 3556 2863 3608 58.

1974 3647 2371 3704 Demonstratio
2417 3658 2522 3712 est,
2551 3648 2696 3718 quod
2732 3648 3047 3703 inobediens
3087 3649 3308 3705 humilis
3341 3666 3464 3706 esse

1903 3759 2010 3798 non
2037 3743 2224 3811 possit.
2255 3741 2625 3797 Obedienliam
2665 3751 2845 3796 autem
2901 3742 2994 3794 alii
3052 3743 3352 3810 probarunt
3383 3745 3464 3794 iu-

1903 3845 2135 3899 ternam;
2167 3833 2256 3887 alii
2286 3842 2561 3886 externam
2594 3840 2650 3885 et
2687 3842 3030 3900 apparentem
3059 3840 3455 3886 exercuerunt:

1902 3943 2024 3997 quae
2045 3925 2286 3980 secunda
2317 3933 2532 3993 propter
2555 3924 2783 3990 primam
2817 3923 3141 3974 admittitur.

2056 4022 2067 4035 '
2496 4009 2746 4064 Scholion
2792 4011 2882 4064 59.

1970 4105 2099 4159 Pius
2128 4113 2231 4168 est,
2265 4119 2369 4157 non
2403 4103 2494 4171 qui
2527 4103 2825 4156 multorum
2863 4103 3170 4170 miseretur,
3218 4102 3312 4158 sed
3363 4117 3460 4158 ne-

1903 4198 2067 4253 minis
2102 4197 2322 4266 injuste.

2461 4284 2708 4341 Scholion
2753 4284 2840 4339 60.

1913 4379 1920 4385 ”
1968 4379 2227 4433 Unslodia
2279 4379 2667 4448 cogitationum
2719 4387 2803 4433 est
2856 4375 3059 4428 formas
3100 4385 3154 4427 et
3197 4374 3460 4442 imagines

1902 4470 2290 4539 cogitationum
2344 4470 2693 4538 repugnando
2737 4469 2815 4522 vel
2853 4466 3121 4544 precando
3158 4467 3455 4533 repellere:

245 4555 746 4627 ἀναιχμαλώτιστος
799 4556 1015 4626 καρδία,
1067 4562 1160 4613 καὶ
1223 4562 1567 4633 ἀρέμσαστος
1611 4568 1800 4637 μνήμη

1907 4561 2101 4616 mentis
2153 4573 2332 4613 autem
2372 4561 2713 4615 conservatio
2751 4567 2836 4612 est
2876 4572 2989 4618 cor,
3038 4556 3184 4625 quod
3216 4558 3283 4611 ab
3306 4553 3459 4612 hoste

249 4646 404 4700 Θεοῦ.

561 4894 588 4918 ι
665 4828 923 4895 Σχόλιον
977 4817 1220 4897 Μάρκου
1267 4829 1366 4896 ξω.
1422 4817 1425 4822 ’
1519 4827 1524 4830 ’
1576 4824 1577 4827 “

316 4916 388 4970 T6
415 4915 634 4988 πρῶτον
661 4917 1030 4994 ἀσθενῶνοξμὴ
1061 4920 1343 4992 δυνάμενοι
1392 4923 1499 4994 γὰρ
1538 4925 1675 4989 ὅλως
1705 4927 1802 4979 ιὶιν⁴

253 5009 488 5078 τιστῆναι
541 5009 654 5070 τοῖς
726 4991 1024 5102 πολεμίοξς,
1085 5012 1174 5066 διὰ
1200 4991 1519 5085 προσευχῆς
1573 5017 1796 5082 τούτους

157 5095 159 5097 ’
251 5098 714 5169 ἀποδιδράσκουσι.
738 5098 811 5151 T6
833 5095 1081 5171 δεύτερον
1102 5103 1437 5170 ἀγωνιστῶν,
1459 5106 1507 5157 οἳ
1531 5105 1600 5158 δι’
1624 5107 1798 5178 ἀσκή-

255 5203 385 5275 σεως
411 5189 517 5242 τῶν
537 5188 746 5260 ἐχθρῶν
764 5191 1132 5260 περιγίνονται
1155 5211 1170 5225 ·
1215 5197 1277 5250 τὸ
1303 5199 1482 5270 τρίτον
1524 5198 1817 5275 Oscum-st?
1845 5211 1848 5213 ’

252 5273 380 5338 κῶν,
396 5276 446 5330 οἶ
465 5278 553 5333 διὰ
573 5277 805 5350 θεωρίας
830 5279 962 5349 ὑψού
969 5295 1142 5354 μενοι,
1163 5285 1390 5354 ἄληπτοι
1410 5289 1518 5351 τοῖς
1541 5273 1801 5355 ἐναντίοις

253 5365 357 5417 εἰσὶ
388 5367 500 5436 καὶ,
530 5369 607 5434 ὡς
637 5371 833 5452 εἰπεῖν,
859 5370 1294 5448 ἀπροσμὰχητοι.
1441 5423 1444 5426 .
1512 5429 1514 5431 .
1788 5392 1790 5396 '

627 5637 885 5704 Σχόλιον
899 5620 1411 5715 συγκλητικῇςέβκ

336 5718 390 5774 ’0
409 5724 538 5794 ἔχων
579 5729 658 5791 είς
682 5730 806 5793 τοὺς
851 5729 1133 5802 μυκτῆρας
1181 5735 1278 5803 τὴν
1329 5736 1462 5792 ἰδίαν
1509 5734 1794 5806 δυσωδίαν,

338 5875 381 5910 ³³
407 5879 445 5934 11
475 5855 815 5945 ϐοῖ.’νιιι.’9.

1901 4651 2019 4721 capi
2055 4665 2333 4719 nunquam
2365 4662 2540 4721 potest
2568 4660 2625 4705 ct
2654 4662 2808 4702 mens
2840 4662 2872 4700 a
2910 4646 3005 4700 Dei
3034 4648 3294 4702 memoria
3320 4664 3459 4702 nun-

1899 4758 2064 4811 quam
2097 4742 2396 4797 abstraeta.
2825 4762 2828 4765 ·

2144 4841 2147 4845 '
2235 4863 2238 4865 -
2317 4883 2322 4887 ι
2475 4826 2724 4881 Scholion
2770 4825 2859 4880 6|.
2909 4898 2911 4900 η

1968 4919 2216 4976 Primum
2241 4929 2339 4974 est
2383 4917 2746 4984 inlinuorutn,
2782 4919 3032 4989 quicum
3068 4914 3316 4970 hostibus
3356 4929 3459 4982 pu-

1872 5014 2115 5081 '-gnando
2159 5011 2412 5066 resistere
2452 5024 2562 5063 non
2606 4997 2837 5082 possint,
2862 5007 3114 5079 precibus
3144 5005 3267 5058 illos
3296 5004 3348 5057 in
3381 5004 3460 5060 fu-

1895 5120 2017 5174 gam
2065 5099 2396 5171 conjiciunt;
2441 5100 2674 5156 alterum
2718 5110 2802 5155 est
2846 5101 3192 5157 luctatorum,
3229 5095 3323 5163 qui
3365 5113 3460 5164 per

1897 5192 2205 5262 religiosam
2231 5191 2493 5246 virtutum
2509 5190 2954 5249 exercitationem
2989 5187 3174 5242 hostes
3192 5188 3453 5253 vincunt;

1896 5284 2115 5339 tertium
2155 5291 2265 5343 est.
2295 5297 2483 5343 eorum
2512 5265 2642 5353 lqui-
2671 5282 2726 5335 in
2786 5279 3241 5348 contemplatione
3275 5296 3458 5334 rerum

1899 5371 2201 5433 caelestium
2228 5363 2536 5436 versantur.
2569 5376 2661 5445 qui
2691 5373 3040 5428 meditatione
3067 5389 3231 5444 supra
3263 5389 3321 5429 se
3349 5373 3459 5426 elc—

1876 5469 2030 5536 _vati,
2064 5468 2135 5522 ab
2161 5467 2415 5524 hostibus
2441 5469 2494 5522 in
2528 5468 2848 5538 potestatem
2879 5466 3048 5535 redigi
3075 5482 3182 5521 non
3207 5475 3454 5533 possunt,

1899 5572 1952 5615 et
1976 5545 2124 5622 sunt,
2157 5569 2216 5613 ul
2250 5560 2324 5614 ita
2374 5561 2573 5622 dicam,
2608 5557 3072 5626 inexpugnabiles.

2205 5648 2370 5722 364
2415 5647 2658 5702 Scholion
2696 5647 2992 5715 synclelica:
3040 5645 3126 5699 62.

1969 5738 2070 5806 Qui
2100 5737 2264 5798 nares
2295 5757 2420 5798 suas
2444 5740 2508 5794 ad
2537 5738 2880 5809 propriorum
2929 5737 3184 5791 vitiorum
3224 5731 3452 5788 ictorem
