4030 6342
646 378 775 445 1051

1890 388 1951 448 S.
1981 385 2298 448 JOANNIS
2319 388 2626 451 CLIMACI

3735 395 3853 462 1052

643 501 935 562 admovet,
992 514 1268 567 nunquam
1334 501 1568 555 alienum
1624 502 1881 571 pedorem
1917 505 2189 557 odoratur

2306 504 2405 557 οὐκ
2434 506 2782 577 ὀσφραίνεται
2821 508 3010 578 ἄλλης,
3069 510 3172 563 κᾶν
3202 511 3368 582 σταθῇ
3401 512 3587 567 ἐπάνω
3612 512 3719 566 τῶν
3738 515 3848 586 θνη-

641 592 853 644 etiamsi
879 607 1039 660 super
1070 601 1225 646 mera‘
1247 592 1512 649 cadavera
1560 595 1885 650 constiterit.

891 667 894 671 ’
1327 686 1509 738 Aliud.

708 772 857 827 Mens
904 773 1160 836 humana,
1201 784 1391 829 natura
1445 777 1885 832 suainconstans
1940 785 2041 841 est,
2078 793 2201 847 qua:

640 872 766 915 tunc
815 864 881 915 ab
925 865 1200 920 erroribus
1244 875 1297 920 et
1340 869 1776 923 exerrationibus
1836 867 2099 922 liberatur
2146 877 2202 924 et

638 955 928 1019 stabilitur,
953 956 1170 1024 quando
1201 973 1323 1010 eum
1359 957 1467 1011 Deo
1509 957 1672 1013 fuerit
1701 960 1971 1029 copulata.
2004 958 2198 1014 Omnia

635 1045 779 1101 enim
817 1047 935 1115 ejus
974 1047 1026 1099 in
1060 1045 1167 1100 Deo
1212 1058 1358 1113 sunt,
1412 1066 1511 1104 nec
1562 1051 1728 1104 ullum
1769 1052 2001 1121 amplius
2033 1067 2194 1121 opus,

635 1151 664 1188 a
700 1153 808 1204 quo
836 1148 1088 1205 urgeatur
1121 1140 1300 1202 habet,
1332 1124 1426 1195 aut
1454 1151 1604 1196 extra
1639 1141 1807 1197 Deum
1832 1144 1898 1197 ad
1924 1144 2068 1214 quod
2098 1160 2198 1197 ex-

634 1242 701 1280 (ευ
710 1236 821 1282 rrat
851 1238 905 1283 ει
932 1240 1153 1300 evagetu
1163 1247 1206 1285 I'.

1315 1324 1495 1378 Aliud.

701 1411 834 1467 Aliis
886 1414 1280 1488 sentientibus;
1324 1417 1427 1470 hoc
1459 1416 1604 1470 enim
1624 1416 1813 1472 sentiri
1849 1434 1953 1471 non
1987 1425 2189 1488 potest.

630 1503 730 1568 Qui
781 1505 924 1559 enim
981 1505 1148 1561 animi
1209 1509 1661 1577 tranquillitatem
1691 1496 1948 1566 omnibus
1977 1512 2192 1565 vitiosis

630 1595 913 1650 allectihus
962 1597 1166 1663 exutis,
1224 1608 1509 1652 assecutus
1536 1606 1639 1661 est,
1701 1601 1928 1667 gratiam
1978 1598 2070 1655 Dei
2100 1616 2192 1655 ac-

627 1689 789 1755 cepit,
828 1698 886 1742 ut
918 1705 1052 1770 quae.
1084 1688 1138 1743 in
1186 1689 1309 1743 aliis
1354 1698 1482 1743 sunt
1530 1688 1926 1748 animadvertat
1963 1699 2016 1745 et
2066 1705 2191 1744 sen-

630 1782 744 1835 tiat.

1222 1870 1467 1925 Scholion
1498 1870 1587 1925 65.

696 1958 779 2011 Ab
835 1960 1057 2013 avaritia
1119 1964 1262 2015 enim
1326 1963 1599 2026 inductas,
1652 1976 1719 2016 ne
1748 1963 1878 2033 quid
1906 1963 2186 2034 largiatur,

626 2050 844 2103 simulat
868 2051 1250 2116 humilitatem,
1283 2054 1415 2106 dum
1447 2053 1598 2124 lingit
1627 2069 1687 2108 se
1734 2053 1921 2123 fugere
1947 2056 2189 2111 studium

626 2142 941 2199 hominibus
974 2145 1246 2214 placendi.

1220 2237 1467 2293 Scholion
1496 2239 1587 2295 64.

692 2326 925 2382 Adverte
971 2328 1302 2398 diligentiam
1359 2343 1669 2388 accuratam
1719 2333 1891 2404 patris
1948 2333 2063 2398 ubi,
2112 2332 2189 2386 in-

620 2417 761 2485 quit,
787 2419 1121 2487 propositum
1160 2427 1214 2473 et
1248 2419 1577 2475 desiderium
1618 2431 1722 2487 est,
1772 2422 1846 2476 ibi
1871 2423 2033 2477 etiam
2062 2439 2188 2478 suc-

620 2512 889 2565 currentis
923 2511 989 2565 ad
1015 2525 1152 2579 opus
1184 2510 1277 2566 Dei
1317 2514 1584 2567 auxilium
1621 2531 1727 2568 non
1756 2516 1937 2570 deest.‘

1318 2606 1504 2661 Aliud.

692 2689 899 2746 Bonum
926 2695 1263 2764 propositum
1299 2706 1431 2751 tunc
1479 2706 1700 2766 apparet
1730 2698 1951 2767 quando
1978 2698 2183 2753 bonum

618 2798 650 2838 a
679 2786 822 2839 malo
848 2790 1183 2843 secernendo
1214 2789 1417 2842 bonum
1450 2789 1726 2859 eligimus.
1752 2789 1950 2843 Malum
1988 2804 2187 2860 propo—

619 2875 785 2928 situm
824 2876 1045 2943 quando
1091 2878 1324 2933 scientes
1381 2877 1627 2934 volentes
1671 2879 1924 2949 eligimus
1966 2887 2185 2934 contra-

619 2965 764 3021 rium
800 2966 969 3022 bono.

1329 3077 1512 3133 Aliud.

2306 612 2359 647 σι
2365 615 2440 666 μα
2449 591 2542 651 ἔων
2570 600 2729 654 ὅλων.

2972 692 3182 746 Ἀλλο.

2381 779 2441 833 'O
2467 780 2590 844 νοῦς
2613 782 2769 851 φύσει
2789 782 2864 836 ὢν
2888 783 3138 848 άστατος,
3165 785 3284 838 τότε
3328 786 3424 855 τῆς
3457 785 3667 858 πλάνης
3711 786 3841 839 ἵστα-

2300 888 2408 933 ται,
2431 874 2519 925 ὅτε
2543 874 2619 944 τῷ
2660 874 2776 946 Θεῷ
2814 879 3080 948 συναφθῇ.
3125 878 3206 930 Τὰ
3234 879 3341 948 γάρ
3372 880 3547 932 πάντα
3584 880 3731 942 ἐντὸς
3756 879 3836 931 τοῦ

2298 962 2455 1027 Θεοῦ,
2507 965 2599 1016 καὶ
2630 967 2728 1019 οὐκ
2774 967 2883 1037 ἔχει
2939 968 3125 1022 λοιπὸν
3172 968 3331 1039 ἔργον
3370 968 3837 1041 ὑπερκείμενον,ῆ

2297 1055 2454 1119 ἐκτὸς
2491 1056 2585 1109 τοῦ
2610 1058 2767 1124 θεοῦ,
2798 1062 2876 1124 εἰς
2898 1061 2925 1114 ὃ
2956 1062 3379 1133 πλανηθήσεται.

2970 1326 3176 1379 Ἀλλο.

2376 1414 2613 1484 Ἐτέρων
2642 1403 3046 1483 αισθανομένων
3064 1431 3080 1445 υ
3107 1415 3267 1468 τοῦτο
3297 1417 3406 1487 γάρ
3433 1416 3497 1469 τὸ
3523 1417 3838 1484 ἀνεπαισθή-

2293 1523 2400 1569 τως
2430 1520 2446 1535 ο
2476 1508 2566 1559 καὶ
2594 1500 2701 1578 γὰρ
2727 1509 2754 1558 ὀ
2786 1506 2999 1576 ἀπαθὴς
3025 1507 3184 1578 χάριν
3210 1506 3448 1578 εἰληφὼς
3473 1510 3542 1564 τὰ
3571 1512 3627 1564 ὲν
3645 1511 3837 1583 ἑτέροις

2294 1599 2623 1669 ὑπάρχοντα.
2637 1599 3041 1656 ἐπαισθάνεται.

2874 1869 2920 1920 Σ
2922 1867 3132 1935 χόλων
3164 1869 3263 1934 ξγ’.

2373 1956 2467 2010 Ἐκ
2491 1959 2597 2029 γὰρ
2628 1958 2991 2029 φιλαργυρίας
3016 1959 3091 2029 μὴ
3126 1960 3465 2029 μεταδιδόναι
3495 1960 3717 2026 πεῐθων,
3742 1963 3836 2031 τὴν

2289 2049 2609 2101 ταπείνωσιν
2629 2048 2976 2119 ὑποκρίνεται
2995 2066 3008 2079 ’
3040 2051 3140 2121 τὴν
3170 2050 3688 2122 ἁνθρωπαρέσκειαν
3714 2051 3834 2122 φεύ·

2289 2158 2406 2210 γειν
2448 2140 2857 2211 ὑποτιθέμενος.

2869 2233 3130 2302 Σχόλιον
3179 2233 3274 2298 ξδ’.

2358 2324 2530 2378 Βλέπε
2551 2323 2645 2378 τοῦ
2676 2324 2880 2396 πατρὸς
2904 2325 3501 2399 τὴνῖὰκρίδειανσὸπου,
3526 2328 3680 2399 φησι,
3709 2326 3832 2397 πρό-

2288 2416 2436 2491 θεσις
2465 2418 2559 2471 καὶ
2583 2418 2765 2483 πόθος,
2799 2419 2916 2471 ἐκεῖ
2939 2418 3193 2490 συῦεργία
3219 2418 3376 2474 Θεοῦ.

2958 2599 3168 2654 Ἄλλο.

2367 2694 2430 2746 Ἦ
2457 2693 2633 2763 ἀγαθὴ
2663 2678 2975 2763 προαίρεσις
3004 2695 3123 2747 τότε
3155 2692 3424 2762 φαίνεται,
3465 2692 3591 2746 ὅταν
3635 2689 3834 2763 διακρὶ-

2286 2803 2475 2848 ναντες
2502 2785 2609 2839 ἀπὸ
2643 2783 2739 2837 τοῦ
2768 2784 2938 2837 κακοῦ
2980 2784 3042 2837 τὸ
3066 2784 3251 2851 καλὸν,
3289 2783 3572 2855 αἱρώμεθα
3619 2782 3679 2836 τδ
3706 2783 3833 2849 ἀγα-

2287 2878 2399 2963 OQ.
2434 2879 2499 2929 'll
2520 2877 2577 2930 δὲ
2615 2877 2778 2948 κακὴ,
2808 2879 2933 2931 ὅταν
2963 2879 3022 2931 ἐν
3057 2877 3254 2946 γνώσει
3274 2876 3581 2963 αἱρώμεθα,
3610 2875 3646 2945 ἢ
3664 2874 3834 2930 ἀνθαι-

2289 2970 2531 3043 ρώμεθα.

2958 3081 3172 3134 Ἄλλο.

686 3165 770 3222 Tu
810 3166 920 3223 Deo
970 3169 1171 3225 bonum
1233 3171 1368 3227 olier
1402 3170 1765 3242 propositum,
1798 3182 1853 3226 et
1883 3172 2183 3243 experieris

2358 3170 2458 3235 Δὸς
2482 3171 2758 3245 πρόθεσιν,
2785 3171 2881 3225 καὶ
2907 3170 3209 3243 λαμϐάνεις
3232 3167 3487 3241 δύναμιν·

618 3259 714 3314 Dci
746 3260 1030 3318 auxilium.

1236 3371 1419 3427 lsaaci
1446 3372 1536 3427 65.

688 3458 952 3529 Quisquis
992 3472 1117 3517 ante
1179 3473 1389 3534 tempus
1445 3465 1676 3536 Suscipit
1729 3465 1938 3537 aliquid
1990 3468 2043 3522 in
2102 3485 2184 3535 se,

616 3550 763 3617 quod
793 3560 875 3604 est
901 3566 1064 3619 supra
1096 3553 1239 3608 vires
1273 3565 1328 3609 et
1352 3556 1611 3612 humeros
1635 3557 1774 3625 ejus,
1817 3558 1920 3612 sibi
1952 3559 2053 3628 ipsi
2084 3560 2187 3614 du-

616 3641 737 3710 plex
781 3640 936 3696 all‘ert
989 3644 1394 3712 detrimentum,
1449 3657 1505 3702 et
1534 3663 1642 3702 non
1671 3651 2042 3705 commodum.
2078 3651 2187 3705 lm-

614 3734 775 3806 periti
849 3735 992 3789 enim
1032 3749 1360 3795 mercatores
1408 3741 1462 3794 in
1506 3743 1760 3797 maximis
1800 3744 1965 3799 rebus
1995 3762 2186 3817 magna

615 3826 719 3880 sibi
754 3827 1075 3883 detrimenta
1126 3834 1366 3901 pariunt.
1424 3835 1479 3889 In
1534 3835 1831 3892 levioribus
1880 3848 2061 3895 autem
2093 3856 2187 3895 ne-

614 3920 775 3989 gotiis
799 3920 1025 3975 ulterius
1052 3924 1230 3977 statim
1278 3927 1587 3997 protieiunt.
1637 3929 1979 4000 Quapropter
2008 3933 2175 3987 rebus

613 4011 870 4066 oumibus
898 4020 982 4067 est
1015 4013 1148 4067 ordo
1166 4024 1219 4069 et
1247 4019 1398 4071 omni
1419 4019 1753 4075 institutioni
1778 4036 1938 4077 suum
1968 4029 2186 4093 tempus

615 4102 918 4170 legitimum
948 4103 1302 4160 destinatum.

1222 4214 1474 4271 Scholion
1518 4216 1607 4290 66.

685 4302 855 4357 Nemo
894 4304 1043 4360 vitiis
1092 4306 1308 4364 deditus
1335 4309 1402 4364 de
1436 4326 1537 4365 sua
1568 4311 1745 4367 salute
1776 4312 2043 4383 desperet,
2075 4328 2187 4368 non

617 4398 846 4467 ignarus
876 4399 1021 4468 quod
1042 4400 1374 4470 agricultura
1401 4404 1708 4471 plantarum
1746 4405 2037 4476 qualitates
2065 4423 2187 4463 mu-

616 4498 710 4544 tet.
768 4489 1052 4560 Diligentia
1109 4509 1239 4548 vero
1272 4503 1326 4548 et
1369 4511 1503 4564 cura
1526 4499 1722 4553 animae
1751 4500 1896 4554 circa
1931 4502 2181 4555 virtutem

2738 3368 2999 3439 Σχόλιον
3061 3366 3269 3423 Ἰσαὰκ
3300 3366 3393 3432 Es’.

2356 3459 2472 3523 Πᾶς
2494 3458 2523 3511 ὁ
2549 3458 2656 3530 πρὸ
2678 3458 2871 3529 καιροῦ
2898 3458 3207 3531 ἀρχόμενος
3244 3453 3357 3511 τῶν
3398 3457 3540 3527 ὑπὲρ
3563 3455 3625 3510 τὸ
3649 3456 3837 3527 μέτρον
3900 3495 3914 3512 .
3974 3504 3975 3517 ξ

2286 3551 2472 3614 αὐτοῦ,
2497 3549 2698 3620 βλάϐην
2730 3548 2907 3618 ἑαυτῷ
2951 3548 3313 3613 διπλασιάζει,
3340 3547 3436 3601 καὶ
3479 3547 3580 3601 οὐκ
3624 3545 3833 3600 ἔνδοσιν.

2287 3641 2350 3694 Οἱ
2378 3640 2486 3709 γὰρ
2518 3641 2732 3711 ἄπειροι
2764 3640 2993 3710 ἔμποροι
3024 3640 3211 3703 ἐντοῖς
3233 3639 3508 3709 μεγίστοις
3544 3638 3836 3709 πράγμασι,

2290 3732 2531 3803 μεγάλας
2582 3734 2795 3797 ἑαυτοῖς
2824 3733 3142 3804 προξενοῦσι
3174 3732 3406 3805 ζημίας·
3437 3733 3495 3787 ἐν
3522 3733 3580 3786 δὲ
3604 3734 3715 3796 τοῖς
3757 3732 3837 3784 εὖ·

2284 3826 2618 3897 τελεστέροις
2644 3828 2985 3899 πράγμασιν,
3016 3829 3095 3891 εἰς
3123 3828 3181 3881 τὸ
3200 3827 3507 3900 ἔμπροσθεν
3530 3828 3733 3900 ταχέως
3754 3826 3836 3878 ἐκ·

2284 3918 2549 3971 τείνονται
2567 3934 2583 3950 ·
2618 3917 2750 3971 διότι
2767 3917 2929 3972 παντὶ
2953 3917 3098 3989 ἔργῳ
3126 3919 3241 3972 ἐστὶ
3259 3922 3355 3973 καὶ
3379 3918 3553 3987 τάξις,
3586 3919 3676 3972 καὶ
3701 3916 3838 3988 πάσῃ

2285 4009 2527 4079 διαγωγῇ
2564 4010 2751 4080 καιρὸς
2796 4010 3040 4082 ἔννομος.

2792 4212 2795 4218 ’
2856 4209 3120 4273 Σχόλιον
3185 4209 3291 4273 Eg".

2792 4212 2795 4218 ’
2856 4212 2903 4262 Σ
2945 4209 3120 4262 ὀλιον
3218 4216 3291 4273 τ’.

2359 4298 2565 4368 Μηδεὶς
2605 4299 2662 4351 ἐν
2702 4296 2870 4369 κακίᾳ
2899 4227 3123 4366 adveni,
3170 4208 3364 4353 ἐξαυτοῦ
3411 4300 3838 4370 άπογινωσκέτω,

2286 4394 2441 4459 εἰδὼς
2494 4395 2575 4447 ὅτι
2613 4391 2868 4462 γεωργία
2908 4390 3008 4461 μὲν
3055 4392 3167 4454 τοῖς
3205 4392 3392 4461 φυτοῖς
3422 4391 3524 4455 τὰς
3563 4389 3841 4460 ποιότητας

2293 4487 2634 4557 μεταϐάλλει.
2679 4483 2742 4536 Ἦ
2774 4483 2830 4535 δὲ
2854 4483 2977 4537 κατ’
2996 4482 3200 4555 ἀρετὴν
3222 4484 3322 4552 τῆς
3359 4481 3540 4552 ψυχῆς
3571 4480 3840 4550 ἐπιμέλεια

614 4590 791 4649 potest
853 4583 1261 4654 qualescunque
1316 4585 1487 4649 animi
1549 4588 1776 4646 morbos
1842 4591 2061 4646 vincere
2127 4599 2183 4647 et

2293 4581 2485 4650 δυνατή
2545 4580 2659 4631 ἐστι
2719 4576 3074 4631 παντοδαπῶν
3125 4573 3575 4648 ἀρρωστημάτων
3628 4574 3842 4644 ἐπικρα-

615 4673 928 4727 emendare.

1231 4784 1392 4856 335
1440 4786 1623 4842 Aliud.

685 4873 976 4929 Peccatum
1030 4876 1097 4929 ad
1126 4887 1356 4932 mortem
1382 4887 1469 4933 est
1492 4879 1730 4934 hominis
1762 4880 2177 4953 impteniteutis,

614 4981 714 5035 pro
752 4980 863 5035 quo
912 4966 959 5020 si
996 4969 1349 5034 quantumvis
1404 4979 1627 5027 sanctus
1674 4982 1815 5038 oret,
1872 4990 1983 5030 non
2013 4989 2187 5032 exau-

615 5054 785 5113 ditur.

1096 5169 1259 5224 Aliud
1299 5170 1489 5227 Basilii
1542 5172 1750 5243 Magni.

689 5260 746 5314 Si
792 5262 1084 5317 multitudo
1143 5273 1198 5319 et
1252 5267 1570 5335 magnitudo
1632 5268 2043 5326 miserationum
2093 5271 2230 5327 Dei‘

615 5370 741 5409 cum
767 5353 1113 5429 multitudine
1141 5365 1195 5411 et
1232 5359 1604 5429 magnitudine
1637 5372 1984 5431 peccatorum
2021 5380 2178 5421 eom-

620 5452 810 5512 parata
860 5445 1134 5498 numerari
1186 5455 1240 5502 et
1258 5446 1602 5509 dimensione
1633 5452 1915 5506 exhauriri
1948 5462 2003 5508 et
2038 5452 2184 5508 [iniri

623 5543 963 5601 potestncst
1014 5536 1157 5605 quod
1204 5538 1479 5606 desperes.
1528 5538 1582 5593 Si
1631 5550 1808 5596 autem
1850 5554 2089 5612 peccata,
2129 5551 2190 5598 ut

625 5642 720 5694 par
777 5636 880 5688 est,
935 5638 989 5682 et
1022 5628 1244 5682 modum
1290 5630 1513 5694 habent,
1547 5639 1603 5685 et
1633 5634 1909 5688 numerari
1938 5641 2188 5704 possunt,

629 5715 720 5768 Dei
753 5726 930 5772 autem
981 5718 1352 5775 misericordia
1392 5731 1448 5775 et
1495 5722 1876 5779 ntiseratiOnes
1905 5725 2183 5780 numerari

629 5823 735 5864 non
776 5819 1021 5880 possunt,
1066 5814 1159 5870 sed
1192 5813 1352 5873 modo
1395 5826 1598 5882 carent,
1643 5816 2008 5886 dcsperationi
2035 5819 2184 5875 locus

2288 4674 2470 4745 τῆσαι.

2985 4783 3188 4836 Ἄλλο.

2363 4879 2550 4932 Ἔστιν
2578 4861 2821 4947 ἁμαρτία
2880 4873 3017 4946 πρὸς
3077 4872 3306 4925 θάνατον
3357 4871 3393 4941 ἡ
3462 4866 3839 4941 ἀμετανόητος.

2290 4971 2421 5040 περὶ
2451 4965 2519 5043 ἧς
2559 4971 2662 5023 κᾶν
2716 4966 2873 5036 ἆγιος
2923 4965 3065 5035 ὑπὲρ
3097 4961 3288 5032 ἐτέρου
3333 4954 3842 5033 προσεύχηται,οὑκ

2290 5062 2650 5116 εἰσακούεται.

2563 5173 2753 5226 ’Ἄλλο
2777 5170 2884 5225 τοῦ
2937 5166 3202 5238 μεγάλου
3238 5162 3581 5219 Βασιλείου.
3601 5225 3620 5245 κ

2361 5262 2424 5315 El
2465 5259 2670 5329 πλῆθος
2697 5259 2806 5312 τῶν
2839 5255 2937 5309 τοῦ
2996 5254 3131 5308 Θεοῦ
3187 5252 3488 5323 οἰκτιρμῶν
3530 5251 3839 5325 ἀριθμῆσαι,

2294 5355 2389 5408 καὶ
2426 5353 2654 5425 μέγεθος
2691 5350 2827 5405 Θεοῦ
2877 5346 3147 5419 μετρῆσαι
3183 5345 3409 5401 δυνατὸν
3452 5344 3513 5397 ὲν
3571 5344 3841 5416 συγκρίσει

2293 5444 2531 5514 πλήθους
2568 5437 2982 5511 ἁμαρτημάτων
3026 5436 3122 5490 καὶ
3152 5434 3437 5505 μεγέθους,
3468 5433 3504 5503 ἠ
3551 5432 3841 5501 ἀπόγνωσις

2294 5536 2549 5607 γινέσθω.
2584 5534 2645 5586 Εἰ
2677 5533 2735 5587 δὲ
2791 5529 2968 5583 ταῦτα
3001 5529 3123 5600 μὲν,
3158 5527 3236 5589 ὡς
3285 5524 3455 5591 εἰκὸς,
3516 5524 3613 5578 καὶ

2297 5625 2694 5682 ὑποϐάλλεσθαι
2725 5623 2821 5675 καὶ
2859 5620 3140 5693 ἁριθμητὰ
3181 5616 3323 5671 εἶναι
3354 5616 3664 5688 συμϐαίνει,
3722 5613 3837 5663 Θεοῦ

2288 5719 2347 5773 δὲ
2394 5717 2539 5779 ἔλεος
2572 5715 2666 5768 καὶ
2713 5713 3032 5783 οἰκτιρμοὺς
3074 5708 3377 5782 ἀριθμῆσαι
3428 5707 3710 5768 ἀδύνατον,
3754 5699 3839 5753 οὐκ

2290 5810 2652 5882 ἀπογνώσεως
2679 5807 2888 5879 καιρός,
2939 5803 3053 5859 ἀλλ’
3096 5800 3444 5873 ἐπιγνώσεως
3498 5798 3704 5865 ἐλέους,
3754 5788 3835 5850 καὶ
